  <div class='ocr_page' id='page_1' title='image "/cluster/home/n/w/nwhite01/storage/ocr_20150623/30/hvd.32044096580527/202.png"; bbox 0 0 3956 6196; ppageno 0'>
   <div class='ocr_carea' id='block_1_1' title="bbox 330 284 440 343">
    <p class='ocr_par' dir='ltr' id='par_1_1' title="bbox 330 284 440 343">
     <span class='ocr_line' id='line_1_1' title="bbox 330 284 440 343; baseline 0 0"><span class='ocrx_word' id='word_1_1' title='bbox 330 284 440 343; x_wconf 68' lang='grc'><strong>3⁷3</strong></span> 
     </span>
    </p>
   </div>
   <div class='ocr_carea' id='block_1_2' title="bbox 1558 255 2461 340">
    <p class='ocr_par' dir='ltr' id='par_1_2' title="bbox 1558 255 2461 340">
     <span class='ocr_line' id='line_1_2' title="bbox 1558 255 2461 340; baseline 0 -2"><span class='ocrx_word' id='word_1_2' title='bbox 1558 255 1871 340; x_wconf 69' lang='lat' dir='ltr'><strong>REGULA</strong></span> <span class='ocrx_word' id='word_1_3' title='bbox 1918 273 2461 340; x_wconf 70' lang='lat' dir='ltr'><strong>MONACIIORUM</strong></span> 
     </span>
    </p>
   </div>
   <div class='ocr_carea' id='block_1_3' title="bbox 3496 275 3603 332">
    <p class='ocr_par' dir='ltr' id='par_1_3' title="bbox 3496 275 3603 332">
     <span class='ocr_line' id='line_1_3' title="bbox 3496 275 3603 332; baseline 0 -1"><span class='ocrx_word' id='word_1_4' title='bbox 3496 275 3603 332; x_wconf 67' lang='lat'><strong>39$</strong></span> 
     </span>
    </p>
   </div>
   <div class='ocr_carea' id='block_1_4' title="bbox 329 379 3608 457">
    <p class='ocr_par' dir='ltr' id='par_1_4' title="bbox 329 379 3608 457">
     <span class='ocr_line' id='line_1_4' title="bbox 329 379 3608 457; baseline -0.003 -7"><span class='ocrx_word' id='word_1_5' title='bbox 329 411 567 450; x_wconf 68' lang='lat' dir='ltr'><strong>IIl-Iluus.</strong></span> <span class='ocrx_word' id='word_1_6' title='bbox 595 389 753 446; x_wconf 84' lang='lat' dir='ltr'><strong>Cred-</strong></span> <span class='ocrx_word' id='word_1_7' title='bbox 781 406 836 444; x_wconf 90' lang='lat' dir='ltr'><strong>re</strong></span> <span class='ocrx_word' id='word_1_8' title='bbox 886 391 1032 443; x_wconf 80' lang='lat' dir='ltr'><strong>enim</strong></span> <span class='ocrx_word' id='word_1_9' title='bbox 1072 401 1125 444; x_wconf 88' lang='lat' dir='ltr'><strong>et</strong></span> <span class='ocrx_word' id='word_1_10' title='bbox 1156 403 1378 457; x_wconf 84' lang='lat' dir='ltr'><strong>sperare</strong></span> <span class='ocrx_word' id='word_1_11' title='bbox 1414 403 1635 442; x_wconf 85' lang='lat' dir='ltr'><strong>necesse</strong></span> <span class='ocrx_word' id='word_1_12' title='bbox 1664 396 1748 442; x_wconf 92' lang='lat' dir='ltr'><strong>est</strong></span> <span class='ocrx_word' id='word_1_13' title='bbox 1806 404 1924 455; x_wconf 75' lang='lat' dir='ltr'><strong>qua:</strong></span> <span class='ocrx_word' id='word_1_14' title='bbox 1957 399 1996 450; x_wconf 76' lang='grc' dir='ltr'>Α</span> <span class='ocrx_word' id='word_1_15' title='bbox 2031 389 2370 443; x_wconf 76' lang='lat' dir='ltr'><strong>:ieinuIatitme</strong></span> <span class='ocrx_word' id='word_1_16' title='bbox 2403 389 2671 456; x_wconf 82' lang='lat' dir='ltr'><strong>charitas;</strong></span> <span class='ocrx_word' id='word_1_17' title='bbox 2706 386 3354 443; x_wconf 84' lang='lat' dir='ltr'><strong>consummatioomnium</strong></span> <span class='ocrx_word' id='word_1_18' title='bbox 3383 379 3608 440; x_wconf 59' lang='lat' dir='ltr'><strong>manda.</strong></span> 
     </span>
    </p>
   </div>
   <div class='ocr_carea' id='block_1_5' title="bbox 329 480 1919 551">
    <p class='ocr_par' dir='ltr' id='par_1_5' title="bbox 329 480 1919 551">
     <span class='ocr_line' id='line_1_5' title="bbox 329 480 1919 551; baseline -0.004 -12"><span class='ocrx_word' id='word_1_19' title='bbox 329 486 477 539; x_wconf 89' lang='lat' dir='ltr'><strong>Deus</strong></span> <span class='ocrx_word' id='word_1_20' title='bbox 508 481 706 551; x_wconf 78' lang='lat' dir='ltr'><strong>jussit:</strong></span> <span class='ocrx_word' id='word_1_21' title='bbox 741 496 865 535; x_wconf 88' lang='lat' dir='ltr'><strong>cum</strong></span> <span class='ocrx_word' id='word_1_22' title='bbox 888 496 1009 550; x_wconf 69' lang='lat' dir='ltr'><strong>qua:</strong></span> <span class='ocrx_word' id='word_1_23' title='bbox 1033 482 1276 536; x_wconf 87' lang='lat' dir='ltr'><strong>diabolus</strong></span> <span class='ocrx_word' id='word_1_24' title='bbox 1328 480 1653 542; x_wconf 86' lang='lat' dir='ltr'><strong>inseruerat,</strong></span> <span class='ocrx_word' id='word_1_25' title='bbox 1683 482 1919 548; x_wconf 71' lang='lat' dir='ltr'><strong>almvga-</strong></span> 
     </span>
    </p>
   </div>
   <div class='ocr_carea' id='block_1_6' title="bbox 329 571 1919 644">
    <p class='ocr_par' dir='ltr' id='par_1_6' title="bbox 329 571 1919 644">
     <span class='ocr_line' id='line_1_6' title="bbox 329 571 1919 644; baseline -0.005 -13"><span class='ocrx_word' id='word_1_26' title='bbox 329 591 476 631; x_wconf 83' lang='lat' dir='ltr'><strong>Inus.</strong></span> <span class='ocrx_word' id='word_1_27' title='bbox 511 574 698 628; x_wconf 81' lang='lat' dir='ltr'><strong>Fidem</strong></span> <span class='ocrx_word' id='word_1_28' title='bbox 751 589 875 644; x_wconf 87' lang='lat' dir='ltr'><strong>spes</strong></span> <span class='ocrx_word' id='word_1_29' title='bbox 912 575 1208 642; x_wconf 86' lang='lat' dir='ltr'><strong>sequitur;</strong></span> <span class='ocrx_word' id='word_1_30' title='bbox 1237 574 1419 641; x_wconf 89' lang='lat' dir='ltr'><strong>itaque</strong></span> <span class='ocrx_word' id='word_1_31' title='bbox 1461 574 1525 626; x_wconf 91' lang='lat' dir='ltr'><strong>de</strong></span> <span class='ocrx_word' id='word_1_32' title='bbox 1557 572 1672 641; x_wconf 89' lang='lat' dir='ltr'><strong>ipsa</strong></span> <span class='ocrx_word' id='word_1_33' title='bbox 1727 571 1919 640; x_wconf 49' lang='lat' dir='ltr'><strong>loqua.</strong></span> 
     </span>
    </p>
   </div>
   <div class='ocr_carea' id='block_1_7' title="bbox 330 664 1916 738">
    <p class='ocr_par' dir='ltr' id='par_1_7' title="bbox 330 664 1916 738">
     <span class='ocr_line' id='line_1_7' title="bbox 330 664 1916 738; baseline -0.003 -17"><span class='ocrx_word' id='word_1_34' title='bbox 330 686 474 722; x_wconf 81' lang='lat' dir='ltr'><strong>iniir.</strong></span> <span class='ocrx_word' id='word_1_35' title='bbox 515 667 608 721; x_wconf 78' lang='lat' dir='ltr'><strong>Est</strong></span> <span class='ocrx_word' id='word_1_36' title='bbox 650 667 812 738; x_wconf 80' lang='lat' dir='ltr'><strong>igitur</strong></span> <span class='ocrx_word' id='word_1_37' title='bbox 863 681 988 736; x_wconf 84' lang='lat' dir='ltr'><strong>spes</strong></span> <span class='ocrx_word' id='word_1_38' title='bbox 1027 667 1361 736; x_wconf 69' lang='lat' dir='ltr'><strong>exspectatio</strong></span> <span class='ocrx_word' id='word_1_39' title='bbox 1419 680 1598 719; x_wconf 90' lang='lat' dir='ltr'><strong>rerum</strong></span> <span class='ocrx_word' id='word_1_40' title='bbox 1675 664 1916 718; x_wconf 89' lang='lat' dir='ltr'><strong>omnium</strong></span> 
     </span>
    </p>
   </div>
   <div class='ocr_carea' id='block_1_8' title="bbox 329 757 1921 828">
    <p class='ocr_par' dir='ltr' id='par_1_8' title="bbox 329 757 1921 828">
     <span class='ocr_line' id='line_1_8' title="bbox 329 757 1921 828; baseline -0.004 -15"><span class='ocrx_word' id='word_1_41' title='bbox 329 759 659 824; x_wconf 80' lang='lat' dir='ltr'><strong>futurarum,</strong></span> <span class='ocrx_word' id='word_1_42' title='bbox 695 773 856 828; x_wconf 88' lang='lat' dir='ltr'><strong>quant</strong></span> <span class='ocrx_word' id='word_1_43' title='bbox 885 758 938 812; x_wconf 90' lang='lat' dir='ltr'><strong>iu</strong></span> <span class='ocrx_word' id='word_1_44' title='bbox 974 759 1077 813; x_wconf 88' lang='lat' dir='ltr'><strong>lide</strong></span> <span class='ocrx_word' id='word_1_45' title='bbox 1129 757 1410 823; x_wconf 76' lang='lat' dir='ltr'><strong>habemus,</strong></span> <span class='ocrx_word' id='word_1_46' title='bbox 1459 772 1562 826; x_wconf 86' lang='lat' dir='ltr'><strong>qua</strong></span> <span class='ocrx_word' id='word_1_47' title='bbox 1619 759 1921 816; x_wconf 83' lang='lat' dir='ltr'><strong>salvamur,</strong></span> 
     </span>
    </p>
   </div>
   <div class='ocr_carea' id='block_1_9' title="bbox 330 846 1922 920">
    <p class='ocr_par' dir='ltr' id='par_1_9' title="bbox 330 846 1922 920">
     <span class='ocr_line' id='line_1_9' title="bbox 330 846 1922 920; baseline -0.005 -14"><span class='ocrx_word' id='word_1_48' title='bbox 330 852 504 909; x_wconf 85' lang='lat' dir='ltr'><strong>Paulo</strong></span> <span class='ocrx_word' id='word_1_49' title='bbox 566 853 840 908; x_wconf 73' lang='lat' dir='ltr'><strong>scribente</strong></span> <span class='ocrx_word' id='word_1_50' title='bbox 912 851 1206 920; x_wconf 88' lang='lat' dir='ltr'><strong>apostolo:</strong></span> <span class='ocrx_word' id='word_1_51' title='bbox 1242 849 1342 918; x_wconf 85' lang='lat' dir='ltr'><strong>Spe</strong></span> <span class='ocrx_word' id='word_1_52' title='bbox 1415 849 1556 903; x_wconf 88' lang='lat' dir='ltr'><strong>enim</strong></span> <span class='ocrx_word' id='word_1_53' title='bbox 1609 846 1744 902; x_wconf 82' lang='lat' dir='ltr'><strong>salvi</strong></span> <span class='ocrx_word' id='word_1_54' title='bbox 1785 847 1922 914; x_wconf 81' lang='lat' dir='ltr'><strong>[acti</strong></span> 
     </span>
    </p>
   </div>
   <div class='ocr_carea' id='block_1_10' title="bbox 325 939 1918 1012">
    <p class='ocr_par' dir='ltr' id='par_1_10' title="bbox 325 939 1918 1012">
     <span class='ocr_line' id='line_1_10' title="bbox 325 939 1918 1012; baseline -0.004 -13"><span class='ocrx_word' id='word_1_55' title='bbox 325 962 533 999; x_wconf 75' lang='lat' dir='ltr'><strong>sanius.</strong></span> <span class='ocrx_word' id='word_1_56' title='bbox 570 943 697 1009; x_wconf 82' lang='lat' dir='ltr'><strong>Spes</strong></span> <span class='ocrx_word' id='word_1_57' title='bbox 727 955 900 998; x_wconf 83' lang='lat' dir='ltr'><strong>autem</strong></span> <span class='ocrx_word' id='word_1_58' title='bbox 927 959 1044 1012; x_wconf 76' lang='lat' dir='ltr'><strong>quw</strong></span> <span class='ocrx_word' id='word_1_59' title='bbox 1065 943 1296 1006; x_wconf 83' lang='lat' dir='ltr'><strong>videtur,</strong></span> <span class='ocrx_word' id='word_1_60' title='bbox 1329 959 1432 995; x_wconf 85' lang='lat' dir='ltr'><strong>non</strong></span> <span class='ocrx_word' id='word_1_61' title='bbox 1472 950 1550 995; x_wconf 81' lang='lat' dir='ltr'><strong>est</strong></span> <span class='ocrx_word' id='word_1_62' title='bbox 1597 957 1712 1006; x_wconf 83' lang='lat' dir='ltr'><strong>spes</strong></span> <span class='ocrx_word' id='word_1_63' title='bbox 1740 939 1918 1009; x_wconf 84' lang='lat' dir='ltr'><strong>(Rom.</strong></span> 
     </span>
    </p>
   </div>
   <div class='ocr_carea' id='block_1_11' title="bbox 329 1030 1917 1108">
    <p class='ocr_par' dir='ltr' id='par_1_11' title="bbox 329 1030 1917 1108">
     <span class='ocr_line' id='line_1_11' title="bbox 329 1030 1917 1108; baseline -0.004 -18"><span class='ocrx_word' id='word_1_64' title='bbox 329 1055 446 1101; x_wconf 80' lang='lat' dir='ltr'><strong>vus,</strong></span> <span class='ocrx_word' id='word_1_65' title='bbox 476 1039 594 1108; x_wconf 64' lang='lat' dir='ltr'><strong>2s).</strong></span> <span class='ocrx_word' id='word_1_66' title='bbox 629 1038 781 1104; x_wconf 86' lang='lat' dir='ltr'><strong>Quod</strong></span> <span class='ocrx_word' id='word_1_67' title='bbox 831 1047 1019 1090; x_wconf 87' lang='lat' dir='ltr'><strong>autem</strong></span> <span class='ocrx_word' id='word_1_68' title='bbox 1061 1037 1207 1090; x_wconf 91' lang='lat' dir='ltr'><strong>videt</strong></span> <span class='ocrx_word' id='word_1_69' title='bbox 1241 1038 1386 1104; x_wconf 87' lang='lat' dir='ltr'><strong>quis,</strong></span> <span class='ocrx_word' id='word_1_70' title='bbox 1423 1035 1552 1103; x_wconf 89' lang='lat' dir='ltr'><strong>quid</strong></span> <span class='ocrx_word' id='word_1_71' title='bbox 1593 1042 1774 1102; x_wconf 82' lang='lat' dir='ltr'><strong>sperat</strong></span> <span class='ocrx_word' id='word_1_72' title='bbox 1808 1030 1830 1084; x_wconf 88' lang='lat'>?</span> <span class='ocrx_word' id='word_1_73' title='bbox 1861 1031 1917 1084; x_wconf 90' lang='lat' dir='ltr'><strong>Si</strong></span> 
     </span>
    </p>
   </div>
   <div class='ocr_carea' id='block_1_12' title="bbox 325 1126 1914 1198">
    <p class='ocr_par' dir='ltr' id='par_1_12' title="bbox 325 1126 1914 1198">
     <span class='ocr_line' id='line_1_12' title="bbox 325 1126 1914 1198; baseline -0.006 -13"><span class='ocrx_word' id='word_1_74' title='bbox 325 1145 508 1185; x_wconf 61' lang='lat' dir='ltr'><strong>autem</strong></span> <span class='ocrx_word' id='word_1_75' title='bbox 539 1131 686 1198; x_wconf 89' lang='lat' dir='ltr'><strong>quod</strong></span> <span class='ocrx_word' id='word_1_76' title='bbox 725 1147 830 1184; x_wconf 92' lang='lat' dir='ltr'><strong>non</strong></span> <span class='ocrx_word' id='word_1_77' title='bbox 859 1130 1124 1192; x_wconf 82' lang='lat' dir='ltr'><strong>videmus,</strong></span> <span class='ocrx_word' id='word_1_78' title='bbox 1149 1144 1453 1198; x_wconf 84' lang='lat' dir='ltr'><strong>speramus,</strong></span> <span class='ocrx_word' id='word_1_79' title='bbox 1482 1142 1575 1196; x_wconf 91' lang='lat' dir='ltr'><strong>per</strong></span> <span class='ocrx_word' id='word_1_80' title='bbox 1599 1126 1914 1197; x_wconf 81' lang='lat' dir='ltr'><strong>patientiam</strong></span> 
     </span>
    </p>
   </div>
   <div class='ocr_carea' id='block_1_13' title="bbox 324 1237 734 1289">
    <p class='ocr_par' dir='ltr' id='par_1_13' title="bbox 324 1237 734 1289">
     <span class='ocr_line' id='line_1_13' title="bbox 324 1237 734 1289; baseline -0.005 -12"><span class='ocrx_word' id='word_1_81' title='bbox 324 1237 734 1289; x_wconf 74' lang='lat' dir='ltr'><strong>esspemamus.</strong></span> 
     </span>
    </p>
   </div>
   <div class='ocr_carea' id='block_1_14' title="bbox 399 1306 1899 1377">
    <p class='ocr_par' dir='ltr' id='par_1_14' title="bbox 399 1306 1899 1377">
     <span class='ocr_line' id='line_1_14' title="bbox 399 1306 1899 1377; baseline -0.005 -11"><span class='ocrx_word' id='word_1_82' title='bbox 399 1313 524 1368; x_wconf 68' lang='lat' dir='ltr'><strong>Haec</strong></span> <span class='ocrx_word' id='word_1_83' title='bbox 556 1315 610 1366; x_wconf 87' lang='lat' dir='ltr'><strong>in</strong></span> <span class='ocrx_word' id='word_1_84' title='bbox 642 1328 700 1367; x_wconf 86' lang='lat' dir='ltr'><strong>se</strong></span> <span class='ocrx_word' id='word_1_85' title='bbox 742 1313 904 1367; x_wconf 86' lang='lat' dir='ltr'><strong>habet</strong></span> <span class='ocrx_word' id='word_1_86' title='bbox 935 1314 1206 1376; x_wconf 84' lang='lat' dir='ltr'><strong>timorem,</strong></span> <span class='ocrx_word' id='word_1_87' title='bbox 1244 1325 1348 1363; x_wconf 91' lang='lat' dir='ltr'><strong>non</strong></span> <span class='ocrx_word' id='word_1_88' title='bbox 1392 1306 1541 1363; x_wconf 90' lang='lat' dir='ltr'><strong>illum</strong></span> <span class='ocrx_word' id='word_1_89' title='bbox 1565 1307 1726 1377; x_wconf 79' lang='lat' dir='ltr'><strong>cujus</strong></span> <span class='ocrx_word' id='word_1_90' title='bbox 1760 1307 1899 1359; x_wconf 77' lang='lat' dir='ltr'><strong>obli-</strong></span> 
     </span>
    </p>
   </div>
   <div class='ocr_carea' id='block_1_15' title="bbox 325 1400 1908 1474">
    <p class='ocr_par' dir='ltr' id='par_1_15' title="bbox 325 1400 1908 1474">
     <span class='ocr_line' id='line_1_15' title="bbox 325 1400 1908 1474; baseline -0.003 -16"><span class='ocrx_word' id='word_1_91' title='bbox 325 1408 485 1472; x_wconf 89' lang='lat' dir='ltr'><strong>visci,</strong></span> <span class='ocrx_word' id='word_1_92' title='bbox 527 1417 582 1462; x_wconf 89' lang='lat' dir='ltr'><strong>et</strong></span> <span class='ocrx_word' id='word_1_93' title='bbox 610 1421 770 1474; x_wconf 86' lang='lat' dir='ltr'><strong>quem</strong></span> <span class='ocrx_word' id='word_1_94' title='bbox 807 1404 955 1458; x_wconf 76' lang='lat' dir='ltr'><strong>foras</strong></span> <span class='ocrx_word' id='word_1_95' title='bbox 981 1404 1142 1458; x_wconf 86' lang='lat' dir='ltr'><strong>debet</strong></span> <span class='ocrx_word' id='word_1_96' title='bbox 1177 1404 1397 1456; x_wconf 88' lang='lat' dir='ltr'><strong>mittere</strong></span> <span class='ocrx_word' id='word_1_97' title='bbox 1431 1402 1681 1470; x_wconf 80' lang='lat' dir='ltr'><strong>quisquis</strong></span> <span class='ocrx_word' id='word_1_98' title='bbox 1717 1401 1769 1453; x_wconf 93' lang='lat' dir='ltr'><strong>in</strong></span> <span class='ocrx_word' id='word_1_99' title='bbox 1805 1400 1908 1453; x_wconf 84' lang='lat' dir='ltr'><strong>lide</strong></span> 
     </span>
    </p>
   </div>
   <div class='ocr_carea' id='block_1_16' title="bbox 325 1493 1914 1567">
    <p class='ocr_par' dir='ltr' id='par_1_16' title="bbox 325 1493 1914 1567">
     <span class='ocr_line' id='line_1_16' title="bbox 325 1493 1914 1567; baseline -0.003 -17"><span class='ocrx_word' id='word_1_100' title='bbox 325 1502 461 1553; x_wconf 89' lang='lat' dir='ltr'><strong>vivit</strong></span> <span class='ocrx_word' id='word_1_101' title='bbox 495 1500 630 1556; x_wconf 82' lang='lat' dir='ltr'><strong>:sed</strong></span> <span class='ocrx_word' id='word_1_102' title='bbox 661 1498 750 1567; x_wconf 90' lang='lat' dir='ltr'><strong>qui</strong></span> <span class='ocrx_word' id='word_1_103' title='bbox 777 1513 914 1551; x_wconf 92' lang='lat' dir='ltr'><strong>unus</strong></span> <span class='ocrx_word' id='word_1_104' title='bbox 939 1505 1021 1550; x_wconf 91' lang='lat' dir='ltr'><strong>est</strong></span> <span class='ocrx_word' id='word_1_105' title='bbox 1052 1493 1119 1548; x_wconf 90' lang='lat' dir='ltr'><strong>de</strong></span> <span class='ocrx_word' id='word_1_106' title='bbox 1147 1495 1458 1564; x_wconf 87' lang='lat' dir='ltr'><strong>spiritibus,</strong></span> <span class='ocrx_word' id='word_1_107' title='bbox 1493 1494 1694 1562; x_wconf 81' lang='lat' dir='ltr'><strong>quibus</strong></span> <span class='ocrx_word' id='word_1_108' title='bbox 1723 1493 1914 1561; x_wconf 83' lang='lat' dir='ltr'><strong>imple-</strong></span> 
     </span>
    </p>
   </div>
   <div class='ocr_carea' id='block_1_17' title="bbox 325 1581 1914 1654">
    <p class='ocr_par' dir='ltr' id='par_1_17' title="bbox 325 1581 1914 1654">
     <span class='ocr_line' id='line_1_17' title="bbox 325 1581 1914 1654; baseline -0.001 -16"><span class='ocrx_word' id='word_1_109' title='bbox 325 1596 413 1638; x_wconf 91' lang='lat' dir='ltr'><strong>tur</strong></span> <span class='ocrx_word' id='word_1_110' title='bbox 461 1583 648 1648; x_wconf 79' lang='lat' dir='ltr'><strong>Jesus,</strong></span> <span class='ocrx_word' id='word_1_111' title='bbox 693 1585 833 1638; x_wconf 86' lang='lat' dir='ltr'><strong>sicut</strong></span> <span class='ocrx_word' id='word_1_112' title='bbox 889 1585 1057 1638; x_wconf 83' lang='lat' dir='ltr'><strong>Isaias</strong></span> <span class='ocrx_word' id='word_1_113' title='bbox 1113 1594 1344 1638; x_wconf 89' lang='lat' dir='ltr'><strong>testatur</strong></span> <span class='ocrx_word' id='word_1_114' title='bbox 1401 1600 1414 1639; x_wconf 93' lang='lat'><strong>:</strong></span> <span class='ocrx_word' id='word_1_115' title='bbox 1461 1581 1618 1637; x_wconf 75' lang='lat' dir='ltr'><strong>Exiet</strong></span> <span class='ocrx_word' id='word_1_116' title='bbox 1668 1586 1810 1654; x_wconf 86' lang='lat' dir='ltr'><strong>virga</strong></span> <span class='ocrx_word' id='word_1_117' title='bbox 1847 1584 1914 1636; x_wconf 87' lang='lat' dir='ltr'><strong>de</strong></span> 
     </span>
    </p>
   </div>
   <div class='ocr_carea' id='block_1_18' title="bbox 324 1673 1914 1742">
    <p class='ocr_par' dir='ltr' id='par_1_18' title="bbox 324 1673 1914 1742">
     <span class='ocr_line' id='line_1_18' title="bbox 324 1673 1914 1742; baseline 0.001 -17"><span class='ocrx_word' id='word_1_118' title='bbox 324 1675 502 1727; x_wconf 77' lang='lat' dir='ltr'><strong>radice</strong></span> <span class='ocrx_word' id='word_1_119' title='bbox 558 1673 722 1733; x_wconf 76' lang='lat' dir='ltr'><strong>Iesse.</strong></span> <span class='ocrx_word' id='word_1_120' title='bbox 772 1682 820 1726; x_wconf 89' lang='lat' dir='ltr'><strong>et</strong></span> <span class='ocrx_word' id='word_1_121' title='bbox 867 1674 964 1742; x_wconf 80' lang='lat' dir='ltr'><strong>ﬂos</strong></span> <span class='ocrx_word' id='word_1_122' title='bbox 1019 1674 1084 1726; x_wconf 86' lang='lat' dir='ltr'><strong>de</strong></span> <span class='ocrx_word' id='word_1_123' title='bbox 1149 1673 1330 1726; x_wconf 87' lang='lat' dir='ltr'><strong>radice</strong></span> <span class='ocrx_word' id='word_1_124' title='bbox 1376 1673 1490 1735; x_wconf 88' lang='lat' dir='ltr'><strong>eius</strong></span> <span class='ocrx_word' id='word_1_125' title='bbox 1549 1676 1816 1735; x_wconf 78' lang='lat' dir='ltr'><strong>ascendet,</strong></span> <span class='ocrx_word' id='word_1_126' title='bbox 1867 1683 1914 1726; x_wconf 91' lang='lat' dir='ltr'><strong>et</strong></span> 
     </span>
    </p>
   </div>
   <div class='ocr_carea' id='block_1_19' title="bbox 325 1767 1914 1837">
    <p class='ocr_par' dir='ltr' id='par_1_19' title="bbox 325 1767 1914 1837">
     <span class='ocr_line' id='line_1_19' title="bbox 325 1767 1914 1837; baseline 0.003 -21"><span class='ocrx_word' id='word_1_127' title='bbox 325 1768 611 1837; x_wconf 74' lang='lat' dir='ltr'><strong>requiescet</strong></span> <span class='ocrx_word' id='word_1_128' title='bbox 645 1781 798 1833; x_wconf 89' lang='lat' dir='ltr'><strong>super</strong></span> <span class='ocrx_word' id='word_1_129' title='bbox 837 1782 954 1818; x_wconf 84' lang='lat' dir='ltr'><strong>eum</strong></span> <span class='ocrx_word' id='word_1_130' title='bbox 1011 1767 1227 1833; x_wconf 82' lang='lat' dir='ltr'><strong>spiritus</strong></span> <span class='ocrx_word' id='word_1_131' title='bbox 1268 1767 1539 1820; x_wconf 73' lang='lat' dir='ltr'><strong>sententia:</strong></span> <span class='ocrx_word' id='word_1_132' title='bbox 1590 1776 1638 1819; x_wconf 89' lang='lat' dir='ltr'><strong>et</strong></span> <span class='ocrx_word' id='word_1_133' title='bbox 1680 1767 1914 1832; x_wconf 86' lang='lat' dir='ltr'><strong>pietatis,</strong></span> 
     </span>
    </p>
   </div>
   <div class='ocr_carea' id='block_1_20' title="bbox 322 1862 1910 1932">
    <p class='ocr_par' dir='ltr' id='par_1_20' title="bbox 322 1862 1910 1932">
     <span class='ocr_line' id='line_1_20' title="bbox 322 1862 1910 1932; baseline 0.001 -17"><span class='ocrx_word' id='word_1_134' title='bbox 322 1875 370 1915; x_wconf 89' lang='lat' dir='ltr'><strong>et</strong></span> <span class='ocrx_word' id='word_1_135' title='bbox 406 1862 623 1930; x_wconf 83' lang='lat' dir='ltr'><strong>replebit</strong></span> <span class='ocrx_word' id='word_1_136' title='bbox 649 1878 763 1914; x_wconf 88' lang='lat' dir='ltr'><strong>eum</strong></span> <span class='ocrx_word' id='word_1_137' title='bbox 781 1863 1000 1930; x_wconf 69' lang='lat' dir='ltr'><strong>spiritus</strong></span> <span class='ocrx_word' id='word_1_138' title='bbox 1028 1865 1230 1916; x_wconf 80' lang='lat' dir='ltr'><strong>timoris</strong></span> <span class='ocrx_word' id='word_1_139' title='bbox 1267 1862 1476 1916; x_wconf 81' lang='lat' dir='ltr'><strong>Domini</strong></span> <span class='ocrx_word' id='word_1_140' title='bbox 1500 1862 1634 1932; x_wconf 87' lang='lat' dir='ltr'><strong>(Isa.</strong></span> <span class='ocrx_word' id='word_1_141' title='bbox 1670 1879 1742 1926; x_wconf 79' lang='lat' dir='ltr'><strong>st,</strong></span> <span class='ocrx_word' id='word_1_142' title='bbox 1777 1864 1910 1931; x_wconf 75' lang='grc'><strong>1-5).</strong></span> 
     </span>
    </p>
   </div>
   <div class='ocr_carea' id='block_1_21' title="bbox 326 1955 1912 2023">
    <p class='ocr_par' dir='ltr' id='par_1_21' title="bbox 326 1955 1912 2023">
     <span class='ocr_line' id='line_1_21' title="bbox 326 1955 1912 2023; baseline 0.003 -17"><span class='ocrx_word' id='word_1_143' title='bbox 326 1956 477 2008; x_wconf 89' lang='lat' dir='ltr'><strong>Illum</strong></span> <span class='ocrx_word' id='word_1_144' title='bbox 515 1955 769 2023; x_wconf 82' lang='lat' dir='ltr'><strong>spiritum</strong></span> <span class='ocrx_word' id='word_1_145' title='bbox 807 1969 967 2022; x_wconf 86' lang='lat' dir='ltr'><strong>quem</strong></span> <span class='ocrx_word' id='word_1_146' title='bbox 1003 1955 1168 2008; x_wconf 81' lang='lat' dir='ltr'><strong>David</strong></span> <span class='ocrx_word' id='word_1_147' title='bbox 1210 1957 1381 2021; x_wconf 88' lang='lat' dir='ltr'><strong>canit,</strong></span> <span class='ocrx_word' id='word_1_148' title='bbox 1421 1955 1611 2008; x_wconf 88' lang='lat' dir='ltr'><strong>dicens</strong></span> <span class='ocrx_word' id='word_1_149' title='bbox 1651 1971 1665 2011; x_wconf 87' lang='lat'><strong>:</strong></span> <span class='ocrx_word' id='word_1_150' title='bbox 1714 1955 1912 2010; x_wconf 86' lang='lat' dir='ltr'><strong>Timete</strong></span> 
     </span>
    </p>
   </div>
   <div class='ocr_carea' id='block_1_22' title="bbox 328 2046 1914 2118">
    <p class='ocr_par' dir='ltr' id='par_1_22' title="bbox 328 2046 1914 2118">
     <span class='ocr_line' id='line_1_22' title="bbox 328 2046 1914 2118; baseline 0.003 -19"><span class='ocrx_word' id='word_1_151' title='bbox 328 2047 636 2112; x_wconf 85' lang='lat' dir='ltr'><strong>Dominum,</strong></span> <span class='ocrx_word' id='word_1_152' title='bbox 698 2048 835 2118; x_wconf 80' lang='lat' dir='ltr'><strong>justi</strong></span> <span class='ocrx_word' id='word_1_153' title='bbox 881 2049 996 2108; x_wconf 84' lang='lat' dir='ltr'><strong>eius</strong></span> <span class='ocrx_word' id='word_1_154' title='bbox 1043 2046 1217 2112; x_wconf 85' lang='lat' dir='ltr'><strong>(Psal.</strong></span> <span class='ocrx_word' id='word_1_155' title='bbox 1259 2061 1452 2112; x_wconf 71' lang='lat' dir='ltr'><strong>sunt,</strong></span> <span class='ocrx_word' id='word_1_156' title='bbox 1503 2047 1618 2116; x_wconf 88' lang='grc'><strong>10).</strong></span> <span class='ocrx_word' id='word_1_157' title='bbox 1660 2046 1814 2102; x_wconf 86' lang='lat' dir='ltr'><strong>Unde</strong></span> <span class='ocrx_word' id='word_1_158' title='bbox 1859 2058 1914 2103; x_wconf 89' lang='lat' dir='ltr'><strong>ct</strong></span> 
     </span>
    </p>
   </div>
   <div class='ocr_carea' id='block_1_23' title="bbox 324 2138 1910 2207">
    <p class='ocr_par' dir='ltr' id='par_1_23' title="bbox 324 2138 1910 2207">
     <span class='ocr_line' id='line_1_23' title="bbox 324 2138 1910 2207; baseline 0.001 -15"><span class='ocrx_word' id='word_1_159' title='bbox 324 2141 463 2193; x_wconf 70' lang='lat' dir='ltr'><strong>beati</strong></span> <span class='ocrx_word' id='word_1_160' title='bbox 509 2138 850 2201; x_wconf 82' lang='lat' dir='ltr'><strong>eﬂieiuutur,</strong></span> <span class='ocrx_word' id='word_1_161' title='bbox 884 2138 1077 2193; x_wconf 87' lang='lat' dir='ltr'><strong>eodem</strong></span> <span class='ocrx_word' id='word_1_162' title='bbox 1149 2149 1484 2207; x_wconf 89' lang='lat' dir='ltr'><strong>protestaute</strong></span> <span class='ocrx_word' id='word_1_163' title='bbox 1540 2152 1594 2192; x_wconf 81' lang='lat' dir='ltr'><strong>et</strong></span> <span class='ocrx_word' id='word_1_164' title='bbox 1645 2139 1910 2193; x_wconf 84' lang='lat' dir='ltr'><strong>dicente:</strong></span> 
     </span>
    </p>
   </div>
   <div class='ocr_carea' id='block_1_24' title="bbox 322 2223 1910 2300">
    <p class='ocr_par' dir='ltr' id='par_1_24' title="bbox 322 2223 1910 2300">
     <span class='ocr_line' id='line_1_24' title="bbox 322 2223 1910 2300; baseline 0 -16"><span class='ocrx_word' id='word_1_165' title='bbox 322 2232 521 2284; x_wconf 81' lang='lat' dir='ltr'><strong>Beatus</strong></span> <span class='ocrx_word' id='word_1_166' title='bbox 552 2234 632 2284; x_wconf 78' lang='lat' dir='ltr'><strong>vir</strong></span> <span class='ocrx_word' id='word_1_167' title='bbox 665 2232 752 2300; x_wconf 88' lang='lat' dir='ltr'><strong>qui</strong></span> <span class='ocrx_word' id='word_1_168' title='bbox 783 2231 927 2284; x_wconf 81' lang='lat' dir='ltr'><strong>timet</strong></span> <span class='ocrx_word' id='word_1_169' title='bbox 963 2229 1248 2282; x_wconf 88' lang='lat' dir='ltr'><strong>Dominum</strong></span> <span class='ocrx_word' id='word_1_170' title='bbox 1281 2223 1454 2300; x_wconf 75' lang='lat' dir='ltr'><strong>(Psal.</strong></span> <span class='ocrx_word' id='word_1_171' title='bbox 1491 2245 1597 2297; x_wconf 77' lang='lat' dir='ltr'><strong>CXI,</strong></span> <span class='ocrx_word' id='word_1_172' title='bbox 1634 2231 1680 2298; x_wconf 87' lang='lat' dir='ltr'><strong>I)</strong></span> <span class='ocrx_word' id='word_1_173' title='bbox 1709 2248 1723 2294; x_wconf 86' lang='lat'><strong>;</strong></span> <span class='ocrx_word' id='word_1_174' title='bbox 1762 2231 1910 2284; x_wconf 74' lang='lat' dir='ltr'><strong>illum</strong></span> 
     </span>
    </p>
   </div>
   <div class='ocr_carea' id='block_1_25' title="bbox 325 2319 1912 2394">
    <p class='ocr_par' dir='ltr' id='par_1_25' title="bbox 325 2319 1912 2394">
     <span class='ocr_line' id='line_1_25' title="bbox 325 2319 1912 2394; baseline 0.001 -16"><span class='ocrx_word' id='word_1_175' title='bbox 325 2328 429 2379; x_wconf 87' lang='lat' dir='ltr'><strong>dici</strong></span> <span class='ocrx_word' id='word_1_176' title='bbox 469 2329 743 2389; x_wconf 78' lang='lat' dir='ltr'><strong>timerem,</strong></span> <span class='ocrx_word' id='word_1_177' title='bbox 791 2326 882 2394; x_wconf 87' lang='lat' dir='ltr'><strong>qui</strong></span> <span class='ocrx_word' id='word_1_178' title='bbox 939 2337 1125 2380; x_wconf 88' lang='lat' dir='ltr'><strong>castus</strong></span> <span class='ocrx_word' id='word_1_179' title='bbox 1155 2335 1237 2390; x_wconf 82' lang='lat' dir='ltr'><strong>est</strong></span> <span class='ocrx_word' id='word_1_180' title='bbox 1267 2337 1320 2378; x_wconf 89' lang='lat' dir='ltr'><strong>et</strong></span> <span class='ocrx_word' id='word_1_181' title='bbox 1351 2325 1600 2394; x_wconf 76' lang='lat' dir='ltr'><strong>pudicus.</strong></span> <span class='ocrx_word' id='word_1_182' title='bbox 1650 2319 1912 2390; x_wconf 82' lang='lat' dir='ltr'><strong>Quoniam</strong></span> 
     </span>
    </p>
   </div>
   <div class='ocr_carea' id='block_1_26' title="bbox 329 2419 1910 2486">
    <p class='ocr_par' dir='ltr' id='par_1_26' title="bbox 329 2419 1910 2486">
     <span class='ocr_line' id='line_1_26' title="bbox 329 2419 1910 2486; baseline 0.001 -16"><span class='ocrx_word' id='word_1_183' title='bbox 329 2422 485 2470; x_wconf 85' lang='lat' dir='ltr'><strong>timor</strong></span> <span class='ocrx_word' id='word_1_184' title='bbox 511 2419 720 2473; x_wconf 79' lang='lat' dir='ltr'><strong>Domini</strong></span> <span class='ocrx_word' id='word_1_185' title='bbox 744 2432 942 2484; x_wconf 84' lang='lat' dir='ltr'><strong>castus,</strong></span> <span class='ocrx_word' id='word_1_186' title='bbox 965 2419 1139 2486; x_wconf 92' lang='lat' dir='ltr'><strong>inquit</strong></span> <span class='ocrx_word' id='word_1_187' title='bbox 1167 2419 1363 2485; x_wconf 79' lang='lat' dir='ltr'><strong>David,</strong></span> <span class='ocrx_word' id='word_1_188' title='bbox 1384 2429 1559 2472; x_wconf 86' lang='lat' dir='ltr'><strong>manet</strong></span> <span class='ocrx_word' id='word_1_189' title='bbox 1587 2420 1638 2473; x_wconf 81' lang='lat' dir='ltr'><strong>in</strong></span> <span class='ocrx_word' id='word_1_190' title='bbox 1658 2421 1910 2474; x_wconf 68' lang='lat' dir='ltr'><strong>saxulum</strong></span> 
     </span>
    </p>
   </div>
   <div class='ocr_carea' id='block_1_27' title="bbox 328 2512 1072 2582">
    <p class='ocr_par' dir='ltr' id='par_1_27' title="bbox 328 2512 1072 2582">
     <span class='ocr_line' id='line_1_27' title="bbox 328 2512 1072 2582; baseline 0.001 -17"><span class='ocrx_word' id='word_1_191' title='bbox 328 2514 507 2566; x_wconf 67' lang='lat' dir='ltr'><strong>seaculi</strong></span> <span class='ocrx_word' id='word_1_192' title='bbox 555 2512 724 2581; x_wconf 77' lang='lat' dir='ltr'><strong>(Psal.</strong></span> <span class='ocrx_word' id='word_1_193' title='bbox 765 2529 919 2579; x_wconf 78' lang='lat' dir='ltr'><strong>xviii,</strong></span> <span class='ocrx_word' id='word_1_194' title='bbox 963 2512 1072 2582; x_wconf 85' lang='lat' dir='ltr'><strong>l0).</strong></span> 
     </span>
    </p>
   </div>
   <div class='ocr_carea' id='block_1_28' title="bbox 401 2604 1913 2675">
    <p class='ocr_par' dir='ltr' id='par_1_28' title="bbox 401 2604 1913 2675">
     <span class='ocr_line' id='line_1_28' title="bbox 401 2604 1913 2675; baseline 0.003 -20"><span class='ocrx_word' id='word_1_195' title='bbox 401 2608 543 2675; x_wconf 60' lang='lat' dir='ltr'><strong>largo</strong></span> <span class='ocrx_word' id='word_1_196' title='bbox 582 2612 665 2658; x_wconf 84' lang='lat' dir='ltr'><strong>est</strong></span> <span class='ocrx_word' id='word_1_197' title='bbox 700 2604 898 2674; x_wconf 66' lang='lat' dir='ltr'><strong>duplex</strong></span> <span class='ocrx_word' id='word_1_198' title='bbox 938 2609 1102 2658; x_wconf 84' lang='lat' dir='ltr'><strong>timor</strong></span> <span class='ocrx_word' id='word_1_199' title='bbox 1141 2621 1156 2660; x_wconf 88' lang='lat'><strong>:</strong></span> <span class='ocrx_word' id='word_1_200' title='bbox 1194 2621 1332 2659; x_wconf 89' lang='lat' dir='ltr'><strong>unus</strong></span> <span class='ocrx_word' id='word_1_201' title='bbox 1382 2606 1740 2674; x_wconf 86' lang='lat' dir='ltr'><strong>appetendns,</strong></span> <span class='ocrx_word' id='word_1_202' title='bbox 1773 2608 1913 2660; x_wconf 80' lang='lat' dir='ltr'><strong>alius</strong></span> 
     </span>
    </p>
   </div>
   <div class='ocr_carea' id='block_1_29' title="bbox 329 2696 1910 2768">
    <p class='ocr_par' dir='ltr' id='par_1_29' title="bbox 329 2696 1910 2768">
     <span class='ocr_line' id='line_1_29' title="bbox 329 2696 1910 2768; baseline 0.003 -18"><span class='ocrx_word' id='word_1_203' title='bbox 329 2696 618 2765; x_wconf 76' lang='lat' dir='ltr'><strong>fugiendus</strong></span> <span class='ocrx_word' id='word_1_204' title='bbox 646 2707 749 2749; x_wconf 89' lang='lat' dir='ltr'><strong>est.</strong></span> <span class='ocrx_word' id='word_1_205' title='bbox 813 2697 982 2765; x_wconf 64' lang='lat' dir='ltr'><strong>Igitur</strong></span> <span class='ocrx_word' id='word_1_206' title='bbox 1013 2701 1350 2768; x_wconf 73' lang='lat' dir='ltr'><strong>appetentius</strong></span> <span class='ocrx_word' id='word_1_207' title='bbox 1383 2699 1567 2764; x_wconf 84' lang='lat' dir='ltr'><strong>timor,</strong></span> <span class='ocrx_word' id='word_1_208' title='bbox 1607 2699 1910 2754; x_wconf 87' lang='lat' dir='ltr'><strong>admonitio</strong></span> 
     </span>
    </p>
   </div>
   <div class='ocr_carea' id='block_1_30' title="bbox 325 2790 1911 2860">
    <p class='ocr_par' dir='ltr' id='par_1_30' title="bbox 325 2790 1911 2860">
     <span class='ocr_line' id='line_1_30' title="bbox 325 2790 1911 2860; baseline 0.004 -20"><span class='ocrx_word' id='word_1_209' title='bbox 325 2800 378 2840; x_wconf 84' lang='lat' dir='ltr'><strong>et</strong></span> <span class='ocrx_word' id='word_1_210' title='bbox 433 2790 682 2842; x_wconf 85' lang='lat' dir='ltr'><strong>custodia</strong></span> <span class='ocrx_word' id='word_1_211' title='bbox 733 2792 985 2844; x_wconf 82' lang='lat' dir='ltr'><strong>amnium</strong></span> <span class='ocrx_word' id='word_1_212' title='bbox 1039 2805 1248 2854; x_wconf 85' lang='lat' dir='ltr'><strong>rerum,</strong></span> <span class='ocrx_word' id='word_1_213' title='bbox 1303 2807 1439 2860; x_wconf 87' lang='lat' dir='ltr'><strong>quas</strong></span> <span class='ocrx_word' id='word_1_214' title='bbox 1501 2791 1775 2846; x_wconf 82' lang='lat' dir='ltr'><strong>credimus</strong></span> <span class='ocrx_word' id='word_1_215' title='bbox 1817 2803 1911 2847; x_wconf 87' lang='lat' dir='ltr'><strong>aut</strong></span> 
     </span>
    </p>
   </div>
   <div class='ocr_carea' id='block_1_31' title="bbox 323 2882 1907 2956">
    <p class='ocr_par' dir='ltr' id='par_1_31' title="bbox 323 2882 1907 2956">
     <span class='ocr_line' id='line_1_31' title="bbox 323 2882 1907 2956; baseline 0.003 -22"><span class='ocrx_word' id='word_1_216' title='bbox 323 2897 627 2950; x_wconf 72' lang='lat' dir='ltr'><strong>speramus.</strong></span> <span class='ocrx_word' id='word_1_217' title='bbox 656 2882 932 2939; x_wconf 88' lang='lat' dir='ltr'><strong>Timemus</strong></span> <span class='ocrx_word' id='word_1_218' title='bbox 955 2886 1099 2938; x_wconf 89' lang='lat' dir='ltr'><strong>enim</strong></span> <span class='ocrx_word' id='word_1_219' title='bbox 1127 2885 1417 2954; x_wconf 90' lang='lat' dir='ltr'><strong>judicium,</strong></span> <span class='ocrx_word' id='word_1_220' title='bbox 1445 2886 1573 2955; x_wconf 87' lang='lat' dir='ltr'><strong>quia</strong></span> <span class='ocrx_word' id='word_1_221' title='bbox 1596 2901 1907 2956; x_wconf 80' lang='lat' dir='ltr'><strong>speramus;</strong></span> 
     </span>
    </p>
   </div>
   <div class='ocr_carea' id='block_1_32' title="bbox 322 2973 1904 3045">
    <p class='ocr_par' dir='ltr' id='par_1_32' title="bbox 322 2973 1904 3045">
     <span class='ocr_line' id='line_1_32' title="bbox 322 2973 1904 3045; baseline 0.004 -21"><span class='ocrx_word' id='word_1_222' title='bbox 322 2983 380 3024; x_wconf 79' lang='lat' dir='ltr'><strong>et</strong></span> <span class='ocrx_word' id='word_1_223' title='bbox 406 2973 700 3026; x_wconf 87' lang='lat' dir='ltr'><strong>metuimus</strong></span> <span class='ocrx_word' id='word_1_224' title='bbox 731 2974 1046 3038; x_wconf 89' lang='lat' dir='ltr'><strong>Dominum,</strong></span> <span class='ocrx_word' id='word_1_225' title='bbox 1081 2976 1206 3043; x_wconf 85' lang='lat' dir='ltr'><strong>quia</strong></span> <span class='ocrx_word' id='word_1_226' title='bbox 1255 2976 1454 3030; x_wconf 73' lang='lat' dir='ltr'><strong>fortem</strong></span> <span class='ocrx_word' id='word_1_227' title='bbox 1496 2976 1642 3030; x_wconf 89' lang='lat' dir='ltr'><strong>illum</strong></span> <span class='ocrx_word' id='word_1_228' title='bbox 1670 2977 1904 3045; x_wconf 80' lang='lat' dir='ltr'><strong>judicent</strong></span> 
     </span>
    </p>
   </div>
   <div class='ocr_carea' id='block_1_33' title="bbox 2031 475 3604 548">
    <p class='ocr_par' dir='ltr' id='par_1_33' title="bbox 2031 475 3604 548">
     <span class='ocr_line' id='line_1_33' title="bbox 2031 475 3604 548; baseline 0.001 -17"><span class='ocrx_word' id='word_1_229' title='bbox 2031 475 2231 542; x_wconf 90' lang='lat' dir='ltr'><strong>torum,</strong></span> <span class='ocrx_word' id='word_1_230' title='bbox 2283 480 2465 533; x_wconf 82' lang='lat' dir='ltr'><strong>brevis</strong></span> <span class='ocrx_word' id='word_1_231' title='bbox 2515 480 2764 533; x_wconf 91' lang='lat' dir='ltr'><strong>omnium</strong></span> <span class='ocrx_word' id='word_1_232' title='bbox 2811 489 3226 548; x_wconf 74' lang='lat' dir='ltr'><strong>przeccptorum,</strong></span> <span class='ocrx_word' id='word_1_233' title='bbox 3261 493 3426 547; x_wconf 86' lang='lat' dir='ltr'><strong>quam</strong></span> <span class='ocrx_word' id='word_1_234' title='bbox 3482 494 3604 532; x_wconf 89' lang='lat' dir='ltr'><strong>cum</strong></span> 
     </span>
    </p>
   </div>
   <div class='ocr_carea' id='block_1_34' title="bbox 2028 569 3607 638">
    <p class='ocr_par' dir='ltr' id='par_1_34' title="bbox 2028 569 3607 638">
     <span class='ocr_line' id='line_1_34' title="bbox 2028 569 3607 638; baseline 0.003 -18"><span class='ocrx_word' id='word_1_235' title='bbox 2028 569 2152 638; x_wconf 88' lang='lat' dir='ltr'><strong>quis</strong></span> <span class='ocrx_word' id='word_1_236' title='bbox 2183 569 2457 632; x_wconf 89' lang='lat' dir='ltr'><strong>habuerit,</strong></span> <span class='ocrx_word' id='word_1_237' title='bbox 2493 573 2674 626; x_wconf 89' lang='lat' dir='ltr'><strong>omnia</strong></span> <span class='ocrx_word' id='word_1_238' title='bbox 2737 572 2920 636; x_wconf 81' lang='lat' dir='ltr'><strong>habet,</strong></span> <span class='ocrx_word' id='word_1_239' title='bbox 2959 573 3078 627; x_wconf 88' lang='lat' dir='ltr'><strong>sine</strong></span> <span class='ocrx_word' id='word_1_240' title='bbox 3109 572 3212 626; x_wconf 89' lang='lat' dir='ltr'><strong>hac</strong></span> <span class='ocrx_word' id='word_1_241' title='bbox 3260 572 3314 626; x_wconf 93' lang='lat' dir='ltr'><strong>in</strong></span> <span class='ocrx_word' id='word_1_242' title='bbox 3364 571 3486 624; x_wconf 85' lang='lat' dir='ltr'><strong>aliis</strong></span> <span class='ocrx_word' id='word_1_243' title='bbox 3519 588 3607 624; x_wconf 82' lang='lat' dir='ltr'><strong>re.-</strong></span> 
     </span>
    </p>
   </div>
   <div class='ocr_carea' id='block_1_35' title="bbox 2030 661 3607 733">
    <p class='ocr_par' dir='ltr' id='par_1_35' title="bbox 2030 661 3607 733">
     <span class='ocr_line' id='line_1_35' title="bbox 2030 661 3607 733; baseline 0 -21"><span class='ocrx_word' id='word_1_244' title='bbox 2030 672 2208 714; x_wconf 83' lang='lat' dir='ltr'><strong>mauet</strong></span> <span class='ocrx_word' id='word_1_245' title='bbox 2255 662 2626 732; x_wconf 81' lang='lat' dir='ltr'><strong>imperfectus.</strong></span> <span class='ocrx_word' id='word_1_246' title='bbox 2687 661 2756 718; x_wconf 85' lang='lat' dir='ltr'><strong>Et</strong></span> <span class='ocrx_word' id='word_1_247' title='bbox 2807 675 2864 718; x_wconf 94' lang='lat' dir='ltr'><strong>ut</strong></span> <span class='ocrx_word' id='word_1_248' title='bbox 2905 673 3201 733; x_wconf 78' lang='lat' dir='ltr'><strong>cognoscat</strong></span> <span class='ocrx_word' id='word_1_249' title='bbox 3247 673 3428 717; x_wconf 86' lang='lat' dir='ltr'><strong>vestra</strong></span> <span class='ocrx_word' id='word_1_250' title='bbox 3477 678 3607 726; x_wconf 87' lang='lat' dir='ltr'><strong>pru-</strong></span> 
     </span>
    </p>
   </div>
   <div class='ocr_carea' id='block_1_36' title="bbox 2032 739 3604 826">
    <p class='ocr_par' dir='ltr' id='par_1_36' title="bbox 2032 739 3604 826">
     <span class='ocr_line' id='line_1_36' title="bbox 2032 739 3604 826; baseline 0.003 -25"><span class='ocrx_word' id='word_1_251' title='bbox 2032 753 2234 815; x_wconf 74' lang='lat' dir='ltr'><strong>dentia,</strong></span> <span class='ocrx_word' id='word_1_252' title='bbox 2255 739 2780 822; x_wconf 29' lang='lat' dir='ltr'><strong>quantuni&#39;charitas</strong></span> <span class='ocrx_word' id='word_1_253' title='bbox 2812 756 3006 822; x_wconf 83' lang='lat' dir='ltr'><strong>valeat,</strong></span> <span class='ocrx_word' id='word_1_254' title='bbox 3039 751 3264 826; x_wconf 75' lang='lat' dir='ltr'><strong>legimus</strong></span> <span class='ocrx_word' id='word_1_255' title='bbox 3284 765 3604 822; x_wconf 86' lang='lat' dir='ltr'><strong>responsum</strong></span> 
     </span>
    </p>
   </div>
   <div class='ocr_carea' id='block_1_37' title="bbox 2032 841 3604 916">
    <p class='ocr_par' dir='ltr' id='par_1_37' title="bbox 2032 841 3604 916">
     <span class='ocr_line' id='line_1_37' title="bbox 2032 841 3604 916; baseline 0.005 -22"><span class='ocrx_word' id='word_1_256' title='bbox 2032 841 2241 896; x_wconf 90' lang='lat' dir='ltr'><strong>Domini</strong></span> <span class='ocrx_word' id='word_1_257' title='bbox 2279 844 2329 897; x_wconf 89' lang='lat' dir='ltr'><strong>in</strong></span> <span class='ocrx_word' id='word_1_258' title='bbox 2363 845 2934 916; x_wconf 74' lang='lat' dir='ltr'><strong>Evangelia,dicentis,</strong></span> <span class='ocrx_word' id='word_1_259' title='bbox 2965 865 3088 902; x_wconf 88' lang='lat' dir='ltr'><strong>cum</strong></span> <span class='ocrx_word' id='word_1_260' title='bbox 3133 849 3560 916; x_wconf 73' lang='lat' dir='ltr'><strong>interrogaretur</strong></span> <span class='ocrx_word' id='word_1_261' title='bbox 3589 864 3604 902; x_wconf 88' lang='lat'>:</span> 
     </span>
    </p>
   </div>
   <div class='ocr_carea' id='block_1_38' title="bbox 2035 934 3606 1004">
    <p class='ocr_par' dir='ltr' id='par_1_38' title="bbox 2035 934 3606 1004">
     <span class='ocr_line' id='line_1_38' title="bbox 2035 934 3606 1004; baseline 0.006 -20"><span class='ocrx_word' id='word_1_262' title='bbox 2035 934 2225 1004; x_wconf 81' lang='lat' dir='ltr'><strong>Diliges</strong></span> <span class='ocrx_word' id='word_1_263' title='bbox 2261 936 2544 992; x_wconf 87' lang='lat' dir='ltr'><strong>Dominum</strong></span> <span class='ocrx_word' id='word_1_264' title='bbox 2590 941 2757 994; x_wconf 90' lang='lat' dir='ltr'><strong>Deum</strong></span> <span class='ocrx_word' id='word_1_265' title='bbox 2789 951 2934 994; x_wconf 86' lang='lat' dir='ltr'><strong>tuum</strong></span> <span class='ocrx_word' id='word_1_266' title='bbox 2965 957 3030 995; x_wconf 75' lang='lat' dir='ltr'><strong>ea:</strong></span> <span class='ocrx_word' id='word_1_267' title='bbox 3077 951 3182 995; x_wconf 89' lang='lat' dir='ltr'><strong>toto</strong></span> <span class='ocrx_word' id='word_1_268' title='bbox 3217 942 3375 995; x_wconf 88' lang='lat' dir='ltr'><strong>corde</strong></span> <span class='ocrx_word' id='word_1_269' title='bbox 3415 954 3524 1003; x_wconf 88' lang='lat' dir='ltr'><strong>tuo,</strong></span> <span class='ocrx_word' id='word_1_270' title='bbox 3556 951 3606 995; x_wconf 88' lang='lat' dir='ltr'><strong>et</strong></span> 
     </span>
    </p>
   </div>
   <div class='ocr_carea' id='block_1_39' title="bbox 2029 1033 3605 1103">
    <p class='ocr_par' dir='ltr' id='par_1_39' title="bbox 2029 1033 3605 1103">
     <span class='ocr_line' id='line_1_39' title="bbox 2029 1033 3605 1103; baseline 0.005 -25"><span class='ocrx_word' id='word_1_271' title='bbox 2029 1039 2094 1080; x_wconf 76' lang='lat' dir='ltr'><strong>ex</strong></span> <span class='ocrx_word' id='word_1_272' title='bbox 2123 1036 2231 1080; x_wconf 90' lang='lat' dir='ltr'><strong>tota</strong></span> <span class='ocrx_word' id='word_1_273' title='bbox 2259 1033 2436 1083; x_wconf 86' lang='lat' dir='ltr'><strong>anima</strong></span> <span class='ocrx_word' id='word_1_274' title='bbox 2470 1041 2580 1092; x_wconf 89' lang='lat' dir='ltr'><strong>tua.</strong></span> <span class='ocrx_word' id='word_1_275' title='bbox 2619 1042 2667 1086; x_wconf 84' lang='lat' dir='ltr'><strong>et</strong></span> <span class='ocrx_word' id='word_1_276' title='bbox 2697 1049 2760 1086; x_wconf 74' lang='lat' dir='ltr'><strong>ex</strong></span> <span class='ocrx_word' id='word_1_277' title='bbox 2791 1043 2901 1086; x_wconf 89' lang='lat' dir='ltr'><strong>tota</strong></span> <span class='ocrx_word' id='word_1_278' title='bbox 2926 1035 3121 1087; x_wconf 82' lang='lat' dir='ltr'><strong>virtute</strong></span> <span class='ocrx_word' id='word_1_279' title='bbox 3145 1044 3234 1086; x_wconf 89' lang='lat' dir='ltr'><strong>tua</strong></span> <span class='ocrx_word' id='word_1_280' title='bbox 3263 1049 3284 1086; x_wconf 90' lang='lat'><strong><em>:</em></strong></span> <span class='ocrx_word' id='word_1_281' title='bbox 3330 1043 3378 1086; x_wconf 90' lang='lat' dir='ltr'><strong>et</strong></span> <span class='ocrx_word' id='word_1_282' title='bbox 3416 1033 3605 1103; x_wconf 80' lang='lat' dir='ltr'><strong>diliges</strong></span> 
     </span>
    </p>
   </div>
   <div class='ocr_carea' id='block_1_40' title="bbox 2026 1118 3605 1193">
    <p class='ocr_par' dir='ltr' id='par_1_40' title="bbox 2026 1118 3605 1193">
     <span class='ocr_line' id='line_1_40' title="bbox 2026 1118 3605 1193; baseline 0.005 -26"><span class='ocrx_word' id='word_1_283' title='bbox 2026 1118 2322 1183; x_wconf 73' lang='lat' dir='ltr'><strong>proximum</strong></span> <span class='ocrx_word' id='word_1_284' title='bbox 2374 1128 2521 1173; x_wconf 81' lang='lat' dir='ltr'><strong>tttttm</strong></span> <span class='ocrx_word' id='word_1_285' title='bbox 2569 1131 2825 1193; x_wconf 80' lang='lat' dir='ltr'><strong>tanquam</strong></span> <span class='ocrx_word' id='word_1_286' title='bbox 2873 1126 3148 1191; x_wconf 83' lang='lat' dir='ltr'><strong>teipsum:</strong></span> <span class='ocrx_word' id='word_1_287' title='bbox 3193 1125 3246 1175; x_wconf 89' lang='lat' dir='ltr'><strong>in</strong></span> <span class='ocrx_word' id='word_1_288' title='bbox 3281 1125 3358 1176; x_wconf 82' lang='lat' dir='ltr'><strong>his</strong></span> <span class='ocrx_word' id='word_1_289' title='bbox 3402 1126 3605 1177; x_wconf 74' lang='lat' dir='ltr'><strong>duobus</strong></span> 
     </span>
    </p>
   </div>
   <div class='ocr_carea' id='block_1_41' title="bbox 2027 1211 3604 1281">
    <p class='ocr_par' dir='ltr' id='par_1_41' title="bbox 2027 1211 3604 1281">
     <span class='ocr_line' id='line_1_41' title="bbox 2027 1211 3604 1281; baseline 0.005 -23"><span class='ocrx_word' id='word_1_290' title='bbox 2027 1211 2298 1275; x_wconf 75' lang='lat' dir='ltr'><strong>prwceptis</strong></span> <span class='ocrx_word' id='word_1_291' title='bbox 2328 1211 2514 1278; x_wconf 83' lang='lat' dir='ltr'><strong>pendet</strong></span> <span class='ocrx_word' id='word_1_292' title='bbox 2562 1218 2646 1266; x_wconf 77' lang='lat' dir='ltr'><strong>lex</strong></span> <span class='ocrx_word' id='word_1_293' title='bbox 2679 1225 2726 1268; x_wconf 90' lang='lat' dir='ltr'><strong>et</strong></span> <span class='ocrx_word' id='word_1_294' title='bbox 2759 1217 3025 1281; x_wconf 72' lang='lat' dir='ltr'><strong>prophetia</strong></span> <span class='ocrx_word' id='word_1_295' title='bbox 3061 1214 3281 1280; x_wconf 82' lang='lat' dir='ltr'><strong>(Matth.</strong></span> <span class='ocrx_word' id='word_1_296' title='bbox 3333 1227 3469 1279; x_wconf 72' lang='lat' dir='ltr'><strong>sui,</strong></span> <span class='ocrx_word' id='word_1_297' title='bbox 3514 1215 3604 1279; x_wconf 76' lang='lat'><strong>&#39;57,</strong></span> 
     </span>
    </p>
   </div>
   <div class='ocr_carea' id='block_1_42' title="bbox 2028 1299 2270 1372">
    <p class='ocr_par' dir='ltr' id='par_1_42' title="bbox 2028 1299 2270 1372">
     <span class='ocr_line' id='line_1_42' title="bbox 2028 1299 2270 1372; baseline 0.004 -18"><span class='ocrx_word' id='word_1_298' title='bbox 2028 1299 2119 1363; x_wconf 77' lang='lat'><strong>39,</strong></span> <span class='ocrx_word' id='word_1_299' title='bbox 2158 1301 2270 1372; x_wconf 74' lang='lat' dir='ltr'><strong>tu).</strong></span> 
     </span>
    </p>
   </div>
   <div class='ocr_carea' id='block_1_43' title="bbox 2106 1396 3607 1470">
    <p class='ocr_par' dir='ltr' id='par_1_43' title="bbox 2106 1396 3607 1470">
     <span class='ocr_line' id='line_1_43' title="bbox 2106 1396 3607 1470; baseline 0.003 -22"><span class='ocrx_word' id='word_1_300' title='bbox 2106 1396 2263 1450; x_wconf 68' lang='lat' dir='ltr'><strong>Vides</strong></span> <span class='ocrx_word' id='word_1_301' title='bbox 2286 1399 2337 1449; x_wconf 89' lang='lat' dir='ltr'><strong>in</strong></span> <span class='ocrx_word' id='word_1_302' title='bbox 2365 1400 2465 1451; x_wconf 86' lang='lat' dir='ltr'><strong>hac</strong></span> <span class='ocrx_word' id='word_1_303' title='bbox 2482 1399 2596 1452; x_wconf 82' lang='lat' dir='ltr'><strong>sola</strong></span> <span class='ocrx_word' id='word_1_304' title='bbox 2620 1398 2872 1452; x_wconf 87' lang='lat' dir='ltr'><strong>universa</strong></span> <span class='ocrx_word' id='word_1_305' title='bbox 2894 1400 3027 1467; x_wconf 73' lang='lat' dir='ltr'><strong>legis</strong></span> <span class='ocrx_word' id='word_1_306' title='bbox 3048 1410 3299 1454; x_wconf 88' lang='lat' dir='ltr'><strong>contenta</strong></span> <span class='ocrx_word' id='word_1_307' title='bbox 3329 1399 3607 1470; x_wconf 79' lang='lat' dir='ltr'><strong>pendere?</strong></span> 
     </span>
    </p>
   </div>
   <div class='ocr_carea' id='block_1_44' title="bbox 2033 1481 3604 1559">
    <p class='ocr_par' dir='ltr' id='par_1_44' title="bbox 2033 1481 3604 1559">
     <span class='ocr_line' id='line_1_44' title="bbox 2033 1481 3604 1559; baseline 0.005 -22"><span class='ocrx_word' id='word_1_308' title='bbox 2033 1481 2172 1540; x_wconf 79' lang='lat' dir='ltr'><strong>Vere</strong></span> <span class='ocrx_word' id='word_1_309' title='bbox 2217 1489 2468 1557; x_wconf 78' lang='lat' dir='ltr'><strong>quisquis</strong></span> <span class='ocrx_word' id='word_1_310' title='bbox 2499 1489 2639 1543; x_wconf 91' lang='lat' dir='ltr'><strong>hanc</strong></span> <span class='ocrx_word' id='word_1_311' title='bbox 2677 1490 2990 1559; x_wconf 81' lang='lat' dir='ltr'><strong>habet,jam</strong></span> <span class='ocrx_word' id='word_1_312' title='bbox 3027 1490 3170 1545; x_wconf 88' lang='lat' dir='ltr'><strong>Deus</strong></span> <span class='ocrx_word' id='word_1_313' title='bbox 3199 1503 3253 1547; x_wconf 88' lang='lat' dir='ltr'><strong>et</strong></span> <span class='ocrx_word' id='word_1_314' title='bbox 3295 1492 3387 1546; x_wconf 86' lang='lat' dir='ltr'><strong>Dei</strong></span> <span class='ocrx_word' id='word_1_315' title='bbox 3434 1491 3604 1546; x_wconf 81' lang='lat' dir='ltr'><strong>Filius</strong></span> 
     </span>
    </p>
   </div>
   <div class='ocr_carea' id='block_1_45' title="bbox 2030 1579 3600 1650">
    <p class='ocr_par' dir='ltr' id='par_1_45' title="bbox 2030 1579 3600 1650">
     <span class='ocr_line' id='line_1_45' title="bbox 2030 1579 3600 1650; baseline 0.006 -18"><span class='ocrx_word' id='word_1_316' title='bbox 2030 1579 2136 1633; x_wconf 84' lang='lat' dir='ltr'><strong>dici</strong></span> <span class='ocrx_word' id='word_1_317' title='bbox 2173 1591 2348 1647; x_wconf 79' lang='lat' dir='ltr'><strong>p01e3t</strong></span> <span class='ocrx_word' id='word_1_318' title='bbox 2375 1598 2389 1646; x_wconf 88' lang='lat'><strong>;</strong></span> <span class='ocrx_word' id='word_1_319' title='bbox 2421 1591 2485 1636; x_wconf 78' lang='lat' dir='ltr'><strong>ex</strong></span> <span class='ocrx_word' id='word_1_320' title='bbox 2523 1584 2626 1636; x_wconf 82' lang='lat' dir='ltr'><strong>hac</strong></span> <span class='ocrx_word' id='word_1_321' title='bbox 2662 1583 2776 1636; x_wconf 81' lang='lat' dir='ltr'><strong>Sola</strong></span> <span class='ocrx_word' id='word_1_322' title='bbox 2817 1584 3022 1650; x_wconf 83' lang='lat' dir='ltr'><strong>pcterit</strong></span> <span class='ocrx_word' id='word_1_323' title='bbox 3072 1583 3180 1636; x_wconf 85' lang='lat' dir='ltr'><strong>Deo</strong></span> <span class='ocrx_word' id='word_1_324' title='bbox 3219 1584 3414 1639; x_wconf 90' lang='lat' dir='ltr'><strong>similis</strong></span> <span class='ocrx_word' id='word_1_325' title='bbox 3459 1601 3600 1641; x_wconf 82' lang='lat' dir='ltr'><strong>esse.</strong></span> 
     </span>
    </p>
   </div>
   <div class='ocr_carea' id='block_1_46' title="bbox 2027 1666 3602 1746">
    <p class='ocr_par' dir='ltr' id='par_1_46' title="bbox 2027 1666 3602 1746">
     <span class='ocr_line' id='line_1_46' title="bbox 2027 1666 3602 1746; baseline 0.004 -23"><span class='ocrx_word' id='word_1_326' title='bbox 2027 1671 2347 1734; x_wconf 77' lang='lat' dir='ltr'><strong>Considera,</strong></span> <span class='ocrx_word' id='word_1_327' title='bbox 2407 1674 2496 1743; x_wconf 90' lang='lat' dir='ltr'><strong>qui</strong></span> <span class='ocrx_word' id='word_1_328' title='bbox 2571 1673 2735 1726; x_wconf 85' lang='lat' dir='ltr'><strong>Deum</strong></span> <span class='ocrx_word' id='word_1_329' title='bbox 2809 1675 3025 1743; x_wconf 81' lang='lat' dir='ltr'><strong>diligit;</strong></span> <span class='ocrx_word' id='word_1_330' title='bbox 3083 1677 3334 1745; x_wconf 88' lang='lat' dir='ltr'><strong>nunquid</strong></span> <span class='ocrx_word' id='word_1_331' title='bbox 3397 1666 3602 1746; x_wconf 81' lang='lat' dir='ltr'><strong>Sperat,</strong></span> 
     </span>
    </p>
   </div>
   <div class='ocr_carea' id='block_1_47' title="bbox 2023 1763 3603 1834">
    <p class='ocr_par' dir='ltr' id='par_1_47' title="bbox 2023 1763 3603 1834">
     <span class='ocr_line' id='line_1_47' title="bbox 2023 1763 3603 1834; baseline 0.004 -19"><span class='ocrx_word' id='word_1_332' title='bbox 2023 1763 2267 1832; x_wconf 87' lang='lat' dir='ltr'><strong>nunquid</strong></span> <span class='ocrx_word' id='word_1_333' title='bbox 2350 1765 2522 1827; x_wconf 90' lang='lat' dir='ltr'><strong>timet,</strong></span> <span class='ocrx_word' id='word_1_334' title='bbox 2577 1769 2819 1834; x_wconf 76' lang='lat' dir='ltr'><strong>nunquid</strong></span> <span class='ocrx_word' id='word_1_335' title='bbox 2865 1767 3022 1822; x_wconf 76' lang='lat' dir='ltr'><strong>fidit?</strong></span> <span class='ocrx_word' id='word_1_336' title='bbox 3072 1767 3212 1832; x_wconf 79' lang='lat' dir='ltr'><strong>Non,</strong></span> <span class='ocrx_word' id='word_1_337' title='bbox 3264 1769 3357 1823; x_wconf 82' lang='lat' dir='ltr'><strong>sed</strong></span> <span class='ocrx_word' id='word_1_338' title='bbox 3395 1783 3603 1823; x_wconf 70' lang='lat' dir='ltr'><strong>tantum</strong></span> 
     </span>
    </p>
   </div>
   <div class='ocr_carea' id='block_1_48' title="bbox 2019 1857 3594 1928">
    <p class='ocr_par' dir='ltr' id='par_1_48' title="bbox 2019 1857 3594 1928">
     <span class='ocr_line' id='line_1_48' title="bbox 2019 1857 3594 1928; baseline 0.003 -20"><span class='ocrx_word' id='word_1_339' title='bbox 2019 1857 2193 1926; x_wconf 84' lang='lat' dir='ltr'><strong>diligit</strong></span> <span class='ocrx_word' id='word_1_340' title='bbox 2236 1875 2249 1910; x_wconf 90' lang='lat'><strong>:</strong></span> <span class='ocrx_word' id='word_1_341' title='bbox 2289 1857 2448 1922; x_wconf 85' lang='lat' dir='ltr'><strong>Deus,</strong></span> <span class='ocrx_word' id='word_1_342' title='bbox 2495 1861 2669 1928; x_wconf 87' lang='lat' dir='ltr'><strong>inquit</strong></span> <span class='ocrx_word' id='word_1_343' title='bbox 2701 1862 2926 1926; x_wconf 78' lang='lat' dir='ltr'><strong>Paulus,</strong></span> <span class='ocrx_word' id='word_1_344' title='bbox 2973 1880 3091 1915; x_wconf 87' lang='lat' dir='ltr'><strong>cum</strong></span> <span class='ocrx_word' id='word_1_345' title='bbox 3137 1863 3406 1917; x_wconf 70' lang='lat' dir='ltr'><strong>dilexisset</strong></span> <span class='ocrx_word' id='word_1_346' title='bbox 3455 1881 3594 1915; x_wconf 82' lang='lat' dir='ltr'><strong>uiuu-</strong></span> 
     </span>
    </p>
   </div>
   <div class='ocr_carea' id='block_1_49' title="bbox 2018 1949 3602 2012">
    <p class='ocr_par' dir='ltr' id='par_1_49' title="bbox 2018 1949 3602 2012">
     <span class='ocr_line' id='line_1_49' title="bbox 2018 1949 3602 2012; baseline 0.006 -14"><span class='ocrx_word' id='word_1_347' title='bbox 2018 1949 2164 2012; x_wconf 81' lang='lat' dir='ltr'><strong>tlum,</strong></span> <span class='ocrx_word' id='word_1_348' title='bbox 2197 1952 2336 2002; x_wconf 81' lang='lat' dir='ltr'><strong>misit</strong></span> <span class='ocrx_word' id='word_1_349' title='bbox 2392 1952 2600 2004; x_wconf 87' lang='lat' dir='ltr'><strong>unicum</strong></span> <span class='ocrx_word' id='word_1_350' title='bbox 2647 1953 2844 2006; x_wconf 75' lang='lat' dir='ltr'><strong>Filium</strong></span> <span class='ocrx_word' id='word_1_351' title='bbox 2896 1971 3049 2008; x_wconf 84' lang='lat' dir='ltr'><strong>suum</strong></span> <span class='ocrx_word' id='word_1_352' title='bbox 3093 1957 3146 2008; x_wconf 90' lang='lat' dir='ltr'><strong>in</strong></span> <span class='ocrx_word' id='word_1_353' title='bbox 3197 1956 3602 2010; x_wconf 61' lang='lat' dir='ltr'><strong>similitudinem</strong></span> 
     </span>
    </p>
   </div>
   <div class='ocr_carea' id='block_1_50' title="bbox 2017 2041 3600 2118">
    <p class='ocr_par' dir='ltr' id='par_1_50' title="bbox 2017 2041 3600 2118">
     <span class='ocr_line' id='line_1_50' title="bbox 2017 2041 3600 2118; baseline 0.006 -27"><span class='ocrx_word' id='word_1_354' title='bbox 2017 2041 2190 2093; x_wconf 86' lang='lat' dir='ltr'><strong>carnis</strong></span> <span class='ocrx_word' id='word_1_355' title='bbox 2230 2043 2466 2109; x_wconf 82' lang='lat' dir='ltr'><strong>peccati;</strong></span> <span class='ocrx_word' id='word_1_356' title='bbox 2503 2052 2557 2095; x_wconf 90' lang='lat' dir='ltr'><strong>ut</strong></span> <span class='ocrx_word' id='word_1_357' title='bbox 2588 2043 2651 2095; x_wconf 80' lang='lat' dir='ltr'><strong>de</strong></span> <span class='ocrx_word' id='word_1_358' title='bbox 2677 2055 2890 2110; x_wconf 82' lang='lat' dir='ltr'><strong>peccato</strong></span> <span class='ocrx_word' id='word_1_359' title='bbox 2923 2048 3293 2102; x_wconf 87' lang='lat' dir='ltr'><strong>condentnaret</strong></span> <span class='ocrx_word' id='word_1_360' title='bbox 3329 2063 3600 2118; x_wconf 83' lang='lat' dir='ltr'><strong>peceatum</strong></span> 
     </span>
    </p>
   </div>
   <div class='ocr_carea' id='block_1_51' title="bbox 2015 2131 3599 2210">
    <p class='ocr_par' dir='ltr' id='par_1_51' title="bbox 2015 2131 3599 2210">
     <span class='ocr_line' id='line_1_51' title="bbox 2015 2131 3599 2210; baseline 0.006 -25"><span class='ocrx_word' id='word_1_361' title='bbox 2015 2133 2068 2185; x_wconf 90' lang='lat' dir='ltr'><strong>in</strong></span> <span class='ocrx_word' id='word_1_362' title='bbox 2094 2149 2253 2186; x_wconf 85' lang='lat' dir='ltr'><strong>carne</strong></span> <span class='ocrx_word' id='word_1_363' title='bbox 2279 2131 2463 2205; x_wconf 81' lang='lat' dir='ltr'><strong>(Joan.</strong></span> <span class='ocrx_word' id='word_1_364' title='bbox 2501 2149 2584 2201; x_wconf 86' lang='grc' dir='ltr'>ιιι,</span> <span class='ocrx_word' id='word_1_365' title='bbox 2621 2136 2747 2201; x_wconf 84' lang='grc'><strong>16);</strong></span> <span class='ocrx_word' id='word_1_366' title='bbox 2805 2136 2958 2191; x_wconf 79' lang='lat' dir='ltr'><strong>Rom.</strong></span> <span class='ocrx_word' id='word_1_367' title='bbox 2987 2153 3108 2203; x_wconf 81' lang='lat' dir='ltr'><strong>viti,</strong></span> <span class='ocrx_word' id='word_1_368' title='bbox 3137 2139 3215 2203; x_wconf 79' lang='lat'><strong>3).</strong></span> <span class='ocrx_word' id='word_1_369' title='bbox 3241 2140 3352 2205; x_wconf 87' lang='lat' dir='ltr'><strong>Qui</strong></span> <span class='ocrx_word' id='word_1_370' title='bbox 3393 2157 3599 2210; x_wconf 67' lang='lat' dir='ltr'><strong>pracpo-</strong></span> 
     </span>
    </p>
   </div>
   <div class='ocr_carea' id='block_1_52' title="bbox 2017 2227 3601 2304">
    <p class='ocr_par' dir='ltr' id='par_1_52' title="bbox 2017 2227 3601 2304">
     <span class='ocr_line' id='line_1_52' title="bbox 2017 2227 3601 2304; baseline 0.005 -26"><span class='ocrx_word' id='word_1_371' title='bbox 2017 2227 2096 2280; x_wconf 83' lang='lat' dir='ltr'><strong>nit</strong></span> <span class='ocrx_word' id='word_1_372' title='bbox 2125 2242 2244 2279; x_wconf 85' lang='lat' dir='ltr'><strong>eam</strong></span> <span class='ocrx_word' id='word_1_373' title='bbox 2277 2229 2441 2281; x_wconf 83' lang='lat' dir='ltr'><strong>rebus</strong></span> <span class='ocrx_word' id='word_1_374' title='bbox 2466 2229 2745 2292; x_wconf 79' lang='lat' dir='ltr'><strong>omnibus,</strong></span> <span class='ocrx_word' id='word_1_375' title='bbox 2767 2229 2957 2285; x_wconf 83' lang='lat' dir='ltr'><strong>dicens</strong></span> <span class='ocrx_word' id='word_1_376' title='bbox 2985 2247 2999 2286; x_wconf 87' lang='lat'><strong>:</strong></span> <span class='ocrx_word' id='word_1_377' title='bbox 3024 2231 3091 2285; x_wconf 83' lang='lat' dir='ltr'><strong>Et</strong></span> <span class='ocrx_word' id='word_1_378' title='bbox 3122 2236 3166 2285; x_wconf 89' lang='lat' dir='ltr'><strong>si</strong></span> <span class='ocrx_word' id='word_1_379' title='bbox 3191 2233 3386 2302; x_wconf 87' lang='lat' dir='ltr'><strong>linguis</strong></span> <span class='ocrx_word' id='word_1_380' title='bbox 3413 2233 3601 2304; x_wconf 64' lang='lat' dir='ltr'><strong>loquar</strong></span> 
     </span>
    </p>
   </div>
   <div class='ocr_carea' id='block_1_53' title="bbox 2015 2317 3595 2392">
    <p class='ocr_par' dir='ltr' id='par_1_53' title="bbox 2015 2317 3595 2392">
     <span class='ocr_line' id='line_1_53' title="bbox 2015 2317 3595 2392; baseline 0.004 -22"><span class='ocrx_word' id='word_1_381' title='bbox 2015 2317 2283 2372; x_wconf 76' lang='lat' dir='ltr'><strong>hominum</strong></span> <span class='ocrx_word' id='word_1_382' title='bbox 2326 2333 2376 2373; x_wconf 87' lang='lat' dir='ltr'><strong>et</strong></span> <span class='ocrx_word' id='word_1_383' title='bbox 2453 2321 2790 2392; x_wconf 79' lang='lat' dir='ltr'><strong>angelorum,</strong></span> <span class='ocrx_word' id='word_1_384' title='bbox 2866 2325 3181 2381; x_wconf 85' lang='lat' dir='ltr'><strong>charitatem</strong></span> <span class='ocrx_word' id='word_1_385' title='bbox 3247 2337 3427 2380; x_wconf 89' lang='lat' dir='ltr'><strong>autem</strong></span> <span class='ocrx_word' id='word_1_386' title='bbox 3492 2347 3595 2381; x_wconf 67' lang='lat' dir='ltr'><strong>non</strong></span> 
     </span>
    </p>
   </div>
   <div class='ocr_carea' id='block_1_54' title="bbox 2013 2408 3596 2483">
    <p class='ocr_par' dir='ltr' id='par_1_54' title="bbox 2013 2408 3596 2483">
     <span class='ocr_line' id='line_1_54' title="bbox 2013 2408 3596 2483; baseline 0.006 -21"><span class='ocrx_word' id='word_1_387' title='bbox 2013 2408 2256 2472; x_wconf 78' lang='lat' dir='ltr'><strong>habeam,</strong></span> <span class='ocrx_word' id='word_1_388' title='bbox 2313 2411 2485 2482; x_wconf 82' lang='lat' dir='ltr'><strong>factus</strong></span> <span class='ocrx_word' id='word_1_389' title='bbox 2519 2429 2638 2466; x_wconf 88' lang='lat' dir='ltr'><strong>sum</strong></span> <span class='ocrx_word' id='word_1_390' title='bbox 2682 2415 2816 2468; x_wconf 85' lang='lat' dir='ltr'><strong>sicut</strong></span> <span class='ocrx_word' id='word_1_391' title='bbox 2847 2429 3193 2471; x_wconf 78' lang='lat' dir='ltr'><strong>a&#39;ramentum</strong></span> <span class='ocrx_word' id='word_1_392' title='bbox 3226 2419 3475 2483; x_wconf 87' lang='lat' dir='ltr'><strong>tinniens,</strong></span> <span class='ocrx_word' id='word_1_393' title='bbox 3507 2434 3596 2472; x_wconf 77' lang='lat' dir='ltr'><strong>usu</strong></span> 
     </span>
    </p>
   </div>
   <div class='ocr_carea' id='block_1_55' title="bbox 2014 2502 3597 2580">
    <p class='ocr_par' dir='ltr' id='par_1_55' title="bbox 2014 2502 3597 2580">
     <span class='ocr_line' id='line_1_55' title="bbox 2014 2502 3597 2580; baseline 0.004 -26"><span class='ocrx_word' id='word_1_394' title='bbox 2014 2502 2307 2572; x_wconf 83' lang='lat' dir='ltr'><strong>cymbalum</strong></span> <span class='ocrx_word' id='word_1_395' title='bbox 2333 2520 2685 2573; x_wconf 73' lang='lat' dir='ltr'><strong>concrepans.</strong></span> <span class='ocrx_word' id='word_1_396' title='bbox 2728 2505 2795 2560; x_wconf 86' lang='lat' dir='ltr'><strong>Et</strong></span> <span class='ocrx_word' id='word_1_397' title='bbox 2827 2509 2873 2560; x_wconf 90' lang='lat' dir='ltr'><strong>si</strong></span> <span class='ocrx_word' id='word_1_398' title='bbox 2907 2509 3138 2563; x_wconf 77' lang='lat' dir='ltr'><strong>habuero</strong></span> <span class='ocrx_word' id='word_1_399' title='bbox 3171 2514 3517 2580; x_wconf 76' lang='lat' dir='ltr'><strong>prophetiam,</strong></span> <span class='ocrx_word' id='word_1_400' title='bbox 3550 2527 3597 2564; x_wconf 82' lang='lat' dir='ltr'><strong>e.’</strong></span> 
     </span>
    </p>
   </div>
   <div class='ocr_carea' id='block_1_56' title="bbox 2013 2599 3598 2667">
    <p class='ocr_par' dir='ltr' id='par_1_56' title="bbox 2013 2599 3598 2667">
     <span class='ocr_line' id='line_1_56' title="bbox 2013 2599 3598 2667; baseline 0.006 -21"><span class='ocrx_word' id='word_1_401' title='bbox 2013 2610 2298 2664; x_wconf 83' lang='lat' dir='ltr'><strong>cognovero</strong></span> <span class='ocrx_word' id='word_1_402' title='bbox 2323 2599 2502 2650; x_wconf 84' lang='lat' dir='ltr'><strong>omnia</strong></span> <span class='ocrx_word' id='word_1_403' title='bbox 2538 2601 2814 2667; x_wconf 78' lang='lat' dir='ltr'><strong>mysteria,</strong></span> <span class='ocrx_word' id='word_1_404' title='bbox 2856 2610 2904 2651; x_wconf 90' lang='lat' dir='ltr'><strong>et</strong></span> <span class='ocrx_word' id='word_1_405' title='bbox 2947 2617 3152 2654; x_wconf 84' lang='lat' dir='ltr'><strong>onmem</strong></span> <span class='ocrx_word' id='word_1_406' title='bbox 3183 2604 3456 2656; x_wconf 84' lang='lat' dir='ltr'><strong>scientiam</strong></span> <span class='ocrx_word' id='word_1_407' title='bbox 3499 2621 3518 2658; x_wconf 88' lang='lat'><em>:</em></span> <span class='ocrx_word' id='word_1_408' title='bbox 3551 2617 3598 2657; x_wconf 82' lang='lat' dir='ltr'><strong>et</strong></span> 
     </span>
    </p>
   </div>
   <div class='ocr_carea' id='block_1_57' title="bbox 2011 2689 3599 2765">
    <p class='ocr_par' dir='ltr' id='par_1_57' title="bbox 2011 2689 3599 2765">
     <span class='ocr_line' id='line_1_57' title="bbox 2011 2689 3599 2765; baseline 0.006 -27"><span class='ocrx_word' id='word_1_409' title='bbox 2011 2689 2056 2739; x_wconf 89' lang='lat' dir='ltr'><strong>si</strong></span> <span class='ocrx_word' id='word_1_410' title='bbox 2097 2689 2326 2741; x_wconf 76' lang='lat' dir='ltr'><strong>habuero</strong></span> <span class='ocrx_word' id='word_1_411' title='bbox 2359 2691 2538 2758; x_wconf 78' lang='lat' dir='ltr'><strong>fidem,</strong></span> <span class='ocrx_word' id='word_1_412' title='bbox 2587 2693 2666 2744; x_wconf 92' lang='lat' dir='ltr'><strong>ita</strong></span> <span class='ocrx_word' id='word_1_413' title='bbox 2710 2701 2767 2744; x_wconf 89' lang='lat' dir='ltr'><strong>ut</strong></span> <span class='ocrx_word' id='word_1_414' title='bbox 2822 2703 3021 2748; x_wconf 85' lang='lat' dir='ltr'><strong>montes</strong></span> <span class='ocrx_word' id='word_1_415' title='bbox 3074 2695 3398 2765; x_wconf 74' lang='lat' dir='ltr'><strong>transferam</strong></span> <span class='ocrx_word' id='word_1_416' title='bbox 3428 2711 3448 2750; x_wconf 77' lang='lat'><strong>.&#39;</strong></span> <span class='ocrx_word' id='word_1_417' title='bbox 3478 2707 3526 2750; x_wconf 90' lang='lat' dir='ltr'><strong>et</strong></span> <span class='ocrx_word' id='word_1_418' title='bbox 3553 2701 3599 2749; x_wconf 88' lang='lat' dir='ltr'><strong>si</strong></span> 
     </span>
    </p>
   </div>
   <div class='ocr_carea' id='block_1_58' title="bbox 2013 2783 3597 2851">
    <p class='ocr_par' dir='ltr' id='par_1_58' title="bbox 2013 2783 3597 2851">
     <span class='ocr_line' id='line_1_58' title="bbox 2013 2783 3597 2851; baseline 0.004 -17"><span class='ocrx_word' id='word_1_419' title='bbox 2013 2783 2286 2836; x_wconf 81' lang='lat' dir='ltr'><strong>tradidero</strong></span> <span class='ocrx_word' id='word_1_420' title='bbox 2315 2785 2504 2850; x_wconf 72' lang='lat' dir='ltr'><strong>carpas</strong></span> <span class='ocrx_word' id='word_1_421' title='bbox 2563 2800 2761 2846; x_wconf 76' lang='lat' dir='ltr'><strong>incum,</strong></span> <span class='ocrx_word' id='word_1_422' title='bbox 2797 2785 2872 2838; x_wconf 87' lang='lat' dir='ltr'><strong>ita</strong></span> <span class='ocrx_word' id='word_1_423' title='bbox 2905 2796 2961 2838; x_wconf 93' lang='lat' dir='ltr'><strong>ut</strong></span> <span class='ocrx_word' id='word_1_424' title='bbox 2991 2787 3232 2851; x_wconf 86' lang='lat' dir='ltr'><strong>ardeam,</strong></span> <span class='ocrx_word' id='word_1_425' title='bbox 3280 2789 3597 2842; x_wconf 75' lang='lat' dir='ltr'><strong>charitateut</strong></span> 
     </span>
    </p>
   </div>
   <div class='ocr_carea' id='block_1_59' title="bbox 2011 2874 3595 2949">
    <p class='ocr_par' dir='ltr' id='par_1_59' title="bbox 2011 2874 3595 2949">
     <span class='ocr_line' id='line_1_59' title="bbox 2011 2874 3595 2949; baseline 0.006 -25"><span class='ocrx_word' id='word_1_426' title='bbox 2011 2885 2186 2926; x_wconf 86' lang='lat' dir='ltr'><strong>autent</strong></span> <span class='ocrx_word' id='word_1_427' title='bbox 2218 2891 2319 2926; x_wconf 86' lang='lat' dir='ltr'><strong>non</strong></span> <span class='ocrx_word' id='word_1_428' title='bbox 2343 2874 2585 2939; x_wconf 81' lang='lat' dir='ltr'><strong>habeam,</strong></span> <span class='ocrx_word' id='word_1_429' title='bbox 2620 2876 2752 2928; x_wconf 80' lang='lat' dir='ltr'><strong>nihil</strong></span> <span class='ocrx_word' id='word_1_430' title='bbox 2790 2893 2926 2930; x_wconf 87' lang='lat' dir='ltr'><strong>sum.</strong></span> <span class='ocrx_word' id='word_1_431' title='bbox 2967 2876 3216 2932; x_wconf 84' lang='lat' dir='ltr'><strong>Charitas</strong></span> <span class='ocrx_word' id='word_1_432' title='bbox 3253 2882 3595 2949; x_wconf 80' lang='lat' dir='ltr'><strong>magnaninm</strong></span> 
     </span>
    </p>
   </div>
   <div class='ocr_carea' id='block_1_60' title="bbox 2009 2965 3591 3036">
    <p class='ocr_par' dir='ltr' id='par_1_60' title="bbox 2009 2965 3591 3036">
     <span class='ocr_line' id='line_1_60' title="bbox 2009 2965 3591 3036; baseline 0.008 -22"><span class='ocrx_word' id='word_1_433' title='bbox 2009 2975 2084 3014; x_wconf 88' lang='lat' dir='ltr'><strong>est</strong></span> <span class='ocrx_word' id='word_1_434' title='bbox 2120 2978 2139 3015; x_wconf 90' lang='lat'><strong><em>:</em></strong></span> <span class='ocrx_word' id='word_1_435' title='bbox 2178 2965 2410 3016; x_wconf 87' lang='lat' dir='ltr'><strong>charitas</strong></span> <span class='ocrx_word' id='word_1_436' title='bbox 2451 2967 2673 3035; x_wconf 81' lang='lat' dir='ltr'><strong>benigna</strong></span> <span class='ocrx_word' id='word_1_437' title='bbox 2723 2978 2822 3030; x_wconf 83' lang='lat' dir='ltr'><strong>est,</strong></span> <span class='ocrx_word' id='word_1_438' title='bbox 2865 2969 3101 3024; x_wconf 81' lang='lat' dir='ltr'><strong>charitas</strong></span> <span class='ocrx_word' id='word_1_439' title='bbox 3139 2988 3241 3026; x_wconf 87' lang='lat' dir='ltr'><strong>non</strong></span> <span class='ocrx_word' id='word_1_440' title='bbox 3280 2973 3591 3036; x_wconf 74' lang='lat' dir='ltr'><strong>temulatur,</strong></span> 
     </span>
    </p>
   </div>
   <div class='ocr_carea' id='block_1_61' title="bbox 319 3056 1904 3146">
    <p class='ocr_par' dir='ltr' id='par_1_61' title="bbox 319 3063 1900 3136">
     <span class='ocr_line' id='line_1_61' title="bbox 319 3063 1900 3136; baseline 0.006 -23"><span class='ocrx_word' id='word_1_441' title='bbox 319 3065 622 3118; x_wconf 82' lang='lat' dir='ltr'><strong>credimus.</strong></span> <span class='ocrx_word' id='word_1_442' title='bbox 692 3063 830 3118; x_wconf 80' lang='lat' dir='ltr'><strong>Vera</strong></span> <span class='ocrx_word' id='word_1_443' title='bbox 877 3081 1112 3136; x_wconf 88' lang='lat' dir='ltr'><strong>namque</strong></span> <span class='ocrx_word' id='word_1_444' title='bbox 1171 3068 1280 3121; x_wconf 88' lang='lat' dir='ltr'><strong>vita</strong></span> <span class='ocrx_word' id='word_1_445' title='bbox 1348 3076 1434 3120; x_wconf 91' lang='lat' dir='ltr'><strong>est</strong></span> <span class='ocrx_word' id='word_1_446' title='bbox 1488 3067 1656 3121; x_wconf 89' lang='lat' dir='ltr'><strong>Deum</strong></span> <span class='ocrx_word' id='word_1_447' title='bbox 1717 3084 1900 3134; x_wconf 88' lang='lat' dir='ltr'><strong>nosse,</strong></span> 
     </span>
    </p>
   </div>
   <div class='ocr_carea' id='block_1_62' title="bbox 2017 3056 3592 3146">
    <p class='ocr_par' dir='ltr' id='par_1_62' title="bbox 2017 3056 3592 3130">
     <span class='ocr_line' id='line_1_62' title="bbox 2017 3056 3592 3130; baseline 0.01 -25"><span class='ocrx_word' id='word_1_448' title='bbox 2017 3071 2114 3107; x_wconf 81' lang='lat' dir='ltr'><strong>non</strong></span> <span class='ocrx_word' id='word_1_449' title='bbox 2155 3056 2396 3125; x_wconf 79' lang='lat' dir='ltr'><strong>inﬂatur,</strong></span> <span class='ocrx_word' id='word_1_450' title='bbox 2441 3074 2544 3113; x_wconf 80' lang='lat' dir='ltr'><strong>non</strong></span> <span class='ocrx_word' id='word_1_451' title='bbox 2577 3064 2685 3128; x_wconf 84' lang='lat' dir='ltr'><strong>agit</strong></span> <span class='ocrx_word' id='word_1_452' title='bbox 2716 3075 3012 3130; x_wconf 81' lang='lat' dir='ltr'><strong>perperam,</strong></span> <span class='ocrx_word' id='word_1_453' title='bbox 3045 3080 3148 3118; x_wconf 82' lang='lat' dir='ltr'><strong>non</strong></span> <span class='ocrx_word' id='word_1_454' title='bbox 3191 3065 3460 3130; x_wconf 81' lang='lat' dir='ltr'><strong>irritatur,</strong></span> <span class='ocrx_word' id='word_1_455' title='bbox 3488 3086 3592 3120; x_wconf 85' lang='lat' dir='ltr'><strong>non</strong></span> 
     </span>
    </p>
   </div>
   <div class='ocr_carea' id='block_1_63' title="bbox 323 3155 1902 3226">
    <p class='ocr_par' dir='ltr' id='par_1_63' title="bbox 323 3155 1902 3226">
     <span class='ocr_line' id='line_1_63' title="bbox 323 3155 1902 3226; baseline 0.004 -20"><span class='ocrx_word' id='word_1_456' title='bbox 323 3156 520 3208; x_wconf 81' lang='lat' dir='ltr'><strong>timere</strong></span> <span class='ocrx_word' id='word_1_457' title='bbox 570 3155 692 3223; x_wconf 87' lang='lat' dir='ltr'><strong>ejus</strong></span> <span class='ocrx_word' id='word_1_458' title='bbox 755 3159 1073 3226; x_wconf 86' lang='lat' dir='ltr'><strong>potentiam,</strong></span> <span class='ocrx_word' id='word_1_459' title='bbox 1139 3175 1326 3213; x_wconf 87' lang='lat' dir='ltr'><strong>amare</strong></span> <span class='ocrx_word' id='word_1_460' title='bbox 1380 3161 1658 3226; x_wconf 86' lang='lat' dir='ltr'><strong>pietatem.</strong></span> <span class='ocrx_word' id='word_1_461' title='bbox 1717 3159 1902 3214; x_wconf 89' lang='lat' dir='ltr'><strong>Timor</strong></span> 
     </span>
    </p>
   </div>
   <div class='ocr_carea' id='block_1_64' title="bbox 322 3248 1899 3321">
    <p class='ocr_par' dir='ltr' id='par_1_64' title="bbox 322 3248 1899 3321">
     <span class='ocr_line' id='line_1_64' title="bbox 322 3248 1899 3321; baseline 0.004 -21"><span class='ocrx_word' id='word_1_462' title='bbox 322 3263 560 3316; x_wconf 61' lang='lat' dir='ltr'><strong>nataque</strong></span> <span class='ocrx_word' id='word_1_463' title='bbox 597 3248 857 3303; x_wconf 75' lang='lat' dir='ltr'><strong>virtutum</strong></span> <span class='ocrx_word' id='word_1_464' title='bbox 903 3262 987 3304; x_wconf 87' lang='lat' dir='ltr'><strong>est</strong></span> <span class='ocrx_word' id='word_1_465' title='bbox 1017 3260 1226 3318; x_wconf 85' lang='lat' dir='ltr'><strong>custos,</strong></span> <span class='ocrx_word' id='word_1_466' title='bbox 1271 3255 1542 3306; x_wconf 84' lang='lat' dir='ltr'><strong>securitas</strong></span> <span class='ocrx_word' id='word_1_467' title='bbox 1574 3253 1639 3306; x_wconf 89' lang='lat' dir='ltr'><strong>ad</strong></span> <span class='ocrx_word' id='word_1_468' title='bbox 1690 3253 1899 3321; x_wconf 85' lang='lat' dir='ltr'><strong>lapsum</strong></span> 
     </span>
    </p>
   </div>
   <div class='ocr_carea' id='block_1_65' title="bbox 323 3341 1898 3411">
    <p class='ocr_par' dir='ltr' id='par_1_65' title="bbox 323 3341 1898 3411">
     <span class='ocr_line' id='line_1_65' title="bbox 323 3341 1898 3411; baseline 0.004 -18"><span class='ocrx_word' id='word_1_469' title='bbox 323 3342 522 3394; x_wconf 73' lang='lat' dir='ltr'><strong>facilis.</strong></span> <span class='ocrx_word' id='word_1_470' title='bbox 561 3341 619 3394; x_wconf 86' lang='lat' dir='ltr'><strong>Si</strong></span> <span class='ocrx_word' id='word_1_471' title='bbox 659 3357 918 3411; x_wconf 84' lang='lat' dir='ltr'><strong>pavorem</strong></span> <span class='ocrx_word' id='word_1_472' title='bbox 952 3343 1234 3411; x_wconf 83' lang='lat' dir='ltr'><strong>habueris,</strong></span> <span class='ocrx_word' id='word_1_473' title='bbox 1269 3346 1540 3400; x_wconf 89' lang='lat' dir='ltr'><strong>sollicitus</strong></span> <span class='ocrx_word' id='word_1_474' title='bbox 1582 3346 1731 3410; x_wconf 86' lang='lat' dir='ltr'><strong>eris;</strong></span> <span class='ocrx_word' id='word_1_475' title='bbox 1773 3363 1824 3398; x_wconf 88' lang='lat' dir='ltr'><strong>et</strong></span> <span class='ocrx_word' id='word_1_476' title='bbox 1854 3347 1898 3400; x_wconf 88' lang='lat' dir='ltr'><strong>si</strong></span> 
     </span>
    </p>
   </div>
   <div class='ocr_carea' id='block_1_66' title="bbox 319 3434 1901 3501">
    <p class='ocr_par' dir='ltr' id='par_1_66' title="bbox 319 3434 1901 3501">
     <span class='ocr_line' id='line_1_66' title="bbox 319 3434 1901 3501; baseline 0.003 -13"><span class='ocrx_word' id='word_1_477' title='bbox 319 3435 591 3489; x_wconf 87' lang='lat' dir='ltr'><strong>sollicitus</strong></span> <span class='ocrx_word' id='word_1_478' title='bbox 622 3434 810 3501; x_wconf 76' lang='lat' dir='ltr'><strong>lueris,</strong></span> <span class='ocrx_word' id='word_1_479' title='bbox 842 3435 925 3488; x_wconf 87' lang='lat' dir='ltr'><strong>leo</strong></span> <span class='ocrx_word' id='word_1_480' title='bbox 958 3435 1009 3488; x_wconf 89' lang='lat' dir='ltr'><strong>in</strong></span> <span class='ocrx_word' id='word_1_481' title='bbox 1036 3438 1221 3490; x_wconf 85' lang='lat' dir='ltr'><strong>caulas</strong></span> <span class='ocrx_word' id='word_1_482' title='bbox 1250 3439 1431 3490; x_wconf 87' lang='lat' dir='ltr'><strong>oviqu</strong></span> <span class='ocrx_word' id='word_1_483' title='bbox 1454 3448 1669 3492; x_wconf 85' lang='lat' dir='ltr'><strong>tuarum</strong></span> <span class='ocrx_word' id='word_1_484' title='bbox 1696 3439 1901 3492; x_wconf 58' lang='lat' dir='ltr'><strong>intrare</strong></span> 
     </span>
    </p>
   </div>
   <div class='ocr_carea' id='block_1_67' title="bbox 320 3524 1897 3596">
    <p class='ocr_par' dir='ltr' id='par_1_67' title="bbox 320 3524 1897 3596">
     <span class='ocr_line' id='line_1_67' title="bbox 320 3524 1897 3596; baseline 0.002 -19"><span class='ocrx_word' id='word_1_485' title='bbox 320 3541 431 3579; x_wconf 85' lang='lat' dir='ltr'><strong>non</strong></span> <span class='ocrx_word' id='word_1_486' title='bbox 463 3524 684 3595; x_wconf 87' lang='lat' dir='ltr'><strong>poterit.</strong></span> <span class='ocrx_word' id='word_1_487' title='bbox 723 3525 876 3590; x_wconf 85' lang='lat' dir='ltr'><strong>Quod</strong></span> <span class='ocrx_word' id='word_1_488' title='bbox 929 3526 1014 3579; x_wconf 78' lang='lat' dir='ltr'><strong>Vel</strong></span> <span class='ocrx_word' id='word_1_489' title='bbox 1057 3526 1124 3580; x_wconf 87' lang='lat' dir='ltr'><strong>ad</strong></span> <span class='ocrx_word' id='word_1_490' title='bbox 1166 3527 1486 3596; x_wconf 62' lang='lat' dir='ltr'><strong>praepositos</strong></span> <span class='ocrx_word' id='word_1_491' title='bbox 1511 3527 1897 3590; x_wconf 83' lang='lat' dir='ltr'><strong>ecclesiarum,</strong></span> 
     </span>
    </p>
   </div>
   <div class='ocr_carea' id='block_1_68' title="bbox 319 3624 1900 3693">
    <p class='ocr_par' dir='ltr' id='par_1_68' title="bbox 319 3624 1900 3693">
     <span class='ocr_line' id='line_1_68' title="bbox 319 3624 1900 3693; baseline 0.003 -17"><span class='ocrx_word' id='word_1_492' title='bbox 319 3626 404 3677; x_wconf 88' lang='lat' dir='ltr'><strong>vel</strong></span> <span class='ocrx_word' id='word_1_493' title='bbox 459 3628 526 3677; x_wconf 84' lang='lat' dir='ltr'><strong>ad</strong></span> <span class='ocrx_word' id='word_1_494' title='bbox 562 3624 757 3678; x_wconf 79' lang='lat' dir='ltr'><strong>anima:</strong></span> <span class='ocrx_word' id='word_1_495' title='bbox 803 3626 1080 3679; x_wconf 82' lang='lat' dir='ltr'><strong>custodem</strong></span> <span class='ocrx_word' id='word_1_496' title='bbox 1145 3627 1404 3693; x_wconf 84' lang='lat' dir='ltr'><strong>pertinet.</strong></span> <span class='ocrx_word' id='word_1_497' title='bbox 1437 3627 1537 3692; x_wconf 81' lang='lat' dir='ltr'><strong>Qui</strong></span> <span class='ocrx_word' id='word_1_498' title='bbox 1594 3638 1785 3682; x_wconf 87' lang='lat' dir='ltr'><strong>cautus</strong></span> <span class='ocrx_word' id='word_1_499' title='bbox 1817 3637 1900 3681; x_wconf 69' lang='lat' dir='ltr'><strong>est</strong></span> 
     </span>
    </p>
   </div>
   <div class='ocr_carea' id='block_1_69' title="bbox 315 3718 1894 3800">
    <p class='ocr_par' dir='ltr' id='par_1_69' title="bbox 315 3718 1894 3800">
     <span class='ocr_line' id='line_1_69' title="bbox 315 3718 1894 3800; baseline 0.002 -30"><span class='ocrx_word' id='word_1_500' title='bbox 315 3728 372 3770; x_wconf 81' lang='lat' dir='ltr'><strong>et</strong></span> <span class='ocrx_word' id='word_1_501' title='bbox 413 3718 653 3800; x_wconf 71' lang='lat' dir='ltr'><strong>timidus,</strong></span> <span class='ocrx_word' id='word_1_502' title='bbox 703 3726 884 3788; x_wconf 78' lang='lat' dir='ltr'><strong>potest</strong></span> <span class='ocrx_word' id='word_1_503' title='bbox 937 3720 1001 3772; x_wconf 82' lang='lat' dir='ltr'><strong>ad</strong></span> <span class='ocrx_word' id='word_1_504' title='bbox 1035 3730 1251 3789; x_wconf 88' lang='lat' dir='ltr'><strong>tempus</strong></span> <span class='ocrx_word' id='word_1_505' title='bbox 1283 3720 1458 3773; x_wconf 87' lang='lat' dir='ltr'><strong>vitare</strong></span> <span class='ocrx_word' id='word_1_506' title='bbox 1505 3733 1757 3786; x_wconf 74' lang='lat' dir='ltr'><strong>peccata;</strong></span> <span class='ocrx_word' id='word_1_507' title='bbox 1805 3723 1894 3789; x_wconf 93' lang='lat' dir='ltr'><strong>qui</strong></span> 
     </span>
    </p>
   </div>
   <div class='ocr_carea' id='block_1_70' title="bbox 316 3811 1896 3879">
    <p class='ocr_par' dir='ltr' id='par_1_70' title="bbox 316 3811 1896 3879">
     <span class='ocr_line' id='line_1_70' title="bbox 316 3811 1896 3879; baseline 0.001 -15"><span class='ocrx_word' id='word_1_508' title='bbox 316 3826 549 3866; x_wconf 86' lang='lat' dir='ltr'><strong>securus</strong></span> <span class='ocrx_word' id='word_1_509' title='bbox 572 3823 658 3866; x_wconf 85' lang='lat' dir='ltr'><strong>est</strong></span> <span class='ocrx_word' id='word_1_510' title='bbox 686 3812 754 3866; x_wconf 88' lang='lat' dir='ltr'><strong>de</strong></span> <span class='ocrx_word' id='word_1_511' title='bbox 785 3811 998 3879; x_wconf 84' lang='lat' dir='ltr'><strong>justitia</strong></span> <span class='ocrx_word' id='word_1_512' title='bbox 1026 3826 1149 3877; x_wconf 86' lang='lat' dir='ltr'><strong>sua,</strong></span> <span class='ocrx_word' id='word_1_513' title='bbox 1185 3821 1444 3879; x_wconf 77' lang='lat' dir='ltr'><strong>repugnat</strong></span> <span class='ocrx_word' id='word_1_514' title='bbox 1487 3813 1596 3866; x_wconf 87' lang='lat' dir='ltr'><strong>Deo</strong></span> <span class='ocrx_word' id='word_1_515' title='bbox 1627 3812 1640 3842; x_wconf 87' lang='grc'>¹</span> <span class='ocrx_word' id='word_1_516' title='bbox 1678 3831 1692 3865; x_wconf 87' lang='lat'>:</span> <span class='ocrx_word' id='word_1_517' title='bbox 1721 3814 1896 3866; x_wconf 88' lang='lat' dir='ltr'><strong>illius-</strong></span> 
     </span>
    </p>
   </div>
   <div class='ocr_carea' id='block_1_71' title="bbox 317 3903 1900 3973">
    <p class='ocr_par' dir='ltr' id='par_1_71' title="bbox 317 3903 1900 3973">
     <span class='ocr_line' id='line_1_71' title="bbox 317 3903 1900 3973; baseline 0.003 -19"><span class='ocrx_word' id='word_1_518' title='bbox 317 3918 426 3973; x_wconf 86' lang='lat' dir='ltr'><strong>que</strong></span> <span class='ocrx_word' id='word_1_519' title='bbox 454 3904 660 3958; x_wconf 73' lang='lat' dir='ltr'><strong>ausilio</strong></span> <span class='ocrx_word' id='word_1_520' title='bbox 688 3905 1004 3968; x_wconf 73' lang='lat' dir='ltr'><strong>destitutus,</strong></span> <span class='ocrx_word' id='word_1_521' title='bbox 1036 3904 1249 3958; x_wconf 85' lang='lat' dir='ltr'><strong>insidiis</strong></span> <span class='ocrx_word' id='word_1_522' title='bbox 1280 3903 1519 3957; x_wconf 86' lang='lat' dir='ltr'><strong>hostium</strong></span> <span class='ocrx_word' id='word_1_523' title='bbox 1553 3912 1718 3970; x_wconf 80' lang='lat' dir='ltr'><strong>patet.</strong></span> <span class='ocrx_word' id='word_1_524' title='bbox 1751 3903 1900 3958; x_wconf 80' lang='lat' dir='ltr'><strong>Nun-</strong></span> 
     </span>
    </p>
   </div>
   <div class='ocr_carea' id='block_1_72' title="bbox 317 3998 1899 4068">
    <p class='ocr_par' dir='ltr' id='par_1_72' title="bbox 317 3998 1899 4068">
     <span class='ocr_line' id='line_1_72' title="bbox 317 3998 1899 4068; baseline 0.001 -18"><span class='ocrx_word' id='word_1_525' title='bbox 317 4012 487 4064; x_wconf 86' lang='lat' dir='ltr'><strong>quam</strong></span> <span class='ocrx_word' id='word_1_526' title='bbox 520 4006 632 4050; x_wconf 88' lang='lat' dir='ltr'><strong>tuta</strong></span> <span class='ocrx_word' id='word_1_527' title='bbox 665 4009 751 4050; x_wconf 81' lang='lat' dir='ltr'><strong>est</strong></span> <span class='ocrx_word' id='word_1_528' title='bbox 773 3998 1009 4050; x_wconf 81' lang='lat' dir='ltr'><strong>humana</strong></span> <span class='ocrx_word' id='word_1_529' title='bbox 1054 3998 1324 4066; x_wconf 75' lang='lat' dir='ltr'><strong>lragilitas</strong></span> <span class='ocrx_word' id='word_1_530' title='bbox 1350 4014 1366 4064; x_wconf 85' lang='lat'><strong>;</strong></span> <span class='ocrx_word' id='word_1_531' title='bbox 1391 4007 1443 4051; x_wconf 88' lang='lat' dir='ltr'><strong>et</strong></span> <span class='ocrx_word' id='word_1_532' title='bbox 1475 4011 1682 4066; x_wconf 88' lang='lat' dir='ltr'><strong>quanto</strong></span> <span class='ocrx_word' id='word_1_533' title='bbox 1731 4000 1899 4068; x_wconf 67' lang='lat' dir='ltr'><strong>inagis</strong></span> 
     </span>
    </p>
   </div>
   <div class='ocr_carea' id='block_1_73' title="bbox 318 4089 1894 4158">
    <p class='ocr_par' dir='ltr' id='par_1_73' title="bbox 318 4089 1894 4158">
     <span class='ocr_line' id='line_1_73' title="bbox 318 4089 1894 4158; baseline 0.001 -15"><span class='ocrx_word' id='word_1_534' title='bbox 318 4092 618 4144; x_wconf 80' lang='lat' dir='ltr'><strong>virtutibus</strong></span> <span class='ocrx_word' id='word_1_535' title='bbox 651 4089 972 4153; x_wconf 87' lang='lat' dir='ltr'><strong>crescimus,</strong></span> <span class='ocrx_word' id='word_1_536' title='bbox 1005 4099 1159 4142; x_wconf 89' lang='lat' dir='ltr'><strong>tanto</strong></span> <span class='ocrx_word' id='word_1_537' title='bbox 1191 4089 1362 4158; x_wconf 86' lang='lat' dir='ltr'><strong>magis</strong></span> <span class='ocrx_word' id='word_1_538' title='bbox 1392 4091 1583 4144; x_wconf 88' lang='lat' dir='ltr'><strong>timere</strong></span> <span class='ocrx_word' id='word_1_539' title='bbox 1609 4091 1894 4152; x_wconf 86' lang='lat' dir='ltr'><strong>debemus,</strong></span> 
     </span>
    </p>
   </div>
   <div class='ocr_carea' id='block_1_74' title="bbox 317 4180 1895 4250">
    <p class='ocr_par' dir='ltr' id='par_1_74' title="bbox 317 4180 1895 4250">
     <span class='ocr_line' id='line_1_74' title="bbox 317 4180 1895 4250; baseline 0 -14"><span class='ocrx_word' id='word_1_540' title='bbox 317 4198 390 4236; x_wconf 87' lang='lat' dir='ltr'><strong>ne</strong></span> <span class='ocrx_word' id='word_1_541' title='bbox 423 4182 491 4236; x_wconf 86' lang='lat' dir='ltr'><strong>de</strong></span> <span class='ocrx_word' id='word_1_542' title='bbox 524 4182 851 4235; x_wconf 80' lang='lat' dir='ltr'><strong>sublimibus</strong></span> <span class='ocrx_word' id='word_1_543' title='bbox 868 4195 1206 4234; x_wconf 85' lang='lat' dir='ltr'><strong>corruamus.</strong></span> <span class='ocrx_word' id='word_1_544' title='bbox 1228 4180 1282 4236; x_wconf 90' lang='lat' dir='ltr'><strong>Si</strong></span> <span class='ocrx_word' id='word_1_545' title='bbox 1309 4181 1465 4250; x_wconf 79' lang='lat' dir='ltr'><strong>juxta</strong></span> <span class='ocrx_word' id='word_1_546' title='bbox 1491 4182 1852 4236; x_wconf 74' lang='lat' dir='ltr'><strong>Ecclesiasten</strong></span> <span class='ocrx_word' id='word_1_547' title='bbox 1880 4201 1895 4236; x_wconf 91' lang='lat'><strong>:</strong></span> 
     </span>
    </p>
   </div>
   <div class='ocr_carea' id='block_1_75' title="bbox 315 4272 1895 4342">
    <p class='ocr_par' dir='ltr' id='par_1_75' title="bbox 315 4272 1895 4342">
     <span class='ocr_line' id='line_1_75' title="bbox 315 4272 1895 4342; baseline -0.002 -12"><span class='ocrx_word' id='word_1_548' title='bbox 315 4276 497 4330; x_wconf 75' lang='lat' dir='ltr'><strong>Radix</strong></span> <span class='ocrx_word' id='word_1_549' title='bbox 550 4274 826 4342; x_wconf 76' lang='lat' dir='ltr'><strong>sapientia:</strong></span> <span class='ocrx_word' id='word_1_550' title='bbox 880 4283 957 4326; x_wconf 87' lang='lat' dir='ltr'><strong>est</strong></span> <span class='ocrx_word' id='word_1_551' title='bbox 990 4274 1170 4326; x_wconf 85' lang='lat' dir='ltr'><strong>timere</strong></span> <span class='ocrx_word' id='word_1_552' title='bbox 1211 4274 1374 4326; x_wconf 87' lang='lat' dir='ltr'><strong>Deum</strong></span> <span class='ocrx_word' id='word_1_553' title='bbox 1425 4272 1617 4341; x_wconf 85' lang='lat' dir='ltr'><strong>(Eccli.</strong></span> <span class='ocrx_word' id='word_1_554' title='bbox 1671 4290 1710 4336; x_wconf 82' lang='grc' dir='ltr'>ι,</span> <span class='ocrx_word' id='word_1_555' title='bbox 1763 4275 1895 4341; x_wconf 65' lang='lat'><strong>25);</strong></span> 
     </span>
    </p>
   </div>
   <div class='ocr_carea' id='block_1_76' title="bbox 316 4365 1893 4434">
    <p class='ocr_par' dir='ltr' id='par_1_76' title="bbox 316 4365 1893 4434">
     <span class='ocr_line' id='line_1_76' title="bbox 316 4365 1893 4434; baseline 0 -13"><span class='ocrx_word' id='word_1_556' title='bbox 316 4370 527 4422; x_wconf 78' lang='lat' dir='ltr'><strong>fructus</strong></span> <span class='ocrx_word' id='word_1_557' title='bbox 563 4367 684 4434; x_wconf 88' lang='lat' dir='ltr'><strong>quis</strong></span> <span class='ocrx_word' id='word_1_558' title='bbox 712 4375 814 4428; x_wconf 85' lang='lat' dir='ltr'><strong>est,</strong></span> <span class='ocrx_word' id='word_1_559' title='bbox 853 4365 968 4432; x_wconf 24' lang='lat' dir='ltr'><strong>nisi,</strong></span> <span class='ocrx_word' id='word_1_560' title='bbox 995 4365 1179 4420; x_wconf 88' lang='lat' dir='ltr'><strong>videre</strong></span> <span class='ocrx_word' id='word_1_561' title='bbox 1203 4365 1416 4420; x_wconf 85' lang='lat' dir='ltr'><strong>Deum?</strong></span> <span class='ocrx_word' id='word_1_562' title='bbox 1453 4365 1660 4419; x_wconf 86' lang='lat' dir='ltr'><strong>Bonum</strong></span> <span class='ocrx_word' id='word_1_563' title='bbox 1713 4379 1893 4430; x_wconf 86' lang='lat' dir='ltr'><strong>autem</strong></span> 
     </span>
    </p>
   </div>
   <div class='ocr_carea' id='block_1_77' title="bbox 2011 3147 3593 3229">
    <p class='ocr_par' dir='ltr' id='par_1_77' title="bbox 2011 3147 3593 3229">
     <span class='ocr_line' id='line_1_77' title="bbox 2011 3147 3593 3229; baseline 0.008 -31"><span class='ocrx_word' id='word_1_564' title='bbox 2011 3147 2309 3217; x_wconf 77' lang='lat' dir='ltr'><strong>confundit,</strong></span> <span class='ocrx_word' id='word_1_565' title='bbox 2379 3168 2482 3204; x_wconf 85' lang='lat' dir='ltr'><strong>non</strong></span> <span class='ocrx_word' id='word_1_566' title='bbox 2519 3157 2860 3222; x_wconf 66' lang='lat' dir='ltr'><strong>quaeritque:</strong></span> <span class='ocrx_word' id='word_1_567' title='bbox 2902 3171 3000 3209; x_wconf 88' lang='lat' dir='ltr'><strong>sua</strong></span> <span class='ocrx_word' id='word_1_568' title='bbox 3045 3167 3189 3223; x_wconf 87' lang='lat' dir='ltr'><strong>sunt,</strong></span> <span class='ocrx_word' id='word_1_569' title='bbox 3245 3175 3350 3213; x_wconf 85' lang='lat' dir='ltr'><strong>non</strong></span> <span class='ocrx_word' id='word_1_570' title='bbox 3400 3165 3593 3229; x_wconf 81' lang='lat' dir='ltr'><strong>cogitat</strong></span> 
     </span>
    </p>
   </div>
   <div class='ocr_carea' id='block_1_78' title="bbox 2011 3241 3592 3324">
    <p class='ocr_par' dir='ltr' id='par_1_78' title="bbox 2011 3241 3592 3324">
     <span class='ocr_line' id='line_1_78' title="bbox 2011 3241 3592 3324; baseline 0.011 -34"><span class='ocrx_word' id='word_1_571' title='bbox 2011 3241 2235 3305; x_wconf 76' lang='lat' dir='ltr'><strong>malum,</strong></span> <span class='ocrx_word' id='word_1_572' title='bbox 2271 3259 2374 3297; x_wconf 85' lang='lat' dir='ltr'><strong>non</strong></span> <span class='ocrx_word' id='word_1_573' title='bbox 2426 3251 2618 3314; x_wconf 83' lang='lat' dir='ltr'><strong>gaudet</strong></span> <span class='ocrx_word' id='word_1_574' title='bbox 2657 3265 2815 3317; x_wconf 83' lang='lat' dir='ltr'><strong>super</strong></span> <span class='ocrx_word' id='word_1_575' title='bbox 2853 3252 3145 3320; x_wconf 79' lang='lat' dir='ltr'><strong>injustitia,</strong></span> <span class='ocrx_word' id='word_1_576' title='bbox 3176 3255 3372 3324; x_wconf 85' lang='lat' dir='ltr'><strong>gaudet</strong></span> <span class='ocrx_word' id='word_1_577' title='bbox 3414 3265 3592 3308; x_wconf 83' lang='lat' dir='ltr'><strong>autem</strong></span> 
     </span>
    </p>
   </div>
   <div class='ocr_carea' id='block_1_79' title="bbox 2010 3335 3592 3412">
    <p class='ocr_par' dir='ltr' id='par_1_79' title="bbox 2010 3335 3592 3412">
     <span class='ocr_line' id='line_1_79' title="bbox 2010 3335 3592 3412; baseline 0.009 -25"><span class='ocrx_word' id='word_1_578' title='bbox 2010 3335 2071 3388; x_wconf 83' lang='lat' dir='ltr'><strong>de</strong></span> <span class='ocrx_word' id='word_1_579' title='bbox 2099 3341 2339 3392; x_wconf 85' lang='lat' dir='ltr'><strong>veritate.</strong></span> <span class='ocrx_word' id='word_1_580' title='bbox 2396 3336 2586 3393; x_wconf 85' lang='lat' dir='ltr'><strong>Omnia</strong></span> <span class='ocrx_word' id='word_1_581' title='bbox 2635 3344 2884 3411; x_wconf 80' lang='lat' dir='ltr'><strong>sustinet,</strong></span> <span class='ocrx_word' id='word_1_582' title='bbox 2943 3349 3122 3400; x_wconf 88' lang='lat' dir='ltr'><strong>omnia</strong></span> <span class='ocrx_word' id='word_1_583' title='bbox 3169 3349 3360 3412; x_wconf 87' lang='lat' dir='ltr'><strong>credit,</strong></span> <span class='ocrx_word' id='word_1_584' title='bbox 3409 3366 3592 3402; x_wconf 76' lang='lat' dir='ltr'><strong>omnia</strong></span> 
     </span>
    </p>
   </div>
   <div class='ocr_carea' id='block_1_80' title="bbox 2009 3431 3590 3512">
    <p class='ocr_par' dir='ltr' id='par_1_80' title="bbox 2009 3431 3590 3512">
     <span class='ocr_line' id='line_1_80' title="bbox 2009 3431 3590 3512; baseline 0.012 -34"><span class='ocrx_word' id='word_1_585' title='bbox 2009 3439 2184 3493; x_wconf 89' lang='lat' dir='ltr'><strong>sperat</strong></span> <span class='ocrx_word' id='word_1_586' title='bbox 2217 3444 2236 3482; x_wconf 89' lang='lat'><strong><em>:</em></strong></span> <span class='ocrx_word' id='word_1_587' title='bbox 2265 3431 2501 3484; x_wconf 85' lang='lat' dir='ltr'><strong>charitas</strong></span> <span class='ocrx_word' id='word_1_588' title='bbox 2545 3447 2822 3504; x_wconf 85' lang='lat' dir='ltr'><strong>nunquam</strong></span> <span class='ocrx_word' id='word_1_589' title='bbox 2851 3441 3042 3493; x_wconf 70' lang='lat' dir='ltr'><strong>excidit</strong></span> <span class='ocrx_word' id='word_1_590' title='bbox 3066 3440 3112 3509; x_wconf 79' lang='lat' dir='ltr'><strong>(l</strong></span> <span class='ocrx_word' id='word_1_591' title='bbox 3141 3439 3268 3495; x_wconf 88' lang='lat' dir='ltr'><strong>Cor.</strong></span> <span class='ocrx_word' id='word_1_592' title='bbox 3305 3459 3422 3506; x_wconf 76' lang='lat' dir='ltr'><strong>xm,</strong></span> <span class='ocrx_word' id='word_1_593' title='bbox 3451 3445 3590 3512; x_wconf 87' lang='grc'><strong>1-8).</strong></span> 
     </span>
    </p>
   </div>
   <div class='ocr_carea' id='block_1_81' title="bbox 2010 3522 3591 3598">
    <p class='ocr_par' dir='ltr' id='par_1_81' title="bbox 2010 3522 3591 3598">
     <span class='ocr_line' id='line_1_81' title="bbox 2010 3522 3591 3598; baseline 0.008 -24"><span class='ocrx_word' id='word_1_594' title='bbox 2010 3522 2151 3576; x_wconf 83' lang='lat' dir='ltr'><strong>Nihil</strong></span> <span class='ocrx_word' id='word_1_595' title='bbox 2193 3526 2338 3576; x_wconf 87' lang='lat' dir='ltr'><strong>enim</strong></span> <span class='ocrx_word' id='word_1_596' title='bbox 2371 3528 2681 3582; x_wconf 83' lang='lat' dir='ltr'><strong>amantibus</strong></span> <span class='ocrx_word' id='word_1_597' title='bbox 2740 3532 2932 3584; x_wconf 85' lang='lat' dir='ltr'><strong>durum</strong></span> <span class='ocrx_word' id='word_1_598' title='bbox 2983 3546 3088 3598; x_wconf 88' lang='lat' dir='ltr'><strong>est,</strong></span> <span class='ocrx_word' id='word_1_599' title='bbox 3147 3535 3326 3596; x_wconf 86' lang='lat' dir='ltr'><strong>nullus</strong></span> <span class='ocrx_word' id='word_1_600' title='bbox 3357 3536 3591 3590; x_wconf 71' lang='lat' dir='ltr'><strong>difﬁcilis</strong></span> 
     </span>
    </p>
   </div>
   <div class='ocr_carea' id='block_1_82' title="bbox 2009 3615 3590 3698">
    <p class='ocr_par' dir='ltr' id='par_1_82' title="bbox 2009 3615 3590 3698">
     <span class='ocr_line' id='line_1_82' title="bbox 2009 3615 3590 3698; baseline 0.011 -34"><span class='ocrx_word' id='word_1_601' title='bbox 2009 3627 2086 3665; x_wconf 82' lang='lat' dir='ltr'><strong>t-st</strong></span> <span class='ocrx_word' id='word_1_602' title='bbox 2117 3615 2464 3682; x_wconf 82' lang='lat' dir='ltr'><strong>cupientibus</strong></span> <span class='ocrx_word' id='word_1_603' title='bbox 2497 3616 2667 3673; x_wconf 85' lang='lat' dir='ltr'><strong>labor.</strong></span> <span class='ocrx_word' id='word_1_604' title='bbox 2713 3619 2871 3676; x_wconf 80' lang='lat' dir='ltr'><strong>Solus</strong></span> <span class='ocrx_word' id='word_1_605' title='bbox 2911 3633 3088 3678; x_wconf 86' lang='lat' dir='ltr'><strong>tamen</strong></span> <span class='ocrx_word' id='word_1_606' title='bbox 3144 3627 3231 3678; x_wconf 89' lang='lat' dir='ltr'><strong>ille</strong></span> <span class='ocrx_word' id='word_1_607' title='bbox 3277 3644 3432 3682; x_wconf 84' lang='lat' dir='ltr'><strong>amor</strong></span> <span class='ocrx_word' id='word_1_608' title='bbox 3465 3647 3590 3698; x_wconf 81' lang='lat' dir='ltr'><strong>pro-</strong></span> 
     </span>
    </p>
   </div>
   <div class='ocr_carea' id='block_1_83' title="bbox 2011 3706 3585 3788">
    <p class='ocr_par' dir='ltr' id='par_1_83' title="bbox 2011 3706 3585 3788">
     <span class='ocr_line' id='line_1_83' title="bbox 2011 3706 3585 3788; baseline 0.011 -30"><span class='ocrx_word' id='word_1_609' title='bbox 2011 3706 2204 3760; x_wconf 84' lang='lat' dir='ltr'><strong>baiulis</strong></span> <span class='ocrx_word' id='word_1_610' title='bbox 2227 3716 2330 3770; x_wconf 84' lang='lat' dir='ltr'><strong>est,</strong></span> <span class='ocrx_word' id='word_1_611' title='bbox 2357 3710 2446 3776; x_wconf 91' lang='lat' dir='ltr'><strong>qui</strong></span> <span class='ocrx_word' id='word_1_612' title='bbox 2487 3710 2598 3765; x_wconf 88' lang='lat' dir='ltr'><strong>Deo</strong></span> <span class='ocrx_word' id='word_1_613' title='bbox 2637 3722 2691 3764; x_wconf 90' lang='lat' dir='ltr'><strong>et</strong></span> <span class='ocrx_word' id='word_1_614' title='bbox 2736 3713 3028 3771; x_wconf 84' lang='lat' dir='ltr'><strong>virtutibus</strong></span> <span class='ocrx_word' id='word_1_615' title='bbox 3061 3719 3256 3772; x_wconf 67' lang='lat' dir='ltr'><strong>animm</strong></span> <span class='ocrx_word' id='word_1_616' title='bbox 3284 3732 3585 3788; x_wconf 84' lang='lat' dir='ltr'><strong>coaptatur.</strong></span> 
     </span>
    </p>
   </div>
   <div class='ocr_carea' id='block_1_84' title="bbox 2009 3796 3591 3878">
    <p class='ocr_par' dir='ltr' id='par_1_84' title="bbox 2009 3796 3591 3878">
     <span class='ocr_line' id='line_1_84' title="bbox 2009 3796 3591 3878; baseline 0.012 -31"><span class='ocrx_word' id='word_1_617' title='bbox 2009 3796 2158 3850; x_wconf 74' lang='lat' dir='ltr'><strong>Nihil</strong></span> <span class='ocrx_word' id='word_1_618' title='bbox 2199 3808 2283 3851; x_wconf 79' lang='lat' dir='ltr'><strong>est</strong></span> <span class='ocrx_word' id='word_1_619' title='bbox 2315 3802 2458 3854; x_wconf 85' lang='lat' dir='ltr'><strong>enim</strong></span> <span class='ocrx_word' id='word_1_620' title='bbox 2491 3805 2632 3870; x_wconf 90' lang='lat' dir='ltr'><strong>quod</strong></span> <span class='ocrx_word' id='word_1_621' title='bbox 2669 3817 2772 3858; x_wconf 89' lang='lat' dir='ltr'><strong>non</strong></span> <span class='ocrx_word' id='word_1_622' title='bbox 2810 3807 3020 3871; x_wconf 88' lang='lat' dir='ltr'><strong>toleret,</strong></span> <span class='ocrx_word' id='word_1_623' title='bbox 3060 3809 3152 3876; x_wconf 90' lang='lat' dir='ltr'><strong>qui</strong></span> <span class='ocrx_word' id='word_1_624' title='bbox 3193 3809 3436 3878; x_wconf 81' lang='lat' dir='ltr'><strong>perfecte</strong></span> <span class='ocrx_word' id='word_1_625' title='bbox 3469 3815 3591 3867; x_wconf 88' lang='lat' dir='ltr'><strong>dili-</strong></span> 
     </span>
    </p>
   </div>
   <div class='ocr_carea' id='block_1_85' title="bbox 2007 3891 3589 3964">
    <p class='ocr_par' dir='ltr' id='par_1_85' title="bbox 2007 3891 3589 3964">
     <span class='ocr_line' id='line_1_85' title="bbox 2007 3891 3589 3964; baseline 0.012 -23"><span class='ocrx_word' id='word_1_626' title='bbox 2007 3891 2102 3958; x_wconf 87' lang='lat' dir='ltr'><strong>git.</strong></span> <span class='ocrx_word' id='word_1_627' title='bbox 2139 3891 2239 3956; x_wconf 85' lang='lat' dir='ltr'><strong>Qui</strong></span> <span class='ocrx_word' id='word_1_628' title='bbox 2265 3902 2445 3946; x_wconf 81' lang='lat' dir='ltr'><strong>autem</strong></span> <span class='ocrx_word' id='word_1_629' title='bbox 2481 3894 2826 3950; x_wconf 87' lang='lat' dir='ltr'><strong>clementiam</strong></span> <span class='ocrx_word' id='word_1_630' title='bbox 2863 3912 2968 3953; x_wconf 90' lang='lat' dir='ltr'><strong>non</strong></span> <span class='ocrx_word' id='word_1_631' title='bbox 3009 3900 3190 3964; x_wconf 81' lang='lat' dir='ltr'><strong>habet,</strong></span> <span class='ocrx_word' id='word_1_632' title='bbox 3223 3919 3324 3958; x_wconf 88' lang='lat' dir='ltr'><strong>nec</strong></span> <span class='ocrx_word' id='word_1_633' title='bbox 3365 3903 3589 3960; x_wconf 83' lang='lat' dir='ltr'><strong>indutus</strong></span> 
     </span>
    </p>
   </div>
   <div class='ocr_carea' id='block_1_86' title="bbox 2007 3987 3588 4063">
    <p class='ocr_par' dir='ltr' id='par_1_86' title="bbox 2007 3987 3588 4063">
     <span class='ocr_line' id='line_1_86' title="bbox 2007 3987 3588 4063; baseline 0.009 -28"><span class='ocrx_word' id='word_1_634' title='bbox 2007 3995 2088 4037; x_wconf 87' lang='lat' dir='ltr'><strong>est</strong></span> <span class='ocrx_word' id='word_1_635' title='bbox 2116 3989 2324 4038; x_wconf 85' lang='lat' dir='ltr'><strong>viscera</strong></span> <span class='ocrx_word' id='word_1_636' title='bbox 2362 3987 2751 4044; x_wconf 72' lang='lat' dir='ltr'><strong>misericordia:</strong></span> <span class='ocrx_word' id='word_1_637' title='bbox 2804 4001 2862 4045; x_wconf 89' lang='lat' dir='ltr'><strong>et</strong></span> <span class='ocrx_word' id='word_1_638' title='bbox 2892 3992 3257 4062; x_wconf 85' lang='lat' dir='ltr'><strong>laerymarum</strong></span> <span class='ocrx_word' id='word_1_639' title='bbox 3294 4011 3308 4047; x_wconf 88' lang='lat'><strong>:</strong></span> <span class='ocrx_word' id='word_1_640' title='bbox 3340 4000 3588 4063; x_wconf 72' lang='lat' dir='ltr'><strong>quamvis</strong></span> 
     </span>
    </p>
   </div>
   <div class='ocr_carea' id='block_1_87' title="bbox 2008 4073 3587 4152">
    <p class='ocr_par' dir='ltr' id='par_1_87' title="bbox 2008 4073 3587 4152">
     <span class='ocr_line' id='line_1_87' title="bbox 2008 4073 3587 4152; baseline 0.011 -27"><span class='ocrx_word' id='word_1_641' title='bbox 2008 4073 2309 4140; x_wconf 88' lang='lat' dir='ltr'><strong>spiritualis</strong></span> <span class='ocrx_word' id='word_1_642' title='bbox 2351 4075 2444 4138; x_wconf 88' lang='lat' dir='ltr'><strong>sit,</strong></span> <span class='ocrx_word' id='word_1_643' title='bbox 2477 4093 2583 4132; x_wconf 90' lang='lat' dir='ltr'><strong>non</strong></span> <span class='ocrx_word' id='word_1_644' title='bbox 2611 4081 2927 4148; x_wconf 87' lang='lat' dir='ltr'><strong>adimplevit</strong></span> <span class='ocrx_word' id='word_1_645' title='bbox 2958 4083 3132 4152; x_wconf 84' lang='lat' dir='ltr'><strong>legem</strong></span> <span class='ocrx_word' id='word_1_646' title='bbox 3166 4084 3394 4141; x_wconf 85' lang='lat' dir='ltr'><strong>Christi.</strong></span> <span class='ocrx_word' id='word_1_647' title='bbox 3427 4086 3587 4143; x_wconf 80' lang='lat' dir='ltr'><strong>Unde</strong></span> 
     </span>
    </p>
   </div>
   <div class='ocr_carea' id='block_1_88' title="bbox 2009 4167 3584 4249">
    <p class='ocr_par' dir='ltr' id='par_1_88' title="bbox 2009 4167 3584 4249">
     <span class='ocr_line' id='line_1_88' title="bbox 2009 4167 3584 4249; baseline 0.011 -30"><span class='ocrx_word' id='word_1_648' title='bbox 2009 4167 2226 4237; x_wconf 73' lang='lat' dir='ltr'><strong>legitur,</strong></span> <span class='ocrx_word' id='word_1_649' title='bbox 2282 4170 2427 4239; x_wconf 89' lang='lat' dir='ltr'><strong>quod</strong></span> <span class='ocrx_word' id='word_1_650' title='bbox 2501 4170 2696 4227; x_wconf 87' lang='lat' dir='ltr'><strong>beatus</strong></span> <span class='ocrx_word' id='word_1_651' title='bbox 2770 4172 3010 4231; x_wconf 81' lang='lat' dir='ltr'><strong>Joannes</strong></span> <span class='ocrx_word' id='word_1_652' title='bbox 3073 4179 3412 4249; x_wconf 83' lang='lat' dir='ltr'><strong>evangelista</strong></span> <span class='ocrx_word' id='word_1_653' title='bbox 3461 4197 3584 4236; x_wconf 89' lang='lat' dir='ltr'><strong>cum</strong></span> 
     </span>
    </p>
   </div>
   <div class='ocr_carea' id='block_1_89' title="bbox 2014 4260 3588 4338">
    <p class='ocr_par' dir='ltr' id='par_1_89' title="bbox 2014 4260 3588 4338">
     <span class='ocr_line' id='line_1_89' title="bbox 2014 4260 3588 4338; baseline 0.012 -26"><span class='ocrx_word' id='word_1_654' title='bbox 2014 4260 2211 4329; x_wconf 85' lang='lat' dir='ltr'><strong>Ephesi</strong></span> <span class='ocrx_word' id='word_1_655' title='bbox 2237 4279 2405 4317; x_wconf 61' lang='lat'><strong>4000!</strong></span> <span class='ocrx_word' id='word_1_656' title='bbox 2439 4264 2525 4317; x_wconf 76' lang='lat' dir='ltr'><strong>vix</strong></span> <span class='ocrx_word' id='word_1_657' title='bbox 2555 4267 2574 4296; x_wconf 84' lang='lat'>&#39;</span> <span class='ocrx_word' id='word_1_658' title='bbox 2601 4267 3146 4338; x_wconf 89' lang='lat' dir='ltr'><strong>interdiseipulorum</strong></span> <span class='ocrx_word' id='word_1_659' title='bbox 3187 4289 3378 4330; x_wconf 92' lang='lat' dir='ltr'><strong>manus</strong></span> <span class='ocrx_word' id='word_1_660' title='bbox 3407 4277 3588 4331; x_wconf 83' lang='lat' dir='ltr'><strong>defer-</strong></span> 
     </span>
    </p>
   </div>
   <div class='ocr_carea' id='block_1_90' title="bbox 2013 4355 3589 4436">
    <p class='ocr_par' dir='ltr' id='par_1_90' title="bbox 2013 4355 3589 4436">
     <span class='ocr_line' id='line_1_90' title="bbox 2013 4355 3589 4436; baseline 0.009 -30"><span class='ocrx_word' id='word_1_661' title='bbox 2013 4363 2186 4419; x_wconf 84' lang='lat' dir='ltr'><strong>retur,</strong></span> <span class='ocrx_word' id='word_1_662' title='bbox 2249 4355 2383 4409; x_wconf 86' lang='lat' dir='ltr'><strong>nihil</strong></span> <span class='ocrx_word' id='word_1_663' title='bbox 2445 4357 2592 4410; x_wconf 81' lang='lat' dir='ltr'><strong>aliud</strong></span> <span class='ocrx_word' id='word_1_664' title='bbox 2638 4373 2733 4426; x_wconf 81' lang='lat' dir='ltr'><strong>per</strong></span> <span class='ocrx_word' id='word_1_665' title='bbox 2779 4362 3022 4430; x_wconf 83' lang='lat' dir='ltr'><strong>singulas</strong></span> <span class='ocrx_word' id='word_1_666' title='bbox 3079 4365 3288 4419; x_wconf 77' lang='lat' dir='ltr'><strong>solebat</strong></span> <span class='ocrx_word' id='word_1_667' title='bbox 3345 4369 3589 4436; x_wconf 74' lang='lat' dir='ltr'><strong>proferre</strong></span> 
     </span>
    </p>
   </div>
   <div class='ocr_carea' id='block_1_91' title="bbox 315 4445 1904 4530">
    <p class='ocr_par' dir='ltr' id='par_1_91' title="bbox 315 4458 1890 4530">
     <span class='ocr_line' id='line_1_91' title="bbox 315 4458 1890 4530; baseline -0.001 -15"><span class='ocrx_word' id='word_1_668' title='bbox 315 4461 514 4530; x_wconf 84' lang='lat' dir='ltr'><strong>diligit,</strong></span> <span class='ocrx_word' id='word_1_669' title='bbox 548 4460 638 4527; x_wconf 89' lang='lat' dir='ltr'><strong>qui</strong></span> <span class='ocrx_word' id='word_1_670' title='bbox 673 4475 780 4511; x_wconf 89' lang='lat' dir='ltr'><strong>non</strong></span> <span class='ocrx_word' id='word_1_671' title='bbox 811 4458 1036 4521; x_wconf 87' lang='lat' dir='ltr'><strong>invitus,</strong></span> <span class='ocrx_word' id='word_1_672' title='bbox 1071 4469 1164 4512; x_wconf 88' lang='lat' dir='ltr'><strong>aut</strong></span> <span class='ocrx_word' id='word_1_673' title='bbox 1201 4461 1551 4520; x_wconf 85' lang='lat' dir='ltr'><strong>necessitate,</strong></span> <span class='ocrx_word' id='word_1_674' title='bbox 1587 4471 1680 4512; x_wconf 90' lang='lat' dir='ltr'><strong>aut</strong></span> <span class='ocrx_word' id='word_1_675' title='bbox 1715 4460 1890 4530; x_wconf 83' lang='lat' dir='ltr'><strong>legunt</strong></span> 
     </span>
    </p>
   </div>
   <div class='ocr_carea' id='block_1_92' title="bbox 2017 4445 3578 4530">
    <p class='ocr_par' dir='ltr' id='par_1_92' title="bbox 2017 4445 3578 4524">
     <span class='ocr_line' id='line_1_92' title="bbox 2017 4445 3578 4524; baseline 0.009 -26"><span class='ocrx_word' id='word_1_676' title='bbox 2017 4445 2260 4500; x_wconf 80' lang='lat' dir='ltr'><strong>:ollectas</strong></span> <span class='ocrx_word' id='word_1_677' title='bbox 2319 4446 2461 4512; x_wconf 88' lang='lat' dir='ltr'><strong>nisi,</strong></span> <span class='ocrx_word' id='word_1_678' title='bbox 2543 4446 2729 4504; x_wconf 78' lang='lat' dir='ltr'><strong>Filioli</strong></span> <span class='ocrx_word' id='word_1_679' title='bbox 2817 4455 2937 4517; x_wconf 86' lang='lat' dir='ltr'><strong>mei,</strong></span> <span class='ocrx_word' id='word_1_680' title='bbox 2993 4453 3200 4524; x_wconf 82' lang='lat' dir='ltr'><strong>diligite</strong></span> <span class='ocrx_word' id='word_1_681' title='bbox 3265 4459 3578 4512; x_wconf 86' lang='lat' dir='ltr'><strong>alterutrum</strong></span> 
     </span>
    </p>
   </div>
   <div class='ocr_carea' id='block_1_93' title="bbox 315 4549 1890 4614">
    <p class='ocr_par' dir='ltr' id='par_1_93' title="bbox 315 4549 1890 4614">
     <span class='ocr_line' id='line_1_93' title="bbox 315 4549 1890 4614; baseline 0.001 -12"><span class='ocrx_word' id='word_1_682' title='bbox 315 4563 463 4602; x_wconf 80' lang='lat' dir='ltr'><strong>metu</strong></span> <span class='ocrx_word' id='word_1_683' title='bbox 485 4551 615 4603; x_wconf 84' lang='lat' dir='ltr'><strong>iacit</strong></span> <span class='ocrx_word' id='word_1_684' title='bbox 635 4551 874 4614; x_wconf 84' lang='lat' dir='ltr'><strong>bonum;</strong></span> <span class='ocrx_word' id='word_1_685' title='bbox 907 4549 1001 4602; x_wconf 85' lang='lat' dir='ltr'><strong>sed</strong></span> <span class='ocrx_word' id='word_1_686' title='bbox 1031 4549 1262 4612; x_wconf 87' lang='lat' dir='ltr'><strong>idcirco,</strong></span> <span class='ocrx_word' id='word_1_687' title='bbox 1288 4561 1347 4604; x_wconf 92' lang='lat' dir='ltr'><strong>ut</strong></span> <span class='ocrx_word' id='word_1_688' title='bbox 1369 4555 1672 4606; x_wconf 72' lang='lat' dir='ltr'><strong>tuerccdem</strong></span> <span class='ocrx_word' id='word_1_689' title='bbox 1695 4553 1890 4605; x_wconf 80' lang='lat' dir='ltr'><strong>bonum</strong></span> 
     </span>
    </p>
   </div>
   <div class='ocr_carea' id='block_1_94' title="bbox 311 4644 750 4713">
    <p class='ocr_par' dir='ltr' id='par_1_94' title="bbox 311 4644 750 4713">
     <span class='ocr_line' id='line_1_94' title="bbox 311 4644 750 4713; baseline -0.002 -16"><span class='ocrx_word' id='word_1_690' title='bbox 311 4645 498 4713; x_wconf 86' lang='lat' dir='ltr'><strong>operis</strong></span> <span class='ocrx_word' id='word_1_691' title='bbox 533 4644 750 4698; x_wconf 86' lang='lat' dir='ltr'><strong>habeat.</strong></span> 
     </span>
    </p>
   </div>
   <div class='ocr_carea' id='block_1_95' title="bbox 852 4734 1363 4792">
    <p class='ocr_par' dir='ltr' id='par_1_95' title="bbox 852 4734 1363 4792">
     <span class='ocr_line' id='line_1_95' title="bbox 852 4734 1363 4792; baseline -0.002 -1"><span class='ocrx_word' id='word_1_692' title='bbox 852 4734 1080 4792; x_wconf 77' lang='lat' dir='ltr'><strong>CAPUT</strong></span> <span class='ocrx_word' id='word_1_693' title='bbox 1123 4735 1363 4790; x_wconf 77' lang='lat' dir='ltr'><strong>XXVIII.</strong></span> 
     </span>
    </p>
   </div>
   <div class='ocr_carea' id='block_1_96' title="bbox 779 4827 1431 4896">
    <p class='ocr_par' dir='ltr' id='par_1_96' title="bbox 779 4827 1431 4896">
     <span class='ocr_line' id='line_1_96' title="bbox 779 4827 1431 4896; baseline 0.005 -15"><span class='ocrx_word' id='word_1_694' title='bbox 779 4827 854 4883; x_wconf 85' lang='lat' dir='ltr'><strong>De</strong></span> <span class='ocrx_word' id='word_1_695' title='bbox 886 4831 1149 4882; x_wconf 86' lang='lat' dir='ltr'><strong>charitate</strong></span> <span class='ocrx_word' id='word_1_696' title='bbox 1189 4840 1238 4882; x_wconf 90' lang='lat' dir='ltr'><strong>et</strong></span> <span class='ocrx_word' id='word_1_697' title='bbox 1283 4845 1431 4896; x_wconf 86' lang='lat' dir='ltr'><strong>pace.</strong></span> 
     </span>
    </p>
   </div>
   <div class='ocr_carea' id='block_1_97' title="bbox 385 4920 1894 4992">
    <p class='ocr_par' dir='ltr' id='par_1_97' title="bbox 385 4920 1894 4992">
     <span class='ocr_line' id='line_1_97' title="bbox 385 4920 1894 4992; baseline 0.001 -18"><span class='ocrx_word' id='word_1_698' title='bbox 385 4920 468 4974; x_wconf 76' lang='lat' dir='ltr'><strong>Ad</strong></span> <span class='ocrx_word' id='word_1_699' title='bbox 519 4921 843 4976; x_wconf 86' lang='lat' dir='ltr'><strong>charitatem</strong></span> <span class='ocrx_word' id='word_1_700' title='bbox 883 4937 1027 4975; x_wconf 92' lang='lat' dir='ltr'><strong>nunc</strong></span> <span class='ocrx_word' id='word_1_701' title='bbox 1065 4923 1350 4976; x_wconf 81' lang='lat' dir='ltr'><strong>transitura</strong></span> <span class='ocrx_word' id='word_1_702' title='bbox 1402 4923 1666 4977; x_wconf 79' lang='lat' dir='ltr'><strong>faciamus</strong></span> <span class='ocrx_word' id='word_1_703' title='bbox 1703 4939 1718 4978; x_wconf 88' lang='lat'><strong>:</strong></span> <span class='ocrx_word' id='word_1_704' title='bbox 1767 4925 1894 4992; x_wconf 87' lang='lat' dir='ltr'><strong>quia</strong></span> 
     </span>
    </p>
   </div>
   <div class='ocr_carea' id='block_1_98' title="bbox 307 5014 1892 5081">
    <p class='ocr_par' dir='ltr' id='par_1_98' title="bbox 307 5014 1892 5081">
     <span class='ocr_line' id='line_1_98' title="bbox 307 5014 1892 5081; baseline 0.001 -11"><span class='ocrx_word' id='word_1_705' title='bbox 307 5016 567 5070; x_wconf 88' lang='lat' dir='ltr'><strong>omnibus</strong></span> <span class='ocrx_word' id='word_1_706' title='bbox 599 5014 772 5081; x_wconf 88' lang='lat' dir='ltr'><strong>major</strong></span> <span class='ocrx_word' id='word_1_707' title='bbox 791 5024 897 5069; x_wconf 89' lang='lat' dir='ltr'><strong>est.</strong></span> <span class='ocrx_word' id='word_1_708' title='bbox 927 5014 1074 5068; x_wconf 88' lang='lat' dir='ltr'><strong>Inter</strong></span> <span class='ocrx_word' id='word_1_709' title='bbox 1096 5027 1292 5068; x_wconf 64' lang='lat' dir='ltr'><strong>calere</strong></span> <span class='ocrx_word' id='word_1_710' title='bbox 1327 5017 1405 5069; x_wconf 87' lang='lat' dir='ltr'><strong>sic</strong></span> <span class='ocrx_word' id='word_1_711' title='bbox 1433 5014 1632 5070; x_wconf 81' lang='lat' dir='ltr'><strong>fatetur</strong></span> <span class='ocrx_word' id='word_1_712' title='bbox 1656 5016 1852 5070; x_wconf 83' lang='lat' dir='ltr'><strong>Paulus</strong></span> <span class='ocrx_word' id='word_1_713' title='bbox 1878 5035 1892 5071; x_wconf 88' lang='lat'><strong>:</strong></span> 
     </span>
    </p>
   </div>
   <div class='ocr_carea' id='block_1_99' title="bbox 305 5106 1891 5174">
    <p class='ocr_par' dir='ltr' id='par_1_99' title="bbox 305 5106 1891 5174">
     <span class='ocr_line' id='line_1_99' title="bbox 305 5106 1891 5174; baseline -0.001 -13"><span class='ocrx_word' id='word_1_714' title='bbox 305 5107 523 5161; x_wconf 71' lang='lat' dir='ltr'><strong>Manent</strong></span> <span class='ocrx_word' id='word_1_715' title='bbox 548 5119 721 5159; x_wconf 87' lang='lat' dir='ltr'><strong>autem</strong></span> <span class='ocrx_word' id='word_1_716' title='bbox 759 5107 866 5160; x_wconf 88' lang='lat' dir='ltr'><strong>tria</strong></span> <span class='ocrx_word' id='word_1_717' title='bbox 899 5107 1030 5170; x_wconf 67' lang='lat' dir='ltr'><strong>haec,</strong></span> <span class='ocrx_word' id='word_1_718' title='bbox 1063 5106 1218 5173; x_wconf 73' lang='lat' dir='ltr'><strong>ﬁdes,</strong></span> <span class='ocrx_word' id='word_1_719' title='bbox 1253 5123 1390 5174; x_wconf 77' lang='lat' dir='ltr'><strong>spes,</strong></span> <span class='ocrx_word' id='word_1_720' title='bbox 1427 5117 1475 5160; x_wconf 88' lang='lat' dir='ltr'><strong>et</strong></span> <span class='ocrx_word' id='word_1_721' title='bbox 1515 5108 1724 5162; x_wconf 85' lang='lat' dir='ltr'><strong>dilectio</strong></span> <span class='ocrx_word' id='word_1_722' title='bbox 1756 5125 1774 5161; x_wconf 84' lang='lat'><strong>.&#39;</strong></span> <span class='ocrx_word' id='word_1_723' title='bbox 1801 5112 1891 5163; x_wconf 87' lang='lat' dir='ltr'><strong>sed</strong></span> 
     </span>
    </p>
   </div>
   <div class='ocr_carea' id='block_1_100' title="bbox 301 5198 1895 5272">
    <p class='ocr_par' dir='ltr' id='par_1_100' title="bbox 301 5198 1895 5272">
     <span class='ocr_line' id='line_1_100' title="bbox 301 5198 1895 5272; baseline 0.001 -20"><span class='ocrx_word' id='word_1_724' title='bbox 301 5201 481 5268; x_wconf 81' lang='lat' dir='ltr'><strong>major</strong></span> <span class='ocrx_word' id='word_1_725' title='bbox 505 5200 586 5253; x_wconf 87' lang='lat' dir='ltr'><strong>his</strong></span> <span class='ocrx_word' id='word_1_726' title='bbox 613 5199 820 5253; x_wconf 80' lang='lat' dir='ltr'><strong>dilectio</strong></span> <span class='ocrx_word' id='word_1_727' title='bbox 850 5211 924 5253; x_wconf 85' lang='lat' dir='ltr'><strong>est</strong></span> <span class='ocrx_word' id='word_1_728' title='bbox 951 5198 1004 5269; x_wconf 86' lang='grc' dir='ltr'><strong>(Ι</strong></span> <span class='ocrx_word' id='word_1_729' title='bbox 1030 5199 1154 5254; x_wconf 88' lang='lat' dir='ltr'><strong>Cor.</strong></span> <span class='ocrx_word' id='word_1_730' title='bbox 1188 5214 1307 5264; x_wconf 76' lang='lat' dir='ltr'><strong>xm,</strong></span> <span class='ocrx_word' id='word_1_731' title='bbox 1334 5200 1440 5271; x_wconf 79' lang='grc'><strong>15).</strong></span> <span class='ocrx_word' id='word_1_732' title='bbox 1486 5201 1581 5256; x_wconf 83' lang='lat' dir='ltr'><strong>Est</strong></span> <span class='ocrx_word' id='word_1_733' title='bbox 1609 5217 1742 5272; x_wconf 86' lang='lat' dir='ltr'><strong>ergo</strong></span> <span class='ocrx_word' id='word_1_734' title='bbox 1767 5205 1895 5255; x_wconf 84' lang='lat' dir='ltr'><strong>dile-</strong></span> 
     </span>
    </p>
   </div>
   <div class='ocr_carea' id='block_1_101' title="bbox 301 5292 1896 5358">
    <p class='ocr_par' dir='ltr' id='par_1_101' title="bbox 301 5292 1896 5358">
     <span class='ocr_line' id='line_1_101' title="bbox 301 5292 1896 5358; baseline -0.001 -10"><span class='ocrx_word' id='word_1_735' title='bbox 301 5294 418 5348; x_wconf 88' lang='lat' dir='ltr'><strong>ctio</strong></span> <span class='ocrx_word' id='word_1_736' title='bbox 453 5292 734 5346; x_wconf 89' lang='lat' dir='ltr'><strong>vinculum</strong></span> <span class='ocrx_word' id='word_1_737' title='bbox 762 5295 1096 5358; x_wconf 86' lang='lat' dir='ltr'><strong>animorum,</strong></span> <span class='ocrx_word' id='word_1_738' title='bbox 1121 5303 1294 5358; x_wconf 86' lang='lat' dir='ltr'><strong>casta,</strong></span> <span class='ocrx_word' id='word_1_739' title='bbox 1340 5302 1393 5348; x_wconf 91' lang='lat' dir='ltr'><strong>et</strong></span> <span class='ocrx_word' id='word_1_740' title='bbox 1415 5295 1651 5358; x_wconf 85' lang='lat' dir='ltr'><strong>sincera,</strong></span> <span class='ocrx_word' id='word_1_741' title='bbox 1695 5303 1750 5348; x_wconf 89' lang='lat' dir='ltr'><strong>et</strong></span> <span class='ocrx_word' id='word_1_742' title='bbox 1773 5293 1896 5349; x_wconf 88' lang='lat' dir='ltr'><strong>sine</strong></span> 
     </span>
    </p>
   </div>
   <div class='ocr_carea' id='block_1_102' title="bbox 379 5478 1889 5547">
    <p class='ocr_par' dir='ltr' id='par_1_102' title="bbox 379 5478 1889 5547">
     <span class='ocr_line' id='line_1_102' title="bbox 379 5478 1889 5547; baseline -0.002 -15"><span class='ocrx_word' id='word_1_743' title='bbox 379 5481 603 5533; x_wconf 80' lang='lat' dir='ltr'><strong>&#39;Antea</strong></span> <span class='ocrx_word' id='word_1_744' title='bbox 651 5480 914 5533; x_wconf 83' lang='lat' dir='ltr'><strong>duntaxat</strong></span> <span class='ocrx_word' id='word_1_745' title='bbox 967 5486 1106 5543; x_wconf 88' lang='lat' dir='ltr'><strong>erat,</strong></span> <span class='ocrx_word' id='word_1_746' title='bbox 1148 5495 1166 5528; x_wconf 81' lang='grc' dir='ltr'><strong>ι</strong></span> <span class='ocrx_word' id='word_1_747' title='bbox 1223 5478 1297 5532; x_wconf 89' lang='lat' dir='ltr'><strong>De</strong></span> <span class='ocrx_word' id='word_1_748' title='bbox 1328 5478 1543 5547; x_wconf 85' lang='lat' dir='ltr'><strong>jnstitia</strong></span> <span class='ocrx_word' id='word_1_749' title='bbox 1599 5486 1889 5546; x_wconf 87' lang='lat' dir='ltr'><strong>repugnat,</strong></span> 
     </span>
    </p>
   </div>
   <div class='ocr_carea' id='block_1_103' title="bbox 299 5548 767 5616">
    <p class='ocr_par' dir='ltr' id='par_1_103' title="bbox 299 5548 767 5616">
     <span class='ocr_line' id='line_1_103' title="bbox 299 5548 767 5616; baseline 0 -14"><span class='ocrx_word' id='word_1_750' title='bbox 299 5548 585 5616; x_wconf 84' lang='lat' dir='ltr'><strong>illiusque,</strong></span> <span class='ocrx_word' id='word_1_751' title='bbox 619 5569 638 5600; x_wconf 73' lang='grc' dir='ltr'><strong>ι</strong></span> <span class='ocrx_word' id='word_1_752' title='bbox 661 5561 767 5602; x_wconf 89' lang='lat' dir='ltr'><strong>etc.</strong></span> 
     </span>
    </p>
   </div>
   <div class='ocr_carea' id='block_1_104' title="bbox 378 5617 1889 5688">
    <p class='ocr_par' dir='ltr' id='par_1_104' title="bbox 378 5617 1889 5688">
     <span class='ocr_line' id='line_1_104' title="bbox 378 5617 1889 5688; baseline -0.001 -14"><span class='ocrx_word' id='word_1_753' title='bbox 378 5627 397 5651; x_wconf 87' lang='grc'>²</span> <span class='ocrx_word' id='word_1_754' title='bbox 437 5621 542 5674; x_wconf 83' lang='lat' dir='ltr'><strong>Ali.</strong></span> <span class='ocrx_word' id='word_1_755' title='bbox 600 5621 741 5682; x_wconf 85' lang='lat' dir='ltr'><strong>libri,</strong></span> <span class='ocrx_word' id='word_1_756' title='bbox 777 5638 795 5670; x_wconf 73' lang='grc' dir='ltr'><strong>ι</strong></span> <span class='ocrx_word' id='word_1_757' title='bbox 836 5618 1138 5672; x_wconf 79' lang='lat' dir='ltr'><strong>Moraretur</strong></span> <span class='ocrx_word' id='word_1_758' title='bbox 1186 5634 1356 5688; x_wconf 87' lang='lat' dir='ltr'><strong>usque</strong></span> <span class='ocrx_word' id='word_1_759' title='bbox 1386 5617 1450 5671; x_wconf 89' lang='lat' dir='ltr'><strong>ad</strong></span> <span class='ocrx_word' id='word_1_760' title='bbox 1510 5619 1757 5672; x_wconf 83' lang='lat' dir='ltr'><strong>ultimam</strong></span> <span class='ocrx_word' id='word_1_761' title='bbox 1803 5635 1889 5672; x_wconf 83' lang='lat' dir='ltr'><strong>se-</strong></span> 
     </span>
    </p>
   </div>
   <div class='ocr_carea' id='block_1_105' title="bbox 299 5688 1889 5756">
    <p class='ocr_par' dir='ltr' id='par_1_105' title="bbox 299 5688 1889 5756">
     <span class='ocr_line' id='line_1_105' title="bbox 299 5688 1889 5756; baseline -0.004 -10"><span class='ocrx_word' id='word_1_762' title='bbox 299 5702 600 5754; x_wconf 86' lang='lat' dir='ltr'><strong>nectutem,</strong></span> <span class='ocrx_word' id='word_1_763' title='bbox 644 5703 697 5742; x_wconf 85' lang='lat' dir='ltr'><strong>et</strong></span> <span class='ocrx_word' id='word_1_764' title='bbox 761 5693 870 5747; x_wconf 83' lang='lat' dir='ltr'><strong>vix.</strong></span> <span class='ocrx_word' id='word_1_765' title='bbox 909 5706 927 5738; x_wconf 76' lang='grc' dir='ltr'><strong>ι</strong></span> <span class='ocrx_word' id='word_1_766' title='bbox 967 5698 1073 5742; x_wconf 86' lang='lat' dir='ltr'><strong>etc.</strong></span> <span class='ocrx_word' id='word_1_767' title='bbox 1108 5689 1170 5740; x_wconf 85' lang='lat' dir='ltr'><strong>Et</strong></span> <span class='ocrx_word' id='word_1_768' title='bbox 1201 5689 1351 5756; x_wconf 87' lang='lat' dir='ltr'><strong>plura</strong></span> <span class='ocrx_word' id='word_1_769' title='bbox 1399 5706 1517 5744; x_wconf 75' lang='lat' dir='ltr'><strong>mox</strong></span> <span class='ocrx_word' id='word_1_770' title='bbox 1555 5707 1612 5743; x_wconf 75' lang='grc' dir='ltr'><strong>ιι</strong></span> <span class='ocrx_word' id='word_1_771' title='bbox 1649 5688 1889 5742; x_wconf 87' lang='lat' dir='ltr'><strong>Tandem</strong></span> 
     </span>
    </p>
   </div>
   <div class='ocr_carea' id='block_1_106' title="bbox 295 5759 1890 5831">
    <p class='ocr_par' dir='ltr' id='par_1_106' title="bbox 295 5759 1890 5831">
     <span class='ocr_line' id='line_1_106' title="bbox 295 5759 1890 5831; baseline -0.004 -14"><span class='ocrx_word' id='word_1_772' title='bbox 295 5762 553 5831; x_wconf 85' lang='lat' dir='ltr'><strong>discipuli</strong></span> <span class='ocrx_word' id='word_1_773' title='bbox 578 5771 632 5814; x_wconf 91' lang='lat' dir='ltr'><strong>et</strong></span> <span class='ocrx_word' id='word_1_774' title='bbox 673 5759 869 5814; x_wconf 79' lang='lat' dir='ltr'><strong>fratres</strong></span> <span class='ocrx_word' id='word_1_775' title='bbox 895 5760 988 5829; x_wconf 91' lang='lat' dir='ltr'><strong>qui</strong></span> <span class='ocrx_word' id='word_1_776' title='bbox 1018 5761 1244 5813; x_wconf 83' lang='lat' dir='ltr'><strong>aderant</strong></span> <span class='ocrx_word' id='word_1_777' title='bbox 1291 5762 1448 5814; x_wconf 66' lang='lat' dir='ltr'><strong>nullo</strong></span> <span class='ocrx_word' id='word_1_778' title='bbox 1497 5761 1704 5826; x_wconf 66' lang='lat' dir='ltr'><strong>aﬂ&#39;ecti,</strong></span> <span class='ocrx_word' id='word_1_779' title='bbox 1747 5762 1890 5828; x_wconf 91' lang='lat' dir='ltr'><strong>quod</strong></span> 
     </span>
    </p>
   </div>
   <div class='ocr_carea' id='block_1_107' title="bbox 677 5852 1168 5914">
    <p class='ocr_par' dir='ltr' id='par_1_107' title="bbox 677 5852 1168 5914">
     <span class='ocr_line' id='line_1_107' title="bbox 677 5852 1168 5914; baseline -0.004 0"><span class='ocrx_word' id='word_1_780' title='bbox 677 5855 945 5914; x_wconf 78' lang='grc' dir='ltr'><strong>ΡΑΤιιοι..</strong></span> <span class='ocrx_word' id='word_1_781' title='bbox 978 5852 1168 5912; x_wconf 76' lang='lat' dir='ltr'><strong>XXX.</strong></span> 
     </span>
    </p>
   </div>
   <div class='ocr_carea' id='block_1_108' title="bbox 2003 4539 3586 4620">
    <p class='ocr_par' dir='ltr' id='par_1_108' title="bbox 2003 4539 3586 4620">
     <span class='ocr_line' id='line_1_108' title="bbox 2003 4539 3586 4620; baseline 0.008 -27"><span class='ocrx_word' id='word_1_782' title='bbox 2003 4541 2056 4609; x_wconf 85' lang='grc' dir='ltr'>(ι</span> <span class='ocrx_word' id='word_1_783' title='bbox 2078 4539 2242 4596; x_wconf 81' lang='lat' dir='ltr'><strong>Joan.</strong></span> <span class='ocrx_word' id='word_1_784' title='bbox 2275 4556 2336 4596; x_wconf 87' lang='grc' dir='ltr'><strong>ιιι</strong></span> <span class='ocrx_word' id='word_1_785' title='bbox 2358 4543 2492 4612; x_wconf 72' lang='grc'><strong>,25).</strong></span> <span class='ocrx_word' id='word_1_786' title='bbox 2527 4543 2820 4614; x_wconf 87' lang='lat' dir='ltr'><strong>Diseipulis</strong></span> <span class='ocrx_word' id='word_1_787' title='bbox 2839 4554 3016 4600; x_wconf 86' lang='lat' dir='ltr'><strong>autem</strong></span> <span class='ocrx_word' id='word_1_788' title='bbox 3044 4551 3379 4616; x_wconf 85' lang='lat' dir='ltr'><strong>petentibus,</strong></span> <span class='ocrx_word' id='word_1_789' title='bbox 3415 4569 3586 4620; x_wconf 79' lang='lat' dir='ltr'><strong>quare</strong></span> 
     </span>
    </p>
   </div>
   <div class='ocr_carea' id='block_1_109' title="bbox 2000 4637 3580 4714">
    <p class='ocr_par' dir='ltr' id='par_1_109' title="bbox 2000 4637 3580 4714">
     <span class='ocr_line' id='line_1_109' title="bbox 2000 4637 3580 4714; baseline 0.004 -25"><span class='ocrx_word' id='word_1_790' title='bbox 2000 4652 2218 4704; x_wconf 75' lang='lat' dir='ltr'><strong>seniper</strong></span> <span class='ocrx_word' id='word_1_791' title='bbox 2276 4637 2326 4690; x_wconf 88' lang='lat' dir='ltr'><strong>id</strong></span> <span class='ocrx_word' id='word_1_792' title='bbox 2375 4637 2612 4703; x_wconf 88' lang='lat' dir='ltr'><strong>diceret,</strong></span> <span class='ocrx_word' id='word_1_793' title='bbox 2663 4638 2967 4706; x_wconf 83' lang='lat' dir='ltr'><strong>respondit,</strong></span> <span class='ocrx_word' id='word_1_794' title='bbox 3031 4641 3158 4709; x_wconf 86' lang='lat' dir='ltr'><strong>quia</strong></span> <span class='ocrx_word' id='word_1_795' title='bbox 3246 4658 3580 4714; x_wconf 73' lang='lat' dir='ltr'><strong>przeceptun</strong></span> 
     </span>
    </p>
   </div>
   <div class='ocr_carea' id='block_1_110' title="bbox 2002 4729 3586 4796">
    <p class='ocr_par' dir='ltr' id='par_1_110' title="bbox 2002 4729 3586 4796">
     <span class='ocr_line' id='line_1_110' title="bbox 2002 4729 3586 4796; baseline 0.004 -15"><span class='ocrx_word' id='word_1_796' title='bbox 2002 4729 2216 4783; x_wconf 86' lang='lat' dir='ltr'><strong>Domini</strong></span> <span class='ocrx_word' id='word_1_797' title='bbox 2252 4741 2359 4792; x_wconf 89' lang='lat' dir='ltr'><strong>est,</strong></span> <span class='ocrx_word' id='word_1_798' title='bbox 2402 4740 2456 4784; x_wconf 91' lang='lat' dir='ltr'><strong>et</strong></span> <span class='ocrx_word' id='word_1_799' title='bbox 2488 4732 2532 4782; x_wconf 89' lang='lat' dir='ltr'><strong>si</strong></span> <span class='ocrx_word' id='word_1_800' title='bbox 2584 4732 2700 4796; x_wconf 78' lang='lat' dir='ltr'><strong>iiut,</strong></span> <span class='ocrx_word' id='word_1_801' title='bbox 2739 4732 2915 4785; x_wconf 83' lang='lat' dir='ltr'><strong>solum</strong></span> <span class='ocrx_word' id='word_1_802' title='bbox 2949 4733 3168 4791; x_wconf 75' lang='lat' dir='ltr'><strong>sullicit.</strong></span> <span class='ocrx_word' id='word_1_803' title='bbox 3213 4737 3318 4790; x_wconf 79' lang='lat' dir='ltr'><strong>Sed</strong></span> <span class='ocrx_word' id='word_1_804' title='bbox 3356 4739 3586 4793; x_wconf 71' lang='lat' dir='ltr'><strong>obsecro</strong></span> 
     </span>
    </p>
   </div>
   <div class='ocr_carea' id='block_1_111' title="bbox 2003 4821 3582 4894">
    <p class='ocr_par' dir='ltr' id='par_1_111' title="bbox 2003 4821 3582 4894">
     <span class='ocr_line' id='line_1_111' title="bbox 2003 4821 3582 4894; baseline 0.007 -22"><span class='ocrx_word' id='word_1_805' title='bbox 2003 4839 2066 4875; x_wconf 89' lang='lat' dir='ltr'><strong>ne</strong></span> <span class='ocrx_word' id='word_1_806' title='bbox 2092 4821 2303 4876; x_wconf 88' lang='lat' dir='ltr'><strong>amicus</strong></span> <span class='ocrx_word' id='word_1_807' title='bbox 2328 4823 2368 4886; x_wconf 86' lang='grc'><strong>³,</strong></span> <span class='ocrx_word' id='word_1_808' title='bbox 2392 4823 2483 4892; x_wconf 91' lang='lat' dir='ltr'><strong>qui</strong></span> <span class='ocrx_word' id='word_1_809' title='bbox 2513 4825 2601 4876; x_wconf 91' lang='lat' dir='ltr'><strong>diu</strong></span> <span class='ocrx_word' id='word_1_810' title='bbox 2627 4827 2913 4894; x_wconf 70' lang='lat' dir='ltr'><strong>quaeritur,</strong></span> <span class='ocrx_word' id='word_1_811' title='bbox 2943 4827 3336 4892; x_wconf 74' lang='lat' dir='ltr'><strong>vixinveuitur,</strong></span> <span class='ocrx_word' id='word_1_812' title='bbox 3363 4833 3582 4883; x_wconf 70' lang='lat' dir='ltr'><strong>diit‘iule</strong></span> 
     </span>
    </p>
   </div>
   <div class='ocr_carea' id='block_1_112' title="bbox 2001 4916 3583 4986">
    <p class='ocr_par' dir='ltr' id='par_1_112' title="bbox 2001 4916 3583 4986">
     <span class='ocr_line' id='line_1_112' title="bbox 2001 4916 3583 4986; baseline 0.004 -20"><span class='ocrx_word' id='word_1_813' title='bbox 2001 4925 2270 4978; x_wconf 79' lang='lat' dir='ltr'><strong>servatur,</strong></span> <span class='ocrx_word' id='word_1_814' title='bbox 2313 4917 2514 4981; x_wconf 81' lang='lat' dir='ltr'><strong>pariter</strong></span> <span class='ocrx_word' id='word_1_815' title='bbox 2547 4930 2671 4969; x_wconf 91' lang='lat' dir='ltr'><strong>eum</strong></span> <span class='ocrx_word' id='word_1_816' title='bbox 2718 4916 2894 4986; x_wconf 86' lang='lat' dir='ltr'><strong>oculis</strong></span> <span class='ocrx_word' id='word_1_817' title='bbox 2936 4919 3239 4973; x_wconf 86' lang='lat' dir='ltr'><strong>amittatur.</strong></span> <span class='ocrx_word' id='word_1_818' title='bbox 3280 4920 3412 4973; x_wconf 82' lang='lat' dir='ltr'><strong>Nam</strong></span> <span class='ocrx_word' id='word_1_819' title='bbox 3447 4939 3583 4973; x_wconf 72' lang='lat' dir='ltr'><strong>aun—</strong></span> 
     </span>
    </p>
   </div>
   <div class='ocr_carea' id='block_1_113' title="bbox 2001 5006 3578 5082">
    <p class='ocr_par' dir='ltr' id='par_1_113' title="bbox 2001 5006 3578 5082">
     <span class='ocr_line' id='line_1_113' title="bbox 2001 5006 3578 5082; baseline 0.008 -24"><span class='ocrx_word' id='word_1_820' title='bbox 2001 5006 2153 5069; x_wconf 66' lang='lat' dir='ltr'><strong>citia,</strong></span> <span class='ocrx_word' id='word_1_821' title='bbox 2206 5023 2326 5074; x_wconf 77' lang='lat' dir='ltr'><strong>qua:</strong></span> <span class='ocrx_word' id='word_1_822' title='bbox 2383 5009 2634 5065; x_wconf 84' lang='lat' dir='ltr'><strong>desinere</strong></span> <span class='ocrx_word' id='word_1_823' title='bbox 2690 5024 2891 5080; x_wconf 82' lang='lat' dir='ltr'><strong>potest,</strong></span> <span class='ocrx_word' id='word_1_824' title='bbox 2947 5029 3226 5082; x_wconf 86' lang='lat' dir='ltr'><strong>nunquam</strong></span> <span class='ocrx_word' id='word_1_825' title='bbox 3280 5031 3402 5070; x_wconf 86' lang='lat' dir='ltr'><strong>vera</strong></span> <span class='ocrx_word' id='word_1_826' title='bbox 3457 5017 3578 5070; x_wconf 75' lang='lat' dir='ltr'><strong>fuit.</strong></span> 
     </span>
    </p>
   </div>
   <div class='ocr_carea' id='block_1_114' title="bbox 2007 5098 3578 5180">
    <p class='ocr_par' dir='ltr' id='par_1_114' title="bbox 2007 5098 3578 5180">
     <span class='ocr_line' id='line_1_114' title="bbox 2007 5098 3578 5180; baseline 0.008 -28"><span class='ocrx_word' id='word_1_827' title='bbox 2007 5098 2144 5152; x_wconf 71' lang='lat' dir='ltr'><strong>Vera</strong></span> <span class='ocrx_word' id='word_1_828' title='bbox 2183 5116 2419 5169; x_wconf 88' lang='lat' dir='ltr'><strong>namque</strong></span> <span class='ocrx_word' id='word_1_829' title='bbox 2467 5105 2707 5160; x_wconf 85' lang='lat' dir='ltr'><strong>amicitia</strong></span> <span class='ocrx_word' id='word_1_830' title='bbox 2743 5104 2852 5178; x_wconf 75' lang='grc' dir='ltr'><strong>[Αἱ.</strong></span> <span class='ocrx_word' id='word_1_831' title='bbox 2888 5109 3147 5180; x_wconf 63' lang='lat' dir='ltr'><strong>Chariten]</strong></span> <span class='ocrx_word' id='word_1_832' title='bbox 3199 5110 3347 5162; x_wconf 88' lang='lat' dir='ltr'><strong>nullo</strong></span> <span class='ocrx_word' id='word_1_833' title='bbox 3382 5111 3578 5174; x_wconf 84' lang='lat' dir='ltr'><strong>livore,</strong></span> 
     </span>
    </p>
   </div>
   <div class='ocr_carea' id='block_1_115' title="bbox 2005 5193 3578 5265">
    <p class='ocr_par' dir='ltr' id='par_1_115' title="bbox 2005 5193 3578 5265">
     <span class='ocr_line' id='line_1_115' title="bbox 2005 5193 3578 5265; baseline 0.007 -22"><span class='ocrx_word' id='word_1_834' title='bbox 2005 5193 2059 5244; x_wconf 92' lang='lat' dir='ltr'><strong>in</strong></span> <span class='ocrx_word' id='word_1_835' title='bbox 2091 5204 2301 5261; x_wconf 86' lang='lat' dir='ltr'><strong>quanto</strong></span> <span class='ocrx_word' id='word_1_836' title='bbox 2342 5207 2576 5265; x_wconf 88' lang='lat' dir='ltr'><strong>augetur</strong></span> <span class='ocrx_word' id='word_1_837' title='bbox 2607 5213 2855 5264; x_wconf 90' lang='lat' dir='ltr'><strong>numero,</strong></span> <span class='ocrx_word' id='word_1_838' title='bbox 2885 5211 3034 5254; x_wconf 89' lang='lat' dir='ltr'><strong>tanto</strong></span> <span class='ocrx_word' id='word_1_839' title='bbox 3057 5201 3254 5256; x_wconf 80' lang='lat' dir='ltr'><strong>crescit</strong></span> <span class='ocrx_word' id='word_1_840' title='bbox 3275 5212 3328 5256; x_wconf 86' lang='lat' dir='ltr'><strong>et</strong></span> <span class='ocrx_word' id='word_1_841' title='bbox 3359 5205 3578 5257; x_wconf 59' lang='lat' dir='ltr'><strong>roborr.</strong></span> 
     </span>
    </p>
   </div>
   <div class='ocr_carea' id='block_1_116' title="bbox 2077 5284 3579 5365">
    <p class='ocr_par' dir='ltr' id='par_1_116' title="bbox 2077 5284 3579 5365">
     <span class='ocr_line' id='line_1_116' title="bbox 2077 5284 3579 5365; baseline 0.007 -28"><span class='ocrx_word' id='word_1_842' title='bbox 2077 5284 2294 5339; x_wconf 79' lang='lat' dir='ltr'><strong>Declina</strong></span> <span class='ocrx_word' id='word_1_843' title='bbox 2319 5286 2485 5359; x_wconf 86' lang='lat' dir='ltr'><strong>igitur</strong></span> <span class='ocrx_word' id='word_1_844' title='bbox 2516 5306 2544 5342; x_wconf 86' lang='lat' dir='ltr'><strong>a</strong></span> <span class='ocrx_word' id='word_1_845' title='bbox 2574 5290 2742 5358; x_wconf 88' lang='lat' dir='ltr'><strong>malo,</strong></span> <span class='ocrx_word' id='word_1_846' title='bbox 2771 5302 2824 5346; x_wconf 86' lang='lat' dir='ltr'><strong>et</strong></span> <span class='ocrx_word' id='word_1_847' title='bbox 2853 5295 2937 5346; x_wconf 80' lang='lat' dir='ltr'><strong>lae</strong></span> <span class='ocrx_word' id='word_1_848' title='bbox 2967 5295 3202 5358; x_wconf 85' lang='lat' dir='ltr'><strong>bonum;</strong></span> <span class='ocrx_word' id='word_1_849' title='bbox 3240 5296 3454 5364; x_wconf 85' lang='lat' dir='ltr'><strong>inquire</strong></span> <span class='ocrx_word' id='word_1_850' title='bbox 3480 5313 3579 5365; x_wconf 66' lang='grc' dir='ltr'><strong>Ρ..-</strong></span> 
     </span>
    </p>
   </div>
   <div class='ocr_carea' id='block_1_117' title="bbox 2000 5470 3576 5545">
    <p class='ocr_par' dir='ltr' id='par_1_117' title="bbox 2000 5470 3576 5545">
     <span class='ocr_line' id='line_1_117' title="bbox 2000 5470 3576 5545; baseline 0.008 -27"><span class='ocrx_word' id='word_1_851' title='bbox 2000 5470 2188 5545; x_wconf 78' lang='lat' dir='ltr'><strong>eadem</strong></span> <span class='ocrx_word' id='word_1_852' title='bbox 2214 5485 2432 5545; x_wconf 86' lang='lat' dir='ltr'><strong>semper</strong></span> <span class='ocrx_word' id='word_1_853' title='bbox 2462 5474 2767 5534; x_wconf 75' lang='lat' dir='ltr'><strong>audierant.</strong></span> <span class='ocrx_word' id='word_1_854' title='bbox 2792 5475 3067 5536; x_wconf 77' lang='lat' dir='ltr'><strong>dixerunt,</strong></span> <span class='ocrx_word' id='word_1_855' title='bbox 3102 5474 3382 5543; x_wconf 75' lang='lat' dir='ltr'><strong>Magister,</strong></span> <span class='ocrx_word' id='word_1_856' title='bbox 3407 5495 3576 5545; x_wconf 81' lang='lat' dir='ltr'><strong>quare</strong></span> 
     </span>
    </p>
   </div>
   <div class='ocr_carea' id='block_1_118' title="bbox 2003 5542 3574 5616">
    <p class='ocr_par' dir='ltr' id='par_1_118' title="bbox 2003 5542 3574 5616">
     <span class='ocr_line' id='line_1_118' title="bbox 2003 5542 3574 5616; baseline 0.006 -25"><span class='ocrx_word' id='word_1_857' title='bbox 2003 5542 2104 5593; x_wconf 87' lang='lat' dir='ltr'><strong>hoc</strong></span> <span class='ocrx_word' id='word_1_858' title='bbox 2137 5557 2348 5616; x_wconf 75' lang='lat' dir='ltr'><strong>semper</strong></span> <span class='ocrx_word' id='word_1_859' title='bbox 2380 5544 2662 5612; x_wconf 80' lang='lat' dir='ltr'><strong>loqueris?</strong></span> <span class='ocrx_word' id='word_1_860' title='bbox 2693 5546 2782 5612; x_wconf 91' lang='lat' dir='ltr'><strong>qui</strong></span> <span class='ocrx_word' id='word_1_861' title='bbox 2816 5549 3092 5611; x_wconf 59' lang='lat' dir='ltr'><strong>respondit</strong></span> <span class='ocrx_word' id='word_1_862' title='bbox 3122 5542 3337 5616; x_wconf 73' lang='lat' dir='ltr'><strong>dignam</strong></span> <span class='ocrx_word' id='word_1_863' title='bbox 3371 5542 3501 5601; x_wconf 68' lang='lat' dir='ltr'><strong>lium</strong></span> <span class='ocrx_word' id='word_1_864' title='bbox 3532 5568 3574 5600; x_wconf 71' lang='grc' dir='ltr'><strong>ιετ</strong></span> 
     </span>
    </p>
   </div>
   <div class='ocr_carea' id='block_1_119' title="bbox 2001 5621 3075 5682">
    <p class='ocr_par' dir='ltr' id='par_1_119' title="bbox 2001 5621 3075 5682">
     <span class='ocr_line' id='line_1_119' title="bbox 2001 5621 3075 5682; baseline 0.007 -20"><span class='ocrx_word' id='word_1_865' title='bbox 2001 5623 2349 5675; x_wconf 81' lang='lat' dir='ltr'><strong>Sententlain,</strong></span> <span class='ocrx_word' id='word_1_866' title='bbox 2383 5621 2504 5678; x_wconf 85' lang='lat' dir='ltr'><strong>quia</strong></span> <span class='ocrx_word' id='word_1_867' title='bbox 2540 5629 2888 5682; x_wconf 77' lang='lat' dir='ltr'><strong>przeccptum,</strong></span> <span class='ocrx_word' id='word_1_868' title='bbox 2922 5634 2940 5662; x_wconf 76' lang='grc' dir='ltr'><strong>ι</strong></span> <span class='ocrx_word' id='word_1_869' title='bbox 2968 5629 3075 5669; x_wconf 87' lang='lat' dir='ltr'><strong>etc.</strong></span> 
     </span>
    </p>
   </div>
   <div class='ocr_carea' id='block_1_120' title="bbox 2073 5682 3499 5752">
    <p class='ocr_par' dir='ltr' id='par_1_120' title="bbox 2073 5682 3499 5752">
     <span class='ocr_line' id='line_1_120' title="bbox 2073 5682 3499 5752; baseline 0.005 -19"><span class='ocrx_word' id='word_1_870' title='bbox 2073 5682 2091 5710; x_wconf 87' lang='grc'><strong><em>³</em></strong></span> <span class='ocrx_word' id='word_1_871' title='bbox 2127 5683 2291 5736; x_wconf 75' lang='lat' dir='ltr'><strong>iidem</strong></span> <span class='ocrx_word' id='word_1_872' title='bbox 2323 5689 2468 5750; x_wconf 70' lang='lat' dir='ltr'><strong>iriiri,</strong></span> <span class='ocrx_word' id='word_1_873' title='bbox 2507 5705 2522 5736; x_wconf 84' lang='lat' dir='ltr'><strong>t</strong></span> <span class='ocrx_word' id='word_1_874' title='bbox 2557 5683 2633 5737; x_wconf 76' lang='lat' dir='ltr'><strong>Nc</strong></span> <span class='ocrx_word' id='word_1_875' title='bbox 2660 5701 2920 5752; x_wconf 79' lang='lat' dir='ltr'><strong>atutcuut,</strong></span> <span class='ocrx_word' id='word_1_876' title='bbox 2949 5698 3172 5742; x_wconf 65' lang='lat' dir='ltr'><strong>etme-as</strong></span> <span class='ocrx_word' id='word_1_877' title='bbox 3206 5691 3440 5742; x_wconf 80' lang='lat' dir='ltr'><strong>amittat.</strong></span> <span class='ocrx_word' id='word_1_878' title='bbox 3481 5712 3499 5740; x_wconf 74' lang='grc' dir='ltr'><strong>ν</strong></span> 
     </span>
    </p>
   </div>
   <div class='ocr_carea' id='block_1_121' title="bbox 3201 5856 3272 5915">
    <p class='ocr_par' dir='ltr' id='par_1_121' title="bbox 3201 5856 3272 5915">
     <span class='ocr_line' id='line_1_121' title="bbox 3201 5856 3272 5915; baseline 0.014 -1"><span class='ocrx_word' id='word_1_879' title='bbox 3201 5856 3272 5915; x_wconf 77' lang='grc'><strong>13</strong></span> 
     </span>
    </p>
   </div>
  </div>
