3956 6196
365 325 470 387 395

1321 317 1381 377 S.
1426 309 1873 373 IIIERONYMI
1917 304 2233 366 OPERUM
2279 301 2690 362 MANTlSSA.

3517 282 3625 348 3‘36

367 457 504 506 cem,
540 449 595 493 et
616 448 946 509 persequere
969 446 1112 488 eam.
1140 429 1254 486 Nisi
1287 427 1566 485 oderimus
1592 426 1732 479 malu
1760 442 1815 488 ιι,
1849 424 1944 476 ho—
1975 429 2020 483 Α
2053 433 2152 472 nec
2175 413 2774 495 stridentescalceoios,
2803 424 2902 464 nec
2920 408 3080 463 orbes
3104 405 3268 462 stibio
3290 402 3626 474 fuliginatos.

368 550 494 588 num
538 545 723 586 amare
770 544 875 583 non
900 540 1214 595 possumus.
1246 520 1386 588 Quin
1425 518 1607 588 potius
1634 512 1939 570 faciendum

368 636 454 683 est
484 626 706 688 bonum,
743 630 804 677 ut
835 619 1172 676 declinemus
1223 629 1254 669 a
1287 613 1450 668 malo.
1485 609 1595 663 Pax
1651 604 1943 677 quaerenda

371 729 475 784 est,
504 718 772 788 fugiamus
801 714 975 778 bella;
1005 726 1107 766 nec
1138 707 1350 765 sull‘ecit
1377 722 1495 762 eam
1527 715 1797 772 quaerere,
1837 698 1942 752 uisi

373 816 645 865 inventam
690 805 1094 877 fugientemque
1120 799 1265 854 omni
1295 795 1473 854 studio
1499 804 1894 862 persequanmr
1926 803 1941 841 :

376 905 507 971 Quae
539 908 817 970 euriperat
864 910 1069 953 attinent
1102 907 1313 947 sensum
1367 886 1623 957 (Philipp.
1662 898 1735 945 tv,
1780 880 1856 949 7),
1893 876 1947 931 in

374 1013 479 1066 qua
511 991 774 1049 habitatio
820 988 911 1043 Dci
944 997 1049 1051 est,
1081 981 1352 1052 Propheta
1376 978 1590 1034 dicente
1622 991 1637 1031 ς
1667 976 1732 1028 Et
1776 972 1949 1040 factus

378 1064 448 1144 est
468 1089 521 1141 in
552 1100 680 1155 pare
702 1082 848 1138 locus
880 1079 991 1148 ejus
1013 1074 1189 1149 (Psai.
1213 1088 1373 1137 Lsxv,
1400 1072 1476 1152 5).
1502 1066 1752 1123 infernus
1768 1064 1953 1132 itaque

377 1182 518 1234 inter
539 1179 741 1234 fratres
779 1173 1002 1229 dividit.
1043 1166 1320 1236 Quidquid
1353 1164 1516 1234 igitur
1549 1166 1769 1228 separat
1810 1155 1954 1210 inter

377 1272 596 1332 tratres,
642 1264 890 1320 infernus
957 1257 1220 1315 dicendus
1271 1267 1378 1311 est.
1436 1249 1743 1308 Concordia
1806 1246 1953 1300 enim

374 1375 553 1427 parva:
586 1373 672 1413 res
692 1363 949 1409 crescunt
982 1370 996 1406 :
1032 1351 1111 1404 sic
1139 1360 1195 1404 et
1223 1345 1491 1403 discordia
1529 1342 1779 1396 maxima:
1810 1337 1953 1393 dila-

377 1455 601 1504 buntur.
650 1447 883 1502 Pulchre
931 1444 1096 1511 igitur
1157 1437 1468 1509 persecutio
1527 1436 1679 1503 pacis
1734 1430 1954 1493 dicitur,

373 1547 529 1617 juxta
582 1541 711 1595 illud
760 1537 1005 1607 Apostoli
1067 1550 1082 1589 :
1129 1530 1560 1597 Hospitalitatem
1594 1532 1958 1597 persequentes

379 1636 551 1706 (Rom.
584 1648 684 1698 xu,
718 1632 837 1701 1'5);
873 1640 931 1685 ut
959 1643 1066 1683 non
1100 1627 1203 1681 leni
1235 1625 1543 1691 usitatoque
1576 1633 1850 1679 sermone,
1881 1625 1956 1681 et,

382 1741 439 1781 ut
493 1730 566 1781 ita
604 1726 818 1795 loquar,
852 1721 1082 1777 summis
1137 1717 1299 1774 labiis
1331 1715 1573 1784 hospites
1618 1711 1911 1765 invitemus
1945 1720 1959 1762 :

380 1822 477 1876 sed
515 1828 627 1874 toto
660 1816 858 1872 mentis
891 1815 1091 1868 ardore
1118 1822 1421 1870 teneamus,
1453 1803 1616 1876 quasi
1647 1800 1962 1856 auferentes

382 1928 568 1970 secum
600 1911 667 1966 de
688 1911 839 1964 lucro
872 1915 1056 1961 nostro
1087 1913 1249 1970 atque
1263 1900 1607 1971 compendio.

945 2016 1175 2078 CAPUT
1201 2014 1395 2071 XXIX.

601 2117 676 2171 De
704 2112 931 2185 inﬁrmis
963 2121 1013 2166 et
1062 2108 1380 2179 pauperibus
1425 2102 1753 2160 recreandis.

456 2233 514 2289 Si
545 2232 670 2303 quis
716 2225 947 2297 eruperit
979 2232 1262 2293 aegrotare,
1295 2203 1668 2274 transferatur
1720 2212 1792 2269 ad
1841 2224 1969 2266 exe-

385 2329 538 2380 dram
566 2300 965 2386 latiorem;_et
1006 2322 1159 2368 tanto
1207 2324 1404 2367 senum
1436 2305 1747 2362 ministerio
1775 2300 1968 2357 confo-

388 2429 601 2481 veatur,
634 2425 694 2470 ut
718 2428 822 2468 nec
873 2408 1101 2464 delicias
1145 2405 1389 2466 urbium,
1418 2415 1518 2455 nec
1541 2397 1736 2452 matris
1765 2402 1972 2464 quierat

390 2512 665 2566 affectum.
699 2505 779 2560 Ne
825 2504 988 2558 liceat
1033 2500 1220 2555 dicere
1266 2498 1522 2562 cuiquam
1566 2489 1883 2548 :Tuuicam
1915 2496 1971 2541 et

390 2616 579 2673 sagum
610 2610 868 2667 textaque
896 2593 1082 2664 juncis
1112 2599 1286 2646 strata
1323 2600 1430 2641 non
1459 2585 1659 2641 habeo.
1689 2582 1769 2636 Ita
1817 2594 1969 2635 reco-

392 2671 591 2750 noinus
623 2690 879 2745 universa
911 2686 1248 2746 moderetur,
1283 2686 1342 2733 ut
1371 2690 1532 2733 nemo
1562 2674 1691 2744 quid
1730 2671 1971 2742 postulet

392 2788 506 2861 [ΑΙ.
544 2784 673 2841 add.
737 2794 899 2837 uerno
952 2775 1084 2847 non]
1133 2774 1355 2830 habeat.
1410 2768 1628 2825 Servia's
1684 2764 1972 2827 fratribus,

396 2855 670 2948 hospitum
700 2875 817 2928 lava
851 2870 1038 2939 pedes,
1064 2866 1395 2939 pauperibus
1423 2873 1481 2917 et
1510 2859 1776 2914 fratribus
1809 2855 1974 2910 refri-

396 2975 542 3043 geria
589 2968 790 3025 exhibe
840 2963 952 3038 [Αι.
1010 2970 1119 3015 tac.
1179 2953 1419 3026 exhibe],
1479 2963 1755 3023 sumptum
1811 2964 1974 3002 tnauu

400 3040 622 3135 propria
656 3054 946 3115 distribue.
990 3052 1258 3120 Quoniam
1308 3046 1575 3118 quidquid
1627 3042 1827 3097 habent
1866 3040 1979 3095 cle-

404 3158 525 3222 rici,
554 3165 855 3222 pauperum
878 3158 984 3215 est,
1006 3156 1062 3201 et
1077 3145 1275 3213 domus
1294 3154 1485 3195 eorum
1506 3136 1763 3192 omnibus
1784 3134 1981 3189 debent

400 3265 525 3305 esse
544 3258 883 3301 communes.
919 3236 1260 3307 Susceptioni
1291 3232 1438 3289 enim
1485 3230 1898 3301 peregrinorum
1928 3235 1983 3281 et

402 3341 677 3407 hospitum
707 3333 997 3403 invigilare
1024 3329 1244 3385 debent.

478 3432 649 3485 Docet
687 3426 955 3482 Salomon
1004 3418 1396 3476 misericordiae
1440 3414 1698 3485 Operibus
1731 3411 1986 3466 insisten-

403 3526 529 3578 dum
557 3539 575 3577 :
606 3535 707 3574 nec
736 3517 941 3573 nostris
987 3511 1263 3569 ﬁdendum
1289 3508 1518 3571 viribus,
1538 3506 1633 3561 sed
1669 3521 1698 3558 a
1724 3502 1837 3558 Dco
1865 3516 1989 3558 esse

405 3613 669 3668 auxilium
699 3607 1075 3678 ﬂagitandum.
1123 3604 1230 3659 Sed
1263 3610 1386 3657 esto
1415 3600 1560 3669 quod
1586 3600 1819 3668 tequet'is
1849 3611 1988 3664 pau-

408 3707 650 3774 peribus,
688 3705 907 3772 inopum
930 3697 1155 3755 cellulas
1177 3695 1468 3767 dignanter
1495 3692 1763 3752 introeas,
1795 3701 1988 3741 ntauus

407 3796 669 3854 debilium
708 3795 805 3860 sis,
856 3807 1051 3862 aquam
1087 3799 1291 3860 portes,
1325 3785 1471 3857 ligna
1503 3784 1778 3847 concidas,
1807 3779 1987 3834 focum

409 3900 698 3954 exstruas;
755 3885 853 3941 sed
883 3883 972 3938 ubi
1003 3880 1263 3948 vincula?
1315 3878 1405 3933 ubi
1435 3875 1643 3945 alapae?
1674 3873 1765 3929 ubi
1793 3871 1992 3941 epota?

410 3983 499 4038 ubi
528 3981 767 4051 ﬂagella,
799 3977 890 4032 ubi
938 3970 1275 4046 patibulum?
1303 3970 1394 4026 ubi
1422 3968 1611 4024 mors!
1643 3965 1707 4022 Et
1731 3980 1852 4020 cum
1877 3964 1993 4018 haec

411 4072 615 4137 omnia,
660 4083 782 4139 qua:
832 4067 943 4121 dixi
997 4063 1217 4129 feceris,
1266 4061 1338 4116 ab
1377 4057 1679 4116 Eustochio
1708 4055 1992 4123 Paulaque

415 4164 673 4219 vinceris.
702 4159 827 4215 llaec
856 4157 1002 4222 dico,
1032 4171 1138 4211 non
1167 4152 1311 4224 quod
1337 4152 1406 4207 de
1437 4151 1638 4204 ardore
1666 4145 1866 4201 mentis
1891 4157 1996 4199 tua:

415 4258 708 4327 quidquam
748 4251 1015 4316 dubitem,
1046 4248 1142 4303 sed
1174 4245 1320 4315 quod
1349 4251 1659 4298 currentem
1694 4237 1995 4308 impellam,

411 4360 470 4402 et
504 4349 702 4401 acriter
730 4341 1011 4398 dimicanti
1043 4337 1317 4393 fervorem
1349 4349 1600 4405 augeam.

980 4445 1211 4505 CAPUT
1263 4443 1434 4500 XXX.

704 4544 780 4599 De
801 4541 1104 4614 pauitantia
1127 4547 1174 4593 et
1197 4536 1565 4593 misericordia
1591 4534 1712 4590 Dei.

491 4659 706 4730 Arripe,
730 4671 939 4727 quaeso,
970 4652 1342 4715 occasionem,
1374 4661 1429 4705 et
1454 4650 1539 4706 fac
1569 4650 1636 4704 de
1669 4648 2000 4704 necessitate

427 4756 703 4808 virtutem.
744 4750 860 4805 Non
895 4756 1213 4819 quaruutur
1241 4747 1292 4800 in
1325 4742 1655 4800 Christianis
1688 4742 1865 4803 initia,
1902 4741 1999 4795 sed

427 4848 567 4901 linis.
606 4845 808 4900 Paulus
861 4841 1000 4897 male
1033 4841 1221 4909 cmpit,
1278 4838 1377 4893 sed
1429 4836 1569 4892 bene
1604 4835 1799 4889 ﬁnivit.
1849 4831 2003 4887 Judae

427 4940 710 4993 laudantur
740 4933 917 4999 initia,
954 4930 1052 4987 sed
1079 4932 1205 4986 linis
1237 4928 1542 4999 proditione
1592 4928 1902 4981 damnatur.
1938 4922 2006 4978 Et

429 5030 553 5086 licet
578 5028 721 5082 Deus
755 5040 863 5079 non
897 5023 1025 5078 velit
1051 5031 1283 5075 mortem
1313 5018 1638 5089 peccatoris,
1668 5015 1763 5070 sed
1790 5026 1846 5068 ut
1872 5029 2007 5068 con-

431 5127 676 5174 vertatur
726 5125 781 5168 et
836 5114 1005 5172 vivat,
1053 5120 1234 5164 tamen
1285 5107 1496 5175 tepidos
1548 5107 1682 5167 odit,
1723 5114 1777 5159 et
1808 5104 1919 5158 t'ito
1955 5103 2006 5157 ei

433 5225 695 5267 nauseam
727 5207 959 5262 faciunt.
985 5203 1195 5273 Cuique
1223 5200 1346 5268 plus
1384 5199 1696 5262 dimittitur,
1721 5197 1854 5267 plus
1883 5197 2010 5250 diii-

434 5304 530 5373 git.
568 5300 721 5356 Ulltie
756 5296 1013 5352 meretrix
1049 5295 1136 5347 illa
1191 5291 1397 5346 Christi
1437 5289 1685 5345 dilectrix
1723 5290 1774 5342 in
1824 5286 2010 5342 Evan-

436 5395 573 5463 gelia
601 5392 895 5461 baptizata,
925 5387 1205 5456 lacrymis,
1234 5395 1290 5439 et
1320 5383 1496 5447 crine,
1525 5399 1633 5450 quo
1667 5382 1866 5435 multos
1887 5391 2011 5435 ante

437 5491 678 5552 ceperat,
729 5480 894 5551 pedes
928 5477 1141 5532 Domini
1192 5484 1432 5545 tergens,
1487 5474 1691 5528 salvata
1727 5481 1809 5526 est
1855 5470 2007 5543 (an.

444 5591 529 5638 ru,
562 5574 796 5643 57-50)).
839 5571 957 5629 Non
998 5570 1214 5640 quidem
1243 5567 1430 5623 habuit
1460 5568 1764 5636 crispantes
1796 5568 2010 5629 mitras,

514 5709 536 5741 ‘
558 5709 775 5764 Addunt
799 5707 912 5773 alii,
946 5690 1221 5760 Dominum
1243 5704 1640 5773 recognoscitis.

2047 507 2179 562 Nam
2234 491 2457 576 quanto.
2486 502 2701 568 twdior,
2741 511 2895 557 tanto
2922 498 3216 572 pulchrior.
3243 495 3374 563 Quae
3404 495 3626 548 demum

2049 599 2299 671 ploratad
2318 613 2565 661 crucem,
2586 603 2859 664 unguenta
2883 603 3069 663 parat;
3094 591 3291 661 quaerit
3318 589 3369 640 in
3396 585 3627 647 tumulo,

2047 691 2398 747 hortulanum
2428 689 2758 756 interrogat,
2792 686 2968 756 pergit
2996 685 3062 737 ad
3083 680 3360 751 apostolos
3386 680 3423 743 ί,
3456 692 3636 746 reper-

2049 794 2162 837 tum
2197 782 2441 847 nuntiat;
2477 783 2554 836 illi
2607 780 2882 843 dubitant,
2916 781 3017 832 ista
3049 774 3275 831 conlidit
3322 770 3507 841 (Joan.
3537 785 3631 837 xx,

2055 873 2244 944 tl-l8)

2127 966 2241 1022 Non
2266 966 2410 1020 enim
2448 975 2556 1019 tam
2585 962 2793 1031 peccati
2818 960 3027 1017 crimen
3057 957 3325 1028 arguitur,
3353 968 3513 1023 quam
3544 967 3633 1007 ve-

2053 1059 2141 1115 lux
2185 1058 2479 1115 conversio
2518 1057 2572 1110 in
2632 1054 2973 1125 paenitentiae
3025 1051 3308 1105 celeritate
3361 1046 3634 1101 laudatur.

2054 1151 2165 1206 Nec
2199 1150 2343 1206 Deus
2368 1157 2587 1220 cogeret
2618 1146 2907 1214 pceuitere,
2964 1142 3010 1197 si
3063 1157 3169 1195 non
3203 1151 3347 1194 esset
3374 1138 3642 1207 prnniten-

2057 1246 2205 1301 tibus
2237 1243 2455 1299 veniam
2491 1255 2880 1297 concessurus.
2919 1236 3064 1292 Nihil
3108 1237 3254 1292 enim
3307 1245 3414 1288 tam
3475 1248 3640 1303 repn-

2058 1345 2186 1410 gnat
2218 1337 2349 1404 Deo,
2371 1351 2532 1404 quam
2556 1350 2648 1389 cor
2673 1334 3050 1402 impmuitens.
3076 1331 3192 1384 Hoc
3221 1310 3393 1384 solum
3427 1327 3639 1399 crimen

2059 1442 2165 1497 est,
2197 1432 2339 1501 quod
2374 1427 2588 1484 veniam
2635 1428 2892 1494 consequi
2942 1440 3049 1479 non
3093 1431 3271 1492 potest
3316 1436 3335 1476 τ
3370 1421 3643 1489 praecipue

2060 1523 2193 1593 quia
2225 1538 2329 1576 non
2356 1520 2614 1590 injustas,
2640 1530 2694 1572 ut
2724 1527 2949 1588 propter
2974 1515 3140 1571 multa
3169 1514 3308 1568 inaia
3343 1528 3640 1583 paucorum

2061 1611 2421 1668 obliviscatur
2464 1611 2731 1666 bonorum
2773 1625 2788 1664 ;
2832 1608 2942 1662 imo
2977 1606 3045 1660 de
3085 1605 3229 1658 nulla
3285 1618 3342 1657 re
3389 1602 3467 1657 sic
3533 1603 3645 1655 ira-

2077 1706 2251 1760 scitur
2304 1702 2471 1768 Deus,
2504 1701 2780 1771 quomodo
2829 1702 2873 1754 si
2941 1709 3194 1768 peccator
3249 1697 3546 1767 superbiat,
3594 1706 3654 1748 et

2065 1808 2281 1852 erectus
2331 1805 2389 1850 et
2450 1795 2657 1866 rigidus
2721 1809 2830 1850 non
2887 1790 3137 1847 ﬂectatur
3184 1791 3239 1844 in
3307 1789 3490 1843 ﬂetum
3551 1802 3655 1842 nec

2065 1886 2501 1942 misericordiam
2556 1885 2797 1956 postulet
2846 1899 2944 1953 pro
2981 1881 3179 1939 delicto
3217 1900 3231 1938 :
3275 1881 3515 1950 nihilque
3568 1883 3652 1934 sic

2063 1981 2291 2038 oil'endit
2345 1978 2537 2045 Deum,
2577 1978 2720 2034 sicut
2765 1989 2946 2034 erecta
2991 1978 3177 2032 cervix
3224 1984 3347 2046 post
3398 1983 3653 2037 peccata,

2065 2083 2120 2126 et
2154 2087 2219 2125 ex
2248 2069 2635 2141 desperatione
2688 2078 3050 2136 contemptus.
3109 2064 3264 2123 Unde
3300 2074 3355 2118 et
3398 2080 3496 2119 vos
3542 2080 3651 2117 non

2068 2164 2370 2235 desperetis
2422 2162 2640 2218 veniam
2702 2161 2969 2217 scelerum
3033 2159 3408 2229 magnitudine
3456 2171 3472 2212 :
3523 2157 3654 2227 quia

2072 2270 2266 2324 magna
2290 2264 2511 2326 peccata
2527 2268 2721 2324 magna
2745 2253 2949 2310 delebit
2986 2253 3305 2323 poenitentia
3350 2249 3465 2324 [AL
3491 2253 3663 2306 mise-

2072 2345 2353 2420 ricordia].
2406 2345 2541 2400 Nam
2599 2345 2745 2402 Deus
2801 2361 2910 2401 non
2955 2346 3071 2401 vult
3111 2343 3661 2414 iuferre’supplicia,

2072 2439 2164 2493 sed
2188 2449 2394 2494 terrere
2427 2453 2713 2507 passuros.
2752 2436 2987 2509 ipseque
3013 2438 3081 2492 ad
3111 2435 3486 2504 pcnuiteutiam
3524 2448 3659 2503 pro-

2072 2538 2250 2591 vocat,
2281 2545 2348 2583 ne
2377 2530 2544 2584 faciat
2572 2530 2717 2599 quod
2750 2530 3117 2585 comminatus
3147 2538 3255 2584 est.

2150 2621 2460 2675 Daeinonum
2489 2623 2636 2677 enim
2671 2622 2853 2677 nullus
2879 2622 3066 2693 estqui
3120 2629 3326 2691 parcat.
3352 2619 3557 2676 Omnes
3593 2619 3663 2673 ad

2073 2715 2311 2784 pra-dam
2337 2714 2520 2770 festini
2565 2716 2809 2780 venient,
2840 2723 2969 2770 ante
3013 2714 3207 2769 faciem
3237 2714 3483 2784 ipsorum
3529 2729 3667 2768 ven-

2076 2816 2185 2862 tus.
2216 2806 2278 2860 Et
2305 2806 2570 2876 quidquid
2599 2808 2945 2878 aspexerint,
2981 2806 3248 2876 quidquid
3286 2805 3666 2861 vultuieorum

2075 2901 2299 2954 obvium
2346 2901 2532 2964 fuerit,
2564 2915 2726 2955 urere
2756 2901 3145 2956 desiderabuut
3187 2909 3240 2953 et
3269 2899 3523 2970 perdere.
3560 2900 3669 2952 Sed

2077 3005 2180 3045 nec
2212 2993 2503 3060 quisquam
2536 3006 2634 3059 per
2662 2990 2979 3060 patientiam
3014 2990 3278 3045 benitatis
3301 2989 3419 3053 Dei,
3439 2988 3507 3044 de
3537 3004 3670 3059 pec-

2008 3089 2054 3150 (ι
2083 3092 2327 3137 catorum
2379 3099 2600 3138 suorum
2636 3082 2963 3152 impunitate
3016 3083 3330 3149 contendat,
3360 3096 3461 3136 nec
3508 3081 3669 3136 illum

2086 3190 2192 3229 non
2266 3177 2504 3231 aestimet
2561 3172 2856 3241 ol‘l'eusum,
2922 3176 3048 3247 quia
3112 3177 3346 3230 necdum
3411 3185 3675 3243 expertus

2086 3269 2304 3323 iratum.
2359 3265 2473 3323 lmo
2523 3283 2715 3339 magna
2758 3278 2844 3322 est
2884 3268 2987 3333 ira,
3043 3269 3262 3339 quando
3313 3268 3675 3338 peccantibus

2088 3373 2191 3412 non
2219 3356 2476 3412 irascitur
2493 3354 2656 3412 Deus.
2680 3357 2835 3415 Unde
2857 3356 2911 3411 in
2931 3356 3219 3414 Ezechiele
3240 3357 3308 3411 ad
3328 3355 3634 3413 Jerusalem
3657 3376 3671 3410 :

2085 3449 2373 3533 Jam‘uon
2416 3451 2627 3504 irascar
2681 3452 2794 3517 tibi,
2863 3450 3010 3504 zelus
3044 3461 3166 3503 tuus
3221 3451 3438 3504 recessit
3500 3467 3536 3503 a
3590 3466 3675 3505 nte

2090 3538 2304 3611 (Ezech.
2340 3555 2455 3605 xvi,
2483 3542 2596 3610 4⁸2).
2631 3538 2735 3594 Sed
2767 3556 2955 3594 revera
3007 3540 3148 3595 Deus
3198 3541 3510 3596 hominibus
3563 3558 3674 3596 non

2080 3634 2373 3699 irascitur,
2408 3636 2501 3688 sed
2534 3635 2682 3688 vitiis
2719 3650 2733 3687 :
2762 3649 2883 3702 qua:
2914 3648 3039 3688 cum
3074 3634 3128 3686 in
3165 3633 3382 3689 bomine
3421 3648 3529 3688 non
3559 3634 3677 3688 fue-

2093 3724 2225 3787 rint,
2263 3740 2603 3793 nequaquam
2638 3728 2818 3790 punit.

2164 3818 2343 3872 Habet
2401 3800 2584 3873 autem
2637 3820 2714 3872 ira
2773 3818 2867 3873 Dei
2924 3834 3234 3883 mensuras,
3294 3830 3680 3889 quantum.et

2093 3921 2299 3980 quanto
2325 3921 2592 3981 tempore,
2621 3921 2676 3965 et
2702 3914 2772 3965 ob
2813 3922 2949 3982 quas
2981 3926 3201 3979 causas,
3224 3922 3278 3966 et
3303 3911 3501 3981 quibus
3532 3913 3677 3967 infe-

2094 4012 2290 4056 ratur:
2337 4000 2496 4069 justa
2536 4000 2665 4054 illud
2705 4001 2852 4070 quod
2890 4002 3154 4072 scriptum
3183 4010 3270 4056 est
3293 4018 3307 4055 :
3331 3999 3545 4056 Cibabis
3576 4019 3676 4058 nos

2092 4110 2233 4164 pane
2290 4094 2649 4165 lacrymarum
2714 4096 2770 4149 in
2829 4111 3076 4150 mensura
3133 4095 3307 4167 (Psat.
3359 4111 3550 4161 Lxxix,
3592 4095 3676 4165 6).

2098 4186 2521 4243 Misericordiam
2576 4188 2744 4260 igitur
2787 4206 2816 4243 a
2885 4189 2993 4245 Deo
3047 4191 3426 4259 consequitur,
3466 4191 3559 4259 qui
3618 4207 3678 4243 se

2098 4290 2251 4349 putat
2284 4295 2409 4335 esse
2462 4281 2750 4335 miserum.
2800 4278 2934 4335 Nam
2993 4282 3133 4339 Deus
3156 4285 3247 4353 qui
3278 4284 3440 4340 nullis
3467 4284 3678 4339 viribus

2103 4373 2352 4440 superari
2389 4379 2590 4440 potest,
2618 4370 2893 4442 publicani
2920 4382 3098 4427 tamen
3128 4375 3385 4442 precibus
3416 4375 3671 4429 vincitur.

2029 4430 2074 4485 Β
2101 4460 2317 4527 Quanto
2349 4476 2478 4532 ergo
2509 4471 2756 4531 tempore
2785 4470 2841 4517 te
2882 4476 3072 4519 errare
3108 4430 3275 4530 ιίοειί,
3304 4476 3510 4535 quanto
3539 4477 3679 4520 lettt~

2104 4571 2233 4623 pore
2293 4554 2611 4624 deliquisti;
2673 4566 2827 4609 tanto
2869 4564 3115 4625 tempore
3162 4558 3385 4613 humilia
3435 4562 3672 4627 teipsum

2101 4648 2234 4713 Deo.
2275 4657 2332 4702 et
2369 4647 2673 4704 satisfacito
2722 4648 2773 4703 ei
2814 4650 2868 4704 in
2915 4648 3261 4706 confessione
3315 4654 3677 4721 paenitentiae.

2104 4738 2373 4807 Quoniam
2408 4739 2497 4807 qui
2534 4750 2788 4808 peccator
2816 4750 2899 4796 est
2926 4741 3107 4811 aliqua
3154 4743 3318 4798 sorde
3350 4738 3677 4809 ttiacttlatus,

2105 4834 2172 4887 de
2199 4830 2441 4886 Ecclesia
2461 4829 2665 4911 Christi
2694 4847 2800 4885 non
2829 4843 3008 4900 potest
3031 4834 3312 4903 appellari,
3334 4850 3433 4889 nec
3461 4838 3682 4893 Christo

2107 4925 2393 4993 subjectus
2411 4926 2543 4979 dici.
2564 4927 2740 4995 Igitur
2752 4929 2877 4996 quia
2898 4931 3203 4984 erravimus
3222 4932 3469 5001 juvenes,
3500 4946 3681 4987 einen.

2104 5010 2302 5068 'detnur
2333 5030 2512 5081 senes,
2540 5015 2834 5086 jungamus
2860 5019 3112 5087 gemitus.
3143 5029 3199 5073 et
3221 5019 3493 5090 lacrymas
3513 5036 3687 5090 cepo-

2111 5107 2310 5170 lemus,
2359 5108 2576 5178 culpam
2632 5108 2958 5179 simpliciter
3006 5108 3338 5167 cuiiﬁteudo.
3395 5111 3533 5167 Nam
3588 5115 3683 5184 qui

2111 5208 2234 5269 post
2282 5198 2491 5268 lapsum
2526 5211 2871 5268 peccatorum
2898 5202 2967 5256 ad
3000 5215 3181 5257 veram
3215 5204 3592 5274 paenitentiam
3625 5223 3687 5258 se

2112 5293 2399 5355 convertit,
2433 5291 2546 5347 cito
2576 5307 2606 5346 a
2643 5292 3031 5350 misericordia:
3050 5296 3235 5365 judice
3265 5295 3480 5351 veniam
3509 5296 3687 5364 impe-

2117 5380 2283 5438 trahit
2310 5401 2323 5438 :
2355 5385 2616 5453 quoniam
2649 5385 2788 5454 apud
2840 5384 3009 5440 Deum
3056 5403 3163 5443 non
3197 5400 3303 5442 tam
3357 5388 3498 5442 valet
3537 5403 3693 5442 inen-

2114 5492 2242 5531 sura
2301 5483 2580 5547 temporis,
2646 5494 2812 5549 quam
2885 5480 3130 5548 doloris;
3203 5494 3305 5537 nec
3359 5483 3690 5535 aDSIinetttia

2117 5582 2326 5626 tantum
2378 5574 2653 5636 ciborum,
2699 5583 2964 5643 quantum
3034 5576 3384 5630 niorttlicatio
3413 5573 3693 5628 vitiorum.
