3956 6196
337 393 444 471 397

1235 413 1550 475 REGULA
1608 414 2251 478 MONAljllORUM.-—
2285 411 2702 474 APPENDIX.

3491 395 3597 465 3‘8

409 517 516 572 Sed
569 528 624 570 et
664 532 918 586 magnum
969 531 1254 586 peccatum
1291 525 1503 593 magnis
1539 527 1917 594 dioturnisque
1947 538 1994 587 Α
2021 546 2127 596 quc
2157 528 2359 580 stridor
2392 525 2615 595 quidam
2648 536 2758 576 nou
2789 518 3016 574 Latinus
3046 518 3420 584 ittterSIrepat.
3454 513 3605 568 Unde

333 610 672 664 cruciatibus
707 610 898 674 luitur,
934 611 1198 680 culpaque
1223 614 1360 683 legis
1397 619 1688 686 pratsentis
1715 618 1921 688 suppli-

333 702 420 755 cio
438 713 786 772 compensata
809 703 902 758 sit.
937 703 1004 758 Et
1028 705 1105 758 sic
1133 722 1384 775 magnum
1411 719 1695 777 peccatum
1724 725 1920 779 magna

339 795 962 862 indigetmisericordia.
986 796 1257 852 Conclusit
1285 801 1430 855 enim
1464 800 1604 855 Deus
1629 805 1805 856 omnia
1823 803 1918 856 sub

337 898 574 956 peccato,
608 898 666 940 ιιι
704 891 946 944 omnibus
981 892 1301 944 misereatur
1333 892 1513 965 (Rom.
1552 911 1629 960 xl,
1662 895 1776 964 52).
1813 894 1919 949 Scd

338 980 540 1034 frustra
570 996 698 1036 voce
725 980 836 1052 [ΑΙ.
872 982 1222 1053 pmnitentia]
1277 986 1597 1049 assumitur,
1636 988 1678 1042 si
1707 1004 1920 1056 perma-

339 1082 468 1126 nent
486 1088 671 1142 opera.
705 1073 810 1128 Sed
842 1090 910 1128 no
935 1075 1141 1130 diutius
1167 1078 1504 1144 pertrahunt,
1527 1078 1725 1133 habeto
1747 1095 1916 1148 pauca

338 1182 437 1232 pro
461 1167 711 1233 pluribus
748 1181 764 1221 ε
798 1167 851 1220 ἰιι
883 1168 1080 1233 quibus
1135 1182 1244 1223 non
1292 1178 1401 1222 tam
1463 1170 1598 1224 ordo
1631 1171 1915 1240 quazritur,

335 1275 498 1325 quam
528 1258 820 1327 profectus.
858 1259 970 1327 Age
1003 1275 1153 1328 ergo,
1204 1270 1260 1314 tu
1289 1273 1443 1325 cave,
1476 1272 1655 1325 curre,
1690 1261 1911 1315 festina.

337 1354 470 1420 Age,
500 1351 637 1404 utin
691 1353 794 1406 hac
843 1351 1232 1420 spiritualitate
1282 1353 1582 1420 proﬁcias;
1637 1369 1792 1418 cave,
1851 1371 1916 1407 ne

335 1443 480 1512 quod
513 1442 772 1511 accepisti
803 1443 1024 1508 bonum,
1064 1446 1315 1500 incautus
1345 1456 1398 1499 et
1428 1448 1707 1516 negligens
1731 1456 1917 1501 custos

335 1535 594 1599 amittas;
625 1547 807 1594 curre.
849 1545 907 1588 ut
939 1551 1042 1589 non
1077 1536 1352 1607 negligas;
1389 1539 1612 1604 ieStina,
1673 1548 1730 1592 ut
1771 1540 1915 1593 Cele-

336 1625 454 1678 rius
496 1625 955 1692 comprehendas.
989 1625 1123 1680 Nam
1173 1629 1407 1698 cmpisse
1462 1630 1758 1683 multorum
1785 1641 1866 1684 est
1901 1649 1912 1682 :

335 1720 402 1771 ad
427 1717 642 1772 culmen
677 1720 992 1787 pervenisse
1025 1736 1345 1788 paucorum.
1375 1721 1606 1776 Tribuat
1632 1723 1724 1777 tibi
1754 1723 1916 1778 Chri-

333 1825 474 1872 stus,
507 1819 564 1865 ut
595 1813 806 1877 audias,
845 1823 900 1866 et
956 1823 1158 1878 taceas,
1187 1823 1241 1867 et
1278 1815 1570 1884 intelligas,
1595 1825 1650 1868 et
1700 1816 1784 1870 sic
1837 1815 1915 1868 lo-

333 1905 543 1972 qttaris.

882 2015 1110 2071 CAl‘U'l‘
1154 2017 1345 2072 XXXI.

724 2130 866 2183 Finis
905 2131 1221 2184 concludens
1263 2135 1518 2201 regulam.

406 2267 466 2324 Et
501 2272 758 2338 quoniam
802 2271 872 2324 ita
917 2285 976 2326 se
1024 2283 1219 2324 natura
1263 2272 1468 2337 habet,
1518 2285 1577 2326 ut
1617 2287 1802 2329 amara
1846 2277 1918 2329 sit

334 2367 556 2430 veritas,
586 2376 642 2418 et
675 2365 872 2419 blanda
904 2367 1031 2420 vitia
1063 2366 1475 2432 existimentur,
1511 2381 1569 2422 ut
1607 2370 1804 2424 Paulus
1841 2372 1917 2423 ait

334 2457 613 2524 apostolus
651 2474 663 2511 :
698 2457 955 2512 Inimicus
998 2461 1140 2512 vobis
1178 2459 1352 2528 factus
1381 2477 1497 2513 sum
1531 2477 1708 2515 verum
1741 2464 1919 2517 dicens

335 2552 534 2618 (Colat.
571 2569 644 2615 tv,
679 2553 792 2620 lli);
826 2557 966 2608 unde
1003 2565 1060 2608 et
1099 2556 1226 2624 quia
1263 2555 1564 2610 Salvatoris
1595 2558 1729 2611 dura
1773 2559 1916 2612 vide-

337 2647 533 2696 bantur
585 2643 834 2714 eloquia,
890 2647 1111 2714 plurimi
1160 2646 1559 2714 discipulorum
1616 2656 1916 2702 retrorsum

338 2735 635 2793 abierant:
672 2752 775 2790 nor.
811 2739 1004 2790 mirum
1038 2747 1140 2800 est,
1179 2738 1224 2792 si
1265 2749 1321 2792 et
1358 2753 1460 2792 nos
1496 2739 1600 2806 ipsi
1636 2741 1786 2794 vitiis
1825 2742 1920 2793 de-

335 2831 658 2892 trahentes,
708 2829 1036 2885 cticndimus
1080 2831 1368 2898 plurimos.
1419 2831 1678 2900 Disposui
1735 2843 1914 2886 tamen

333 2935 526 2974 ttasuzn
559 2936 747 2975 secare
782 2921 1040 2977 fetentem
1077 2939 1090 2978 :
1125 2926 1314 2978 timeat
1345 2925 1439 2994 qui
1473 2934 1783 2980 strumosus
1816 2938 1917 2980 est.

333 3014 476 3077 Quid
529 3024 711 3065 tamen
772 3016 837 3066 ad
885 3024 939 3068 te
985 3017 1074 3083 qui
1126 3016 1381 3087 intelligis
1427 3028 1478 3070 te
1529 3018 1921 3071 innocentem?

332 3104 503 3157 Nemo
537 3106 902 3174 reprehendat
929 3108 1074 3175 quod
1111 3108 1322 3175 aliquos
1355 3117 1448 3159 aut
1473 3105 1788 3172 laudamus,
1824 3117 1919 3159 attt

2030 623 2248 692 ignosce
2282 618 2540 675 ariditati.
2576 617 2644 671 Et
2688 618 2731 670 si
2776 614 3046 682 imperitus
3083 626 3196 663 sum
3229 623 3486 672 sermone,
3519 607 3605 660 in-

2027 715 2143 783 quit
2173 712 2486 782 Apostolus,
2518 713 2608 764 sed
2641 726 2744 762 nun
2775 706 2997 759 scientia
3026 702 3104 774 (II
3136 701 3265 756 Cor.
3299 717 3374 767 χι,
3408 699 3487 770 6).
3523 700 3602 751 llli

2025 812 2317 870 utrumque
2345 817 2452 854 non
2482 801 2686 860 deerat,
2716 808 2772 851 et
2801 811 2968 849 unum
2998 793 3277 847 humiliter
3313 792 3601 845 renuebat.

2028 893 2194 948 Nobis
2239 902 2532 962 utrumque
2567 892 2749 952 deest;
2783 887 2908 956 quia
2945 897 2998 941 et
3035 885 3182 956 quod
3214 883 3366 952 pueri
3400 883 3603 952 plausi-

2026 988 2132 1043 bile
2169 988 2554 1050 hahnera'mus,
2589 984 2906 1047 amisimus;
2959 996 3059 1034 nec
3108 979 3394 1035 scientiam
3439 992 3599 1046 quam

2024 1080 2371 1141 volebamus,
2425 1074 2708 1132 consecuti
2761 1087 2990 1137 smnus,
3039 1071 3189 1140 juxta
3251 1067 3602 1138 .Esopianattt

2027 1171 2297 1234 fabulam;
2367 1173 2492 1222 dum
2554 1182 2748 1236 magna
2814 1176 3111 1229 Sectantur,
3169 1160 3330 1214 etiam
3392 1159 3600 1213 minora

2024 1265 2324 1333 perdimus.

2096 1355 2211 1407 Non
2261 1354 2725 1424 prolongahuntur
2769 1349 2910 1404 ultra
2959 1364 3238 1404 sermones
3280 1346 3383 1400 mei
3434 1361 3602 1414 quos-

2023 1463 2239 1514 cunque
2289 1448 2518 1515 loquor.‘
2555 1446 2627 1499 Et
2687 1454 2910 1514 propter
2962 1457 3182 1505 maneo,
3224 1450 3277 1495 et
3332 1438 3466 1496 flens
3512 1455 3604 1508 ge-

2024 1556 2289 1606 mensque
2317 1549 2614 1602 contestor,
2647 1546 2704 1592 ut
2729 1537 2856 1591 dum
2889 1536 3048 1605 hujus
3084 1535 3268 1588 mundi
3304 1533 3443 1586 viam
3476 1547 3604 1584 cur-

2023 1640 2216 1696 rimus,
2252 1651 2358 1688 nou
2411 1634 2624 1687 duabus
2674 1630 2894 1693 tunicis,
2934 1629 2982 1682 id
3019 1636 3122 1691 est,
3161 1626 3362 1695 duplici
3418 1624 3603 1678 animo

2022 1727 2128 1799 [Αι.
2161 1725 2286 1797 title]
2321 1726 2652 1785 vestiatnur;
2689 1738 2794 1776 non
2824 1722 3319 1776 calceamentorum
3347 1716 3600 1785 pedibus,

2023 1819 2272 1874 videlicet
2319 1818 2576 1887 operibus
2630 1827 3067 1885 praegraventur;
3123 1827 3229 1865 non
3283 1809 3602 1863 divitiarum

2021 1927 2185 1964 onera
2240 1912 2306 1963 ad
2367 1921 2575 1963 terram
2631 1915 2914 1977 premant;
2966 1920 3070 1958 non
3122 1904 3306 1972 virga),
3344 1897 3449 1954 hoc
3499 1909 3602 1958 est,

2023 2003 2279 2071 potentia:
2327 2001 2622 2063 saecularis,
2657 2008 2934 2067 quaeratur
2968 1995 3269 2055 auxilium;
3308 2007 3414 2046 non
3454 1993 3601 2057 pari-

2025 2106 2104 2147 ter
2134 2095 2410 2149 Christum
2445 2092 2676 2145 velimus
2727 2091 2927 2144 habere
2958 2097 3010 2141 et
3053 2085 3333 2149 saeculum,
3369 2086 3462 2137 sed
3506 2098 3603 2150 pro

2024 2189 2278 2241 brevibus
2306 2197 2359 2240 et
2389 2184 2610 2239 caducis
2642 2193 2848 2237 attenta
2890 2178 3214 2236 succedant.
3246 2175 3350 2229 Sed
3392 2183 3447 2227 et
3478 2190 3600 2241 prc-

2021 2296 2115 2332 cor
2146 2282 2236 2346 qui
2270 2277 2454 2332 fideles
2489 2277 2644 2340 estis,
2680 2287 2737 2329 ut
2786 2277 2855 2327 ita
2902 2273 3065 2325 vitam
3101 2279 3341 2323 nostram
3382 2276 3437 2320 et
3465 2281 3596 2320 con-

2025 2373 2386 2426 versationem
2419 2371 2668 2434 servetis,
2697 2385 2764 2423 ne
2796 2370 2846 2421 in
2887 2367 3002 2434 ipsa
3034 2367 3115 2417 vel
3147 2363 3247 2432 ipsi
3277 2360 3597 2416 scandalum

2024 2467 2330 2536 patiamini,
2367 2466 2449 2521 vel
2495 2464 2620 2519 aliis
2664 2461 2988 2518 scandalum
3033 2458 3280 2520 faciatis;
3316 2455 3409 2508 sed
3443 2453 3515 2507 sit
3548 2453 3599 2506 in

2024 2561 2176 2613 vobis
2207 2559 2406 2612 suuuni
2441 2557 2632 2620 studii,
2661 2569 2996 2622 summaeque
3027 2551 3270 2614 cautelae,
3300 2563 3368 2601 ne
3393 2546 3517 2615 Quis
3548 2546 3600 2598 in

2025 2653 2165 2706 hanc
2196 2662 2510 2705 sanctorum
2539 2648 3017 2717 congregationem
3054 2644 3294 2712 pollutus
3328 2641 3600 2700 introeat;

2025 2760 2090 2798 ne
2136 2744 2384 2812 quisquis
2431 2741 2716 2796 Jebusaans
2764 2739 2969 2793 habitet
3022 2738 3072 2789 in
3122 2736 3294 2790 vobis.
3339 2731 3603 2786 Dominus

2021 2835 2180 2889 .lesus
2239 2847 2485 2890 conterat
2541 2833 2798 2885 Satanam
2853 2829 2957 2884 sub
3005 2829 3232 2897 pedibus
3288 2827 3509 2888 vestris,
3550 2837 3603 2877 et

2024 2929 2323 2980 incolumes
2359 2943 2475 2988 vos,
2509 2934 2560 2979 et
2591 2925 2798 2994 prolixa
2831 2934 2993 2977 attate
3034 2923 3314 2980 florentes.
3346 2917 3603 2972 Christus

2026 3020 2166 3072 Deus
2213 3030 2396 3073 noster
2442 3027 2659 3071 tueatur
2706 3017 3075 3082 amnipotens.
3111 3011 3214 3066 Sed
3263 3021 3318 3064 et
3362 3009 3601 3078 Spiritus

2025 3123 2248 3166 sanctus
2281 3109 2438 3164 nobis
2470 3118 2729 3178 praestare
2764 3107 3039 3174 dignetur.
3077 3114 3133 3156 ut
3168 3103 3220 3156 in
3254 3102 3360 3154 hoc
3403 3102 3600 3155 saaculo

333 3197 648 3264 carpimus;
683 3212 804 3250 eum
837 3209 892 3252 et
926 3198 979 3252 itt
1019 3200 1313 3270 arguendis
1343 3199 1504 3253 malis
1535 3199 1604 3251 sit
1639 3200 1913 3267 correptio
1944 3235 1986 3288 ο
2025 3203 2262 3258 factores
2295 3203 2675 3256 mandatorum
2709 3213 2930 3253 suorum
2962 3195 3168 3257 eﬂeCti,
3197 3197 3251 3248 in
3287 3192 3446 3260 hujus
3481 3197 3600 3248 vitae

332 3299 680 3355 umerorum,
713 3299 766 3344 et
803 3291 855 3343 iu
884 3292 1106 3358 Optimis
1144 3291 1506 3362 praedicandis
1543 3291 1668 3346 boni
1702 3293 1766 3342 ad
1801 3291 1910 3342 vir-

335 3389 510 3431 tutum
570 3379 746 3432 studia
799 3384 1162 3436 rettcitentur.
1218 3381 1328 3436 Nos
1373 3383 1558 3444 enim,
1614 3392 1671 3434 ut
1723 3384 1912 3446 scitis,

334 3470 685 3525 Hebraeorum
738 3475 970 3528 lectione
1009 3477 1230 3539 detenti,
1271 3477 1322 3528 itt
1379 3477 1570 3530 Latina
1605 3477 1785 3543 lingua
1827 3493 1916 3527 ra-

335 3564 575 3629 biginem
602 3566 915 3619 indumnuts
947 3586 957 3618 :
989 3568 1040 3618 in
1075 3577 1284 3621 tantuttt
1317 3580 1374 3620 ut
1405 3569 1753 3636 loquentibus
1787 3585 1917 3636 qun-

2024 3309 2194 3364 agoue
2223 3294 2457 3362 probati,
2483 3302 2536 3346 et
2569 3292 2754 3346 ﬁdeles
2780 3289 2986 3344 inventi
3013 3287 3393 3358 spiritualibus
3416 3286 3603 3340 fructis

2028 3392 2127 3440 bus
2160 3388 2392 3451 dilatati,
2422 3386 2675 3454 supernis
2718 3399 3026 3437 mereamur
3061 3381 3282 3450 adjungi
3327 3379 3606 3434 concenti-

2029 3486 2146 3532 bus.
2181 3479 2284 3544 Ipsi
2320 3479 2334 3508 ¹
2372 3478 2542 3545 gloria
2575 3489 2631 3531 et
2673 3476 2959 3544 imperium
3005 3490 3126 3528 cunt
3173 3476 3363 3553 eodem
3396 3471 3603 3542 Spiritu

2027 3582 2214 3624 sancto
2249 3573 2301 3622 in
2337 3583 2534 3622 cuncta
2569 3573 2763 3622 saecula
2798 3569 3141 3624 saculorunt.
3179 3566 3350 3620 Amen

413 3710 426 3738 ¹
465 3711 595 3766 Erat
626 3725 805 3786 antea,
847 3733 864 3764 ι
907 3714 1000 3766 llis
1035 3714 1441 3768 centinentibus
1479 3730 1785 3766 mereantur
1826 3712 2074 3782 adjungi;
2109 3713 2228 3780 ipsi,
2271 3731 2288 3760 ι
2328 3722 2431 3762 etc.

1697 3894 1846 3904 —-—-——.

1861 3892 2018 3905 -ι--οεύ

3107 3881 3109 3884 ι
3211 3879 3214 3882 .
3423 3875 3433 3898 Ι

2023 3893 2286 3903 -υ--ι--η-

707 4057 1326 4147 APPENDIX
1402 4057 1550 4143 AD
1634 4052 2189 4142 [’tEGULAM
2267 4046 3236 4141 PRAECEDENTEM.

591 4409 880 4467 MARTINI
919 4410 958 4463 V
1001 4409 1057 4463 P.
1095 4409 1165 4463 Μ.
1197 4405 1649 4464 ΑΡΡιιυΒΑΤιι).

411 4506 676 4562 Martinus
704 4505 992 4574 cpisc0pus
1036 4518 1224 4556 servus
1266 4517 1548 4556 servorum
1586 4500 1678 4554 Dei
1712 4501 1914 4554 dilecto

2027 4401 2338 4473 Hieronymi
2391 4392 2756 4456 communiter
2801 4401 3122 4471 nuncupati,
3157 4394 3262 4456 sub
3306 4401 3489 4471 regula
3539 4401 3602 4460 S.

2027 4497 2308 4565 Augustini
2363 4497 2627 4557 viventes,
2661 4498 2778 4548 zelo
2822 4495 3130 4549 devotionis
3170 4495 3406 4559 accensi,
3441 4504 3489 4550 et
3533 4496 3602 4550 ob

339 4598 452 4650 lilio
500 4595 650 4663 Lupo
693 4597 760 4647 de
812 4592 1045 4656 Olmel0,
1087 4591 1378 4659 praeposito
1425 4591 1659 4659 generali
1706 4589 1914 4642 ordinis
1947 4574 1995 4632 υ
2022 4593 2230 4661 frugem
2273 4593 2396 4644 vitzc
2444 4590 2687 4644 melioris
2735 4589 2942 4643 arctius
2982 4597 3038 4642 et
3079 4587 3396 4657 perfectius,
3437 4603 3597 4656 quam

335 4691 725 4741 monachorum
759 4685 818 4739 S.
853 4683 1188 4753 Hieronymi,
1217 4684 1445 4737 salutem
1477 4694 1529 4735 et
1559 4681 1912 4751 apostolicam

331 4780 791 4833 benedictionem.

408 4871 460 4924 1.
503 4858 594 4922 Ρη
628 4884 726 4923 nos
755 4871 955 4923 excitat
1001 4873 1055 4921 et
1089 4867 1296 4920 inducit
1324 4863 1562 4928 aﬂectio,
1595 4872 1653 4917 ut
1689 4863 1915 4916 sincera:

329 4961 635 5015 devotionis
679 4959 1042 5028 propositum,
1072 4973 1178 5027 quo
1223 4955 1440 5025 gloriosi
1491 4955 1549 5007 S.
1598 4953 1910 5021 Hieronymi

327 5051 635 5102 doctrinam
674 5057 729 5100 et
759 5047 921 5100 vitam
957 5045 1308 5099 monachales
1342 5042 1543 5095 imitari
1575 5045 1914 5108 contempta-

329 5138 484 5190 tione
513 5140 720 5202 studes,
741 5139 956 5190 assidua
991 5134 1233 5206 paternis
1262 5132 1550 5187 aﬁ‘ectibus
1580 5145 1914 5199 prosequen-

329 5241 435 5296 tes,
475 5230 615 5284 votis
649 5232 755 5284 tuis
782 5231 946 5298 iustis
977 5239 1032 5281 et
1065 5226 1333 5291 honestis,
1365 5239 1462 5294 per
1491 5237 1612 5292 qua:
1647 5223 1912 5291 regularis

325 5333 384 5378 et
419 5323 758 5378 monacltalis
803 5309 1176 5380 observantia,
1217 5322 1319 5373 sub
1368 5331 1473 5385 qna
1522 5317 1758 5370 Sanctus
1798 5318 1913 5383 ipse

327 5416 387 5468 in
413 5413 519 5468 hoc
547 5415 744 5468 saeculo
770 5430 866 5468 sua
897 5415 1090 5466 devota
1118 5412 1386 5465 altissimo
1417 5408 1735 5462 exhibuisse
1759 5423 1913 5461 cont—

327 5511 594 5579 probatur
615 5507 899 5576 obsequia,
923 5506 977 5559 in
1003 5507 1094 5559 Dei
1121 5502 1361 5558 Ecclesia
1385 5501 1694 5571 propagari,
1723 5499 1912 5568 digne-

325 5616 437 5669 ιιιιθ
472 5603 720 5654 venerari
763 5601 966 5663 valeat,
1001 5597 1290 5666 benignum
1343 5607 1398 5649 et
1447 5594 1767 5647 benevolum
1806 5593 1908 5644 int-

326 5697 628 5762 pertiuntur
657 5709 968 5748 assensum.

396 5787 452 5840 2.
489 5785 699 5838 Dudum
723 5786 992 5854 siquidem
1022 5785 1163 5836 inter
1185 5784 1287 5835 alia
1317 5783 1384 5833 ad
1413 5791 1655 5834 nostram
1682 5780 1910 5831 audien-

325 5877 458 5929 tiam
491 5879 773 5944 perducto,
809 5877 952 5945 quod
991 5886 1046 5928 tu
1107 5888 1157 5928 et
1197 5873 1440 5943 pictique
1480 5873 1570 5925 alii
1616 5872 1810 5927 fratres
1849 5874 1906 5928 ὃ.

2022 4686 2201 4753 regula
2238 4685 2466 4737 dictaret
2513 4681 2848 4750 hujusmodi,
2878 4691 2934 4734 et
2963 4681 3015 4734 in
3059 4695 3190 4735 vero
3225 4690 3368 4736 statu
3411 4695 3599 4735 mona-

2017 4776 2178 4839 rhali,
2211 4791 2373 4842 quem
2417 4774 2533 4842 ipse
2573 4774 2630 4827 S.
2668 4772 3032 4842 Hieronymus
3079 4787 3204 4826 cum
3255 4772 3367 4827 suis
3409 4787 3602 4828 mona-

2018 4865 2132 4922 chis
2167 4877 2221 4922 et
2255 4868 2511 4922 fratribus
2558 4865 2866 4934 professum
2907 4865 3096 4931 fuisse,
3125 4874 3182 4918 et
3221 4865 3276 4919 in
3318 4866 3598 4918 communi

2017 4961 2338 5013 observasse
2386 4959 2728 5028 perhibetur,
2763 4959 2968 5026 vivere,
3005 4967 3057 5010 et
3105 4965 3161 5012 ut
3207 4971 3404 5010 nomen
3443 4970 3600 5026 geres

2018 5051 2157 5104 batis
2202 5051 2444 5119 ejusdem
2495 5048 2692 5111 sancti,
2724 5049 2803 5102 sic
2845 5050 2964 5117 ejus
3011 5047 3200 5111 vitam,
3247 5046 3510 5114 regulam,
3547 5056 3602 5099 et

2015 5157 2178 5206 Opera
2233 5139 2628 5194 desiderabatis
2679 5141 2902 5194 imitari.
2947 5138 3058 5192 Nos
3103 5148 3231 5190 tunc
3284 5137 3599 5204 bojusmodi

2018 5231 2349 5300 propositum
2395 5231 2750 5298 condignum,
2800 5239 2854 5283 et
2901 5227 3097 5282 rationi
3145 5241 3444 5280 consonum
3496 5241 3601 5282 re—

2017 5334 2321 5385 censentes,
2358 5323 2451 5375 tibi
2488 5321 2635 5375 l..ter
2667 5331 2885 5387 caetera,
2921 5331 2978 5374 ut
3014 5320 3255 5390 regulam
3291 5321 3506 5374 vivendi
3545 5321 3598 5374 itt

2018 5414 2389 5484 monasteriis,
2422 5413 2474 5466 in
2511 5414 2744 5482 quadam
2787 5413 3012 5480 epistola
3057 5414 3121 5465 ad
3159 5412 3511 5466 Eustochium
3546 5423 3603 5466 et

2018 5505 2301 5566 ntoniales,
2337 5520 2458 5574 quae
2506 5505 2695 5573 incipit
2731 5521 2743 5558 :
2781 5504 3059 5573 Tepetcens
3096 5505 3152 5557 in
3189 5506 3432 5558 membris
3480 5521 3608 5575 proa

2014 5596 2203 5650 clivum
2242 5613 2453 5665 corpus,
2499 5609 2555 5650 ut
2603 5597 2868 5651 asseritur
2914 5597 3142 5661 directa,
3180 5607 3517 5660 contentam,
3549 5608 3602 5648 ιιι

2013 5691 2376 5756 designatum,
2429 5705 2591 5756 quam
2643 5690 2823 5743 dictus
2875 5690 2934 5744 S.
2975 5690 3338 5758 Hieronymus
3393 5699 3521 5742 tunc
3572 5703 3602 5736 ει

2001 5781 2287 5850 plerisque
2345 5782 2489 5835 inter
2547 5783 2686 5835 alias
2748 5797 2874 5838 suas
2937 5783 3198 5851 epistolas
3257 5780 3498 5836 edidisse
3551 5787 3607 5830 ιιι

2020 5873 2416 5940 ιοιιερτὶμ-ῑδδε
2465 5871 2771 5938 dicebatur,
2795 5869 3232 5944 quandocu’uque
3260 5872 3358 5928 tibi
3395 5872 3605 5927 videnP
