  <div class='ocr_page' id='page_1' title='image "/cluster/home/n/w/nwhite01/storage/ocr_20150623/30/hvd.32044096580527/205.png"; bbox 0 0 3956 6196; ppageno 0'>
   <div class='ocr_carea' id='block_1_1' title="bbox 401 340 509 408">
    <p class='ocr_par' dir='ltr' id='par_1_1' title="bbox 401 340 509 408">
     <span class='ocr_line' id='line_1_1' title="bbox 401 340 509 408; baseline -0.019 -1"><span class='ocrx_word' id='word_1_1' title='bbox 401 340 509 408; x_wconf 79' lang='lat'><strong>399</strong></span> 
     </span>
    </p>
   </div>
   <div class='ocr_carea' id='block_1_2' title="bbox 383 447 2026 523">
    <p class='ocr_par' dir='ltr' id='par_1_2' title="bbox 383 447 2026 523">
     <span class='ocr_line' id='line_1_2' title="bbox 383 447 2026 523; baseline -0.007 -12"><span class='ocrx_word' id='word_1_2' title='bbox 383 469 466 512; x_wconf 89' lang='lat' dir='ltr'><strong>lur</strong></span> <span class='ocrx_word' id='word_1_3' title='bbox 506 456 559 508; x_wconf 91' lang='lat' dir='ltr'><strong>in</strong></span> <span class='ocrx_word' id='word_1_4' title='bbox 606 453 842 523; x_wconf 88' lang='lat' dir='ltr'><strong>regulam</strong></span> <span class='ocrx_word' id='word_1_5' title='bbox 887 449 1275 503; x_wconf 79' lang='lat' dir='ltr'><strong>monachorum</strong></span> <span class='ocrx_word' id='word_1_6' title='bbox 1313 447 1671 502; x_wconf 78' lang='lat' dir='ltr'><strong>Eremitarum</strong></span> <span class='ocrx_word' id='word_1_7' title='bbox 1713 449 1952 518; x_wconf 45' lang='lat' dir='ltr'><strong>ejusdcm</strong></span> <span class='ocrx_word' id='word_1_8' title='bbox 1985 463 2026 522; x_wconf 66' lang='grc' dir='ltr'><strong>Α</strong></span> 
     </span>
    </p>
   </div>
   <div class='ocr_carea' id='block_1_3' title="bbox 385 539 1956 608">
    <p class='ocr_par' dir='ltr' id='par_1_3' title="bbox 385 539 1956 608">
     <span class='ocr_line' id='line_1_3' title="bbox 385 539 1956 608; baseline -0.004 -9"><span class='ocrx_word' id='word_1_9' title='bbox 385 546 594 608; x_wconf 80' lang='lat' dir='ltr'><strong>Sancti,</strong></span> <span class='ocrx_word' id='word_1_10' title='bbox 635 546 688 597; x_wconf 91' lang='lat' dir='ltr'><strong>in</strong></span> <span class='ocrx_word' id='word_1_11' title='bbox 727 544 901 597; x_wconf 90' lang='lat' dir='ltr'><strong>locum</strong></span> <span class='ocrx_word' id='word_1_12' title='bbox 934 540 1091 593; x_wconf 74' lang='lat' dir='ltr'><strong>dicta:</strong></span> <span class='ocrx_word' id='word_1_13' title='bbox 1127 539 1322 608; x_wconf 69' lang='lat' dir='ltr'><strong>regula:</strong></span> <span class='ocrx_word' id='word_1_14' title='bbox 1356 539 1413 592; x_wconf 92' lang='lat' dir='ltr'><strong>S.</strong></span> <span class='ocrx_word' id='word_1_15' title='bbox 1449 541 1738 608; x_wconf 84' lang='lat' dir='ltr'><strong>Augustini</strong></span> <span class='ocrx_word' id='word_1_16' title='bbox 1786 540 1956 593; x_wconf 69' lang='lat' dir='ltr'><strong>susci~</strong></span> 
     </span>
    </p>
   </div>
   <div class='ocr_carea' id='block_1_4' title="bbox 382 618 1960 706">
    <p class='ocr_par' dir='ltr' id='par_1_4' title="bbox 382 618 1960 706">
     <span class='ocr_line' id='line_1_4' title="bbox 382 618 1960 706; baseline -0.006 -15"><span class='ocrx_word' id='word_1_17' title='bbox 382 653 508 706; x_wconf 79' lang='lat' dir='ltr'><strong>pere</strong></span> <span class='ocrx_word' id='word_1_18' title='bbox 553 649 759 705; x_wconf 80' lang='lat' dir='ltr'><strong>posses,</strong></span> <span class='ocrx_word' id='word_1_19' title='bbox 794 631 1006 704; x_wconf 82' lang='lat' dir='ltr'><strong>plenam</strong></span> <span class='ocrx_word' id='word_1_20' title='bbox 1053 641 1107 686; x_wconf 91' lang='lat' dir='ltr'><strong>et</strong></span> <span class='ocrx_word' id='word_1_21' title='bbox 1158 633 1408 692; x_wconf 87' lang='lat' dir='ltr'><strong>liberam.</strong></span> <span class='ocrx_word' id='word_1_22' title='bbox 1451 647 1546 698; x_wconf 90' lang='lat' dir='ltr'><strong>per</strong></span> <span class='ocrx_word' id='word_1_23' title='bbox 1577 618 1706 684; x_wconf 80' lang='lat' dir='ltr'><strong>alias</strong></span> <span class='ocrx_word' id='word_1_24' title='bbox 1746 643 1960 684; x_wconf 83' lang='lat' dir='ltr'><strong>nostras</strong></span> 
     </span>
    </p>
   </div>
   <div class='ocr_carea' id='block_1_5' title="bbox 384 724 1957 795">
    <p class='ocr_par' dir='ltr' id='par_1_5' title="bbox 384 724 1957 795">
     <span class='ocr_line' id='line_1_5' title="bbox 384 724 1957 795; baseline -0.004 -13"><span class='ocrx_word' id='word_1_25' title='bbox 384 731 617 791; x_wconf 80' lang='lat' dir='ltr'><strong>litteras,</strong></span> <span class='ocrx_word' id='word_1_26' title='bbox 649 742 785 795; x_wconf 89' lang='lat' dir='ltr'><strong>quas</strong></span> <span class='ocrx_word' id='word_1_27' title='bbox 816 734 871 779; x_wconf 91' lang='lat' dir='ltr'><strong>et</strong></span> <span class='ocrx_word' id='word_1_28' title='bbox 901 738 1089 778; x_wconf 87' lang='lat' dir='ltr'><strong>earum</strong></span> <span class='ocrx_word' id='word_1_29' title='bbox 1125 735 1340 778; x_wconf 88' lang='lat' dir='ltr'><strong>tenores</strong></span> <span class='ocrx_word' id='word_1_30' title='bbox 1373 724 1732 792; x_wconf 81' lang='lat' dir='ltr'><strong>praesentibus</strong></span> <span class='ocrx_word' id='word_1_31' title='bbox 1767 724 1957 776; x_wconf 86' lang='lat' dir='ltr'><strong>haberi</strong></span> 
     </span>
    </p>
   </div>
   <div class='ocr_carea' id='block_1_6' title="bbox 382 817 1957 889">
    <p class='ocr_par' dir='ltr' id='par_1_6' title="bbox 382 817 1957 889">
     <span class='ocr_line' id='line_1_6' title="bbox 382 817 1957 889; baseline -0.002 -19"><span class='ocrx_word' id='word_1_32' title='bbox 382 823 632 875; x_wconf 73' lang='lat' dir='ltr'><strong>volumus</strong></span> <span class='ocrx_word' id='word_1_33' title='bbox 678 835 776 889; x_wconf 89' lang='lat' dir='ltr'><strong>pro</strong></span> <span class='ocrx_word' id='word_1_34' title='bbox 821 818 1121 886; x_wconf 78' lang='lat' dir='ltr'><strong>expressis,</strong></span> <span class='ocrx_word' id='word_1_35' title='bbox 1165 818 1536 871; x_wconf 77' lang='lat' dir='ltr'><strong>concessimus</strong></span> <span class='ocrx_word' id='word_1_36' title='bbox 1587 817 1902 869; x_wconf 84' lang='lat' dir='ltr'><strong>facultatem</strong></span> <span class='ocrx_word' id='word_1_37' title='bbox 1943 831 1957 868; x_wconf 87' lang='lat'><strong>:</strong></span> 
     </span>
    </p>
   </div>
   <div class='ocr_carea' id='block_1_7' title="bbox 380 908 1732 982">
    <p class='ocr_par' dir='ltr' id='par_1_7' title="bbox 380 908 1732 982">
     <span class='ocr_line' id='line_1_7' title="bbox 380 908 1732 982; baseline -0.004 -16"><span class='ocrx_word' id='word_1_38' title='bbox 380 923 543 982; x_wconf 88' lang='lat' dir='ltr'><strong>prout</strong></span> <span class='ocrx_word' id='word_1_39' title='bbox 573 914 624 964; x_wconf 90' lang='lat' dir='ltr'><strong>in</strong></span> <span class='ocrx_word' id='word_1_40' title='bbox 656 912 860 964; x_wconf 79' lang='lat' dir='ltr'><strong>eisdem</strong></span> <span class='ocrx_word' id='word_1_41' title='bbox 888 909 1086 962; x_wconf 85' lang='lat' dir='ltr'><strong>litteris</strong></span> <span class='ocrx_word' id='word_1_42' title='bbox 1120 908 1336 977; x_wconf 81' lang='lat' dir='ltr'><strong>plenius</strong></span> <span class='ocrx_word' id='word_1_43' title='bbox 1398 908 1732 962; x_wconf 78' lang='lat' dir='ltr'><strong>continetur.</strong></span> 
     </span>
    </p>
   </div>
   <div class='ocr_carea' id='block_1_8' title="bbox 451 1000 1964 1069">
    <p class='ocr_par' dir='ltr' id='par_1_8' title="bbox 451 1000 1964 1069">
     <span class='ocr_line' id='line_1_8' title="bbox 451 1000 1964 1069; baseline -0.006 -9"><span class='ocrx_word' id='word_1_44' title='bbox 451 1007 502 1060; x_wconf 77' lang='lat'><strong>3.</strong></span> <span class='ocrx_word' id='word_1_45' title='bbox 541 1005 678 1057; x_wconf 89' lang='lat' dir='ltr'><strong>Cum</strong></span> <span class='ocrx_word' id='word_1_46' title='bbox 728 1009 908 1055; x_wconf 85' lang='lat' dir='ltr'><strong>autem</strong></span> <span class='ocrx_word' id='word_1_47' title='bbox 957 1000 1101 1054; x_wconf 90' lang='lat' dir='ltr'><strong>sicut</strong></span> <span class='ocrx_word' id='word_1_48' title='bbox 1145 1000 1387 1054; x_wconf 85' lang='lat' dir='ltr'><strong>exhibita</strong></span> <span class='ocrx_word' id='word_1_49' title='bbox 1439 1002 1594 1054; x_wconf 87' lang='lat' dir='ltr'><strong>nobis</strong></span> <span class='ocrx_word' id='word_1_50' title='bbox 1646 1014 1820 1069; x_wconf 80' lang='lat' dir='ltr'><strong>nuper</strong></span> <span class='ocrx_word' id='word_1_51' title='bbox 1868 1015 1964 1068; x_wconf 89' lang='lat' dir='ltr'><strong>pro</strong></span> 
     </span>
    </p>
   </div>
   <div class='ocr_carea' id='block_1_9' title="bbox 381 1092 1962 1164">
    <p class='ocr_par' dir='ltr' id='par_1_9' title="bbox 381 1092 1962 1164">
     <span class='ocr_line' id='line_1_9' title="bbox 381 1092 1962 1164; baseline -0.003 -15"><span class='ocrx_word' id='word_1_52' title='bbox 381 1102 533 1164; x_wconf 88' lang='lat' dir='ltr'><strong>parte</strong></span> <span class='ocrx_word' id='word_1_53' title='bbox 584 1101 674 1146; x_wconf 87' lang='lat' dir='ltr'><strong>tua</strong></span> <span class='ocrx_word' id='word_1_54' title='bbox 724 1093 913 1160; x_wconf 90' lang='lat' dir='ltr'><strong>petitio</strong></span> <span class='ocrx_word' id='word_1_55' title='bbox 966 1092 1301 1158; x_wconf 91' lang='lat' dir='ltr'><strong>continebat,</strong></span> <span class='ocrx_word' id='word_1_56' title='bbox 1333 1106 1360 1144; x_wconf 94' lang='lat' dir='ltr'><strong>a</strong></span> <span class='ocrx_word' id='word_1_57' title='bbox 1397 1092 1672 1148; x_wconf 81' lang='lat' dir='ltr'><strong>nonnullis</strong></span> <span class='ocrx_word' id='word_1_58' title='bbox 1717 1100 1962 1144; x_wconf 90' lang='lat' dir='ltr'><strong>vertatur</strong></span> 
     </span>
    </p>
   </div>
   <div class='ocr_carea' id='block_1_10' title="bbox 379 1181 1964 1252">
    <p class='ocr_par' dir='ltr' id='par_1_10' title="bbox 379 1181 1964 1252">
     <span class='ocr_line' id='line_1_10' title="bbox 379 1181 1964 1252; baseline -0.006 -13"><span class='ocrx_word' id='word_1_59' title='bbox 379 1187 432 1239; x_wconf 89' lang='lat' dir='ltr'><strong>in</strong></span> <span class='ocrx_word' id='word_1_60' title='bbox 473 1185 716 1248; x_wconf 87' lang='lat' dir='ltr'><strong>tlubium,</strong></span> <span class='ocrx_word' id='word_1_61' title='bbox 753 1199 820 1236; x_wconf 90' lang='lat' dir='ltr'><strong>an</strong></span> <span class='ocrx_word' id='word_1_62' title='bbox 865 1183 981 1252; x_wconf 88' lang='lat' dir='ltr'><strong>ipse</strong></span> <span class='ocrx_word' id='word_1_63' title='bbox 1019 1181 1076 1236; x_wconf 89' lang='lat' dir='ltr'><strong>S.</strong></span> <span class='ocrx_word' id='word_1_64' title='bbox 1113 1181 1474 1252; x_wconf 82' lang='lat' dir='ltr'><strong>Hieronymus</strong></span> <span class='ocrx_word' id='word_1_65' title='bbox 1521 1183 1716 1236; x_wconf 82' lang='lat' dir='ltr'><strong>dictant</strong></span> <span class='ocrx_word' id='word_1_66' title='bbox 1760 1182 1964 1250; x_wconf 79' lang='lat' dir='ltr'><strong>episto-</strong></span> 
     </span>
    </p>
   </div>
   <div class='ocr_carea' id='block_1_11' title="bbox 381 1272 1964 1343">
    <p class='ocr_par' dir='ltr' id='par_1_11' title="bbox 381 1272 1964 1343">
     <span class='ocr_line' id='line_1_11' title="bbox 381 1272 1964 1343; baseline -0.004 -13"><span class='ocrx_word' id='word_1_67' title='bbox 381 1279 482 1330; x_wconf 87' lang='lat' dir='ltr'><strong>lam</strong></span> <span class='ocrx_word' id='word_1_68' title='bbox 514 1275 781 1340; x_wconf 82' lang='lat' dir='ltr'><strong>ediderit;</strong></span> <span class='ocrx_word' id='word_1_69' title='bbox 822 1282 988 1343; x_wconf 90' lang='lat' dir='ltr'><strong>tuque</strong></span> <span class='ocrx_word' id='word_1_70' title='bbox 1036 1283 1317 1343; x_wconf 90' lang='lat' dir='ltr'><strong>propterea</strong></span> <span class='ocrx_word' id='word_1_71' title='bbox 1377 1273 1590 1327; x_wconf 83' lang='lat' dir='ltr'><strong>vivendi</strong></span> <span class='ocrx_word' id='word_1_72' title='bbox 1636 1287 1877 1326; x_wconf 81' lang='lat' dir='ltr'><strong>normam</strong></span> <span class='ocrx_word' id='word_1_73' title='bbox 1915 1272 1964 1323; x_wconf 90' lang='lat' dir='ltr'><strong>in</strong></span> 
     </span>
    </p>
   </div>
   <div class='ocr_carea' id='block_1_12' title="bbox 381 1364 1967 1436">
    <p class='ocr_par' dir='ltr' id='par_1_12' title="bbox 381 1364 1967 1436">
     <span class='ocr_line' id='line_1_12' title="bbox 381 1364 1967 1436; baseline -0.003 -17"><span class='ocrx_word' id='word_1_74' title='bbox 381 1383 466 1431; x_wconf 84' lang='lat' dir='ltr'><strong>ea,</strong></span> <span class='ocrx_word' id='word_1_75' title='bbox 506 1375 565 1420; x_wconf 91' lang='lat' dir='ltr'><strong>ut</strong></span> <span class='ocrx_word' id='word_1_76' title='bbox 618 1366 906 1436; x_wconf 70' lang='lat' dir='ltr'><strong>prmfertur</strong></span> <span class='ocrx_word' id='word_1_77' title='bbox 950 1365 1228 1430; x_wconf 86' lang='lat' dir='ltr'><strong>traditam,</strong></span> <span class='ocrx_word' id='word_1_78' title='bbox 1269 1379 1366 1433; x_wconf 88' lang='lat' dir='ltr'><strong>pro</strong></span> <span class='ocrx_word' id='word_1_79' title='bbox 1417 1364 1642 1418; x_wconf 85' lang='lat' dir='ltr'><strong>statutis</strong></span> <span class='ocrx_word' id='word_1_80' title='bbox 1694 1365 1967 1418; x_wconf 74' lang='lat' dir='ltr'><strong>duntaxat</strong></span> 
     </span>
    </p>
   </div>
   <div class='ocr_carea' id='block_1_13' title="bbox 378 1455 1963 1530">
    <p class='ocr_par' dir='ltr' id='par_1_13' title="bbox 378 1455 1963 1530">
     <span class='ocr_line' id='line_1_13' title="bbox 378 1455 1963 1530; baseline -0.005 -19"><span class='ocrx_word' id='word_1_81' title='bbox 378 1461 617 1530; x_wconf 67' lang='lat' dir='ltr'><strong>ejusdem</strong></span> <span class='ocrx_word' id='word_1_82' title='bbox 653 1457 885 1519; x_wconf 89' lang='lat' dir='ltr'><strong>ordinis,</strong></span> <span class='ocrx_word' id='word_1_83' title='bbox 925 1465 1114 1508; x_wconf 89' lang='lat' dir='ltr'><strong>etnon</strong></span> <span class='ocrx_word' id='word_1_84' title='bbox 1167 1455 1413 1523; x_wconf 83' lang='lat' dir='ltr'><strong>regulam</strong></span> <span class='ocrx_word' id='word_1_85' title='bbox 1468 1456 1730 1506; x_wconf 73' lang='lat' dir='ltr'><strong>hactenus</strong></span> <span class='ocrx_word' id='word_1_86' title='bbox 1778 1467 1963 1506; x_wconf 84' lang='lat' dir='ltr'><strong>susce-</strong></span> 
     </span>
    </p>
   </div>
   <div class='ocr_carea' id='block_1_14' title="bbox 383 1545 1963 1619">
    <p class='ocr_par' dir='ltr' id='par_1_14' title="bbox 383 1545 1963 1619">
     <span class='ocr_line' id='line_1_14' title="bbox 383 1545 1963 1619; baseline -0.002 -20"><span class='ocrx_word' id='word_1_87' title='bbox 383 1553 547 1619; x_wconf 80' lang='lat' dir='ltr'><strong>peris,</strong></span> <span class='ocrx_word' id='word_1_88' title='bbox 587 1551 681 1602; x_wconf 88' lang='lat' dir='ltr'><strong>sed</strong></span> <span class='ocrx_word' id='word_1_89' title='bbox 736 1548 920 1602; x_wconf 80' lang='lat' dir='ltr'><strong>stabili</strong></span> <span class='ocrx_word' id='word_1_90' title='bbox 973 1546 1153 1616; x_wconf 83' lang='lat' dir='ltr'><strong>potius</strong></span> <span class='ocrx_word' id='word_1_91' title='bbox 1208 1545 1563 1599; x_wconf 87' lang='lat' dir='ltr'><strong>fundamento</strong></span> <span class='ocrx_word' id='word_1_92' title='bbox 1604 1560 1701 1614; x_wconf 91' lang='lat' dir='ltr'><strong>pro</strong></span> <span class='ocrx_word' id='word_1_93' title='bbox 1742 1545 1963 1597; x_wconf 88' lang='lat' dir='ltr'><strong>institu-</strong></span> 
     </span>
    </p>
   </div>
   <div class='ocr_carea' id='block_1_15' title="bbox 386 1635 1968 1706">
    <p class='ocr_par' dir='ltr' id='par_1_15' title="bbox 386 1635 1968 1706">
     <span class='ocr_line' id='line_1_15' title="bbox 386 1635 1968 1706; baseline -0.004 -12"><span class='ocrx_word' id='word_1_94' title='bbox 386 1643 535 1694; x_wconf 87' lang='lat' dir='ltr'><strong>tione</strong></span> <span class='ocrx_word' id='word_1_95' title='bbox 572 1639 767 1705; x_wconf 64' lang='lat' dir='ltr'><strong>regnlie</strong></span> <span class='ocrx_word' id='word_1_96' title='bbox 809 1637 1052 1706; x_wconf 85' lang='lat' dir='ltr'><strong>ejusdem</strong></span> <span class='ocrx_word' id='word_1_97' title='bbox 1101 1635 1286 1690; x_wconf 80' lang='lat' dir='ltr'><strong>Sancti</strong></span> <span class='ocrx_word' id='word_1_98' title='bbox 1339 1636 1564 1705; x_wconf 83' lang='lat' dir='ltr'><strong>provide</strong></span> <span class='ocrx_word' id='word_1_99' title='bbox 1610 1650 1704 1702; x_wconf 86' lang='lat' dir='ltr'><strong>per</strong></span> <span class='ocrx_word' id='word_1_100' title='bbox 1754 1645 1804 1687; x_wconf 88' lang='lat' dir='ltr'><strong>te</strong></span> <span class='ocrx_word' id='word_1_101' title='bbox 1849 1648 1968 1688; x_wconf 80' lang='lat' dir='ltr'><strong>sus-</strong></span> 
     </span>
    </p>
   </div>
   <div class='ocr_carea' id='block_1_16' title="bbox 380 1725 1968 1801">
    <p class='ocr_par' dir='ltr' id='par_1_16' title="bbox 380 1725 1968 1801">
     <span class='ocr_line' id='line_1_16' title="bbox 380 1725 1968 1801; baseline -0.006 -13"><span class='ocrx_word' id='word_1_102' title='bbox 380 1745 558 1801; x_wconf 86' lang='lat' dir='ltr'><strong>cepto,</strong></span> <span class='ocrx_word' id='word_1_103' title='bbox 600 1747 664 1785; x_wconf 87' lang='lat' dir='ltr'><strong>ex</strong></span> <span class='ocrx_word' id='word_1_104' title='bbox 712 1731 941 1784; x_wconf 75' lang='lat' dir='ltr'><strong>diversis</strong></span> <span class='ocrx_word' id='word_1_105' title='bbox 991 1728 1238 1797; x_wconf 70' lang='lat' dir='ltr'><strong>epistolis</strong></span> <span class='ocrx_word' id='word_1_106' title='bbox 1301 1737 1355 1780; x_wconf 90' lang='lat' dir='ltr'><strong>et</strong></span> <span class='ocrx_word' id='word_1_107' title='bbox 1407 1725 1732 1780; x_wconf 87' lang='lat' dir='ltr'><strong>tractatibus</strong></span> <span class='ocrx_word' id='word_1_108' title='bbox 1767 1741 1860 1794; x_wconf 87' lang='lat' dir='ltr'><strong>per</strong></span> <span class='ocrx_word' id='word_1_109' title='bbox 1890 1725 1968 1778; x_wconf 89' lang='lat' dir='ltr'><strong>di-</strong></span> 
     </span>
    </p>
   </div>
   <div class='ocr_carea' id='block_1_17' title="bbox 1355 335 2716 400">
    <p class='ocr_par' dir='ltr' id='par_1_17' title="bbox 1355 335 2716 400">
     <span class='ocr_line' id='line_1_17' title="bbox 1355 335 2716 400; baseline -0.003 -2"><span class='ocrx_word' id='word_1_110' title='bbox 1355 341 1414 400; x_wconf 91' lang='lat' dir='ltr'><strong>S.</strong></span> <span class='ocrx_word' id='word_1_111' title='bbox 1463 341 1902 398; x_wconf 67' lang='lat' dir='ltr'><strong>IllElillNYMl</strong></span> <span class='ocrx_word' id='word_1_112' title='bbox 1952 339 2266 398; x_wconf 75' lang='lat' dir='ltr'><strong>Ol‘ERUM</strong></span> <span class='ocrx_word' id='word_1_113' title='bbox 2315 335 2716 396; x_wconf 79' lang='lat' dir='ltr'><strong>M.-\N&#39;l‘lSSA.</strong></span> 
     </span>
    </p>
   </div>
   <div class='ocr_carea' id='block_1_18' title="bbox 3531 333 3639 396">
    <p class='ocr_par' dir='ltr' id='par_1_18' title="bbox 3531 333 3639 396">
     <span class='ocr_line' id='line_1_18' title="bbox 3531 333 3639 396; baseline 0 -1"><span class='ocrx_word' id='word_1_114' title='bbox 3531 333 3639 396; x_wconf 73' lang='grc'><strong>400</strong></span> 
     </span>
    </p>
   </div>
   <div class='ocr_carea' id='block_1_19' title="bbox 2134 445 3642 518">
    <p class='ocr_par' dir='ltr' id='par_1_19' title="bbox 2134 445 3642 518">
     <span class='ocr_line' id='line_1_19' title="bbox 2134 445 3642 518; baseline -0.001 -16"><span class='ocrx_word' id='word_1_115' title='bbox 2134 450 2184 502; x_wconf 81' lang='grc'><strong>6.</strong></span> <span class='ocrx_word' id='word_1_116' title='bbox 2214 449 2358 513; x_wconf 86' lang='lat' dir='ltr'><strong>Quos</strong></span> <span class='ocrx_word' id='word_1_117' title='bbox 2389 448 2576 511; x_wconf 87' lang='lat' dir='ltr'><strong>etiam,</strong></span> <span class='ocrx_word' id='word_1_118' title='bbox 2607 463 2670 499; x_wconf 88' lang='lat' dir='ltr'><strong>ac</strong></span> <span class='ocrx_word' id='word_1_119' title='bbox 2706 456 2754 503; x_wconf 87' lang='lat' dir='ltr'><strong>te</strong></span> <span class='ocrx_word' id='word_1_120' title='bbox 2778 461 2807 500; x_wconf 86' lang='lat' dir='ltr'><strong>a</strong></span> <span class='ocrx_word' id='word_1_121' title='bbox 2834 445 2992 500; x_wconf 83' lang='lat' dir='ltr'><strong>dictae</strong></span> <span class='ocrx_word' id='word_1_122' title='bbox 3022 447 3220 518; x_wconf 66' lang='lat' dir='ltr'><strong>regula:</strong></span> <span class='ocrx_word' id='word_1_123' title='bbox 3255 446 3312 502; x_wconf 86' lang='lat' dir='ltr'><strong>S.</strong></span> <span class='ocrx_word' id='word_1_124' title='bbox 3334 446 3642 516; x_wconf 79' lang='lat' dir='ltr'><strong>Augustini,</strong></span> 
     </span>
    </p>
   </div>
   <div class='ocr_carea' id='block_1_20' title="bbox 2066 535 3645 606">
    <p class='ocr_par' dir='ltr' id='par_1_20' title="bbox 2066 535 3645 606">
     <span class='ocr_line' id='line_1_20' title="bbox 2066 535 3645 606; baseline -0.002 -16"><span class='ocrx_word' id='word_1_125' title='bbox 2066 549 2119 590; x_wconf 87' lang='lat' dir='ltr'><strong>et</strong></span> <span class='ocrx_word' id='word_1_126' title='bbox 2149 545 2476 591; x_wconf 79' lang='lat' dir='ltr'><strong>statutorum</strong></span> <span class='ocrx_word' id='word_1_127' title='bbox 2527 552 2624 605; x_wconf 63' lang='lat' dir='ltr'><strong>par</strong></span> <span class='ocrx_word' id='word_1_128' title='bbox 2658 545 2704 587; x_wconf 79' lang='lat' dir='ltr'><strong>te.</strong></span> <span class='ocrx_word' id='word_1_129' title='bbox 2729 543 2878 604; x_wconf 79' lang='lat' dir='ltr'><strong>juxta</strong></span> <span class='ocrx_word' id='word_1_130' title='bbox 2921 535 3118 589; x_wconf 78' lang='lat' dir='ltr'><strong>dictam</strong></span> <span class='ocrx_word' id='word_1_131' title='bbox 3165 537 3448 606; x_wconf 69' lang='lat' dir='ltr'><strong>epistolam</strong></span> <span class='ocrx_word' id='word_1_132' title='bbox 3481 535 3645 602; x_wconf 67' lang='lat' dir='ltr'><strong>Tepeo</strong></span> 
     </span>
    </p>
   </div>
   <div class='ocr_carea' id='block_1_21' title="bbox 2067 627 3650 696">
    <p class='ocr_par' dir='ltr' id='par_1_21' title="bbox 2067 627 3650 696">
     <span class='ocr_line' id='line_1_21' title="bbox 2067 627 3650 696; baseline -0.004 -14"><span class='ocrx_word' id='word_1_133' title='bbox 2067 646 2213 682; x_wconf 80' lang='lat' dir='ltr'><strong>scens</strong></span> <span class='ocrx_word' id='word_1_134' title='bbox 2261 639 2666 696; x_wconf 78' lang='lat' dir='ltr'><strong>susceptorum,</strong></span> <span class='ocrx_word' id='word_1_135' title='bbox 2701 627 2828 679; x_wconf 87' lang='lat' dir='ltr'><strong>licet</strong></span> <span class='ocrx_word' id='word_1_136' title='bbox 2873 627 3199 680; x_wconf 84' lang='lat' dir='ltr'><strong>aucturitate</strong></span> <span class='ocrx_word' id='word_1_137' title='bbox 3239 629 3384 682; x_wconf 81' lang='lat' dir='ltr'><strong>sedis</strong></span> <span class='ocrx_word' id='word_1_138' title='bbox 3431 639 3650 693; x_wconf 62' lang='lat' dir='ltr'><strong>aptis“).</strong></span> 
     </span>
    </p>
   </div>
   <div class='ocr_carea' id='block_1_22' title="bbox 2067 717 3649 808">
    <p class='ocr_par' dir='ltr' id='par_1_22' title="bbox 2067 717 3649 808">
     <span class='ocr_line' id='line_1_22' title="bbox 2067 717 3649 808; baseline -0.001 -35"><span class='ocrx_word' id='word_1_139' title='bbox 2067 719 2186 773; x_wconf 74' lang='lat' dir='ltr'><strong>lica:</strong></span> <span class='ocrx_word' id='word_1_140' title='bbox 2230 719 2693 808; x_wconf 42' lang='lat' dir='ltr'><strong>confirmator‘um,</strong></span> <span class='ocrx_word' id='word_1_141' title='bbox 2731 717 3104 783; x_wconf 80' lang='lat' dir='ltr'><strong>observantia,</strong></span> <span class='ocrx_word' id='word_1_142' title='bbox 3139 734 3202 771; x_wconf 83' lang='lat' dir='ltr'><strong>ex</strong></span> <span class='ocrx_word' id='word_1_143' title='bbox 3255 727 3384 773; x_wconf 89' lang='lat' dir='ltr'><strong>tunc</strong></span> <span class='ocrx_word' id='word_1_144' title='bbox 3432 722 3649 784; x_wconf 86' lang='lat' dir='ltr'><strong>penitus</strong></span> 
     </span>
    </p>
   </div>
   <div class='ocr_carea' id='block_1_23' title="bbox 2068 811 3649 880">
    <p class='ocr_par' dir='ltr' id='par_1_23' title="bbox 2068 811 3649 880">
     <span class='ocr_line' id='line_1_23' title="bbox 2068 811 3649 880; baseline -0.001 -15"><span class='ocrx_word' id='word_1_145' title='bbox 2068 811 2347 865; x_wconf 80' lang='lat' dir='ltr'><strong>absolutos</strong></span> <span class='ocrx_word' id='word_1_146' title='bbox 2399 825 2521 864; x_wconf 74' lang='lat' dir='ltr'><strong>esse</strong></span> <span class='ocrx_word' id='word_1_147' title='bbox 2571 812 2847 876; x_wconf 89' lang='lat' dir='ltr'><strong>volumus,</strong></span> <span class='ocrx_word' id='word_1_148' title='bbox 2882 821 2936 864; x_wconf 88' lang='lat' dir='ltr'><strong>et</strong></span> <span class='ocrx_word' id='word_1_149' title='bbox 2977 813 3324 865; x_wconf 82' lang='lat' dir='ltr'><strong>decernimus</strong></span> <span class='ocrx_word' id='word_1_150' title='bbox 3367 825 3463 877; x_wconf 78' lang='lat' dir='ltr'><strong>per</strong></span> <span class='ocrx_word' id='word_1_151' title='bbox 3510 827 3649 880; x_wconf 69' lang='lat' dir='ltr'><strong>prte-</strong></span> 
     </span>
    </p>
   </div>
   <div class='ocr_carea' id='block_1_24' title="bbox 2071 901 3652 967">
    <p class='ocr_par' dir='ltr' id='par_1_24' title="bbox 2071 901 3652 967">
     <span class='ocr_line' id='line_1_24' title="bbox 2071 901 3652 967; baseline -0.002 -11"><span class='ocrx_word' id='word_1_152' title='bbox 2071 913 2276 967; x_wconf 86' lang='lat' dir='ltr'><strong>senles,</strong></span> <span class='ocrx_word' id='word_1_153' title='bbox 2311 904 2472 956; x_wconf 84' lang='lat' dir='ltr'><strong>etiam</strong></span> <span class='ocrx_word' id='word_1_154' title='bbox 2503 911 2602 955; x_wconf 83' lang='lat' dir='ltr'><strong>sub</strong></span> <span class='ocrx_word' id='word_1_155' title='bbox 2636 902 2814 956; x_wconf 87' lang='lat' dir='ltr'><strong>modis</strong></span> <span class='ocrx_word' id='word_1_156' title='bbox 2850 911 2905 956; x_wconf 87' lang='lat' dir='ltr'><strong>et</strong></span> <span class='ocrx_word' id='word_1_157' title='bbox 2960 903 3151 956; x_wconf 83' lang='lat' dir='ltr'><strong>formis</strong></span> <span class='ocrx_word' id='word_1_158' title='bbox 3182 902 3232 954; x_wconf 89' lang='lat' dir='ltr'><strong>in</strong></span> <span class='ocrx_word' id='word_1_159' title='bbox 3263 903 3422 954; x_wconf 89' lang='lat' dir='ltr'><strong>dictis</strong></span> <span class='ocrx_word' id='word_1_160' title='bbox 3453 901 3652 954; x_wconf 77' lang='lat' dir='ltr'><strong>litteris</strong></span> 
     </span>
    </p>
   </div>
   <div class='ocr_carea' id='block_1_25' title="bbox 2070 993 3652 1064">
    <p class='ocr_par' dir='ltr' id='par_1_25' title="bbox 2070 993 3652 1064">
     <span class='ocr_line' id='line_1_25' title="bbox 2070 993 3652 1064; baseline -0.003 -15"><span class='ocrx_word' id='word_1_161' title='bbox 2070 996 2368 1064; x_wconf 79' lang='lat' dir='ltr'><strong>expressis,</strong></span> <span class='ocrx_word' id='word_1_162' title='bbox 2399 995 2499 1048; x_wconf 85' lang='lat' dir='ltr'><strong>tibi</strong></span> <span class='ocrx_word' id='word_1_163' title='bbox 2524 995 2688 1048; x_wconf 91' lang='lat' dir='ltr'><strong>etiam</strong></span> <span class='ocrx_word' id='word_1_164' title='bbox 2725 1011 2831 1063; x_wconf 91' lang='lat' dir='ltr'><strong>quo</strong></span> <span class='ocrx_word' id='word_1_165' title='bbox 2864 997 2928 1048; x_wconf 90' lang='lat' dir='ltr'><strong>ad</strong></span> <span class='ocrx_word' id='word_1_166' title='bbox 2962 996 3064 1049; x_wconf 89' lang='lat' dir='ltr'><strong>hoc</strong></span> <span class='ocrx_word' id='word_1_167' title='bbox 3088 993 3398 1061; x_wconf 73' lang='lat' dir='ltr'><strong>suffragari,</strong></span> <span class='ocrx_word' id='word_1_168' title='bbox 3428 1002 3481 1046; x_wconf 90' lang='lat' dir='ltr'><strong>et</strong></span> <span class='ocrx_word' id='word_1_169' title='bbox 3513 995 3652 1046; x_wconf 82' lang='lat' dir='ltr'><strong>alias</strong></span> 
     </span>
    </p>
   </div>
   <div class='ocr_carea' id='block_1_26' title="bbox 2071 1085 3650 1151">
    <p class='ocr_par' dir='ltr' id='par_1_26' title="bbox 2071 1085 3650 1151">
     <span class='ocr_line' id='line_1_26' title="bbox 2071 1085 3650 1151; baseline 0 -13"><span class='ocrx_word' id='word_1_170' title='bbox 2071 1086 2122 1138; x_wconf 93' lang='lat' dir='ltr'><strong>in</strong></span> <span class='ocrx_word' id='word_1_171' title='bbox 2173 1101 2272 1140; x_wconf 91' lang='lat' dir='ltr'><strong>suo</strong></span> <span class='ocrx_word' id='word_1_172' title='bbox 2323 1087 2520 1140; x_wconf 81' lang='lat' dir='ltr'><strong>robore</strong></span> <span class='ocrx_word' id='word_1_173' title='bbox 2575 1100 2899 1151; x_wconf 85' lang='lat' dir='ltr'><strong>permanere</strong></span> <span class='ocrx_word' id='word_1_174' title='bbox 2952 1086 3202 1138; x_wconf 89' lang='lat' dir='ltr'><strong>volumus</strong></span> <span class='ocrx_word' id='word_1_175' title='bbox 3254 1085 3650 1138; x_wconf 86' lang='lat' dir='ltr'><strong>observandam</strong></span> 
     </span>
    </p>
   </div>
   <div class='ocr_carea' id='block_1_27' title="bbox 2070 1176 3654 1244">
    <p class='ocr_par' dir='ltr' id='par_1_27' title="bbox 2070 1176 3654 1244">
     <span class='ocr_line' id='line_1_27' title="bbox 2070 1176 3654 1244; baseline -0.001 -15"><span class='ocrx_word' id='word_1_176' title='bbox 2070 1177 2338 1240; x_wconf 81' lang='lat' dir='ltr'><strong>tradendi,</strong></span> <span class='ocrx_word' id='word_1_177' title='bbox 2373 1186 2426 1230; x_wconf 88' lang='lat' dir='ltr'><strong>et</strong></span> <span class='ocrx_word' id='word_1_178' title='bbox 2463 1177 2798 1244; x_wconf 76' lang='lat' dir='ltr'><strong>publicandi,</strong></span> <span class='ocrx_word' id='word_1_179' title='bbox 2837 1178 3051 1243; x_wconf 87' lang='lat' dir='ltr'><strong>plenam</strong></span> <span class='ocrx_word' id='word_1_180' title='bbox 3093 1187 3145 1230; x_wconf 88' lang='lat' dir='ltr'><strong>et</strong></span> <span class='ocrx_word' id='word_1_181' title='bbox 3193 1176 3420 1230; x_wconf 84' lang='lat' dir='ltr'><strong>liberam</strong></span> <span class='ocrx_word' id='word_1_182' title='bbox 3466 1190 3654 1228; x_wconf 22' lang='lat' dir='ltr'><strong>annos</strong></span> 
     </span>
    </p>
   </div>
   <div class='ocr_carea' id='block_1_28' title="bbox 2073 1267 3656 1334">
    <p class='ocr_par' dir='ltr' id='par_1_28' title="bbox 2073 1267 3656 1334">
     <span class='ocr_line' id='line_1_28' title="bbox 2073 1267 3656 1334; baseline 0.001 -15"><span class='ocrx_word' id='word_1_183' title='bbox 2073 1267 2232 1320; x_wconf 85' lang='lat' dir='ltr'><strong>ritate</strong></span> <span class='ocrx_word' id='word_1_184' title='bbox 2278 1270 2568 1334; x_wconf 85' lang='lat' dir='ltr'><strong>apostolica</strong></span> <span class='ocrx_word' id='word_1_185' title='bbox 2631 1279 2822 1322; x_wconf 89' lang='lat' dir='ltr'><strong>tenore</strong></span> <span class='ocrx_word' id='word_1_186' title='bbox 2873 1269 3258 1334; x_wconf 74' lang='lat' dir='ltr'><strong>prtcsentium,</strong></span> <span class='ocrx_word' id='word_1_187' title='bbox 3303 1268 3656 1321; x_wconf 76' lang='lat' dir='ltr'><strong>(oncedimus</strong></span> 
     </span>
    </p>
   </div>
   <div class='ocr_carea' id='block_1_29' title="bbox 2071 1360 3659 1428">
    <p class='ocr_par' dir='ltr' id='par_1_29' title="bbox 2071 1360 3659 1428">
     <span class='ocr_line' id='line_1_29' title="bbox 2071 1360 3659 1428; baseline 0.001 -16"><span class='ocrx_word' id='word_1_188' title='bbox 2071 1360 2408 1424; x_wconf 79' lang='lat' dir='ltr'><strong>facultatem,</strong></span> <span class='ocrx_word' id='word_1_189' title='bbox 2463 1361 2730 1423; x_wconf 85' lang='lat' dir='ltr'><strong>volentes,</strong></span> <span class='ocrx_word' id='word_1_190' title='bbox 2785 1369 2840 1416; x_wconf 88' lang='lat' dir='ltr'><strong>et</strong></span> <span class='ocrx_word' id='word_1_191' title='bbox 2894 1363 3224 1415; x_wconf 70' lang='lat' dir='ltr'><strong>auctoritate</strong></span> <span class='ocrx_word' id='word_1_192' title='bbox 3273 1362 3494 1428; x_wconf 70' lang='lat' dir='ltr'><strong>priel‘ata</strong></span> <span class='ocrx_word' id='word_1_193' title='bbox 3545 1371 3659 1414; x_wconf 86' lang='lat' dir='ltr'><strong>sta-</strong></span> 
     </span>
    </p>
   </div>
   <div class='ocr_carea' id='block_1_30' title="bbox 2074 1453 3624 1522">
    <p class='ocr_par' dir='ltr' id='par_1_30' title="bbox 2074 1453 3624 1522">
     <span class='ocr_line' id='line_1_30' title="bbox 2074 1453 3624 1522; baseline 0.001 -19"><span class='ocrx_word' id='word_1_194' title='bbox 2074 1463 2312 1517; x_wconf 83' lang='lat' dir='ltr'><strong>tuentes,</strong></span> <span class='ocrx_word' id='word_1_195' title='bbox 2344 1456 2490 1522; x_wconf 90' lang='lat' dir='ltr'><strong>quod</strong></span> <span class='ocrx_word' id='word_1_196' title='bbox 2529 1463 2814 1522; x_wconf 89' lang='lat' dir='ltr'><strong>postquam</strong></span> <span class='ocrx_word' id='word_1_197' title='bbox 2855 1453 3093 1520; x_wconf 73' lang='lat' dir='ltr'><strong>regulam</strong></span> <span class='ocrx_word' id='word_1_198' title='bbox 3137 1453 3448 1520; x_wconf 88' lang='lat' dir='ltr'><strong>hujusmodi</strong></span> <span class='ocrx_word' id='word_1_199' title='bbox 3484 1453 3624 1506; x_wconf 83' lang='lat' dir='ltr'><strong>tradi</strong></span> 
     </span>
    </p>
   </div>
   <div class='ocr_carea' id='block_1_31' title="bbox 2073 1542 3651 1613">
    <p class='ocr_par' dir='ltr' id='par_1_31' title="bbox 2073 1542 3651 1613">
     <span class='ocr_line' id='line_1_31' title="bbox 2073 1542 3651 1613; baseline -0.003 -17"><span class='ocrx_word' id='word_1_200' title='bbox 2073 1542 2258 1604; x_wconf 86' lang='lat' dir='ltr'><strong>deris,</strong></span> <span class='ocrx_word' id='word_1_201' title='bbox 2318 1543 2728 1613; x_wconf 84' lang='lat' dir='ltr'><strong>publicaveris,</strong></span> <span class='ocrx_word' id='word_1_202' title='bbox 2785 1555 2845 1597; x_wconf 91' lang='lat' dir='ltr'><strong>ut</strong></span> <span class='ocrx_word' id='word_1_203' title='bbox 2913 1543 3222 1613; x_wconf 69' lang='lat' dir='ltr'><strong>praefertur,</strong></span> <span class='ocrx_word' id='word_1_204' title='bbox 3266 1560 3329 1597; x_wconf 86' lang='lat' dir='ltr'><strong>ex</strong></span> <span class='ocrx_word' id='word_1_205' title='bbox 3391 1554 3518 1598; x_wconf 90' lang='lat' dir='ltr'><strong>tunc</strong></span> <span class='ocrx_word' id='word_1_206' title='bbox 3577 1557 3651 1609; x_wconf 78' lang='lat' dir='ltr'><strong>tu,</strong></span> 
     </span>
    </p>
   </div>
   <div class='ocr_carea' id='block_1_32' title="bbox 2073 1634 3654 1704">
    <p class='ocr_par' dir='ltr' id='par_1_32' title="bbox 2073 1634 3654 1704">
     <span class='ocr_line' id='line_1_32' title="bbox 2073 1634 3654 1704; baseline -0.001 -16"><span class='ocrx_word' id='word_1_207' title='bbox 2073 1635 2314 1702; x_wconf 88' lang='lat' dir='ltr'><strong>priores,</strong></span> <span class='ocrx_word' id='word_1_208' title='bbox 2379 1635 2676 1699; x_wconf 84' lang='lat' dir='ltr'><strong>monachi,</strong></span> <span class='ocrx_word' id='word_1_209' title='bbox 2734 1634 2967 1698; x_wconf 77' lang='lat' dir='ltr'><strong>fratres,</strong></span> <span class='ocrx_word' id='word_1_210' title='bbox 3015 1644 3068 1688; x_wconf 91' lang='lat' dir='ltr'><strong>et</strong></span> <span class='ocrx_word' id='word_1_211' title='bbox 3121 1649 3369 1704; x_wconf 71' lang='lat' dir='ltr'><strong>persona:</strong></span> <span class='ocrx_word' id='word_1_212' title='bbox 3408 1636 3654 1703; x_wconf 76' lang='lat' dir='ltr'><strong>praedicti</strong></span> 
     </span>
    </p>
   </div>
   <div class='ocr_carea' id='block_1_33' title="bbox 2073 1726 3656 1796">
    <p class='ocr_par' dir='ltr' id='par_1_33' title="bbox 2073 1726 3656 1796">
     <span class='ocr_line' id='line_1_33' title="bbox 2073 1726 3656 1796; baseline 0.001 -17"><span class='ocrx_word' id='word_1_213' title='bbox 2073 1726 2304 1790; x_wconf 88' lang='lat' dir='ltr'><strong>ordinis,</strong></span> <span class='ocrx_word' id='word_1_214' title='bbox 2337 1727 2634 1781; x_wconf 82' lang='lat' dir='ltr'><strong>secundum</strong></span> <span class='ocrx_word' id='word_1_215' title='bbox 2670 1727 2820 1781; x_wconf 86' lang='lat' dir='ltr'><strong>illam</strong></span> <span class='ocrx_word' id='word_1_216' title='bbox 2853 1734 2975 1779; x_wconf 90' lang='lat' dir='ltr'><strong>vota</strong></span> <span class='ocrx_word' id='word_1_217' title='bbox 3013 1727 3338 1796; x_wconf 83' lang='lat' dir='ltr'><strong>principalia</strong></span> <span class='ocrx_word' id='word_1_218' title='bbox 3373 1727 3656 1796; x_wconf 74' lang='lat' dir='ltr'><strong>religionis</strong></span> 
     </span>
    </p>
   </div>
   <div class='ocr_carea' id='block_1_34' title="bbox 385 1815 3654 1890">
    <p class='ocr_par' dir='ltr' id='par_1_34' title="bbox 385 1815 3654 1890">
     <span class='ocr_line' id='line_1_34' title="bbox 385 1815 3654 1890; baseline -0.002 -13"><span class='ocrx_word' id='word_1_219' title='bbox 385 1835 530 1878; x_wconf 83' lang='lat' dir='ltr'><strong>ctum</strong></span> <span class='ocrx_word' id='word_1_220' title='bbox 566 1822 622 1876; x_wconf 92' lang='lat' dir='ltr'><strong>S.</strong></span> <span class='ocrx_word' id='word_1_221' title='bbox 663 1820 1046 1890; x_wconf 85' lang='lat' dir='ltr'><strong>Hieronymum</strong></span> <span class='ocrx_word' id='word_1_222' title='bbox 1082 1818 1264 1883; x_wconf 89' lang='lat' dir='ltr'><strong>editis,</strong></span> <span class='ocrx_word' id='word_1_223' title='bbox 1293 1827 1346 1872; x_wconf 92' lang='lat' dir='ltr'><strong>et</strong></span> <span class='ocrx_word' id='word_1_224' title='bbox 1389 1833 1482 1887; x_wconf 85' lang='lat' dir='ltr'><strong>per</strong></span> <span class='ocrx_word' id='word_1_225' title='bbox 1511 1815 1812 1870; x_wconf 79' lang='lat' dir='ltr'><strong>Ecclesium</strong></span> <span class='ocrx_word' id='word_1_226' title='bbox 1859 1830 1956 1884; x_wconf 85' lang='lat' dir='ltr'><strong>ap-</strong></span> <span class='ocrx_word' id='word_1_227' title='bbox 1991 1815 2035 1872; x_wconf 79' lang='grc' dir='ltr'><strong>Β</strong></span> <span class='ocrx_word' id='word_1_228' title='bbox 2067 1819 2372 1888; x_wconf 88' lang='lat' dir='ltr'><strong>hujusmodi</strong></span> <span class='ocrx_word' id='word_1_229' title='bbox 2407 1821 2692 1882; x_wconf 86' lang='lat' dir='ltr'><strong>emittere,</strong></span> <span class='ocrx_word' id='word_1_230' title='bbox 2749 1819 2992 1889; x_wconf 81' lang='lat' dir='ltr'><strong>profiteri</strong></span> <span class='ocrx_word' id='word_1_231' title='bbox 3026 1829 3080 1873; x_wconf 86' lang='lat' dir='ltr'><strong>et</strong></span> <span class='ocrx_word' id='word_1_232' title='bbox 3115 1819 3303 1873; x_wconf 86' lang='lat' dir='ltr'><strong>vivere</strong></span> <span class='ocrx_word' id='word_1_233' title='bbox 3337 1821 3654 1873; x_wconf 87' lang='lat' dir='ltr'><strong>teneamini.</strong></span> 
     </span>
    </p>
   </div>
   <div class='ocr_carea' id='block_1_35' title="bbox 387 1906 1958 1986">
    <p class='ocr_par' dir='ltr' id='par_1_35' title="bbox 387 1906 1958 1986">
     <span class='ocr_line' id='line_1_35' title="bbox 387 1906 1958 1986; baseline -0.007 -18"><span class='ocrx_word' id='word_1_234' title='bbox 387 1917 664 1986; x_wconf 84' lang='lat' dir='ltr'><strong>probatis,</strong></span> <span class='ocrx_word' id='word_1_235' title='bbox 725 1911 984 1966; x_wconf 88' lang='lat' dir='ltr'><strong>nonnulla</strong></span> <span class='ocrx_word' id='word_1_236' title='bbox 1044 1925 1225 1964; x_wconf 86' lang='lat' dir='ltr'><strong>veram</strong></span> <span class='ocrx_word' id='word_1_237' title='bbox 1283 1909 1558 1978; x_wconf 77' lang='lat' dir='ltr'><strong>religionis</strong></span> <span class='ocrx_word' id='word_1_238' title='bbox 1614 1906 1958 1972; x_wconf 83' lang='lat' dir='ltr'><strong>doctrinam,</strong></span> 
     </span>
    </p>
   </div>
   <div class='ocr_carea' id='block_1_36' title="bbox 386 1996 1961 2072">
    <p class='ocr_par' dir='ltr' id='par_1_36' title="bbox 386 1996 1961 2072">
     <span class='ocr_line' id='line_1_36' title="bbox 386 1996 1961 2072; baseline -0.004 -16"><span class='ocrx_word' id='word_1_239' title='bbox 386 2008 660 2072; x_wconf 80' lang='lat' dir='ltr'><strong>vitamque</strong></span> <span class='ocrx_word' id='word_1_240' title='bbox 709 2000 1109 2063; x_wconf 85' lang='lat' dir='ltr'><strong>monachalcm,</strong></span> <span class='ocrx_word' id='word_1_241' title='bbox 1148 2014 1308 2068; x_wconf 89' lang='lat' dir='ltr'><strong>quam</strong></span> <span class='ocrx_word' id='word_1_242' title='bbox 1365 1999 1507 2052; x_wconf 91' lang='lat' dir='ltr'><strong>idem</strong></span> <span class='ocrx_word' id='word_1_243' title='bbox 1560 1996 1792 2052; x_wconf 82' lang='lat' dir='ltr'><strong>Sanctus</strong></span> <span class='ocrx_word' id='word_1_244' title='bbox 1836 2012 1961 2052; x_wconf 88' lang='lat' dir='ltr'><strong>cum</strong></span> 
     </span>
    </p>
   </div>
   <div class='ocr_carea' id='block_1_37' title="bbox 386 2090 1958 2160">
    <p class='ocr_par' dir='ltr' id='par_1_37' title="bbox 386 2090 1958 2160">
     <span class='ocr_line' id='line_1_37' title="bbox 386 2090 1958 2160; baseline -0.006 -10"><span class='ocrx_word' id='word_1_245' title='bbox 386 2101 500 2154; x_wconf 84' lang='lat' dir='ltr'><strong>suis</strong></span> <span class='ocrx_word' id='word_1_246' title='bbox 527 2094 806 2151; x_wconf 83' lang='lat' dir='ltr'><strong>monachis</strong></span> <span class='ocrx_word' id='word_1_247' title='bbox 831 2104 883 2146; x_wconf 92' lang='lat' dir='ltr'><strong>ct</strong></span> <span class='ocrx_word' id='word_1_248' title='bbox 906 2091 1168 2146; x_wconf 80' lang='lat' dir='ltr'><strong>fratribus</strong></span> <span class='ocrx_word' id='word_1_249' title='bbox 1198 2093 1252 2144; x_wconf 93' lang='lat' dir='ltr'><strong>in</strong></span> <span class='ocrx_word' id='word_1_250' title='bbox 1281 2092 1402 2160; x_wconf 89' lang='lat' dir='ltr'><strong>ejus</strong></span> <span class='ocrx_word' id='word_1_251' title='bbox 1435 2091 1544 2144; x_wconf 89' lang='lat' dir='ltr'><strong>vita</strong></span> <span class='ocrx_word' id='word_1_252' title='bbox 1577 2091 1633 2144; x_wconf 91' lang='lat' dir='ltr'><strong>in</strong></span> <span class='ocrx_word' id='word_1_253' title='bbox 1664 2090 1958 2156; x_wconf 84' lang='lat' dir='ltr'><strong>communi,</strong></span> 
     </span>
    </p>
   </div>
   <div class='ocr_carea' id='block_1_38' title="bbox 385 2180 1966 2260">
    <p class='ocr_par' dir='ltr' id='par_1_38' title="bbox 385 2180 1966 2260">
     <span class='ocr_line' id='line_1_38' title="bbox 385 2180 1966 2260; baseline -0.004 -20"><span class='ocrx_word' id='word_1_254' title='bbox 385 2208 490 2260; x_wconf 80' lang='lat' dir='ltr'><strong>quo</strong></span> <span class='ocrx_word' id='word_1_255' title='bbox 523 2192 588 2242; x_wconf 88' lang='lat' dir='ltr'><strong>ad</strong></span> <span class='ocrx_word' id='word_1_256' title='bbox 621 2203 685 2242; x_wconf 88' lang='lat' dir='ltr'><strong>ea</strong></span> <span class='ocrx_word' id='word_1_257' title='bbox 721 2202 840 2256; x_wconf 84' lang='lat' dir='ltr'><strong>quae</strong></span> <span class='ocrx_word' id='word_1_258' title='bbox 871 2184 1186 2255; x_wconf 83' lang='lat' dir='ltr'><strong>principalia</strong></span> <span class='ocrx_word' id='word_1_259' title='bbox 1220 2191 1347 2238; x_wconf 83' lang='lat' dir='ltr'><strong>sunt</strong></span> <span class='ocrx_word' id='word_1_260' title='bbox 1373 2189 1571 2246; x_wconf 85' lang='lat' dir='ltr'><strong>status,</strong></span> <span class='ocrx_word' id='word_1_261' title='bbox 1610 2191 1664 2235; x_wconf 89' lang='lat' dir='ltr'><strong>et</strong></span> <span class='ocrx_word' id='word_1_262' title='bbox 1696 2180 1816 2234; x_wconf 68' lang='lat' dir='ltr'><strong>vitae</strong></span> <span class='ocrx_word' id='word_1_263' title='bbox 1849 2196 1966 2234; x_wconf 90' lang='lat' dir='ltr'><strong>mo-</strong></span> 
     </span>
    </p>
   </div>
   <div class='ocr_carea' id='block_1_39' title="bbox 385 2274 1963 2349">
    <p class='ocr_par' dir='ltr' id='par_1_39' title="bbox 385 2274 1963 2349">
     <span class='ocr_line' id='line_1_39' title="bbox 385 2274 1963 2349; baseline -0.006 -13"><span class='ocrx_word' id='word_1_264' title='bbox 385 2281 655 2343; x_wconf 79' lang='lat' dir='ltr'><strong>nachalis,</strong></span> <span class='ocrx_word' id='word_1_265' title='bbox 680 2294 773 2349; x_wconf 90' lang='lat' dir='ltr'><strong>per</strong></span> <span class='ocrx_word' id='word_1_266' title='bbox 800 2280 969 2330; x_wconf 89' lang='lat' dir='ltr'><strong>multa</strong></span> <span class='ocrx_word' id='word_1_267' title='bbox 994 2287 1047 2330; x_wconf 87' lang='lat' dir='ltr'><strong>et</strong></span> <span class='ocrx_word' id='word_1_268' title='bbox 1075 2289 1246 2344; x_wconf 90' lang='lat' dir='ltr'><strong>usque</strong></span> <span class='ocrx_word' id='word_1_269' title='bbox 1274 2274 1341 2328; x_wconf 91' lang='lat' dir='ltr'><strong>ad</strong></span> <span class='ocrx_word' id='word_1_270' title='bbox 1385 2275 1563 2327; x_wconf 89' lang='lat' dir='ltr'><strong>obitus</strong></span> <span class='ocrx_word' id='word_1_271' title='bbox 1597 2275 1679 2328; x_wconf 90' lang='lat' dir='ltr'><strong>sui</strong></span> <span class='ocrx_word' id='word_1_272' title='bbox 1717 2283 1963 2342; x_wconf 89' lang='lat' dir='ltr'><strong>tempora</strong></span> 
     </span>
    </p>
   </div>
   <div class='ocr_carea' id='block_1_40' title="bbox 385 2365 1967 2437">
    <p class='ocr_par' dir='ltr' id='par_1_40' title="bbox 385 2365 1967 2437">
     <span class='ocr_line' id='line_1_40' title="bbox 385 2365 1967 2437; baseline -0.008 -9"><span class='ocrx_word' id='word_1_273' title='bbox 385 2370 722 2433; x_wconf 85' lang='lat' dir='ltr'><strong>observavit,</strong></span> <span class='ocrx_word' id='word_1_274' title='bbox 751 2378 805 2422; x_wconf 91' lang='lat' dir='ltr'><strong>et</strong></span> <span class='ocrx_word' id='word_1_275' title='bbox 831 2369 1046 2437; x_wconf 86' lang='lat' dir='ltr'><strong>aliquos</strong></span> <span class='ocrx_word' id='word_1_276' title='bbox 1075 2367 1214 2419; x_wconf 89' lang='lat' dir='ltr'><strong>alios</strong></span> <span class='ocrx_word' id='word_1_277' title='bbox 1242 2367 1540 2418; x_wconf 84' lang='lat' dir='ltr'><strong>observate</strong></span> <span class='ocrx_word' id='word_1_278' title='bbox 1573 2365 1805 2424; x_wconf 88' lang='lat' dir='ltr'><strong>monuit,</strong></span> <span class='ocrx_word' id='word_1_279' title='bbox 1836 2379 1967 2417; x_wconf 80' lang='lat' dir='ltr'><strong>cou-</strong></span> 
     </span>
    </p>
   </div>
   <div class='ocr_carea' id='block_1_41' title="bbox 387 2455 1959 2526">
    <p class='ocr_par' dir='ltr' id='par_1_41' title="bbox 387 2455 1959 2526">
     <span class='ocr_line' id='line_1_41' title="bbox 387 2455 1959 2526; baseline -0.01 -6"><span class='ocrx_word' id='word_1_280' title='bbox 387 2464 610 2520; x_wconf 88' lang='lat' dir='ltr'><strong>tinentia</strong></span> <span class='ocrx_word' id='word_1_281' title='bbox 641 2460 967 2522; x_wconf 79' lang='lat' dir='ltr'><strong>extraxeris,</strong></span> <span class='ocrx_word' id='word_1_282' title='bbox 997 2457 1405 2526; x_wconf 87' lang='lat' dir='ltr'><strong>compilaveris,</strong></span> <span class='ocrx_word' id='word_1_283' title='bbox 1439 2463 1490 2509; x_wconf 88' lang='lat' dir='ltr'><strong>et</strong></span> <span class='ocrx_word' id='word_1_284' title='bbox 1527 2455 1672 2507; x_wconf 90' lang='lat' dir='ltr'><strong>velut</strong></span> <span class='ocrx_word' id='word_1_285' title='bbox 1705 2455 1758 2508; x_wconf 92' lang='lat' dir='ltr'><strong>in</strong></span> <span class='ocrx_word' id='word_1_286' title='bbox 1795 2469 1959 2508; x_wconf 88' lang='lat' dir='ltr'><strong>unum</strong></span> 
     </span>
    </p>
   </div>
   <div class='ocr_carea' id='block_1_42' title="bbox 386 2545 1961 2623">
    <p class='ocr_par' dir='ltr' id='par_1_42' title="bbox 386 2545 1961 2623">
     <span class='ocr_line' id='line_1_42' title="bbox 386 2545 1961 2623; baseline -0.007 -14"><span class='ocrx_word' id='word_1_287' title='bbox 386 2570 584 2623; x_wconf 88' lang='lat' dir='ltr'><strong>corpus</strong></span> <span class='ocrx_word' id='word_1_288' title='bbox 615 2554 715 2607; x_wconf 90' lang='lat' dir='ltr'><strong>sub</strong></span> <span class='ocrx_word' id='word_1_289' title='bbox 746 2550 910 2604; x_wconf 89' lang='lat' dir='ltr'><strong>certis</strong></span> <span class='ocrx_word' id='word_1_290' title='bbox 945 2548 1118 2602; x_wconf 87' lang='lat' dir='ltr'><strong>titulis</strong></span> <span class='ocrx_word' id='word_1_291' title='bbox 1152 2546 1458 2608; x_wconf 85' lang='lat' dir='ltr'><strong>reduxeris,</strong></span> <span class='ocrx_word' id='word_1_292' title='bbox 1493 2546 1595 2601; x_wconf 89' lang='lat' dir='ltr'><strong>sub</strong></span> <span class='ocrx_word' id='word_1_293' title='bbox 1638 2545 1838 2614; x_wconf 88' lang='lat' dir='ltr'><strong>quibus</strong></span> <span class='ocrx_word' id='word_1_294' title='bbox 1882 2551 1961 2609; x_wconf 92' lang='lat' dir='ltr'><strong>tu,</strong></span> 
     </span>
    </p>
   </div>
   <div class='ocr_carea' id='block_1_43' title="bbox 385 2634 1963 2713">
    <p class='ocr_par' dir='ltr' id='par_1_43' title="bbox 385 2634 1963 2713">
     <span class='ocr_line' id='line_1_43' title="bbox 385 2634 1963 2713; baseline -0.007 -15"><span class='ocrx_word' id='word_1_295' title='bbox 385 2655 442 2698; x_wconf 87' lang='lat' dir='ltr'><strong>et</strong></span> <span class='ocrx_word' id='word_1_296' title='bbox 483 2642 730 2713; x_wconf 87' lang='lat' dir='ltr'><strong>plerique</strong></span> <span class='ocrx_word' id='word_1_297' title='bbox 776 2638 868 2693; x_wconf 86' lang='lat' dir='ltr'><strong>alii</strong></span> <span class='ocrx_word' id='word_1_298' title='bbox 924 2637 1176 2690; x_wconf 88' lang='lat' dir='ltr'><strong>monachi</strong></span> <span class='ocrx_word' id='word_1_299' title='bbox 1215 2645 1269 2690; x_wconf 88' lang='lat' dir='ltr'><strong>et</strong></span> <span class='ocrx_word' id='word_1_300' title='bbox 1321 2634 1518 2688; x_wconf 70' lang='lat' dir='ltr'><strong>fratres</strong></span> <span class='ocrx_word' id='word_1_301' title='bbox 1554 2634 1685 2688; x_wconf 88' lang='lat' dir='ltr'><strong>dicti</strong></span> <span class='ocrx_word' id='word_1_302' title='bbox 1729 2634 1963 2700; x_wconf 90' lang='lat' dir='ltr'><strong>ordinis,</strong></span> 
     </span>
    </p>
   </div>
   <div class='ocr_carea' id='block_1_44' title="bbox 387 2727 1966 2796">
    <p class='ocr_par' dir='ltr' id='par_1_44' title="bbox 387 2727 1966 2796">
     <span class='ocr_line' id='line_1_44' title="bbox 387 2727 1966 2796; baseline -0.006 -7"><span class='ocrx_word' id='word_1_303' title='bbox 387 2734 673 2789; x_wconf 77' lang='lat' dir='ltr'><strong>Altissiino</strong></span> <span class='ocrx_word' id='word_1_304' title='bbox 715 2729 1066 2796; x_wconf 79' lang='lat' dir='ltr'><strong>concedente,</strong></span> <span class='ocrx_word' id='word_1_305' title='bbox 1117 2727 1270 2782; x_wconf 85' lang='lat' dir='ltr'><strong>vobis</strong></span> <span class='ocrx_word' id='word_1_306' title='bbox 1302 2727 1464 2781; x_wconf 89' lang='lat' dir='ltr'><strong>etiam</strong></span> <span class='ocrx_word' id='word_1_307' title='bbox 1498 2741 1661 2796; x_wconf 88' lang='lat' dir='ltr'><strong>super</strong></span> <span class='ocrx_word' id='word_1_308' title='bbox 1697 2728 1801 2781; x_wconf 88' lang='lat' dir='ltr'><strong>hoc</strong></span> <span class='ocrx_word' id='word_1_309' title='bbox 1839 2743 1966 2796; x_wconf 51' lang='lat' dir='ltr'><strong>apo.</strong></span> 
     </span>
    </p>
   </div>
   <div class='ocr_carea' id='block_1_45' title="bbox 387 2819 1964 2892">
    <p class='ocr_par' dir='ltr' id='par_1_45' title="bbox 387 2819 1964 2892">
     <span class='ocr_line' id='line_1_45' title="bbox 387 2819 1964 2892; baseline -0.008 -9"><span class='ocrx_word' id='word_1_310' title='bbox 387 2827 565 2883; x_wconf 84' lang='lat' dir='ltr'><strong>stolici</strong></span> <span class='ocrx_word' id='word_1_311' title='bbox 607 2825 809 2880; x_wconf 86' lang='lat' dir='ltr'><strong>favoris</strong></span> <span class='ocrx_word' id='word_1_312' title='bbox 849 2822 1181 2892; x_wconf 74' lang='lat' dir='ltr'><strong>suﬂ&#39;ragaute</strong></span> <span class='ocrx_word' id='word_1_313' title='bbox 1227 2819 1505 2886; x_wconf 69' lang='lat' dir='ltr'><strong>praesidio,</strong></span> <span class='ocrx_word' id='word_1_314' title='bbox 1538 2821 1606 2874; x_wconf 93' lang='lat' dir='ltr'><strong>de</strong></span> <span class='ocrx_word' id='word_1_315' title='bbox 1637 2832 1834 2873; x_wconf 68' lang='lat' dir='ltr'><strong>castero</strong></span> <span class='ocrx_word' id='word_1_316' title='bbox 1869 2823 1964 2872; x_wconf 81' lang='lat' dir='ltr'><strong>de-</strong></span> 
     </span>
    </p>
   </div>
   <div class='ocr_carea' id='block_1_46' title="bbox 388 2912 1966 2990">
    <p class='ocr_par' dir='ltr' id='par_1_46' title="bbox 388 2912 1966 2990">
     <span class='ocr_line' id='line_1_46' title="bbox 388 2912 1966 2990; baseline -0.005 -16"><span class='ocrx_word' id='word_1_317' title='bbox 388 2936 536 2990; x_wconf 81' lang='lat' dir='ltr'><strong>gere,</strong></span> <span class='ocrx_word' id='word_1_318' title='bbox 568 2930 621 2972; x_wconf 87' lang='lat' dir='ltr'><strong>et</strong></span> <span class='ocrx_word' id='word_1_319' title='bbox 667 2932 1010 2986; x_wconf 81' lang='lat' dir='ltr'><strong>permanere,</strong></span> <span class='ocrx_word' id='word_1_320' title='bbox 1043 2931 1106 2968; x_wconf 89' lang='lat' dir='ltr'><strong>ac</strong></span> <span class='ocrx_word' id='word_1_321' title='bbox 1161 2913 1251 2968; x_wconf 90' lang='lat' dir='ltr'><strong>illa</strong></span> <span class='ocrx_word' id='word_1_322' title='bbox 1299 2916 1352 2968; x_wconf 88' lang='lat' dir='ltr'><strong>itt</strong></span> <span class='ocrx_word' id='word_1_323' title='bbox 1406 2912 1646 2982; x_wconf 83' lang='lat' dir='ltr'><strong>regulam</strong></span> <span class='ocrx_word' id='word_1_324' title='bbox 1685 2912 1966 2982; x_wconf 85' lang='lat' dir='ltr'><strong>suscipere</strong></span> 
     </span>
    </p>
   </div>
   <div class='ocr_carea' id='block_1_47' title="bbox 387 3005 1282 3080">
    <p class='ocr_par' dir='ltr' id='par_1_47' title="bbox 387 3005 1282 3080">
     <span class='ocr_line' id='line_1_47' title="bbox 387 3005 1282 3080; baseline -0.001 -21"><span class='ocrx_word' id='word_1_325' title='bbox 387 3010 687 3080; x_wconf 74' lang='lat' dir='ltr'><strong>proponitis</strong></span> <span class='ocrx_word' id='word_1_326' title='bbox 716 3018 768 3063; x_wconf 91' lang='lat' dir='ltr'><strong>et</strong></span> <span class='ocrx_word' id='word_1_327' title='bbox 799 3010 963 3062; x_wconf 90' lang='lat' dir='ltr'><strong>etiam</strong></span> <span class='ocrx_word' id='word_1_328' title='bbox 993 3005 1282 3059; x_wconf 73' lang='lat' dir='ltr'><strong>alfectatis.</strong></span> 
     </span>
    </p>
   </div>
   <div class='ocr_carea' id='block_1_48' title="bbox 455 3094 1964 3172">
    <p class='ocr_par' dir='ltr' id='par_1_48' title="bbox 455 3094 1964 3172">
     <span class='ocr_line' id='line_1_48' title="bbox 455 3094 1964 3172; baseline -0.005 -16"><span class='ocrx_word' id='word_1_329' title='bbox 455 3104 509 3156; x_wconf 77' lang='grc'><strong>4.</strong></span> <span class='ocrx_word' id='word_1_330' title='bbox 548 3102 650 3156; x_wconf 92' lang='lat' dir='ltr'><strong>Pro</strong></span> <span class='ocrx_word' id='word_1_331' title='bbox 703 3112 855 3172; x_wconf 85' lang='lat' dir='ltr'><strong>parte</strong></span> <span class='ocrx_word' id='word_1_332' title='bbox 903 3109 992 3152; x_wconf 89' lang='lat' dir='ltr'><strong>tua</strong></span> <span class='ocrx_word' id='word_1_333' title='bbox 1047 3100 1202 3152; x_wconf 82' lang='lat' dir='ltr'><strong>nobis</strong></span> <span class='ocrx_word' id='word_1_334' title='bbox 1241 3095 1343 3150; x_wconf 87' lang='lat' dir='ltr'><strong>ftiit</strong></span> <span class='ocrx_word' id='word_1_335' title='bbox 1383 3095 1662 3151; x_wconf 87' lang='lat' dir='ltr'><strong>humiliter</strong></span> <span class='ocrx_word' id='word_1_336' title='bbox 1690 3094 1964 3164; x_wconf 83' lang='lat' dir='ltr'><strong>supplica-</strong></span> 
     </span>
    </p>
   </div>
   <div class='ocr_carea' id='block_1_49' title="bbox 388 3186 1960 3262">
    <p class='ocr_par' dir='ltr' id='par_1_49' title="bbox 388 3186 1960 3262">
     <span class='ocr_line' id='line_1_49' title="bbox 388 3186 1960 3262; baseline -0.009 -13"><span class='ocrx_word' id='word_1_337' title='bbox 388 3203 526 3260; x_wconf 86' lang='lat' dir='ltr'><strong>tum,</strong></span> <span class='ocrx_word' id='word_1_338' title='bbox 561 3204 618 3248; x_wconf 92' lang='lat' dir='ltr'><strong>ut</strong></span> <span class='ocrx_word' id='word_1_339' title='bbox 671 3208 765 3262; x_wconf 88' lang='lat' dir='ltr'><strong>per</strong></span> <span class='ocrx_word' id='word_1_340' title='bbox 807 3201 859 3245; x_wconf 92' lang='lat' dir='ltr'><strong>te</strong></span> <span class='ocrx_word' id='word_1_341' title='bbox 901 3197 1169 3252; x_wconf 84' lang='lat' dir='ltr'><strong>extracta,</strong></span> <span class='ocrx_word' id='word_1_342' title='bbox 1201 3197 1256 3242; x_wconf 86' lang='lat' dir='ltr'><strong>et</strong></span> <span class='ocrx_word' id='word_1_343' title='bbox 1289 3187 1602 3257; x_wconf 86' lang='lat' dir='ltr'><strong>compilata,</strong></span> <span class='ocrx_word' id='word_1_344' title='bbox 1640 3187 1696 3241; x_wconf 90' lang='lat' dir='ltr'><strong>in</strong></span> <span class='ocrx_word' id='word_1_345' title='bbox 1744 3186 1960 3239; x_wconf 88' lang='lat' dir='ltr'><strong>modum</strong></span> 
     </span>
    </p>
   </div>
   <div class='ocr_carea' id='block_1_50' title="bbox 389 3277 1965 3349">
    <p class='ocr_par' dir='ltr' id='par_1_50' title="bbox 389 3277 1965 3349">
     <span class='ocr_line' id='line_1_50' title="bbox 389 3277 1965 3349; baseline -0.004 -13"><span class='ocrx_word' id='word_1_346' title='bbox 389 3283 630 3349; x_wconf 77' lang='lat' dir='ltr'><strong>vivendi,</strong></span> <span class='ocrx_word' id='word_1_347' title='bbox 665 3293 718 3336; x_wconf 90' lang='lat' dir='ltr'><strong>et</strong></span> <span class='ocrx_word' id='word_1_348' title='bbox 747 3281 982 3334; x_wconf 86' lang='lat' dir='ltr'><strong>formam</strong></span> <span class='ocrx_word' id='word_1_349' title='bbox 1025 3279 1224 3347; x_wconf 70' lang='lat' dir='ltr'><strong>regula:</strong></span> <span class='ocrx_word' id='word_1_350' title='bbox 1261 3277 1593 3348; x_wconf 84' lang='lat' dir='ltr'><strong>lmjnsmodi,</strong></span> <span class='ocrx_word' id='word_1_351' title='bbox 1628 3277 1723 3330; x_wconf 88' lang='lat' dir='ltr'><strong>tibi</strong></span> <span class='ocrx_word' id='word_1_352' title='bbox 1757 3288 1812 3330; x_wconf 92' lang='lat' dir='ltr'><strong>et</strong></span> <span class='ocrx_word' id='word_1_353' title='bbox 1840 3291 1965 3330; x_wconf 86' lang='lat' dir='ltr'><strong>suc-</strong></span> 
     </span>
    </p>
   </div>
   <div class='ocr_carea' id='block_1_51' title="bbox 391 3369 1967 3438">
    <p class='ocr_par' dir='ltr' id='par_1_51' title="bbox 391 3369 1967 3438">
     <span class='ocr_line' id='line_1_51' title="bbox 391 3369 1967 3438; baseline -0.003 -11"><span class='ocrx_word' id='word_1_354' title='bbox 391 3375 702 3429; x_wconf 83' lang='lat' dir='ltr'><strong>tessoribus</strong></span> <span class='ocrx_word' id='word_1_355' title='bbox 734 3374 841 3425; x_wconf 90' lang='lat' dir='ltr'><strong>tuis</strong></span> <span class='ocrx_word' id='word_1_356' title='bbox 877 3372 1202 3438; x_wconf 78' lang='lat' dir='ltr'><strong>pra-positis,</strong></span> <span class='ocrx_word' id='word_1_357' title='bbox 1234 3384 1298 3422; x_wconf 91' lang='lat' dir='ltr'><strong>ac</strong></span> <span class='ocrx_word' id='word_1_358' title='bbox 1331 3371 1602 3433; x_wconf 85' lang='lat' dir='ltr'><strong>omnibus,</strong></span> <span class='ocrx_word' id='word_1_359' title='bbox 1639 3379 1692 3421; x_wconf 89' lang='lat' dir='ltr'><strong>et</strong></span> <span class='ocrx_word' id='word_1_360' title='bbox 1737 3369 1967 3437; x_wconf 86' lang='lat' dir='ltr'><strong>singulis</strong></span> 
     </span>
    </p>
   </div>
   <div class='ocr_carea' id='block_1_52' title="bbox 391 3460 1966 3535">
    <p class='ocr_par' dir='ltr' id='par_1_52' title="bbox 391 3460 1966 3535">
     <span class='ocr_line' id='line_1_52' title="bbox 391 3460 1966 3535; baseline -0.003 -18"><span class='ocrx_word' id='word_1_361' title='bbox 391 3467 685 3535; x_wconf 84' lang='lat' dir='ltr'><strong>prioribus,</strong></span> <span class='ocrx_word' id='word_1_362' title='bbox 732 3463 1038 3525; x_wconf 87' lang='lat' dir='ltr'><strong>monachis,</strong></span> <span class='ocrx_word' id='word_1_363' title='bbox 1089 3460 1372 3526; x_wconf 85' lang='lat' dir='ltr'><strong>fratribus,</strong></span> <span class='ocrx_word' id='word_1_364' title='bbox 1423 3471 1477 3515; x_wconf 88' lang='lat' dir='ltr'><strong>et</strong></span> <span class='ocrx_word' id='word_1_365' title='bbox 1537 3461 1787 3528; x_wconf 89' lang='lat' dir='ltr'><strong>personis</strong></span> <span class='ocrx_word' id='word_1_366' title='bbox 1833 3460 1966 3513; x_wconf 80' lang='lat' dir='ltr'><strong>dicti</strong></span> 
     </span>
    </p>
   </div>
   <div class='ocr_carea' id='block_1_53' title="bbox 391 3553 1968 3625">
    <p class='ocr_par' dir='ltr' id='par_1_53' title="bbox 391 3553 1968 3625">
     <span class='ocr_line' id='line_1_53' title="bbox 391 3553 1968 3625; baseline -0.004 -13"><span class='ocrx_word' id='word_1_367' title='bbox 391 3557 602 3612; x_wconf 86' lang='lat' dir='ltr'><strong>ordinis</strong></span> <span class='ocrx_word' id='word_1_368' title='bbox 625 3555 1001 3625; x_wconf 70' lang='lat' dir='ltr'><strong>praesentibus,</strong></span> <span class='ocrx_word' id='word_1_369' title='bbox 1025 3562 1077 3606; x_wconf 89' lang='lat' dir='ltr'><strong>et</strong></span> <span class='ocrx_word' id='word_1_370' title='bbox 1105 3553 1318 3617; x_wconf 82' lang='lat' dir='ltr'><strong>futuris,</strong></span> <span class='ocrx_word' id='word_1_371' title='bbox 1351 3555 1440 3622; x_wconf 87' lang='lat' dir='ltr'><strong>qui</strong></span> <span class='ocrx_word' id='word_1_372' title='bbox 1479 3554 1530 3606; x_wconf 92' lang='lat' dir='ltr'><strong>in</strong></span> <span class='ocrx_word' id='word_1_373' title='bbox 1568 3554 1660 3606; x_wconf 88' lang='lat' dir='ltr'><strong>illo</strong></span> <span class='ocrx_word' id='word_1_374' title='bbox 1691 3553 1892 3613; x_wconf 85' lang='lat' dir='ltr'><strong>vivere,</strong></span> <span class='ocrx_word' id='word_1_375' title='bbox 1915 3564 1968 3606; x_wconf 87' lang='lat' dir='ltr'><strong>et</strong></span> 
     </span>
    </p>
   </div>
   <div class='ocr_carea' id='block_1_54' title="bbox 389 3645 1970 3714">
    <p class='ocr_par' dir='ltr' id='par_1_54' title="bbox 389 3645 1970 3714">
     <span class='ocr_line' id='line_1_54' title="bbox 389 3645 1970 3714; baseline -0.004 -10"><span class='ocrx_word' id='word_1_376' title='bbox 389 3651 670 3705; x_wconf 79' lang='lat' dir='ltr'><strong>AltiSsimo</strong></span> <span class='ocrx_word' id='word_1_377' title='bbox 703 3647 957 3702; x_wconf 85' lang='lat' dir='ltr'><strong>famulari</strong></span> <span class='ocrx_word' id='word_1_378' title='bbox 991 3645 1260 3700; x_wconf 88' lang='lat' dir='ltr'><strong>voluerint</strong></span> <span class='ocrx_word' id='word_1_379' title='bbox 1294 3646 1345 3697; x_wconf 93' lang='lat' dir='ltr'><strong>in</strong></span> <span class='ocrx_word' id='word_1_380' title='bbox 1372 3648 1548 3700; x_wconf 90' lang='lat' dir='ltr'><strong>locum</strong></span> <span class='ocrx_word' id='word_1_381' title='bbox 1583 3645 1739 3698; x_wconf 83' lang='lat' dir='ltr'><strong>dictae</strong></span> <span class='ocrx_word' id='word_1_382' title='bbox 1773 3648 1970 3714; x_wconf 78' lang='lat' dir='ltr'><strong>regulae</strong></span> 
     </span>
    </p>
   </div>
   <div class='ocr_carea' id='block_1_55' title="bbox 393 3735 1964 3812">
    <p class='ocr_par' dir='ltr' id='par_1_55' title="bbox 393 3735 1964 3812">
     <span class='ocr_line' id='line_1_55' title="bbox 393 3735 1964 3812; baseline -0.005 -14"><span class='ocrx_word' id='word_1_383' title='bbox 393 3743 450 3798; x_wconf 87' lang='lat' dir='ltr'><strong>S.</strong></span> <span class='ocrx_word' id='word_1_384' title='bbox 489 3741 773 3812; x_wconf 81' lang='lat' dir='ltr'><strong>Augustini</strong></span> <span class='ocrx_word' id='word_1_385' title='bbox 825 3737 1185 3808; x_wconf 90' lang='lat' dir='ltr'><strong>suscipiendi,</strong></span> <span class='ocrx_word' id='word_1_386' title='bbox 1224 3741 1290 3790; x_wconf 89' lang='lat' dir='ltr'><strong>ad</strong></span> <span class='ocrx_word' id='word_1_387' title='bbox 1345 3735 1554 3790; x_wconf 88' lang='lat' dir='ltr'><strong>dictum</strong></span> <span class='ocrx_word' id='word_1_388' title='bbox 1607 3739 1852 3790; x_wconf 90' lang='lat' dir='ltr'><strong>ordinem</strong></span> <span class='ocrx_word' id='word_1_389' title='bbox 1905 3736 1964 3790; x_wconf 84' lang='lat' dir='ltr'><strong>S.</strong></span> 
     </span>
    </p>
   </div>
   <div class='ocr_carea' id='block_1_56' title="bbox 395 3829 1964 3903">
    <p class='ocr_par' dir='ltr' id='par_1_56' title="bbox 395 3829 1964 3903">
     <span class='ocr_line' id='line_1_56' title="bbox 395 3829 1964 3903; baseline -0.004 -17"><span class='ocrx_word' id='word_1_390' title='bbox 395 3833 708 3903; x_wconf 85' lang='lat' dir='ltr'><strong>Hieronymi</strong></span> <span class='ocrx_word' id='word_1_391' title='bbox 739 3832 1026 3900; x_wconf 88' lang='lat' dir='ltr'><strong>prolitendi</strong></span> <span class='ocrx_word' id='word_1_392' title='bbox 1056 3838 1402 3899; x_wconf 89' lang='lat' dir='ltr'><strong>potestatem,</strong></span> <span class='ocrx_word' id='word_1_393' title='bbox 1433 3843 1496 3882; x_wconf 88' lang='lat' dir='ltr'><strong>ac</strong></span> <span class='ocrx_word' id='word_1_394' title='bbox 1527 3829 1801 3882; x_wconf 80' lang='lat' dir='ltr'><strong>licentiam</strong></span> <span class='ocrx_word' id='word_1_395' title='bbox 1833 3843 1964 3881; x_wconf 86' lang='lat' dir='ltr'><strong>cou-</strong></span> 
     </span>
    </p>
   </div>
   <div class='ocr_carea' id='block_1_57' title="bbox 389 3920 1781 3992">
    <p class='ocr_par' dir='ltr' id='par_1_57' title="bbox 389 3920 1781 3992">
     <span class='ocr_line' id='line_1_57' title="bbox 389 3920 1781 3992; baseline -0.005 -12"><span class='ocrx_word' id='word_1_396' title='bbox 389 3927 584 3981; x_wconf 85' lang='lat' dir='ltr'><strong>cedere</strong></span> <span class='ocrx_word' id='word_1_397' title='bbox 610 3926 677 3980; x_wconf 88' lang='lat' dir='ltr'><strong>de</strong></span> <span class='ocrx_word' id='word_1_398' title='bbox 707 3923 1041 3992; x_wconf 79' lang='lat' dir='ltr'><strong>benignitate</strong></span> <span class='ocrx_word' id='word_1_399' title='bbox 1074 3920 1373 3990; x_wconf 87' lang='lat' dir='ltr'><strong>apostolica</strong></span> <span class='ocrx_word' id='word_1_400' title='bbox 1407 3921 1781 3989; x_wconf 84' lang='lat' dir='ltr'><strong>dignaremur.</strong></span> 
     </span>
    </p>
   </div>
   <div class='ocr_carea' id='block_1_58' title="bbox 461 4010 1965 4083">
    <p class='ocr_par' dir='ltr' id='par_1_58' title="bbox 461 4010 1965 4083">
     <span class='ocr_line' id='line_1_58' title="bbox 461 4010 1965 4083; baseline -0.007 -13"><span class='ocrx_word' id='word_1_401' title='bbox 461 4017 514 4072; x_wconf 88' lang='lat'><strong>5.</strong></span> <span class='ocrx_word' id='word_1_402' title='bbox 556 4013 666 4068; x_wconf 83' lang='lat' dir='ltr'><strong>Nos</strong></span> <span class='ocrx_word' id='word_1_403' title='bbox 712 4015 873 4083; x_wconf 82' lang='lat' dir='ltr'><strong>igitur</strong></span> <span class='ocrx_word' id='word_1_404' title='bbox 911 4010 1290 4080; x_wconf 84' lang='lat' dir='ltr'><strong>hujuscemodi</strong></span> <span class='ocrx_word' id='word_1_405' title='bbox 1333 4012 1636 4079; x_wconf 78' lang='lat' dir='ltr'><strong>regularem</strong></span> <span class='ocrx_word' id='word_1_406' title='bbox 1679 4021 1733 4064; x_wconf 93' lang='lat' dir='ltr'><strong>et</strong></span> <span class='ocrx_word' id='word_1_407' title='bbox 1772 4025 1965 4063; x_wconf 79' lang='lat' dir='ltr'><strong>mona-</strong></span> 
     </span>
    </p>
   </div>
   <div class='ocr_carea' id='block_1_59' title="bbox 390 4101 1966 4172">
    <p class='ocr_par' dir='ltr' id='par_1_59' title="bbox 390 4101 1966 4172">
     <span class='ocr_line' id='line_1_59' title="bbox 390 4101 1966 4172; baseline -0.006 -10"><span class='ocrx_word' id='word_1_408' title='bbox 390 4109 601 4162; x_wconf 84' lang='lat' dir='ltr'><strong>chalem</strong></span> <span class='ocrx_word' id='word_1_409' title='bbox 619 4104 1018 4160; x_wconf 81' lang='lat' dir='ltr'><strong>observantiam</strong></span> <span class='ocrx_word' id='word_1_410' title='bbox 1048 4102 1175 4157; x_wconf 89' lang='lat' dir='ltr'><strong>dicti</strong></span> <span class='ocrx_word' id='word_1_411' title='bbox 1209 4103 1264 4156; x_wconf 90' lang='lat' dir='ltr'><strong>S.</strong></span> <span class='ocrx_word' id='word_1_412' title='bbox 1288 4101 1966 4172; x_wconf 87' lang='lat' dir='ltr'><strong>Hieronymilaudabilem,</strong></span> 
     </span>
    </p>
   </div>
   <div class='ocr_carea' id='block_1_60' title="bbox 390 4194 1966 4265">
    <p class='ocr_par' dir='ltr' id='par_1_60' title="bbox 390 4194 1966 4265">
     <span class='ocr_line' id='line_1_60' title="bbox 390 4194 1966 4265; baseline -0.008 -8"><span class='ocrx_word' id='word_1_413' title='bbox 390 4214 445 4257; x_wconf 89' lang='lat' dir='ltr'><strong>et</strong></span> <span class='ocrx_word' id='word_1_414' title='bbox 480 4205 533 4256; x_wconf 93' lang='lat' dir='ltr'><strong>in</strong></span> <span class='ocrx_word' id='word_1_415' title='bbox 568 4202 677 4253; x_wconf 90' lang='lat' dir='ltr'><strong>vita</strong></span> <span class='ocrx_word' id='word_1_416' title='bbox 713 4198 828 4265; x_wconf 88' lang='lat' dir='ltr'><strong>ejus</strong></span> <span class='ocrx_word' id='word_1_417' title='bbox 871 4211 966 4265; x_wconf 86' lang='lat' dir='ltr'><strong>per</strong></span> <span class='ocrx_word' id='word_1_418' title='bbox 1011 4198 1190 4263; x_wconf 89' lang='lat' dir='ltr'><strong>ipsum</strong></span> <span class='ocrx_word' id='word_1_419' title='bbox 1235 4195 1578 4248; x_wconf 85' lang='lat' dir='ltr'><strong>observatam</strong></span> <span class='ocrx_word' id='word_1_420' title='bbox 1618 4197 1811 4247; x_wconf 87' lang='lat' dir='ltr'><strong>merito</strong></span> <span class='ocrx_word' id='word_1_421' title='bbox 1846 4194 1966 4245; x_wconf 88' lang='lat' dir='ltr'><strong>lau-</strong></span> 
     </span>
    </p>
   </div>
   <div class='ocr_carea' id='block_1_61' title="bbox 392 4282 1966 4356">
    <p class='ocr_par' dir='ltr' id='par_1_61' title="bbox 392 4282 1966 4356">
     <span class='ocr_line' id='line_1_61' title="bbox 392 4282 1966 4356; baseline -0.007 -8"><span class='ocrx_word' id='word_1_422' title='bbox 392 4297 584 4348; x_wconf 86' lang='lat' dir='ltr'><strong>dantes</strong></span> <span class='ocrx_word' id='word_1_423' title='bbox 644 4299 699 4342; x_wconf 92' lang='lat' dir='ltr'><strong>et</strong></span> <span class='ocrx_word' id='word_1_424' title='bbox 747 4288 1136 4356; x_wconf 87' lang='lat' dir='ltr'><strong>approbantes,</strong></span> <span class='ocrx_word' id='word_1_425' title='bbox 1177 4285 1431 4352; x_wconf 87' lang='lat' dir='ltr'><strong>illamque</strong></span> <span class='ocrx_word' id='word_1_426' title='bbox 1477 4285 1529 4338; x_wconf 92' lang='lat' dir='ltr'><strong>in</strong></span> <span class='ocrx_word' id='word_1_427' title='bbox 1587 4283 1681 4338; x_wconf 88' lang='lat' dir='ltr'><strong>Dei</strong></span> <span class='ocrx_word' id='word_1_428' title='bbox 1727 4282 1966 4338; x_wconf 81' lang='lat' dir='ltr'><strong>Ecclesia</strong></span> 
     </span>
    </p>
   </div>
   <div class='ocr_carea' id='block_1_62' title="bbox 392 4377 1969 4441">
    <p class='ocr_par' dir='ltr' id='par_1_62' title="bbox 392 4377 1969 4441">
     <span class='ocr_line' id='line_1_62' title="bbox 392 4377 1969 4441; baseline -0.006 -3"><span class='ocrx_word' id='word_1_429' title='bbox 392 4387 446 4438; x_wconf 87' lang='lat' dir='ltr'><strong>in</strong></span> <span class='ocrx_word' id='word_1_430' title='bbox 492 4384 741 4436; x_wconf 88' lang='lat' dir='ltr'><strong>ordinem</strong></span> <span class='ocrx_word' id='word_1_431' title='bbox 785 4377 1160 4432; x_wconf 86' lang='lat' dir='ltr'><strong>munacllalem</strong></span> <span class='ocrx_word' id='word_1_432' title='bbox 1211 4377 1405 4441; x_wconf 83' lang='lat' dir='ltr'><strong>attolli,</strong></span> <span class='ocrx_word' id='word_1_433' title='bbox 1445 4384 1500 4430; x_wconf 87' lang='lat' dir='ltr'><strong>et</strong></span> <span class='ocrx_word' id='word_1_434' title='bbox 1548 4377 1830 4430; x_wconf 83' lang='lat' dir='ltr'><strong>observari</strong></span> <span class='ocrx_word' id='word_1_435' title='bbox 1885 4380 1969 4429; x_wconf 90' lang='lat' dir='ltr'><strong>in-</strong></span> 
     </span>
    </p>
   </div>
   <div class='ocr_carea' id='block_1_63' title="bbox 365 4467 2043 4556">
    <p class='ocr_par' dir='ltr' id='par_1_63' title="bbox 365 4467 2043 4556">
     <span class='ocr_line' id='line_1_63' title="bbox 365 4467 2043 4556; baseline -0.006 -26"><span class='ocrx_word' id='word_1_436' title='bbox 365 4477 562 4530; x_wconf 83' lang='lat' dir='ltr'><strong>‘tensis</strong></span> <span class='ocrx_word' id='word_1_437' title='bbox 595 4471 880 4527; x_wconf 87' lang='lat' dir='ltr'><strong>desideriis</strong></span> <span class='ocrx_word' id='word_1_438' title='bbox 913 4467 1252 4532; x_wconf 77' lang='lat' dir='ltr'><strong>aﬂectantes,</strong></span> <span class='ocrx_word' id='word_1_439' title='bbox 1288 4484 1498 4523; x_wconf 86' lang='lat' dir='ltr'><strong>necnon</strong></span> <span class='ocrx_word' id='word_1_440' title='bbox 1533 4472 1624 4538; x_wconf 88' lang='lat' dir='ltr'><strong>pio</strong></span> <span class='ocrx_word' id='word_1_441' title='bbox 1657 4479 1713 4522; x_wconf 86' lang='lat' dir='ltr'><strong>et</strong></span> <span class='ocrx_word' id='word_1_442' title='bbox 1747 4468 1965 4522; x_wconf 78' lang='lat' dir='ltr'><strong>sincero</strong></span> <span class='ocrx_word' id='word_1_443' title='bbox 1998 4501 2043 4556; x_wconf 72' lang='grc' dir='ltr'>ο</span> 
     </span>
    </p>
   </div>
   <div class='ocr_carea' id='block_1_64' title="bbox 391 4560 1961 4631">
    <p class='ocr_par' dir='ltr' id='par_1_64' title="bbox 391 4560 1961 4631">
     <span class='ocr_line' id='line_1_64' title="bbox 391 4560 1961 4631; baseline -0.004 -11"><span class='ocrx_word' id='word_1_444' title='bbox 391 4577 496 4620; x_wconf 79' lang='lat' dir='ltr'><strong>tute</strong></span> <span class='ocrx_word' id='word_1_445' title='bbox 542 4565 849 4619; x_wconf 90' lang='lat' dir='ltr'><strong>devotionis</strong></span> <span class='ocrx_word' id='word_1_446' title='bbox 898 4560 1178 4631; x_wconf 89' lang='lat' dir='ltr'><strong>proposito</strong></span> <span class='ocrx_word' id='word_1_447' title='bbox 1217 4569 1373 4630; x_wconf 86' lang='lat' dir='ltr'><strong>grato</strong></span> <span class='ocrx_word' id='word_1_448' title='bbox 1429 4570 1816 4614; x_wconf 87' lang='lat' dir='ltr'><strong>concurrentes</strong></span> <span class='ocrx_word' id='word_1_449' title='bbox 1874 4576 1961 4613; x_wconf 84' lang='lat' dir='ltr'><strong>as-</strong></span> 
     </span>
    </p>
   </div>
   <div class='ocr_carea' id='block_1_65' title="bbox 389 4652 1961 4724">
    <p class='ocr_par' dir='ltr' id='par_1_65' title="bbox 389 4652 1961 4724">
     <span class='ocr_line' id='line_1_65' title="bbox 389 4652 1961 4724; baseline -0.007 -10"><span class='ocrx_word' id='word_1_450' title='bbox 389 4673 576 4721; x_wconf 81' lang='lat' dir='ltr'><strong>sensu,</strong></span> <span class='ocrx_word' id='word_1_451' title='bbox 613 4655 984 4724; x_wconf 83' lang='lat' dir='ltr'><strong>hujuscemodi</strong></span> <span class='ocrx_word' id='word_1_452' title='bbox 1026 4667 1244 4722; x_wconf 86' lang='lat' dir='ltr'><strong>quoque</strong></span> <span class='ocrx_word' id='word_1_453' title='bbox 1273 4652 1762 4722; x_wconf 79' lang='lat' dir='ltr'><strong>supplicationibus</strong></span> <span class='ocrx_word' id='word_1_454' title='bbox 1801 4652 1961 4706; x_wconf 83' lang='lat' dir='ltr'><strong>incli-</strong></span> 
     </span>
    </p>
   </div>
   <div class='ocr_carea' id='block_1_66' title="bbox 391 4745 1964 4816">
    <p class='ocr_par' dir='ltr' id='par_1_66' title="bbox 391 4745 1964 4816">
     <span class='ocr_line' id='line_1_66' title="bbox 391 4745 1964 4816; baseline -0.006 -8"><span class='ocrx_word' id='word_1_455' title='bbox 391 4755 528 4816; x_wconf 87' lang='lat' dir='ltr'><strong>nati,</strong></span> <span class='ocrx_word' id='word_1_456' title='bbox 562 4749 876 4806; x_wconf 84' lang='lat' dir='ltr'><strong>discretiuni</strong></span> <span class='ocrx_word' id='word_1_457' title='bbox 909 4758 1012 4801; x_wconf 74' lang='lat' dir='ltr'><strong>tua:</strong></span> <span class='ocrx_word' id='word_1_458' title='bbox 1043 4747 1376 4810; x_wconf 87' lang='lat' dir='ltr'><strong>doctrinam,</strong></span> <span class='ocrx_word' id='word_1_459' title='bbox 1406 4755 1459 4799; x_wconf 90' lang='lat' dir='ltr'><strong>et</strong></span> <span class='ocrx_word' id='word_1_460' title='bbox 1488 4745 1737 4799; x_wconf 85' lang='lat' dir='ltr'><strong>instituta</strong></span> <span class='ocrx_word' id='word_1_461' title='bbox 1773 4760 1964 4799; x_wconf 89' lang='lat' dir='ltr'><strong>mona-</strong></span> 
     </span>
    </p>
   </div>
   <div class='ocr_carea' id='block_1_67' title="bbox 388 4837 1966 4913">
    <p class='ocr_par' dir='ltr' id='par_1_67' title="bbox 388 4837 1966 4913">
     <span class='ocr_line' id='line_1_67' title="bbox 388 4837 1966 4913; baseline -0.006 -13"><span class='ocrx_word' id='word_1_462' title='bbox 388 4845 563 4900; x_wconf 87' lang='lat' dir='ltr'><strong>chalia</strong></span> <span class='ocrx_word' id='word_1_463' title='bbox 594 4843 836 4913; x_wconf 85' lang='lat' dir='ltr'><strong>ejusdem</strong></span> <span class='ocrx_word' id='word_1_464' title='bbox 865 4839 928 4896; x_wconf 76' lang='lat' dir='ltr'><strong>.S.</strong></span> <span class='ocrx_word' id='word_1_465' title='bbox 959 4839 1298 4909; x_wconf 84' lang='lat' dir='ltr'><strong>Hieronymi,</strong></span> <span class='ocrx_word' id='word_1_466' title='bbox 1326 4849 1485 4907; x_wconf 89' lang='lat' dir='ltr'><strong>prout</strong></span> <span class='ocrx_word' id='word_1_467' title='bbox 1518 4853 1614 4906; x_wconf 86' lang='lat' dir='ltr'><strong>per</strong></span> <span class='ocrx_word' id='word_1_468' title='bbox 1647 4847 1698 4892; x_wconf 88' lang='lat' dir='ltr'><strong>te</strong></span> <span class='ocrx_word' id='word_1_469' title='bbox 1732 4837 1966 4891; x_wconf 88' lang='lat' dir='ltr'><strong>Domino</strong></span> 
     </span>
    </p>
   </div>
   <div class='ocr_carea' id='block_1_68' title="bbox 387 4929 1970 5008">
    <p class='ocr_par' dir='ltr' id='par_1_68' title="bbox 387 4929 1970 5008">
     <span class='ocr_line' id='line_1_68' title="bbox 387 4929 1970 5008; baseline -0.005 -16"><span class='ocrx_word' id='word_1_470' title='bbox 387 4937 691 5008; x_wconf 87' lang='lat' dir='ltr'><strong>inspirante</strong></span> <span class='ocrx_word' id='word_1_471' title='bbox 736 4947 802 4986; x_wconf 81' lang='lat' dir='ltr'><strong>ex</strong></span> <span class='ocrx_word' id='word_1_472' title='bbox 851 4933 1056 4986; x_wconf 81' lang='lat' dir='ltr'><strong>eisdem</strong></span> <span class='ocrx_word' id='word_1_473' title='bbox 1105 4929 1375 5000; x_wconf 83' lang='lat' dir='ltr'><strong>epistolis,</strong></span> <span class='ocrx_word' id='word_1_474' title='bbox 1415 4937 1470 4982; x_wconf 90' lang='lat' dir='ltr'><strong>et</strong></span> <span class='ocrx_word' id='word_1_475' title='bbox 1515 4929 1862 4995; x_wconf 81' lang='lat' dir='ltr'><strong>tractatibus,</strong></span> <span class='ocrx_word' id='word_1_476' title='bbox 1911 4940 1970 4984; x_wconf 93' lang='lat' dir='ltr'><strong>ut</strong></span> 
     </span>
    </p>
   </div>
   <div class='ocr_carea' id='block_1_69' title="bbox 347 5023 1966 5100">
    <p class='ocr_par' dir='ltr' id='par_1_69' title="bbox 347 5023 1966 5100">
     <span class='ocr_line' id='line_1_69' title="bbox 347 5023 1966 5100; baseline -0.007 -15"><span class='ocrx_word' id='word_1_477' title='bbox 347 5075 352 5100; x_wconf 54' lang='grc' dir='ltr'><em>τ</em></span> <span class='ocrx_word' id='word_1_478' title='bbox 388 5028 758 5100; x_wconf 68' lang='lat' dir='ltr'><strong>pratuittitur,</strong></span> <span class='ocrx_word' id='word_1_479' title='bbox 793 5040 903 5080; x_wconf 88' lang='lat' dir='ltr'><strong>non</strong></span> <span class='ocrx_word' id='word_1_480' title='bbox 937 5023 1162 5078; x_wconf 84' lang='lat' dir='ltr'><strong>mutatis</strong></span> <span class='ocrx_word' id='word_1_481' title='bbox 1195 5024 1479 5077; x_wconf 85' lang='lat' dir='ltr'><strong>sententiis</strong></span> <span class='ocrx_word' id='word_1_482' title='bbox 1516 5030 1783 5086; x_wconf 81' lang='lat' dir='ltr'><strong>extracta,</strong></span> <span class='ocrx_word' id='word_1_483' title='bbox 1814 5037 1966 5074; x_wconf 77' lang='lat' dir='ltr'><strong>coni-</strong></span> 
     </span>
    </p>
   </div>
   <div class='ocr_carea' id='block_1_70' title="bbox 343 5095 1967 5192">
    <p class='ocr_par' dir='ltr' id='par_1_70' title="bbox 343 5095 1967 5192">
     <span class='ocr_line' id='line_1_70' title="bbox 343 5095 1967 5192; baseline -0.005 -16"><span class='ocrx_word' id='word_1_484' title='bbox 343 5095 352 5110; x_wconf 28' lang='grc' dir='ltr'>δ</span> <span class='ocrx_word' id='word_1_485' title='bbox 385 5095 557 5192; x_wconf 58' lang='lat' dir='ltr'><strong>pilata</strong></span> <span class='ocrx_word' id='word_1_486' title='bbox 587 5128 643 5174; x_wconf 87' lang='lat' dir='ltr'><strong>et</strong></span> <span class='ocrx_word' id='word_1_487' title='bbox 675 5117 900 5172; x_wconf 83' lang='lat' dir='ltr'><strong>reducta</strong></span> <span class='ocrx_word' id='word_1_488' title='bbox 932 5124 1080 5180; x_wconf 87' lang='lat' dir='ltr'><strong>sunt,</strong></span> <span class='ocrx_word' id='word_1_489' title='bbox 1110 5115 1228 5170; x_wconf 90' lang='lat' dir='ltr'><strong>loco</strong></span> <span class='ocrx_word' id='word_1_490' title='bbox 1262 5113 1461 5182; x_wconf 72' lang='lat' dir='ltr'><strong>regulae</strong></span> <span class='ocrx_word' id='word_1_491' title='bbox 1493 5111 1553 5167; x_wconf 90' lang='lat' dir='ltr'><strong>S.</strong></span> <span class='ocrx_word' id='word_1_492' title='bbox 1587 5113 1879 5183; x_wconf 74' lang='lat' dir='ltr'><strong>Augustini</strong></span> <span class='ocrx_word' id='word_1_493' title='bbox 1911 5124 1967 5168; x_wconf 88' lang='lat' dir='ltr'><strong>et</strong></span> 
     </span>
    </p>
   </div>
   <div class='ocr_carea' id='block_1_71' title="bbox 388 5203 1964 5279">
    <p class='ocr_par' dir='ltr' id='par_1_71' title="bbox 388 5203 1964 5279">
     <span class='ocr_line' id='line_1_71' title="bbox 388 5203 1964 5279; baseline -0.005 -11"><span class='ocrx_word' id='word_1_494' title='bbox 388 5221 722 5269; x_wconf 82' lang='lat' dir='ltr'><strong>statutorutn</strong></span> <span class='ocrx_word' id='word_1_495' title='bbox 764 5211 818 5265; x_wconf 89' lang='lat' dir='ltr'><strong>in</strong></span> <span class='ocrx_word' id='word_1_496' title='bbox 856 5203 1085 5279; x_wconf 84' lang='lat' dir='ltr'><strong>epistola</strong></span> <span class='ocrx_word' id='word_1_497' title='bbox 1119 5215 1528 5271; x_wconf 87' lang='lat' dir='ltr'><strong>contentorum,</strong></span> <span class='ocrx_word' id='word_1_498' title='bbox 1561 5205 1870 5275; x_wconf 88' lang='lat' dir='ltr'><strong>hujusmodi</strong></span> <span class='ocrx_word' id='word_1_499' title='bbox 1909 5205 1964 5260; x_wconf 87' lang='lat' dir='ltr'><strong>in</strong></span> 
     </span>
    </p>
   </div>
   <div class='ocr_carea' id='block_1_72' title="bbox 389 5284 1964 5374">
    <p class='ocr_par' dir='ltr' id='par_1_72' title="bbox 389 5284 1964 5374">
     <span class='ocr_line' id='line_1_72' title="bbox 389 5284 1964 5374; baseline -0.006 -13"><span class='ocrx_word' id='word_1_500' title='bbox 389 5304 632 5374; x_wconf 84' lang='lat' dir='ltr'><strong>regulam</strong></span> <span class='ocrx_word' id='word_1_501' title='bbox 669 5302 1045 5359; x_wconf 88' lang='lat' dir='ltr'><strong>monachalem</strong></span> <span class='ocrx_word' id='word_1_502' title='bbox 1081 5301 1294 5356; x_wconf 85' lang='lat' dir='ltr'><strong>ordinis</strong></span> <span class='ocrx_word' id='word_1_503' title='bbox 1330 5298 1716 5354; x_wconf 89' lang='lat' dir='ltr'><strong>monachorum</strong></span> <span class='ocrx_word' id='word_1_504' title='bbox 1751 5284 1964 5353; x_wconf 76' lang='lat' dir='ltr'><strong>Eremi-</strong></span> 
     </span>
    </p>
   </div>
   <div class='ocr_carea' id='block_1_73' title="bbox 387 5392 1964 5464">
    <p class='ocr_par' dir='ltr' id='par_1_73' title="bbox 387 5392 1964 5464">
     <span class='ocr_line' id='line_1_73' title="bbox 387 5392 1964 5464; baseline -0.004 -11"><span class='ocrx_word' id='word_1_505' title='bbox 387 5405 565 5453; x_wconf 81' lang='lat' dir='ltr'><strong>tarum</strong></span> <span class='ocrx_word' id='word_1_506' title='bbox 610 5397 739 5452; x_wconf 87' lang='lat' dir='ltr'><strong>dicti</strong></span> <span class='ocrx_word' id='word_1_507' title='bbox 782 5395 840 5451; x_wconf 79' lang='grc'><strong>5.</strong></span> <span class='ocrx_word' id='word_1_508' title='bbox 875 5392 1216 5464; x_wconf 78' lang='lat' dir='ltr'><strong>Hieronymi,</strong></span> <span class='ocrx_word' id='word_1_509' title='bbox 1246 5392 1400 5462; x_wconf 83' lang='lat' dir='ltr'><strong>cujus</strong></span> <span class='ocrx_word' id='word_1_510' title='bbox 1436 5403 1493 5446; x_wconf 82' lang='lat' dir='ltr'><strong>tu</strong></span> <span class='ocrx_word' id='word_1_511' title='bbox 1531 5393 1644 5460; x_wconf 88' lang='lat' dir='ltr'><strong>ipse</strong></span> <span class='ocrx_word' id='word_1_512' title='bbox 1686 5392 1964 5460; x_wconf 83' lang='lat' dir='ltr'><strong>professus</strong></span> 
     </span>
    </p>
   </div>
   <div class='ocr_carea' id='block_1_74' title="bbox 389 5483 1964 5559">
    <p class='ocr_par' dir='ltr' id='par_1_74' title="bbox 389 5483 1964 5559">
     <span class='ocr_line' id='line_1_74' title="bbox 389 5483 1964 5559; baseline -0.004 -15"><span class='ocrx_word' id='word_1_513' title='bbox 389 5489 631 5554; x_wconf 82' lang='lat' dir='ltr'><strong>exsistis,</strong></span> <span class='ocrx_word' id='word_1_514' title='bbox 669 5489 944 5559; x_wconf 78' lang='lat' dir='ltr'><strong>jillamque</strong></span> <span class='ocrx_word' id='word_1_515' title='bbox 1002 5487 1166 5539; x_wconf 89' lang='lat' dir='ltr'><strong>vitam</strong></span> <span class='ocrx_word' id='word_1_516' title='bbox 1224 5486 1277 5538; x_wconf 90' lang='lat' dir='ltr'><strong>in</strong></span> <span class='ocrx_word' id='word_1_517' title='bbox 1341 5483 1586 5538; x_wconf 89' lang='lat' dir='ltr'><strong>ordinem</strong></span> <span class='ocrx_word' id='word_1_518' title='bbox 1651 5484 1964 5552; x_wconf 75' lang='lat' dir='ltr'><strong>huiusmodi</strong></span> 
     </span>
    </p>
   </div>
   <div class='ocr_carea' id='block_1_75' title="bbox 391 5575 1964 5648">
    <p class='ocr_par' dir='ltr' id='par_1_75' title="bbox 391 5575 1964 5648">
     <span class='ocr_line' id='line_1_75' title="bbox 391 5575 1964 5648; baseline -0.003 -13"><span class='ocrx_word' id='word_1_519' title='bbox 391 5580 754 5646; x_wconf 80' lang='lat' dir='ltr'><strong>suscipiendi,</strong></span> <span class='ocrx_word' id='word_1_520' title='bbox 808 5595 872 5634; x_wconf 91' lang='lat' dir='ltr'><strong>ac</strong></span> <span class='ocrx_word' id='word_1_521' title='bbox 925 5579 1100 5648; x_wconf 87' lang='lat' dir='ltr'><strong>ipsam</strong></span> <span class='ocrx_word' id='word_1_522' title='bbox 1153 5575 1397 5646; x_wconf 88' lang='lat' dir='ltr'><strong>regulam</strong></span> <span class='ocrx_word' id='word_1_523' title='bbox 1459 5577 1697 5643; x_wconf 86' lang='lat' dir='ltr'><strong>ejusdem</strong></span> <span class='ocrx_word' id='word_1_524' title='bbox 1753 5575 1964 5644; x_wconf 85' lang='lat' dir='ltr'><strong>Sancti,</strong></span> 
     </span>
    </p>
   </div>
   <div class='ocr_carea' id='block_1_76' title="bbox 396 5669 1964 5738">
    <p class='ocr_par' dir='ltr' id='par_1_76' title="bbox 396 5669 1964 5738">
     <span class='ocr_line' id='line_1_76' title="bbox 396 5669 1964 5738; baseline 0.001 -17"><span class='ocrx_word' id='word_1_525' title='bbox 396 5669 688 5736; x_wconf 83' lang='lat' dir='ltr'><strong>prioribus,</strong></span> <span class='ocrx_word' id='word_1_526' title='bbox 737 5671 1037 5735; x_wconf 77' lang='lat' dir='ltr'><strong>monachis,</strong></span> <span class='ocrx_word' id='word_1_527' title='bbox 1095 5669 1372 5732; x_wconf 85' lang='lat' dir='ltr'><strong>fratribus,</strong></span> <span class='ocrx_word' id='word_1_528' title='bbox 1421 5677 1473 5722; x_wconf 88' lang='lat' dir='ltr'><strong>et</strong></span> <span class='ocrx_word' id='word_1_529' title='bbox 1524 5670 1772 5736; x_wconf 84' lang='lat' dir='ltr'><strong>personis</strong></span> <span class='ocrx_word' id='word_1_530' title='bbox 1825 5685 1964 5738; x_wconf 67' lang='lat' dir='ltr'><strong>prte-</strong></span> 
     </span>
    </p>
   </div>
   <div class='ocr_carea' id='block_1_77' title="bbox 395 5760 1398 5831">
    <p class='ocr_par' dir='ltr' id='par_1_77' title="bbox 395 5760 1398 5831">
     <span class='ocr_line' id='line_1_77' title="bbox 395 5760 1398 5831; baseline 0.002 -17"><span class='ocrx_word' id='word_1_531' title='bbox 395 5760 558 5816; x_wconf 87' lang='lat' dir='ltr'><strong>dictis</strong></span> <span class='ocrx_word' id='word_1_532' title='bbox 591 5764 692 5816; x_wconf 88' lang='lat' dir='ltr'><strong>sub</strong></span> <span class='ocrx_word' id='word_1_533' title='bbox 722 5777 781 5815; x_wconf 82' lang='lat' dir='ltr'><strong>ea</strong></span> <span class='ocrx_word' id='word_1_534' title='bbox 815 5766 995 5818; x_wconf 87' lang='lat' dir='ltr'><strong>vivere</strong></span> <span class='ocrx_word' id='word_1_535' title='bbox 1030 5762 1398 5831; x_wconf 87' lang='lat' dir='ltr'><strong>cupientibus.</strong></span> 
     </span>
    </p>
   </div>
   <div class='ocr_carea' id='block_1_78' title="bbox 2141 1910 3654 1982">
    <p class='ocr_par' dir='ltr' id='par_1_78' title="bbox 2141 1910 3654 1982">
     <span class='ocr_line' id='line_1_78' title="bbox 2141 1910 3654 1982; baseline 0.003 -20"><span class='ocrx_word' id='word_1_536' title='bbox 2141 1910 2191 1963; x_wconf 88' lang='lat'><strong>7.</strong></span> <span class='ocrx_word' id='word_1_537' title='bbox 2233 1910 2448 1980; x_wconf 84' lang='lat' dir='ltr'><strong>Vosque</strong></span> <span class='ocrx_word' id='word_1_538' title='bbox 2495 1921 2550 1966; x_wconf 90' lang='lat' dir='ltr'><strong>et</strong></span> <span class='ocrx_word' id='word_1_539' title='bbox 2597 1925 2777 1966; x_wconf 86' lang='lat' dir='ltr'><strong>mores</strong></span> <span class='ocrx_word' id='word_1_540' title='bbox 2821 1921 3032 1966; x_wconf 90' lang='lat' dir='ltr'><strong>vestros</strong></span> <span class='ocrx_word' id='word_1_541' title='bbox 3071 1919 3179 1965; x_wconf 87' lang='lat' dir='ltr'><strong>tam</strong></span> <span class='ocrx_word' id='word_1_542' title='bbox 3216 1913 3393 1966; x_wconf 87' lang='lat' dir='ltr'><strong>eidem</strong></span> <span class='ocrx_word' id='word_1_543' title='bbox 3431 1914 3654 1982; x_wconf 60' lang='lat' dir='ltr'><strong>regula},</strong></span> 
     </span>
    </p>
   </div>
   <div class='ocr_carea' id='block_1_79' title="bbox 2066 2000 3656 2070">
    <p class='ocr_par' dir='ltr' id='par_1_79' title="bbox 2066 2000 3656 2070">
     <span class='ocr_line' id='line_1_79' title="bbox 2066 2000 3656 2070; baseline 0.002 -18"><span class='ocrx_word' id='word_1_544' title='bbox 2066 2015 2229 2070; x_wconf 86' lang='lat' dir='ltr'><strong>quam</strong></span> <span class='ocrx_word' id='word_1_545' title='bbox 2276 2002 2440 2055; x_wconf 86' lang='lat' dir='ltr'><strong>etiam</strong></span> <span class='ocrx_word' id='word_1_546' title='bbox 2493 2001 2639 2054; x_wconf 89' lang='lat' dir='ltr'><strong>illius</strong></span> <span class='ocrx_word' id='word_1_547' title='bbox 2684 2000 2968 2066; x_wconf 65' lang='lat' dir='ltr'><strong>doctrinae,</strong></span> <span class='ocrx_word' id='word_1_548' title='bbox 3005 2010 3065 2058; x_wconf 82' lang='lat' dir='ltr'><strong>et</strong></span> <span class='ocrx_word' id='word_1_549' title='bbox 3111 2001 3378 2057; x_wconf 88' lang='lat' dir='ltr'><strong>institutis</strong></span> <span class='ocrx_word' id='word_1_550' title='bbox 3417 2001 3473 2054; x_wconf 90' lang='lat' dir='ltr'><strong>in</strong></span> <span class='ocrx_word' id='word_1_551' title='bbox 3512 2017 3656 2070; x_wconf 86' lang='lat' dir='ltr'><strong>qna-</strong></span> 
     </span>
    </p>
   </div>
   <div class='ocr_carea' id='block_1_80' title="bbox 2067 2093 3658 2163">
    <p class='ocr_par' dir='ltr' id='par_1_80' title="bbox 2067 2093 3658 2163">
     <span class='ocr_line' id='line_1_80' title="bbox 2067 2093 3658 2163; baseline -0.001 -16"><span class='ocrx_word' id='word_1_552' title='bbox 2067 2095 2192 2147; x_wconf 90' lang='lat' dir='ltr'><strong>dam</strong></span> <span class='ocrx_word' id='word_1_553' title='bbox 2241 2093 2472 2162; x_wconf 90' lang='lat' dir='ltr'><strong>epistola</strong></span> <span class='ocrx_word' id='word_1_554' title='bbox 2520 2108 2619 2162; x_wconf 89' lang='lat' dir='ltr'><strong>per</strong></span> <span class='ocrx_word' id='word_1_555' title='bbox 2666 2101 2916 2146; x_wconf 88' lang='lat' dir='ltr'><strong>sanctum</strong></span> <span class='ocrx_word' id='word_1_556' title='bbox 2968 2093 3262 2148; x_wconf 83' lang='lat' dir='ltr'><strong>Eusebium</strong></span> <span class='ocrx_word' id='word_1_557' title='bbox 3315 2094 3658 2163; x_wconf 87' lang='lat' dir='ltr'><strong>discipulum</strong></span> 
     </span>
    </p>
   </div>
   <div class='ocr_carea' id='block_1_81' title="bbox 2067 2175 3658 2255">
    <p class='ocr_par' dir='ltr' id='par_1_81' title="bbox 2067 2175 3658 2255">
     <span class='ocr_line' id='line_1_81' title="bbox 2067 2175 3658 2255; baseline -0.001 -16"><span class='ocrx_word' id='word_1_558' title='bbox 2067 2185 2312 2255; x_wconf 88' lang='lat' dir='ltr'><strong>ejusdem</strong></span> <span class='ocrx_word' id='word_1_559' title='bbox 2344 2185 2518 2238; x_wconf 82' lang='lat' dir='ltr'><strong>sancti</strong></span> <span class='ocrx_word' id='word_1_560' title='bbox 2554 2175 2880 2254; x_wconf 83' lang='lat' dir='ltr'><strong>Hieronymi</strong></span> <span class='ocrx_word' id='word_1_561' title='bbox 2921 2183 2985 2238; x_wconf 90' lang='lat' dir='ltr'><strong>ad</strong></span> <span class='ocrx_word' id='word_1_562' title='bbox 3021 2185 3310 2239; x_wconf 86' lang='lat' dir='ltr'><strong>Damasum</strong></span> <span class='ocrx_word' id='word_1_563' title='bbox 3341 2186 3658 2254; x_wconf 87' lang='lat' dir='ltr'><strong>episcopum</strong></span> 
     </span>
    </p>
   </div>
   <div class='ocr_carea' id='block_1_82' title="bbox 2068 2273 3654 2339">
    <p class='ocr_par' dir='ltr' id='par_1_82' title="bbox 2068 2273 3654 2339">
     <span class='ocr_line' id='line_1_82' title="bbox 2068 2273 3654 2339; baseline -0.001 -11"><span class='ocrx_word' id='word_1_564' title='bbox 2068 2275 2418 2332; x_wconf 85' lang='lat' dir='ltr'><strong>Portuensem</strong></span> <span class='ocrx_word' id='word_1_565' title='bbox 2458 2286 2515 2329; x_wconf 89' lang='lat' dir='ltr'><strong>et</strong></span> <span class='ocrx_word' id='word_1_566' title='bbox 2553 2273 2910 2329; x_wconf 84' lang='lat' dir='ltr'><strong>Theodorum</strong></span> <span class='ocrx_word' id='word_1_567' title='bbox 2969 2275 3270 2330; x_wconf 83' lang='lat' dir='ltr'><strong>Romanum</strong></span> <span class='ocrx_word' id='word_1_568' title='bbox 3317 2288 3654 2339; x_wconf 80' lang='lat' dir='ltr'><strong>senatorem,</strong></span> 
     </span>
    </p>
   </div>
   <div class='ocr_carea' id='block_1_83' title="bbox 2067 2369 3650 2439">
    <p class='ocr_par' dir='ltr' id='par_1_83' title="bbox 2067 2369 3650 2439">
     <span class='ocr_line' id='line_1_83' title="bbox 2067 2369 3650 2439; baseline -0.004 -14"><span class='ocrx_word' id='word_1_569' title='bbox 2067 2371 2135 2426; x_wconf 92' lang='lat' dir='ltr'><strong>de</strong></span> <span class='ocrx_word' id='word_1_570' title='bbox 2160 2371 2268 2424; x_wconf 85' lang='lat' dir='ltr'><strong>vita</strong></span> <span class='ocrx_word' id='word_1_571' title='bbox 2293 2378 2348 2424; x_wconf 90' lang='lat' dir='ltr'><strong>et</strong></span> <span class='ocrx_word' id='word_1_572' title='bbox 2375 2369 2625 2423; x_wconf 80' lang='lat' dir='ltr'><strong>dortrina</strong></span> <span class='ocrx_word' id='word_1_573' title='bbox 2660 2369 2959 2439; x_wconf 82' lang='lat' dir='ltr'><strong>religionis,</strong></span> <span class='ocrx_word' id='word_1_574' title='bbox 2987 2384 3048 2422; x_wconf 85' lang='lat' dir='ltr'><strong>ac</strong></span> <span class='ocrx_word' id='word_1_575' title='bbox 3080 2369 3252 2432; x_wconf 87' lang='lat' dir='ltr'><strong>ohitu,</strong></span> <span class='ocrx_word' id='word_1_576' title='bbox 3281 2379 3336 2422; x_wconf 77' lang='lat' dir='ltr'><strong>et</strong></span> <span class='ocrx_word' id='word_1_577' title='bbox 3369 2369 3650 2422; x_wconf 77' lang='lat' dir='ltr'><strong>miraculis</strong></span> 
     </span>
    </p>
   </div>
   <div class='ocr_carea' id='block_1_84' title="bbox 2068 2459 3652 2532">
    <p class='ocr_par' dir='ltr' id='par_1_84' title="bbox 2068 2459 3652 2532">
     <span class='ocr_line' id='line_1_84' title="bbox 2068 2459 3652 2532; baseline -0.003 -16"><span class='ocrx_word' id='word_1_578' title='bbox 2068 2462 2242 2532; x_wconf 85' lang='lat' dir='ltr'><strong>ipsius</strong></span> <span class='ocrx_word' id='word_1_579' title='bbox 2281 2461 2458 2516; x_wconf 89' lang='lat' dir='ltr'><strong>sancti</strong></span> <span class='ocrx_word' id='word_1_580' title='bbox 2505 2459 2820 2529; x_wconf 80' lang='lat' dir='ltr'><strong>Hieronymi</strong></span> <span class='ocrx_word' id='word_1_581' title='bbox 2869 2459 3142 2514; x_wconf 87' lang='lat' dir='ltr'><strong>destinata</strong></span> <span class='ocrx_word' id='word_1_582' title='bbox 3187 2461 3480 2525; x_wconf 87' lang='lat' dir='ltr'><strong>contentis,</strong></span> <span class='ocrx_word' id='word_1_583' title='bbox 3521 2475 3652 2512; x_wconf 84' lang='lat' dir='ltr'><strong>nec-</strong></span> 
     </span>
    </p>
   </div>
   <div class='ocr_carea' id='block_1_85' title="bbox 2070 2548 3658 2621">
    <p class='ocr_par' dir='ltr' id='par_1_85' title="bbox 2070 2548 3658 2621">
     <span class='ocr_line' id='line_1_85' title="bbox 2070 2548 3658 2621; baseline -0.003 -15"><span class='ocrx_word' id='word_1_584' title='bbox 2070 2567 2175 2607; x_wconf 91' lang='lat' dir='ltr'><strong>non</strong></span> <span class='ocrx_word' id='word_1_585' title='bbox 2208 2566 2304 2620; x_wconf 80' lang='lat' dir='ltr'><strong>per</strong></span> <span class='ocrx_word' id='word_1_586' title='bbox 2329 2549 2584 2606; x_wconf 90' lang='lat' dir='ltr'><strong>eumdem</strong></span> <span class='ocrx_word' id='word_1_587' title='bbox 2617 2548 2679 2603; x_wconf 82' lang='lat' dir='ltr'><strong>S.</strong></span> <span class='ocrx_word' id='word_1_588' title='bbox 2707 2550 3094 2621; x_wconf 82' lang='lat' dir='ltr'><strong>Hieronymum</strong></span> <span class='ocrx_word' id='word_1_589' title='bbox 3127 2551 3256 2604; x_wconf 92' lang='lat' dir='ltr'><strong>dum</strong></span> <span class='ocrx_word' id='word_1_590' title='bbox 3292 2549 3344 2602; x_wconf 91' lang='lat' dir='ltr'><strong>in</strong></span> <span class='ocrx_word' id='word_1_591' title='bbox 3389 2554 3658 2603; x_wconf 81' lang='lat' dir='ltr'><strong>extremis</strong></span> 
     </span>
    </p>
   </div>
   <div class='ocr_carea' id='block_1_86' title="bbox 2067 2642 3658 2716">
    <p class='ocr_par' dir='ltr' id='par_1_86' title="bbox 2067 2642 3658 2716">
     <span class='ocr_line' id='line_1_86' title="bbox 2067 2642 3658 2716; baseline -0.003 -17"><span class='ocrx_word' id='word_1_592' title='bbox 2067 2656 2251 2716; x_wconf 89' lang='lat' dir='ltr'><strong>ageret</strong></span> <span class='ocrx_word' id='word_1_593' title='bbox 2291 2645 2406 2698; x_wconf 81' lang='lat' dir='ltr'><strong>suis</strong></span> <span class='ocrx_word' id='word_1_594' title='bbox 2454 2643 2735 2698; x_wconf 87' lang='lat' dir='ltr'><strong>monachis</strong></span> <span class='ocrx_word' id='word_1_595' title='bbox 2779 2658 2881 2712; x_wconf 88' lang='lat' dir='ltr'><strong>pro</strong></span> <span class='ocrx_word' id='word_1_596' title='bbox 2911 2644 3258 2698; x_wconf 84' lang='lat' dir='ltr'><strong>observantia</strong></span> <span class='ocrx_word' id='word_1_597' title='bbox 3304 2642 3555 2712; x_wconf 87' lang='lat' dir='ltr'><strong>regulari,</strong></span> <span class='ocrx_word' id='word_1_598' title='bbox 3599 2654 3658 2694; x_wconf 85' lang='lat' dir='ltr'><strong>et</strong></span> 
     </span>
    </p>
   </div>
   <div class='ocr_carea' id='block_1_87' title="bbox 2066 2734 3655 2806">
    <p class='ocr_par' dir='ltr' id='par_1_87' title="bbox 2066 2734 3655 2806">
     <span class='ocr_line' id='line_1_87' title="bbox 2066 2734 3655 2806; baseline 0 -17"><span class='ocrx_word' id='word_1_599' title='bbox 2066 2737 2192 2790; x_wconf 68' lang='lat' dir='ltr'><strong>vitae</strong></span> <span class='ocrx_word' id='word_1_600' title='bbox 2243 2734 2581 2805; x_wconf 85' lang='lat' dir='ltr'><strong>integritate,</strong></span> <span class='ocrx_word' id='word_1_601' title='bbox 2629 2735 3104 2806; x_wconf 82' lang='lat' dir='ltr'><strong>sanctimoniaqoe</strong></span> <span class='ocrx_word' id='word_1_602' title='bbox 3154 2736 3378 2801; x_wconf 83' lang='lat' dir='ltr'><strong>relictis,</strong></span> <span class='ocrx_word' id='word_1_603' title='bbox 3429 2735 3655 2791; x_wconf 80' lang='lat' dir='ltr'><strong>confor-</strong></span> 
     </span>
    </p>
   </div>
   <div class='ocr_carea' id='block_1_88' title="bbox 2069 2826 2522 2881">
    <p class='ocr_par' dir='ltr' id='par_1_88' title="bbox 2069 2826 2522 2881">
     <span class='ocr_line' id='line_1_88' title="bbox 2069 2826 2522 2881; baseline 0 -1"><span class='ocrx_word' id='word_1_604' title='bbox 2069 2842 2221 2881; x_wconf 89' lang='lat' dir='ltr'><strong>mare</strong></span> <span class='ocrx_word' id='word_1_605' title='bbox 2257 2826 2522 2880; x_wconf 85' lang='lat' dir='ltr'><strong>debeatis.</strong></span> 
     </span>
    </p>
   </div>
   <div class='ocr_carea' id='block_1_89' title="bbox 2139 2915 3657 2994">
    <p class='ocr_par' dir='ltr' id='par_1_89' title="bbox 2139 2915 3657 2994">
     <span class='ocr_line' id='line_1_89' title="bbox 2139 2915 3657 2994; baseline 0.003 -22"><span class='ocrx_word' id='word_1_606' title='bbox 2139 2917 2194 2972; x_wconf 90' lang='lat'><strong>8.</strong></span> <span class='ocrx_word' id='word_1_607' title='bbox 2237 2915 2304 2970; x_wconf 87' lang='lat' dir='ltr'><strong>Et</strong></span> <span class='ocrx_word' id='word_1_608' title='bbox 2344 2915 2706 2972; x_wconf 87' lang='lat' dir='ltr'><strong>nihilominus</strong></span> <span class='ocrx_word' id='word_1_609' title='bbox 2757 2933 2826 2973; x_wconf 90' lang='lat' dir='ltr'><strong>ne</strong></span> <span class='ocrx_word' id='word_1_610' title='bbox 2873 2917 3184 2974; x_wconf 89' lang='lat' dir='ltr'><strong>huiusmodi</strong></span> <span class='ocrx_word' id='word_1_611' title='bbox 3233 2922 3420 2991; x_wconf 85' lang='lat' dir='ltr'><strong>regula</strong></span> <span class='ocrx_word' id='word_1_612' title='bbox 3463 2939 3560 2994; x_wconf 86' lang='lat' dir='ltr'><strong>per</strong></span> <span class='ocrx_word' id='word_1_613' title='bbox 3604 2937 3657 2978; x_wconf 85' lang='lat' dir='ltr'><strong>le</strong></span> 
     </span>
    </p>
   </div>
   <div class='ocr_carea' id='block_1_90' title="bbox 2071 3008 3654 3086">
    <p class='ocr_par' dir='ltr' id='par_1_90' title="bbox 2071 3008 3654 3086">
     <span class='ocr_line' id='line_1_90' title="bbox 2071 3008 3654 3086; baseline 0.006 -26"><span class='ocrx_word' id='word_1_614' title='bbox 2071 3008 2442 3076; x_wconf 88' lang='lat' dir='ltr'><strong>suscipienda,</strong></span> <span class='ocrx_word' id='word_1_615' title='bbox 2484 3017 2538 3062; x_wconf 88' lang='lat' dir='ltr'><strong>et</strong></span> <span class='ocrx_word' id='word_1_616' title='bbox 2585 3008 2710 3063; x_wconf 87' lang='lat' dir='ltr'><strong>aliis</strong></span> <span class='ocrx_word' id='word_1_617' title='bbox 2755 3009 3038 3065; x_wconf 82' lang='lat' dir='ltr'><strong>monachis</strong></span> <span class='ocrx_word' id='word_1_618' title='bbox 3087 3013 3347 3067; x_wconf 82' lang='lat' dir='ltr'><strong>tradenda</strong></span> <span class='ocrx_word' id='word_1_619' title='bbox 3395 3016 3654 3086; x_wconf 82' lang='lat' dir='ltr'><strong>cuiquam</strong></span> 
     </span>
    </p>
   </div>
   <div class='ocr_carea' id='block_1_91' title="bbox 2072 3099 3663 3172">
    <p class='ocr_par' dir='ltr' id='par_1_91' title="bbox 2072 3099 3663 3172">
     <span class='ocr_line' id='line_1_91' title="bbox 2072 3099 3663 3172; baseline 0.004 -18"><span class='ocrx_word' id='word_1_620' title='bbox 2072 3101 2302 3154; x_wconf 89' lang='lat' dir='ltr'><strong>nimium</strong></span> <span class='ocrx_word' id='word_1_621' title='bbox 2336 3099 2518 3168; x_wconf 86' lang='lat' dir='ltr'><strong>gravis</strong></span> <span class='ocrx_word' id='word_1_622' title='bbox 2561 3112 2827 3170; x_wconf 83' lang='lat' dir='ltr'><strong>appareat</strong></span> <span class='ocrx_word' id='word_1_623' title='bbox 2883 3112 2977 3155; x_wconf 88' lang='lat' dir='ltr'><strong>aut</strong></span> <span class='ocrx_word' id='word_1_624' title='bbox 3014 3117 3266 3170; x_wconf 90' lang='lat' dir='ltr'><strong>onerosa,</strong></span> <span class='ocrx_word' id='word_1_625' title='bbox 3300 3106 3570 3172; x_wconf 89' lang='lat' dir='ltr'><strong>volumus,</strong></span> <span class='ocrx_word' id='word_1_626' title='bbox 3604 3122 3663 3161; x_wconf 83' lang='lat' dir='ltr'><strong>ct</strong></span> 
     </span>
    </p>
   </div>
   <div class='ocr_carea' id='block_1_92' title="bbox 2069 3193 3656 3268">
    <p class='ocr_par' dir='ltr' id='par_1_92' title="bbox 2069 3193 3656 3268">
     <span class='ocr_line' id='line_1_92' title="bbox 2069 3193 3656 3268; baseline 0.005 -22"><span class='ocrx_word' id='word_1_627' title='bbox 2069 3194 2255 3246; x_wconf 84' lang='lat' dir='ltr'><strong>eadem</strong></span> <span class='ocrx_word' id='word_1_628' title='bbox 2311 3193 2416 3247; x_wconf 91' lang='lat' dir='ltr'><strong>tibi</strong></span> <span class='ocrx_word' id='word_1_629' title='bbox 2471 3193 2797 3248; x_wconf 87' lang='lat' dir='ltr'><strong>auctoritate</strong></span> <span class='ocrx_word' id='word_1_630' title='bbox 2833 3197 3202 3264; x_wconf 89' lang='lat' dir='ltr'><strong>concedimus,</strong></span> <span class='ocrx_word' id='word_1_631' title='bbox 3241 3199 3382 3268; x_wconf 89' lang='lat' dir='ltr'><strong>quod</strong></span> <span class='ocrx_word' id='word_1_632' title='bbox 3421 3202 3656 3268; x_wconf 83' lang='lat' dir='ltr'><strong>priores,</strong></span> 
     </span>
    </p>
   </div>
   <div class='ocr_carea' id='block_1_93' title="bbox 2070 3281 3722 3359">
    <p class='ocr_par' dir='ltr' id='par_1_93' title="bbox 2070 3281 3722 3359">
     <span class='ocr_line' id='line_1_93' title="bbox 2070 3281 3722 3359; baseline 0.004 -21"><span class='ocrx_word' id='word_1_633' title='bbox 2070 3283 2339 3346; x_wconf 86' lang='lat' dir='ltr'><strong>monachi,</strong></span> <span class='ocrx_word' id='word_1_634' title='bbox 2373 3281 2593 3348; x_wconf 86' lang='lat' dir='ltr'><strong>fratres,</strong></span> <span class='ocrx_word' id='word_1_635' title='bbox 2626 3293 2680 3338; x_wconf 88' lang='lat' dir='ltr'><strong>et</strong></span> <span class='ocrx_word' id='word_1_636' title='bbox 2709 3301 2955 3354; x_wconf 64' lang='lat' dir='ltr'><strong>personae</strong></span> <span class='ocrx_word' id='word_1_637' title='bbox 2996 3288 3290 3356; x_wconf 68' lang='lat' dir='ltr'><strong>praedictae,</strong></span> <span class='ocrx_word' id='word_1_638' title='bbox 3323 3303 3416 3344; x_wconf 88' lang='lat' dir='ltr'><strong>aut</strong></span> <span class='ocrx_word' id='word_1_639' title='bbox 3460 3291 3534 3344; x_wconf 89' lang='lat' dir='ltr'><strong>illi</strong></span> <span class='ocrx_word' id='word_1_640' title='bbox 3573 3309 3647 3345; x_wconf 90' lang='lat' dir='ltr'><strong>ex</strong></span> <span class='ocrx_word' id='word_1_641' title='bbox 3711 3353 3722 3359; x_wconf 28' lang='grc' dir='ltr'><em>η</em></span> 
     </span>
    </p>
   </div>
   <div class='ocr_carea' id='block_1_94' title="bbox 2068 3375 3649 3448">
    <p class='ocr_par' dir='ltr' id='par_1_94' title="bbox 2068 3375 3649 3448">
     <span class='ocr_line' id='line_1_94' title="bbox 2068 3375 3649 3448; baseline 0.003 -19"><span class='ocrx_word' id='word_1_642' title='bbox 2068 3378 2169 3440; x_wconf 88' lang='lat' dir='ltr'><strong>eis,</strong></span> <span class='ocrx_word' id='word_1_643' title='bbox 2210 3378 2302 3445; x_wconf 89' lang='lat' dir='ltr'><strong>qui</strong></span> <span class='ocrx_word' id='word_1_644' title='bbox 2367 3375 2604 3443; x_wconf 82' lang='lat' dir='ltr'><strong>regulam</strong></span> <span class='ocrx_word' id='word_1_645' title='bbox 2672 3377 2982 3444; x_wconf 86' lang='lat' dir='ltr'><strong>hujusmodi</strong></span> <span class='ocrx_word' id='word_1_646' title='bbox 3049 3383 3416 3448; x_wconf 79' lang='lat' dir='ltr'><strong>susceperint,</strong></span> <span class='ocrx_word' id='word_1_647' title='bbox 3471 3382 3649 3444; x_wconf 86' lang='lat' dir='ltr'><strong>illam,</strong></span> 
     </span>
    </p>
   </div>
   <div class='ocr_carea' id='block_1_95' title="bbox 2069 3469 3652 3542">
    <p class='ocr_par' dir='ltr' id='par_1_95' title="bbox 2069 3469 3652 3542">
     <span class='ocr_line' id='line_1_95' title="bbox 2069 3469 3652 3542; baseline 0.004 -20"><span class='ocrx_word' id='word_1_648' title='bbox 2069 3478 2163 3522; x_wconf 91' lang='lat' dir='ltr'><strong>aut</strong></span> <span class='ocrx_word' id='word_1_649' title='bbox 2216 3469 2488 3532; x_wconf 89' lang='lat' dir='ltr'><strong>instituta,</strong></span> <span class='ocrx_word' id='word_1_650' title='bbox 2535 3480 2587 3522; x_wconf 91' lang='lat' dir='ltr'><strong>et</strong></span> <span class='ocrx_word' id='word_1_651' title='bbox 2641 3469 2948 3524; x_wconf 91' lang='lat' dir='ltr'><strong>doctrinam</strong></span> <span class='ocrx_word' id='word_1_652' title='bbox 3006 3471 3062 3524; x_wconf 90' lang='lat' dir='ltr'><strong>in</strong></span> <span class='ocrx_word' id='word_1_653' title='bbox 3117 3473 3345 3542; x_wconf 81' lang='lat' dir='ltr'><strong>epismla</strong></span> <span class='ocrx_word' id='word_1_654' title='bbox 3401 3473 3652 3542; x_wconf 88' lang='lat' dir='ltr'><strong>ejusdem</strong></span> 
     </span>
    </p>
   </div>
   <div class='ocr_carea' id='block_1_96' title="bbox 2069 3558 3658 3633">
    <p class='ocr_par' dir='ltr' id='par_1_96' title="bbox 2069 3558 3658 3633">
     <span class='ocr_line' id='line_1_96' title="bbox 2069 3558 3658 3633; baseline 0.003 -21"><span class='ocrx_word' id='word_1_655' title='bbox 2069 3560 2240 3612; x_wconf 88' lang='lat' dir='ltr'><strong>sancti</strong></span> <span class='ocrx_word' id='word_1_656' title='bbox 2272 3559 2511 3628; x_wconf 80' lang='lat' dir='ltr'><strong>Eusebii,</strong></span> <span class='ocrx_word' id='word_1_657' title='bbox 2540 3558 2624 3612; x_wconf 90' lang='lat' dir='ltr'><strong>vel</strong></span> <span class='ocrx_word' id='word_1_658' title='bbox 2653 3560 2836 3629; x_wconf 85' lang='lat' dir='ltr'><strong>aliqua</strong></span> <span class='ocrx_word' id='word_1_659' title='bbox 2863 3571 3121 3616; x_wconf 85' lang='lat' dir='ltr'><strong>contenta</strong></span> <span class='ocrx_word' id='word_1_660' title='bbox 3151 3564 3204 3616; x_wconf 91' lang='lat' dir='ltr'><strong>in</strong></span> <span class='ocrx_word' id='word_1_661' title='bbox 3233 3563 3439 3619; x_wconf 86' lang='lat' dir='ltr'><strong>eisdem</strong></span> <span class='ocrx_word' id='word_1_662' title='bbox 3475 3582 3658 3633; x_wconf 78' lang='lat' dir='ltr'><strong>quau-</strong></span> 
     </span>
    </p>
   </div>
   <div class='ocr_carea' id='block_1_97' title="bbox 2069 3650 3652 3721">
    <p class='ocr_par' dir='ltr' id='par_1_97' title="bbox 2069 3650 3652 3721">
     <span class='ocr_line' id='line_1_97' title="bbox 2069 3650 3652 3721; baseline 0.001 -15"><span class='ocrx_word' id='word_1_663' title='bbox 2069 3654 2247 3720; x_wconf 87' lang='lat' dir='ltr'><strong>doqne</strong></span> <span class='ocrx_word' id='word_1_664' title='bbox 2281 3654 2511 3704; x_wconf 86' lang='lat' dir='ltr'><strong>humana</strong></span> <span class='ocrx_word' id='word_1_665' title='bbox 2548 3650 2867 3721; x_wconf 86' lang='lat' dir='ltr'><strong>fragilitate,</strong></span> <span class='ocrx_word' id='word_1_666' title='bbox 2895 3661 2990 3706; x_wconf 87' lang='lat' dir='ltr'><strong>aut</strong></span> <span class='ocrx_word' id='word_1_667' title='bbox 3020 3654 3342 3710; x_wconf 77' lang='lat' dir='ltr'><strong>infirmitate</strong></span> <span class='ocrx_word' id='word_1_668' title='bbox 3365 3671 3652 3719; x_wconf 69' lang='lat' dir='ltr'><strong>causante,</strong></span> 
     </span>
    </p>
   </div>
   <div class='ocr_carea' id='block_1_98' title="bbox 2070 3743 3656 3812">
    <p class='ocr_par' dir='ltr' id='par_1_98' title="bbox 2070 3743 3656 3812">
     <span class='ocr_line' id='line_1_98' title="bbox 2070 3743 3656 3812; baseline 0.005 -18"><span class='ocrx_word' id='word_1_669' title='bbox 2070 3758 2163 3794; x_wconf 78' lang='lat' dir='ltr'><strong>seu</strong></span> <span class='ocrx_word' id='word_1_670' title='bbox 2199 3743 2334 3793; x_wconf 88' lang='lat' dir='ltr'><strong>alias</strong></span> <span class='ocrx_word' id='word_1_671' title='bbox 2366 3751 2474 3794; x_wconf 84' lang='lat' dir='ltr'><strong>tant</strong></span> <span class='ocrx_word' id='word_1_672' title='bbox 2506 3755 2698 3797; x_wconf 85' lang='lat' dir='ltr'><strong>exacte</strong></span> <span class='ocrx_word' id='word_1_673' title='bbox 2739 3754 2900 3812; x_wconf 92' lang='lat' dir='ltr'><strong>prout</strong></span> <span class='ocrx_word' id='word_1_674' title='bbox 2950 3749 3184 3799; x_wconf 86' lang='lat' dir='ltr'><strong>traditur</strong></span> <span class='ocrx_word' id='word_1_675' title='bbox 3217 3749 3266 3799; x_wconf 94' lang='lat' dir='ltr'><strong>in</strong></span> <span class='ocrx_word' id='word_1_676' title='bbox 3303 3745 3506 3802; x_wconf 89' lang='lat' dir='ltr'><strong>eisdem</strong></span> <span class='ocrx_word' id='word_1_677' title='bbox 3544 3751 3656 3802; x_wconf 81' lang='lat' dir='ltr'><strong>oh-</strong></span> 
     </span>
    </p>
   </div>
   <div class='ocr_carea' id='block_1_99' title="bbox 2069 3833 3656 3910">
    <p class='ocr_par' dir='ltr' id='par_1_99' title="bbox 2069 3833 3656 3910">
     <span class='ocr_line' id='line_1_99' title="bbox 2069 3833 3656 3910; baseline 0.004 -24"><span class='ocrx_word' id='word_1_678' title='bbox 2069 3848 2289 3886; x_wconf 78' lang='lat' dir='ltr'><strong>servare</strong></span> <span class='ocrx_word' id='word_1_679' title='bbox 2338 3833 2699 3900; x_wconf 87' lang='lat' dir='ltr'><strong>nequiverint,</strong></span> <span class='ocrx_word' id='word_1_680' title='bbox 2737 3849 2842 3888; x_wconf 91' lang='lat' dir='ltr'><strong>non</strong></span> <span class='ocrx_word' id='word_1_681' title='bbox 2883 3848 3174 3903; x_wconf 80' lang='lat' dir='ltr'><strong>prepterea</strong></span> <span class='ocrx_word' id='word_1_682' title='bbox 3227 3840 3471 3894; x_wconf 88' lang='lat' dir='ltr'><strong>mortalis</strong></span> <span class='ocrx_word' id='word_1_683' title='bbox 3523 3857 3656 3910; x_wconf 83' lang='lat' dir='ltr'><strong>pce-</strong></span> 
     </span>
    </p>
   </div>
   <div class='ocr_carea' id='block_1_100' title="bbox 2071 3923 3654 3996">
    <p class='ocr_par' dir='ltr' id='par_1_100' title="bbox 2071 3923 3654 3996">
     <span class='ocr_line' id='line_1_100' title="bbox 2071 3923 3654 3996; baseline 0.006 -20"><span class='ocrx_word' id='word_1_684' title='bbox 2071 3927 2172 3976; x_wconf 84' lang='lat' dir='ltr'><strong>cati</strong></span> <span class='ocrx_word' id='word_1_685' title='bbox 2231 3924 2444 3976; x_wconf 84' lang='lat' dir='ltr'><strong>vinculo</strong></span> <span class='ocrx_word' id='word_1_686' title='bbox 2493 3923 2603 3976; x_wconf 89' lang='lat' dir='ltr'><strong>sint</strong></span> <span class='ocrx_word' id='word_1_687' title='bbox 2654 3923 2824 3992; x_wconf 86' lang='lat' dir='ltr'><strong>ligati,</strong></span> <span class='ocrx_word' id='word_1_688' title='bbox 2869 3925 2962 3978; x_wconf 88' lang='lat' dir='ltr'><strong>sed</strong></span> <span class='ocrx_word' id='word_1_689' title='bbox 3016 3940 3110 3993; x_wconf 90' lang='lat' dir='ltr'><strong>per</strong></span> <span class='ocrx_word' id='word_1_690' title='bbox 3155 3942 3283 3982; x_wconf 89' lang='lat' dir='ltr'><strong>suos</strong></span> <span class='ocrx_word' id='word_1_691' title='bbox 3335 3930 3654 3996; x_wconf 87' lang='lat' dir='ltr'><strong>superiores</strong></span> 
     </span>
    </p>
   </div>
   <div class='ocr_carea' id='block_1_101' title="bbox 2071 4016 3651 4088">
    <p class='ocr_par' dir='ltr' id='par_1_101' title="bbox 2071 4016 3651 4088">
     <span class='ocr_line' id='line_1_101' title="bbox 2071 4016 3651 4088; baseline 0.004 -19"><span class='ocrx_word' id='word_1_692' title='bbox 2071 4016 2340 4082; x_wconf 87' lang='lat' dir='ltr'><strong>corporali</strong></span> <span class='ocrx_word' id='word_1_693' title='bbox 2369 4016 2633 4068; x_wconf 72' lang='lat' dir='ltr'><strong>duntaxat</strong></span> <span class='ocrx_word' id='word_1_694' title='bbox 2657 4029 2838 4084; x_wconf 71' lang='lat' dir='ltr'><strong>pinna,</strong></span> <span class='ocrx_word' id='word_1_695' title='bbox 2867 4032 2973 4086; x_wconf 90' lang='lat' dir='ltr'><strong>qua</strong></span> <span class='ocrx_word' id='word_1_696' title='bbox 3019 4021 3273 4086; x_wconf 83' lang='lat' dir='ltr'><strong>congruit</strong></span> <span class='ocrx_word' id='word_1_697' title='bbox 3300 4025 3651 4088; x_wconf 88' lang='lat' dir='ltr'><strong>procedatnr,</strong></span> 
     </span>
    </p>
   </div>
   <div class='ocr_carea' id='block_1_102' title="bbox 2069 4111 3651 4182">
    <p class='ocr_par' dir='ltr' id='par_1_102' title="bbox 2069 4111 3651 4182">
     <span class='ocr_line' id='line_1_102' title="bbox 2069 4111 3651 4182; baseline 0.005 -20"><span class='ocrx_word' id='word_1_698' title='bbox 2069 4111 2253 4178; x_wconf 85' lang='lat' dir='ltr'><strong>eisque</strong></span> <span class='ocrx_word' id='word_1_699' title='bbox 2275 4126 2372 4179; x_wconf 89' lang='lat' dir='ltr'><strong>pro</strong></span> <span class='ocrx_word' id='word_1_700' title='bbox 2397 4125 2653 4172; x_wconf 89' lang='lat' dir='ltr'><strong>excessu,</strong></span> <span class='ocrx_word' id='word_1_701' title='bbox 2683 4121 2736 4164; x_wconf 87' lang='lat' dir='ltr'><strong>et</strong></span> <span class='ocrx_word' id='word_1_702' title='bbox 2769 4114 3231 4181; x_wconf 80' lang='lat' dir='ltr'><strong>transgressione.</strong></span> <span class='ocrx_word' id='word_1_703' title='bbox 3265 4131 3329 4170; x_wconf 87' lang='lat' dir='ltr'><strong>ac</strong></span> <span class='ocrx_word' id='word_1_704' title='bbox 3359 4132 3454 4182; x_wconf 92' lang='lat' dir='ltr'><strong>pro</strong></span> <span class='ocrx_word' id='word_1_705' title='bbox 3485 4119 3651 4170; x_wconf 90' lang='lat' dir='ltr'><strong>modo</strong></span> 
     </span>
    </p>
   </div>
   <div class='ocr_carea' id='block_1_103' title="bbox 2071 4200 3653 4277">
    <p class='ocr_par' dir='ltr' id='par_1_103' title="bbox 2071 4200 3653 4277">
     <span class='ocr_line' id='line_1_103' title="bbox 2071 4200 3653 4277; baseline 0.007 -23"><span class='ocrx_word' id='word_1_706' title='bbox 2071 4203 2244 4268; x_wconf 73' lang='lat' dir='ltr'><strong>culpa:</strong></span> <span class='ocrx_word' id='word_1_707' title='bbox 2297 4200 2501 4270; x_wconf 81' lang='lat' dir='ltr'><strong>injttngi</strong></span> <span class='ocrx_word' id='word_1_708' title='bbox 2553 4201 2732 4254; x_wconf 88' lang='lat' dir='ltr'><strong>valeat</strong></span> <span class='ocrx_word' id='word_1_709' title='bbox 2778 4205 3099 4271; x_wconf 75' lang='lat' dir='ltr'><strong>pccnilentia</strong></span> <span class='ocrx_word' id='word_1_710' title='bbox 3155 4207 3441 4273; x_wconf 85' lang='lat' dir='ltr'><strong>salutaris,</strong></span> <span class='ocrx_word' id='word_1_711' title='bbox 3486 4225 3653 4277; x_wconf 84' lang='lat' dir='ltr'><strong>quam</strong></span> 
     </span>
    </p>
   </div>
   <div class='ocr_carea' id='block_1_104' title="bbox 2071 4291 3432 4363">
    <p class='ocr_par' dir='ltr' id='par_1_104' title="bbox 2071 4291 3432 4363">
     <span class='ocr_line' id='line_1_104' title="bbox 2071 4291 3432 4363; baseline 0.007 -19"><span class='ocrx_word' id='word_1_712' title='bbox 2071 4291 2344 4345; x_wconf 86' lang='lat' dir='ltr'><strong>humiliter</strong></span> <span class='ocrx_word' id='word_1_713' title='bbox 2378 4293 2659 4360; x_wconf 88' lang='lat' dir='ltr'><strong>suscipere</strong></span> <span class='ocrx_word' id='word_1_714' title='bbox 2697 4303 2752 4347; x_wconf 90' lang='lat' dir='ltr'><strong>et</strong></span> <span class='ocrx_word' id='word_1_715' title='bbox 2789 4293 3088 4363; x_wconf 88' lang='lat' dir='ltr'><strong>adimplere</strong></span> <span class='ocrx_word' id='word_1_716' title='bbox 3123 4306 3432 4354; x_wconf 80' lang='lat' dir='ltr'><strong>teneantur.</strong></span> 
     </span>
    </p>
   </div>
   <div class='ocr_carea' id='block_1_105' title="bbox 2141 4383 3650 4458">
    <p class='ocr_par' dir='ltr' id='par_1_105' title="bbox 2141 4383 3650 4458">
     <span class='ocr_line' id='line_1_105' title="bbox 2141 4383 3650 4458; baseline 0.007 -22"><span class='ocrx_word' id='word_1_717' title='bbox 2141 4383 2196 4436; x_wconf 87' lang='grc'><strong>9.</strong></span> <span class='ocrx_word' id='word_1_718' title='bbox 2233 4383 2494 4450; x_wconf 76' lang='lat' dir='ltr'><strong>Quodque</strong></span> <span class='ocrx_word' id='word_1_719' title='bbox 2526 4392 2605 4445; x_wconf 90' lang='lat' dir='ltr'><strong>tu,</strong></span> <span class='ocrx_word' id='word_1_720' title='bbox 2636 4391 2692 4436; x_wconf 89' lang='lat' dir='ltr'><strong>et</strong></span> <span class='ocrx_word' id='word_1_721' title='bbox 2718 4397 3070 4441; x_wconf 86' lang='lat' dir='ltr'><strong>successores</strong></span> <span class='ocrx_word' id='word_1_722' title='bbox 3101 4389 3174 4442; x_wconf 90' lang='lat' dir='ltr'><strong>tui</strong></span> <span class='ocrx_word' id='word_1_723' title='bbox 3205 4391 3478 4458; x_wconf 73' lang='lat' dir='ltr'><strong>prazpositi</strong></span> <span class='ocrx_word' id='word_1_724' title='bbox 3514 4393 3650 4446; x_wconf 80' lang='lat' dir='ltr'><strong>dicti</strong></span> 
     </span>
    </p>
   </div>
   <div class='ocr_carea' id='block_1_106' title="bbox 2071 4471 3656 4545">
    <p class='ocr_par' dir='ltr' id='par_1_106' title="bbox 2071 4471 3656 4545">
     <span class='ocr_line' id='line_1_106' title="bbox 2071 4471 3656 4545; baseline 0.008 -20"><span class='ocrx_word' id='word_1_725' title='bbox 2071 4471 2283 4525; x_wconf 88' lang='lat' dir='ltr'><strong>ordinis</strong></span> <span class='ocrx_word' id='word_1_726' title='bbox 2321 4473 2712 4526; x_wconf 87' lang='lat' dir='ltr'><strong>monachorum</strong></span> <span class='ocrx_word' id='word_1_727' title='bbox 2766 4474 2888 4530; x_wconf 88' lang='lat' dir='ltr'><strong>illos</strong></span> <span class='ocrx_word' id='word_1_728' title='bbox 2921 4491 2984 4529; x_wconf 84' lang='lat' dir='ltr'><strong>ex</strong></span> <span class='ocrx_word' id='word_1_729' title='bbox 3028 4481 3326 4545; x_wconf 88' lang='lat' dir='ltr'><strong>prioribus,</strong></span> <span class='ocrx_word' id='word_1_730' title='bbox 3367 4486 3656 4538; x_wconf 84' lang='lat' dir='ltr'><strong>monachis</strong></span> 
     </span>
    </p>
   </div>
   <div class='ocr_carea' id='block_1_107' title="bbox 2072 4565 3655 4644">
    <p class='ocr_par' dir='ltr' id='par_1_107' title="bbox 2072 4565 3655 4644">
     <span class='ocr_line' id='line_1_107' title="bbox 2072 4565 3655 4644; baseline 0.009 -26"><span class='ocrx_word' id='word_1_731' title='bbox 2072 4576 2126 4620; x_wconf 92' lang='lat' dir='ltr'><strong>et</strong></span> <span class='ocrx_word' id='word_1_732' title='bbox 2160 4565 2422 4620; x_wconf 84' lang='lat' dir='ltr'><strong>fratribus</strong></span> <span class='ocrx_word' id='word_1_733' title='bbox 2451 4567 2723 4636; x_wconf 70' lang='lat' dir='ltr'><strong>praedictis</strong></span> <span class='ocrx_word' id='word_1_734' title='bbox 2755 4569 2850 4637; x_wconf 90' lang='lat' dir='ltr'><strong>qui</strong></span> <span class='ocrx_word' id='word_1_735' title='bbox 2890 4571 3138 4625; x_wconf 87' lang='lat' dir='ltr'><strong>ordinem</strong></span> <span class='ocrx_word' id='word_1_736' title='bbox 3184 4574 3358 4642; x_wconf 87' lang='lat' dir='ltr'><strong>ipsum</strong></span> <span class='ocrx_word' id='word_1_737' title='bbox 3399 4577 3513 4644; x_wconf 85' lang='lat' dir='ltr'><strong>jam</strong></span> <span class='ocrx_word' id='word_1_738' title='bbox 3550 4583 3655 4632; x_wconf 83' lang='lat' dir='ltr'><strong>sub</strong></span> 
     </span>
    </p>
   </div>
   <div class='ocr_carea' id='block_1_108' title="bbox 2073 4658 3656 4739">
    <p class='ocr_par' dir='ltr' id='par_1_108' title="bbox 2073 4658 3656 4739">
     <span class='ocr_line' id='line_1_108' title="bbox 2073 4658 3656 4739; baseline 0.009 -30"><span class='ocrx_word' id='word_1_739' title='bbox 2073 4658 2216 4712; x_wconf 89' lang='lat' dir='ltr'><strong>dicta</strong></span> <span class='ocrx_word' id='word_1_740' title='bbox 2250 4658 2430 4726; x_wconf 82' lang='lat' dir='ltr'><strong>regula</strong></span> <span class='ocrx_word' id='word_1_741' title='bbox 2465 4659 2521 4713; x_wconf 90' lang='lat' dir='ltr'><strong>S.</strong></span> <span class='ocrx_word' id='word_1_742' title='bbox 2559 4659 2848 4729; x_wconf 81' lang='lat' dir='ltr'><strong>Augustini</strong></span> <span class='ocrx_word' id='word_1_743' title='bbox 2888 4661 3120 4730; x_wconf 86' lang='lat' dir='ltr'><strong>professi</strong></span> <span class='ocrx_word' id='word_1_744' title='bbox 3155 4676 3303 4728; x_wconf 87' lang='lat' dir='ltr'><strong>sunt,</strong></span> <span class='ocrx_word' id='word_1_745' title='bbox 3333 4684 3396 4722; x_wconf 90' lang='lat' dir='ltr'><strong>ac</strong></span> <span class='ocrx_word' id='word_1_746' title='bbox 3430 4682 3656 4739; x_wconf 75' lang='lat' dir='ltr'><strong>pr0ptet&#39;</strong></span> 
     </span>
    </p>
   </div>
   <div class='ocr_carea' id='block_1_109' title="bbox 2074 4751 3655 4822">
    <p class='ocr_par' dir='ltr' id='par_1_109' title="bbox 2074 4751 3655 4822">
     <span class='ocr_line' id='line_1_109' title="bbox 2074 4751 3655 4822; baseline 0.008 -19"><span class='ocrx_word' id='word_1_747' title='bbox 2074 4751 2448 4803; x_wconf 80' lang='lat' dir='ltr'><strong>infirmitatem</strong></span> <span class='ocrx_word' id='word_1_748' title='bbox 2495 4751 2832 4819; x_wconf 81' lang='lat' dir='ltr'><strong>hujusmodi,</strong></span> <span class='ocrx_word' id='word_1_749' title='bbox 2866 4769 2962 4808; x_wconf 87' lang='lat' dir='ltr'><strong>seu</strong></span> <span class='ocrx_word' id='word_1_750' title='bbox 3010 4759 3200 4822; x_wconf 89' lang='lat' dir='ltr'><strong>quavis</strong></span> <span class='ocrx_word' id='word_1_751' title='bbox 3242 4757 3347 4811; x_wconf 85' lang='lat' dir='ltr'><strong>alia</strong></span> <span class='ocrx_word' id='word_1_752' title='bbox 3380 4760 3445 4812; x_wconf 84' lang='lat' dir='ltr'><strong>dc</strong></span> <span class='ocrx_word' id='word_1_753' title='bbox 3487 4777 3655 4816; x_wconf 80' lang='lat' dir='ltr'><strong>causa</strong></span> 
     </span>
    </p>
   </div>
   <div class='ocr_carea' id='block_1_110' title="bbox 2071 4841 3658 4924">
    <p class='ocr_par' dir='ltr' id='par_1_110' title="bbox 2071 4841 3658 4924">
     <span class='ocr_line' id='line_1_110' title="bbox 2071 4841 3658 4924; baseline 0.009 -30"><span class='ocrx_word' id='word_1_754' title='bbox 2071 4845 2138 4896; x_wconf 87' lang='lat' dir='ltr'><strong>ad</strong></span> <span class='ocrx_word' id='word_1_755' title='bbox 2170 4841 2578 4896; x_wconf 81' lang='lat' dir='ltr'><strong>observandum</strong></span> <span class='ocrx_word' id='word_1_756' title='bbox 2621 4842 2934 4912; x_wconf 84' lang='lat' dir='ltr'><strong>hujusmodi</strong></span> <span class='ocrx_word' id='word_1_757' title='bbox 2972 4846 3210 4918; x_wconf 72' lang='lat' dir='ltr'><strong>regulam</strong></span> <span class='ocrx_word' id='word_1_758' title='bbox 3246 4851 3303 4902; x_wconf 82' lang='lat' dir='ltr'><strong>S.</strong></span> <span class='ocrx_word' id='word_1_759' title='bbox 3337 4849 3658 4924; x_wconf 79' lang='lat' dir='ltr'><strong>Hieronymi</strong></span> 
     </span>
    </p>
   </div>
   <div class='ocr_carea' id='block_1_111' title="bbox 2072 4934 3660 5010">
    <p class='ocr_par' dir='ltr' id='par_1_111' title="bbox 2072 4934 3660 5010">
     <span class='ocr_line' id='line_1_111' title="bbox 2072 4934 3660 5010; baseline 0.008 -24"><span class='ocrx_word' id='word_1_760' title='bbox 2072 4949 2130 4988; x_wconf 90' lang='lat' dir='ltr'><strong>se</strong></span> <span class='ocrx_word' id='word_1_761' title='bbox 2170 4934 2494 5004; x_wconf 85' lang='lat' dir='ltr'><strong>impotentes</strong></span> <span class='ocrx_word' id='word_1_762' title='bbox 2533 4938 2828 5004; x_wconf 83' lang='lat' dir='ltr'><strong>senserint,</strong></span> <span class='ocrx_word' id='word_1_763' title='bbox 2869 4946 2965 4990; x_wconf 87' lang='lat' dir='ltr'><strong>aut</strong></span> <span class='ocrx_word' id='word_1_764' title='bbox 3011 4939 3148 4994; x_wconf 86' lang='lat' dir='ltr'><strong>alias</strong></span> <span class='ocrx_word' id='word_1_765' title='bbox 3195 4954 3314 4993; x_wconf 89' lang='lat' dir='ltr'><strong>eam</strong></span> <span class='ocrx_word' id='word_1_766' title='bbox 3367 4959 3660 5010; x_wconf 57' lang='lat' dir='ltr'><strong>accepzaie</strong></span> 
     </span>
    </p>
   </div>
   <div class='ocr_carea' id='block_1_112' title="bbox 2071 5028 3661 5100">
    <p class='ocr_par' dir='ltr' id='par_1_112' title="bbox 2071 5028 3661 5100">
     <span class='ocr_line' id='line_1_112' title="bbox 2071 5028 3661 5100; baseline 0.008 -20"><span class='ocrx_word' id='word_1_767' title='bbox 2071 5028 2368 5090; x_wconf 87' lang='lat' dir='ltr'><strong>noluerint,</strong></span> <span class='ocrx_word' id='word_1_768' title='bbox 2406 5037 2464 5080; x_wconf 93' lang='lat' dir='ltr'><strong>ut</strong></span> <span class='ocrx_word' id='word_1_769' title='bbox 2491 5029 2593 5082; x_wconf 88' lang='lat' dir='ltr'><strong>sub</strong></span> <span class='ocrx_word' id='word_1_770' title='bbox 2624 5029 2752 5094; x_wconf 92' lang='lat' dir='ltr'><strong>illis,</strong></span> <span class='ocrx_word' id='word_1_771' title='bbox 2769 5031 2987 5098; x_wconf 67' lang='lat' dir='ltr'><strong>regula,</strong></span> <span class='ocrx_word' id='word_1_772' title='bbox 3023 5034 3394 5100; x_wconf 84' lang='lat' dir='ltr'><strong>observantia,</strong></span> <span class='ocrx_word' id='word_1_773' title='bbox 3436 5048 3487 5091; x_wconf 88' lang='lat' dir='ltr'><strong>et</strong></span> <span class='ocrx_word' id='word_1_774' title='bbox 3523 5041 3661 5091; x_wconf 80' lang='lat' dir='ltr'><strong>obc-</strong></span> 
     </span>
    </p>
   </div>
   <div class='ocr_carea' id='block_1_113' title="bbox 2071 5120 3657 5192">
    <p class='ocr_par' dir='ltr' id='par_1_113' title="bbox 2071 5120 3657 5192">
     <span class='ocr_line' id='line_1_113' title="bbox 2071 5120 3657 5192; baseline 0.007 -18"><span class='ocrx_word' id='word_1_775' title='bbox 2071 5120 2279 5174; x_wconf 88' lang='lat' dir='ltr'><strong>dientia</strong></span> <span class='ocrx_word' id='word_1_776' title='bbox 2335 5120 2696 5188; x_wconf 76' lang='lat' dir='ltr'><strong>regularibus,</strong></span> <span class='ocrx_word' id='word_1_777' title='bbox 2734 5125 2835 5177; x_wconf 85' lang='lat' dir='ltr'><strong>sub</strong></span> <span class='ocrx_word' id='word_1_778' title='bbox 2887 5124 3090 5192; x_wconf 86' lang='lat' dir='ltr'><strong>quibus</strong></span> <span class='ocrx_word' id='word_1_779' title='bbox 3133 5139 3229 5180; x_wconf 83' lang='lat' dir='ltr'><strong>eos</strong></span> <span class='ocrx_word' id='word_1_780' title='bbox 3278 5137 3333 5180; x_wconf 89' lang='lat' dir='ltr'><strong>tu</strong></span> <span class='ocrx_word' id='word_1_781' title='bbox 3385 5130 3657 5185; x_wconf 78' lang='lat' dir='ltr'><strong>hactenus</strong></span> 
     </span>
    </p>
   </div>
   <div class='ocr_carea' id='block_1_114' title="bbox 2073 5212 3658 5289">
    <p class='ocr_par' dir='ltr' id='par_1_114' title="bbox 2073 5212 3658 5289">
     <span class='ocr_line' id='line_1_114' title="bbox 2073 5212 3658 5289; baseline 0.008 -25"><span class='ocrx_word' id='word_1_782' title='bbox 2073 5212 2260 5266; x_wconf 78' lang='lat' dir='ltr'><strong>texisti</strong></span> <span class='ocrx_word' id='word_1_783' title='bbox 2311 5221 2365 5266; x_wconf 90' lang='lat' dir='ltr'><strong>et</strong></span> <span class='ocrx_word' id='word_1_784' title='bbox 2397 5214 2734 5282; x_wconf 88' lang='lat' dir='ltr'><strong>gubernasti,</strong></span> <span class='ocrx_word' id='word_1_785' title='bbox 2774 5215 2937 5270; x_wconf 81' lang='lat' dir='ltr'><strong>etiam</strong></span> <span class='ocrx_word' id='word_1_786' title='bbox 2984 5217 3053 5272; x_wconf 88' lang='lat' dir='ltr'><strong>de</strong></span> <span class='ocrx_word' id='word_1_787' title='bbox 3103 5228 3306 5273; x_wconf 64' lang='lat' dir='ltr'><strong>calere</strong></span> <span class='ocrx_word' id='word_1_788' title='bbox 3347 5235 3533 5289; x_wconf 75' lang='lat' dir='ltr'><strong>regere</strong></span> <span class='ocrx_word' id='word_1_789' title='bbox 3596 5238 3658 5276; x_wconf 87' lang='lat' dir='ltr'><strong>et</strong></span> 
     </span>
    </p>
   </div>
   <div class='ocr_carea' id='block_1_115' title="bbox 2071 5306 3653 5382">
    <p class='ocr_par' dir='ltr' id='par_1_115' title="bbox 2071 5306 3653 5382">
     <span class='ocr_line' id='line_1_115' title="bbox 2071 5306 3653 5382; baseline 0.009 -24"><span class='ocrx_word' id='word_1_790' title='bbox 2071 5306 2393 5375; x_wconf 87' lang='lat' dir='ltr'><strong>gubernare,</strong></span> <span class='ocrx_word' id='word_1_791' title='bbox 2428 5307 2638 5377; x_wconf 86' lang='lat' dir='ltr'><strong>ipsique</strong></span> <span class='ocrx_word' id='word_1_792' title='bbox 2681 5309 2735 5364; x_wconf 91' lang='lat' dir='ltr'><strong>in</strong></span> <span class='ocrx_word' id='word_1_793' title='bbox 2784 5309 2889 5366; x_wconf 88' lang='lat' dir='ltr'><strong>illis</strong></span> <span class='ocrx_word' id='word_1_794' title='bbox 2931 5326 3240 5382; x_wconf 85' lang='lat' dir='ltr'><strong>remanere,</strong></span> <span class='ocrx_word' id='word_1_795' title='bbox 3275 5323 3331 5370; x_wconf 88' lang='lat' dir='ltr'><strong>et</strong></span> <span class='ocrx_word' id='word_1_796' title='bbox 3361 5314 3653 5372; x_wconf 73' lang='lat' dir='ltr'><strong>Altissimo</strong></span> 
     </span>
    </p>
   </div>
   <div class='ocr_carea' id='block_1_116' title="bbox 2071 5397 2340 5453">
    <p class='ocr_par' dir='ltr' id='par_1_116' title="bbox 2071 5397 2340 5453">
     <span class='ocr_line' id='line_1_116' title="bbox 2071 5397 2340 5453; baseline 0.011 -4"><span class='ocrx_word' id='word_1_797' title='bbox 2071 5397 2340 5453; x_wconf 83' lang='lat' dir='ltr'><strong>famulari.</strong></span> 
     </span>
    </p>
   </div>
   <div class='ocr_carea' id='block_1_117' title="bbox 2141 5489 3656 5570">
    <p class='ocr_par' dir='ltr' id='par_1_117' title="bbox 2141 5489 3656 5570">
     <span class='ocr_line' id='line_1_117' title="bbox 2141 5489 3656 5570; baseline 0.011 -30"><span class='ocrx_word' id='word_1_798' title='bbox 2141 5489 2227 5541; x_wconf 74' lang='lat' dir='ltr'><strong>id.</strong></span> <span class='ocrx_word' id='word_1_799' title='bbox 2265 5489 2400 5543; x_wconf 86' lang='lat' dir='ltr'><strong>Cum</strong></span> <span class='ocrx_word' id='word_1_800' title='bbox 2435 5491 2517 5546; x_wconf 87' lang='lat' dir='ltr'><strong>eis</strong></span> <span class='ocrx_word' id='word_1_801' title='bbox 2560 5506 2798 5562; x_wconf 89' lang='lat' dir='ltr'><strong>quoque,</strong></span> <span class='ocrx_word' id='word_1_802' title='bbox 2836 5507 2901 5548; x_wconf 90' lang='lat' dir='ltr'><strong>ac</strong></span> <span class='ocrx_word' id='word_1_803' title='bbox 2937 5495 3104 5550; x_wconf 87' lang='lat' dir='ltr'><strong>etiam</strong></span> <span class='ocrx_word' id='word_1_804' title='bbox 3154 5497 3284 5567; x_wconf 88' lang='lat' dir='ltr'><strong>illis,</strong></span> <span class='ocrx_word' id='word_1_805' title='bbox 3319 5501 3409 5570; x_wconf 89' lang='lat' dir='ltr'><strong>qui</strong></span> <span class='ocrx_word' id='word_1_806' title='bbox 3449 5516 3656 5558; x_wconf 79' lang='lat' dir='ltr'><strong>secon-</strong></span> 
     </span>
    </p>
   </div>
   <div class='ocr_carea' id='block_1_118' title="bbox 2071 5577 3652 5656">
    <p class='ocr_par' dir='ltr' id='par_1_118' title="bbox 2071 5577 3652 5656">
     <span class='ocr_line' id='line_1_118' title="bbox 2071 5577 3652 5656; baseline 0.01 -25"><span class='ocrx_word' id='word_1_807' title='bbox 2071 5577 2200 5632; x_wconf 89' lang='lat' dir='ltr'><strong>dttm</strong></span> <span class='ocrx_word' id='word_1_808' title='bbox 2235 5581 2406 5649; x_wconf 84' lang='lat' dir='ltr'><strong>ipsam</strong></span> <span class='ocrx_word' id='word_1_809' title='bbox 2443 5586 2680 5649; x_wconf 85' lang='lat' dir='ltr'><strong>regulam</strong></span> <span class='ocrx_word' id='word_1_810' title='bbox 2711 5583 2769 5636; x_wconf 84' lang='lat' dir='ltr'><strong>S.</strong></span> <span class='ocrx_word' id='word_1_811' title='bbox 2803 5583 3137 5654; x_wconf 79' lang='lat' dir='ltr'><strong>Hieronymi,</strong></span> <span class='ocrx_word' id='word_1_812' title='bbox 3173 5601 3230 5642; x_wconf 92' lang='lat' dir='ltr'><strong>et</strong></span> <span class='ocrx_word' id='word_1_813' title='bbox 3271 5601 3327 5644; x_wconf 93' lang='lat' dir='ltr'><strong>ut</strong></span> <span class='ocrx_word' id='word_1_814' title='bbox 3359 5592 3652 5656; x_wconf 65' lang='lat' dir='ltr'><strong>praefertur</strong></span> 
     </span>
    </p>
   </div>
   <div class='ocr_carea' id='block_1_119' title="bbox 2071 5673 3656 5748">
    <p class='ocr_par' dir='ltr' id='par_1_119' title="bbox 2071 5673 3656 5748">
     <span class='ocr_line' id='line_1_119' title="bbox 2071 5673 3656 5748; baseline 0.008 -24"><span class='ocrx_word' id='word_1_815' title='bbox 2071 5673 2126 5724; x_wconf 90' lang='lat' dir='ltr'><strong>in</strong></span> <span class='ocrx_word' id='word_1_816' title='bbox 2169 5685 2442 5741; x_wconf 79' lang='lat' dir='ltr'><strong>posti-runt</strong></span> <span class='ocrx_word' id='word_1_817' title='bbox 2487 5691 2584 5743; x_wconf 88' lang='lat' dir='ltr'><strong>pro</strong></span> <span class='ocrx_word' id='word_1_818' title='bbox 2635 5685 2877 5744; x_wconf 89' lang='lat' dir='ltr'><strong>tempore</strong></span> <span class='ocrx_word' id='word_1_819' title='bbox 2926 5681 3350 5748; x_wconf 88' lang='lat' dir='ltr'><strong>prolitehuutur,</strong></span> <span class='ocrx_word' id='word_1_820' title='bbox 3380 5698 3513 5738; x_wconf 82' lang='lat' dir='ltr'><strong>casu</strong></span> <span class='ocrx_word' id='word_1_821' title='bbox 3547 5686 3656 5737; x_wconf 83' lang='lat' dir='ltr'><strong>ali-</strong></span> 
     </span>
    </p>
   </div>
   <div class='ocr_carea' id='block_1_120' title="bbox 2071 5768 3655 5842">
    <p class='ocr_par' dir='ltr' id='par_1_120' title="bbox 2071 5768 3655 5842">
     <span class='ocr_line' id='line_1_120' title="bbox 2071 5768 3655 5842; baseline 0.01 -25"><span class='ocrx_word' id='word_1_822' title='bbox 2071 5782 2179 5834; x_wconf 87' lang='lat' dir='ltr'><strong>quo</strong></span> <span class='ocrx_word' id='word_1_823' title='bbox 2225 5768 2288 5820; x_wconf 85' lang='lat' dir='ltr'><strong>de</strong></span> <span class='ocrx_word' id='word_1_824' title='bbox 2336 5769 2654 5835; x_wconf 80' lang='lat' dir='ltr'><strong>przemissis,</strong></span> <span class='ocrx_word' id='word_1_825' title='bbox 2697 5780 2789 5824; x_wconf 87' lang='lat' dir='ltr'><strong>aut</strong></span> <span class='ocrx_word' id='word_1_826' title='bbox 2828 5771 2933 5824; x_wconf 86' lang='lat' dir='ltr'><strong>alia</strong></span> <span class='ocrx_word' id='word_1_827' title='bbox 2991 5775 3296 5830; x_wconf 83' lang='lat' dir='ltr'><strong>rationabili</strong></span> <span class='ocrx_word' id='word_1_828' title='bbox 3347 5793 3534 5842; x_wconf 79' lang='lat' dir='ltr'><strong>causa,</strong></span> <span class='ocrx_word' id='word_1_829' title='bbox 3579 5780 3655 5833; x_wconf 80' lang='lat' dir='ltr'><strong>de</strong></span> 
     </span>
    </p>
   </div>
  </div>
