3956 6196
341 413 444 480 401

1243 415 1550 481 ΒΕΟυῙιᾹ
1614 419 2261 480 ΜΟΝΑΟΙῙΟΒΗΜπ-
2305 429 2344 478 Α
2361 423 2700 482 ΙῚἚΝΒΙΧ

3510 416 3626 489 402

339 547 446 599 qua
483 530 602 598 tibi,
636 545 732 585 seu
771 531 876 588 illis
908 533 1200 600 videbitur,
1227 538 1582 602 subsistente,
1617 552 1781 607 super
1815 535 1932 591 sin-
1958 544 2010 603 Α
2035 553 2156 592 cum
2225 539 2338 592 suis
2395 541 2681 595 monachis
2737 550 2791 594 et
2847 515 3122 596 fratribus
3150 540 3202 597 in
3252 539 3370 608 ejus
3406 541 3513 595 vita
3568 541 3621 594 in

338 626 483 690 gulis
513 624 566 677 in
601 625 790 679 eadem
826 627 1010 692 regula
1045 627 1106 680 Β.
1137 628 1450 700 Hieronymi
1497 630 1789 694 contentis,
1823 644 1922 682 au-

340 715 596 769 ctoritate
655 716 938 786 praedicta,
973 735 1069 787 per
1115 736 1230 784 vos,
1263 723 1342 776 vel
1396 724 1532 778 alios
1579 725 1923 789 dispensare,

340 814 436 857 aut
464 805 602 858 alias
631 818 825 860 eorum
859 811 1166 862 animarum
1205 810 1392 876 saluti,
1427 821 1587 882 prout
1625 814 1926 881 expediens

338 894 531 959 fuerit,
560 898 848 952 consulere
877 908 932 952 et
957 901 1122 953 etiam
1158 903 1448 968 providere
1477 905 1730 971 valeatis,
1765 920 1929 975 super

337 987 536 1053 quibus
573 987 664 1041 tibi
699 999 753 1041 et
782 992 1203 1047 successoribus
1233 993 1369 1062 ipsis
1403 995 1567 1048 etiam
1603 996 1817 1064 plenam
1874 1007 1928 1055 et

335 1077 568 1131 liberam
604 1081 795 1134 harum
823 1085 964 1135 serie
993 1085 1340 1138 concedimus
1364 1085 1706 1142 facultatem.

347 1189 358 1192 -
412 1167 501 1221 ll.
541 1169 899 1225 Decernimus
963 1175 1188 1242 insuper
1242 1179 1568 1232 auctoritate
1625 1181 1922 1247 prsedicta,

336 1261 482 1325 quod
518 1261 827 1328 bujusmodi
863 1266 1052 1332 regula
1085 1277 1370 1334 postquam
1403 1284 1499 1338 per
1531 1280 1581 1324 te
1617 1270 1811 1324 tradita
1876 1281 1929 1324 et

339 1353 611 1418 publicata
657 1353 840 1421 fuerit,
877 1364 938 1408 ut
971 1357 1278 1424 praefertur,
1315 1362 1479 1413 robur
1513 1362 1762 1415 obtineat
1801 1376 1924 1430 per-

343 1456 520 1511 petua:
571 1448 881 1510 firmitatis,
930 1456 983 1502 et
1031 1449 1099 1502 ab
1150 1452 1438 1516 omnibus,
1481 1453 1575 1521 qui
1627 1454 1925 1506 secundum

340 1552 460 1587 eam
503 1543 626 1587 vota
672 1551 862 1590 eorum
924 1539 1245 1610 principalia
1301 1553 1491 1609 sponte
1542 1544 1785 1612 profiteri
1833 1560 1929 1598 vo-

343 1627 571 1690 luerint,
598 1628 752 1696 juxta
785 1631 930 1684 illius
962 1633 1356 1687 continentiam
1384 1644 1440 1687 et
1469 1637 1724 1690 effectum
1755 1637 1928 1690 iltvto-

343 1721 574 1774 labiliter
623 1725 999 1780 observetur:
1035 1741 1142 1779 non
1201 1726 1548 1781 obstantibus
1600 1730 1927 1793 praemiSsis,

344 1829 404 1864 ac
474 1813 974 1870 Corrstitutionibus
1019 1818 1356 1886 apostolicis,
1413 1834 1623 1874 necnon
1674 1820 1928 1873 omnibus

345 1907 430 1965 iis,
468 1919 590 1973 qua:
643 1907 694 1958 in
747 1906 909 1961 dictis
950 1908 1150 1964 litteris
1200 1925 1305 1963 non
1362 1911 1584 1965 obstare
1632 1912 1923 1978 \oluimus,
1960 1897 1998 1950 Β

345 1997 663 2066 ceterisque
696 2001 991 2054 contrariis
1030 2003 1472 2071 quibuscunque.

418 2087 507 2142 12.
537 2089 676 2142 Nulli
709 2105 838 2160 ergo
867 2093 1148 2146 hominum
1178 2096 1338 2148 liceat
1371 2096 1510 2149 hanc
1540 2096 1793 2166 paginam
1823 2112 1922 2150 no-

346 2190 470 2233 stne
510 2183 932 2249 constitutionis,
964 2186 1174 2249 statuti,
1204 2186 1522 2250 voluntatis,
1571 2199 1627 2240 et
1699 2202 1926 2241 conces-

346 2272 518 2324 siouis
567 2273 884 2344 infringere,
921 2276 1004 2330 vel
1039 2281 1086 2330 ei
1123 2293 1256 2332 ausu
1307 2279 1599 2332 temerario
1627 2278 1922 2332 contraire.

348 2362 558 2430 Siquis
594 2375 774 2419 autem
833 2367 934 2420 hoc
979 2377 1249 2422 attentare
1301 2370 1728 2439 praesumpserit,
1778 2370 1928 2423 indi-

344 2465 658 2523 guat'oncut
709 2457 1101 2527 omnipotentis
1131 2457 1250 2522 llei,
1278 2468 1331 2514 et
1375 2459 1660 2514 beatorum
1691 2459 1834 2515 Petri
1874 2472 1928 2514 et

347 2547 496 2598 l'auli
558 2548 936 2614 apostolorum
998 2555 1118 2617 ejus
1177 2564 1239 2604 se
1284 2551 1499 2603 noverit
1561 2550 1920 2605 incursurum.

347 2635 536 2688 Datum
583 2636 769 2692 Roma:
801 2642 945 2708 apud
977 2649 1202 2696 sanctos
1235 2642 1536 2710 apostolos,
1563 2642 1744 2697 idibus
1783 2641 1925 2696 Mar-

344 2731 425 2793 tii,
461 2728 806 2799 pontiﬁcatus
835 2735 1008 2788 nostri
1040 2748 1180 2788 anuo
1221 2734 1561 2790 duodecimo.

343 2879 656 2937 FJLSDEH
715 2883 1006 2940 MAliTl-Nl
1053 2882 1092 2940 Y
1148 2883 1208 2940 P.
1255 2886 1326 2946 Μ.
1365 2884 1587 2945 BULLA
1627 2884 1923 2940 ALTERA.

415 2995 684 3053 Martinus
739 3003 1026 3069 episcopus
1081 3016 1274 3057 servus
1341 3015 1624 3058 servorum
1683 3003 1814 3066 Dei,
1857 3000 1923 3055 ad

346 3101 660 3160 perpetuam
695 3095 774 3147 rei
811 3095 1155 3150 memoriam.

427 3190 472 3239 l.
509 3187 574 3242 Et
620 3189 664 3240 si
704 3204 802 3257 pro
842 3202 1161 3244 cunctorum
1202 3189 1410 3245 Christi
1475 3189 1711 3244 tidelium
1760 3204 1926 3258 super

344 3281 545 3348 quibus
593 3295 781 3335 curam
831 3283 1170 3350 apostolatus
1197 3281 1360 3336 oﬂicii
1388 3284 1628 3351 gerimus
1663 3290 1804 3336 statu
1843 3298 1929 3335 sa-

347 3371 580 3426 lubriter
613 3372 897 3441 dirigendo
957 3383 1012 3427 et
1041 3374 1353 3442 ampliando
1391 3374 1626 3427 libenter
1673 3375 1929 3426 adhibea-

347 3477 469 3513 mus
495 3461 875 3520 sollicitudinis
910 3473 1106 3518 nostra:
1135 3476 1313 3532 partes
1350 3479 1364 3517 :
1395 3461 1514 3517 illos
1543 3476 1725 3516 taurun
1801 3464 1932 3516 atii.h

347 3555 613 3612 Ctuosiori
662 3554 842 3608 studio
882 3556 1260 3624 pioseqnimur
1288 3555 1590 3619 cltaritatis,
1633 3555 1744 3622 qui,
1780 3569 1932 3606 unm-

346 3644 506 3699 danis
565 3644 794 3716 abjcctis
859 3647 1174 3712 ilecebris,
1243 3648 1295 3700 in
1355 3647 1680 3702 humilitatis
1734 3648 1928 3716 spiritu

347 3737 542 3791 sedulo
573 3741 832 3792 virtutum
867 3737 1096 3793 Domino
1128 3737 1485 3793 fainulautur.
1526 3738 1676 3793 Unde
1722 3757 1782 3791 ea
1816 3754 1932 3806 qua:

347 3845 448 3898 pro
499 3831 719 3884 illorqu
754 3831 856 3884 sub
894 3845 1024 3889 vera
1071 3831 1348 3901 religionis
1379 3831 1726 3886 observantia
1760 3831 1928 3882 stabi-

349 3923 532 3976 liendo
565 3922 850 3992 proposi‘o
880 3924 1104 3991 provide
1137 3938 1426 3977 emanasse
1457 3923 1842 3992 c0mpi-rimus,
1877 3931 1934 3973 ut

353 4017 511 4068 tirma
571 4017 890 4086 illibataque
964 4026 1320 4084 permaneant
1353 4016 1582 4070 libenter
1632 4015 1933 4086 apostolico

351 4108 656 4163 munimine
702 4110 1043 4165 roboramus.

423 4201 481 4264 2,
523 4200 706 4270 Nuper
737 4203 1010 4272 siquidem
1041 4218 1139 4272 pro
1177 4218 1332 4273 parte
1365 4203 1550 4258 dilecti
1582 4203 1674 4261 lilii
1708 4201 1841 4272 Lupi
1871 4203 1936 4256 de

351 4291 593 4354 Oliueto,
641 4293 850 4346 ordinis
889 4295 1279 4346 monachorum
1318 4291 1676 4346 Eremitarum
1717 4290 1773 4343 S.
1816 4287 1937 4341 llic-

355 4389 567 4456 ronyini
626 4387 899 4456 generalis
956 4386 1233 4455 praepositi
1285 4385 1438 4439 nobis
1484 4387 1755 4453 exposito,
1793 4381 1935 4452 quod

350 4476 557 4530 dudum
615 4478 752 4544 ipse,
802 4485 857 4529 et
912 4476 1155 4544 plerique
1207 4473 1297 4528 alii
1349 4474 1687 4543 professores
1729 4473 1936 4527 Ordinis

350 4569 599 4640 ejusdem
623 4569 799 4624 sancti
832 4569 1142 4638 Hieronymi
1179 4569 1283 4623 sub
1314 4567 1496 4638 regula
1529 4581 1556 4622 s
1579 4569 1698 4620 .ucti
1757 4569 1938 4636 Angri-

350 4665 483 4720 stini
513 4675 638 4718 tunc
659 4665 874 4718 virente
904 4665 1021 4718 zelo
1049 4663 1352 4718 devotionis
1375 4662 1589 4716 accensi
1621 4665 1688 4716 ob
1727 4659 1937 4730 frugem

352 4760 480 4812 vitae
541 4759 808 4823 melioris,
845 4758 1054 4812 arctius
1103 4768 1159 4811 et
1223 4756 1517 4826 perfectius
1546 4769 1710 4826 quam
1754 4754 1938 4827 regula

353 4850 592 4904 dictaret
643 4849 979 4918 bujusmodi,
1027 4858 1083 4902 et
1139 4848 1189 4901 in
1234 4861 1366 4901 vero
1411 4855 1553 4902 statu
1610 4844 1940 4905 monachaii,

353 4959 517 5011 quem
550 4943 664 5011 ipse
696 4951 916 4996 sanctus
943 4940 1307 5012 Hieronymus
1331 4955 1456 4995 cum
1489 4938 1602 4994 suis
1654 4937 1940 4991 monachis

353 5045 411 5090 et
447 5035 707 5088 fratribus
743 5037 1052 5103 professum
1091 5033 1282 5099 fuisse,
1312 5043 1369 5087 et
1417 5032 1472 5085 in
1515 5031 1791 5084 communi
1841 5030 1938 5083 ob-

352 5140 606 5179 servasse
639 5126 974 5196 perhibetur,
1013 5125 1214 5187 vivere,
1251 5135 1306 5179 et
1338 5133 1397 5178 ut
1433 5137 1632 5176 nomen
1670 5123 1940 5190 gerebant

353 5216 604 5282 ejusdem
659 5217 854 5282 sancti,
903 5219 985 5271 sic
1015 5217 1136 5283 ejus
1168 5215 1353 5278 vitam,
1378 5215 1621 5284 regulam
1644 5251 1660 5278 ,
1700 5223 1750 5268 et
1775 5227 1938 5281 opera

355 5308 746 5362 desiderabant
793 5307 1016 5362 imitari.
1053 5309 1259 5362 Idcirco
1285 5310 1352 5360 ad
1391 5307 1701 5376 bujusmodi
1731 5305 1940 5359 ordinis

355 5401 558 5454 srabile
605 5401 783 5469 potius
836 5399 1268 5464 fundamentum,
1307 5415 1404 5470 pro
1460 5399 1805 5453 institutione
1851 5413 1938 5451 re-

357 5491 501 5561 gula:
535 5495 926 5546 monachorum
956 5493 1320 5547 Ereuritarum
1359 5493 1570 5547 ordinis
1593 5492 1723 5545 dicti
1763 5492 1937 5545 sancti

359 5583 674 5654 Hieronymi
715 5601 778 5639 ex
823 5587 1060 5641 diversis
1093 5585 1339 5654 epistolis
1395 5595 1451 5640 et
1488 5587 1812 5639 tractatibus
1845 5599 1942 5651 per

358 5677 569 5732 dictum
617 5686 865 5733 sanctum
916 5679 1307 5749 Hieronymum
1333 5678 1518 5741 editis,
1551 5688 1608 5732 et
1637 5693 1735 5748 per
1763 5677 1943 5730 Eccle-

360 5772 503 5824 siam
536 5770 874 5838 approbatis,
910 5771 1166 5825 nonnulla
1201 5785 1385 5825 veram
1431 5769 1712 5837 religionis
1739 5771 1942 5823 doctri-

359 5877 516 5932 nam,
546 5873 822 5935 vrtamque
879 5865 1280 5931 mouachalvm,
1315 5879 1476 5934 quant
1533 5865 1672 5918 idem
1722 5879 1942 5918 Sanctus

2029 631 2304 683 communi
2353 633 2530 698 (ιιιοτιιι
2570 647 2658 698 ea,
2688 648 2809 702 quae
2840 631 3160 702 principalia
3199 641 3325 686 sunt
3350 641 3542 690 status.
3570 641 3620 683 et

2028 721 2153 774 vitae
2204 723 2537 777 monacbalis
2573 739 2666 792 per
2696 723 2974 788 multa,'et
3017 739 3193 794 usque
3225 724 3291 778 ad
3331 723 3413 778 sui
3442 721 3621 777 obitus

2032 821 2276 875 tempora
2310 812 2643 878 observavit,
2670 823 2725 868 et
2761 813 2968 882 aliquos
3003 813 3139 868 alios
3170 814 3468 867 observare
3502 825 3620 864 rno-

2030 902 2172 966 nuit,
2201 903 2536 956 continentia
2569 902 2753 970 Lupus
2804 905 2918 974 ipse
2968 913 3304 968 extraxerat,
3353 901 3622 971 ccinpila-

2030 1005 2204 1057 verat,
2237 1006 2293 1048 ct
2328 996 2469 1048 velut
2506 996 2558 1049 in
2594 1011 2762 1050 unum
2815 1011 3012 1064 corpus
3062 995 3167 1050 sub
3223 993 3394 1049 certis
3447 992 3620 1046 titulis

2034 1089 2344 1148 reduxerat,
2375 1089 2474 1142 sub
2507 1086 2706 1152 quibus
2736 1088 2874 1156 ipse,
2929 1098 2982 1140 et
3030 1086 3278 1158 plerique
3306 1084 3396 1140 alii
3435 1098 3622 1136 mona-

2032 1182 2141 1241 chi,
2169 1190 2221 1232 et
2255 1180 2452 1233 fratres
2485 1181 2612 1234 dicti
2639 1181 2849 1233 ordinis
2883 1196 2948 1234 ex
2981 1191 3107 1233 tunc
3135 1181 3186 1234 in
3215 1187 3374 1232 antea
3401 1179 3616 1246 degere,

2031 1281 2086 1326 et
2120 1287 2462 1338 permanere,
2497 1287 2559 1322 ac
2595 1271 2680 1323 illa
2723 1271 2776 1324 in
2817 1272 3059 1340 regulam
3105 1271 3384 1339 suscipere
3419 1283 3620 1337 propo-

2032 1365 2274 1427 nebant,
2321 1375 2375 1416 et
2416 1363 2770 1416 aii‘ectabaut.
2805 1362 2912 1417 Nos
2948 1363 3112 1432 igitur
3149 1360 3460 1431 bujusmodi
3491 1375 3619 1429 pro-

2033 1462 2262 1528 positum
2297 1457 2650 1525 condignum,
2674 1467 2722 1510 et
2756 1459 2955 1512 rationi
2999 1473 3297 1511 consonum
3333 1469 3621 1508 recensen-

2035 1561 2147 1612 tes.
2185 1551 2494 1620 bujusmodi
2551 1552 2848 1618 regularem
2911 1561 2964 1604 ct
3015 1548 3388 1603 monaclialem
3433 1550 3620 1600 obser-

2032 1644 2270 1696 vautiam
2330 1657 2426 1711 per
2477 1643 2650 1710 ipsum
2693 1651 2943 1695 sanctum
2995 1640 3385 1709 Hieronymum
3425 1638 3619 1691 invita

2031 1735 2149 1804 ejus
2183 1733 2526 1786 observatam
2563 1733 2755 1786 merito
2788 1733 3078 1786 laudantes
3135 1741 3190 1784 et
3228 1734 3619 1799 approbantes.

2036 1824 2294 1890 illamque
2347 1822 2399 1874 in
2460 1823 2548 1874 Dei
2589 1821 2830 1874 Ectlesia
2863 1822 2917 1873 in
2955 1821 3201 1873 ordinem
3245 1835 3348 1871 mor
3375 1818 3617 1871 achalem

2029 1917 2229 1979 attolli,
2260 1924 2318 1969 et
2349 1915 2636 1968 observari
2673 1912 2902 1967 iuteusis
2933 1903 3242 1966 desideriis
3276 1910 3616 1974 alTectantes,

2028 2006 2203 2060 eidem
2238 2005 2384 2072 Lupo
2411 2006 2738 2068 doctrinam,
2757 2014 2812 2058 et
2841 2005 3086 2059 instituta
3111 2004 3450 2057 mouachalia
3479 2002 3622 2072 ejus-

2029 2097 2152 2149 dem
2191 2096 2248 2150 S.
2303 2096 2616 2166 Hieronymi
2645 2113 2709 2149 ex
2739 2096 2948 2150 eisdem
2982 2095 3252 2166 epistolis,
3279 2107 3332 2149 et
3369 2094 3620 2148 tractati-

2031 2185 2153 2245 bus,
2190 2193 2352 2252 prout
2404 2199 2498 2252 per
2542 2185 2716 2252 ipsum
2759 2184 2966 2253 Lupum
3001 2194 3270 2248 extracta,
3305 2185 3618 2252 compilata,

2028 2283 2077 2328 et
2140 2275 2359 2328 reducta
2398 2275 2618 2327 fuerant
2654 2273 2774 2328 loco
2814 2275 3013 2344 regulae
3040 2273 3098 2328 S.
3137 2275 3425 2347 Augustini
3458 2274 3510 2328 in
3538 2289 3620 2324 re-

2027 2365 2204 2435 gulam
2258 2366 2630 2420 monachalem
2664 2364 2876 2420 ordinis
2925 2368 3315 2421 monachorum
3348 2365 3622 2419 Erenaita.

2032 2473 2148 2510 rum
2185 2457 2313 2512 dicti
2349 2458 2409 2513 S.
2447 2458 2786 2529 Hieronymi,
2847 2468 2900 2511 et
2923 2459 3164 2528 ejusdem
3205 2460 3260 2510 S.
3289 2458 3453 2512 vitam
3486 2471 3619 2526 prae-

2032 2549 2198 2603 fatam
2263 2549 2319 2602 in
2375 2550 2623 2604 ordinem
2692 2550 3072 2620 hujuscemodi
3133 2551 3500 2620 suscipiendi,
3557 2566 3620 2603 ac

2033 2641 2209 2710 ipsam
2245 2642 2486 2710 regulare
2543 2641 2672 2696 dicti
2727 2643 2903 2696 sancti
2957 2640 3275 2711 prioribus,
3313 2641 3620 2706 nronacbis,

2032 2733 2314 2799 fratribus,
2354 2741 2408 2787 et
2465 2733 2717 2801 personis
2747 2733 3019 2802 praedictis
3052 2734 3150 2788 sub
3193 2748 3254 2786 ea
3308 2733 3489 2786 vivere
3523 2749 3622 2786 cu-

2032 2827 2328 2896 pientibus,
2383 2841 2520 2890 quos
2551 2826 2718 2878 etiam
2757 2841 2836 2892 ac.
2859 2841 2954 2895 per
2991 2826 3166 2893 ipsum
3219 2823 3426 2892 Lupum
3473 2838 3623 2894 post-

2030 2935 2192 2988 quam
2238 2919 2536 2971 seeundurn
2567 2918 2816 2971 eaindern
2859 2919 3100 2985 regulam
3134 2926 3254 2969 vota
3289 2931 3386 2970 sua
3422 2917 3622 2985 prim-i-

2031 3011 2172 3078 palia
2236 3009 2556 3062 emisissent
2610 3010 2644 3062 a‘
2699 3009 2858 3063 dictae
2884 3013 3082 3079 regula:
3127 3011 3302 3064 sancti
3331 3008 3621 3078 Augustini

2031 3098 2380 3152 observantia
2428 3113 2493 3152 es
2547 3109 2673 3152 tunc
2725 3100 2942 3167 penitus
2991 3099 3272 3152 absolutos
3303 3112 3428 3152 esse
3469 3096 3621 3150 volu-

2032 3204 2175 3256 mus,
2211 3199 2266 3244 et
2299 3190 2638 3244 decrevimus
2683 3191 3082 3244 observandam
3118 3189 3364 3242 tradendi
3436 3197 3490 3240 et
3524 3204 3625 3256 prta

2035 3281 2270 3337 blicandi
2306 3283 2517 3352 plenam
2581 3292 2630 3335 et
2670 3282 2893 3334 liberam
2929 3295 3024 3350 per
3051 3281 3186 3334 alias
3218 3289 3436 3334 nostras
3474 3279 3623 3332 litte-

2036 3389 2146 3439 ras,
2175 3390 2312 3443 quas
2341 3390 2526 3429 earum
2553 3384 2744 3428 tenore
2764 3373 3124 3444 praesentibus
3153 3371 3338 3426 haberi
3367 3371 3622 3425 volumus

2037 3483 2132 3536 pro
2158 3468 2456 3537 expressis,
2497 3466 2874 3522 concessimus
2911 3465 3248 3526 facultatem,
3279 3479 3342 3516 ac
3381 3477 3478 3534 per
3507 3475 3625 3516 eas-

2035 3563 2158 3613 dem
2207 3559 2414 3612 litteras
2451 3558 2742 3624 voluimus,
2769 3558 2912 3626 quod
2949 3565 3236 3625 postquam
3269 3555 3411 3609 idem
3444 3553 3622 3620 Lupus

2038 3650 2278 3720 regulam
2306 3650 2619 3720 bujusmodi
2656 3650 2988 3714 tradidisset,
3016 3649 3364 3719 publicasset,
3396 3659 3452 3700 ut
3487 3661 3621 3714 prae-

2037 3741 2229 3807 fertur,
2260 3757 2324 3794 ex
2359 3751 2486 3796 tunc
2535 3743 2668 3812 ipse,
2703 3756 2765 3794 ac
2793 3744 3026 3810 priores,
3077 3740 3349 3802 monachi,
3395 3736 3616 3798 fratres,

2036 3848 2098 3888 ac
2149 3846 2393 3900 persona:
2445 3831 2686 3899 prmdicti
2734 3831 2948 3884 ordinis
2991 3829 3286 3883 secundum
3314 3828 3458 3882 illam
3493 3839 3616 3879 veta

2037 3943 2129 3980 sua
2167 3924 2481 3994 principalia
2530 3924 2812 3994 religionis
2842 3922 3157 3993 bujusmodi
3183 3921 3465 3984 emittere,
3494 3936 3619 3990 pro-

2039 4020 2204 4085 ﬁteri,
2231 4031 2281 4074 et
2317 4021 2501 4078 vivere
2543 4028 2886 4084 tenerentur,
2923 4017 3152 4084 ipsaque
3177 4012 3360 4081 regula
3400 4014 3478 4066 sic
3511 4023 3620 4065 tra-

2039 4112 2149 4165 dita
2199 4121 2253 4162 et
2284 4110 2559 4180 publicata
2621 4107 2788 4164 robur
2843 4107 3052 4161 obtinet
3109 4114 3382 4175 perpetuae
3448 4104 3618 4156 [irini-

2039 4204 2186 4260 tntis.

2109 4295 2166 4348 3.
2218 4290 2354 4346 Cum
2417 4301 2601 4345 autem
2653 4292 2796 4345 sicut
2838 4287 3076 4347 exhibita
3108 4285 3266 4342 nobis
3297 4299 3468 4354 nuper
3519 4299 3617 4354 pro

2041 4395 2192 4454 parte
2241 4383 2484 4458 ejusdem
2536 4381 2671 4452 Lupi
2724 4382 2910 4450 petitio
2961 4379 3298 4443 continebat,
3333 4377 3466 4434 licet
3507 4377 3624 4445 ipse

2041 4478 2383 4548 postmodum
2425 4476 2492 4529 ad
2527 4477 2823 4529 salutarem
2856 4474 2983 4528 dicti
3030 4470 3245 4526 ordinis
3285 4468 3623 4524 monachalis

1973 4597 2014 4651 ο
2046 4570 2472 4631 institutionem,
2503 4569 2730 4637 ejusque
2764 4565 3114 4630 soliditatem,
3139 4572 3193 4619 et
3227 4564 3620 4618 incrementqu

2046 4659 2270 4730 provide
2327 4659 2640 4724 intendens,
2702 4655 2986 4727 praefatam
3037 4657 3204 4709 vitam
3261 4653 3392 4707 dicti
3445 4653 3618 4706 sancti

2045 4750 2361 4822 Hieronymi
2413 4750 2789 4804 mouachalem
2856 4750 2910 4803 in
2980 4748 3226 4812 ordinem
3287 4743 3621 4816 bujusmodi,

2043 4845 2267 4914 ejusque
2307 4842 2640 4905 doctrinam,
2665 4850 2723 4896 et
2752 4841 3001 4896 instituta
3061 4839 3424 4902 monachalia,
3465 4849 3626 4907 prout

2043 4953 2107 4992 ex
2149 4935 2438 5008 epistolis,
2495 4945 2551 4989 et
2601 4935 2925 4990 tractatibus
2975 4933 3247 5003 praedictis
3291 4947 3388 5001 per
3443 4931 3619 4998 ipsum

2046 5031 2254 5100 Lupum
2284 5038 2554 5091 extracta,
2591 5026 2907 5096 compilata,
2944 5037 2999 5081 et
3025 5027 3245 5082 reducta
3295 5025 3539 5083 fuerunt,
3567 5033 3625 5073 ut

2044 5122 2356 5194 praefertur,
2393 5120 2660 5174 dictarum
2723 5119 3027 5173 litterarum
3079 5118 3264 5188 vigore
3307 5115 3426 5169 loco
3466 5115 3623 5168 dicta:

2047 5215 2243 5286 regula:
2273 5213 2445 5267 sancti
2475 5211 2761 5280 Augustini
2796 5213 2850 5265 in
2885 5210 3127 5280 regulam
3163 5208 3373 5262 ordinis
3427 5220 3623 5259 mona-

2045 5310 2270 5363 chorum
2299 5307 2660 5376 Erernitarum
2688 5304 3064 5373 assumpserit,
3087 5310 3141 5356 et
3173 5300 3431 5361 erexerit.
3461 5309 3623 5367 atque

2045 5399 2371 5467 susceperit,
2407 5398 2689 5467 ipsamque
2721 5397 2959 5465 regulam
2989 5393 3283 5464 prioribus,
3318 5392 3624 5448 monachis.

2045 5494 2306 5547 fratribus
2355 5501 2410 5544 et
2464 5491 2709 5558 personis
2773 5488 2986 5542 ordinis
3047 5486 3354 5555 bujusmodi
3412 5486 3516 5539 sub
3564 5500 3627 5537 ea

2047 5585 2230 5638 vivere
2263 5582 2613 5650 cupientibus
2654 5581 2808 5650 juxta
2849 5579 2996 5632 Illius
3037 5575 3628 5632 contiuentiaminvio-

2047 5675 2286 5730 labiliter
2341 5673 2740 5728 observamlam
2795 5671 3106 5740 tradiderit,
3155 5669 3533 5740 publicaverit,
3571 5686 3630 5720 ac

2049 5765 2329 5820 observari
2365 5766 2692 5828 decreverit,
2721 5763 2934 5832 ipsique
2986 5765 3232 5830 priores,
3264 5762 3515 5816 monachi
3573 5771 3630 5814 et

2049 5861 2248 5914 fratres
2327 5867 2447 5916 vota
2504 5871 2600 5914 sua
2671 5858 2986 5928 principalia
3045 5869 3342 5912 secundum
3392 5855 3628 5926 reguiarn
