3934 6188
360 377 463 442 ωδ

1300 384 1364 442 S.
1394 356 1852 442 .HlEllONYMl
1895 381 2216 456 OPEBUM
2261 378 2658 440 MANTISSA.

3498 354 3601 425 4ὺὲ

360 496 670 561 bnjnsmodi
709 495 760 550 in
796 497 1048 552 manibus
1073 497 1204 556 dicti
1237 498 1371 568 Lupi
1409 497 1640 568 professi
1669 497 1921 562 ,fuerint,
1954 503 1997 559 Α
2032 509 2086 553 et
2119 498 2499 567 gubernentur
2552 511 2648 564 per
2687 493 2891 548 dictum
2925 487 3156 556 Lupum,
3209 483 3438 552 ejusque
3478 496 3602 536 sue-

363 588 565 654 illaque
595 591 661 643 de
687 600 883 643 caetero
916 598 1129 644 utentes
1151 590 1454 646 secundum
1491 606 1610 645 eam
1644 603 1923 660 regantur,

359 684 413 730 et
449 676 838 745 gubernentur,
867 692 930 732 ac
964 679 1074 748 ipsa
1109 680 1159 733 in
1187 681 1424 750 regulam
1453 696 1638 734 eorum
1671 691 1926 751 tanquam

363 781 543 820 veram
596 766 902 823 doctrinam
953 771 1330 826 monacbalem
1386 775 1560 827 sancti
1613 772 1928 843 Hieronymi

359 857 646 916 laudantes
683 869 738 913 et
794 861 1163 932 approbantes
1201 874 1582 933 acceptarum,
1622 878 1676 918 et
1730 881 1929 920 secun-

359 954 484 1008 dum
518 966 660 1014 eam,
683 953 847 1006 etiam
879 957 1209 1011 monasteria
1239 955 1478 1025 ejusdem
1507 957 1714 1016 ordinis
1740 973 1932 1012 mona-

360 1042 586 1096 chorum
622 1057 814 1114 regunt
841 1057 896 1102 et
924 1049 1256 1117 gubernant.

433 1133 486 1187 4.
522 1133 667 1197 Idem
722 1148 900 1194 tamen
937 1140 1122 1210 Lupus
1171 1144 1623 1215 assumptionem,
1693 1148 1932 1202 erectio-

362 1239 510 1289 nent,
541 1230 972 1299 susceptionem,
1011 1236 1383 1300 traditionem,
1409 1239 1861 1307 publicationem,
1883 1253 1938 1295 et

363 1317 671 1384 decretum,
709 1323 928 1394 aliaque
987 1328 1268 1395 praemissa
1317 1344 1382 1383 ex
1416 1333 1583 1385 certis
1611 1332 1794 1388 causis
1834 1333 1937 1387 du-

367 1409 500 1462 bitat
539 1411 752 1468 viribus
788 1431 894 1470 non
930 1431 1090 1484 posse
1125 1420 1430 1475 subsistere
1459 1439 1473 1473 :
1499 1438 1596 1491 pro
1631 1432 1787 1492 parte
1809 1425 1937 1478 dicti

367 1499 497 1570 Lupi
545 1505 698 1560 nobis
750 1505 850 1560 fttit
894 1508 1174 1564 humiliter
1215 1513 1577 1582 supplicatum
1631 1524 1688 1568 ut
1728 1529 1941 1570 assunt-

367 1595 566 1696 ptioni,
590 1598 875 1662 erectioni,
915 1603 1282 1671 susceptioni,
1313 1606 1618 1670 traditioni,
1655 1619 1706 1662 et
1761 1607 1938 1676 publi-

367 1688 593 1749 cationi,
629 1704 693 1742 ac
726 1690 845 1746 aliis
875 1694 1172 1761 prannissis
1195 1712 1297 1765 pro
1331 1697 1549 1752 illorum
1583 1699 1940 1754 Subsistentia

375 1776 598 1832 ﬁrmiori
639 1781 808 1835 robur
855 1786 1170 1852 apostolirze
1218 1791 1656 1846 conﬁrmationis
1705 1792 1940 1860 adjicere

373 1866 438 1920 de
469 1868 809 1940 benignitate
857 1878 1153 1945 apostolica
1191 1881 1560 1950 dignarentur.

442 1960 495 2015 5.
541 1960 649 2017 Nos
684 1965 851 2034 igitur
874 1969 965 2036 qui
1021 1971 1303 2041 religionis
1354 1975 1829 2046 propagationem,
1890 1987 1942 2030 et

373 2053 536 2152 divini
572 2054 750 2111 cultus
781 2073 1132 2126 augmentum
1170 2065 1375 2119 nostris
1402 2067 1582 2134 vigere
1607 2068 1945 2136 temporibus

374 2146 608 2242 itttensis
639 2147 927 2242 desideriis
948 2151 1288 2218 affectamus,
1343 2157 1648 2223 hujusmodi
1681 2160 1946 2228 supplica-

371 2235 612 2296 tionibus
645 2236 914 2304 inclinati,
953 2247 1411 2314 assumptionem,
1446 2250 1946 2312 erectionem,sus-

371 2329 701 2430 ceptiottem,
735 2331 1107 2401 traditionem,
1135 2345 1191 2391 et
1241 2339 1686 2407 publicationem,
1722 2353 1774 2396 et
1841 2344 1945 2400 alia

375 2421 678 2494 praemissa,
706 2421 993 2494 ipsamque
1019 2427 1285 2494 regulum,
1312 2430 1948 2498 proutinferiusdescri-

371 2511 549 2575 betur,
573 2528 636 2566 ac
666 2515 870 2578 omnia,
905 2526 960 2570 et
997 2519 1208 2594 singula
1232 2521 1284 2574 in
1321 2537 1384 2576 ea
1415 2534 1695 2588 contenta,
1733 2541 1796 2581 ac
1825 2527 1948 2580 inde

373 2614 444 2662 se.
471 2612 580 2665 uta,
619 2611 734 2656 rata
769 2604 1059 2673 habentes,
1085 2620 1140 2664 et
1172 2623 1348 2679 grata,
1377 2630 1440 2668 ex
1464 2618 1796 2674 auctoritate
1821 2635 1950 2686 apo-

375 2693 566 2748 stolica
638 2710 702 2750 ex
738 2707 924 2752 nostra
981 2712 1130 2756 certa
1160 2706 1390 2770 scientia
1452 2709 1863 2774 conﬁrmamus,
1896 2721 1951 2764 et

378 2793 664 2856 praesentis
689 2799 874 2866 scripti
902 2801 1207 2868 patrocinio
1225 2804 1650 2867 communimus,
1692 2805 1948 2872 supplen-

379 2897 459 2940 tes
493 2903 683 2943 omnes
714 2890 982 2955 defectus,
1011 2893 1054 2947 si
1094 2893 1188 2961 qui
1224 2897 1407 2949 lorsan
1449 2896 1859 2952 intervenerint
1889 2898 1945 2952 in

376 2979 604 3042 eisdem.

454 3075 510 3134 6.
546 3079 862 3135 Statuentrs
899 3082 1280 3148 nihilominus,
1312 3093 1366 3138 et
1401 3085 1566 3138 etiam
1609 3085 1950 3150 ordinantes,

281 3179 295 3186 ’
380 3171 522 3238 quod
561 3173 630 3226 de
694 3183 894 3227 caetero
931 3174 1117 3244 Lupus
1153 3177 1288 3244 ipse,
1346 3176 1578 3246 ejusque
1606 3193 1953 3233 successores

383 3264 683 3332 praepositi,
709 3267 1014 3338 generales,
1055 3269 1288 3337 priores,
1323 3270 1602 3335 monachi,
1651 3271 1870 3338 fratres,
1901 3281 1954 3326 et

385 3350 753 3420 professores,
785 3369 850 3408 ac
885 3368 1216 3422 conventus,
1252 3365 1310 3412 et
1341 3362 1672 3412 monasteria
1707 3359 1836 3412 dicti
1859 3374 1953 3413 or-

385 3445 531 3501 dinis
561 3449 953 3503 monachorum
992 3449 1358 3505 Eremitarmn
1396 3450 1454 3505 S.
1483 3451 1956 3520 Hieronynti,qua:

387 3555 534 3595 nunc
563 3551 714 3602 sunt,
755 3552 808 3597 et
833 3555 994 3599 erunt
1025 3546 1076 3598 in
1105 3555 1408 3611 posterum,
1446 3547 1804 3612 proﬁteantur
1833 3557 1953 3597 vota

387 3648 486 3686 sua
522 3633 623 3687 tria
678 3635 1000 3705 principalia
1045 3638 1350 3705 religionis,
1382 3651 1446 3691 ac
1475 3639 1637 3692 etiam
1676 3646 1956 3706 regantur,

403 3835 708 3847 ma“...
723 3837 880 3845 ...ρ-ου...

1815 3831 1864 3837 .-,
1881 3830 2298 3839 ...κν-...ρ--ςου-
2307 3830 2344 3836 ο.
2357 3830 2387 3835 .-
2397 3831 2412 3834 -
2421 3829 2462 3834 ..-
2475 3830 2480 3833 .

2035 606 2284 648 cessores
2313 590 2661 660 praepositos,
2695 599 2758 638 ac
2780 583 2964 636 vivere
2990 588 3284 634 teneantur
3303 575 3604 631 secundum

2035 687 2276 754 regulam
2317 680 2656 755 huiusmodi,
2679 678 2912 747 ejusque
2945 671 3366 735 continentiam,
3395 677 3450 722 et
3479 665 3608 721 elle-

2035 787 2206 835 ctum.
2263 791 2326 829 ac
2379 774 2556 844 ipsius
2614 770 3040 837 susceptionem,
3114 761 3490 822 traditionem,
3555 767 3610 810 et

2035 867 2458 938 publicationem
2512 862 2788 934 praefatos,
2828 861 3047 930 aliaque
3112 856 3361 912 instituta
3401 853 3612 908 ordinis

2039 959 2350 1030 bujusmodi
2383 955 2676 1027 regularia.

2108 1054 2163 1107 7.
2216 1051 2474 1106 Volumus
2503 1050 2728 1116 insuper
2797 1054 2960 1114 atque
2988 1041 3343 1097 concedimus
3368 1038 3434 1091 ad
3469 1052 3614 1092 sere-

2039 1145 2252 1198 nandas
2288 1141 2658 1198 conscientias
2689 1139 3062 1208 professorum
3097 1134 3262 1202 bnjus
3290 1131 3527 1192 ordinis,
3557 1139 3612 1182 et

2041 1253 2137 1304 pro
2170 1237 2412 1305 ipsorum
2453 1232 2646 1301 majori
2682 1231 2863 1299 quiete
2895 1227 3231 1287 animorum,
3263 1222 3409 1290 quod
3442 1220 3484 1273 si
3521 1219 3613 1286 qui

2043 1329 2414 1398 professorum
2440 1323 2750 1393 hujusmodi
2781 1322 2986 1376 dictam
3016 1317 3282 1386 regulam,
3316 1329 3410 1368 seu
3439 1311 3616 1381 aliqua

2040 1425 2106 1477 de
2142 1419 2420 1476 contentis
2446 1419 2499 1472 in
2532 1432 2617 1482 ea,
2647 1417 2876 1468 humana
2903 1411 3220 1480 fragilitate,
3257 1416 3350 1460 aut
3386 1403 3620 1457 inﬁrmi-

2044 1525 2156 1570 tate
2185 1521 2468 1574 causante,
2497 1525 2591 1564 seu
2621 1507 2758 1562 alias
2795 1515 2902 1558 tam
2935 1511 3150 1565 exacte,
3201 1505 3362 1567 prout
3392 1497 3620 1549 traditur

2045 1607 2096 1658 in
2149 1605 2376 1668 eisdem,
2425 1617 2529 1656 non
2565 1596 2998 1660 observaverint,
3031 1609 3136 1649 non
3169 1601 3458 1660 propterea
3479 1601 3620 1640 mor.

2046 1695 2168 1748 talis
2196 1691 2402 1762 peccati
2439 1689 2658 1745 vinculo
2687 1689 2798 1742 sint
2831 1684 3003 1754 ligati,
3042 1684 3137 1738 sed
3177 1698 3272 1749 per
3306 1695 3436 1734 suos
3461 1693 3621 1746 supe-

2048 1789 2223 1840 riores
2254 1799 2351 1854 pro
2389 1798 2604 1845 eorum,
2635 1791 2690 1834 et
2726 1778 3183 1845 transgressione,
3214 1791 3278 1829 ac
3315 1775 3474 1828 modo
3506 1771 3618 1826 cul-

1969 1865 2128 1949 3pm
2184 1875 2388 1946 injungi
2463 1875 2642 1928 valeat
2707 1869 3031 1940 poenitentia
3093 1867 3376 1928 salutaris,
3455 1878 3622 1932 quam

2048 1974 2326 2042 suscipere
2367 1985 2419 2025 et
2451 1969 2750 2036 adimplere
2785 1975 3090 2021 teneantur.
3133 1961 3246 2014 Non
3279 1958 3624 2014 obstantibus

2049 2065 2386 2135 apostolicis,
2408 2078 2472 2118 ac
2503 2060 2778 2132 praedicti,
2806 2069 2860 2113 et
2885 2057 3118 2110 aliorum
3163 2063 3620 2122 quorumcunque

2049 2160 2326 2223 ordinum,
2365 2155 2609 2219 statutis,
2642 2162 2696 2208 et
2721 2149 3236 2210 consuetudinibus,
3275 2145 3443 2199 etiam
3475 2142 3626 2211 jura-

2051 2258 2257 2314 mento,
2290 2247 2706 2304 conﬁrmatione
2762 2242 3097 2312 apostolica,
3161 2239 3244 2292 vel
3295 2249 3627 2305 quacunque

2054 2343 2308 2397 ﬁrmitate
2335 2341 2439 2396 alia
2471 2339 2765 2406 roboratis,
2810 2336 3137 2404 caeterisqne
3178 2329 3475 2385 contrariis
3513 2327 3631 2395 qui—

2052 2435 2399 2502 buscunque.

2123 2523 2177 2578 3.
2211 2525 2394 2578 Tenor
2435 2538 2568 2578 vero
2604 2520 2824 2591 Regula:
2885 2515 3195 2588 bujusmodi
3238 2514 3306 2568 de
3339 2513 3508 2566 verbo
3537 2511 3632 2564 “ad

2055 2621 2277 2675 verbum
2315 2618 2581 2688 sequitur,
2612 2626 2666 2671 et
2700 2626 2786 2672 est
2833 2614 2955 2667 talis
2984 2627 2998 2668 :
3033 2611 3258 2664 Fratres
3305 2605 3630 2666 charissimi,

2055 2730 2156 2766 non
2187 2729 2318 2781 queo
2343 2728 2496 2779 quem
2521 2719 2690 2764 mente
2717 2709 2930 2775 concepi
2952 2723 3040 2760 ore
3060 2704 3295 2772 proferre
3315 2715 3632 2758 sermonem.

2055 2816 2161 2860 etc.
2198 2820 2212 2870 ;
2244 2807 2294 2856 in
2338 2807 2446 2857 line
2480 2818 2610 2857 vero
2647 2803 2892 2872 ejusdem
2932 2799 3185 2853 subditur

2131 2899 2186 2953 9.
2221 2897 2359 2952 Nulli
2398 2911 2529 2968 ergo
2559 2896 2783 2949 omnino
2817 2894 3098 2948 hominum
3134 2888 3452 2944 liceathanc
3481 2883 3635 2953 pagi-

2057 3007 2182 3046 nam
2221 2999 2417 3043 nostra:
2440 2987 2896 3050 conﬁrmationis,
2931 2981 3399 3044 commnnitionis,
3427 2975 3634 3046 suppli-

2061 3081 2320 3145 cationis,
2347 3081 2558 3144 statuti,
2581 3077 2966 3138 ordinationis,
2995 3075 3381 3135 voluntatis,et
3413 3081 3641 3122 concess

2059 3175 2231 3230 sionis
2273 3173 2592 3242 infringere,
2633 3172 2719 3225 vel
2750 3172 2797 3226 ei
2835 3186 2967 3223 ausu
3018 3167 3308 3221 temerario
3335 3162 3638 3216 contraire.

2063 3269 2119 3323 Si
2159 3267 2282 3336 quis
2328 3276 2512 3321 autem
2557 3266 2658 3320 hoc
2689 3275 2956 3318 attentare
2995 3244 3436 3331 praesumpserit,
3503 3254 3642 3308 indi-

2063 3361 2376 3428 gnationem
2405 3355 2803 3425 omnipotentis
2833 3355 2947 3416 Dei,
2993 3363 3044 3404 et
3090 3351 3373 3404 beatorum
3407 3344 3557 3399 Petri
3587 3355 3642 3395 et

2066 3448 2625 3519 Pauli‘apostolorum
2685 3447 2805 3516 ejus
2873 3461 2932 3500 se
2973 3445 3189 3499 noverit
3258 3441 3639 3493 incursurum.

2068 3544 2188 3596 Dat.
2223 3540 2409 3595 Romae
2437 3542 2578 3610 apud
2621 3538 2855 3593 Sattctos
2877 3535 3170 3604 Apostolos
3197 3541 3350 3586 sexto
3381 3529 3509 3583 ldus
3541 3524 3637 3580 Ju-

2069 3637 2147 3698 lii,
2191 3635 2544 3701 pontilicatus
2573 3631 2745 3685 nostri
2793 3647 2936 3684 anno
2970 3627 3186 3680 decimo
3220 3622 3404 3677 tertio.

3303 3812 3630 3828 ..____-

2497 3829 2504 3834 .
2513 3827 2786 3835 ...η’-Μ’

2489 3842 2816 3854 σ--οο--ιθ

1055 4009 1701 4147 REGULA
1794 4000 2966 4134 MONACHABUM.

395 4417 616 4491 Indigna
655 4415 896 4485 prorsus,
930 4430 1044 4481 qum
1071 4416 1394 4480 Hieronymo
1437 4409 1750 4477 affiger-etur,
1779 4408 1943 4460 doctis
1973 4406 2250 4474 probisque
2311 4403 2612 4454 hominibus
2651 4401 2762 4452 visa
2803 4406 2903 4449 est.
2937 4393 3075 4449 Sane
3107 4403 3266 4458 neque
3299 4397 3396 4448 est,
3461 4387 3515 4441 in
3540 4401 3647 4455 quo

1477 4500 1921 4554 consarcinatoris
1952 4497 2284 4566 diligentiam
2318 4493 2522 4553 laudes.

1706 4813 2311 4900 PBOCEMiUM.

469 5025 782 5092 Tepescens
823 5019 876 5074 in
905 5013 1166 5073 membris
1202 5013 1508 5084 proclivum
1542 5023 1740 5078 corpus
1768 5006 1832 5060 ad
1861 5017 1966 5059 ter-
2003 5012 2042 5066 ι)
2073 5011 2180 5064 est,
2227 5014 2333 5053 non
2373 4996 2478 5053 sibi
2520 4993 2644 5064 ipsi,
2681 5004 2927 5046 normam
2953 4996 3008 5042 et
3038 4983 3306 5055 regulam,
3347 4997 3412 5036 ex
3439 4971 3658 5036 Christi

393 5133 508 5172 ram
539 5129 608 5172 ex
647 5127 756 5184 qua
797 5109 951 5173 exiit,
981 5109 1207 5179 jamque
1247 5119 1444 5173 rugosa
1480 5101 1662 5156 fronte
1689 5112 1877 5154 senem
1910 5104 1964 5150 et

318 5204 325 5211 ’
393 5217 604 5264 natura:
633 5219 770 5276 pene
805 5211 1115 5274 portentum
1152 5187 1392 5260 :vcster,
1425 5194 1752 5265 praedilecta:
1776 5191 1830 5244 in
1865 5189 1967 5252 Do.

394 5302 545 5356 mino
585 5299 731 5364 tiliae,
761 5306 816 5352 et
850 5293 1098 5356 Domina:
1137 5290 1338 5348 Christi
1370 5287 1614 5356 virgines
1653 5281 1966 5338 sacratissi-

394 5412 513 5464 maz,
551 5392 910 5449 Eustochium
925 5398 979 5444 et
1012 5386 1257 5456 reliquae,
1279 5383 1346 5436 ad
1361 5381 1503 5451 Λευὶ
1537 5393 1705 5434 novas
1728 5376 1966 5445 nuptias,

397 5491 501 5546 sub
529 5485 877 5548 obedientiae,
910 5481 1212 5554 pudicitiae,
1229 5473 1591 5546 paupertatis,
1614 5479 1670 5526 et
1693 5470 1969 5538 religionis

397 5587 451 5638 itt
473 5585 638 5638 domo
657 5577 870 5634 Domini
885 5579 1136 5634 adunataa
1151 5565 1690 5642 prepositomimiunt
1712 5562 1974 5617 sollicitat

399 5677 502 5742 piae
535 5671 851 5727 devotionis
886 5670 941 5723 in
967 5663 1259 5724 cbaritatis
1291 5661 1509 5723 aﬁVctn,
1544 5667 1605 5713 ut
1647 5653 1970 5710 tremulenta

401 5780 595 5822 manus
628 5779 741 5816 sua:
757 5773 1048 5830 parumper
1081 5754 1368 5814 vetustatis
1393 5752 1580 5815 oblita,
1602 5749 1712 5802 Deo
1734 5747 1972 5807 vivendi,

399 5874 507 5913 non
533 5856 738 5909 mundo
772 5870 789 5908 :
819 5851 1060 5909 soiritui.
1099 5866 1204 5905 non
1232 5847 1386 5912 carni
1426 5861 1440 5911 ;
1477 5854 1527 5899 et
1558 5842 1702 5911 quod
1740 5841 1968 5895 arduum

2075 5106 2131 5152 ct
2167 5091 2532 5163 apostolorum
2561 5089 2668 5142 vita
2704 5086 3028 5144 collectam;
3059 5095 3124 5133 ex
3140 5087 3452 5132 sanctorum
3484 5077 3658 5130 etiam

2080 5197 2296 5256 patrum
2355 5184 2841 5242 anachoretarum,
2895 5189 3034 5243 quos
3086 5187 3182 5242 per
3223 5179 3430 5236 septem
3473 5180 3662 5220 annos

2077 5289 2387 5334 eretnorum
2426 5282 2582 5328 antra
2625 5269 2974 5331 circumiens,
3007 5279 3112 5318 non
3145 5260 3261 5315 sine
3285 5255 3664 5312 admiratione

2075 5381 2131 5427 et
2167 5369 2552 5426 informatione
2585 5363 2792 5433 reperi,
2821 5353 3226 5438 observationis
3253 5359 3307 5405 et
3333 5347 3662 5403 imitationis

2083 5468 2248 5532 digno
2275 5457 2764 5518 commendandam
2798 5451 3092 5524 przeconio,
3127 5449 3182 5501 in
3219 5453 3472 5517 praesenti
3505 5439 3665 5495 libel-

2077 5562 2130 5614 lo
2169 5558 2395 5614 edoceat
2433 5552 2610 5607 oﬂicio
2653 5547 2872 5611 calami,
2914 5552 3133 5615 paratas
3166 5547 3382 5595 mentes
3449 5536 3516 5587 ad
3556 5535 3663 5587 bo-

2080 5669 2234 5716 num,
2267 5649 2431 5704 veluti
2483 5647 2663 5715 lingua
2726 5639 3051 5711 jamdudum
3103 5633 3312 5689 solebat
3369 5640 3502 5682 voce
3546 5641 3662 5680 non

2083 5755 2319 5802 mortua.
2353 5739 2397 5795 Ο
2443 5737 2572 5791 felix
2626 5735 2865 5794 affectio,
2898 5747 2930 5784 ο
2962 5726 3295 5784 desiderium
3336 5723 3388 5776 in
3425 5720 3666 5774 Domino

2083 5834 2573 5894 commendandum
2607 5845 2620 5893 ;
2657 5835 2714 5880 ut
2767 5839 2886 5896 quae
2940 5821 3248 5883 deﬁciente,
3307 5830 3396 5886 per
3435 5812 3663 5869 senium
