3956 6196
299 394 411 456 405

1464 397 1790 457 REGULA.
1844 399 2410 460 MONACHARUM.

3462 399 3570 463 406

292 521 353 564 et
385 523 737 565 communem
759 507 940 564 aetatis
975 507 1135 564 tinem
1162 507 1343 580 lingua
1371 510 1634 593 doctoris,
1662 513 1729 568 de
1754 528 1886 568 casu
1916 524 1967 584 Α
1995 526 2167 571 nastei
2184 516 2232 571 ia
2270 527 2402 572 sunt
2451 525 2679 580 tartara.
2720 516 3057 571 habitatores
3103 524 3230 571 sunt
3274 516 3566 571 dtemones.

302 600 538 666 timetis,
568 600 663 669 qui
718 607 1006 668 promptus
1040 610 1145 662 est,
1206 611 1630 671 prmumptuose
1661 613 1716 658 et
1774 620 1881 659 non

298 693 493 747 timide
518 691 931 747 ambulantibus
966 692 1019 745 in
1063 693 1148 747 via
1182 691 1275 749 Dei
1307 710 1322 759 ;
1357 695 1409 748 in
1447 710 1551 762 qua
1611 706 1687 750 tot
1716 697 1885 754 latent

299 788 551 850 adversa,
588 796 719 855 quot
752 793 1028 839 momenta
1058 793 1190 840 sunt
1230 793 1534 857 temporum
1577 790 1591 843 l
1626 789 1885 858 Exposuit

302 885 481 933 vestra
519 879 716 948 pietas,
752 886 813 933 ut
837 876 1056 948 depicta
1099 878 1204 933 sibi
1258 880 1525 945 pericula,
1554 891 1612 936 et
1640 881 1883 937 fomenta

302 970 526 1025 remedii
562 969 840 1040 proclivus
896 985 1117 1040 semper
1174 972 1241 1027 ad
1272 971 1473 1025 malum
1514 988 1544 1025 a
1581 973 1887 1043 primordio

298 1060 602 1129 iuventutis
652 1060 947 1115 rationalis
978 1071 1033 1115 et
1062 1061 1315 1118 animalis
1383 1064 1598 1120 animus
1653 1079 1886 1122 cernens

301 1152 586 1220 gradiatur
638 1167 737 1221 per
773 1158 912 1207 tuta.
955 1151 1002 1209 0
1032 1146 1278 1223 prudens
1332 1156 1650 1222 consilium,
1684 1167 1744 1213 ut
1785 1172 1887 1228 pro

304 1264 439 1303 voce
465 1248 794 1317 scripturam
829 1257 926 1314 ;et
981 1258 1081 1317 pro
1134 1248 1372 1304 faciliter
1432 1251 1761 1317 transeunti,
1793 1253 1884 1309 diu

303 1355 623 1394 mansurum
654 1349 950 1394 commutet
974 1340 989 1411 ι
1016 1338 1062 1395 0
1079 1339 1224 1410 justa
1257 1350 1314 1396 et
1337 1351 1526 1397 sancta
1552 1344 1886 1412 evhortetio,

304 1444 357 1486 et
387 1433 647 1501 perdigna
677 1426 1056 1487 exauditionis
1088 1430 1390 1495 beneﬁciol

368 1523 506 1588 Sed,
538 1523 866 1593 pradilecta:
890 1522 1035 1589 tiliae,
1085 1535 1141 1579 et
1203 1523 1489 1595 sijustum
1519 1538 1577 1584 et
1632 1539 1883 1589 sanctum

300 1623 407 1679 est,
438 1615 587 1682 quod
618 1615 801 1682 petitis
836 1630 868 1670 a
898 1626 1054 1684 patre
1091 1616 1304 1686 :patris
1326 1626 1506 1674 tamen
1540 1629 1699 1690 negat
1728 1632 1886 1688 astas,

303 1702 1135 1771 probibetiusullicientia,licet.
1166 1708 1379 1777 ingerat
1430 1712 1695 1767 charitas.
1754 1713 1886 1768 Stu-

305 1804 436 1864 pent
466 1795 611 1850 oeuli
651 1796 982 1867 palpitantes
1036 1798 1089 1854 in
1123 1800 1392 1869 tenebris,
1449 1800 1637 1859 horret
1678 1814 1888 1863 naturae

307 1887 569 1954 phrenesi
628 1889 946 1945 incuustaus
1021 1906 1216 1948 manus
1278 1908 1543 1965 peragere
1599 1896 1885 1965 juvenilia.
1920 1872 1960 1928 Β

309 1977 576 2035 llortatur
608 1989 786 2036 tamen
814 1997 1034 2051 semper
1055 1984 1344 2041 charitatis
1376 1989 1561 2055 ardor,
1598 2003 1667 2044 ne
1696 2005 1889 2060 parca-

309 2083 396 2126 tur
433 2073 632 2136 labori,
678 2073 820 2128 unde
857 2084 1040 2131 tantus
1092 2076 1368 2147 colligitur
1428 2077 1643 2135 fruetus
1671 2096 1687 2134 :
1719 2095 1882 2151 quem

308 2177 411 2217 ron
439 2173 688 2233 putarem
725 2164 779 2218 in
814 2166 970 2220 vobis
1006 2180 1259 2237 carpere,
1311 2167 1765 2239 quasScripturis
1820 2173 1888 2229 tle

308 2255 529 2310 Domini
559 2256 844 2310 voluntate
878 2256 1072 2312 melius
1123 2259 1259 2314 estis
1297 2258 1524 2325 edoctte,
1561 2271 1621 2317 ut
1672 2264 1885 2321 blandi-

307 2348 732 2420 meatigaliquid
770 2349 975 2416 fatear,
1013 2351 1142 2407 licet
1172 2353 1445 2419 veritatis,
1487 2354 1596 2410 nisi
1627 2358 1693 2410 ad
1754 2357 1889 2414 alias

305 2442 666 2497 succedentes
700 2455 797 2512 per
830 2450 1077 2510 tempora
1114 2442 1528 2500 informandum
1565 2446 1883 2502 traheretur

308 2543 499 2587 tantus
518 2532 609 2587 hic
633 2532 810 2588 labor.
849 2532 1047 2589 Vincat
1088 2534 1255 2602 igitur
1285 2534 1528 2590 duellum
1571 2536 1676 2592 hoc
1703 2537 1891 2593 chari-

310 2634 393 2679 tas
428 2638 449 2678 :
480 2638 602 2694 qua:
630 2625 810 2695 ipsum
868 2626 1240 2682 invincibilem
1270 2627 1426 2693 vicit,
1456 2637 1517 2684 ut
1566 2629 1890 2686 immortalis

311 2726 631 2772 moreretur
668 2732 769 2788 pro
800 2718 981 2774 nobis.
1012 2717 1210 2773 Verum
1257 2719 1460 2775 frustra
1490 2721 1611 2777 hac
1637 2731 1890 2792 speratur

308 2810 540 2864 victoria
565 2811 621 2864 in
650 2820 796 2866 tanta
832 2796 1271 2882 impossibilitate
1294 2822 1527 2880 natum,
1578 2815 1693 2870 nisi
1725 2815 1893 2871 dero-

306 2907 377 2955 iae
415 2903 702 2957 orationes
730 2902 971 2957 filiarum
1026 2902 1255 2969 adsint;
1289 2905 1495 2973 quibus
1526 2903 1670 2960 Dens
1709 2907 1889 2977 paruit

314 2995 364 3044 in
403 3003 618 3047 tantum
660 2994 729 3048 ab
784 2996 1032 3063 antiquo,
1065 3002 1127 3048 ut
1181 2994 1353 3050 etiam
1419 3009 1545 3050 eum
1594 3000 1889 3063 pact-iteret

312 3098 531 3147 eorum,
543 3099 667 3155 qua
688 3084 945 3154 primitus
964 3085 1222 3140 minando
1238 3090 1625 3157 spoponderat,
1641 3087 1889 3157 quamvis

316 3176 588 3248 ptenitere
625 3191 735 3231 non
764 3177 952 3247 poSsit.

812 3337 1046 3395 CAPUT
1107 3336 1400 3394 PRIMUM.

600 3431 682 3488 De
713 3432 969 3488 eltaritate
998 3443 1048 3487 et
1090 3435 1291 3486 unitate
1334 3433 1613 3489 servanda.

383 3549 518 3616 Quis
545 3557 727 3604 autem
777 3549 832 3602 in
877 3547 1212 3601 monasterio
1248 3548 1566 3603 constitutis
1616 3561 1897 3602 sororibus

314 3644 522 3711 primus
551 3642 620 3695 sit
648 3641 991 3710 arripiendus
1022 3640 1212 3693 modus
1237 3637 1347 3693 Deo
1378 3639 1590 3693 vivendi
1609 3648 1662 3694 et
1688 3643 1893 3711 regula,

316 3738 430 3802 ipse
450 3732 604 3788 solus
631 3731 886 3786 Christus
923 3730 1084 3800 hujus
1114 3729 1377 3801 propositi
1411 3732 1658 3800 inceptor
1682 3738 1738 3784 et
1802 3732 1894 3785 do.

317 3839 464 3891 ctor,
498 3826 550 3879 itt
576 3824 736 3880 unius
766 3823 1115 3892 responsione
1143 3813 1359 3877 instruit
1377 3822 1691 3877 universos:
1719 3821 1777 3877 Si
1796 3824 1896 3889 vis,

317 3921 494 3988 inquit
522 3919 663 3972 idem
694 3919 953 3988 magister
980 3900 1094 3972 haec
1126 3909 1355 3984 petenti;
1382 3914 1453 3969 ad
1484 3919 1643 3970 vitam
1673 3916 1894 3985 ingredi,

317 4030 464 4067 serva
496 4011 772 4065 mandata.
805 4009 961 4077 Quod
991 4010 1035 4065 si
1097 4010 1234 4065 forte
1280 4020 1556 4080 quaeratur
1602 4026 1723 4079 quae
1766 4014 1894 4076 sint,

320 4105 467 4160 illico
506 4105 585 4158 sic
614 4102 990 4172 percunctanti
1043 4101 1297 4170 exposuit
1326 4116 1342 4155 :
1376 4099 1576 4169 Diliges
1616 4101 1897 4156 Demittunt

322 4197 488 4251 Deum
525 4206 673 4250 tuum
703 4212 769 4253 ea:
798 4204 909 4248 toto
948 4194 1127 4256 corde,
1156 4202 1348 4258 mente,
1372 4202 1422 4248 et
1452 4195 1644 4249 viribus
1690 4197 1816 4261 tuis,
1847 4206 1898 4250 et

319 4290 433 4357 plus
460 4304 622 4359 quant
649 4288 871 4356 teipsum
902 4303 922 4343 :
952 4295 1000 4341 et
1029 4284 1327 4355 proximum
1351 4297 1496 4339 tuum
1521 4287 1657 4339 sicut
1674 4292 1899 4357 teipsum

320 4381 538 4452 μιαιιΙι.
574 4397 629 4445 v,
677 4381 787 4451 45).
840 4379 899 4435 ln
961 4380 1048 4435 his
1097 4380 1311 4434 duobus
1370 4380 1654 4448 praeceptis
1706 4384 1902 4449 pendet

319 4474 582 4545 quidquid
618 4483 700 4528 est
736 4472 892 4543 legis,
955 4473 1219 4542 quidquid
1282 4471 1445 4524 etiam
1497 4471 1781 4541 propheta:
1844 4480 1900 4527 et

321 4567 493 4621 sancti
529 4564 631 4619 viri
665 4568 986 4633 perscrutati
1031 4572 1176 4618 sunt.

392 4662 454 4714 Et
477 4659 741 4715 attendite
772 4658 1022 4723 sollicite,
1048 4672 1254 4728 quaeso,
1283 4656 1639 4722 charissima,
1670 4671 1792 4727 qua:
1814 4656 1900 4711 iu-

278 4774 289 4783 ρ
322 4754 479 4822 gredi
510 4767 625 4807 non
658 4751 838 4805 solum
867 4751 995 4805 totis
1022 4751 1305 4804 aﬂectihus
1336 4749 1536 4816 cupitis
1580 4749 1649 4803 ad
1710 4750 1897 4812 vitam,

321 4821 600 4911 qnaz‘vere
634 4843 741 4895 vita
766 4854 846 4897 est
877 4840 1025 4909 (nam
1083 4840 1390 4895 viventibus
1425 4841 1478 4894 in
1536 4841 1739 4895 mundo
1790 4840 1899 4893 vita

322 4951 426 4989 non
452 4947 559 4999 est,
592 4934 684 4988 sed
713 4934 905 5002 mors),
932 4931 1026 4987 sed
1054 4930 1167 5002 jam
1196 4930 1290 4986 Dei
1345 4931 1554 4985 auxilio
1611 4933 1746 4987 estis
1798 4931 1903 4986 iter

322 5032 602 5097 ingressa,
635 5025 779 5094 quod
810 5025 928 5079 sine
956 5022 1241 5094 praeceptis
1270 5024 1552 5080 charitatis
1578 5039 1686 5079 non
1723 5026 1903 5095 ingre-

321 5122 466 5173 ditur
496 5120 787 5189 quisquam
812 5117 879 5171 ad
910 5115 1020 5172 Deo
1048 5118 1358 5172 vivendum.
1382 5116 1611 5186 Propter
1637 5116 1737 5171 hoc
1754 5117 1900 5172 enim

321 5212 599 5282 apostolus
625 5209 831 5265 Paulus
860 5224 965 5264 non
990 5209 1257 5279 gloriatur
1286 5208 1338 5263 in
1366 5208 1565 5279 linguis
1585 5210 1899 5280 angelorum

321 5313 374 5357 et
396 5303 703 5367 hominum,
740 5318 848 5356 non
885 5302 937 5354 in
967 5302 1283 5369 cognitione
1333 5304 1715 5371 mysteriorum
1779 5302 1902 5368 Dei,

324 5411 429 5451 non
460 5399 513 5449 in
545 5395 740 5463 spiritu
780 5396 1101 5466 prophetiae,
1140 5410 1245 5449 non
1278 5395 1329 5448 in
1366 5394 1752 5463 asperitatibus
1778 5411 1905 5449 car-

325 5489 428 5554 nis,
456 5504 565 5543 non
600 5489 763 5542 etiam
815 5488 868 5542 in
904 5488 1367 5558 eleemosyuarum
1402 5487 1660 5551 eperibus
1682 5527 1698 5551 ,
1732 5502 1903 5557 quan-

325 5596 479 5648 quam
514 5582 583 5634 ad
612 5582 793 5636 omnia
853 5580 1024 5650 pietas
1064 5578 1260 5641 valeat.
1312 5578 1607 5635 dummodo
1662 5581 1903 5636 Charitas

326 5689 429 5728 non
457 5675 621 5730 desit.

392 5765 515 5819 llaec
542 5767 725 5835 itaque
756 5766 869 5821 sola
918 5766 1098 5821 reddit
1132 5765 1406 5821 hominem
1459 5764 1567 5820 Deo
1608 5763 1899 5829 viventem,

328 5859 434 5915 ὕεα
462 5860 767 5933 religiosos,
796 5862 909 5916 haec
941 5861 1235 5916 monachos
1265 5858 1397 5914 facit
1433 5876 1447 5912 :
1483 5858 1602 5913 sine
1632 5865 1732 5913 hac
1785 5875 1899 5912 tuo-

1986 607 2124 663 Cum
2146 607 2250 663 bac
2275 624 2403 664 vero
2431 618 2557 663 sunt
2585 607 2873 678 paradisus
2897 606 2949 662 in
2978 608 3139 665 terris
3170 624 3188 662 :
3220 616 3266 662 et
3291 606 3345 662 in
3371 608 3451 663 eis
3475 610 3570 662 de.

1986 708 2176 769 gentes
2205 710 2329 756 sunt
2356 699 2556 769 angeli.
2588 698 2843 768 Ideoque,
2876 698 3008 753 mihi
3038 699 3249 754 dilecta
3280 698 3423 763 illim,
3444 700 3573 755 licet

1985 791 2144 861 longa
2166 807 2261 847 vos
2292 802 2571 847 macerent
2597 792 2825 863 jejunia,
2860 791 3071 860 abiecta
3125 800 3181 846 et
3221 791 3373 863 nigra
3405 792 3572 848 vestis

1986 880 2274 947 deformet,
2297 882 2456 950 longa
2478 880 2777 936 olliciorum
2800 895 2852 935 et
2868 894 3093 951 operum
3119 887 3336 935 texatur
3361 882 3571 938 series:

1985 971 2030 1027 si
2056 972 2203 1027 intus
2228 973 2367 1028 desit
2388 974 2649 1038 charitas,
2687 973 2754 1026 ad
2792 972 3037 1026 infimum
3075 972 3319 1026 nondum
3349 971 3570 1042 religio-

1990 1066 2075 1119 nis
2103 1065 2328 1134 gradum
2364 1074 2681 1135 perventum
2718 1071 2821 1119 est.
2858 1062 3175 1133 Propterea,
3206 1062 3569 1127 clmrissimae,

1989 1152 2077 1208 hic
2107 1154 2476 1221 incipiendum
2510 1162 2597 1208 est
2628 1153 2755 1218 iter,
2786 1151 2853 1206 ad
2872 1152 3182 1222 apostolica:
3218 1151 3571 1220 perfectiOnis

1987 1243 2220 1313 apicem.

2060 1335 2121 1392 Si
2155 1351 2287 1392 vero
2311 1335 2537 1390 relativa
2566 1344 2651 1390 est
2678 1335 2939 1400 charitas,
2957 1342 3012 1390 et
3044 1337 3111 1390 ad
3132 1351 3299 1390 unum
3328 1351 3433 1390 non
3473 1350 3570 1407 po-

1987 1437 2096 1484 test
2125 1429 2342 1497 proprie
2373 1428 2591 1483 dilectio
2641 1426 2883 1483 fraterna
2915 1428 3021 1482 diei
3049 1446 3063 1481 :
3094 1428 3301 1483 idcirco
3350 1438 3432 1484 est
3482 1446 3576 1481 ne-

1990 1534 2143 1576 cesse
2172 1520 2315 1589 quod
2350 1521 2535 1587 plures
2562 1521 2696 1584 sint,
2744 1520 2837 1588 qui
2875 1534 2935 1573 se
2980 1529 3166 1572 mutuo
3200 1533 3261 1572 ex
3301 1520 3572 1573 churitatd

1990 1612 2238 1682 diligant,
2267 1623 2327 1664 ut
2358 1610 2743 1676 dicaturjnxta
2768 1608 3094 1678 Prophetam
3127 1625 3145 1664 :
3179 1608 3384 1662 Bonum
3416 1622 3463 1662 ιιι
3481 1610 3575 1677 ju-

1990 1702 2219 1757 cundum
2239 1711 2314 1755 est
2339 1700 2578 1754 habitare
2600 1702 2796 1772 fratres
2816 1699 2872 1753 in
2888 1714 3048 1752 unum
3063 1698 3237 1768 (Psal.
3259 1714 3464 1764 cuitu,
3497 1702 3570 1767 l).

1991 1794 2144 1860 Quod
2198 1793 2331 1848 satis
2401 1793 2664 1860 approbat
2732 1791 3011 1860 Sapientia
3067 1790 3256 1845 dicens
3314 1804 3330 1849 :
3388 1790 3574 1845 Frater

1989 1886 2079 1956 qui
2110 1883 2269 1938 simul
2297 1883 2523 1952 juvatur
2553 1898 2585 1935 α
2615 1881 2804 1950 fratre,
2830 1880 2986 1950 quasi
3006 1881 3185 1935 civitas
3207 1884 3363 1947 ﬁrma
3394 1882 3571 1951 (Prov.

1988 1992 2144 2043 mu,
2175 1977 2287 2047 l9).
2315 1975 2592 2031 Etiteruni
2618 1989 2635 2028 :
2661 1973 2724 2028 Si
2749 1974 2948 2038 fuerint
2975 1975 3081 2026 duo
3106 1974 3286 2033 simul.
3326 1973 3572 2042 favebunt

1988 2090 2045 2129 se
2080 2086 2262 2127 mutuo
2295 2087 2314 2125 :
2344 2072 2436 2124 sed
2464 2072 2512 2125 si
2542 2084 2679 2124 unus
2714 2068 2998 2138 gradiatur
3031 2078 3083 2123 et
3126 2069 3307 2129 cadat.
3337 2084 3413 2123 me
3448 2069 3571 2128 soli,

1988 2168 2241 2239 quoniam
2286 2164 2641 2219 sublevantem
2678 2177 2783 2216 non
2821 2146 2975 2214 habet
3005 2158 3203 2229 (Eccle.
3235 2176 3310 2222 tv,
3346 2160 3435 2225 l0,
3462 2163 3569 2229 ll).

1992 2260 2290 2329 Propterea
2320 2255 2692 2311 solitariorum
2751 2254 2859 2306 vita
2892 2266 3078 2321 ‘quam
3134 2253 3268 2306 satis
3314 2263 3572 2319 expertus

1990 2367 2130 2416 sum,
2153 2348 2613 2421 periculosissima
2636 2354 2784 2401 estet
2800 2344 2969 2399 ardua
2996 2344 3137 2398 :etsi
3158 2344 3295 2398 bona
3317 2353 3368 2397 et
3384 2358 3573 2412 quam-

1990 2446 2194 2516 plnries
2232 2442 2344 2497 Deo
2376 2440 2581 2505 vicina,
2615 2453 2720 2493 non
2766 2447 2947 2492 tamen
2978 2450 3131 2506 aeque
3160 2449 3350 2490 secura
3382 2445 3485 2500 est,
3516 2444 3575 2488 ut

1989 2540 2148 2595 simul
2182 2536 2546 2593 habitantium
2577 2534 2629 2589 iit
2662 2532 2882 2588 vinculo
2908 2529 3216 2585 dilectionis
3249 2538 3304 2583 et
3330 2532 3573 2584 eharita-

1991 2634 2063 2689 tis
2092 2633 2315 2688 aﬂ‘ecm.
2340 2629 2443 2697 Qui
2471 2628 2573 2684 sibi
2591 2627 2822 2683 invicem
2849 2638 2944 2694 per
2966 2632 3296 2679 tentamenta
3319 2621 3577 2677 deficien-

1992 2726 2135 2781 tibus
2164 2724 2521 2785 auxiliantur,
2548 2720 2651 2776 sibi
2683 2719 2916 2773 invicem
2950 2716 3338 2770 administrant
3358 2716 3574 2784 pietatis

1992 2831 2042 2877 et
2077 2820 2361 2875 charitatis
2385 2816 2663 2885 obsequia.
2696 2812 2801 2867 Sed
2822 2820 2973 2866 certe
2997 2811 3042 2864 si
3075 2808 3272 2863 fratres
3299 2819 3394 2862 aut
3423 2822 3573 2861 soro-

1996 2928 2086 2967 res
2116 2909 2281 2967 simul
2310 2910 2364 2963 in
2395 2924 2563 2963 unum
2598 2921 2703 2959 nou
2739 2904 2983 2960 habitent
3016 2919 3032 2966 ;
3061 2916 3168 2954 non
3207 2901 3317 2968 jam
3347 2900 3572 2963 bonum,

1993 3005 2089 3061 sed
2118 3002 2320 3057 malum
2346 3010 2449 3056 est.
2486 2996 2631 3053 Nihil
2665 2997 2860 3052 bonum
2895 2995 3150 3049 divisum.

2065 3097 2240 3152 Omne
2260 3094 2424 3149 etiam
2448 3090 2745 3148 secundum
2775 3088 3129 3159 philosophos
3166 3086 3222 3140 in
3243 3094 3459 3140 tantum
3483 3087 3577 3138 hs-

1908 3203 1960 3270 c
1992 3191 2082 3245 bet
2110 3187 2390 3247 bonitatis.
2425 3185 2477 3241 iu
2513 3192 2776 3255 quantum
2805 3181 3035 3237 unitatis
3069 3181 3308 3235 attinens
3342 3193 3454 3233 suae
3478 3194 3570 3232 na.

1999 3292 2151 3337 tura}.
2179 3278 2333 3348 Quod
2356 3279 2400 3333 si
2426 3272 2696 3348 singultim
2721 3288 2883 3329 unum
2919 3275 2970 3328 in
3003 3280 3116 3327 tota
3158 3272 3344 3326 mundi
3364 3271 3574 3325 machi-

1996 3388 2065 3429 na
2091 3386 2189 3444 per
2213 3386 2273 3426 se
2298 3379 2542 3427 creatum
2570 3376 2655 3425 est
2680 3367 2880 3422 bonum
2915 3385 2931 3423 :
2973 3380 3079 3420 non
3109 3375 3291 3419 tamen
3320 3374 3403 3417 εει
3433 3362 3579 3431 opti-

1996 3482 2167 3532 mum,
2206 3464 2306 3519 nisi
2364 3463 2582 3519 caeteris
2630 3474 2857 3516 nexum.
2910 3459 3203 3528 Propterea
3264 3455 3317 3509 in
3353 3457 3577 3509 exordio

1998 3558 2182 3613 mundi
2207 3556 2345 3611 vidit
2371 3555 2535 3617 Deus.
2567 3554 2711 3623 quod
2749 3560 2947 3607 cuncta
2999 3564 3119 3618 quae
3159 3546 3384 3611 fecerat,
3421 3559 3577 3598 erant

1998 3652 2156 3706 valde
2182 3651 2351 3706 bona.
2384 3648 2618 3710 Idcirco,
2652 3644 3014 3709 charissima,
3043 3643 3098 3695 in
3139 3640 3440 3710 apostolica
3468 3639 3574 3691 vita

1996 3743 2152 3799 vobis
2179 3743 2248 3797 de
2278 3741 2478 3797 seculo
2501 3740 2752 3794 adunatis
2780 3752 2876 3806 per
2895 3748 3147 3802 corpora,
3177 3735 3247 3787 sit
3271 3745 3366 3784 cor
3388 3746 3576 3791 nomo,

1995 3848 2052 3893 et
2077 3837 2257 3891 anima
2288 3848 2399 3888 una
2426 3833 2480 3886 in
2512 3830 2758 3892 Domino,
2795 3828 2942 3881 velut
2990 3827 3057 3878 de
3086 3823 3345 3890 apostolis
3402 3829 3455 3871 vt
3508 3821 3577 3873 de

1999 3930 2130 4000 ipsis
2164 3924 2479 3996 apostolicis
2532 3922 2666 3976 viris
2725 3921 2779 3973 in
2844 3918 3070 3973 Actibus
3114 3930 3301 3968 eorum
3338 3911 3575 3980 lngilttl':

1996 4018 2356 4075 Multitudinis
2381 4017 2518 4070 enim
2545 4013 2863 4067 credentium
2885 4019 2999 4064 erat
3023 4026 3113 4063 cor
3138 4027 3298 4063 unum
3324 4021 3369 4063 et
3399 4011 3575 4063 animo

2001 4127 2104 4163 una
2138 4110 2190 4163 itt
2227 4108 2457 4162 Domino
2497 4084 2641 4178 (det.
2676 4120 2750 4170 iv,
2780 4102 2895 4171 ‘25).
2927 4102 3082 4156 Nulla
3109 4101 3214 4154 vita
3270 4115 3369 4170 pro
3426 4112 3577 4155 certe

1997 4210 2086 4259 est
2135 4200 2401 4266 deterior,
2431 4214 2593 4269 quam
2627 4195 2789 4253 simul
2857 4199 3052 4265 degere
3100 4207 3328 4263 corpore
3375 4202 3426 4248 et
3470 4209 3575 4247 non

1999 4304 2202 4350 mente.
2225 4293 2290 4347 Et
2314 4305 2441 4347 vere
2465 4288 2710 4346 infelices
2732 4296 2887 4351 sunt,
2908 4286 3103 4355 quibus
3131 4301 3238 4341 non
3276 4287 3424 4341 inest
3446 4301 3575 4347 una.

1999 4387 2092 4441 sed
2122 4386 2338 4439 diversa
2383 4385 2656 4438 voluntas.

2073 4477 2112 4531 S
2137 4477 2354 4545 titaque
2385 4474 2538 4529 vobis
2567 4488 2784 4542 semper
2814 4487 2957 4527 unus
2989 4470 3237 4534 allectus,
3257 4485 3359 4524 una
3390 4469 3574 4523 volun.

1924 4549 1974 4610 ο
2002 4579 2103 4632 tas,
2131 4584 2237 4622 una
2263 4566 2598 4630 fraternitas,
2628 4580 2732 4618 una
2785 4565 3060 4634 preportio
3097 4578 3330 4626 morum,
3357 4576 3464 4615 una
3486 4564 3575 4631 ju-

2003 4663 2275 4727 cunditas,
2306 4677 2412 4715 una
2443 4658 2663 4714 tristitia
2695 4675 2708 4711 :
2750 4673 2816 4712 ne
2845 4658 2986 4728 quod
3018 4657 3202 4710 altene
3232 4656 3431 4723 placet,
3462 4660 3579 4709 ais-

2002 4755 2199 4826 plireat
2235 4753 2418 4808 alterae
2449 4769 2464 4807 :
2494 4767 2601 4821 quo
2638 4750 2834 4821 gaudet
2864 4752 3056 4813 altera,
3085 4751 3334 4803 tristetur
3360 4761 3416 4803 et
3444 4749 3580 4801 alte-

2004 4866 2085 4905 ra.
2116 4848 2180 4904 Et
2202 4849 2282 4904 sic
2310 4848 2513 4903 habere
2570 4846 2821 4916 poteritis
2884 4845 3160 4916 religionis
3218 4843 3575 4913 propositum,

2001 4941 2049 4996 si
2094 4940 2378 4996 unanimes
2404 4940 2457 4993 in
2493 4939 2656 4994 domo
2683 4938 2776 4992 Dei
2808 4938 3087 4993 habitetis.
3141 4935 3267 4990 llaec
3295 4949 3417 4994 vera
3467 4934 3577 4986 vita

2001 5032 2122 5096 Dei.
2163 5046 2269 5086 non
2296 5030 2494 5086 diaboli
2525 5047 2542 5086 :
2575 5045 2702 5085 vere
2734 5030 3142 5093 incitasterium,
3163 5044 3266 5082 non
3293 5026 3576 5081 infernus:

2005 5141 2131 5181 vere
2158 5126 2270 5179 vita
2307 5125 2581 5195 religiosa,
2622 5140 2725 5178 non
2760 5123 3051 5179 diabolica.

2622 5277 2853 5334 CAPUT
2897 5279 2960 5333 Il.

2166 5401 2174 5410 ι
2251 5371 2324 5426 De
2351 5387 2454 5426 non
2494 5369 2731 5425 habendo
2788 5369 2990 5440 aliquid
3031 5369 3330 5437 proprium.

2074 5488 2212 5540 Ante
2242 5488 2441 5540 mentis
2468 5496 2664 5539 vestra:
2709 5484 2902 5538 oculos
2938 5498 3156 5551 semper
3208 5486 3579 5553 evangelicum

2002 5578 2133 5633 illud
2158 5588 2422 5648 appareat
2448 5577 2785 5632 stulidissimi
2826 5577 2925 5629 viri
2958 5576 3103 5629 illius
3125 5581 3429 5645 exemplum
3454 5596 3469 5632 :
3490 5581 3580 5649 qui

2001 5672 2291 5725 aedilicium
2324 5687 2481 5725 suum
2513 5672 2655 5739 quod
2690 5681 3039 5737 summOpere
3066 5668 3289 5733 fecerat,
3323 5671 3582 5739 ingruen-

2002 5766 2149 5819 tibus
2183 5766 2525 5827 llumiuibus,
2557 5763 2807 5817 ﬂantibus
2828 5762 3091 5827 ventis,et
3122 5762 3385 5819 imbribus
3417 5765 3579 5819 inuno

2003 5856 2257 5912 dantibus
2290 5858 2615 5925 pluviarum,
2649 5865 2819 5908 totum
2853 5854 3037 5909 amisit
3079 5856 3131 5909 itt
3169 5870 3361 5909 casura
3394 5874 3407 5910 :
3440 5870 3580 5921 quo-
