  <div class='ocr_page' id='page_1' title='image "/cluster/home/n/w/nwhite01/storage/ocr_20150623/30/hvd.32044096580527/209.png"; bbox 0 0 3956 6196; ppageno 0'>
   <div class='ocr_carea' id='block_1_1' title="bbox 424 443 531 514">
    <p class='ocr_par' dir='ltr' id='par_1_1' title="bbox 424 443 531 514">
     <span class='ocr_line' id='line_1_1' title="bbox 424 443 531 514; baseline 0 0"><span class='ocrx_word' id='word_1_1' title='bbox 424 443 531 514; x_wconf 70' lang='grc' dir='ltr'><strong>ιοῖ</strong></span> 
     </span>
    </p>
   </div>
   <div class='ocr_carea' id='block_1_2' title="bbox 1347 455 2720 524">
    <p class='ocr_par' dir='ltr' id='par_1_2' title="bbox 1347 455 2720 524">
     <span class='ocr_line' id='line_1_2' title="bbox 1347 455 2720 524; baseline 0.004 -9"><span class='ocrx_word' id='word_1_2' title='bbox 1347 455 1409 519; x_wconf 91' lang='lat' dir='ltr'><strong>S.</strong></span> <span class='ocrx_word' id='word_1_3' title='bbox 1454 455 1903 518; x_wconf 79' lang='lat' dir='ltr'><strong>HIERONYMI</strong></span> <span class='ocrx_word' id='word_1_4' title='bbox 1949 458 2270 523; x_wconf 76' lang='lat' dir='ltr'><strong>OPEBUM</strong></span> <span class='ocrx_word' id='word_1_5' title='bbox 2315 461 2720 524; x_wconf 82' lang='lat' dir='ltr'><strong>MANTISSA.</strong></span> 
     </span>
    </p>
   </div>
   <div class='ocr_carea' id='block_1_3' title="bbox 3581 455 3690 521">
    <p class='ocr_par' dir='ltr' id='par_1_3' title="bbox 3581 455 3690 521">
     <span class='ocr_line' id='line_1_3' title="bbox 3581 455 3690 521; baseline 0 0"><span class='ocrx_word' id='word_1_6' title='bbox 3581 455 3690 521; x_wconf 71' lang='grc' dir='ltr'><strong>ιοε</strong></span> 
     </span>
    </p>
   </div>
   <div class='ocr_carea' id='block_1_4' title="bbox 425 558 3690 644">
    <p class='ocr_par' dir='ltr' id='par_1_4' title="bbox 425 558 3690 644">
     <span class='ocr_line' id='line_1_4' title="bbox 425 558 3690 644; baseline 0.002 -26"><span class='ocrx_word' id='word_1_7' title='bbox 425 561 570 618; x_wconf 85' lang='lat' dir='ltr'><strong>niam</strong></span> <span class='ocrx_word' id='word_1_8' title='bbox 599 558 922 614; x_wconf 79' lang='lat' dir='ltr'><strong>:edilicatnm</strong></span> <span class='ocrx_word' id='word_1_9' title='bbox 953 561 1140 616; x_wconf 88' lang='lat' dir='ltr'><strong>eratin</strong></span> <span class='ocrx_word' id='word_1_10' title='bbox 1172 562 1382 618; x_wconf 78' lang='lat' dir='ltr'><strong>sabulo.</strong></span> <span class='ocrx_word' id='word_1_11' title='bbox 1419 565 1530 622; x_wconf 83' lang='lat' dir='ltr'><strong>Nec</strong></span> <span class='ocrx_word' id='word_1_12' title='bbox 1548 568 1766 631; x_wconf 90' lang='lat' dir='ltr'><strong>mirum,</strong></span> <span class='ocrx_word' id='word_1_13' title='bbox 1793 569 2004 622; x_wconf 85' lang='lat' dir='ltr'><strong>charis-</strong></span> <span class='ocrx_word' id='word_1_14' title='bbox 2035 578 2076 632; x_wconf 79' lang='grc' dir='ltr'>Α</span> <span class='ocrx_word' id='word_1_15' title='bbox 2113 574 2470 644; x_wconf 76' lang='lat' dir='ltr'><strong>relinquendo</strong></span> <span class='ocrx_word' id='word_1_16' title='bbox 2504 574 2570 629; x_wconf 86' lang='lat' dir='ltr'><strong>ad</strong></span> <span class='ocrx_word' id='word_1_17' title='bbox 2607 570 2921 626; x_wconf 88' lang='lat' dir='ltr'><strong>monasterii</strong></span> <span class='ocrx_word' id='word_1_18' title='bbox 2943 577 3313 642; x_wconf 74' lang='lat' dir='ltr'><strong>paupertatem</strong></span> <span class='ocrx_word' id='word_1_19' title='bbox 3348 569 3690 634; x_wconf 82' lang='lat' dir='ltr'><strong>accedere,si</strong></span> 
     </span>
    </p>
   </div>
   <div class='ocr_carea' id='block_1_5' title="bbox 425 651 2002 724">
    <p class='ocr_par' dir='ltr' id='par_1_5' title="bbox 425 651 2002 724">
     <span class='ocr_line' id='line_1_5' title="bbox 425 651 2002 724; baseline 0.004 -19"><span class='ocrx_word' id='word_1_20' title='bbox 425 653 602 720; x_wconf 69' lang='lat' dir='ltr'><strong>simtu;</strong></span> <span class='ocrx_word' id='word_1_21' title='bbox 628 651 840 706; x_wconf 81' lang='lat' dir='ltr'><strong>ﬁrmum</strong></span> <span class='ocrx_word' id='word_1_22' title='bbox 871 654 1017 708; x_wconf 91' lang='lat' dir='ltr'><strong>enim</strong></span> <span class='ocrx_word' id='word_1_23' title='bbox 1049 657 1179 724; x_wconf 91' lang='lat' dir='ltr'><strong>quid</strong></span> <span class='ocrx_word' id='word_1_24' title='bbox 1217 654 1307 710; x_wconf 87' lang='lat' dir='ltr'><strong>aut</strong></span> <span class='ocrx_word' id='word_1_25' title='bbox 1333 657 1549 724; x_wconf 89' lang='lat' dir='ltr'><strong>stabile,</strong></span> <span class='ocrx_word' id='word_1_26' title='bbox 1572 661 1624 712; x_wconf 92' lang='lat' dir='ltr'><strong>in</strong></span> <span class='ocrx_word' id='word_1_27' title='bbox 1685 659 1867 714; x_wconf 88' lang='lat' dir='ltr'><strong>mobili</strong></span> <span class='ocrx_word' id='word_1_28' title='bbox 1916 661 2002 712; x_wconf 88' lang='lat' dir='ltr'><strong>ditt</strong></span> 
     </span>
    </p>
   </div>
   <div class='ocr_carea' id='block_1_6' title="bbox 425 742 2002 815">
    <p class='ocr_par' dir='ltr' id='par_1_6' title="bbox 425 742 2002 815">
     <span class='ocr_line' id='line_1_6' title="bbox 425 742 2002 815; baseline 0.003 -20"><span class='ocrx_word' id='word_1_29' title='bbox 425 756 646 796; x_wconf 87' lang='lat' dir='ltr'><strong>manere</strong></span> <span class='ocrx_word' id='word_1_30' title='bbox 671 757 778 796; x_wconf 88' lang='lat' dir='ltr'><strong>non</strong></span> <span class='ocrx_word' id='word_1_31' title='bbox 805 751 1002 815; x_wconf 87' lang='lat' dir='ltr'><strong>potest.</strong></span> <span class='ocrx_word' id='word_1_32' title='bbox 1033 742 1292 804; x_wconf 63' lang='lat' dir='ltr'><strong>Aidiﬁcat</strong></span> <span class='ocrx_word' id='word_1_33' title='bbox 1332 748 1512 801; x_wconf 78' lang='lat' dir='ltr'><strong>fatuus</strong></span> <span class='ocrx_word' id='word_1_34' title='bbox 1544 748 1630 801; x_wconf 90' lang='lat' dir='ltr'><strong>ille</strong></span> <span class='ocrx_word' id='word_1_35' title='bbox 1678 748 1730 802; x_wconf 93' lang='lat' dir='ltr'><strong>in</strong></span> <span class='ocrx_word' id='word_1_36' title='bbox 1792 747 2002 811; x_wconf 87' lang='lat' dir='ltr'><strong>sabulo,</strong></span> 
     </span>
    </p>
   </div>
   <div class='ocr_carea' id='block_1_7' title="bbox 421 835 2004 912">
    <p class='ocr_par' dir='ltr' id='par_1_7' title="bbox 421 835 2004 912">
     <span class='ocr_line' id='line_1_7' title="bbox 421 835 2004 912; baseline 0.003 -23"><span class='ocrx_word' id='word_1_37' title='bbox 421 838 509 909; x_wconf 86' lang='lat' dir='ltr'><strong>qui</strong></span> <span class='ocrx_word' id='word_1_38' title='bbox 549 835 599 896; x_wconf 81' lang='lat' dir='ltr'><strong>in</strong></span> <span class='ocrx_word' id='word_1_39' title='bbox 625 839 734 904; x_wconf 82' lang='lat' dir='ltr'><strong>vita</strong></span> <span class='ocrx_word' id='word_1_40' title='bbox 763 839 1056 906; x_wconf 86' lang='lat' dir='ltr'><strong>apostolica</strong></span> <span class='ocrx_word' id='word_1_41' title='bbox 1089 851 1143 894; x_wconf 85' lang='lat' dir='ltr'><strong>et</strong></span> <span class='ocrx_word' id='word_1_42' title='bbox 1168 841 1446 910; x_wconf 76' lang='lat' dir='ltr'><strong>religionis</strong></span> <span class='ocrx_word' id='word_1_43' title='bbox 1504 842 1787 912; x_wconf 91' lang='lat' dir='ltr'><strong>proposito</strong></span> <span class='ocrx_word' id='word_1_44' title='bbox 1836 856 2004 909; x_wconf 79' lang='lat' dir='ltr'><strong>appe-</strong></span> 
     </span>
    </p>
   </div>
   <div class='ocr_carea' id='block_1_8' title="bbox 2109 661 3696 734">
    <p class='ocr_par' dir='ltr' id='par_1_8' title="bbox 2109 661 3696 734">
     <span class='ocr_line' id='line_1_8' title="bbox 2109 661 3696 734; baseline -0.003 -16"><span class='ocrx_word' id='word_1_45' title='bbox 2109 681 2262 719; x_wconf 85' lang='lat' dir='ltr'><strong>mcns</strong></span> <span class='ocrx_word' id='word_1_46' title='bbox 2299 666 2499 720; x_wconf 89' lang='lat' dir='ltr'><strong>misera</strong></span> <span class='ocrx_word' id='word_1_47' title='bbox 2530 665 2732 734; x_wconf 89' lang='lat' dir='ltr'><strong>appetit</strong></span> <span class='ocrx_word' id='word_1_48' title='bbox 2759 680 2877 733; x_wconf 76' lang='lat' dir='ltr'><strong>qua:</strong></span> <span class='ocrx_word' id='word_1_49' title='bbox 2913 661 3154 732; x_wconf 89' lang='lat' dir='ltr'><strong>reliquit.</strong></span> <span class='ocrx_word' id='word_1_50' title='bbox 3191 661 3360 733; x_wconf 81' lang='lat' dir='ltr'><strong>Magis</strong></span> <span class='ocrx_word' id='word_1_51' title='bbox 3397 661 3541 716; x_wconf 85' lang='lat' dir='ltr'><strong>enim</strong></span> <span class='ocrx_word' id='word_1_52' title='bbox 3568 676 3696 713; x_wconf 82' lang='lat' dir='ltr'><strong>con-</strong></span> 
     </span>
    </p>
   </div>
   <div class='ocr_carea' id='block_1_9' title="bbox 2109 751 3694 828">
    <p class='ocr_par' dir='ltr' id='par_1_9' title="bbox 2109 751 3694 828">
     <span class='ocr_line' id='line_1_9' title="bbox 2109 751 3694 828; baseline -0.005 -16"><span class='ocrx_word' id='word_1_53' title='bbox 2109 751 2614 828; x_wconf 39' lang='lat' dir='ltr'><strong>templantu‘rnculi</strong></span> <span class='ocrx_word' id='word_1_54' title='bbox 2669 756 2883 810; x_wconf 89' lang='lat' dir='ltr'><strong>Domini</strong></span> <span class='ocrx_word' id='word_1_55' title='bbox 2933 755 3188 810; x_wconf 80' lang='lat' dir='ltr'><strong>aﬂ‘ecwm</strong></span> <span class='ocrx_word' id='word_1_56' title='bbox 3234 767 3395 822; x_wconf 86' lang='lat' dir='ltr'><strong>quam</strong></span> <span class='ocrx_word' id='word_1_57' title='bbox 3446 765 3694 807; x_wconf 84' lang='lat' dir='ltr'><strong>censum.</strong></span> 
     </span>
    </p>
   </div>
   <div class='ocr_carea' id='block_1_10' title="bbox 2108 843 3692 906">
    <p class='ocr_par' dir='ltr' id='par_1_10' title="bbox 2108 843 3692 906">
     <span class='ocr_line' id='line_1_10' title="bbox 2108 843 3692 906; baseline -0.004 -4"><span class='ocrx_word' id='word_1_58' title='bbox 2108 849 2302 904; x_wconf 83' lang='lat' dir='ltr'><strong>Melius</strong></span> <span class='ocrx_word' id='word_1_59' title='bbox 2342 859 2425 904; x_wconf 88' lang='lat' dir='ltr'><strong>est</strong></span> <span class='ocrx_word' id='word_1_60' title='bbox 2450 848 2598 902; x_wconf 88' lang='lat' dir='ltr'><strong>enim</strong></span> <span class='ocrx_word' id='word_1_61' title='bbox 2640 848 2698 902; x_wconf 85' lang='lat' dir='ltr'><strong>in</strong></span> <span class='ocrx_word' id='word_1_62' title='bbox 2735 847 2936 902; x_wconf 63' lang='lat' dir='ltr'><strong>seculo</strong></span> <span class='ocrx_word' id='word_1_63' title='bbox 2977 861 3100 901; x_wconf 92' lang='lat' dir='ltr'><strong>cum</strong></span> <span class='ocrx_word' id='word_1_64' title='bbox 3160 845 3373 899; x_wconf 73' lang='lat' dir='ltr'><strong>caeteris</strong></span> <span class='ocrx_word' id='word_1_65' title='bbox 3411 843 3692 906; x_wconf 77' lang='lat' dir='ltr'><strong>divitibus,</strong></span> 
     </span>
    </p>
   </div>
   <div class='ocr_carea' id='block_1_11' title="bbox 422 930 1997 1010">
    <p class='ocr_par' dir='ltr' id='par_1_11' title="bbox 422 930 1997 1003">
     <span class='ocr_line' id='line_1_11' title="bbox 422 930 1997 1003; baseline 0.003 -23"><span class='ocrx_word' id='word_1_66' title='bbox 422 930 481 988; x_wconf 85' lang='lat' dir='ltr'><strong>tit</strong></span> <span class='ocrx_word' id='word_1_67' title='bbox 523 930 846 993; x_wconf 72' lang='lat' dir='ltr'><strong>temporales</strong></span> <span class='ocrx_word' id='word_1_68' title='bbox 879 931 1122 987; x_wconf 73' lang='lat' dir='ltr'><strong>divitias.</strong></span> <span class='ocrx_word' id='word_1_69' title='bbox 1157 930 1255 988; x_wconf 86' lang='lat' dir='ltr'><strong>llic</strong></span> <span class='ocrx_word' id='word_1_70' title='bbox 1282 933 1570 997; x_wconf 81' lang='lat' dir='ltr'><strong>attendite,</strong></span> <span class='ocrx_word' id='word_1_71' title='bbox 1605 933 1748 997; x_wconf 73' lang='lat' dir='ltr'><strong>tiliae,</strong></span> <span class='ocrx_word' id='word_1_72' title='bbox 1781 933 1997 1003; x_wconf 72' lang='lat' dir='ltr'><strong>diligam</strong></span> 
     </span>
    </p>
   </div>
   <div class='ocr_carea' id='block_1_12' title="bbox 2109 930 3692 1010">
    <p class='ocr_par' dir='ltr' id='par_1_12' title="bbox 2109 935 3692 1010">
     <span class='ocr_line' id='line_1_12' title="bbox 2109 935 3692 1010; baseline -0.006 -15"><span class='ocrx_word' id='word_1_73' title='bbox 2109 941 2314 996; x_wconf 80' lang='lat' dir='ltr'><strong>divitiis</strong></span> <span class='ocrx_word' id='word_1_74' title='bbox 2348 940 2618 1007; x_wconf 72' lang='lat' dir='ltr'><strong>insistere,</strong></span> <span class='ocrx_word' id='word_1_75' title='bbox 2660 954 2822 1010; x_wconf 90' lang='lat' dir='ltr'><strong>quam</strong></span> <span class='ocrx_word' id='word_1_76' title='bbox 2859 938 2912 993; x_wconf 92' lang='lat' dir='ltr'><strong>in</strong></span> <span class='ocrx_word' id='word_1_77' title='bbox 2949 936 3281 996; x_wconf 88' lang='lat' dir='ltr'><strong>monasterio</strong></span> <span class='ocrx_word' id='word_1_78' title='bbox 3318 949 3521 1005; x_wconf 89' lang='lat' dir='ltr'><strong>panper</strong></span> <span class='ocrx_word' id='word_1_79' title='bbox 3548 935 3692 1002; x_wconf 83' lang='lat' dir='ltr'><strong>ipsas</strong></span> 
     </span>
    </p>
   </div>
   <div class='ocr_carea' id='block_1_13' title="bbox 424 1022 2004 1092">
    <p class='ocr_par' dir='ltr' id='par_1_13' title="bbox 424 1022 2004 1092">
     <span class='ocr_line' id='line_1_13' title="bbox 424 1022 2004 1092; baseline 0.006 -22"><span class='ocrx_word' id='word_1_80' title='bbox 424 1034 505 1074; x_wconf 80' lang='lat' dir='ltr'><strong>ter</strong></span> <span class='ocrx_word' id='word_1_81' title='bbox 532 1040 546 1076; x_wconf 89' lang='lat'><strong>:</strong></span> <span class='ocrx_word' id='word_1_82' title='bbox 574 1022 659 1076; x_wconf 90' lang='lat' dir='ltr'><strong>hic</strong></span> <span class='ocrx_word' id='word_1_83' title='bbox 683 1022 986 1092; x_wconf 90' lang='lat' dir='ltr'><strong>periculum</strong></span> <span class='ocrx_word' id='word_1_84' title='bbox 1011 1039 1173 1086; x_wconf 87' lang='lat' dir='ltr'><strong>omne</strong></span> <span class='ocrx_word' id='word_1_85' title='bbox 1198 1036 1305 1088; x_wconf 84' lang='lat' dir='ltr'><strong>est,</strong></span> <span class='ocrx_word' id='word_1_86' title='bbox 1338 1024 1426 1090; x_wconf 83' lang='lat' dir='ltr'><strong>hic</strong></span> <span class='ocrx_word' id='word_1_87' title='bbox 1447 1026 1722 1091; x_wconf 88' lang='lat' dir='ltr'><strong>interitus,</strong></span> <span class='ocrx_word' id='word_1_88' title='bbox 1746 1025 1836 1085; x_wconf 83' lang='lat' dir='ltr'><strong>hic</strong></span> <span class='ocrx_word' id='word_1_89' title='bbox 1859 1040 2004 1080; x_wconf 90' lang='lat' dir='ltr'><strong>mors</strong></span> 
     </span>
    </p>
   </div>
   <div class='ocr_carea' id='block_1_14' title="bbox 420 1124 644 1178">
    <p class='ocr_par' dir='ltr' id='par_1_14' title="bbox 420 1124 644 1178">
     <span class='ocr_line' id='line_1_14' title="bbox 420 1124 644 1178; baseline 0.004 -10"><span class='ocrx_word' id='word_1_90' title='bbox 420 1124 644 1178; x_wconf 66' lang='lat' dir='ltr'><strong>aderna.</strong></span> 
     </span>
    </p>
   </div>
   <div class='ocr_carea' id='block_1_15' title="bbox 491 1179 1997 1281">
    <p class='ocr_par' dir='ltr' id='par_1_15' title="bbox 491 1179 1997 1281">
     <span class='ocr_line' id='line_1_15' title="bbox 491 1179 1997 1281; baseline 0.002 -21"><span class='ocrx_word' id='word_1_91' title='bbox 491 1205 594 1272; x_wconf 87' lang='lat' dir='ltr'><strong>Qui</strong></span> <span class='ocrx_word' id='word_1_92' title='bbox 619 1206 729 1275; x_wconf 87' lang='lat' dir='ltr'><strong>jam</strong></span> <span class='ocrx_word' id='word_1_93' title='bbox 765 1209 1217 1264; x_wconf 89' lang='lat' dir='ltr'><strong>renuntiaverunt</strong></span> <span class='ocrx_word' id='word_1_94' title='bbox 1243 1209 1502 1264; x_wconf 89' lang='lat' dir='ltr'><strong>omnibus</strong></span> <span class='ocrx_word' id='word_1_95' title='bbox 1526 1179 1646 1281; x_wconf 40' lang='lat' dir='ltr'><strong>qu‘ze</strong></span> <span class='ocrx_word' id='word_1_96' title='bbox 1681 1211 1997 1278; x_wconf 83' lang='lat' dir='ltr'><strong>possident&#39;:</strong></span> 
     </span>
    </p>
   </div>
   <div class='ocr_carea' id='block_1_16' title="bbox 422 1299 1998 1372">
    <p class='ocr_par' dir='ltr' id='par_1_16' title="bbox 422 1299 1998 1372">
     <span class='ocr_line' id='line_1_16' title="bbox 422 1299 1998 1372; baseline 0.001 -20"><span class='ocrx_word' id='word_1_97' title='bbox 422 1300 536 1367; x_wconf 83' lang='lat' dir='ltr'><strong>qui,</strong></span> <span class='ocrx_word' id='word_1_98' title='bbox 573 1299 782 1362; x_wconf 83' lang='lat' dir='ltr'><strong>relictis</strong></span> <span class='ocrx_word' id='word_1_99' title='bbox 809 1301 1065 1356; x_wconf 86' lang='lat' dir='ltr'><strong>omnibus</strong></span> <span class='ocrx_word' id='word_1_100' title='bbox 1104 1318 1227 1372; x_wconf 68' lang='lat' dir='ltr'><strong>qua:</strong></span> <span class='ocrx_word' id='word_1_101' title='bbox 1266 1302 1540 1358; x_wconf 76' lang='lat' dir='ltr'><strong>habebant</strong></span> <span class='ocrx_word' id='word_1_102' title='bbox 1577 1302 1629 1356; x_wconf 91' lang='lat' dir='ltr'><strong>in</strong></span> <span class='ocrx_word' id='word_1_103' title='bbox 1690 1303 1910 1367; x_wconf 65' lang='lat' dir='ltr'><strong>stt-culo,</strong></span> <span class='ocrx_word' id='word_1_104' title='bbox 1935 1303 1998 1354; x_wconf 87' lang='lat' dir='ltr'><strong>ad</strong></span> 
     </span>
    </p>
   </div>
   <div class='ocr_carea' id='block_1_17' title="bbox 419 1392 2001 1464">
    <p class='ocr_par' dir='ltr' id='par_1_17' title="bbox 419 1392 2001 1464">
     <span class='ocr_line' id='line_1_17' title="bbox 419 1392 2001 1464; baseline 0.001 -18"><span class='ocrx_word' id='word_1_105' title='bbox 419 1392 697 1446; x_wconf 79' lang='lat' dir='ltr'><strong>Christum</strong></span> <span class='ocrx_word' id='word_1_106' title='bbox 733 1393 1058 1448; x_wconf 87' lang='lat' dir='ltr'><strong>imitandum</strong></span> <span class='ocrx_word' id='word_1_107' title='bbox 1113 1395 1526 1462; x_wconf 89' lang='lat' dir='ltr'><strong>panperculum,</strong></span> <span class='ocrx_word' id='word_1_108' title='bbox 1553 1394 1647 1464; x_wconf 90' lang='lat' dir='ltr'><strong>qui</strong></span> <span class='ocrx_word' id='word_1_109' title='bbox 1694 1394 1782 1448; x_wconf 90' lang='lat' dir='ltr'><strong>ubi</strong></span> <span class='ocrx_word' id='word_1_110' title='bbox 1837 1405 2001 1462; x_wconf 89' lang='lat' dir='ltr'><strong>caput</strong></span> 
     </span>
    </p>
   </div>
   <div class='ocr_carea' id='block_1_18' title="bbox 424 1481 2002 1553">
    <p class='ocr_par' dir='ltr' id='par_1_18' title="bbox 424 1481 2002 1553">
     <span class='ocr_line' id='line_1_18' title="bbox 424 1481 2002 1553; baseline 0.006 -22"><span class='ocrx_word' id='word_1_111' title='bbox 424 1481 668 1544; x_wconf 71' lang='lat' dir='ltr'><strong>rrclinet,</strong></span> <span class='ocrx_word' id='word_1_112' title='bbox 705 1497 808 1536; x_wconf 93' lang='lat' dir='ltr'><strong>non</strong></span> <span class='ocrx_word' id='word_1_113' title='bbox 843 1483 1026 1546; x_wconf 91' lang='lat' dir='ltr'><strong>habet,</strong></span> <span class='ocrx_word' id='word_1_114' title='bbox 1065 1494 1456 1539; x_wconf 78' lang='lat' dir='ltr'><strong>concurrentes</strong></span> <span class='ocrx_word' id='word_1_115' title='bbox 1494 1499 1557 1540; x_wconf 82' lang='lat' dir='ltr'><strong>ex</strong></span> <span class='ocrx_word' id='word_1_116' title='bbox 1593 1494 1740 1547; x_wconf 83' lang='lat' dir='ltr'><strong>voto,</strong></span> <span class='ocrx_word' id='word_1_117' title='bbox 1777 1488 1876 1540; x_wconf 87' lang='lat' dir='ltr'><strong>sub</strong></span> <span class='ocrx_word' id='word_1_118' title='bbox 1913 1485 2002 1553; x_wconf 84' lang='lat' dir='ltr'><strong>ju-</strong></span> 
     </span>
    </p>
   </div>
   <div class='ocr_carea' id='block_1_19' title="bbox 423 1575 1999 1649">
    <p class='ocr_par' dir='ltr' id='par_1_19' title="bbox 423 1575 1999 1649">
     <span class='ocr_line' id='line_1_19' title="bbox 423 1575 1999 1649; baseline 0.005 -24"><span class='ocrx_word' id='word_1_119' title='bbox 423 1575 650 1628; x_wconf 73' lang='lat' dir='ltr'><strong>rannnti</strong></span> <span class='ocrx_word' id='word_1_120' title='bbox 683 1575 1071 1643; x_wconf 82' lang='lat' dir='ltr'><strong>pollicitatione</strong></span> <span class='ocrx_word' id='word_1_121' title='bbox 1103 1576 1490 1645; x_wconf 86' lang='lat' dir='ltr'><strong>promiserunt,</strong></span> <span class='ocrx_word' id='word_1_122' title='bbox 1514 1578 1648 1633; x_wconf 86' lang='lat' dir='ltr'><strong>nihil</strong></span> <span class='ocrx_word' id='word_1_123' title='bbox 1682 1581 1999 1649; x_wconf 84' lang='lat' dir='ltr'><strong>temporale,</strong></span> 
     </span>
    </p>
   </div>
   <div class='ocr_carea' id='block_1_20' title="bbox 425 1665 1996 1736">
    <p class='ocr_par' dir='ltr' id='par_1_20' title="bbox 425 1665 1996 1736">
     <span class='ocr_line' id='line_1_20' title="bbox 425 1665 1996 1736; baseline 0.006 -20"><span class='ocrx_word' id='word_1_124' title='bbox 425 1665 556 1719; x_wconf 78' lang='lat' dir='ltr'><strong>nihil</strong></span> <span class='ocrx_word' id='word_1_125' title='bbox 583 1673 858 1730; x_wconf 85' lang='lat' dir='ltr'><strong>terrenum</strong></span> <span class='ocrx_word' id='word_1_126' title='bbox 908 1678 1104 1734; x_wconf 69' lang='lat' dir='ltr'><strong>praeter</strong></span> <span class='ocrx_word' id='word_1_127' title='bbox 1134 1667 1408 1724; x_wconf 85' lang='lat' dir='ltr'><strong>Christum</strong></span> <span class='ocrx_word' id='word_1_128' title='bbox 1441 1670 1638 1736; x_wconf 90' lang='lat' dir='ltr'><strong>solum,</strong></span> <span class='ocrx_word' id='word_1_129' title='bbox 1667 1685 1770 1724; x_wconf 93' lang='lat' dir='ltr'><strong>non</strong></span> <span class='ocrx_word' id='word_1_130' title='bbox 1825 1671 1996 1726; x_wconf 89' lang='lat' dir='ltr'><strong>solum</strong></span> 
     </span>
    </p>
   </div>
   <div class='ocr_carea' id='block_1_21' title="bbox 421 1759 1998 1833">
    <p class='ocr_par' dir='ltr' id='par_1_21' title="bbox 421 1759 1998 1833">
     <span class='ocr_line' id='line_1_21' title="bbox 421 1759 1998 1833; baseline 0.003 -21"><span class='ocrx_word' id='word_1_131' title='bbox 421 1759 718 1828; x_wconf 61' lang='lat' dir='ltr'><strong>possidere,</strong></span> <span class='ocrx_word' id='word_1_132' title='bbox 752 1760 846 1825; x_wconf 86' lang='lat' dir='ltr'><strong>sed</strong></span> <span class='ocrx_word' id='word_1_133' title='bbox 889 1775 987 1815; x_wconf 90' lang='lat' dir='ltr'><strong>nec</strong></span> <span class='ocrx_word' id='word_1_134' title='bbox 1015 1761 1178 1815; x_wconf 86' lang='lat' dir='ltr'><strong>etiam</strong></span> <span class='ocrx_word' id='word_1_135' title='bbox 1209 1773 1486 1831; x_wconf 90' lang='lat' dir='ltr'><strong>appetere,</strong></span> <span class='ocrx_word' id='word_1_136' title='bbox 1528 1780 1648 1833; x_wconf 80' lang='lat' dir='ltr'><strong>qnze</strong></span> <span class='ocrx_word' id='word_1_137' title='bbox 1694 1763 1807 1832; x_wconf 88' lang='lat' dir='ltr'><strong>jam</strong></span> <span class='ocrx_word' id='word_1_138' title='bbox 1839 1764 1998 1817; x_wconf 86' lang='lat' dir='ltr'><strong>dimi-</strong></span> 
     </span>
    </p>
   </div>
   <div class='ocr_carea' id='block_1_22' title="bbox 422 1854 1997 1924">
    <p class='ocr_par' dir='ltr' id='par_1_22' title="bbox 422 1854 1997 1924">
     <span class='ocr_line' id='line_1_22' title="bbox 422 1854 1997 1924; baseline 0.004 -20"><span class='ocrx_word' id='word_1_139' title='bbox 422 1861 630 1914; x_wconf 79' lang='lat' dir='ltr'><strong>serunt,</strong></span> <span class='ocrx_word' id='word_1_140' title='bbox 666 1863 849 1911; x_wconf 84' lang='lat' dir='ltr'><strong>tenere</strong></span> <span class='ocrx_word' id='word_1_141' title='bbox 899 1854 984 1908; x_wconf 73' lang='lat' dir='ltr'><strong>Vcl</strong></span> <span class='ocrx_word' id='word_1_142' title='bbox 1029 1871 1273 1924; x_wconf 82' lang='lat' dir='ltr'><strong>qua-rere</strong></span> <span class='ocrx_word' id='word_1_143' title='bbox 1314 1857 1531 1910; x_wconf 84' lang='lat' dir='ltr'><strong>debent.</strong></span> <span class='ocrx_word' id='word_1_144' title='bbox 1570 1857 1711 1911; x_wconf 82' lang='lat' dir='ltr'><strong>llinc</strong></span> <span class='ocrx_word' id='word_1_145' title='bbox 1745 1855 1997 1912; x_wconf 85' lang='lat' dir='ltr'><strong>Christus</strong></span> 
     </span>
    </p>
   </div>
   <div class='ocr_carea' id='block_1_23' title="bbox 2106 1043 2383 1104">
    <p class='ocr_par' dir='ltr' id='par_1_23' title="bbox 2106 1043 2383 1104">
     <span class='ocr_line' id='line_1_23' title="bbox 2106 1043 2383 1104; baseline 0.011 -19"><span class='ocrx_word' id='word_1_146' title='bbox 2106 1043 2383 1104; x_wconf 86' lang='lat' dir='ltr'><strong>appetere.</strong></span> 
     </span>
    </p>
   </div>
   <div class='ocr_carea' id='block_1_24' title="bbox 2176 1114 3688 1193">
    <p class='ocr_par' dir='ltr' id='par_1_24' title="bbox 2176 1114 3688 1193">
     <span class='ocr_line' id='line_1_24' title="bbox 2176 1114 3688 1193; baseline -0.005 -16"><span class='ocrx_word' id='word_1_147' title='bbox 2176 1123 2408 1193; x_wconf 85' lang='lat' dir='ltr'><strong>Pmpter</strong></span> <span class='ocrx_word' id='word_1_148' title='bbox 2431 1122 2575 1192; x_wconf 88' lang='lat' dir='ltr'><strong>quod</strong></span> <span class='ocrx_word' id='word_1_149' title='bbox 2601 1122 2749 1187; x_wconf 90' lang='lat' dir='ltr'><strong>volo,</strong></span> <span class='ocrx_word' id='word_1_150' title='bbox 2786 1121 2999 1186; x_wconf 90' lang='lat' dir='ltr'><strong>hortor,</strong></span> <span class='ocrx_word' id='word_1_151' title='bbox 3023 1126 3079 1176; x_wconf 88' lang='lat' dir='ltr'><strong>et</strong></span> <span class='ocrx_word' id='word_1_152' title='bbox 3108 1131 3299 1182; x_wconf 82' lang='lat' dir='ltr'><strong>moneo</strong></span> <span class='ocrx_word' id='word_1_153' title='bbox 3336 1130 3451 1177; x_wconf 89' lang='lat' dir='ltr'><strong>vos,</strong></span> <span class='ocrx_word' id='word_1_154' title='bbox 3478 1114 3688 1170; x_wconf 79' lang='lat' dir='ltr'><strong>otiaris-</strong></span> 
     </span>
    </p>
   </div>
   <div class='ocr_carea' id='block_1_25' title="bbox 2103 1207 3684 1282">
    <p class='ocr_par' dir='ltr' id='par_1_25' title="bbox 2103 1207 3684 1282">
     <span class='ocr_line' id='line_1_25' title="bbox 2103 1207 3684 1282; baseline -0.007 -12"><span class='ocrx_word' id='word_1_155' title='bbox 2103 1216 2277 1282; x_wconf 73' lang='lat' dir='ltr'><strong>simte,</strong></span> <span class='ocrx_word' id='word_1_156' title='bbox 2312 1227 2370 1270; x_wconf 89' lang='lat' dir='ltr'><strong>ut</strong></span> <span class='ocrx_word' id='word_1_157' title='bbox 2400 1215 2512 1271; x_wconf 69' lang='lat' dir='ltr'><strong>haec</strong></span> <span class='ocrx_word' id='word_1_158' title='bbox 2544 1223 2804 1281; x_wconf 90' lang='lat' dir='ltr'><strong>perpetuo</strong></span> <span class='ocrx_word' id='word_1_159' title='bbox 2836 1214 2891 1266; x_wconf 91' lang='lat' dir='ltr'><strong>in</strong></span> <span class='ocrx_word' id='word_1_160' title='bbox 2924 1218 3107 1266; x_wconf 88' lang='lat' dir='ltr'><strong>vestro</strong></span> <span class='ocrx_word' id='word_1_161' title='bbox 3145 1207 3475 1263; x_wconf 89' lang='lat' dir='ltr'><strong>monasterio</strong></span> <span class='ocrx_word' id='word_1_162' title='bbox 3498 1207 3684 1260; x_wconf 89' lang='lat' dir='ltr'><strong>obser-</strong></span> 
     </span>
    </p>
   </div>
   <div class='ocr_carea' id='block_1_26' title="bbox 2109 1299 3686 1373">
    <p class='ocr_par' dir='ltr' id='par_1_26' title="bbox 2109 1299 3686 1373">
     <span class='ocr_line' id='line_1_26' title="bbox 2109 1299 3686 1373; baseline -0.003 -16"><span class='ocrx_word' id='word_1_163' title='bbox 2109 1306 2253 1360; x_wconf 80' lang='lat' dir='ltr'><strong>vatio</strong></span> <span class='ocrx_word' id='word_1_164' title='bbox 2286 1313 2502 1358; x_wconf 90' lang='lat' dir='ltr'><strong>maneat</strong></span> <span class='ocrx_word' id='word_1_165' title='bbox 2529 1322 2543 1362; x_wconf 90' lang='lat'><strong>:</strong></span> <span class='ocrx_word' id='word_1_166' title='bbox 2577 1303 2718 1373; x_wconf 86' lang='lat' dir='ltr'><strong>quod</strong></span> <span class='ocrx_word' id='word_1_167' title='bbox 2751 1301 2894 1358; x_wconf 89' lang='lat' dir='ltr'><strong>nulla</strong></span> <span class='ocrx_word' id='word_1_168' title='bbox 2947 1301 3157 1356; x_wconf 84' lang='lat' dir='ltr'><strong>scilicet</strong></span> <span class='ocrx_word' id='word_1_169' title='bbox 3186 1299 3408 1352; x_wconf 86' lang='lat' dir='ltr'><strong>omnino</strong></span> <span class='ocrx_word' id='word_1_170' title='bbox 3440 1304 3686 1366; x_wconf 84' lang='lat' dir='ltr'><strong>tangere,</strong></span> 
     </span>
    </p>
   </div>
   <div class='ocr_carea' id='block_1_27' title="bbox 2104 1393 3686 1467">
    <p class='ocr_par' dir='ltr' id='par_1_27' title="bbox 2104 1393 3686 1467">
     <span class='ocr_line' id='line_1_27' title="bbox 2104 1393 3686 1467; baseline -0.006 -15"><span class='ocrx_word' id='word_1_171' title='bbox 2104 1408 2197 1452; x_wconf 89' lang='lat' dir='ltr'><strong>aut</strong></span> <span class='ocrx_word' id='word_1_172' title='bbox 2227 1398 2535 1467; x_wconf 87' lang='lat' dir='ltr'><strong>aliqnaliter</strong></span> <span class='ocrx_word' id='word_1_173' title='bbox 2569 1398 2803 1454; x_wconf 87' lang='lat' dir='ltr'><strong>retinere</strong></span> <span class='ocrx_word' id='word_1_174' title='bbox 2853 1395 3045 1450; x_wconf 84' lang='lat' dir='ltr'><strong>audeat</strong></span> <span class='ocrx_word' id='word_1_175' title='bbox 3077 1409 3173 1465; x_wconf 89' lang='lat' dir='ltr'><strong>per</strong></span> <span class='ocrx_word' id='word_1_176' title='bbox 3211 1393 3409 1447; x_wconf 88' lang='lat' dir='ltr'><strong>horam</strong></span> <span class='ocrx_word' id='word_1_177' title='bbox 3437 1404 3686 1454; x_wconf 84' lang='lat' dir='ltr'><strong>censum,</strong></span> 
     </span>
    </p>
   </div>
   <div class='ocr_carea' id='block_1_28' title="bbox 2104 1485 3687 1560">
    <p class='ocr_par' dir='ltr' id='par_1_28' title="bbox 2104 1485 3687 1560">
     <span class='ocr_line' id='line_1_28' title="bbox 2104 1485 3687 1560; baseline -0.006 -14"><span class='ocrx_word' id='word_1_178' title='bbox 2104 1504 2197 1552; x_wconf 84' lang='lat' dir='ltr'><strong>aut</strong></span> <span class='ocrx_word' id='word_1_179' title='bbox 2225 1493 2468 1558; x_wconf 91' lang='lat' dir='ltr'><strong>obolum,</strong></span> <span class='ocrx_word' id='word_1_180' title='bbox 2501 1503 2592 1545; x_wconf 90' lang='lat' dir='ltr'><strong>aut</strong></span> <span class='ocrx_word' id='word_1_181' title='bbox 2628 1490 2832 1559; x_wconf 86' lang='lat' dir='ltr'><strong>aliquid</strong></span> <span class='ocrx_word' id='word_1_182' title='bbox 2861 1498 3345 1560; x_wconf 89' lang='lat' dir='ltr'><strong>quantumcunque</strong></span> <span class='ocrx_word' id='word_1_183' title='bbox 3375 1485 3687 1547; x_wconf 90' lang='lat' dir='ltr'><strong>minimum,</strong></span> 
     </span>
    </p>
   </div>
   <div class='ocr_carea' id='block_1_29' title="bbox 2103 1573 3691 1654">
    <p class='ocr_par' dir='ltr' id='par_1_29' title="bbox 2103 1573 3691 1654">
     <span class='ocr_line' id='line_1_29' title="bbox 2103 1573 3691 1654; baseline -0.008 -18"><span class='ocrx_word' id='word_1_184' title='bbox 2103 1598 2414 1654; x_wconf 88' lang='lat' dir='ltr'><strong>quanquam</strong></span> <span class='ocrx_word' id='word_1_185' title='bbox 2444 1598 2470 1634; x_wconf 89' lang='lat' dir='ltr'><strong>a</strong></span> <span class='ocrx_word' id='word_1_186' title='bbox 2509 1592 2682 1636; x_wconf 85' lang='lat' dir='ltr'><strong>matre</strong></span> <span class='ocrx_word' id='word_1_187' title='bbox 2705 1591 2802 1636; x_wconf 88' lang='lat' dir='ltr'><strong>aut</strong></span> <span class='ocrx_word' id='word_1_188' title='bbox 2847 1595 3036 1634; x_wconf 79' lang='lat' dir='ltr'><strong>sorore</strong></span> <span class='ocrx_word' id='word_1_189' title='bbox 3095 1581 3367 1630; x_wconf 86' lang='lat' dir='ltr'><strong>mittatur.</strong></span> <span class='ocrx_word' id='word_1_190' title='bbox 3403 1573 3691 1642; x_wconf 82' lang='lat' dir='ltr'><strong>Eligautur</strong></span> 
     </span>
    </p>
   </div>
   <div class='ocr_carea' id='block_1_30' title="bbox 2106 1667 3690 1744">
    <p class='ocr_par' dir='ltr' id='par_1_30' title="bbox 2106 1667 3690 1744">
     <span class='ocr_line' id='line_1_30' title="bbox 2106 1667 3690 1744; baseline -0.006 -15"><span class='ocrx_word' id='word_1_191' title='bbox 2106 1684 2197 1729; x_wconf 87' lang='lat' dir='ltr'><strong>aut</strong></span> <span class='ocrx_word' id='word_1_192' title='bbox 2225 1674 2381 1742; x_wconf 82' lang='lat' dir='ltr'><strong>juxta</strong></span> <span class='ocrx_word' id='word_1_193' title='bbox 2412 1673 2785 1744; x_wconf 86' lang='lat' dir='ltr'><strong>apostolorum</strong></span> <span class='ocrx_word' id='word_1_194' title='bbox 2814 1673 2977 1725; x_wconf 89' lang='lat' dir='ltr'><strong>ritum</strong></span> <span class='ocrx_word' id='word_1_195' title='bbox 2996 1667 3272 1724; x_wconf 88' lang='lat' dir='ltr'><strong>communi</strong></span> <span class='ocrx_word' id='word_1_196' title='bbox 3301 1677 3422 1720; x_wconf 85' lang='lat' dir='ltr'><strong>voto</strong></span> <span class='ocrx_word' id='word_1_197' title='bbox 3450 1667 3690 1721; x_wconf 80' lang='lat' dir='ltr'><strong>abbatis-</strong></span> 
     </span>
    </p>
   </div>
   <div class='ocr_carea' id='block_1_31' title="bbox 2103 1756 3691 1834">
    <p class='ocr_par' dir='ltr' id='par_1_31' title="bbox 2103 1756 3691 1834">
     <span class='ocr_line' id='line_1_31' title="bbox 2103 1756 3691 1834; baseline -0.007 -14"><span class='ocrx_word' id='word_1_198' title='bbox 2103 1782 2176 1820; x_wconf 74' lang='lat' dir='ltr'><strong>sae</strong></span> <span class='ocrx_word' id='word_1_199' title='bbox 2207 1774 2259 1819; x_wconf 86' lang='lat' dir='ltr'><strong>et</strong></span> <span class='ocrx_word' id='word_1_200' title='bbox 2291 1774 2611 1820; x_wconf 71' lang='lat' dir='ltr'><strong>caeterarum</strong></span> <span class='ocrx_word' id='word_1_201' title='bbox 2641 1763 2867 1834; x_wconf 75' lang='lat' dir='ltr'><strong>singulis</strong></span> <span class='ocrx_word' id='word_1_202' title='bbox 2895 1763 3053 1818; x_wconf 84' lang='lat' dir='ltr'><strong>annis</strong></span> <span class='ocrx_word' id='word_1_203' title='bbox 3083 1778 3098 1821; x_wconf 85' lang='lat'><strong>;</strong></span> <span class='ocrx_word' id='word_1_204' title='bbox 3131 1771 3221 1813; x_wconf 91' lang='lat' dir='ltr'><strong>aut</strong></span> <span class='ocrx_word' id='word_1_205' title='bbox 3252 1758 3300 1814; x_wconf 91' lang='lat' dir='ltr'><strong>si</strong></span> <span class='ocrx_word' id='word_1_206' title='bbox 3325 1763 3520 1812; x_wconf 89' lang='lat' dir='ltr'><strong>decens</strong></span> <span class='ocrx_word' id='word_1_207' title='bbox 3541 1756 3691 1810; x_wconf 80' lang='lat' dir='ltr'><strong>vide-</strong></span> 
     </span>
    </p>
   </div>
   <div class='ocr_carea' id='block_1_32' title="bbox 2103 1851 3683 1921">
    <p class='ocr_par' dir='ltr' id='par_1_32' title="bbox 2103 1851 3683 1921">
     <span class='ocr_line' id='line_1_32' title="bbox 2103 1851 3683 1921; baseline -0.007 -7"><span class='ocrx_word' id='word_1_208' title='bbox 2103 1861 2248 1914; x_wconf 82' lang='lat' dir='ltr'><strong>bitur</strong></span> <span class='ocrx_word' id='word_1_209' title='bbox 2280 1869 2328 1914; x_wconf 90' lang='lat' dir='ltr'><strong>et</strong></span> <span class='ocrx_word' id='word_1_210' title='bbox 2370 1857 2520 1920; x_wconf 89' lang='lat' dir='ltr'><strong>utile,</strong></span> <span class='ocrx_word' id='word_1_211' title='bbox 2554 1857 2950 1912; x_wconf 81' lang='lat' dir='ltr'><strong>continuentur</strong></span> <span class='ocrx_word' id='word_1_212' title='bbox 3006 1855 3123 1909; x_wconf 64' lang='lat' dir='ltr'><strong>dum</strong></span> <span class='ocrx_word' id='word_1_213' title='bbox 3151 1860 3242 1906; x_wconf 90' lang='lat' dir='ltr'><strong>aut</strong></span> <span class='ocrx_word' id='word_1_214' title='bbox 3279 1851 3461 1921; x_wconf 88' lang='lat' dir='ltr'><strong>plures</strong></span> <span class='ocrx_word' id='word_1_215' title='bbox 3491 1865 3555 1903; x_wconf 79' lang='lat' dir='ltr'><strong>ex</strong></span> <span class='ocrx_word' id='word_1_216' title='bbox 3590 1865 3683 1904; x_wconf 86' lang='lat' dir='ltr'><strong>so-</strong></span> 
     </span>
    </p>
   </div>
   <div class='ocr_carea' id='block_1_33' title="bbox 422 1927 1997 2018">
    <p class='ocr_par' dir='ltr' id='par_1_33' title="bbox 422 1943 1997 2018">
     <span class='ocr_line' id='line_1_33' title="bbox 422 1943 1997 2018; baseline 0.008 -27"><span class='ocrx_word' id='word_1_217' title='bbox 422 1964 431 1991; x_wconf 76' lang='lat'><strong>:</strong></span> <span class='ocrx_word' id='word_1_218' title='bbox 457 1943 682 2010; x_wconf 81' lang='lat' dir='ltr'><strong>postulis</strong></span> <span class='ocrx_word' id='word_1_219' title='bbox 709 1960 814 1998; x_wconf 87' lang='lat' dir='ltr'><strong>non</strong></span> <span class='ocrx_word' id='word_1_220' title='bbox 841 1957 1055 2014; x_wconf 82' lang='lat' dir='ltr'><strong>portare</strong></span> <span class='ocrx_word' id='word_1_221' title='bbox 1080 1947 1376 2011; x_wconf 85' lang='lat' dir='ltr'><strong>sacculum,</strong></span> <span class='ocrx_word' id='word_1_222' title='bbox 1402 1961 1574 2016; x_wconf 80' lang='lat' dir='ltr'><strong>neque</strong></span> <span class='ocrx_word' id='word_1_223' title='bbox 1591 1964 1798 2015; x_wconf 84' lang='lat' dir='ltr'><strong>peram,</strong></span> <span class='ocrx_word' id='word_1_224' title='bbox 1828 1965 1997 2018; x_wconf 86' lang='lat' dir='ltr'><strong>neque</strong></span> 
     </span>
    </p>
   </div>
   <div class='ocr_carea' id='block_1_34' title="bbox 2109 1927 3691 2018">
    <p class='ocr_par' dir='ltr' id='par_1_34' title="bbox 2109 1945 3691 2018">
     <span class='ocr_line' id='line_1_34' title="bbox 2109 1945 3691 2018; baseline -0.008 -10"><span class='ocrx_word' id='word_1_225' title='bbox 2109 1955 2341 2018; x_wconf 83' lang='lat' dir='ltr'><strong>roribus,</strong></span> <span class='ocrx_word' id='word_1_226' title='bbox 2377 1950 2502 2006; x_wconf 88' lang='lat' dir='ltr'><strong>boui</strong></span> <span class='ocrx_word' id='word_1_227' title='bbox 2531 1949 2856 2012; x_wconf 82' lang='lat' dir='ltr'><strong>testimonii,</strong></span> <span class='ocrx_word' id='word_1_228' title='bbox 2897 1949 3068 2018; x_wconf 72' lang='lat' dir='ltr'><strong>plena:</strong></span> <span class='ocrx_word' id='word_1_229' title='bbox 3120 1945 3326 2015; x_wconf 82' lang='lat' dir='ltr'><strong>Spiritu</strong></span> <span class='ocrx_word' id='word_1_230' title='bbox 3389 1954 3581 1998; x_wconf 83' lang='lat' dir='ltr'><strong>sancto</strong></span> <span class='ocrx_word' id='word_1_231' title='bbox 3635 1954 3691 1998; x_wconf 85' lang='lat' dir='ltr'><strong>et</strong></span> 
     </span>
    </p>
   </div>
   <div class='ocr_carea' id='block_1_35' title="bbox 423 2019 1997 2109">
    <p class='ocr_par' dir='ltr' id='par_1_35' title="bbox 423 2019 1997 2109">
     <span class='ocr_line' id='line_1_35' title="bbox 423 2019 1997 2109; baseline 0.003 -21"><span class='ocrx_word' id='word_1_232' title='bbox 423 2051 496 2088; x_wconf 79' lang='lat' dir='ltr'><strong>as</strong></span> <span class='ocrx_word' id='word_1_233' title='bbox 535 2035 585 2087; x_wconf 91' lang='lat' dir='ltr'><strong>in</strong></span> <span class='ocrx_word' id='word_1_234' title='bbox 635 2036 788 2090; x_wconf 84' lang='lat' dir='ltr'><strong>zonis</strong></span> <span class='ocrx_word' id='word_1_235' title='bbox 817 2019 1080 2091; x_wconf 82' lang='lat' dir='ltr'><strong>mandat:</strong></span> <span class='ocrx_word' id='word_1_236' title='bbox 1119 2047 1175 2090; x_wconf 79' lang='grc' dir='ltr'><strong>ιιι</strong></span> <span class='ocrx_word' id='word_1_237' title='bbox 1219 2053 1284 2091; x_wconf 78' lang='lat' dir='ltr'><strong>ex</strong></span> <span class='ocrx_word' id='word_1_238' title='bbox 1326 2039 1427 2094; x_wconf 90' lang='lat' dir='ltr'><strong>hoc</strong></span> <span class='ocrx_word' id='word_1_239' title='bbox 1461 2039 1763 2109; x_wconf 84' lang='lat' dir='ltr'><strong>intelligant</strong></span> <span class='ocrx_word' id='word_1_240' title='bbox 1810 2055 1997 2096; x_wconf 86' lang='lat' dir='ltr'><strong>eorum</strong></span> 
     </span>
    </p>
   </div>
   <div class='ocr_carea' id='block_1_36' title="bbox 423 2129 1999 2198">
    <p class='ocr_par' dir='ltr' id='par_1_36' title="bbox 423 2129 1999 2198">
     <span class='ocr_line' id='line_1_36' title="bbox 423 2129 1999 2198; baseline 0.008 -23"><span class='ocrx_word' id='word_1_241' title='bbox 423 2129 545 2181; x_wconf 64' lang='lat' dir='ltr'><strong>vita!</strong></span> <span class='ocrx_word' id='word_1_242' title='bbox 572 2136 891 2191; x_wconf 82' lang='lat' dir='ltr'><strong>sectatores,</strong></span> <span class='ocrx_word' id='word_1_243' title='bbox 926 2130 1069 2198; x_wconf 88' lang='lat' dir='ltr'><strong>quod</strong></span> <span class='ocrx_word' id='word_1_244' title='bbox 1104 2129 1238 2183; x_wconf 70' lang='lat' dir='ltr'><strong>nihil</strong></span> <span class='ocrx_word' id='word_1_245' title='bbox 1269 2132 1544 2198; x_wconf 87' lang='lat' dir='ltr'><strong>proprium</strong></span> <span class='ocrx_word' id='word_1_246' title='bbox 1572 2132 1624 2184; x_wconf 84' lang='lat' dir='ltr'><strong>in</strong></span> <span class='ocrx_word' id='word_1_247' title='bbox 1653 2133 1999 2188; x_wconf 86' lang='lat' dir='ltr'><strong>menasteriis</strong></span> 
     </span>
    </p>
   </div>
   <div class='ocr_carea' id='block_1_37' title="bbox 427 2220 1994 2294">
    <p class='ocr_par' dir='ltr' id='par_1_37' title="bbox 427 2220 1994 2294">
     <span class='ocr_line' id='line_1_37' title="bbox 427 2220 1994 2294; baseline 0.004 -22"><span class='ocrx_word' id='word_1_248' title='bbox 427 2221 553 2274; x_wconf 69' lang='lat' dir='ltr'><strong>licet</strong></span> <span class='ocrx_word' id='word_1_249' title='bbox 593 2220 811 2274; x_wconf 75' lang='lat' dir='ltr'><strong>habere.</strong></span> <span class='ocrx_word' id='word_1_250' title='bbox 849 2221 1008 2274; x_wconf 79' lang='lat' dir='ltr'><strong>Certe</strong></span> <span class='ocrx_word' id='word_1_251' title='bbox 1044 2237 1152 2276; x_wconf 89' lang='lat' dir='ltr'><strong>non</strong></span> <span class='ocrx_word' id='word_1_252' title='bbox 1209 2225 1474 2289; x_wconf 86' lang='lat' dir='ltr'><strong>tunicam,</strong></span> <span class='ocrx_word' id='word_1_253' title='bbox 1507 2225 1605 2279; x_wconf 86' lang='lat' dir='ltr'><strong>nisi</strong></span> <span class='ocrx_word' id='word_1_254' title='bbox 1639 2241 1759 2294; x_wconf 69' lang='lat' dir='ltr'><strong>qua:</strong></span> <span class='ocrx_word' id='word_1_255' title='bbox 1804 2240 1871 2280; x_wconf 86' lang='lat' dir='ltr'><strong>ex</strong></span> <span class='ocrx_word' id='word_1_256' title='bbox 1907 2244 1994 2278; x_wconf 88' lang='lat' dir='ltr'><strong>ne-</strong></span> 
     </span>
    </p>
   </div>
   <div class='ocr_carea' id='block_1_38' title="bbox 420 2313 1995 2385">
    <p class='ocr_par' dir='ltr' id='par_1_38' title="bbox 420 2313 1995 2385">
     <span class='ocr_line' id='line_1_38' title="bbox 420 2313 1995 2385; baseline 0.003 -19"><span class='ocrx_word' id='word_1_257' title='bbox 420 2313 677 2368; x_wconf 52' lang='lat' dir='ltr'><strong>cessitate</strong></span> <span class='ocrx_word' id='word_1_258' title='bbox 701 2321 948 2379; x_wconf 81' lang='lat' dir='ltr'><strong>portatur</strong></span> <span class='ocrx_word' id='word_1_259' title='bbox 973 2329 986 2366; x_wconf 88' lang='lat'><strong>:</strong></span> <span class='ocrx_word' id='word_1_260' title='bbox 1015 2328 1118 2368; x_wconf 91' lang='lat' dir='ltr'><strong>non</strong></span> <span class='ocrx_word' id='word_1_261' title='bbox 1144 2314 1394 2385; x_wconf 76' lang='lat' dir='ltr'><strong>caligant,</strong></span> <span class='ocrx_word' id='word_1_262' title='bbox 1422 2331 1520 2371; x_wconf 86' lang='lat' dir='ltr'><strong>nec</strong></span> <span class='ocrx_word' id='word_1_263' title='bbox 1542 2316 1688 2371; x_wconf 83' lang='lat' dir='ltr'><strong>aliud</strong></span> <span class='ocrx_word' id='word_1_264' title='bbox 1715 2318 1995 2371; x_wconf 90' lang='lat' dir='ltr'><strong>minimum</strong></span> 
     </span>
    </p>
   </div>
   <div class='ocr_carea' id='block_1_39' title="bbox 419 2405 688 2471">
    <p class='ocr_par' dir='ltr' id='par_1_39' title="bbox 419 2405 688 2471">
     <span class='ocr_line' id='line_1_39' title="bbox 419 2405 688 2471; baseline 0.019 -16"><span class='ocrx_word' id='word_1_265' title='bbox 419 2405 688 2471; x_wconf 78' lang='lat' dir='ltr'><strong>quodque.</strong></span> 
     </span>
    </p>
   </div>
   <div class='ocr_carea' id='block_1_40' title="bbox 497 2498 1993 2569">
    <p class='ocr_par' dir='ltr' id='par_1_40' title="bbox 497 2498 1993 2569">
     <span class='ocr_line' id='line_1_40' title="bbox 497 2498 1993 2569; baseline 0 -15"><span class='ocrx_word' id='word_1_266' title='bbox 497 2498 691 2554; x_wconf 69' lang='lat' dir='ltr'><strong>Verum</strong></span> <span class='ocrx_word' id='word_1_267' title='bbox 724 2508 777 2552; x_wconf 90' lang='lat' dir='ltr'><strong>et</strong></span> <span class='ocrx_word' id='word_1_268' title='bbox 818 2498 863 2553; x_wconf 91' lang='lat' dir='ltr'><strong>si</strong></span> <span class='ocrx_word' id='word_1_269' title='bbox 898 2498 1148 2554; x_wconf 84' lang='lat' dir='ltr'><strong>Christus</strong></span> <span class='ocrx_word' id='word_1_270' title='bbox 1175 2507 1229 2552; x_wconf 90' lang='lat' dir='ltr'><strong>et</strong></span> <span class='ocrx_word' id='word_1_271' title='bbox 1258 2498 1490 2567; x_wconf 86' lang='lat' dir='ltr'><strong>apostoli</strong></span> <span class='ocrx_word' id='word_1_272' title='bbox 1532 2499 1709 2568; x_wconf 86' lang='lat' dir='ltr'><strong>aliqua</strong></span> <span class='ocrx_word' id='word_1_273' title='bbox 1742 2515 1862 2569; x_wconf 67' lang='lat' dir='ltr'><strong>quae</strong></span> <span class='ocrx_word' id='word_1_274' title='bbox 1893 2501 1993 2556; x_wconf 88' lang='lat' dir='ltr'><strong>sibi</strong></span> 
     </span>
    </p>
   </div>
   <div class='ocr_carea' id='block_1_41' title="bbox 421 2591 1998 2658">
    <p class='ocr_par' dir='ltr' id='par_1_41' title="bbox 421 2591 1998 2658">
     <span class='ocr_line' id='line_1_41' title="bbox 421 2591 1998 2658; baseline 0.003 -17"><span class='ocrx_word' id='word_1_275' title='bbox 421 2591 712 2655; x_wconf 79' lang='lat' dir='ltr'><strong>dabantur,</strong></span> <span class='ocrx_word' id='word_1_276' title='bbox 748 2602 972 2658; x_wconf 88' lang='lat' dir='ltr'><strong>propter</strong></span> <span class='ocrx_word' id='word_1_277' title='bbox 1001 2591 1386 2648; x_wconf 82' lang='lat' dir='ltr'><strong>necessitatem</strong></span> <span class='ocrx_word' id='word_1_278' title='bbox 1421 2592 1695 2656; x_wconf 85' lang='lat' dir='ltr'><strong>tenebant,</strong></span> <span class='ocrx_word' id='word_1_279' title='bbox 1731 2592 1858 2648; x_wconf 86' lang='lat' dir='ltr'><strong>nulli</strong></span> <span class='ocrx_word' id='word_1_280' title='bbox 1886 2593 1998 2658; x_wconf 86' lang='lat' dir='ltr'><strong>sin-</strong></span> 
     </span>
    </p>
   </div>
   <div class='ocr_carea' id='block_1_42' title="bbox 416 2681 1992 2753">
    <p class='ocr_par' dir='ltr' id='par_1_42' title="bbox 416 2681 1992 2753">
     <span class='ocr_line' id='line_1_42' title="bbox 416 2681 1992 2753; baseline 0.003 -20"><span class='ocrx_word' id='word_1_281' title='bbox 416 2683 663 2750; x_wconf 72' lang='lat' dir='ltr'><strong>gulorum</strong></span> <span class='ocrx_word' id='word_1_282' title='bbox 697 2681 896 2742; x_wconf 79' lang='lat' dir='ltr'><strong>licebat</strong></span> <span class='ocrx_word' id='word_1_283' title='bbox 928 2681 1127 2752; x_wconf 88' lang='lat' dir='ltr'><strong>aliquid</strong></span> <span class='ocrx_word' id='word_1_284' title='bbox 1169 2697 1232 2737; x_wconf 83' lang='lat' dir='ltr'><strong>ex</strong></span> <span class='ocrx_word' id='word_1_285' title='bbox 1274 2682 1359 2739; x_wconf 90' lang='lat' dir='ltr'><strong>his</strong></span> <span class='ocrx_word' id='word_1_286' title='bbox 1393 2683 1709 2753; x_wconf 81' lang='lat' dir='ltr'><strong>contingere</strong></span> <span class='ocrx_word' id='word_1_287' title='bbox 1739 2693 1992 2753; x_wconf 85' lang='lat' dir='ltr'><strong>tanquam</strong></span> 
     </span>
    </p>
   </div>
   <div class='ocr_carea' id='block_1_43' title="bbox 418 2774 1993 2846">
    <p class='ocr_par' dir='ltr' id='par_1_43' title="bbox 418 2774 1993 2846">
     <span class='ocr_line' id='line_1_43' title="bbox 418 2774 1993 2846; baseline 0.003 -20"><span class='ocrx_word' id='word_1_288' title='bbox 418 2790 579 2834; x_wconf 65' lang='lat' dir='ltr'><strong>suum</strong></span> <span class='ocrx_word' id='word_1_289' title='bbox 608 2789 624 2832; x_wconf 83' lang='lat'><strong>:</strong></span> <span class='ocrx_word' id='word_1_290' title='bbox 663 2775 756 2828; x_wconf 91' lang='lat' dir='ltr'><strong>sed</strong></span> <span class='ocrx_word' id='word_1_291' title='bbox 818 2775 1086 2844; x_wconf 85' lang='lat' dir='ltr'><strong>pessimus</strong></span> <span class='ocrx_word' id='word_1_292' title='bbox 1117 2774 1208 2834; x_wconf 87' lang='lat' dir='ltr'><strong>ille</strong></span> <span class='ocrx_word' id='word_1_293' title='bbox 1245 2775 1490 2844; x_wconf 89' lang='lat' dir='ltr'><strong>proditor</strong></span> <span class='ocrx_word' id='word_1_294' title='bbox 1523 2786 1684 2846; x_wconf 88' lang='lat' dir='ltr'><strong>atque</strong></span> <span class='ocrx_word' id='word_1_295' title='bbox 1717 2777 1873 2842; x_wconf 85' lang='lat' dir='ltr'><strong>latro,</strong></span> <span class='ocrx_word' id='word_1_296' title='bbox 1914 2775 1993 2831; x_wconf 74' lang='lat' dir='ltr'><strong>{e-</strong></span> 
     </span>
    </p>
   </div>
   <div class='ocr_carea' id='block_1_44' title="bbox 421 2867 1995 2936">
    <p class='ocr_par' dir='ltr' id='par_1_44' title="bbox 421 2867 1995 2936">
     <span class='ocr_line' id='line_1_44' title="bbox 421 2867 1995 2936; baseline 0.001 -16"><span class='ocrx_word' id='word_1_297' title='bbox 421 2884 544 2921; x_wconf 78' lang='lat' dir='ltr'><strong>rcns</strong></span> <span class='ocrx_word' id='word_1_298' title='bbox 585 2868 813 2932; x_wconf 85' lang='lat' dir='ltr'><strong>loculos,</strong></span> <span class='ocrx_word' id='word_1_299' title='bbox 849 2867 1031 2922; x_wconf 89' lang='lat' dir='ltr'><strong>omnia</strong></span> <span class='ocrx_word' id='word_1_300' title='bbox 1095 2869 1346 2936; x_wconf 80' lang='lat' dir='ltr'><strong>portabat</strong></span> <span class='ocrx_word' id='word_1_301' title='bbox 1389 2870 1442 2924; x_wconf 91' lang='lat' dir='ltr'><strong>in</strong></span> <span class='ocrx_word' id='word_1_302' title='bbox 1474 2869 1554 2924; x_wconf 88' lang='lat' dir='ltr'><strong>eis</strong></span> <span class='ocrx_word' id='word_1_303' title='bbox 1609 2868 1771 2923; x_wconf 82' lang='lat' dir='ltr'><strong>veluti</strong></span> <span class='ocrx_word' id='word_1_304' title='bbox 1831 2871 1995 2924; x_wconf 90' lang='lat' dir='ltr'><strong>totius</strong></span> 
     </span>
    </p>
   </div>
   <div class='ocr_carea' id='block_1_45' title="bbox 419 2961 1990 3028">
    <p class='ocr_par' dir='ltr' id='par_1_45' title="bbox 419 2961 1990 3028">
     <span class='ocr_line' id='line_1_45' title="bbox 419 2961 1990 3028; baseline 0.004 -17"><span class='ocrx_word' id='word_1_305' title='bbox 419 2961 858 3028; x_wconf 74' lang='lat' dir='ltr'><strong>congregationis</strong></span> <span class='ocrx_word' id='word_1_306' title='bbox 897 2961 1204 3016; x_wconf 88' lang='lat' dir='ltr'><strong>communia</strong></span> <span class='ocrx_word' id='word_1_307' title='bbox 1245 2977 1261 3019; x_wconf 86' lang='lat'><strong>:</strong></span> <span class='ocrx_word' id='word_1_308' title='bbox 1295 2971 1349 3016; x_wconf 92' lang='lat' dir='ltr'><strong>et</strong></span> <span class='ocrx_word' id='word_1_309' title='bbox 1380 2962 1630 3017; x_wconf 88' lang='lat' dir='ltr'><strong>minister</strong></span> <span class='ocrx_word' id='word_1_310' title='bbox 1663 2963 1990 3028; x_wconf 87' lang='lat' dir='ltr'><strong>communis,</strong></span> 
     </span>
    </p>
   </div>
   <div class='ocr_carea' id='block_1_46' title="bbox 418 3036 1994 3121">
    <p class='ocr_par' dir='ltr' id='par_1_46' title="bbox 418 3036 1994 3121">
     <span class='ocr_line' id='line_1_46' title="bbox 418 3036 1994 3121; baseline 0.003 -19"><span class='ocrx_word' id='word_1_311' title='bbox 418 3052 754 3120; x_wconf 65' lang='lat' dir='ltr'><strong>singulorum</strong></span> <span class='ocrx_word' id='word_1_312' title='bbox 796 3054 1210 3108; x_wconf 85' lang='lat' dir='ltr'><strong>necessitatibus</strong></span> <span class='ocrx_word' id='word_1_313' title='bbox 1260 3055 1600 3121; x_wconf 84' lang='lat' dir='ltr'><strong>providebat.</strong></span> <span class='ocrx_word' id='word_1_314' title='bbox 1653 3036 1714 3108; x_wconf 78' lang='lat' dir='ltr'><strong>Et</strong></span> <span class='ocrx_word' id='word_1_315' title='bbox 1771 3069 1837 3108; x_wconf 77' lang='lat' dir='ltr'><strong>ex</strong></span> <span class='ocrx_word' id='word_1_316' title='bbox 1890 3052 1994 3107; x_wconf 88' lang='lat' dir='ltr'><strong>hoc</strong></span> 
     </span>
    </p>
   </div>
   <div class='ocr_carea' id='block_1_47' title="bbox 417 3143 1990 3214">
    <p class='ocr_par' dir='ltr' id='par_1_47' title="bbox 417 3143 1990 3214">
     <span class='ocr_line' id='line_1_47' title="bbox 417 3143 1990 3214; baseline 0.002 -19"><span class='ocrx_word' id='word_1_317' title='bbox 417 3145 592 3210; x_wconf 87' lang='lat' dir='ltr'><strong>edocti</strong></span> <span class='ocrx_word' id='word_1_318' title='bbox 623 3144 851 3212; x_wconf 82' lang='lat' dir='ltr'><strong>apostoli</strong></span> <span class='ocrx_word' id='word_1_319' title='bbox 883 3153 937 3198; x_wconf 90' lang='lat' dir='ltr'><strong>et</strong></span> <span class='ocrx_word' id='word_1_320' title='bbox 967 3143 1157 3198; x_wconf 73' lang='lat' dir='ltr'><strong>ﬁdeles</strong></span> <span class='ocrx_word' id='word_1_321' title='bbox 1197 3152 1316 3214; x_wconf 87' lang='lat' dir='ltr'><strong>post</strong></span> <span class='ocrx_word' id='word_1_322' title='bbox 1357 3147 1556 3200; x_wconf 82' lang='lat' dir='ltr'><strong>Christi</strong></span> <span class='ocrx_word' id='word_1_323' title='bbox 1615 3147 1990 3201; x_wconf 84' lang='lat' dir='ltr'><strong>ascensionem</strong></span> 
     </span>
    </p>
   </div>
   <div class='ocr_carea' id='block_1_48' title="bbox 2105 2039 3693 2115">
    <p class='ocr_par' dir='ltr' id='par_1_48' title="bbox 2105 2039 3693 2115">
     <span class='ocr_line' id='line_1_48' title="bbox 2105 2039 3693 2115; baseline -0.01 -15"><span class='ocrx_word' id='word_1_324' title='bbox 2105 2045 2372 2115; x_wconf 79' lang='lat' dir='ltr'><strong>sapientia</strong></span> <span class='ocrx_word' id='word_1_325' title='bbox 2407 2055 2422 2096; x_wconf 89' lang='lat'><strong>:</strong></span> <span class='ocrx_word' id='word_1_326' title='bbox 2455 2042 2652 2111; x_wconf 81' lang='lat' dir='ltr'><strong>quibus</strong></span> <span class='ocrx_word' id='word_1_327' title='bbox 2686 2040 3000 2110; x_wconf 83' lang='lat' dir='ltr'><strong>injnngatur</strong></span> <span class='ocrx_word' id='word_1_328' title='bbox 3028 2039 3128 2093; x_wconf 88' lang='lat' dir='ltr'><strong>hoc</strong></span> <span class='ocrx_word' id='word_1_329' title='bbox 3151 2049 3304 2103; x_wconf 89' lang='lat' dir='ltr'><strong>opus,</strong></span> <span class='ocrx_word' id='word_1_330' title='bbox 3335 2046 3390 2089; x_wconf 92' lang='lat' dir='ltr'><strong>nt</strong></span> <span class='ocrx_word' id='word_1_331' title='bbox 3417 2050 3693 2104; x_wconf 89' lang='lat' dir='ltr'><strong>quoscun-</strong></span> 
     </span>
    </p>
   </div>
   <div class='ocr_carea' id='block_1_49' title="bbox 2105 2129 3692 2205">
    <p class='ocr_par' dir='ltr' id='par_1_49' title="bbox 2105 2129 3692 2205">
     <span class='ocr_line' id='line_1_49' title="bbox 2105 2129 3692 2205; baseline -0.008 -15"><span class='ocrx_word' id='word_1_332' title='bbox 2105 2151 2206 2205; x_wconf 82' lang='lat' dir='ltr'><strong>que</strong></span> <span class='ocrx_word' id='word_1_333' title='bbox 2235 2144 2532 2205; x_wconf 87' lang='lat' dir='ltr'><strong>proventus</strong></span> <span class='ocrx_word' id='word_1_334' title='bbox 2551 2144 2657 2186; x_wconf 90' lang='lat' dir='ltr'><strong>tam</strong></span> <span class='ocrx_word' id='word_1_335' title='bbox 2685 2132 2880 2186; x_wconf 90' lang='lat' dir='ltr'><strong>domus</strong></span> <span class='ocrx_word' id='word_1_336' title='bbox 2899 2146 3057 2199; x_wconf 88' lang='lat' dir='ltr'><strong>quam</strong></span> <span class='ocrx_word' id='word_1_337' title='bbox 3085 2129 3413 2197; x_wconf 79' lang='lat' dir='ltr'><strong>singularum</strong></span> <span class='ocrx_word' id='word_1_338' title='bbox 3437 2141 3692 2181; x_wconf 87' lang='lat' dir='ltr'><strong>sororum</strong></span> 
     </span>
    </p>
   </div>
   <div class='ocr_carea' id='block_1_50' title="bbox 2105 2221 3692 2297">
    <p class='ocr_par' dir='ltr' id='par_1_50' title="bbox 2105 2221 3692 2297">
     <span class='ocr_line' id='line_1_50' title="bbox 2105 2221 3692 2297; baseline -0.007 -14"><span class='ocrx_word' id='word_1_339' title='bbox 2105 2230 2396 2297; x_wconf 79' lang='lat' dir='ltr'><strong>recipiant,</strong></span> <span class='ocrx_word' id='word_1_340' title='bbox 2432 2236 2485 2280; x_wconf 91' lang='lat' dir='ltr'><strong>et</strong></span> <span class='ocrx_word' id='word_1_341' title='bbox 2518 2243 2584 2282; x_wconf 78' lang='lat' dir='ltr'><strong>ex</strong></span> <span class='ocrx_word' id='word_1_342' title='bbox 2628 2226 2711 2280; x_wconf 87' lang='lat' dir='ltr'><strong>his</strong></span> <span class='ocrx_word' id='word_1_343' title='bbox 2748 2225 3031 2280; x_wconf 87' lang='lat' dir='ltr'><strong>sororibus</strong></span> <span class='ocrx_word' id='word_1_344' title='bbox 3091 2221 3400 2276; x_wconf 76' lang='lat' dir='ltr'><strong>necessaria</strong></span> <span class='ocrx_word' id='word_1_345' title='bbox 3461 2221 3692 2275; x_wconf 87' lang='lat' dir='ltr'><strong>tideliter</strong></span> 
     </span>
    </p>
   </div>
   <div class='ocr_carea' id='block_1_51' title="bbox 2101 2323 2503 2375">
    <p class='ocr_par' dir='ltr' id='par_1_51' title="bbox 2101 2323 2503 2375">
     <span class='ocr_line' id='line_1_51' title="bbox 2101 2323 2503 2375; baseline -0.007 0"><span class='ocrx_word' id='word_1_346' title='bbox 2101 2323 2503 2375; x_wconf 79' lang='lat' dir='ltr'><strong>administrent.</strong></span> 
     </span>
    </p>
   </div>
   <div class='ocr_carea' id='block_1_52' title="bbox 2172 2405 3692 2480">
    <p class='ocr_par' dir='ltr' id='par_1_52' title="bbox 2172 2405 3692 2480">
     <span class='ocr_line' id='line_1_52' title="bbox 2172 2405 3692 2480; baseline -0.007 -12"><span class='ocrx_word' id='word_1_347' title='bbox 2172 2415 2411 2468; x_wconf 69' lang='lat' dir='ltr'><strong>(Javeant</strong></span> <span class='ocrx_word' id='word_1_348' title='bbox 2450 2424 2666 2480; x_wconf 88' lang='lat' dir='ltr'><strong>quoque</strong></span> <span class='ocrx_word' id='word_1_349' title='bbox 2689 2425 2757 2464; x_wconf 82' lang='lat' dir='ltr'><strong>ne</strong></span> <span class='ocrx_word' id='word_1_350' title='bbox 2788 2417 2883 2464; x_wconf 89' lang='lat' dir='ltr'><strong>aut</strong></span> <span class='ocrx_word' id='word_1_351' title='bbox 2913 2422 2978 2462; x_wconf 76' lang='lat' dir='ltr'><strong>ex</strong></span> <span class='ocrx_word' id='word_1_352' title='bbox 3016 2405 3284 2476; x_wconf 84' lang='lat' dir='ltr'><strong>parcitate</strong></span> <span class='ocrx_word' id='word_1_353' title='bbox 3307 2411 3692 2468; x_wconf 87' lang='lat' dir='ltr'><strong>murmur,ant</strong></span> 
     </span>
    </p>
   </div>
   <div class='ocr_carea' id='block_1_53' title="bbox 2100 2498 3688 2562">
    <p class='ocr_par' dir='ltr' id='par_1_53' title="bbox 2100 2498 3688 2562">
     <span class='ocr_line' id='line_1_53' title="bbox 2100 2498 3688 2562; baseline -0.008 0"><span class='ocrx_word' id='word_1_354' title='bbox 2100 2523 2162 2562; x_wconf 76' lang='lat' dir='ltr'><strong>cx</strong></span> <span class='ocrx_word' id='word_1_355' title='bbox 2191 2506 2521 2562; x_wconf 84' lang='lat' dir='ltr'><strong>abundantia</strong></span> <span class='ocrx_word' id='word_1_356' title='bbox 2555 2514 2736 2559; x_wconf 91' lang='lat' dir='ltr'><strong>tumor</strong></span> <span class='ocrx_word' id='word_1_357' title='bbox 2781 2501 2833 2554; x_wconf 93' lang='lat' dir='ltr'><strong>in</strong></span> <span class='ocrx_word' id='word_1_358' title='bbox 2890 2499 3176 2555; x_wconf 88' lang='lat' dir='ltr'><strong>sororibus</strong></span> <span class='ocrx_word' id='word_1_359' title='bbox 3212 2498 3410 2553; x_wconf 76' lang='lat' dir='ltr'><strong>habt-at</strong></span> <span class='ocrx_word' id='word_1_360' title='bbox 3469 2499 3688 2551; x_wconf 90' lang='lat' dir='ltr'><strong>locum:</strong></span> 
     </span>
    </p>
   </div>
   <div class='ocr_carea' id='block_1_54' title="bbox 2099 2591 3692 2671">
    <p class='ocr_par' dir='ltr' id='par_1_54' title="bbox 2099 2591 3692 2671">
     <span class='ocr_line' id='line_1_54' title="bbox 2099 2591 3692 2671; baseline -0.008 -15"><span class='ocrx_word' id='word_1_361' title='bbox 2099 2603 2193 2656; x_wconf 88' lang='lat' dir='ltr'><strong>sed</strong></span> <span class='ocrx_word' id='word_1_362' title='bbox 2221 2601 2376 2671; x_wconf 81' lang='lat' dir='ltr'><strong>juxta</strong></span> <span class='ocrx_word' id='word_1_363' title='bbox 2404 2598 2770 2670; x_wconf 86' lang='lat' dir='ltr'><strong>apostolorum</strong></span> <span class='ocrx_word' id='word_1_364' title='bbox 2803 2596 2994 2657; x_wconf 87' lang='lat' dir='ltr'><strong>vitam,</strong></span> <span class='ocrx_word' id='word_1_365' title='bbox 3017 2608 3124 2647; x_wconf 90' lang='lat' dir='ltr'><strong>non</strong></span> <span class='ocrx_word' id='word_1_366' title='bbox 3156 2593 3277 2661; x_wconf 87' lang='lat' dir='ltr'><strong>plus</strong></span> <span class='ocrx_word' id='word_1_367' title='bbox 3310 2591 3564 2661; x_wconf 89' lang='lat' dir='ltr'><strong>cuiquam</strong></span> <span class='ocrx_word' id='word_1_368' title='bbox 3591 2599 3692 2652; x_wconf 82' lang='lat' dir='ltr'><strong>aut</strong></span> 
     </span>
    </p>
   </div>
   <div class='ocr_carea' id='block_1_55' title="bbox 2100 2683 3688 2759">
    <p class='ocr_par' dir='ltr' id='par_1_55' title="bbox 2100 2683 3688 2759">
     <span class='ocr_line' id='line_1_55' title="bbox 2100 2683 3688 2759; baseline -0.007 -13"><span class='ocrx_word' id='word_1_369' title='bbox 2100 2694 2279 2749; x_wconf 87' lang='lat' dir='ltr'><strong>minus</strong></span> <span class='ocrx_word' id='word_1_370' title='bbox 2315 2692 2580 2746; x_wconf 87' lang='lat' dir='ltr'><strong>tribuatur</strong></span> <span class='ocrx_word' id='word_1_371' title='bbox 2614 2706 2630 2744; x_wconf 92' lang='lat'><strong>:</strong></span> <span class='ocrx_word' id='word_1_372' title='bbox 2662 2689 2820 2759; x_wconf 76' lang='lat' dir='ltr'><strong>juxta</strong></span> <span class='ocrx_word' id='word_1_373' title='bbox 2847 2687 2990 2758; x_wconf 89' lang='lat' dir='ltr'><strong>quod</strong></span> <span class='ocrx_word' id='word_1_374' title='bbox 3023 2685 3194 2757; x_wconf 74' lang='lat' dir='ltr'><strong>exigit</strong></span> <span class='ocrx_word' id='word_1_375' title='bbox 3222 2683 3542 2748; x_wconf 84' lang='lat' dir='ltr'><strong>necessitas,</strong></span> <span class='ocrx_word' id='word_1_376' title='bbox 3578 2699 3688 2735; x_wconf 89' lang='lat' dir='ltr'><strong>non</strong></span> 
     </span>
    </p>
   </div>
   <div class='ocr_carea' id='block_1_56' title="bbox 2097 2775 3692 2848">
    <p class='ocr_par' dir='ltr' id='par_1_56' title="bbox 2097 2775 3692 2848">
     <span class='ocr_line' id='line_1_56' title="bbox 2097 2775 3692 2848; baseline -0.008 -8"><span class='ocrx_word' id='word_1_377' title='bbox 2097 2787 2366 2848; x_wconf 85' lang='lat' dir='ltr'><strong>voluntas,</strong></span> <span class='ocrx_word' id='word_1_378' title='bbox 2397 2784 2666 2838; x_wconf 87' lang='lat' dir='ltr'><strong>tribuatur</strong></span> <span class='ocrx_word' id='word_1_379' title='bbox 2687 2801 2705 2837; x_wconf 71' lang='grc' dir='ltr'><em>τ</em></span> <span class='ocrx_word' id='word_1_380' title='bbox 2742 2792 2798 2836; x_wconf 91' lang='lat' dir='ltr'><strong>ut</strong></span> <span class='ocrx_word' id='word_1_381' title='bbox 2822 2780 3057 2848; x_wconf 77' lang='lat' dir='ltr'><strong>neniam</strong></span> <span class='ocrx_word' id='word_1_382' title='bbox 3090 2779 3259 2832; x_wconf 88' lang='lat' dir='ltr'><strong>altera</strong></span> <span class='ocrx_word' id='word_1_383' title='bbox 3287 2777 3356 2830; x_wconf 83' lang='lat' dir='ltr'><strong>sit</strong></span> <span class='ocrx_word' id='word_1_384' title='bbox 3389 2790 3577 2845; x_wconf 73' lang='lat' dir='ltr'><strong>egens,</strong></span> <span class='ocrx_word' id='word_1_385' title='bbox 3609 2775 3692 2829; x_wconf 84' lang='lat' dir='ltr'><strong>al-</strong></span> 
     </span>
    </p>
   </div>
   <div class='ocr_carea' id='block_1_57' title="bbox 2100 2870 3687 2944">
    <p class='ocr_par' dir='ltr' id='par_1_57' title="bbox 2100 2870 3687 2944">
     <span class='ocr_line' id='line_1_57' title="bbox 2100 2870 3687 2944; baseline -0.006 -10"><span class='ocrx_word' id='word_1_386' title='bbox 2100 2891 2211 2934; x_wconf 90' lang='lat' dir='ltr'><strong>tera</strong></span> <span class='ocrx_word' id='word_1_387' title='bbox 2250 2879 2533 2936; x_wconf 87' lang='lat' dir='ltr'><strong>abundans</strong></span> <span class='ocrx_word' id='word_1_388' title='bbox 2557 2895 2572 2932; x_wconf 89' lang='lat'><strong>:</strong></span> <span class='ocrx_word' id='word_1_389' title='bbox 2599 2878 2693 2931; x_wconf 87' lang='lat' dir='ltr'><strong>sed</strong></span> <span class='ocrx_word' id='word_1_390' title='bbox 2727 2887 3065 2944; x_wconf 78' lang='lat' dir='ltr'><strong>unaquzeqne</strong></span> <span class='ocrx_word' id='word_1_391' title='bbox 3100 2888 3165 2926; x_wconf 82' lang='lat' dir='ltr'><strong>ex</strong></span> <span class='ocrx_word' id='word_1_392' title='bbox 3200 2870 3516 2940; x_wconf 85' lang='lat' dir='ltr'><strong>provisione</strong></span> <span class='ocrx_word' id='word_1_393' title='bbox 3547 2885 3687 2924; x_wconf 86' lang='lat' dir='ltr'><strong>con-</strong></span> 
     </span>
    </p>
   </div>
   <div class='ocr_carea' id='block_1_58' title="bbox 2095 2962 3688 3029">
    <p class='ocr_par' dir='ltr' id='par_1_58' title="bbox 2095 2962 3688 3029">
     <span class='ocr_line' id='line_1_58' title="bbox 2095 2962 3688 3029; baseline -0.009 -1"><span class='ocrx_word' id='word_1_394' title='bbox 2095 2973 2310 3028; x_wconf 87' lang='lat' dir='ltr'><strong>decenti</strong></span> <span class='ocrx_word' id='word_1_395' title='bbox 2340 2980 2622 3026; x_wconf 87' lang='lat' dir='ltr'><strong>moveatur</strong></span> <span class='ocrx_word' id='word_1_396' title='bbox 2639 2969 2704 3023; x_wconf 88' lang='lat' dir='ltr'><strong>ad</strong></span> <span class='ocrx_word' id='word_1_397' title='bbox 2729 2968 2822 3022; x_wconf 84' lang='lat' dir='ltr'><strong>Dei</strong></span> <span class='ocrx_word' id='word_1_398' title='bbox 2849 2967 3084 3021; x_wconf 89' lang='lat' dir='ltr'><strong>laudem.</strong></span> <span class='ocrx_word' id='word_1_399' title='bbox 3110 2963 3438 3020; x_wconf 83' lang='lat' dir='ltr'><strong>Provitleant</strong></span> <span class='ocrx_word' id='word_1_400' title='bbox 3463 2962 3688 3029; x_wconf 89' lang='lat' dir='ltr'><strong>insuper</strong></span> 
     </span>
    </p>
   </div>
   <div class='ocr_carea' id='block_1_59' title="bbox 2097 3051 3675 3132">
    <p class='ocr_par' dir='ltr' id='par_1_59' title="bbox 2097 3051 3675 3132">
     <span class='ocr_line' id='line_1_59' title="bbox 2097 3051 3675 3132; baseline -0.01 -16"><span class='ocrx_word' id='word_1_401' title='bbox 2097 3063 2178 3117; x_wconf 90' lang='lat' dir='ltr'><strong>sic</strong></span> <span class='ocrx_word' id='word_1_402' title='bbox 2208 3062 2405 3132; x_wconf 88' lang='lat' dir='ltr'><strong>quibus</strong></span> <span class='ocrx_word' id='word_1_403' title='bbox 2441 3060 2527 3114; x_wconf 81' lang='lat' dir='ltr'><strong>hic</strong></span> <span class='ocrx_word' id='word_1_404' title='bbox 2561 3059 2777 3130; x_wconf 82' lang='lat' dir='ltr'><strong>pietatis</strong></span> <span class='ocrx_word' id='word_1_405' title='bbox 2837 3057 3112 3124; x_wconf 73' lang='lat' dir='ltr'><strong>iniunctus</strong></span> <span class='ocrx_word' id='word_1_406' title='bbox 3139 3063 3221 3108; x_wconf 85' lang='lat' dir='ltr'><strong>est</strong></span> <span class='ocrx_word' id='word_1_407' title='bbox 3263 3052 3433 3116; x_wconf 89' lang='lat' dir='ltr'><strong>labor,</strong></span> <span class='ocrx_word' id='word_1_408' title='bbox 3469 3060 3527 3104; x_wconf 90' lang='lat' dir='ltr'><strong>ut</strong></span> <span class='ocrx_word' id='word_1_409' title='bbox 3560 3051 3675 3102; x_wconf 87' lang='lat' dir='ltr'><strong>sin-</strong></span> 
     </span>
    </p>
   </div>
   <div class='ocr_carea' id='block_1_60' title="bbox 2096 3145 3682 3225">
    <p class='ocr_par' dir='ltr' id='par_1_60' title="bbox 2096 3145 3682 3225">
     <span class='ocr_line' id='line_1_60' title="bbox 2096 3145 3682 3225; baseline -0.004 -18"><span class='ocrx_word' id='word_1_410' title='bbox 2096 3155 2235 3225; x_wconf 85' lang='lat' dir='ltr'><strong>gulis</strong></span> <span class='ocrx_word' id='word_1_411' title='bbox 2265 3154 2566 3218; x_wconf 89' lang='lat' dir='ltr'><strong>mensibus,</strong></span> <span class='ocrx_word' id='word_1_412' title='bbox 2601 3162 2693 3205; x_wconf 91' lang='lat' dir='ltr'><strong>aut</strong></span> <span class='ocrx_word' id='word_1_413' title='bbox 2728 3149 3081 3205; x_wconf 81' lang='lat' dir='ltr'><strong>hebdomadis</strong></span> <span class='ocrx_word' id='word_1_414' title='bbox 3110 3148 3224 3202; x_wconf 83' lang='lat' dir='ltr'><strong>sive</strong></span> <span class='ocrx_word' id='word_1_415' title='bbox 3253 3145 3444 3198; x_wconf 88' lang='lat' dir='ltr'><strong>diebus</strong></span> <span class='ocrx_word' id='word_1_416' title='bbox 3475 3156 3682 3212; x_wconf 64' lang='lat' dir='ltr'><strong>parata</strong></span> 
     </span>
    </p>
   </div>
   <div class='ocr_carea' id='block_1_61' title="bbox 418 3235 3688 3318">
    <p class='ocr_par' dir='ltr' id='par_1_61' title="bbox 418 3235 3688 3318">
     <span class='ocr_line' id='line_1_61' title="bbox 418 3235 3688 3318; baseline -0.001 -24"><span class='ocrx_word' id='word_1_417' title='bbox 418 3237 549 3296; x_wconf 70' lang='lat' dir='ltr'><strong>nihil</strong></span> <span class='ocrx_word' id='word_1_418' title='bbox 588 3237 809 3300; x_wconf 79' lang='lat' dir='ltr'><strong>omnino</strong></span> <span class='ocrx_word' id='word_1_419' title='bbox 849 3253 1005 3291; x_wconf 88' lang='lat' dir='ltr'><strong>sumn</strong></span> <span class='ocrx_word' id='word_1_420' title='bbox 1041 3253 1163 3292; x_wconf 87' lang='lat' dir='ltr'><strong>esse</strong></span> <span class='ocrx_word' id='word_1_421' title='bbox 1191 3238 1451 3292; x_wconf 88' lang='lat' dir='ltr'><strong>dicebant</strong></span> <span class='ocrx_word' id='word_1_422' title='bbox 1487 3256 1499 3292; x_wconf 91' lang='lat'><strong>:</strong></span> <span class='ocrx_word' id='word_1_423' title='bbox 1534 3235 1640 3291; x_wconf 84' lang='lat' dir='ltr'><strong>Sed</strong></span> <span class='ocrx_word' id='word_1_424' title='bbox 1693 3247 1842 3291; x_wconf 85' lang='lat' dir='ltr'><strong>erant</strong></span> <span class='ocrx_word' id='word_1_425' title='bbox 1884 3237 1992 3291; x_wconf 79' lang='lat' dir='ltr'><strong>i/lis</strong></span> <span class='ocrx_word' id='word_1_426' title='bbox 2025 3256 2070 3318; x_wconf 70' lang='grc' dir='ltr'>ε</span> <span class='ocrx_word' id='word_1_427' title='bbox 2101 3250 2233 3312; x_wconf 63' lang='grc' dir='ltr'><strong>εἰμι.</strong></span> <span class='ocrx_word' id='word_1_428' title='bbox 2269 3258 2378 3300; x_wconf 69' lang='lat' dir='ltr'><strong>iam</strong></span> <span class='ocrx_word' id='word_1_429' title='bbox 2414 3247 2479 3300; x_wconf 73' lang='lat' dir='ltr'><strong>de</strong></span> <span class='ocrx_word' id='word_1_430' title='bbox 2511 3246 2594 3300; x_wconf 74' lang='grc' dir='ltr'><strong>ωε</strong></span> <span class='ocrx_word' id='word_1_431' title='bbox 2623 3261 2744 3315; x_wconf 59' lang='lat' dir='ltr'><strong>qum</strong></span> <span class='ocrx_word' id='word_1_432' title='bbox 2777 3243 3122 3312; x_wconf 77' lang='lat' dir='ltr'><strong>proveniunt,</strong></span> <span class='ocrx_word' id='word_1_433' title='bbox 3153 3255 3316 3309; x_wconf 89' lang='lat' dir='ltr'><strong>quam</strong></span> <span class='ocrx_word' id='word_1_434' title='bbox 3349 3239 3414 3291; x_wconf 87' lang='lat' dir='ltr'><strong>de</strong></span> <span class='ocrx_word' id='word_1_435' title='bbox 3447 3237 3531 3290; x_wconf 86' lang='lat' dir='ltr'><strong>bis</strong></span> <span class='ocrx_word' id='word_1_436' title='bbox 3560 3251 3688 3305; x_wconf 63' lang='lat' dir='ltr'><strong>quas</strong></span> 
     </span>
    </p>
   </div>
   <div class='ocr_carea' id='block_1_62' title="bbox 415 3328 2001 3399">
    <p class='ocr_par' dir='ltr' id='par_1_62' title="bbox 415 3328 2001 3399">
     <span class='ocr_line' id='line_1_62' title="bbox 415 3328 2001 3399; baseline -0.001 -16"><span class='ocrx_word' id='word_1_437' title='bbox 415 3328 594 3383; x_wconf 81' lang='lat' dir='ltr'><strong>untnia</strong></span> <span class='ocrx_word' id='word_1_438' title='bbox 635 3330 934 3395; x_wconf 78' lang='lat' dir='ltr'><strong>contmuuia</strong></span> <span class='ocrx_word' id='word_1_439' title='bbox 964 3346 982 3385; x_wconf 88' lang='lat'><strong><em>:</em></strong></span> <span class='ocrx_word' id='word_1_440' title='bbox 1015 3339 1064 3384; x_wconf 83' lang='lat' dir='ltr'><strong>et</strong></span> <span class='ocrx_word' id='word_1_441' title='bbox 1093 3330 1314 3399; x_wconf 76' lang='lat' dir='ltr'><strong>singulis</strong></span> <span class='ocrx_word' id='word_1_442' title='bbox 1346 3330 1675 3384; x_wconf 82' lang='lat' dir='ltr'><strong>dividebatur</strong></span> <span class='ocrx_word' id='word_1_443' title='bbox 1693 3341 1848 3399; x_wconf 86' lang='lat' dir='ltr'><strong>prout</strong></span> <span class='ocrx_word' id='word_1_444' title='bbox 1881 3333 2001 3383; x_wconf 79' lang='lat' dir='ltr'><strong>nni-</strong></span> 
     </span>
    </p>
   </div>
   <div class='ocr_carea' id='block_1_63' title="bbox 417 3419 2003 3491">
    <p class='ocr_par' dir='ltr' id='par_1_63' title="bbox 417 3419 2003 3491">
     <span class='ocr_line' id='line_1_63' title="bbox 417 3419 2003 3491; baseline 0.003 -20"><span class='ocrx_word' id='word_1_445' title='bbox 417 3420 600 3485; x_wconf 74' lang='lat' dir='ltr'><strong>cuique</strong></span> <span class='ocrx_word' id='word_1_446' title='bbox 633 3435 762 3489; x_wconf 84' lang='lat' dir='ltr'><strong>opus</strong></span> <span class='ocrx_word' id='word_1_447' title='bbox 785 3430 902 3473; x_wconf 84' lang='lat' dir='ltr'><strong>erat</strong></span> <span class='ocrx_word' id='word_1_448' title='bbox 929 3420 1066 3490; x_wconf 75' lang='lat' dir='ltr'><strong>(Act.</strong></span> <span class='ocrx_word' id='word_1_449' title='bbox 1105 3436 1179 3485; x_wconf 92' lang='lat' dir='ltr'><strong>tv,</strong></span> <span class='ocrx_word' id='word_1_450' title='bbox 1207 3419 1297 3488; x_wconf 73' lang='lat'><strong>52,</strong></span> <span class='ocrx_word' id='word_1_451' title='bbox 1325 3420 1436 3491; x_wconf 82' lang='lat'><strong>55).</strong></span> <span class='ocrx_word' id='word_1_452' title='bbox 1473 3421 1562 3478; x_wconf 85' lang='lat' dir='ltr'><strong>Sic</strong></span> <span class='ocrx_word' id='word_1_453' title='bbox 1588 3431 1641 3474; x_wconf 91' lang='lat' dir='ltr'><strong>et</strong></span> <span class='ocrx_word' id='word_1_454' title='bbox 1663 3437 1778 3486; x_wconf 80' lang='lat' dir='ltr'><strong>vos,</strong></span> <span class='ocrx_word' id='word_1_455' title='bbox 1797 3423 2003 3476; x_wconf 87' lang='lat' dir='ltr'><strong>charis-</strong></span> 
     </span>
    </p>
   </div>
   <div class='ocr_carea' id='block_1_64' title="bbox 415 3509 2003 3588">
    <p class='ocr_par' dir='ltr' id='par_1_64' title="bbox 415 3509 2003 3588">
     <span class='ocr_line' id='line_1_64' title="bbox 415 3509 2003 3588; baseline 0.002 -27"><span class='ocrx_word' id='word_1_456' title='bbox 415 3515 566 3564; x_wconf 63' lang='lat' dir='ltr'><strong>sima</strong></span> <span class='ocrx_word' id='word_1_457' title='bbox 598 3509 744 3576; x_wconf 69' lang='lat' dir='ltr'><strong>tiliae,</strong></span> <span class='ocrx_word' id='word_1_458' title='bbox 779 3519 832 3565; x_wconf 90' lang='lat' dir='ltr'><strong>et</strong></span> <span class='ocrx_word' id='word_1_459' title='bbox 860 3512 904 3566; x_wconf 87' lang='lat' dir='ltr'><strong>si</strong></span> <span class='ocrx_word' id='word_1_460' title='bbox 933 3512 1089 3566; x_wconf 85' lang='lat' dir='ltr'><strong>liceat</strong></span> <span class='ocrx_word' id='word_1_461' title='bbox 1127 3511 1328 3566; x_wconf 87' lang='lat' dir='ltr'><strong>habere</strong></span> <span class='ocrx_word' id='word_1_462' title='bbox 1360 3512 1559 3588; x_wconf 89' lang='lat' dir='ltr'><strong>aliquid</strong></span> <span class='ocrx_word' id='word_1_463' title='bbox 1593 3513 1918 3581; x_wconf 86' lang='lat' dir='ltr'><strong>temporale,</strong></span> <span class='ocrx_word' id='word_1_464' title='bbox 1946 3524 2003 3564; x_wconf 87' lang='lat' dir='ltr'><strong>ut</strong></span> 
     </span>
    </p>
   </div>
   <div class='ocr_carea' id='block_1_65' title="bbox 428 3602 2002 3676">
    <p class='ocr_par' dir='ltr' id='par_1_65' title="bbox 428 3602 2002 3676">
     <span class='ocr_line' id='line_1_65' title="bbox 428 3602 2002 3676; baseline 0.001 -24"><span class='ocrx_word' id='word_1_465' title='bbox 428 3605 628 3669; x_wconf 66' lang='lat' dir='ltr'><strong>victum</strong></span> <span class='ocrx_word' id='word_1_466' title='bbox 671 3614 726 3668; x_wconf 84' lang='lat' dir='ltr'><strong>et</strong></span> <span class='ocrx_word' id='word_1_467' title='bbox 780 3613 1321 3676; x_wconf 75' lang='lat' dir='ltr'><strong>tegutucntum,qu:e</strong></span> <span class='ocrx_word' id='word_1_468' title='bbox 1355 3605 1458 3660; x_wconf 91' lang='lat' dir='ltr'><strong>duo</strong></span> <span class='ocrx_word' id='word_1_469' title='bbox 1515 3603 1668 3670; x_wconf 79' lang='lat' dir='ltr'><strong>plene</strong></span> <span class='ocrx_word' id='word_1_470' title='bbox 1723 3602 2002 3663; x_wconf 73' lang='lat' dir='ltr'><strong>subiciunt</strong></span> 
     </span>
    </p>
   </div>
   <div class='ocr_carea' id='block_1_66' title="bbox 415 3696 1999 3766">
    <p class='ocr_par' dir='ltr' id='par_1_66' title="bbox 415 3696 1999 3766">
     <span class='ocr_line' id='line_1_66' title="bbox 415 3696 1999 3766; baseline 0 -17"><span class='ocrx_word' id='word_1_471' title='bbox 415 3696 730 3751; x_wconf 73' lang='lat' dir='ltr'><strong>(Litt-istiauo</strong></span> <span class='ocrx_word' id='word_1_472' title='bbox 763 3713 778 3764; x_wconf 83' lang='lat'>;</span> <span class='ocrx_word' id='word_1_473' title='bbox 822 3697 955 3756; x_wconf 82' lang='lat' dir='ltr'><strong>nihil</strong></span> <span class='ocrx_word' id='word_1_474' title='bbox 987 3697 1181 3760; x_wconf 86' lang='lat' dir='ltr'><strong>horum</strong></span> <span class='ocrx_word' id='word_1_475' title='bbox 1241 3697 1468 3766; x_wconf 85' lang='lat' dir='ltr'><strong>alicujus</strong></span> <span class='ocrx_word' id='word_1_476' title='bbox 1506 3697 1577 3758; x_wconf 83' lang='lat' dir='ltr'><strong>sit</strong></span> <span class='ocrx_word' id='word_1_477' title='bbox 1627 3697 1999 3759; x_wconf 86' lang='lat' dir='ltr'><strong>vestrnm,sed</strong></span> 
     </span>
    </p>
   </div>
   <div class='ocr_carea' id='block_1_67' title="bbox 421 3789 1998 3864">
    <p class='ocr_par' dir='ltr' id='par_1_67' title="bbox 421 3789 1998 3864">
     <span class='ocr_line' id='line_1_67' title="bbox 421 3789 1998 3864; baseline 0.001 -24"><span class='ocrx_word' id='word_1_478' title='bbox 421 3805 706 3848; x_wconf 57' lang='lat' dir='ltr'><strong>quntum-.0</strong></span> <span class='ocrx_word' id='word_1_479' title='bbox 729 3790 1092 3860; x_wconf 81' lang='lat' dir='ltr'><strong>quodcunque</strong></span> <span class='ocrx_word' id='word_1_480' title='bbox 1143 3791 1303 3854; x_wconf 75' lang='lat' dir='ltr'><strong>etiam</strong></span> <span class='ocrx_word' id='word_1_481' title='bbox 1330 3789 1568 3846; x_wconf 86' lang='lat' dir='ltr'><strong>minimis</strong></span> <span class='ocrx_word' id='word_1_482' title='bbox 1596 3789 1852 3864; x_wconf 84' lang='lat' dir='ltr'><strong>puellulis</strong></span> <span class='ocrx_word' id='word_1_483' title='bbox 1875 3791 1998 3858; x_wconf 81' lang='lat' dir='ltr'><strong>qui-</strong></span> 
     </span>
    </p>
   </div>
   <div class='ocr_carea' id='block_1_68' title="bbox 418 3880 1293 3957">
    <p class='ocr_par' dir='ltr' id='par_1_68' title="bbox 418 3880 1293 3957">
     <span class='ocr_line' id='line_1_68' title="bbox 418 3880 1293 3957; baseline 0.011 -24"><span class='ocrx_word' id='word_1_484' title='bbox 418 3881 622 3957; x_wconf 76' lang='lat' dir='ltr'><strong>busque</strong></span> <span class='ocrx_word' id='word_1_485' title='bbox 642 3880 996 3936; x_wconf 87' lang='lat' dir='ltr'><strong>distribuatur</strong></span> <span class='ocrx_word' id='word_1_486' title='bbox 1028 3894 1082 3937; x_wconf 93' lang='lat' dir='ltr'><strong>ut</strong></span> <span class='ocrx_word' id='word_1_487' title='bbox 1117 3883 1293 3943; x_wconf 84' lang='lat' dir='ltr'><strong>decet.</strong></span> 
     </span>
    </p>
   </div>
   <div class='ocr_carea' id='block_1_69' title="bbox 1591 3934 1633 3955">
    <p class='ocr_par' dir='ltr' id='par_1_69' title="bbox 1591 3934 1633 3955">
     <span class='ocr_line' id='line_1_69' title="bbox 1591 3934 1633 3955; baseline 0 -9"><span class='ocrx_word' id='word_1_488' title='bbox 1591 3934 1633 3955; x_wconf 47' lang='grc' dir='ltr'>Κ</span> 
     </span>
    </p>
   </div>
   <div class='ocr_carea' id='block_1_70' title="bbox 1028 4042 1397 4100">
    <p class='ocr_par' dir='ltr' id='par_1_70' title="bbox 1028 4042 1397 4100">
     <span class='ocr_line' id='line_1_70' title="bbox 1028 4042 1397 4100; baseline 0 -1"><span class='ocrx_word' id='word_1_489' title='bbox 1028 4042 1258 4100; x_wconf 80' lang='lat' dir='ltr'><strong>CAPUT</strong></span> <span class='ocrx_word' id='word_1_490' title='bbox 1302 4043 1397 4099; x_wconf 88' lang='lat' dir='ltr'><strong>Ill.</strong></span> 
     </span>
    </p>
   </div>
   <div class='ocr_carea' id='block_1_71' title="bbox 421 4157 1998 4228">
    <p class='ocr_par' dir='ltr' id='par_1_71' title="bbox 421 4157 1998 4228">
     <span class='ocr_line' id='line_1_71' title="bbox 421 4157 1998 4228; baseline -0.001 -18"><span class='ocrx_word' id='word_1_491' title='bbox 421 4157 494 4210; x_wconf 71' lang='lat' dir='ltr'><strong>De</strong></span> <span class='ocrx_word' id='word_1_492' title='bbox 520 4158 760 4228; x_wconf 70' lang='lat' dir='ltr'><strong>eligenda</strong></span> <span class='ocrx_word' id='word_1_493' title='bbox 802 4173 1004 4212; x_wconf 69' lang='lat' dir='ltr'><strong>sorores</strong></span> <span class='ocrx_word' id='word_1_494' title='bbox 1037 4159 1105 4209; x_wconf 88' lang='lat' dir='ltr'><strong>ad</strong></span> <span class='ocrx_word' id='word_1_495' title='bbox 1137 4158 1492 4224; x_wconf 83' lang='lat' dir='ltr'><strong>recipiendum</strong></span> <span class='ocrx_word' id='word_1_496' title='bbox 1519 4165 1567 4212; x_wconf 81' lang='lat' dir='ltr'><strong>et</strong></span> <span class='ocrx_word' id='word_1_497' title='bbox 1617 4158 1998 4211; x_wconf 82' lang='lat' dir='ltr'><strong>administran-</strong></span> 
     </span>
    </p>
   </div>
   <div class='ocr_carea' id='block_1_72' title="bbox 876 4229 1538 4304">
    <p class='ocr_par' dir='ltr' id='par_1_72' title="bbox 876 4229 1538 4304">
     <span class='ocr_line' id='line_1_72' title="bbox 876 4229 1538 4304; baseline -0.002 -23"><span class='ocrx_word' id='word_1_498' title='bbox 876 4229 1000 4304; x_wconf 83' lang='lat' dir='ltr'><strong>dum</strong></span> <span class='ocrx_word' id='word_1_499' title='bbox 1033 4229 1164 4280; x_wconf 84' lang='lat' dir='ltr'><strong>bona</strong></span> <span class='ocrx_word' id='word_1_500' title='bbox 1206 4229 1538 4281; x_wconf 79' lang='lat' dir='ltr'><strong>monasterii.</strong></span> 
     </span>
    </p>
   </div>
   <div class='ocr_carea' id='block_1_73' title="bbox 492 4338 1998 4410">
    <p class='ocr_par' dir='ltr' id='par_1_73' title="bbox 492 4338 1998 4410">
     <span class='ocr_line' id='line_1_73' title="bbox 492 4338 1998 4410; baseline 0.001 -18"><span class='ocrx_word' id='word_1_501' title='bbox 492 4340 677 4408; x_wconf 81' lang='lat' dir='ltr'><strong>Itaque</strong></span> <span class='ocrx_word' id='word_1_502' title='bbox 705 4338 952 4393; x_wconf 51' lang='lat' dir='ltr'><strong>obtestor</strong></span> <span class='ocrx_word' id='word_1_503' title='bbox 981 4353 1074 4392; x_wconf 88' lang='lat' dir='ltr'><strong>vos</strong></span> <span class='ocrx_word' id='word_1_504' title='bbox 1099 4351 1289 4392; x_wconf 87' lang='lat' dir='ltr'><strong>omnes</strong></span> <span class='ocrx_word' id='word_1_505' title='bbox 1327 4347 1380 4393; x_wconf 90' lang='lat' dir='ltr'><strong>et</strong></span> <span class='ocrx_word' id='word_1_506' title='bbox 1412 4340 1652 4410; x_wconf 83' lang='lat' dir='ltr'><strong>singulas</strong></span> <span class='ocrx_word' id='word_1_507' title='bbox 1677 4354 1860 4394; x_wconf 87' lang='lat' dir='ltr'><strong>coram</strong></span> <span class='ocrx_word' id='word_1_508' title='bbox 1889 4339 1998 4394; x_wconf 89' lang='lat' dir='ltr'><strong>Deo</strong></span> 
     </span>
    </p>
   </div>
   <div class='ocr_carea' id='block_1_74' title="bbox 419 4430 2000 4502">
    <p class='ocr_par' dir='ltr' id='par_1_74' title="bbox 419 4430 2000 4502">
     <span class='ocr_line' id='line_1_74' title="bbox 419 4430 2000 4502; baseline -0.002 -16"><span class='ocrx_word' id='word_1_509' title='bbox 419 4446 472 4486; x_wconf 85' lang='lat' dir='ltr'><strong>ct</strong></span> <span class='ocrx_word' id='word_1_510' title='bbox 506 4432 728 4489; x_wconf 82' lang='lat' dir='ltr'><strong>Christo</strong></span> <span class='ocrx_word' id='word_1_511' title='bbox 757 4430 911 4498; x_wconf 83' lang='lat' dir='ltr'><strong>Jesu,</strong></span> <span class='ocrx_word' id='word_1_512' title='bbox 951 4433 1046 4502; x_wconf 88' lang='lat' dir='ltr'><strong>qui</strong></span> <span class='ocrx_word' id='word_1_513' title='bbox 1075 4432 1420 4499; x_wconf 78' lang='lat' dir='ltr'><strong>jptlicaturus</strong></span> <span class='ocrx_word' id='word_1_514' title='bbox 1446 4443 1529 4487; x_wconf 89' lang='lat' dir='ltr'><strong>est</strong></span> <span class='ocrx_word' id='word_1_515' title='bbox 1577 4447 1787 4494; x_wconf 88' lang='lat' dir='ltr'><strong>onmes,</strong></span> <span class='ocrx_word' id='word_1_516' title='bbox 1819 4441 1873 4484; x_wconf 88' lang='lat' dir='ltr'><strong>ut</strong></span> <span class='ocrx_word' id='word_1_517' title='bbox 1904 4448 2000 4484; x_wconf 83' lang='lat' dir='ltr'><strong>au-</strong></span> 
     </span>
    </p>
   </div>
   <div class='ocr_carea' id='block_1_75' title="bbox 419 4525 1993 4596">
    <p class='ocr_par' dir='ltr' id='par_1_75' title="bbox 419 4525 1993 4596">
     <span class='ocr_line' id='line_1_75' title="bbox 419 4525 1993 4596; baseline -0.001 -17"><span class='ocrx_word' id='word_1_518' title='bbox 419 4542 536 4584; x_wconf 85' lang='lat' dir='ltr'><strong>tum</strong></span> <span class='ocrx_word' id='word_1_519' title='bbox 577 4535 632 4580; x_wconf 90' lang='lat' dir='ltr'><strong>et</strong></span> <span class='ocrx_word' id='word_1_520' title='bbox 679 4535 989 4594; x_wconf 74' lang='lat' dir='ltr'><strong>argentum,</strong></span> <span class='ocrx_word' id='word_1_521' title='bbox 1021 4534 1184 4595; x_wconf 84' lang='lat' dir='ltr'><strong>atque</strong></span> <span class='ocrx_word' id='word_1_522' title='bbox 1240 4525 1349 4580; x_wconf 82' lang='lat' dir='ltr'><strong>cito</strong></span> <span class='ocrx_word' id='word_1_523' title='bbox 1417 4525 1688 4580; x_wconf 86' lang='lat' dir='ltr'><strong>transiens</strong></span> <span class='ocrx_word' id='word_1_524' title='bbox 1744 4529 1993 4596; x_wconf 88' lang='lat' dir='ltr'><strong>pecunia,</strong></span> 
     </span>
    </p>
   </div>
   <div class='ocr_carea' id='block_1_76' title="bbox 2104 3333 3689 3410">
    <p class='ocr_par' dir='ltr' id='par_1_76' title="bbox 2104 3333 3689 3410">
     <span class='ocr_line' id='line_1_76' title="bbox 2104 3333 3689 3410; baseline -0.009 -16"><span class='ocrx_word' id='word_1_525' title='bbox 2104 3341 2478 3410; x_wconf 80' lang='lat' dir='ltr'><strong>expenduntur</strong></span> <span class='ocrx_word' id='word_1_526' title='bbox 2503 3338 2554 3391; x_wconf 92' lang='lat' dir='ltr'><strong>in</strong></span> <span class='ocrx_word' id='word_1_527' title='bbox 2574 3337 2812 3405; x_wconf 87' lang='lat' dir='ltr'><strong>capitulo</strong></span> <span class='ocrx_word' id='word_1_528' title='bbox 2835 3350 3016 3390; x_wconf 87' lang='lat' dir='ltr'><strong>coram</strong></span> <span class='ocrx_word' id='word_1_529' title='bbox 3044 3333 3314 3388; x_wconf 85' lang='lat' dir='ltr'><strong>abbatissa</strong></span> <span class='ocrx_word' id='word_1_530' title='bbox 3337 3339 3390 3384; x_wconf 83' lang='lat' dir='ltr'><strong>et</strong></span> <span class='ocrx_word' id='word_1_531' title='bbox 3415 3340 3689 3383; x_wconf 87' lang='lat' dir='ltr'><strong>conventu</strong></span> 
     </span>
    </p>
   </div>
   <div class='ocr_carea' id='block_1_77' title="bbox 2104 3420 3692 3498">
    <p class='ocr_par' dir='ltr' id='par_1_77' title="bbox 2104 3420 3692 3498">
     <span class='ocr_line' id='line_1_77' title="bbox 2104 3420 3692 3498; baseline -0.009 -10"><span class='ocrx_word' id='word_1_532' title='bbox 2104 3447 2351 3488; x_wconf 87' lang='lat' dir='ltr'><strong>sororum</strong></span> <span class='ocrx_word' id='word_1_533' title='bbox 2385 3430 2660 3498; x_wconf 78' lang='lat' dir='ltr'><strong>sigillatim</strong></span> <span class='ocrx_word' id='word_1_534' title='bbox 2691 3429 2915 3483; x_wconf 88' lang='lat' dir='ltr'><strong>reddere</strong></span> <span class='ocrx_word' id='word_1_535' title='bbox 2950 3427 3245 3480; x_wconf 88' lang='lat' dir='ltr'><strong>rationem.</strong></span> <span class='ocrx_word' id='word_1_536' title='bbox 3280 3420 3435 3489; x_wconf 85' lang='lat' dir='ltr'><strong>Quod</strong></span> <span class='ocrx_word' id='word_1_537' title='bbox 3461 3420 3553 3475; x_wconf 80' lang='lat' dir='ltr'><strong>ﬁat</strong></span> <span class='ocrx_word' id='word_1_538' title='bbox 3578 3420 3692 3474; x_wconf 86' lang='lat' dir='ltr'><strong>sal-</strong></span> 
     </span>
    </p>
   </div>
   <div class='ocr_carea' id='block_1_78' title="bbox 2105 3513 3691 3589">
    <p class='ocr_par' dir='ltr' id='par_1_78' title="bbox 2105 3513 3691 3589">
     <span class='ocr_line' id='line_1_78' title="bbox 2105 3513 3691 3589; baseline -0.009 -10"><span class='ocrx_word' id='word_1_539' title='bbox 2105 3538 2210 3580; x_wconf 85' lang='lat' dir='ltr'><strong>tem</strong></span> <span class='ocrx_word' id='word_1_540' title='bbox 2250 3523 2418 3579; x_wconf 88' lang='lat' dir='ltr'><strong>semel</strong></span> <span class='ocrx_word' id='word_1_541' title='bbox 2446 3524 2498 3577; x_wconf 92' lang='lat' dir='ltr'><strong>in</strong></span> <span class='ocrx_word' id='word_1_542' title='bbox 2525 3536 2735 3584; x_wconf 89' lang='lat' dir='ltr'><strong>mense,</strong></span> <span class='ocrx_word' id='word_1_543' title='bbox 2768 3536 2832 3574; x_wconf 89' lang='lat' dir='ltr'><strong>ne</strong></span> <span class='ocrx_word' id='word_1_544' title='bbox 2857 3535 2911 3573; x_wconf 90' lang='lat' dir='ltr'><strong>et</strong></span> <span class='ocrx_word' id='word_1_545' title='bbox 2959 3521 3088 3589; x_wconf 68' lang='lat' dir='ltr'><strong>ipsae</strong></span> <span class='ocrx_word' id='word_1_546' title='bbox 3115 3515 3257 3586; x_wconf 89' lang='lat' dir='ltr'><strong>apud</strong></span> <span class='ocrx_word' id='word_1_547' title='bbox 3294 3530 3518 3571; x_wconf 89' lang='lat' dir='ltr'><strong>sorores</strong></span> <span class='ocrx_word' id='word_1_548' title='bbox 3559 3513 3691 3566; x_wconf 81' lang='lat' dir='ltr'><strong>turti</strong></span> 
     </span>
    </p>
   </div>
   <div class='ocr_carea' id='block_1_79' title="bbox 2101 3610 3696 3685">
    <p class='ocr_par' dir='ltr' id='par_1_79' title="bbox 2101 3610 3696 3685">
     <span class='ocr_line' id='line_1_79' title="bbox 2101 3610 3696 3685; baseline -0.008 -13"><span class='ocrx_word' id='word_1_549' title='bbox 2101 3619 2212 3672; x_wconf 87' lang='lat' dir='ltr'><strong>sint</strong></span> <span class='ocrx_word' id='word_1_550' title='bbox 2235 3625 2500 3685; x_wconf 61' lang='lat' dir='ltr'><strong>suspecta</strong></span> <span class='ocrx_word' id='word_1_551' title='bbox 2526 3631 2540 3668; x_wconf 88' lang='lat'><strong>:</strong></span> <span class='ocrx_word' id='word_1_552' title='bbox 2564 3625 2618 3668; x_wconf 91' lang='lat' dir='ltr'><strong>et</strong></span> <span class='ocrx_word' id='word_1_553' title='bbox 2638 3613 2718 3668; x_wconf 83' lang='lat' dir='ltr'><strong>eis</strong></span> <span class='ocrx_word' id='word_1_554' title='bbox 2749 3628 2810 3668; x_wconf 79' lang='lat' dir='ltr'><strong>ex</strong></span> <span class='ocrx_word' id='word_1_555' title='bbox 2844 3610 3165 3684; x_wconf 77' lang='lat' dir='ltr'><strong>negligentia</strong></span> <span class='ocrx_word' id='word_1_556' title='bbox 3225 3614 3364 3678; x_wconf 80' lang='lat' dir='ltr'><strong>male</strong></span> <span class='ocrx_word' id='word_1_557' title='bbox 3390 3620 3696 3676; x_wconf 79' lang='lat' dir='ltr'><strong>exsequen-</strong></span> 
     </span>
    </p>
   </div>
   <div class='ocr_carea' id='block_1_80' title="bbox 2102 3707 2635 3766">
    <p class='ocr_par' dir='ltr' id='par_1_80' title="bbox 2102 3707 2635 3766">
     <span class='ocr_line' id='line_1_80' title="bbox 2102 3707 2635 3766; baseline -0.009 0"><span class='ocrx_word' id='word_1_558' title='bbox 2102 3709 2155 3766; x_wconf 84' lang='lat' dir='ltr'><strong>di</strong></span> <span class='ocrx_word' id='word_1_559' title='bbox 2191 3708 2412 3764; x_wconf 82' lang='lat' dir='ltr'><strong>materia</strong></span> <span class='ocrx_word' id='word_1_560' title='bbox 2456 3707 2635 3764; x_wconf 82' lang='lat' dir='ltr'><strong>detur.</strong></span> 
     </span>
    </p>
   </div>
   <div class='ocr_carea' id='block_1_81' title="bbox 2697 3841 3082 3899">
    <p class='ocr_par' dir='ltr' id='par_1_81' title="bbox 2697 3841 3082 3899">
     <span class='ocr_line' id='line_1_81' title="bbox 2697 3841 3082 3899; baseline -0.008 0"><span class='ocrx_word' id='word_1_561' title='bbox 2697 3841 2927 3899; x_wconf 73' lang='lat' dir='ltr'><strong>CAPUT</strong></span> <span class='ocrx_word' id='word_1_562' title='bbox 2993 3843 3082 3898; x_wconf 90' lang='lat' dir='ltr'><strong>IV.</strong></span> 
     </span>
    </p>
   </div>
   <div class='ocr_carea' id='block_1_82' title="bbox 2246 3957 3537 4016">
    <p class='ocr_par' dir='ltr' id='par_1_82' title="bbox 2246 3957 3537 4016">
     <span class='ocr_line' id='line_1_82' title="bbox 2246 3957 3537 4016; baseline -0.005 0"><span class='ocrx_word' id='word_1_563' title='bbox 2246 3961 2320 4016; x_wconf 87' lang='lat' dir='ltr'><strong>De</strong></span> <span class='ocrx_word' id='word_1_564' title='bbox 2383 3959 2752 4014; x_wconf 86' lang='lat' dir='ltr'><strong>communitate</strong></span> <span class='ocrx_word' id='word_1_565' title='bbox 2785 3968 2834 4013; x_wconf 88' lang='lat' dir='ltr'><strong>et</strong></span> <span class='ocrx_word' id='word_1_566' title='bbox 2883 3959 3210 4014; x_wconf 77' lang='lat' dir='ltr'><strong>humanitate</strong></span> <span class='ocrx_word' id='word_1_567' title='bbox 3260 3957 3537 4013; x_wconf 77' lang='lat' dir='ltr'><strong>servanda.</strong></span> 
     </span>
    </p>
   </div>
   <div class='ocr_carea' id='block_1_83' title="bbox 2177 4069 3684 4146">
    <p class='ocr_par' dir='ltr' id='par_1_83' title="bbox 2177 4069 3684 4146">
     <span class='ocr_line' id='line_1_83' title="bbox 2177 4069 3684 4146; baseline -0.007 -13"><span class='ocrx_word' id='word_1_568' title='bbox 2177 4077 2292 4144; x_wconf 89' lang='lat' dir='ltr'><strong>Sic,</strong></span> <span class='ocrx_word' id='word_1_569' title='bbox 2325 4079 2426 4139; x_wconf 90' lang='lat' dir='ltr'><strong>sic,</strong></span> <span class='ocrx_word' id='word_1_570' title='bbox 2455 4075 2546 4129; x_wconf 90' lang='lat' dir='ltr'><strong>Dei</strong></span> <span class='ocrx_word' id='word_1_571' title='bbox 2576 4090 2810 4146; x_wconf 67' lang='lat' dir='ltr'><strong>sponsae,</strong></span> <span class='ocrx_word' id='word_1_572' title='bbox 2844 4088 3102 4142; x_wconf 90' lang='lat' dir='ltr'><strong>sponsum</strong></span> <span class='ocrx_word' id='word_1_573' title='bbox 3157 4069 3338 4145; x_wconf 84' lang='lat' dir='ltr'><strong>Jesum</strong></span> <span class='ocrx_word' id='word_1_574' title='bbox 3394 4069 3684 4137; x_wconf 86' lang='lat' dir='ltr'><strong>astringite</strong></span> 
     </span>
    </p>
   </div>
   <div class='ocr_carea' id='block_1_84' title="bbox 2103 4161 3682 4232">
    <p class='ocr_par' dir='ltr' id='par_1_84' title="bbox 2103 4161 3682 4232">
     <span class='ocr_line' id='line_1_84' title="bbox 2103 4161 3682 4232; baseline -0.01 -5"><span class='ocrx_word' id='word_1_575' title='bbox 2103 4173 2376 4228; x_wconf 88' lang='lat' dir='ltr'><strong>mentibus</strong></span> <span class='ocrx_word' id='word_1_576' title='bbox 2405 4170 2622 4224; x_wconf 88' lang='lat' dir='ltr'><strong>mundis</strong></span> <span class='ocrx_word' id='word_1_577' title='bbox 2650 4181 2678 4220; x_wconf 89' lang='lat' dir='ltr'><strong>a</strong></span> <span class='ocrx_word' id='word_1_578' title='bbox 2739 4177 3081 4220; x_wconf 88' lang='lat' dir='ltr'><strong>terrenorum</strong></span> <span class='ocrx_word' id='word_1_579' title='bbox 3143 4161 3464 4232; x_wconf 79' lang='lat' dir='ltr'><strong>contagione</strong></span> <span class='ocrx_word' id='word_1_580' title='bbox 3492 4177 3507 4214; x_wconf 91' lang='lat'>:</span> <span class='ocrx_word' id='word_1_581' title='bbox 3539 4175 3682 4228; x_wconf 85' lang='lat' dir='ltr'><strong>quo-</strong></span> 
     </span>
    </p>
   </div>
   <div class='ocr_carea' id='block_1_85' title="bbox 2106 4253 3690 4321">
    <p class='ocr_par' dir='ltr' id='par_1_85' title="bbox 2106 4253 3690 4321">
     <span class='ocr_line' id='line_1_85' title="bbox 2106 4253 3690 4321; baseline -0.011 -4"><span class='ocrx_word' id='word_1_582' title='bbox 2106 4265 2252 4317; x_wconf 87' lang='lat' dir='ltr'><strong>niam</strong></span> <span class='ocrx_word' id='word_1_583' title='bbox 2287 4275 2473 4314; x_wconf 78' lang='lat' dir='ltr'><strong>secnm</strong></span> <span class='ocrx_word' id='word_1_584' title='bbox 2503 4261 2555 4312; x_wconf 90' lang='lat' dir='ltr'><strong>in</strong></span> <span class='ocrx_word' id='word_1_585' title='bbox 2588 4256 2925 4312; x_wconf 87' lang='lat' dir='ltr'><strong>habitatione</strong></span> <span class='ocrx_word' id='word_1_586' title='bbox 2960 4253 3094 4307; x_wconf 89' lang='lat' dir='ltr'><strong>nihil</strong></span> <span class='ocrx_word' id='word_1_587' title='bbox 3128 4253 3331 4321; x_wconf 89' lang='lat' dir='ltr'><strong>patitur</strong></span> <span class='ocrx_word' id='word_1_588' title='bbox 3362 4263 3482 4303; x_wconf 88' lang='lat' dir='ltr'><strong>esse</strong></span> <span class='ocrx_word' id='word_1_589' title='bbox 3515 4259 3690 4300; x_wconf 59' lang='lat' dir='ltr'><strong>terrea</strong></span> 
     </span>
    </p>
   </div>
   <div class='ocr_carea' id='block_1_86' title="bbox 2102 4340 3696 4417">
    <p class='ocr_par' dir='ltr' id='par_1_86' title="bbox 2102 4340 3696 4417">
     <span class='ocr_line' id='line_1_86' title="bbox 2102 4340 3696 4417; baseline -0.013 -9"><span class='ocrx_word' id='word_1_590' title='bbox 2102 4370 2252 4410; x_wconf 84' lang='lat' dir='ltr'><strong>num.</strong></span> <span class='ocrx_word' id='word_1_591' title='bbox 2285 4353 2400 4417; x_wconf 91' lang='lat' dir='ltr'><strong>Sic,</strong></span> <span class='ocrx_word' id='word_1_592' title='bbox 2436 4349 2540 4413; x_wconf 89' lang='lat' dir='ltr'><strong>sic,</strong></span> <span class='ocrx_word' id='word_1_593' title='bbox 2562 4347 2875 4416; x_wconf 65' lang='lat' dir='ltr'><strong>apostolica:</strong></span> <span class='ocrx_word' id='word_1_594' title='bbox 2903 4343 3142 4406; x_wconf 77' lang='lat' dir='ltr'><strong>letuime,</strong></span> <span class='ocrx_word' id='word_1_595' title='bbox 3168 4340 3418 4409; x_wconf 88' lang='lat' dir='ltr'><strong>projicite</strong></span> <span class='ocrx_word' id='word_1_596' title='bbox 3448 4351 3608 4408; x_wconf 84' lang='lat' dir='ltr'><strong>peras</strong></span> <span class='ocrx_word' id='word_1_597' title='bbox 3637 4347 3696 4390; x_wconf 85' lang='lat' dir='ltr'><strong>et</strong></span> 
     </span>
    </p>
   </div>
   <div class='ocr_carea' id='block_1_87' title="bbox 2102 4432 3693 4508">
    <p class='ocr_par' dir='ltr' id='par_1_87' title="bbox 2102 4432 3693 4508">
     <span class='ocr_line' id='line_1_87' title="bbox 2102 4432 3693 4508; baseline -0.013 -7"><span class='ocrx_word' id='word_1_598' title='bbox 2102 4445 2374 4502; x_wconf 83' lang='lat' dir='ltr'><strong>sacculos.</strong></span> <span class='ocrx_word' id='word_1_599' title='bbox 2440 4451 2498 4495; x_wconf 90' lang='lat' dir='ltr'><strong>ut</strong></span> <span class='ocrx_word' id='word_1_600' title='bbox 2527 4455 2703 4508; x_wconf 91' lang='lat' dir='ltr'><strong>neque</strong></span> <span class='ocrx_word' id='word_1_601' title='bbox 2751 4436 3029 4505; x_wconf 87' lang='lat' dir='ltr'><strong>marsupia</strong></span> <span class='ocrx_word' id='word_1_602' title='bbox 3059 4449 3125 4488; x_wconf 79' lang='lat' dir='ltr'><strong>ex</strong></span> <span class='ocrx_word' id='word_1_603' title='bbox 3181 4434 3347 4486; x_wconf 82' lang='lat' dir='ltr'><strong>latere</strong></span> <span class='ocrx_word' id='word_1_604' title='bbox 3397 4432 3693 4500; x_wconf 83' lang='lat' dir='ltr'><strong>pendeant,</strong></span> 
     </span>
    </p>
   </div>
   <div class='ocr_carea' id='block_1_88' title="bbox 2101 4525 3696 4606">
    <p class='ocr_par' dir='ltr' id='par_1_88' title="bbox 2101 4525 3696 4606">
     <span class='ocr_line' id='line_1_88' title="bbox 2101 4525 3696 4606; baseline -0.011 -16"><span class='ocrx_word' id='word_1_605' title='bbox 2101 4550 2276 4606; x_wconf 86' lang='lat' dir='ltr'><strong>neque</strong></span> <span class='ocrx_word' id='word_1_606' title='bbox 2307 4549 2444 4605; x_wconf 89' lang='lat' dir='ltr'><strong>opus</strong></span> <span class='ocrx_word' id='word_1_607' title='bbox 2471 4533 2541 4588; x_wconf 91' lang='lat' dir='ltr'><strong>sit</strong></span> <span class='ocrx_word' id='word_1_608' title='bbox 2571 4530 2851 4586; x_wconf 85' lang='lat' dir='ltr'><strong>clavibus:</strong></span> <span class='ocrx_word' id='word_1_609' title='bbox 2887 4528 3076 4597; x_wconf 87' lang='lat' dir='ltr'><strong>tttjam</strong></span> <span class='ocrx_word' id='word_1_610' title='bbox 3105 4541 3169 4580; x_wconf 79' lang='lat' dir='ltr'><strong>ex</strong></span> <span class='ocrx_word' id='word_1_611' title='bbox 3196 4525 3327 4591; x_wconf 87' lang='lat' dir='ltr'><strong>ipsis</strong></span> <span class='ocrx_word' id='word_1_612' title='bbox 3353 4531 3696 4577; x_wconf 87' lang='lat' dir='ltr'><strong>monstretur</strong></span> 
     </span>
    </p>
   </div>
   <div class='ocr_carea' id='block_1_89' title="bbox 419 4613 3695 4691">
    <p class='ocr_par' dir='ltr' id='par_1_89' title="bbox 419 4613 3695 4691">
     <span class='ocr_line' id='line_1_89' title="bbox 419 4613 3695 4691; baseline -0.002 -22"><span class='ocrx_word' id='word_1_613' title='bbox 419 4617 564 4670; x_wconf 87' lang='lat' dir='ltr'><strong>nulla</strong></span> <span class='ocrx_word' id='word_1_614' title='bbox 598 4632 694 4671; x_wconf 83' lang='lat' dir='ltr'><strong>cor</strong></span> <span class='ocrx_word' id='word_1_615' title='bbox 724 4627 962 4672; x_wconf 89' lang='lat' dir='ltr'><strong>vestrum</strong></span> <span class='ocrx_word' id='word_1_616' title='bbox 1003 4618 1210 4670; x_wconf 87' lang='lat' dir='ltr'><strong>ratione</strong></span> <span class='ocrx_word' id='word_1_617' title='bbox 1245 4617 1470 4670; x_wconf 86' lang='lat' dir='ltr'><strong>seducat</strong></span> <span class='ocrx_word' id='word_1_618' title='bbox 1501 4633 1514 4670; x_wconf 91' lang='lat'><strong>:</strong></span> <span class='ocrx_word' id='word_1_619' title='bbox 1559 4625 1618 4671; x_wconf 93' lang='lat' dir='ltr'><strong>ut</strong></span> <span class='ocrx_word' id='word_1_620' title='bbox 1648 4618 1858 4670; x_wconf 80' lang='lat' dir='ltr'><strong>nitatur</strong></span> <span class='ocrx_word' id='word_1_621' title='bbox 1885 4617 1995 4671; x_wconf 89' lang='lat' dir='ltr'><strong>ali-</strong></span> <span class='ocrx_word' id='word_1_622' title='bbox 2030 4613 2073 4666; x_wconf 83' lang='grc' dir='ltr'><strong>Ι)</strong></span> <span class='ocrx_word' id='word_1_623' title='bbox 2105 4628 2436 4684; x_wconf 52' lang='lat' dir='ltr'><strong>exteriorum</strong></span> <span class='ocrx_word' id='word_1_624' title='bbox 2466 4623 2708 4688; x_wconf 64' lang='lat' dir='ltr'><strong>indiciis,</strong></span> <span class='ocrx_word' id='word_1_625' title='bbox 2731 4620 2878 4691; x_wconf 75' lang='lat' dir='ltr'><strong>quod</strong></span> <span class='ocrx_word' id='word_1_626' title='bbox 2910 4618 3043 4673; x_wconf 77' lang='lat' dir='ltr'><strong>nihil</strong></span> <span class='ocrx_word' id='word_1_627' title='bbox 3079 4617 3309 4671; x_wconf 79' lang='lat' dir='ltr'><strong>habetur</strong></span> <span class='ocrx_word' id='word_1_628' title='bbox 3335 4613 3695 4678; x_wconf 82' lang='lat' dir='ltr'><strong>intrinsecqu</strong></span> 
     </span>
    </p>
   </div>
   <div class='ocr_carea' id='block_1_90' title="bbox 419 4709 2000 4782">
    <p class='ocr_par' dir='ltr' id='par_1_90' title="bbox 419 4709 2000 4782">
     <span class='ocr_line' id='line_1_90' title="bbox 419 4709 2000 4782; baseline -0.003 -14"><span class='ocrx_word' id='word_1_629' title='bbox 419 4729 524 4782; x_wconf 80' lang='lat' dir='ltr'><strong>qua</strong></span> <span class='ocrx_word' id='word_1_630' title='bbox 555 4723 789 4767; x_wconf 90' lang='lat' dir='ltr'><strong>vestrum</strong></span> <span class='ocrx_word' id='word_1_631' title='bbox 814 4727 936 4766; x_wconf 92' lang='lat' dir='ltr'><strong>cum</strong></span> <span class='ocrx_word' id='word_1_632' title='bbox 975 4713 1187 4766; x_wconf 80' lang='lat' dir='ltr'><strong>Anania</strong></span> <span class='ocrx_word' id='word_1_633' title='bbox 1221 4721 1276 4766; x_wconf 88' lang='lat' dir='ltr'><strong>et</strong></span> <span class='ocrx_word' id='word_1_634' title='bbox 1307 4712 1574 4781; x_wconf 71' lang='lat' dir='ltr'><strong>Sapphira</strong></span> <span class='ocrx_word' id='word_1_635' title='bbox 1607 4711 1820 4764; x_wconf 88' lang='lat' dir='ltr'><strong>tnentiri</strong></span> <span class='ocrx_word' id='word_1_636' title='bbox 1879 4709 2000 4778; x_wconf 89' lang='lat' dir='ltr'><strong>Spi-</strong></span> 
     </span>
    </p>
   </div>
   <div class='ocr_carea' id='block_1_91' title="bbox 422 4802 1999 4875">
    <p class='ocr_par' dir='ltr' id='par_1_91' title="bbox 422 4802 1999 4875">
     <span class='ocr_line' id='line_1_91' title="bbox 422 4802 1999 4875; baseline -0.003 -14"><span class='ocrx_word' id='word_1_637' title='bbox 422 4807 547 4862; x_wconf 82' lang='lat' dir='ltr'><strong>tittti</strong></span> <span class='ocrx_word' id='word_1_638' title='bbox 577 4816 790 4872; x_wconf 88' lang='lat' dir='ltr'><strong>sancto,</strong></span> <span class='ocrx_word' id='word_1_639' title='bbox 817 4820 978 4875; x_wconf 83' lang='lat' dir='ltr'><strong>quem</strong></span> <span class='ocrx_word' id='word_1_640' title='bbox 1020 4803 1157 4860; x_wconf 89' lang='lat' dir='ltr'><strong>nihil</strong></span> <span class='ocrx_word' id='word_1_641' title='bbox 1190 4804 1320 4858; x_wconf 84' lang='lat' dir='ltr'><strong>latet</strong></span> <span class='ocrx_word' id='word_1_642' title='bbox 1350 4822 1363 4856; x_wconf 93' lang='lat'><strong>:</strong></span> <span class='ocrx_word' id='word_1_643' title='bbox 1414 4803 1690 4874; x_wconf 84' lang='lat' dir='ltr'><strong>retinendo</strong></span> <span class='ocrx_word' id='word_1_644' title='bbox 1741 4802 1882 4872; x_wconf 88' lang='lat' dir='ltr'><strong>apud</strong></span> <span class='ocrx_word' id='word_1_645' title='bbox 1941 4819 1999 4857; x_wconf 88' lang='lat' dir='ltr'><strong>se</strong></span> 
     </span>
    </p>
   </div>
   <div class='ocr_carea' id='block_1_92' title="bbox 423 4898 1995 4972">
    <p class='ocr_par' dir='ltr' id='par_1_92' title="bbox 423 4898 1995 4972">
     <span class='ocr_line' id='line_1_92' title="bbox 423 4898 1995 4972; baseline -0.004 -18"><span class='ocrx_word' id='word_1_646' title='bbox 423 4903 631 4972; x_wconf 88' lang='lat' dir='ltr'><strong>aliquid</strong></span> <span class='ocrx_word' id='word_1_647' title='bbox 659 4911 1143 4971; x_wconf 87' lang='lat' dir='ltr'><strong>quantumcunque</strong></span> <span class='ocrx_word' id='word_1_648' title='bbox 1188 4898 1471 4962; x_wconf 87' lang='lat' dir='ltr'><strong>minimttm</strong></span> <span class='ocrx_word' id='word_1_649' title='bbox 1515 4899 1824 4967; x_wconf 83' lang='lat' dir='ltr'><strong>temporale,</strong></span> <span class='ocrx_word' id='word_1_650' title='bbox 1856 4899 1995 4949; x_wconf 90' lang='lat' dir='ltr'><strong>ultra</strong></span> 
     </span>
    </p>
   </div>
   <div class='ocr_carea' id='block_1_93' title="bbox 417 4990 1996 5066">
    <p class='ocr_par' dir='ltr' id='par_1_93' title="bbox 417 4990 1996 5066">
     <span class='ocr_line' id='line_1_93' title="bbox 417 4990 1996 5066; baseline -0.006 -15"><span class='ocrx_word' id='word_1_651' title='bbox 417 5012 478 5051; x_wconf 82' lang='lat' dir='ltr'><strong>ea</strong></span> <span class='ocrx_word' id='word_1_652' title='bbox 519 5010 638 5066; x_wconf 71' lang='lat' dir='ltr'><strong>qum</strong></span> <span class='ocrx_word' id='word_1_653' title='bbox 677 5011 741 5050; x_wconf 79' lang='lat' dir='ltr'><strong>ex</strong></span> <span class='ocrx_word' id='word_1_654' title='bbox 785 4993 1112 5048; x_wconf 88' lang='lat' dir='ltr'><strong>necessitate</strong></span> <span class='ocrx_word' id='word_1_655' title='bbox 1144 5000 1432 5066; x_wconf 84' lang='lat' dir='ltr'><strong>portantur</strong></span> <span class='ocrx_word' id='word_1_656' title='bbox 1475 5008 1488 5043; x_wconf 89' lang='lat'><strong>:</strong></span> <span class='ocrx_word' id='word_1_657' title='bbox 1533 5005 1633 5046; x_wconf 88' lang='lat' dir='ltr'><strong>nec</strong></span> <span class='ocrx_word' id='word_1_658' title='bbox 1668 5001 1843 5044; x_wconf 89' lang='lat' dir='ltr'><strong>tamen</strong></span> <span class='ocrx_word' id='word_1_659' title='bbox 1873 4990 1996 5060; x_wconf 86' lang='lat' dir='ltr'><strong>hoc,</strong></span> 
     </span>
    </p>
   </div>
   <div class='ocr_carea' id='block_1_94' title="bbox 365 5085 1410 5172">
    <p class='ocr_par' dir='ltr' id='par_1_94' title="bbox 365 5085 1410 5172">
     <span class='ocr_line' id='line_1_94' title="bbox 365 5085 1410 5172; baseline -0.005 -28"><span class='ocrx_word' id='word_1_660' title='bbox 365 5167 372 5172; x_wconf 20' lang='grc' dir='ltr'><strong>ι</strong></span> <span class='ocrx_word' id='word_1_661' title='bbox 417 5092 515 5145; x_wconf 88' lang='lat' dir='ltr'><strong>nisi</strong></span> <span class='ocrx_word' id='word_1_662' title='bbox 549 5093 616 5144; x_wconf 89' lang='lat' dir='ltr'><strong>de</strong></span> <span class='ocrx_word' id='word_1_663' title='bbox 650 5090 866 5145; x_wconf 87' lang='lat' dir='ltr'><strong>licentia</strong></span> <span class='ocrx_word' id='word_1_664' title='bbox 903 5087 1214 5142; x_wconf 78' lang='lat' dir='ltr'><strong>abbatissze.</strong></span> <span class='ocrx_word' id='word_1_665' title='bbox 1407 5085 1410 5088; x_wconf 79' lang='grc'><strong>’</strong></span> 
     </span>
    </p>
   </div>
   <div class='ocr_carea' id='block_1_95' title="bbox 489 5180 1996 5256">
    <p class='ocr_par' dir='ltr' id='par_1_95' title="bbox 489 5180 1996 5256">
     <span class='ocr_line' id='line_1_95' title="bbox 489 5180 1996 5256; baseline -0.006 -16"><span class='ocrx_word' id='word_1_666' title='bbox 489 5186 716 5256; x_wconf 75' lang='lat' dir='ltr'><strong>Semper</strong></span> <span class='ocrx_word' id='word_1_667' title='bbox 747 5199 936 5240; x_wconf 87' lang='lat' dir='ltr'><strong>eorum</strong></span> <span class='ocrx_word' id='word_1_668' title='bbox 980 5182 1458 5252; x_wconf 87' lang='lat' dir='ltr'><strong>mortisjudicinm</strong></span> <span class='ocrx_word' id='word_1_669' title='bbox 1491 5180 1730 5237; x_wconf 86' lang='lat' dir='ltr'><strong>terribile</strong></span> <span class='ocrx_word' id='word_1_670' title='bbox 1763 5196 1856 5235; x_wconf 92' lang='lat' dir='ltr'><strong>vos</strong></span> <span class='ocrx_word' id='word_1_671' title='bbox 1890 5189 1996 5232; x_wconf 84' lang='lat' dir='ltr'><strong>ter-</strong></span> 
     </span>
    </p>
   </div>
   <div class='ocr_carea' id='block_1_96' title="bbox 419 5274 1994 5348">
    <p class='ocr_par' dir='ltr' id='par_1_96' title="bbox 419 5274 1994 5348">
     <span class='ocr_line' id='line_1_96' title="bbox 419 5274 1994 5348; baseline -0.006 -15"><span class='ocrx_word' id='word_1_672' title='bbox 419 5290 557 5333; x_wconf 76' lang='lat' dir='ltr'><strong>reat.</strong></span> <span class='ocrx_word' id='word_1_673' title='bbox 587 5277 719 5332; x_wconf 84' lang='lat' dir='ltr'><strong>Nam</strong></span> <span class='ocrx_word' id='word_1_674' title='bbox 755 5279 949 5348; x_wconf 82' lang='lat' dir='ltr'><strong>legitur</strong></span> <span class='ocrx_word' id='word_1_675' title='bbox 973 5278 1116 5348; x_wconf 89' lang='lat' dir='ltr'><strong>quod</strong></span> <span class='ocrx_word' id='word_1_676' title='bbox 1148 5291 1211 5329; x_wconf 77' lang='lat' dir='ltr'><strong>ex</strong></span> <span class='ocrx_word' id='word_1_677' title='bbox 1257 5291 1445 5329; x_wconf 88' lang='lat' dir='ltr'><strong>eormn</strong></span> <span class='ocrx_word' id='word_1_678' title='bbox 1479 5282 1674 5340; x_wconf 89' lang='lat' dir='ltr'><strong>morte,</strong></span> <span class='ocrx_word' id='word_1_679' title='bbox 1715 5274 1889 5342; x_wconf 80' lang='lat' dir='ltr'><strong>factus</strong></span> <span class='ocrx_word' id='word_1_680' title='bbox 1922 5280 1994 5325; x_wconf 83' lang='lat' dir='ltr'><strong>est</strong></span> 
     </span>
    </p>
   </div>
   <div class='ocr_carea' id='block_1_97' title="bbox 415 5364 2000 5442">
    <p class='ocr_par' dir='ltr' id='par_1_97' title="bbox 415 5364 2000 5442">
     <span class='ocr_line' id='line_1_97' title="bbox 415 5364 2000 5442; baseline -0.003 -18"><span class='ocrx_word' id='word_1_681' title='bbox 415 5375 575 5427; x_wconf 83' lang='lat' dir='ltr'><strong>timor</strong></span> <span class='ocrx_word' id='word_1_682' title='bbox 603 5389 826 5442; x_wconf 77' lang='lat' dir='ltr'><strong>ntagnus</strong></span> <span class='ocrx_word' id='word_1_683' title='bbox 856 5374 912 5425; x_wconf 82' lang='lat' dir='ltr'><strong>in</strong></span> <span class='ocrx_word' id='word_1_684' title='bbox 945 5371 1189 5424; x_wconf 79' lang='lat' dir='ltr'><strong>tntiversa</strong></span> <span class='ocrx_word' id='word_1_685' title='bbox 1231 5367 1470 5422; x_wconf 80' lang='lat' dir='ltr'><strong>Ecclesia</strong></span> <span class='ocrx_word' id='word_1_686' title='bbox 1505 5368 1648 5437; x_wconf 79' lang='lat' dir='ltr'><strong>(Act.</strong></span> <span class='ocrx_word' id='word_1_687' title='bbox 1684 5381 1736 5430; x_wconf 85' lang='lat' dir='ltr'><strong>v,</strong></span> <span class='ocrx_word' id='word_1_688' title='bbox 1781 5364 1870 5434; x_wconf 80' lang='grc'><strong>11)</strong></span> <span class='ocrx_word' id='word_1_689' title='bbox 1899 5383 1913 5432; x_wconf 85' lang='grc'><strong>;</strong></span> <span class='ocrx_word' id='word_1_690' title='bbox 1945 5373 2000 5420; x_wconf 85' lang='lat' dir='ltr'><strong>et</strong></span> 
     </span>
    </p>
   </div>
   <div class='ocr_carea' id='block_1_98' title="bbox 414 5457 1999 5533">
    <p class='ocr_par' dir='ltr' id='par_1_98' title="bbox 414 5457 1999 5533">
     <span class='ocr_line' id='line_1_98' title="bbox 414 5457 1999 5533; baseline -0.003 -16"><span class='ocrx_word' id='word_1_691' title='bbox 414 5481 605 5518; x_wconf 85' lang='lat' dir='ltr'><strong>omnes</strong></span> <span class='ocrx_word' id='word_1_692' title='bbox 629 5465 720 5533; x_wconf 88' lang='lat' dir='ltr'><strong>qui</strong></span> <span class='ocrx_word' id='word_1_693' title='bbox 745 5462 1060 5525; x_wconf 88' lang='lat' dir='ltr'><strong>audierunt,</strong></span> <span class='ocrx_word' id='word_1_694' title='bbox 1089 5465 1408 5516; x_wconf 91' lang='lat' dir='ltr'><strong>timuerunt.</strong></span> <span class='ocrx_word' id='word_1_695' title='bbox 1435 5460 1619 5513; x_wconf 82' lang='lat' dir='ltr'><strong>Nudus</strong></span> <span class='ocrx_word' id='word_1_696' title='bbox 1634 5457 1794 5512; x_wconf 78' lang='lat' dir='ltr'><strong>Jesns</strong></span> <span class='ocrx_word' id='word_1_697' title='bbox 1826 5460 1999 5512; x_wconf 87' lang='lat' dir='ltr'><strong>nudas</strong></span> 
     </span>
    </p>
   </div>
   <div class='ocr_carea' id='block_1_99' title="bbox 419 5553 1999 5628">
    <p class='ocr_par' dir='ltr' id='par_1_99' title="bbox 419 5553 1999 5628">
     <span class='ocr_line' id='line_1_99' title="bbox 419 5553 1999 5628; baseline -0.004 -17"><span class='ocrx_word' id='word_1_698' title='bbox 419 5560 614 5628; x_wconf 62' lang='lat' dir='ltr'><strong>quaerit</strong></span> <span class='ocrx_word' id='word_1_699' title='bbox 641 5558 848 5612; x_wconf 80' lang='lat' dir='ltr'><strong>amicas</strong></span> <span class='ocrx_word' id='word_1_700' title='bbox 877 5566 1206 5624; x_wconf 72' lang='lat' dir='ltr'><strong>etsponsas.</strong></span> <span class='ocrx_word' id='word_1_701' title='bbox 1232 5553 1386 5619; x_wconf 86' lang='lat' dir='ltr'><strong>Quod</strong></span> <span class='ocrx_word' id='word_1_702' title='bbox 1415 5555 1458 5608; x_wconf 90' lang='lat' dir='ltr'><strong>si</strong></span> <span class='ocrx_word' id='word_1_703' title='bbox 1483 5554 1658 5620; x_wconf 90' lang='lat' dir='ltr'><strong>ipsum</strong></span> <span class='ocrx_word' id='word_1_704' title='bbox 1685 5553 1836 5621; x_wconf 79' lang='lat' dir='ltr'><strong>sequi</strong></span> <span class='ocrx_word' id='word_1_705' title='bbox 1865 5561 1999 5604; x_wconf 89' lang='lat' dir='ltr'><strong>tem-</strong></span> 
     </span>
    </p>
   </div>
   <div class='ocr_carea' id='block_1_100' title="bbox 417 5643 2001 5719">
    <p class='ocr_par' dir='ltr' id='par_1_100' title="bbox 417 5643 2001 5719">
     <span class='ocr_line' id='line_1_100' title="bbox 417 5643 2001 5719; baseline -0.004 -17"><span class='ocrx_word' id='word_1_706' title='bbox 417 5652 604 5719; x_wconf 86' lang='lat' dir='ltr'><strong>porale</strong></span> <span class='ocrx_word' id='word_1_707' title='bbox 638 5650 840 5718; x_wconf 85' lang='lat' dir='ltr'><strong>aliquid</strong></span> <span class='ocrx_word' id='word_1_708' title='bbox 870 5657 1128 5718; x_wconf 85' lang='lat' dir='ltr'><strong>appetens</strong></span> <span class='ocrx_word' id='word_1_709' title='bbox 1156 5663 1253 5704; x_wconf 89' lang='lat' dir='ltr'><strong>seu</strong></span> <span class='ocrx_word' id='word_1_710' title='bbox 1289 5648 1609 5702; x_wconf 87' lang='lat' dir='ltr'><strong>desiderans</strong></span> <span class='ocrx_word' id='word_1_711' title='bbox 1640 5645 1784 5699; x_wconf 82' lang='lat' dir='ltr'><strong>forte</strong></span> <span class='ocrx_word' id='word_1_712' title='bbox 1815 5643 2001 5697; x_wconf 87' lang='lat' dir='ltr'><strong>volue-</strong></span> 
     </span>
    </p>
   </div>
   <div class='ocr_carea' id='block_1_101' title="bbox 421 5736 1999 5810">
    <p class='ocr_par' dir='ltr' id='par_1_101' title="bbox 421 5736 1999 5810">
     <span class='ocr_line' id='line_1_101' title="bbox 421 5736 1999 5810; baseline -0.004 -14"><span class='ocrx_word' id='word_1_713' title='bbox 421 5744 521 5805; x_wconf 88' lang='lat' dir='ltr'><strong>ris,</strong></span> <span class='ocrx_word' id='word_1_714' title='bbox 562 5751 785 5796; x_wconf 87' lang='lat' dir='ltr'><strong>onerata</strong></span> <span class='ocrx_word' id='word_1_715' title='bbox 827 5742 1118 5810; x_wconf 73' lang='lat' dir='ltr'><strong>gravedine</strong></span> <span class='ocrx_word' id='word_1_716' title='bbox 1150 5741 1355 5796; x_wconf 91' lang='lat' dir='ltr'><strong>nudum</strong></span> <span class='ocrx_word' id='word_1_717' title='bbox 1407 5738 1562 5804; x_wconf 71' lang='lat' dir='ltr'><strong>sequi</strong></span> <span class='ocrx_word' id='word_1_718' title='bbox 1615 5752 1721 5791; x_wconf 90' lang='lat' dir='ltr'><strong>non</strong></span> <span class='ocrx_word' id='word_1_719' title='bbox 1772 5736 1999 5804; x_wconf 84' lang='lat' dir='ltr'><strong>poteris.</strong></span> 
     </span>
    </p>
   </div>
   <div class='ocr_carea' id='block_1_102' title="bbox 422 5826 2001 5901">
    <p class='ocr_par' dir='ltr' id='par_1_102' title="bbox 422 5826 2001 5901">
     <span class='ocr_line' id='line_1_102' title="bbox 422 5826 2001 5901; baseline -0.006 -11"><span class='ocrx_word' id='word_1_720' title='bbox 422 5835 559 5890; x_wconf 88' lang='lat' dir='ltr'><strong>llinc</strong></span> <span class='ocrx_word' id='word_1_721' title='bbox 594 5835 728 5888; x_wconf 80' lang='lat' dir='ltr'><strong>beati</strong></span> <span class='ocrx_word' id='word_1_722' title='bbox 759 5850 1013 5901; x_wconf 80' lang='lat' dir='ltr'><strong>pauperes</strong></span> <span class='ocrx_word' id='word_1_723' title='bbox 1044 5835 1300 5891; x_wconf 88' lang='lat' dir='ltr'><strong>dicuntur</strong></span> <span class='ocrx_word' id='word_1_724' title='bbox 1325 5832 1537 5901; x_wconf 68' lang='lat' dir='ltr'><strong>spiritu,</strong></span> <span class='ocrx_word' id='word_1_725' title='bbox 1564 5840 1620 5884; x_wconf 92' lang='lat' dir='ltr'><strong>nt</strong></span> <span class='ocrx_word' id='word_1_726' title='bbox 1644 5844 1707 5885; x_wconf 79' lang='lat' dir='ltr'><strong>ex</strong></span> <span class='ocrx_word' id='word_1_727' title='bbox 1735 5829 1837 5882; x_wconf 88' lang='lat' dir='ltr'><strong>hoc</strong></span> <span class='ocrx_word' id='word_1_728' title='bbox 1856 5826 2001 5881; x_wconf 83' lang='lat' dir='ltr'><strong>scia-</strong></span> 
     </span>
    </p>
   </div>
   <div class='ocr_carea' id='block_1_103' title="bbox 424 5922 1997 5996">
    <p class='ocr_par' dir='ltr' id='par_1_103' title="bbox 424 5922 1997 5996">
     <span class='ocr_line' id='line_1_103' title="bbox 424 5922 1997 5996; baseline -0.002 -17"><span class='ocrx_word' id='word_1_729' title='bbox 424 5940 513 5984; x_wconf 66' lang='lat' dir='ltr'><strong>tur</strong></span> <span class='ocrx_word' id='word_1_730' title='bbox 553 5931 696 5996; x_wconf 87' lang='lat' dir='ltr'><strong>quod</strong></span> <span class='ocrx_word' id='word_1_731' title='bbox 727 5943 832 5980; x_wconf 89' lang='lat' dir='ltr'><strong>non</strong></span> <span class='ocrx_word' id='word_1_732' title='bbox 866 5927 1060 5982; x_wconf 77' lang='lat' dir='ltr'><strong>suilicit</strong></span> <span class='ocrx_word' id='word_1_733' title='bbox 1096 5937 1290 5982; x_wconf 84' lang='lat' dir='ltr'><strong>cuncta</strong></span> <span class='ocrx_word' id='word_1_734' title='bbox 1349 5924 1663 5993; x_wconf 82' lang='lat' dir='ltr'><strong>temporalia</strong></span> <span class='ocrx_word' id='word_1_735' title='bbox 1698 5922 1750 5978; x_wconf 90' lang='lat' dir='ltr'><strong>in</strong></span> <span class='ocrx_word' id='word_1_736' title='bbox 1795 5924 1997 5978; x_wconf 84' lang='lat' dir='ltr'><strong>mundo</strong></span> 
     </span>
    </p>
   </div>
   <div class='ocr_carea' id='block_1_104' title="bbox 2105 4703 3696 4794">
    <p class='ocr_par' dir='ltr' id='par_1_104' title="bbox 2105 4703 3696 4794">
     <span class='ocr_line' id='line_1_104' title="bbox 2105 4703 3696 4794; baseline -0.013 -17"><span class='ocrx_word' id='word_1_737' title='bbox 2105 4732 2298 4794; x_wconf 69' lang='lat' dir='ltr'><strong>praeter</strong></span> <span class='ocrx_word' id='word_1_738' title='bbox 2325 4718 2507 4774; x_wconf 82' lang='lat' dir='ltr'><strong>Jesum</strong></span> <span class='ocrx_word' id='word_1_739' title='bbox 2535 4733 2550 4771; x_wconf 90' lang='lat'><strong>:</strong></span> <span class='ocrx_word' id='word_1_740' title='bbox 2585 4717 2726 4786; x_wconf 89' lang='lat' dir='ltr'><strong>quod</strong></span> <span class='ocrx_word' id='word_1_741' title='bbox 2758 4712 2894 4768; x_wconf 90' lang='lat' dir='ltr'><strong>nihil</strong></span> <span class='ocrx_word' id='word_1_742' title='bbox 2925 4721 3006 4766; x_wconf 87' lang='lat' dir='ltr'><strong>est</strong></span> <span class='ocrx_word' id='word_1_743' title='bbox 3034 4713 3301 4768; x_wconf 86' lang='lat' dir='ltr'><strong>clausum,</strong></span> <span class='ocrx_word' id='word_1_744' title='bbox 3324 4703 3465 4773; x_wconf 84' lang='lat' dir='ltr'><strong>quod</strong></span> <span class='ocrx_word' id='word_1_745' title='bbox 3493 4714 3572 4755; x_wconf 88' lang='lat' dir='ltr'><strong>est</strong></span> <span class='ocrx_word' id='word_1_746' title='bbox 3598 4704 3696 4756; x_wconf 83' lang='lat' dir='ltr'><strong>de-</strong></span> 
     </span>
    </p>
   </div>
   <div class='ocr_carea' id='block_1_105' title="bbox 2105 4797 3694 4870">
    <p class='ocr_par' dir='ltr' id='par_1_105' title="bbox 2105 4797 3694 4870">
     <span class='ocr_line' id='line_1_105' title="bbox 2105 4797 3694 4870; baseline -0.014 0"><span class='ocrx_word' id='word_1_747' title='bbox 2105 4816 2276 4870; x_wconf 88' lang='lat' dir='ltr'><strong>ditum</strong></span> <span class='ocrx_word' id='word_1_748' title='bbox 2308 4812 2493 4867; x_wconf 78' lang='lat' dir='ltr'><strong>usibus</strong></span> <span class='ocrx_word' id='word_1_749' title='bbox 2522 4808 2789 4862; x_wconf 92' lang='lat' dir='ltr'><strong>omnium.</strong></span> <span class='ocrx_word' id='word_1_750' title='bbox 2827 4805 3162 4858; x_wconf 80' lang='lat' dir='ltr'><strong>Vestimenta</strong></span> <span class='ocrx_word' id='word_1_751' title='bbox 3190 4797 3426 4868; x_wconf 86' lang='lat' dir='ltr'><strong>duplicia</strong></span> <span class='ocrx_word' id='word_1_752' title='bbox 3461 4806 3589 4849; x_wconf 72' lang='lat' dir='ltr'><strong>sunt</strong></span> <span class='ocrx_word' id='word_1_753' title='bbox 3621 4812 3694 4850; x_wconf 79' lang='lat' dir='ltr'><strong>ex</strong></span> 
     </span>
    </p>
   </div>
   <div class='ocr_carea' id='block_1_106' title="bbox 2104 4889 3696 4974">
    <p class='ocr_par' dir='ltr' id='par_1_106' title="bbox 2104 4889 3696 4974">
     <span class='ocr_line' id='line_1_106' title="bbox 2104 4889 3696 4974; baseline -0.011 -16"><span class='ocrx_word' id='word_1_754' title='bbox 2104 4903 2396 4974; x_wconf 78' lang='lat' dir='ltr'><strong>Evangelio</strong></span> <span class='ocrx_word' id='word_1_755' title='bbox 2417 4899 2686 4970; x_wconf 89' lang='lat' dir='ltr'><strong>prohibita</strong></span> <span class='ocrx_word' id='word_1_756' title='bbox 2714 4898 2868 4952; x_wconf 85' lang='lat' dir='ltr'><strong>vobis</strong></span> <span class='ocrx_word' id='word_1_757' title='bbox 2897 4913 2911 4950; x_wconf 89' lang='lat'><strong>:</strong></span> <span class='ocrx_word' id='word_1_758' title='bbox 2939 4903 2998 4949; x_wconf 92' lang='lat' dir='ltr'><strong>ut</strong></span> <span class='ocrx_word' id='word_1_759' title='bbox 3025 4893 3252 4948; x_wconf 88' lang='lat' dir='ltr'><strong>discatis</strong></span> <span class='ocrx_word' id='word_1_760' title='bbox 3276 4905 3339 4946; x_wconf 88' lang='lat' dir='ltr'><strong>ea</strong></span> <span class='ocrx_word' id='word_1_761' title='bbox 3365 4891 3543 4944; x_wconf 90' lang='lat' dir='ltr'><strong>solum</strong></span> <span class='ocrx_word' id='word_1_762' title='bbox 3595 4889 3696 4941; x_wconf 84' lang='lat' dir='ltr'><strong>ba-</strong></span> 
     </span>
    </p>
   </div>
   <div class='ocr_carea' id='block_1_107' title="bbox 2105 4987 3698 5066">
    <p class='ocr_par' dir='ltr' id='par_1_107' title="bbox 2105 4987 3698 5066">
     <span class='ocr_line' id='line_1_107' title="bbox 2105 4987 3698 5066; baseline -0.012 -14"><span class='ocrx_word' id='word_1_763' title='bbox 2105 5003 2254 5061; x_wconf 88' lang='lat' dir='ltr'><strong>bere,</strong></span> <span class='ocrx_word' id='word_1_764' title='bbox 2279 5011 2400 5066; x_wconf 67' lang='lat' dir='ltr'><strong>quae</strong></span> <span class='ocrx_word' id='word_1_765' title='bbox 2433 5005 2640 5048; x_wconf 82' lang='lat' dir='ltr'><strong>natura:</strong></span> <span class='ocrx_word' id='word_1_766' title='bbox 2671 5000 2880 5045; x_wconf 92' lang='lat' dir='ltr'><strong>tantum</strong></span> <span class='ocrx_word' id='word_1_767' title='bbox 2915 4987 3240 5042; x_wconf 74' lang='lat' dir='ltr'><strong>subveniunt</strong></span> <span class='ocrx_word' id='word_1_768' title='bbox 3273 4999 3289 5038; x_wconf 89' lang='lat'><strong>:</strong></span> <span class='ocrx_word' id='word_1_769' title='bbox 3321 4994 3376 5037; x_wconf 91' lang='lat' dir='ltr'><strong>et</strong></span> <span class='ocrx_word' id='word_1_770' title='bbox 3421 4994 3528 5035; x_wconf 84' lang='lat' dir='ltr'><strong>ttOtt</strong></span> <span class='ocrx_word' id='word_1_771' title='bbox 3567 4997 3698 5049; x_wconf 81' lang='lat' dir='ltr'><strong>qua:</strong></span> 
     </span>
    </p>
   </div>
   <div class='ocr_carea' id='block_1_108' title="bbox 2105 5071 3695 5150">
    <p class='ocr_par' dir='ltr' id='par_1_108' title="bbox 2105 5071 3695 5150">
     <span class='ocr_line' id='line_1_108' title="bbox 2105 5071 3695 5150; baseline -0.013 -7"><span class='ocrx_word' id='word_1_772' title='bbox 2105 5089 2345 5143; x_wconf 82' lang='lat' dir='ltr'><strong>mttriant</strong></span> <span class='ocrx_word' id='word_1_773' title='bbox 2385 5085 2582 5139; x_wconf 87' lang='lat' dir='ltr'><strong>tineas.</strong></span> <span class='ocrx_word' id='word_1_774' title='bbox 2614 5080 2667 5134; x_wconf 86' lang='lat' dir='ltr'><strong>Si</strong></span> <span class='ocrx_word' id='word_1_775' title='bbox 2700 5095 2805 5150; x_wconf 91' lang='lat' dir='ltr'><strong>qua</strong></span> <span class='ocrx_word' id='word_1_776' title='bbox 2869 5093 2996 5131; x_wconf 84' lang='lat' dir='ltr'><strong>vero</strong></span> <span class='ocrx_word' id='word_1_777' title='bbox 3025 5083 3338 5144; x_wconf 88' lang='lat' dir='ltr'><strong>supersunt,</strong></span> <span class='ocrx_word' id='word_1_778' title='bbox 3374 5087 3478 5126; x_wconf 92' lang='lat' dir='ltr'><strong>uno</strong></span> <span class='ocrx_word' id='word_1_779' title='bbox 3538 5071 3695 5124; x_wconf 82' lang='lat' dir='ltr'><strong>clan-</strong></span> 
     </span>
    </p>
   </div>
   <div class='ocr_carea' id='block_1_109' title="bbox 2100 5173 3690 5246">
    <p class='ocr_par' dir='ltr' id='par_1_109' title="bbox 2100 5173 3690 5246">
     <span class='ocr_line' id='line_1_109' title="bbox 2100 5173 3690 5246; baseline -0.014 -9"><span class='ocrx_word' id='word_1_780' title='bbox 2100 5185 2303 5246; x_wconf 76' lang='lat' dir='ltr'><strong>dantur</strong></span> <span class='ocrx_word' id='word_1_781' title='bbox 2331 5179 2382 5232; x_wconf 93' lang='lat' dir='ltr'><strong>in</strong></span> <span class='ocrx_word' id='word_1_782' title='bbox 2415 5179 2576 5232; x_wconf 88' lang='lat' dir='ltr'><strong>loco:</strong></span> <span class='ocrx_word' id='word_1_783' title='bbox 2615 5183 2672 5228; x_wconf 90' lang='lat' dir='ltr'><strong>ut</strong></span> <span class='ocrx_word' id='word_1_784' title='bbox 2701 5188 2764 5231; x_wconf 75' lang='lat' dir='ltr'><strong>et</strong></span> <span class='ocrx_word' id='word_1_785' title='bbox 2817 5173 2901 5226; x_wconf 87' lang='lat' dir='ltr'><strong>his</strong></span> <span class='ocrx_word' id='word_1_786' title='bbox 2956 5182 3290 5240; x_wconf 69' lang='lat' dir='ltr'><strong>qumouuque</strong></span> <span class='ocrx_word' id='word_1_787' title='bbox 3337 5181 3491 5221; x_wconf 86' lang='lat' dir='ltr'><strong>soror</strong></span> <span class='ocrx_word' id='word_1_788' title='bbox 3539 5181 3690 5236; x_wconf 69' lang='lat' dir='ltr'><strong>eget,</strong></span> 
     </span>
    </p>
   </div>
   <div class='ocr_carea' id='block_1_110' title="bbox 2100 5272 3094 5339">
    <p class='ocr_par' dir='ltr' id='par_1_110' title="bbox 2100 5272 3094 5339">
     <span class='ocr_line' id='line_1_110' title="bbox 2100 5272 3094 5339; baseline -0.007 -11"><span class='ocrx_word' id='word_1_789' title='bbox 2100 5274 2251 5330; x_wconf 80' lang='lat' dir='ltr'><strong>itnlni</strong></span> <span class='ocrx_word' id='word_1_790' title='bbox 2297 5272 2482 5339; x_wconf 87' lang='lat' dir='ltr'><strong>possit.</strong></span> <span class='ocrx_word' id='word_1_791' title='bbox 3092 5307 3094 5309; x_wconf 58' lang='grc'><strong>›</strong></span> 
     </span>
    </p>
   </div>
   <div class='ocr_carea' id='block_1_111' title="bbox 2171 5353 3690 5433">
    <p class='ocr_par' dir='ltr' id='par_1_111' title="bbox 2171 5353 3690 5433">
     <span class='ocr_line' id='line_1_111' title="bbox 2171 5353 3690 5433; baseline -0.01 -12"><span class='ocrx_word' id='word_1_792' title='bbox 2171 5366 2323 5428; x_wconf 82' lang='lat' dir='ltr'><strong>Nulla</strong></span> <span class='ocrx_word' id='word_1_793' title='bbox 2363 5379 2599 5433; x_wconf 85' lang='lat' dir='ltr'><strong>unquam</strong></span> <span class='ocrx_word' id='word_1_794' title='bbox 2626 5361 2678 5414; x_wconf 88' lang='lat' dir='ltr'><strong>itt</strong></span> <span class='ocrx_word' id='word_1_795' title='bbox 2730 5359 2972 5415; x_wconf 86' lang='lat' dir='ltr'><strong>vestibus</strong></span> <span class='ocrx_word' id='word_1_796' title='bbox 3004 5357 3334 5428; x_wconf 86' lang='lat' dir='ltr'><strong>pretiositas,</strong></span> <span class='ocrx_word' id='word_1_797' title='bbox 3367 5353 3510 5408; x_wconf 88' lang='lat' dir='ltr'><strong>nulla</strong></span> <span class='ocrx_word' id='word_1_798' title='bbox 3569 5371 3690 5406; x_wconf 84' lang='lat' dir='ltr'><strong>me-</strong></span> 
     </span>
    </p>
   </div>
   <div class='ocr_carea' id='block_1_112' title="bbox 2106 5450 3689 5522">
    <p class='ocr_par' dir='ltr' id='par_1_112' title="bbox 2106 5450 3689 5522">
     <span class='ocr_line' id='line_1_112' title="bbox 2106 5450 3689 5522; baseline -0.008 -9"><span class='ocrx_word' id='word_1_799' title='bbox 2106 5459 2340 5522; x_wconf 88' lang='lat' dir='ltr'><strong>lioritas,</strong></span> <span class='ocrx_word' id='word_1_800' title='bbox 2365 5457 2592 5509; x_wconf 86' lang='lat' dir='ltr'><strong>alteram</strong></span> <span class='ocrx_word' id='word_1_801' title='bbox 2625 5455 2926 5516; x_wconf 83' lang='lat' dir='ltr'><strong>dominam,</strong></span> <span class='ocrx_word' id='word_1_802' title='bbox 2956 5451 3180 5506; x_wconf 87' lang='lat' dir='ltr'><strong>alteram</strong></span> <span class='ocrx_word' id='word_1_803' title='bbox 3207 5450 3456 5503; x_wconf 84' lang='lat' dir='ltr'><strong>ancillam</strong></span> <span class='ocrx_word' id='word_1_804' title='bbox 3494 5461 3689 5502; x_wconf 83' lang='lat' dir='ltr'><strong>os:ett-</strong></span> 
     </span>
    </p>
   </div>
   <div class='ocr_carea' id='block_1_113' title="bbox 2103 5542 3686 5615">
    <p class='ocr_par' dir='ltr' id='par_1_113' title="bbox 2103 5542 3686 5615">
     <span class='ocr_line' id='line_1_113' title="bbox 2103 5542 3686 5615; baseline -0.008 -10"><span class='ocrx_word' id='word_1_805' title='bbox 2103 5562 2208 5608; x_wconf 90' lang='lat' dir='ltr'><strong>tet:</strong></span> <span class='ocrx_word' id='word_1_806' title='bbox 2231 5551 2323 5610; x_wconf 87' lang='lat' dir='ltr'><strong>sed</strong></span> <span class='ocrx_word' id='word_1_807' title='bbox 2342 5550 2392 5603; x_wconf 88' lang='lat' dir='ltr'><strong>in</strong></span> <span class='ocrx_word' id='word_1_808' title='bbox 2413 5548 2666 5612; x_wconf 82' lang='lat' dir='ltr'><strong>omnibus</strong></span> <span class='ocrx_word' id='word_1_809' title='bbox 2686 5547 2964 5615; x_wconf 60' lang='lat' dir='ltr'><strong>inqualitas</strong></span> <span class='ocrx_word' id='word_1_810' title='bbox 2983 5545 3231 5606; x_wconf 78' lang='lat' dir='ltr'><strong>exsistat,</strong></span> <span class='ocrx_word' id='word_1_811' title='bbox 3255 5559 3370 5613; x_wconf 79' lang='lat' dir='ltr'><strong>qua:</strong></span> <span class='ocrx_word' id='word_1_812' title='bbox 3395 5542 3484 5594; x_wconf 90' lang='lat' dir='ltr'><strong>uni</strong></span> <span class='ocrx_word' id='word_1_813' title='bbox 3510 5557 3686 5608; x_wconf 82' lang='lat' dir='ltr'><strong>spon-</strong></span> 
     </span>
    </p>
   </div>
   <div class='ocr_carea' id='block_1_114' title="bbox 2101 5635 3698 5714">
    <p class='ocr_par' dir='ltr' id='par_1_114' title="bbox 2101 5635 3698 5714">
     <span class='ocr_line' id='line_1_114' title="bbox 2101 5635 3698 5714; baseline -0.01 -13"><span class='ocrx_word' id='word_1_814' title='bbox 2101 5664 2162 5701; x_wconf 81' lang='lat' dir='ltr'><strong>su</strong></span> <span class='ocrx_word' id='word_1_815' title='bbox 2190 5656 2388 5714; x_wconf 68' lang='lat' dir='ltr'><strong>nuptm,</strong></span> <span class='ocrx_word' id='word_1_816' title='bbox 2421 5641 2699 5698; x_wconf 88' lang='lat' dir='ltr'><strong>communi</strong></span> <span class='ocrx_word' id='word_1_817' title='bbox 2746 5650 2871 5696; x_wconf 86' lang='lat' dir='ltr'><strong>voto</strong></span> <span class='ocrx_word' id='word_1_818' title='bbox 2899 5638 3161 5709; x_wconf 74' lang='lat' dir='ltr'><strong>professa:</strong></span> <span class='ocrx_word' id='word_1_819' title='bbox 3184 5645 3332 5691; x_wconf 89' lang='lat' dir='ltr'><strong>sunt.</strong></span> <span class='ocrx_word' id='word_1_820' title='bbox 3364 5635 3482 5690; x_wconf 83' lang='lat' dir='ltr'><strong>Non</strong></span> <span class='ocrx_word' id='word_1_821' title='bbox 3534 5647 3698 5702; x_wconf 67' lang='lat' dir='ltr'><strong>quae-</strong></span> 
     </span>
    </p>
   </div>
   <div class='ocr_carea' id='block_1_115' title="bbox 2104 5730 3692 5803">
    <p class='ocr_par' dir='ltr' id='par_1_115' title="bbox 2104 5730 3692 5803">
     <span class='ocr_line' id='line_1_115' title="bbox 2104 5730 3692 5803; baseline -0.006 -12"><span class='ocrx_word' id='word_1_822' title='bbox 2104 5747 2210 5801; x_wconf 88' lang='lat' dir='ltr'><strong>rat,</strong></span> <span class='ocrx_word' id='word_1_823' title='bbox 2247 5737 2501 5802; x_wconf 84' lang='lat' dir='ltr'><strong>obsecro,</strong></span> <span class='ocrx_word' id='word_1_824' title='bbox 2559 5735 2666 5788; x_wconf 84' lang='lat' dir='ltr'><strong>lilia</strong></span> <span class='ocrx_word' id='word_1_825' title='bbox 2723 5735 2870 5803; x_wconf 82' lang='lat' dir='ltr'><strong>regis</strong></span> <span class='ocrx_word' id='word_1_826' title='bbox 2918 5733 3042 5786; x_wconf 59' lang='lat' dir='ltr'><strong>lilia</strong></span> <span class='ocrx_word' id='word_1_827' title='bbox 3091 5730 3280 5785; x_wconf 87' lang='lat' dir='ltr'><strong>militis</strong></span> <span class='ocrx_word' id='word_1_828' title='bbox 3327 5730 3692 5799; x_wconf 60' lang='lat' dir='ltr'><strong>praemittere</strong></span> 
     </span>
    </p>
   </div>
   <div class='ocr_carea' id='block_1_116' title="bbox 2101 5823 3692 5899">
    <p class='ocr_par' dir='ltr' id='par_1_116' title="bbox 2101 5823 3692 5899">
     <span class='ocr_line' id='line_1_116' title="bbox 2101 5823 3692 5899; baseline -0.011 -13"><span class='ocrx_word' id='word_1_829' title='bbox 2101 5829 2315 5899; x_wconf 89' lang='lat' dir='ltr'><strong>pompis</strong></span> <span class='ocrx_word' id='word_1_830' title='bbox 2351 5827 2606 5892; x_wconf 87' lang='lat' dir='ltr'><strong>terrenis,</strong></span> <span class='ocrx_word' id='word_1_831' title='bbox 2641 5827 2694 5879; x_wconf 93' lang='lat' dir='ltr'><strong>in</strong></span> <span class='ocrx_word' id='word_1_832' title='bbox 2726 5825 2926 5880; x_wconf 85' lang='lat' dir='ltr'><strong>Christi</strong></span> <span class='ocrx_word' id='word_1_833' title='bbox 2953 5835 3008 5880; x_wconf 91' lang='lat' dir='ltr'><strong>et</strong></span> <span class='ocrx_word' id='word_1_834' title='bbox 3053 5823 3423 5893; x_wconf 80' lang='lat' dir='ltr'><strong>apostolorum</strong></span> <span class='ocrx_word' id='word_1_835' title='bbox 3452 5835 3692 5873; x_wconf 74' lang='lat' dir='ltr'><strong>consor-</strong></span> 
     </span>
    </p>
   </div>
   <div class='ocr_carea' id='block_1_117' title="bbox 2105 5915 3690 5989">
    <p class='ocr_par' dir='ltr' id='par_1_117' title="bbox 2105 5915 3690 5989">
     <span class='ocr_line' id='line_1_117' title="bbox 2105 5915 3690 5989; baseline -0.008 -11"><span class='ocrx_word' id='word_1_836' title='bbox 2105 5924 2198 5978; x_wconf 89' lang='lat' dir='ltr'><strong>tio.</strong></span> <span class='ocrx_word' id='word_1_837' title='bbox 2236 5919 2352 5977; x_wconf 84' lang='lat' dir='ltr'><strong>Non</strong></span> <span class='ocrx_word' id='word_1_838' title='bbox 2385 5920 2528 5977; x_wconf 88' lang='lat' dir='ltr'><strong>enim</strong></span> <span class='ocrx_word' id='word_1_839' title='bbox 2583 5919 2742 5974; x_wconf 87' lang='lat' dir='ltr'><strong>Petro</strong></span> <span class='ocrx_word' id='word_1_840' title='bbox 2792 5919 2879 5975; x_wconf 89' lang='lat' dir='ltr'><strong>vili</strong></span> <span class='ocrx_word' id='word_1_841' title='bbox 2939 5918 3194 5989; x_wconf 77' lang='lat' dir='ltr'><strong>piscatori</strong></span> <span class='ocrx_word' id='word_1_842' title='bbox 3248 5915 3690 5972; x_wconf 76' lang='lat' dir='ltr'><strong>Bai-tholoma-us</strong></span> 
     </span>
    </p>
   </div>
  </div>
