3956 6196
298 398 407 462 ιος

1464 403 1774 466 REGULA
1838 408 2412 476 MONACHARUM.

3463 427 3567 486 410

301 512 509 568 ιιυδῖίίε
571 510 986 606 εῄιηθροηίῑυτθ
1025 511 1244 569 miris")
1278 532 1292 570 ε
1323 514 1435 570 imo
1489 518 1747 586 Ρῖδεειοτί
1812 530 1890 574 ιο·
1921 535 1964 588 Α
1998 528 2159 582 habet
2189 531 2240 583 in
2268 529 2470 587 szeculo
2493 541 2619 588 ante
2653 547 2902 588 sororum
2939 538 3106 605 pedes
3136 548 3300 606 ponat
3325 579 3339 598 ,
3365 551 3417 593 et
3440 557 3569 594 cuu-

304 606 414 659 tius
444 604 634 659 mundi
672 605 1003 660 monarchiae
1031 606 1264 662 traditur
1315 610 1676 680 principatus.
1708 610 1890 680 Digni-

305 697 514 751 tatibus
550 696 733 750 carnis
773 695 1074 766 spiritualis
1105 697 1214 752 vita
1257 715 1364 754 non
1417 711 1538 769 eget
1579 717 1592 756 :
1626 709 1679 754 et
1707 702 1889 756 carnis

303 787 502 844 arrbas
534 785 790 842 Christus
818 787 871 839 in
905 801 1006 841 suo
1037 803 1144 842 non
1178 790 1371 857 quaerit
1401 790 1673 859 conjugio.
1707 792 1762 844 In
1788 807 1890 848 ste-

305 876 434 928 culo
470 874 680 929 nubant
708 875 929 943 paribus
956 875 1078 931 ﬁlia:
1113 892 1318 947 regum,
1353 878 1472 932 tiliae
1504 880 1732 934 militum
1759 896 1892 950 pra:-

299 967 637 1020 emiuentias
666 977 912 1036 quierant
947 977 998 1021 el
1028 969 1278 1025 honores.
1311 970 1368 1024 In
1396 972 1724 1026 monasterio
1765 987 1891 1027 vero

302 1060 494 1113 oblita:
522 1059 705 1129 pepuli
762 1059 841 1112 sui
872 1070 927 1114 et
958 1061 1151 1114 domus
1187 1076 1320 1127 suae,
1357 1062 1408 1114 in
1441 1061 1669 1116 Domino
1715 1065 1888 1117 solum

303 1150 542 1214 gloriam
600 1163 847 1221 quierant
886 1173 900 1209 :
935 1163 991 1208 et
1050 1155 1347 1221 exsultent,
1385 1160 1528 1226 quod
1586 1157 1652 1211 de
1696 1157 1889 1227 majori

297 1243 612 1314 prarcip’tio
637 1245 975 1300 montissunt
997 1246 1062 1300 ad
1084 1250 1249 1300 vitam
1275 1248 1622 1317 apostolicam
1643 1258 1890 1317 sumptae.

379 1331 612 1401 Propter
639 1335 780 1404 quod
809 1336 1077 1395 admoneo
1130 1353 1249 1402 vos,
1273 1338 1418 1403 ﬁliae,
1453 1350 1508 1392 ιιι
1558 1353 1894 1409 quaecunque

307 1426 486 1478 oliicia
520 1428 677 1481 vobis
702 1427 895 1482 domus
916 1445 944 1484 a
973 1440 1145 1484 matre
1181 1433 1490 1485 monasterii
1527 1432 1804 1498 imposita,
1833 1433 1894 1486 li-

303 1519 452 1569 benti
481 1519 664 1570 animo
710 1522 973 1589 explealis
1007 1539 1020 1576 :
1063 1521 1300 1575 Hilarem
1335 1524 1472 1577 enim
1502 1525 1743 1577 datorem
1771 1523 1894 1576 dili-

304 1609 380 1678 git
407 1608 548 1662 Deus
577 1607 663 1676 (II
684 1609 805 1664 Cor.
834 1627 909 1676 ιι,
931 1613 1008 1681 7).
1031 1612 1138 1667 Nec
1160 1615 1593 1669 verecundentur
1622 1615 1672 1668 in
1699 1615 1894 1670 vilibus

299 1701 540 1764 nobiles,
571 1717 671 1756 nec
700 1703 789 1756 illa
827 1715 1099 1771 recusent,
1130 1707 1223 1759 sed
1261 1707 1482 1759 audiant
1537 1702 1845 1773 Sapientem
1878 1722 1892 1762 :

299 1793 516 1858 Quanto
543 1795 712 1866 mujor
728 1785 1045 1863 es,'ltumilia
1069 1808 1115 1852 te
1132 1801 1182 1852 in
1201 1798 1440 1852 omnibus
1465 1797 1655 1870 (Eccli.
1682 1815 1764 1863 ιιι,
1781 1798 1891 1868 20).

1991 621 2094 676 ctis
2123 637 2244 689 quae
2290 623 2526 679 habebat
2553 625 2604 679 in
2637 627 2861 693 saeculo,
2898 630 3224 684 renuntians
3276 633 3569 694 intratum,

1995 717 2086 767 liat
2119 716 2260 769 sicut
2293 731 2397 769 una
2430 731 2496 771 ex
2534 718 2818 774 minimis:
2848 729 2902 774 et
2933 721 3151 776 sublato
3175 722 3420 776 dominio
3444 739 3566 777 cum

1993 805 2211 870 aﬂ'ecto,
2250 808 2430 861 omnia
2461 825 2586 878 qua:
2635 819 2945 878 portantur,
2979 812 3172 866 electis
3217 813 3568 866 administra-

1995 898 2223 952 tricibus
2246 900 2437 955 domus
2463 902 2828 970 praebeantur,
2857 913 2916 957 ttt
2940 919 3006 960 ex
3032 905 3118 960 his
3144 906 3388 960 tribuant
3411 917 3568 970 prout

1995 987 2292 1058 unicuique
2336 1006 2472 1058 opus
2509 1001 2615 1046 est.
2674 991 2786 1048 Nec
2827 1005 3133 1050 murmuret
3179 997 3419 1064 quidem,
3451 1014 3571 1065 qua:

1994 1094 2090 1133 sua
2127 1083 2458 1136 monasterio
2492 1085 2739 1151 tradidit,
2766 1085 2810 1140 si
2851 1087 2955 1140 sibi
2994 1101 3102 1142 non
3135 1088 3328 1157 majori
3353 1102 3569 1157 smnptu

1996 1172 2412 1240 administretur
2455 1189 2616 1243 quam
2640 1178 2874 1240 cwteris,
2898 1193 3017 1246 qua:
3038 1194 3103 1233 ex
3130 1191 3448 1248 paupertate
3478 1196 3569 1235 ve-

1994 1272 2212 1319 nerunt.
2234 1267 2347 1320 Nec
2372 1267 2686 1334 extollatur,
2711 1279 2768 1324 et
2786 1271 2999 1326 cervice
3023 1282 3202 1326 erecta
3238 1288 3389 1327 more
3412 1273 3569 1328 renti-

1994 1369 2098 1408 neo
2126 1355 2459 1424 improperet
2504 1359 2737 1424 cmteris,
2767 1374 2825 1412 se
2859 1369 3068 1414 tantum
3091 1379 3156 1416 ex
3189 1363 3304 1418 suis
3339 1363 3567 1418 faculta—

1997 1443 2141 1498 tibus
2170 1445 2418 1501 attulisse
2445 1463 2458 1500 :
2494 1447 2615 1512 plus
2643 1449 2788 1502 enim
2817 1451 3000 1504 attulit
3030 1467 3187 1506 soror
3221 1453 3566 1521 paupercula,

1995 1534 2040 1587 si
2080 1536 2393 1605 ingrediens
2429 1537 2680 1593 allectum
2717 1541 2947 1595 habendi
2981 1541 3212 1607 dimisit,
3253 1560 3413 1614 quam
3449 1560 3569 1613 qua:

1998 1627 2161 1682 multa
2198 1628 2432 1685 aﬂerens
2459 1631 2622 1696 dona,
2657 1634 2970 1701 superbiam
3008 1635 3150 1689 tulit.
3177 1635 3452 1691 Glorietur
3475 1653 3570 1692 au-

1999 1727 2106 1773 tem
2150 1721 2351 1788 potius,
2388 1724 2644 1790 quoniam
2680 1724 2887 1779 divitia:
2919 1741 3039 1795 qua:
3088 1727 3258 1782 solita:
3291 1739 3414 1781 sunt
3447 1742 3570 1796 pos-

1999 1825 2241 1866 sessores
2271 1813 2614 1883 prmcipitare
2647 1815 2697 1867 in
2735 1826 2988 1879 mortem,
3027 1834 3130 1871 non
3167 1818 3569 1886 pratvaluerunt

300 1885 536 1937 Audiant
568 1897 620 1938 et
649 1886 923 1940 Christum
976 1890 1104 1956 quid
1149 1889 1411 1954 apostolis
1456 1889 1525 1942 de
1576 1889 1879 1958 hujusmodi
1913 1898 1958 1957 Β
1988 1901 2248 1958 adversus
2272 1918 2390 1957 eam
2422 1924 2436 1959 ε
2472 1915 2527 1958 ει
2554 1920 2672 1974 qua;
2696 1907 2973 1960 communi
2999 1922 3098 1960 usu
3137 1885 3258 1961 sim.
3299 1909 3474 1967 malm.
3502 1922 3566 1960 ει

305 1977 519 2044 pompis
550 1977 599 2030 in
631 1977 815 2031 ultima
871 1995 1026 2032 caena
1061 1980 1294 2032 humana
1327 1992 1506 2034 mente
1533 1979 1886 2047 disceptanti-

307 2065 409 2119 bns
442 2066 744 2122 deﬁniverit
776 2086 790 2123 :
829 2069 989 2139 Reges
1018 2072 1250 2139 gentium
1285 2073 1631 2125 dominantur
1658 2086 1838 2122 eorum
1869 2085 1888 2123 :

297 2167 346 2212 et
375 2159 465 2225 qui
490 2169 799 2226 potestatem
831 2162 1021 2214 habent
1051 2179 1209 2230 super
1237 2179 1346 2227 eos,
1375 2164 1588 2229 benefici
1613 2172 1885 2217 vocantur.

320 2252 418 2303 l’os
449 2262 625 2303 autem
659 2269 760 2304 non
793 2255 869 2306 sic
895 2269 912 2306 :
941 2255 1030 2305 sed
1066 2256 1154 2322 qui
1202 2257 1374 2322 major
1405 2265 1480 2307 est
1507 2255 1560 2307 in
1592 2253 1752 2314 t'obis,
1794 2253 1890 2326 ﬁat

298 2346 434 2397 sicut
469 2349 642 2396 minor
673 2361 691 2398 :
725 2355 770 2398 et
833 2347 923 2414 qui
951 2362 1240 2414 prtrcessor
1268 2358 1369 2410 est,
1400 2348 1534 2400 sicut
1565 2349 1892 2399 ministrator

303 2435 460 2502 (Luc.
496 2453 632 2502 nn,
659 2437 750 2504 25,
803 2438 919 2508 9.6).
951 2440 1220 2493 \‘erumne
1250 2440 1490 2494 doctoris
1522 2441 1791 2504 doctrina,
1826 2454 1888 2491 ex

303 2531 580 2580 contraria
619 2533 934 2596 operatione
982 2533 1202 2585 vilescat
1245 2549 1259 2588 :
1292 2532 1475 2585 statim
1530 2529 1796 2585 subiniert
1823 2546 1889 2584 ex

301 2619 661 2674 similitudine
683 2622 914 2689 quadam
941 2639 1062 2675 cum
1089 2623 1888 2693 interrogationeconcludens:

309 2710 446 2764 Nam
469 2717 589 2782 quis
615 2715 788 2782 major
817 2725 892 2768 est
914 2732 932 2769 :
958 2719 1044 2786 qui
1079 2719 1354 2776 recumbit,
1379 2734 1443 2770 an
1470 2719 1560 2784 qui
1591 2717 1846 2769 ministrat
1870 2716 1895 2769 Ρ

305 2802 497 2858 Nonne
527 2809 614 2874 qui
635 2808 883 2867 recumbit
910 2808 934 2864 ?
965 2810 1076 2877 Ego
1098 2819 1272 2862 autem
1303 2809 1354 2861 in
1380 2810 1545 2860 medio
1578 2809 1732 2860 vestri
1753 2823 1889 2872 sum,

305 2898 439 2949 sicut
475 2899 566 2964 qui
596 2900 864 2954 ministrat
895 2903 1058 2969 (ibid.
1095 2901 1206 2958 :17).
1269 2903 1566 2954 Erubescat
1622 2902 1890 2968 siquidem

305 3001 522 3041 stercus
555 2990 903 3055 vilissimum,
933 3005 985 3046 et
1018 3009 1183 3062 vapor
1239 2999 1303 3046 ad
1357 2995 1622 3045 modicum
1673 3007 1890 3060 parens,

311 3081 552 3136 humana
607 3101 760 3140 mens
793 3101 852 3140 se
882 3087 1140 3140 extollere
1176 3104 1189 3140 :
1221 3095 1274 3140 et
1326 3089 1516 3140 domus
1572 3085 1742 3138 oliii-ia
1802 3086 1893 3138 ab.

311 3187 510 3238 nuens,
536 3189 564 3226 a
595 3177 808 3230 caeteris
839 3179 1125 3232 sororibus
1175 3178 1277 3232 sibi
1312 3178 1447 3230 velle
1509 3179 1725 3230 serviri.
1762 3175 1892 3228 Nam

1992 1994 2351 2048 subveutione
2397 2009 2646 2050 sororum
2695 1996 2798 2051 sibi
2851 1998 3009 2052 facta:
3045 2007 3175 2054 sunt
3212 1999 3385 2052 boum.
3420 1998 3569 2051 Alio-
3633 2059 3638 2064 ι

1992 2085 2122 2152 quin
2159 2085 2351 2140 melius
2379 2086 2570 2141 fuisset
2600 2088 2698 2141 sibi
2741 2103 2862 2142 cum
2899 2105 3060 2154 parva
3095 2104 3421 2157 pmna,cunt
3456 2090 3569 2142 suis

1994 2175 2198 2228 divitiis
2225 2178 2275 2228 iu
2306 2177 2505 2230 mundo
2533 2179 2900 2245 permanendo
2929 2179 3199 2240 damnari,
3226 2195 3387 2247 quam
3421 2179 3568 2247 ipsas

1995 2265 2349 2333 relinquendo
2375 2269 2725 2329 monasterio,
2783 2277 2972 2320 exorta
3002 2268 3277 2336 superbia,
3309 2271 3375 2322 ad
3403 2267 3571 2322 infer-

1995 2367 2120 2404 num
2160 2369 2281 2405 cum
2322 2355 2512 2422 majori
2565 2371 2720 2423 pinna
2758 2356 2975 2410 deduci.

2068 2446 2432 2500 Humilientur
2460 2449 2622 2503 etiam
2653 2464 2920 2518 pauperes
2951 2468 2966 2504 :
3001 2465 3124 2518 quae
3147 2465 3214 2504 ex
3250 2461 3568 2520 paupertate

1997 2537 2127 2590 nihil
2166 2539 2507 2591 sttlit-cntiOui
2542 2540 2734 2593 domus
2767 2549 3060 2608 potuerunt
3093 2541 3463 2604 contribuere,
3490 2542 3568 2595 si-

1996 2639 2085 2681 cut
2120 2639 2170 2680 rt
2201 2629 2324 2682 illae.
2353 2627 2416 2681 Et
2445 2631 2649 2697 gratias
2679 2631 2786 2684 [)t'o
2813 2632 2866 2684 in
2896 2631 3204 2685 humilitate
3229 2634 3567 2689 retribttant:

1996 2720 2140 2786 quod
2171 2736 2289 2787 quae
2327 2722 2474 2788 prius
2515 2722 2568 2775 itt
2601 2721 2804 2776 mundo
2838 2724 3018 2778 vivere
3055 2727 3156 2776 non
3202 2735 3472 2792 pmerant,
3501 2739 3565 2776 ex

1997 2812 2185 2863 alienis
2212 2812 2486 2866 laboribus
2513 2814 2711 2867 habent
2744 2830 2861 2882 qua:
2889 2815 2990 2867 sibi
3018 2815 3312 2879 sulﬁciunt,
3344 2817 3480 2869 sicut
3517 2824 3572 2868 ct

1995 2904 2214 2956 divites.
2277 2903 2464 2955 Mirum
2508 2906 2726 2972 quidem
2771 2907 2838 2960 de
2875 2905 3074 2959 infelici
3113 2907 3424 2961 ευιιιιςιιιοιιθ
3455 2907 3568 2976 plu-

1997 2995 2134 3046 rium
2169 2995 2470 3047 hominum.
2521 2995 2656 3048 Sunt
2702 2999 2846 3050 enim
2893 2998 3139 3051 nonnulli
3176 2999 3304 3054 viles
3336 3009 3391 3052 et
3421 2998 3570 3066 ahje-

1995 3089 2065 3140 eti
2091 3089 2142 3140 in
2167 3088 2390 3154 saeculo,
2415 3090 2506 3159 qui
2527 3092 2860 3160 quotidianis
2878 3091 3158 3146 laboribus
3178 3107 3241 3145 se
3266 3091 3404 3144 ultra
3429 3091 3569 3142 vires

1999 3179 2294 3250 allligeutes
2321 3197 2418 3249 pro
2448 3183 2592 3236 victu
2620 3185 2890 3252 captantlo
2914 3184 3196 3248 vilissimo,
3227 3190 3281 3237 et
3311 3185 3397 3236 vis
3435 3181 3570 3234 raris

307 3265 580 3333 (λιιτίειιιει
610 3269 764 3338 cuius
794 3272 1194 3339 generationem
1219 3272 1339 3339 quis
1365 3284 1623 3322 enarrare
1649 3283 1754 3321 non
1792 3282 1888 3335 po-
1923 3240 1963 3294 δ
2001 3274 2138 3326 fabis
2164 3283 2217 3328 et
2252 3275 2399 3342 rapis
2431 3291 2552 3330 cum
2589 3277 2706 3330 rudi
2733 3288 2786 3331 et
2819 3276 3122 3331 hordeaceo
3151 3290 3289 3346 pane
3315 3285 3568 3330 saturan-

313 3369 440 3422 test,
473 3374 580 3413 non
611 3362 755 3414 venit
783 3363 1105 3429 ministrari,
1139 3365 1232 3417 Sed
1273 3364 1604 3416 ministrare.
1644 3361 1777 3415 Elin
1817 3361 1894 3412 ul-

313 3449 443 3504 tima
491 3466 647 3506 caena
681 3453 1072 3524 discipulorum
1117 3457 1343 3513 abluens
1404 3457 1586 3524 pedes,
1628 3453 1732 3507 hoc
1778 3453 1893 3506 suis

315 3543 538 3614 reliquit
565 3545 892 3616 humilitatis
925 3548 1254 3620 exemplum.

944 3705 1169 3763 CAPUT
1231 3706 1294 3759 V.
1343 3779 1356 3790 .

455 3801 536 3856 De
573 3803 798 3856 simonia
841 3802 1057 3855 vitanda
1091 3805 1144 3855 in
1195 3803 1491 3868 recipiendo
1519 3818 1745 3855 sorores.

394 3918 778 3974 Detestabiletn
822 3919 1072 3973 hmresim
1105 3919 1370 3983 sitnoniae,
1423 3934 1584 3988 quam
1618 3915 1892 3973 communi

317 4013 587 4079 pravitate
603 4011 800 4066 diaboli
823 4011 1082 4065 moniales
1099 4021 1327 4065 assuetae
1345 4015 1715 4072 coanmittunt,
1731 4011 1893 4063 etiam

319 4104 373 4158 in
404 4103 590 4157 auditu
626 4103 862 4169 ,horreat
901 4113 1079 4160 vestra
1131 4108 1389 4160 societas.
1429 4104 1576 4160 Hiezi
1613 4120 1792 4174 pmna,
1841 4114 1892 4158 et

331 4193 574 4247 Simonis
622 4209 719 4248 vos
780 4205 983 4249 terreat
1038 4199 1296 4266 pravitas.
1351 4196 1461 4250 Vox
1500 4197 1640 4250 Petri
1695 4196 1894 4250 Christi

330 4285 516 4340 vicarii
535 4286 600 4338 ad
635 4283 936 4351 Simonem,
995 4302 1270 4356 nunquam
1307 4288 1374 4340 de
1399 4287 1594 4340 vestris
1611 4299 1768 4339 exeat
1800 4301 1898 4338 au-

327 4378 476 4430 ribus
509 4393 523 4431 :
558 4375 794 4430 Pecunia
827 4388 918 4429 tua
959 4388 1127 4431 terum
1157 4377 1223 4430 sit
1255 4379 1309 4431 in
1347 4379 1711 4446 perditionem.
1741 4379 1898 4438 {Exi-

325 4470 514 4522 stimas
544 4471 678 4524 enim
705 4471 901 4523 donum
933 4469 1026 4526 Dei
1051 4470 1232 4524 haberi
1257 4471 1476 4539 pecunia
1510 4486 1525 4521 :
1557 4471 1753 4523 donum
1804 4469 1899 4522 Dei

326 4569 402 4612 est
433 4558 666 4628 Spiritus
689 4561 1063 4631 sanctus(Act.
1103 4576 1221 4626 vm,
1253 4560 1366 4626 ΞΟ).
1401 4561 1721 4616 C0mntunis
1751 4577 1893 4614 mero
1931 4583 1972 4635 ι)

329 4660 575 4705 ratorum
637 4651 796 4706 habet
849 4668 1000 4719 usus,
1038 4662 1098 4706 ut
1149 4652 1390 4707 venditio
1447 4662 1811 4706 commutatur
1843 4653 1896 4705 in

338 4745 552 4798 melius.
596 4744 806 4798 Asserit
838 4759 1041 4813 quippe
1075 4745 1428 4805 simoniacus,
1461 4743 1748 4814 pecuniam
1781 4759 1901 4797 esse

334 4834 762 4902 praestantiorem
799 4835 944 4888 dono
975 4835 1097 4899 Dei,
1131 4850 1253 4888 cum
1287 4836 1428 4889 idem
1468 4837 1518 4888 in
1554 4836 1725 4903 ipsam
1753 4851 1902 4886 com-

338 4937 530 4982 mutat.
558 4928 639 4981 Ad
670 4943 769 4984 vos
801 4931 1083 4982 venientes
1128 4942 1366 4990 sorores,
1402 4929 1468 4983 ad
1499 4939 1716 4982 sanctas
1745 4927 1903 4982 Chri-

331 5020 398 5074 ειὶ
435 5019 694 5089 suscipite
729 5023 946 5089 nuptias
1004 5020 1175 5090 gratis
1206 5035 1220 5072 :
1257 5021 1610 5089 prieponatur
1638 5020 1904 5074 sanctitas

333 5113 576 5179 pecunia:
610 5128 626 5166 :
664 5113 984 5181 exquiratur
1032 5113 1250 5166 bonitas
1305 5113 1428 5164 vitae
1469 5127 1485 5168 :
1524 5129 1628 5164 non
1681 5127 1907 5182 genero-

340 5205 472 5256 sitas
502 5203 706 5267 carnis,
742 5219 846 5256 non
881 5203 1090 5257 utilitas
1127 5202 1334 5256 mttndi.
1377 5203 1533 5256 Nulla
1567 5206 1790 5257 omnino
1817 5220 1908 5273 pa-

338 5295 466 5356 t-tio.
519 5296 670 5349 nulla
717 5296 923 5364 opinio,
957 5310 1078 5366 quae
1119 5298 1314 5351 mentis
1347 5299 1639 5365 puritatem
1694 5308 1909 5364 pertur-

336 5387 449 5455 bat,
505 5387 820 5458 praeveniat.
876 5387 1097 5442 Beatum
1132 5391 1396 5460 sapientia
1430 5393 1655 5457 clamat,
1692 5393 1782 5461 qui
1813 5408 1909 5446 ex-

342 5483 476 5534 cutit
513 5493 735 5533 manum
757 5481 826 5535 ab
854 5483 1000 5535 omni
1045 5497 1271 5536 munere
1305 5499 1320 5539 z
1353 5493 1408 5538 et
1434 5485 1526 5553 qui
1560 5493 1682 5552 post
1713 5500 1907 5546 aurum

344 5587 453 5625 non
491 5573 650 5635 abiit,
686 5587 786 5628 nec
835 5582 1016 5643 sperat
1052 5574 1107 5628 in
1161 5578 1416 5645 pecunia,
1465 5591 1584 5646 qum
1639 5577 1912 5632 subvertit

339 5665 628 5734 judicium.

414 5758 467 5810 ς·
508 5776 610 5828 qua
639 5775 888 5815 sororum
924 5761 1162 5831 inopiam
1203 5776 1268 5816 ex
1303 5775 1398 5814 sua
1423 5759 1752 5815 abundantia
1783 5776 1912 5829 sup-

346 5849 489 5922 plere
513 5854 803 5920 desiderat,
827 5855 976 5924 justa
1002 5855 1359 5926 apostolicum
1383 5856 1564 5919 ritmn,
1589 5853 1769 5906 omnia
1795 5869 1914 5922 quse

1998 3373 2105 3416 tur.
2135 3365 2268 3417 Cum
2300 3381 2428 3420 vero
2457 3367 2521 3419 ad
2551 3367 2752 3421 Christi
2793 3382 3037 3421 mensam
3066 3369 3360 3431 accedunt,
3392 3376 3444 3419 et
3473 3367 3572 3418 mi-

1997 3456 2163 3508 litiatn
2204 3456 2402 3511 Christi
2435 3458 2759 3528 suscipiunt,
2797 3475 2906 3513 sua:
2939 3460 3196 3527 egestatis
3221 3458 3402 3521 obliti,
3441 3457 3526 3510 lau

1997 3549 2132 3600 tiora
2176 3559 2425 3616 quantum
2453 3564 2615 3618 quam
2659 3551 2880 3615 milites,
2935 3552 3027 3619 qui
3059 3560 3194 3604 sunt
3225 3548 3427 3604 assueti
3459 3564 3571 3600 ma-

1996 3639 2232 3706 gnilicis.
2291 3639 2310 3650 ’

2069 3733 2192 3788 llaec
2240 3735 2402 3805 igitur
2453 3735 2631 3788 omnia
2672 3737 2723 3790 in
2759 3735 2962 3790 Christi
3008 3745 3062 3789 et
3115 3733 3414 3802 apostolica
3458 3731 3568 3784 vita

1998 3828 2172 3882 locum
2215 3843 2319 3881 non
2352 3828 2603 3882 habeant.
2630 3827 2832 3882 Omnes
2864 3843 2928 3881 ex
2967 3826 3273 3880 ministerio
3308 3826 3417 3878 sint
3443 3839 3573 3876 con-

2001 3930 2181 3984 lentae,
2212 3935 2278 3972 ne
2308 3935 2371 3972 cs
2409 3918 2839 3972 murmuratione
2871 3927 3117 3987 pereant.
3147 3916 3203 3970 Si
3232 3916 3573 3970 abundanter

1999 4014 2098 4067 sibi
2149 4012 2384 4065 tribuant
2439 4011 2887 4066 administrantes
2924 4026 2942 4065 τ
2986 4010 3252 4079 recipiant
3307 4007 3571 4074 siquidem

2001 4115 2206 4156 naturae
2263 4101 2568 4154 necessaria
2621 4117 2636 4155 :
2672 4101 3056 4155 necessitatum
3111 4099 3310 4153 limites
3342 4113 3447 4151 non
3479 4113 3570 4148 ex-

2000 4197 2220 4249 cedant.
2275 4194 2330 4248 Si
2381 4211 2511 4248 vero
2561 4193 2860 4257 modicum,
2916 4192 3094 4245 discat
3139 4206 3259 4244 cum
3317 4189 3574 4256 Apostolo

2002 4286 2208 4340 servire
2263 4283 2490 4338 Domino
2524 4284 2574 4336 ιιι
2628 4283 2768 4335 fame
2801 4291 2854 4335 et
2908 4285 2962 4335 in
3001 4281 3115 4344 siti,
3159 4291 3213 4333 et
3248 4280 3302 4332 in
3335 4288 3576 4348 egestate

2004 4377 2264 4430 ntulitatis
2313 4387 2367 4429 et
2400 4374 2620 4444 ltignris
2654 4391 2670 4429 :
2712 4375 2780 4427 ita
2814 4384 2867 4427 ut
2901 4383 3121 4442 accepta
3172 4385 3332 4425 cruce
3362 4370 3578 4440 gradia-

2003 4479 2090 4522 tur
2136 4478 2256 4538 post
2287 4468 2563 4522 Christum
2591 4471 2872 4536 abnegans
2904 4468 3273 4535 semetipsum.

2605 4623 2833 4679 CAPUT
2893 4625 2977 4679 Vl.

2288 4717 2362 4772 De
2407 4719 2703 4771 obedientia
2741 4718 3033 4771 exhibenda
3067 4716 3323 4781 prwlatis.

2079 4835 2212 4891 Volo
2236 4845 2416 4889 autem
2471 4850 2563 4888 vos
2593 4842 2835 4886 mortuas
2868 4834 3092 4898 smculo,
3123 4834 3270 4887 vitiis
3303 4841 3354 4884 et
3378 4848 3581 4885 concu—

2007 4927 2311 4996 piscentiis,
2363 4941 2580 4979 carnem
2647 4924 2974 4990 crueihgere
3029 4940 3149 4976 cum
3206 4923 3424 4976 Christo
3471 4937 3486 4976 :
3526 4931 3580 4974 et

2008 5035 2126 5090 qua:
2151 5020 2260 5087 jatn
2304 5027 2590 5085 coeperunt
2637 5019 2858 5086 pmprio
2893 5031 3014 5070 sese
3049 5025 3174 5070 voto
3213 5027 3454 5069 castrare
3479 5015 3582 5067 sub

2010 5120 2283 5182 perpetua:
2314 5111 2646 5177 virginitatis
2671 5123 2721 5163 et
2750 5110 3015 5162 castitatis
3040 5107 3317 5176 proposito
3347 5125 3360 5160 :
3392 5109 3442 5159 in
3469 5123 3581 5159 mo-

2012 5202 2251 5257 nasterio
2285 5202 2430 5254 velut
2465 5203 2516 5253 in
2553 5201 2754 5254 duritia
2798 5201 3020 5268 lapidis,
3058 5201 3172 5252 l'ore
3220 5216 3338 5253 cum
3371 5200 3584 5252 Christo

2011 5303 2248 5368 sepultas
2272 5314 2287 5350 :
2311 5307 2473 5366 atque
2489 5296 2642 5365 juxta
2663 5299 2936 5350 decretum
2956 5295 3149 5347 summi
3173 5303 3289 5362 post
3313 5292 3583 5347 Christum

2014 5391 2284 5462 pontificis
2305 5389 2470 5454 Petri,
2495 5390 2584 5458 qui
2607 5388 2806 5458 ligandi
2828 5387 3181 5455 solvendique
3213 5395 3353 5438 tenet
3386 5384 3586 5454 princi-

2014 5497 2193 5554 patum
2251 5501 2278 5537 a
2327 5482 2575 5545 Domino,
2615 5481 3109 5536 resuscitandarutn
3149 5479 3200 5531 in
3256 5478 3422 5547 gloria
3463 5492 3585 5532 eum

2015 5575 2234 5628 Christo
2263 5575 2340 5627 sic
2371 5574 2664 5628 devotione
2691 5573 2933 5624 lirtnetur
2963 5579 3198 5621 vestrum
3225 5568 3584 5636 propositum,

2017 5676 2075 5718 ut
2105 5668 2235 5719 lides
2260 5675 2313 5719 ct
2342 5681 2466 5733 spes
2493 5665 2560 5718 sit
2599 5673 2709 5716 tota
2740 5662 2793 5714 in
2830 5660 2962 5713 Deo.
2994 5658 3275 5726 Castigent
3295 5658 3500 5711 animas
3527 5656 3581 5710 in

2022 5758 2328 5811 oltedientia
2357 5756 2642 5810 eltarilatis
2668 5764 2721 5807 et
2740 5751 3117 5813 fraternitatis,
3149 5765 3333 5804 amore
3357 5748 3591 5816 simplici

2020 5861 2073 5904 et
2096 5849 2256 5904 corde
2281 5849 2506 5901 intieem
2544 5863 2599 5899 se
2633 5845 2923 5911 diligentes
2959 5843 3240 5895 attentius.
