3956 6196
364 332 492 401 dif

1320 339 1380 400 S.
1424 338 1863 402 IIIERONYMI
1908 339 2223 401 OPERUM
2266 338 2669 403 MANTISSA.

3521 338 3633 407 tl?

392 430 403 443 ’
441 445 607 513 Nihil,
635 456 694 501 ut
716 455 866 514 puto,
896 445 1135 513 stultius,
1163 444 1296 500 nihil
1332 447 1751 513 intolerabilius,
1779 464 1941 518 quam
1975 466 2021 524 Α
2051 451 2217 507 rebus
2244 450 2498 520 gerendis
2520 449 2902 503 communibus
2933 464 3039 504 non
3065 458 3273 505 tantum
3306 451 3635 509 voluntatem

373 540 696 609 peregrinos
751 548 807 593 et
831 538 1073 592 advenas
1125 540 1422 609 praecipere
1471 540 1683 594 civibus
1740 559 1754 596 :
1808 552 1861 596 et
1894 541 1950 596 in

371 627 491 681 loco
521 643 626 681 non
654 627 817 682 solito
847 640 906 683 se
935 628 1257 683 ostendere‘
1278 631 1606 685 directorem
1629 630 1868 698 itineris,
1896 642 1953 687 et

369 723 435 774 ite
463 719 694 782 semitis,
720 729 773 773 et
807 721 874 775 de
913 721 1211 775 securitate
1244 721 1478 789 itineris,
1508 734 1564 778 et
1593 722 1660 779 de
1686 724 1954 781 brevitate

368 811 602 864 tramitis
622 810 679 881 in
691 819 777 865 xta
802 813 1098 868 voluntatis
1120 814 1331 871 libitum
1351 815 1488 870 velle
1515 816 1734 871 docere.
1792 817 1953 872 Mon-

374 914 655 958 straretur
684 905 885 975 quippe
920 916 1226 974 portentum
1249 909 1655 978 navigatoribus
1703 925 1718 963 :
1767 918 1821 964 et
1856 925 1955 980 pro

367 1006 517 1048 certo
583 1010 858 1064 nunquam
899 998 1179 1053 veniretur
1209 1001 1275 1053 ad
1312 1011 1550 1070 portum,
1593 1001 1738 1056 side
1804 1000 1953 1056 dire-

366 1085 552 1140 ctione
580 1096 637 1141 et
661 1088 1053 1156 guberua'ione
1087 1091 1307 1163 navigii,
1335 1094 1644 1163 quicunque
1664 1094 1955 1161 remigator

368 1179 649 1234 ordinaret
677 1183 745 1236 ad
778 1192 988 1237 votum.
1016 1182 1134 1236 Non
1169 1183 1387 1247 civitas,
1419 1174 1804 1251 nou-regnum,
1843 1202 1950 1241 non

372 1270 598 1324 tninitna
633 1272 963 1328 domuncula
1004 1277 1093 1327 diu
1131 1287 1379 1331 maneret
1408 1278 1462 1330 in
1515 1291 1638 1331 rure
1669 1291 1685 1333 :
1718 1277 1763 1332 si
1796 1279 1952 1349 cujus

366 1361 632 1417 voluntati
662 1374 967 1434 pareretur,
999 1365 1238 1423 deesset.

437 1451 670 1522 Propter
718 1455 865 1525 quod
914 1458 1032 1525 ipse
1084 1473 1220 1528 papa
1275 1457 1489 1525 Petrus,
1534 1460 1630 1532 qui
1678 1461 1953 1533 religionis

365 1545 687 1609 apostolicae
711 1549 878 1601 vitam
912 1550 1127 1603 volebat
1151 1552 1445 1617 instruere,
1471 1556 1612 1608 sicut
1637 1567 1666 1607 ι
1693 1556 1950 1624 magistro

302 1642 313 1657 ·
369 1635 694 1695 didicerat:
752 1647 811 1692 ιιι
861 1640 1038 1707 magis
1079 1641 1417 1711 intelligatur
1471 1644 1710 1714 qualiter
1770 1646 1950 1700 anima

365 1730 663 1799 castigetur
728 1730 779 1785 in
811 1734 1123 1789 obedientia
1155 1736 1443 1792 cbaritatis
1502 1749 1557 1792 et
1588 1739 1951 1796 fraternitatis

2054 543 2307 612 exquiras
2336 552 2390 596 et
2430 551 2615 597 teneas
2645 558 2660 595 :
2698 541 2800 595 nisi
2830 541 3003 607 tnajor
3033 556 3159 610 pars
3181 542 3546 598 discretarum
3576 546 3637 599 ll-

2057 628 2252 684 liarutn
2280 632 2331 685 id
2364 631 2643 687 communi
2679 638 2803 683 Volo
2827 628 3120 686 collaudet.
3152 630 3525 699 Superbarnm
3558 634 3640 687 in-

2056 735 2513 792 sensatarumque
2556 706 2816 777 mentium
2846 733 2951 787 est,
2990 740 3088 777 suo
3119 731 3325 777 tantum
3358 724 3434 778 uti
3456 726 3639 779 consi-

2060 814 2154 869 lio.
2175 813 2293 868 Non
2322 814 2576 868 audiatur
2597 815 2917 883 cujusquam
2942 813 3192 868 voluntas
3218 814 3318 867 sub
3349 815 3638 870 Verborum

2058 917 2336 958 murmure
2386 913 2443 958 et
2486 902 2608 959 loco
2649 900 3021 971 abscondito;
3068 904 3162 957 sed
3215 902 3394 973 palam
3425 907 3642 961 cunctis

2055 996 2427 1067 prtesentibus
2479 1011 2604 1052 cum
2631 982 2799 1051 omni'
2828 994 3097 1052 charitate
3147 994 3313 1050 liceat
3345 995 3527 1053 dicere
3580 1010 3637 1054 et

2056 1090 2274 1143 audire.
3436 1102 3459 1113 ‘

2128 1179 2184 1235 Si
2214 1181 2498 1248 conceptoi
2534 1181 2756 1250 proprio
2799 1171 2974 1250 major
3021 1195 3147 1252 pars
3193 1194 3445 1235 sororum
3476 1178 3641 1236 dissi-

2057 1272 2172 1338 det,
2244 1289 2352 1352 non
2380 1274 2512 1327 velis
2541 1274 2656 1328 sola
2686 1275 2940 1329 omnibus
2969 1275 3262 1331 contraire.
3288 1273 3347 1328 In
3379 1289 3635 1329 exercen-

2057 1364 2142 1420 dis
2174 1364 2343 1430 furor,
2378 1365 2590 1429 odium,
2658 1365 2883 1430 invidia,
2941 1380 3036 1420 seu
3071 1364 3275 1420 derisio
3304 1366 3383 1419 sic
3422 1365 3641 1433 penitus

2056 1457 2321 1521 discedat,
2370 1469 2427 1511 ut
2458 1473 2562 1511 non
2589 1455 2689 1510 nisi
2723 1473 2848 1527 pax,
2881 1457 3143 1518 charitas,
3173 1471 3348 1522 amor,
3366 1466 3422 1510 et
3450 1456 3621 1509 alter-

2057 1560 2241 1605 utrum
2297 1548 2638 1618 supportatio
2666 1556 3030 1617 cognoscatur
3062 1565 3078 1602 :
3110 1560 3382 1617 quatenus
3428 1545 3639 1601 ﬂendo-

2054 1657 2172 1699 rum
2202 1642 2350 1697 solus
2381 1640 2619 1710 Spiritus
2651 1651 2878 1697 sanctus
2909 1651 3101 1696 auctor
3125 1640 3350 1695 meliora
3380 1638 3637 1709 inspiret.

2052 1730 2172 1787 Non
2201 1734 2276 1787 sit
2302 1733 2442 1787 inter
2478 1748 2572 1786 vos
2606 1748 2745 1803 quas
2769 1732 3011 1787 charitas
3035 1730 3195 1785 simul
3228 1730 3366 1795 unit,
3400 1730 3635 1783 fontina-

364 1835 579 1885 amore,
622 1824 845 1892 exponit
876 1827 1120 1894 apertius
1152 1844 1168 1882 :
1207 1826 1423 1892 Omnes,
1460 1829 1655 1899 inquit,
1685 1831 1945 1900 Itonoriﬁ-
1982 1819 2020 1877 Β
2053 1826 2120 1880 lis
2148 1824 2395 1894 qutedam
2440 1824 2634 1879 abusio
2673 1838 2691 1880 :
2725 1833 2786 1877 ut
2818 1823 3060 1891 undique
3087 1822 3376 1876 cachinnis
3401 1830 3458 1874 et
3490 1820 3638 1875 voci-

362 1921 499 1973 mte.
526 1914 918 1979 fraternitatem
949 1917 1173 1988 diligite,
1214 1918 1382 1974 Deum
1420 1921 1617 1984 timete,
1643 1939 1813 1994 regem
1843 1923 1942 1979 lto-

367 2004 670 2073 noriﬁcate.
722 2005 789 2060 Et
849 2024 916 2062 nc
946 2011 1316 2065 excusationis
1364 2012 1667 2083 arripiatnr
1704 2026 1942 2080 scutum,

364 2094 465 2148 sub
490 2096 797 2164 particulari
825 2098 1044 2152 nomine
1070 2103 1478 2171 prmeminentis
1508 2103 1814 2174 dignitatis,
1845 2121 1942 2173 ge-

361 2184 622 2239 neraliter
669 2188 833 2240 iul’ert
880 2191 1187 2245 omnibus:
1237 2190 1412 2258 Serui,
1462 2193 1686 2255 subditi.
1740 2194 1941 2264 inquit,

362 2286 523 2330 estote
557 2279 775 2332 inomni
799 2281 994 2334 timore
1013 2282 1259 2337 demittis.
1297 2283 1364 2341 Et
1405 2300 1471 2339 ne
1510 2286 1714 2354 prwlati
1750 2289 1804 2339 in
1837 2302 1945 2340 me-

365 2369 513 2422 tltutn
538 2371 863 2439 perducatur
898 2384 1158 2442 pl‘thld‘3,
1190 2392 1310 2445 quae
1335 2378 1661 2449 plerumque
1709 2380 1944 2433 subditis

365 2469 579 2525 prtestat
603 2477 820 2515 ρειιιδτιιιι
852 2465 1027 2533 magni
1064 2481 1228 2520 casus
1261 2482 1276 2520 :
1304 2465 1429 2522 Non
1456 2477 1688 2534 tantum,
1743 2469 1940 2537 inquit,

359 2552 513 2606 boni:
536 2562 582 2604 et
611 2554 880 2616 modestis,
908 2564 997 2608 sed
1029 2559 1191 2611 etiam
1224 2558 1683 2627 dyscolisﬂerutn
1709 2577 1775 2613 ne
1805 2560 1944 2619 forte

367 2643 612 2693 videatur
667 2658 831 2708 prave
886 2646 1138 2698 humanm
1172 2650 1433 2703 voluntati
1466 2666 1525 2704 se
1569 2653 1860 2717 abttcgarr,
1889 2663 1945 2705 et

362 2746 585 2783 crucem
627 2733 813 2786 tollere
843 2749 858 2802 ;
891 2738 1212 2792 obetlit-ntite
1242 2741 1491 2805 pr0ponit
1528 2744 1803 2801 meritum.
1836 2759 1943 2810 qno

361 2822 538 2875 munis
573 2824 1013 2881 labordu'cescat
1035 2828 1195 2881 etiu'n
1221 2833 1420 2898 gravis.
1453 2831 1603 2896 llaec,
1636 2835 1828 2901 inquit.
1864 2842 1938 2885 est

354 2914 597 2991 gratia“
624 2915 768 2972 Petr.
788 2934 846 2985 tt,
871 2919 1072 2990 I7-l9).
1101 2920 1146 2974 Ο
1174 2919 1298 2975 I'clix
1332 2924 1688 2977 ctabuudans
1744 2923 1938 2990 gratia!

362 3007 419 3067 In
450 3008 762 3063 obrdicutia
789 3028 1000 3066 summa
1023 3012 1279 3069 virtutum
1306 3014 1491 3070 clausa
1518 3027 1619 3070 cst.
1648 3014 1783 3068 Nam
1814 3017 1945 3070 sitn-

362 3097 486 3161 |lici
517 3114 708 3171 gressu
768 3102 1044 3158 hominem
1086 3105 1236 3159 ducit
1275 3108 1342 3160 ad
1388 3107 1666 3161 Christum
1705 3123 1719 3159 :
1761 3119 1941 3160 etnon

360 3189 536 3243 solum
560 3205 716 3244 meus
746 3204 1041 3247 exrttsatur
1066 3197 1130 3251 ad
1169 3196 1496 3251 reddendam
1544 3198 1652 3250 Iteo
1683 3198 1949 3253 rationem

365 3284 428 3333 de
459 3282 716 3347 subditis,
787 3290 877 3337 sed
913 3302 1009 3340 nec
1044 3290 1206 3341 etiam
1239 3290 1514 3358 obligatur
1545 3290 1770 3342 reddere
1802 3290 1868 3342 de
1893 3306 1953 3343 se

362 3365 499 3437 ipsa.
531 3374 803 3428 Osutntna
828 3378 1075 3440 libertas,
1099 3396 1201 3448 qua
1229 3381 1450 3433 obtenta
1474 3378 1560 3434 vix
1593 3379 1764 3449 possit
1790 3379 1952 3435 homo

364 3480 592 3534 peccare
634 3470 649 3523 t

971 3541 1198 3598 CAPUT
1242 3542 1357 3598 ιἰι.

782 3633 860 3689 De
908 3638 1155 3706 regimine
1190 3639 1500 3694 abbatisaa’.

436 3744 669 3802 Attende
691 3746 996 3819 diligenter,
1035 3752 1105 3805 tni
1140 3754 1358 3809 domina
1392 3757 1720 3812 charissima
1754 3760 1948 3816 Eusto-

363 3840 568 3907 rhitun,
586 3858 746 3913 quam
781 3845 960 3913 gravis
979 3847 1276 3916 imponitur
1293 3852 1504 3905 sarcina
1527 3829 1774 3908 timueris
1805 3857 1951 3911 tuis:

366 3951 488 3995 qua:
508 3939 574 3991 tle
599 3937 934 3992 subtlitarutn
964 3940 1274 4008 animabus,
1301 3944 1366 3997 de
1387 3962 1638 4015 corpore,
1662 3948 1729 4001 de
1751 3949 1954 4014 verhi~,

369 4030 433 4078 de
458 4029 699 4083 moribus
721 4030 984 4101 obligaris
1013 4034 1153 4100 apud
1180 4035 1420 4088 divinttm
1465 4053 1694 4094 examen
1732 4042 1956 4096 reddere

373 4123 660 4174 rationem.
683 4122 851 4186 Cave,
889 4139 1099 4191 quaeso,
1129 4141 1197 4180 ne
1227 4126 1294 4180 de
1323 4135 1375 4182 te
1408 4131 1573 4183 etiam
1606 4131 1740 4186 levis
1770 4136 1955 4203 suSpi-

370 4211 457 4262 rio
490 4210 542 4262 in
576 4210 721 4263 malo
743 4214 911 4280 possit
940 4214 1112 4267 oriri:
1149 4230 1217 4270 ne
1252 4215 1711 4289 dispergas.quas
1738 4225 1959 4279 conaris

370 4299 623 4354 educere.
663 4299 756 4354 Sir.
791 4304 1067 4369 ordinata,
1102 4305 1182 4359 sic
1218 4307 1414 4361 rationi
1448 4310 1747 4366 conlorntia
1801 4330 1957 4368 nian-

369 4390 497 4443 data
523 4392 812 4448 sororibus
831 4395 1101 4463 proferas,
1127 4407 1184 4451 ut
1218 4399 1387 4453 etiam
1423 4401 1737 4469 depravatae
1767 4419 1959 4474 super-

2048 1919 2152 1973 bus
2200 1932 2296 1970 aer
2334 1924 2573 1979 resonet,
2607 1926 2662 1969 et
2693 1916 3026 1970 audientium
3064 1929 3227 1970 aures
3257 1929 3366 1983 prae
3400 1916 3634 1983 strepitu

2050 2016 2353 2062 terreantur
2378 2022 2396 2065 ι
2422 2007 2514 2061 sed
2536 2020 2658 2059 cum
2690 2006 2834 2059 omni
2869 2007 3129 2060 modestia
3157 2012 3386 2069 stantes,
3412 2020 3516 2058 una
3538 2004 3639 2058 to»

2047 2110 2268 2171 quente,
2299 2109 2505 2153 caetera:
2536 2098 2750 2157 sileant.
2784 2095 2893 2150 Nec
2920 2096 3095 2155 altera
3116 2097 3340 2151 alterum
3370 2110 3437 2149 ex
3461 2093 3636 2149 avidi-

2051 2202 2161 2247 tate
2198 2192 2454 2261 loquendi
2488 2190 2875 2259 iuterrumpat,
2908 2199 2962 2243 et
2984 2190 3218 2259 praebeat
3250 2186 3635 2258 impedimenta

2047 2283 2272 2340 dicenti.

2630 2395 2861 2452 CAPUT
2912 2392 3051 2449 VIII.

2118 2511 2197 2567 De
2232 2511 2519 2566 reverentia
2562 2522 2611 2566 et
2663 2511 2986 2579 subjectioue
3032 2524 3159 2578 erga
3202 2507 3557 2563 abbatissam.

2120 2651 2349 2721 Propter
2396 2652 2540 2721 quod
2580 2651 2789 2717 hortor,
2826 2666 3018 2704 moneo
3043 2657 3097 2704 et
3128 2666 3226 2703 oro
3256 2666 3376 2711 vos.
3414 2650 3632 2704 charis-

2047 2746 2199 2799 sima!
2231 2754 2286 2798 et
2339 2743 2712 2798 dilectissintas
2757 2743 2903 2802 lilite.
2936 2757 3057 2810 quae
3097 2740 3207 2808 jam
3245 2749 3469 2794 mortuae
3502 2741 3637 2794 estis

2045 2849 2100 2892 et
2125 2837 2348 2906 sepulta:
2383 2853 2505 2888 rum
2538 2834 2759 2889 Christo
2798 2850 2960 2904 :qttte
2981 2834 3095 2903 jam
3124 2847 3290 2888 carne
3323 2842 3632 2900 contempta

2046 2942 2167 2979 cum
2193 2926 2311 2995 ejus
2344 2926 2537 2995 gloria,
2581 2928 2800 2995 cognito
2830 2926 2972 2994 quod
3003 2931 3172 2979 cumis
3199 2940 3326 2976 caro
3358 2922 3561 2990 fenum,
3582 2924 3636 2975 ει

2047 3018 2160 3087 ejus
2192 3016 2363 3085 gloria
2392 3017 2491 3086 ﬂos
2525 3018 2631 3089 {cui
2668 3015 2807 3082 (ιω.
2837 3032 2925 3081 xL,
2949 3016 3029 3086 6),
3076 3020 3141 3068 ad
3177 3014 3469 3068 novitatem
3509 3014 3635 3067 vitae

2051 3108 2276 3176 Spizttus
2307 3108 2440 3162 emis
2491 3122 2694 3162 renatae
2725 3125 2740 3163 :
2777 3125 2882 3161 non
2931 3124 2995 3161 ex
3035 3105 3372 3175 t-0rt'uptibili
3402 3106 3635 3166 semine,

2054 3201 2147 3253 sed
2180 3200 2602 3268 incorruptibili,
2641 3217 2736 3269 per
2767 3200 2990 3254 verbum
3032 3197 3122 3252 Dei
3154 3200 3385 3251 viventis
3411 3208 3463 3250 et
3505 3213 3635 3267 per-

2057 3293 2326 3346 tnaucntis
2383 3292 2435 3345 in
2486 3303 2800 3347 a‘let‘ltllttl:
2859 3300 2914 3344 ut
2952 3300 3207 3358 tanquam
3255 3284 3561 3358 peregrinae
3580 3297 3635 3342 et

2054 3386 2276 3439 advena:
2307 3386 2629 3439 abstineatis
2668 3400 2760 3438 vos
2796 3386 2864 3437 ab
2891 3387 3146 3439 onmibns
3187 3370 3473 3437 desideriis
3509 3397 3635 3435 car-

2055 3477 2294 3544 nalibus,
2328 3492 2450 3546 qua:
2484 3477 2720 3531 militant
2750 3479 3013 3531 adversus
3043 3474 3280 3528 animam
3302 3491 3318 3528 :
3339 3472 3636 3541 subjicien-

2058 3580 2138 3622 tcs
2170 3586 2265 3622 vos
2297 3571 2348 3622 itt
2390 3569 2535 3623 ornni
2573 3567 2880 3623 obe.lientia
2907 3576 2960 3621 et
2987 3568 3204 3626 timore.
3237 3573 3294 3619 et
3330 3564 3635 3621 reverentia

2057 3663 2359 3731 praeposita:
2392 3661 2550 3714 matri
2581 3671 2804 3714 vestrae:
2834 3670 2893 3713 ut
2917 3658 3027 3727 jam
3058 3659 3281 3713 omnino
3316 3657 3455 3712 nihil
3486 3656 3633 3711 aliud

2018 3808 2022 3812 Α
2057 3757 2193 3808 velle
2228 3755 2308 3808 vel
2359 3754 2500 3808 nolle
2536 3753 2696 3806 abcui
2727 3752 2905 3815 liceat,
2941 3751 3047 3805 nisi
3080 3765 3198 3818 qua:
3227 3746 3501 3803 abbatissa
3536 3751 3634 3801 tto-

2059 3864 2178 3900 tuus
2233 3846 2580 3900 mandaverit
2631 3844 2921 3900 facienda:
2962 3844 3097 3898 nihil
3148 3858 3334 3912 grave,
3367 3840 3499 3895 nihil
3536 3841 3637 3893 itu-

2059 3940 2323 4009 pottabile
2354 3939 2624 3999 videatur,
2656 3939 2699 3990 si
2731 3936 2886 4007 jussu
2912 3939 3147 4008 propria:
3194 3951 3301 3991 non
3334 3935 3635 3989 concordet

2060 4033 2347 4087 voluntati.
2392 4030 2528 4082 Vere
2558 4031 2844 4095 obediens,
2878 4040 2932 4084 et
2967 4032 3059 4099 qui
3091 4046 3189 4098 pro
3221 4026 3444 4083 Christo
3475 4020 3629 4080 caret

2058 4126 2204 4177 οιιιιιὶ
2242 4126 2471 4178 arbitrio
2517 4123 2829 4186 voluntatis,
2872 4123 3005 4177 nihil
3044 4122 3193 4176 novit
3220 4120 3459 4182 diliicile,
3486 4118 3623 4173 nihil

2062 4216 2343 4286 ittjustttttt.

2131 4308 2478 4375 Mementote,
2521 4309 2881 4371 charissitme,
2915 4308 3172 4376 quoniam
3207 4304 3427 4361 Christo
3448 4304 3503 4358 in
3546 4319 3638 4357 ve-

2062 4408 2190 4455 stite
2246 4401 2520 4469 religionis
2568 4402 2839 4472 ingressu,
2873 4400 3156 4454 diutisistis
3180 4412 3395 4452 omnem
3422 4396 3633 4451 volentli

372 4493 561 4554 tiaeque
597 4495 809 4543 tuentes
845 4489 1160 4545 animentur
1209 4492 1275 4545 ad
1334 4493 1660 4549 obedientite
1709 4497 1951 4552 semitas.

2063 4499 2116 4540 et
2154 4490 2367 4542 nolcttdi
2401 4491 2698 4554 lit-entiam,
2738 4493 2838 4544 nisi
2878 4505 2996 4563 qua:
3045 4489 3163 4557 ejus
3207 4490 3353 4544 vices
3386 4497 3639 4558 gerentes

373 4579 463 4641 δίο
493 4578 689 4645 dulcis,
732 4578 810 4634 sic
845 4581 993 4637 mitis
1030 4584 1100 4637 sit
1140 4599 1344 4651 sermo,
1379 4596 1437 4639 ut
1462 4587 1679 4642 duritiae
1718 4586 1957 4641 lurorem

370 4686 479 4738 non
522 4673 767 4735 suscitet,
804 4674 898 4728 sed
928 4674 1145 4744 frangat
1177 4688 1452 4735 exortum.
1497 4681 1585 4734 Sic
1612 4696 1739 4751 erga
1778 4680 1960 4735 inobo-

368 4765 584 4821 ilientes
621 4763 794 4821 virilis
831 4778 887 4820 et
935 4781 1196 4824 consmus
1247 4771 1318 4824 sit
1365 4771 1605 4838 animus,
1668 4782 1728 4826 ut
1783 4775 1961 4829 omnis

370 4855 651 4913 muliebris
676 4858 928 4912 mollities
973 4860 1221 4915 discedat
1253 4877 1284 4916 e
1315 4862 1516 4918 medio.

447 4946 782 5005 Excidantur
804 4951 857 5006 in
882 4964 1036 5008 ortus
1061 4957 1360 5023 primordio
1392 4973 1607 5028 vepres,
1637 4972 1704 5013 ne
1732 4959 1958 5011 nimium

368 5056 771 5108 rxrrcsceutes.
827 5049 1077 5116 germina
1136 5052 1406 5104 seminum
1463 5051 1750 5104 sull'ocent.
1812 5049 1957 5107 Nihil

371 5134 574 5204 quippe
605 5136 655 5189 in
697 5148 908 5193 rectore
942 5140 1302 5206 periculosius
1332 5152 1440 5205 est,
1486 5158 1647 5209 quant
1684 5158 1817 5196 vana
1852 5143 1957 5196 hu-

374 5227 659 5282 lltlltlllsati
679 5231 1073 5285 correctionem
1115 5247 1241 5302 erga
1274 5234 1540 5302 superbos
1567 5244 1961 5302 protervosque

374 5318 639 5374 subditos.
674 5321 1022 5393 Singularum
1059 5339 1306 5378 sororum
1344 5325 1651 5379 voluntates
1677 5324 1730 5378 itt
1760 5339 1816 5378 re
1850 5323 1960 5378 dil-

377 5409 503 5463 ticili
536 5414 924 5476 pertractanda
948 5430 1163 5482 semper
1205 5416 1360 5469 avide
1383 5416 1574 5468 audias
1608 5430 1621 5468 :
1651 5430 1753 5470 nec
1778 5426 1957 5469 tamen

375 5503 748 5572 mjttscuttqtte
808 5505 1069 5558 mluntati
1128 5506 1403 5560 innitaris.
1455 5503 1851 5560 Verumtamen
1911 5506 1958 5560 si

396 5592 693 5663 quidquam
762 5596 891 5650 utile
943 5598 1220 5663 prodatur,
1268 5614 1372 5651 non
1401 5603 1710 5652 atteudatur
1730 5615 1959 5666 persona

380 5697 500 5746 qua:
521 5684 760 5748 protulit.
805 5684 979 5755 Elegit
1015 5689 1152 5739 enim
1216 5686 1353 5741 Deus
1388 5690 1603 5753 infirma
1637 5690 1820 5741 mundi
1860 5699 1958 5750 ;ut

383 5770 545 5838 {at-tia
565 5788 781 5842 qua'que
803 5778 1089 5846 Cottfttttdul
1112 5777 1159 5845 ιι
1185 5777 1310 5832 Cor.
1337 5795 1376 5836 ι.
1403 5780 1518 5845 ‘27).
1541 5780 1711 5832 'l’uatn
1740 5794 1873 5831 Vero
1907 5782 1959 5831 in

2061 4580 2384 4634 ordinarent
2405 4579 2472 4630 de.
2501 4582 2676 4633 vobis.
2704 4579 2953 4633 Obcditis
2985 4581 3133 4633 enim
3169 4578 3390 4633 Christo
3435 4576 3639 4631 ﬁrmis-

2062 4672 2221 4735 sime,
2257 4687 2383 4726 cum
2419 4674 2718 4740 praeposita:
2757 4672 2915 4725 matri
2971 4672 3124 4727 vobis
3160 4685 3349 4738 parere
3382 4668 3640 4724 studctis.

2060 4765 2212 4817 Tunc
2235 4765 2381 4817 enim
2407 4781 2607 4833 sponso
2623 4764 2865 4828 Christo,
2889 4764 2973 4818 cui
3001 4764 3345 4833 desponsata:
3365 4764 3526 4817 tldetn
3556 4772 3643 4817 to-

2064 4866 2175 4910 tam
2208 4858 2432 4910 vovistis
2461 4876 2476 4911 :
2508 4867 2704 4924 praeter
2745 4874 2907 4926 quem
2941 4856 3143 4911 nullum
3170 4855 3309 4909 ultra
3337 4864 3639 4908 amatorem

2061 4949 2349 5005 admittere
2378 4950 2427 5003 in
2451 4951 2863 5019 disponsatione
2884 4951 3138 5017 iurastis:
3164 4948 3337 5019 magis
3364 4949 3641 5018 placentes

2061 5041 2212 5105 estis,
2244 5041 2511 5111 citiusque
2537 5044 2820 5096 moremini
2850 5044 2972 5098 duci
3005 5043 3069 5094 ad
3091 5043 3412 5107 thalamum,
3443 5053 3640 5095 utcuru

2060 5135 2210 5188 omni
2233 5135 2570 5202 jucmnlitate
2593 5134 2846 5192 dulcibus
2870 5137 3210 5205 amplexibus
3236 5136 3637 5205 astringamini,

2062 5242 2183 5280 cum
2221 5228 2339 5292 ejus
2373 5228 2692 5283 studueritis
2740 5226 2792 5281 itt
2852 5230 3053 5283 vicaria
3110 5245 3302 5298 parere
3344 5228 3636 5283 mandatis.

2066 5315 2266 5370 \ticarii
2292 5318 2435 5370 enim
2462 5318 2636 5372 honor
2660 5320 2925 5373 redundat
2958 5320 3012 5373 in
3040 5320 3227 5375 Deum.
3262 5316 3521 5387 Sicjuhet
3553 5320 3635 5373 lex

2059 5409 2318 5480 conjugii,
2359 5419 2415 5464 ut
2437 5426 2638 5479 Sponsa
2672 5414 2781 5464 sub
2813 5412 2926 5481 lege
2951 5415 3022 5465 sit
3051 5410 3262 5480 sponsi.
3284 5410 3635 5466 Emolamini

2061 5518 2279 5571 semper
2308 5504 2472 5567 .inter
2524 5520 2622 5560 vos
2674 5506 2774 5559 hac
2809 5505 2902 5560 Dei
2958 5507 3303 5559 inundatione
3344 5523 3357 5559 :
3392 5504 3635 5561 Certatim

2059 5595 2360 5649 adinvicrnt
2413 5598 2588 5650 altera
2620 5608 2849 5651 conetur
2877 5603 3141 5652 excedere
3172 5599 3393 5651 alteram
3424 5596 3478 5649 in
3512 5596 3636 5650 obc-

2061 5687 2290 5742 dicntia.
2322 5687 2437 5742 Non
2468 5691 2634 5760 igitur
2666 5701 2751 5744 est
2776 5694 3185 5752 monasterium,
3229 5707 3335 5745 ttou
3371 5688 3632 5757 religiosi,

2061 5795 2168 5832 non
2194 5781 2463 5844 monachi,
2492 5782 2579 5835 ubi
2600 5782 2831 5835 subditis
2851 5782 3155 5837 obedientia
3183 5782 3331 5837 deest
3357 5796 3483 5851 erga
3511 5792 3634 5849 pra:-
