3934 6188
224 357 329 422 413

1363 349 1677 410 REGULA
1723 347 2301 411 MONAGHARUM.

3381 346 3486 410 414

225 472 415 523 latum.
436 461 799 521 Destructioni
820 475 896 518 est
915 477 1114 539 corpus
1137 461 1470 533 expositum,
1494 478 1615 517 cum
1642 473 1809 516 mem-
1836 469 1881 524 Α
1915 460 2270 515 fundamento
2314 459 2573 514 virttttum
2621 456 2883 528 quidquid
2914 456 3238 523 adiﬁcalnr,
3275 466 3358 511 est
3389 450 3527 511 va-'

219 565 321 619 bra
349 559 668 618 discordant
692 574 723 613 a
759 557 958 628 capite.

852 707 1087 769 CAPUT
1123 710 1216 766 lx.

225 832 304 887 De
346 828 675 889 correctione
724 824 961 897 facienda
994 831 1043 877 et
1070 822 1306 897 generali
1336 822 1674 879 accusatione
1698 820 1803 874 cri-

650 894 851 950 minum
891 896 948 949 in
985 908 1133 948 sequ
1182 894 1347 962 feria.

288 1014 626 1075 Contuntax,
661 1016 1089 1078 praesnmptnosa
1136 1021 1200 1061 ac
1229 1006 1461 1071 superba
1500 1005 1715 1067 mulier,
1751 1006 1805 1060 in

218 1112 417 1158 sancto
457 1109 642 1154 vestro
681 1099 981 1163 conSnrtio,
1004 1112 1126 1166 qua
1148 1097 1473 1166 dedignatur
1508 1110 1635 1150 esse
1666 1099 1801 1151 sult-

209 1198 392 1266 jpcta,
428 1210 495 1249 ac
549 1195 664 1249 suis
692 1191 883 1248 litibus
916 1202 971 1246 et
999 1190 1193 1262 iurgiis
1246 1188 1566 1244 scandalum
1602 1186 1809 1258 praebet

217 1287 397 1358 quieti
428 1300 708 1344 sororum.
744 1295 795 1337 et
819 1282 901 1337 eis
926 1281 1317 1338 inobedientite
1343 1279 1684 1335 demonstrat
1715 1295 1807 1333 ex-

215 1379 489 1449 emplum,
512 1376 701 1432 arduis
721 1376 1041 1443 crebrisque
1068 1374 1290 1444 jejnniis
1328 1375 1651 1445 castigetttr,
1687 1389 1807 1428 cum

219 1470 441 1527 resistit
481 1466 758 1523 mandatis
800 1466 1095 1537 impositis.
1141 1465 1200 1520 Si
1243 1465 1449 1536 icjnnia
1504 1482 1611 1521 non
1645 1468 1811 1520 casti-

220 1571 359 1635 gant
393 1561 735 1632 superbiam,
778 1560 1065 1615 edometur
1086 1559 1430 1626 verberibus,
1471 1558 1811 1613 contumeliis

220 1667 279 1711 et
336 1656 600 1727 gravibus
630 1652 940 1722 disciplinis
971 1667 988 1706 :
1024 1660 1082 1705 ut
1109 1652 1221 1723 jam
1257 1653 1430 1706 discat
1458 1667 1582 1707 cum
1630 1651 1807 1706 Petro.

224 1747 377 1815 quod
414 1745 521 1799 nisi
554 1742 800 1811 praelato,
838 1742 948 1797 into
980 1742 1200 1798 Chrislo
1235 1743 1287 1796 in
1325 1759 1392 1798 eo
1425 1742 1664 1805 obediat.
1688 1759 1812 1811 par-

224 1846 339 1891 tem
368 1850 493 1889 cum
518 1833 738 1889 Christo
768 1833 821 1887 in
859 1848 1026 1900 regno
1055 1832 1255 1888 Christi
1287 1843 1342 1887 et
1376 1833 1467 1887 Dei
1499 1849 1605 1888 non
1641 1833 1780 1888 habe
1842 1824 1884 1881 Β

226 1930 313 1981 bit
362 1943 721 1997 :quanquatn
757 1928 1007 1996 imposita
1062 1927 1350 1979 videantur
1394 1937 1677 1991 extranea,
1710 1941 1813 1985 nec

223 2035 471 2074 consona
503 2020 723 2074 rationi.
756 2018 863 2073 Sed
896 2021 939 2073 si
974 2034 1074 2073 nec
1127 2016 1387 2073 indomita
1421 2018 1667 2088 superbia
1700 2029 1809 2071 stn-

224 2114 406 2166 dnerit
427 2113 673 2180 obedire,
705 2127 826 2166 cum
879 2114 1139 2181 apostatis
1190 2111 1399 2181 angelis
1456 2111 1811 2182 ettpellatur:

226 2219 352 2274 qua:
382 2215 594 2273 partem
630 2220 734 2257 non
768 2204 993 2259 habebit
1027 2204 1083 2259 in
1114 2219 1308 2273 regno.

299 2295 345 2351 Ο
370 2297 561 2352 infelix
587 2297 843 2368 superbia
878 2298 1023 2360 vitze,
1061 2309 1120 2351 ut
1156 2313 1254 2366 pro
1286 2294 1578 2365 implendis
1660 2297 1812 2350 volu-

226 2388 476 2456 ptatibus
515 2390 716 2455 carnis,
772 2389 1048 2443 renuntiet
1102 2388 1404 2443 lnereditati
1452 2389 1597 2455 coeli,
1649 2403 1812 2461 quam

231 2481 411 2536 luerat
436 2491 754 2537 assecutum
777 2497 870 2551 per
892 2480 1192 2538 Christum.
1220 2480 1471 2535 Nondum
1502 2481 1611 2535 Deo
1648 2480 1812 2536 vivit:

232 2574 474 2627 nondum
509 2574 787 2643 religionis
823 2576 1071 2629 semitam
1117 2572 1434 2644 Christique
1482 2572 1695 2644 nuptias
1728 2581 1813 2625 at-

232 2668 372 2734 tigil,
404 2682 528 2736 quae
559 2682 665 2721 non
701 2666 934 2722 emcilur
957 2668 1030 2721 ita
1062 2666 1293 2730 simplex
1322 2676 1372 2721 et
1402 2682 1555 2736 pura,
1577 2677 1632 2720 Ill.
1661 2664 1816 2736 qttid~

230 2759 357 2827 quid
385 2759 492 2814 sibi
523 2760 840 2813 mandatum
867 2759 1030 2813 fuerit
1056 2775 1159 2830 per
1182 2765 1524 2830 praepositam
1561 2770 1813 2823 matrem,

229 2854 482 2921 angelico
510 2864 666 2923 putet
687 2869 781 2908 ore
821 2853 1229 2907 transmissum.
1269 2851 1428 2907 Tunc
1475 2867 1816 2922 ttttaqanue

229 2945 452 3000 caeteris
496 2961 557 3000 se
609 2948 905 3001 beatiorem
932 2944 1234 3011 exiStimct,
1269 2961 1391 2999 cum
1437 2945 1488 2998 in
1540 2945 1817 3003 latim-ibus

227 3038 569 3107 praeponitur
603 3038 852 3108 reliquis.

298 3129 423 3186 Non
461 3130 665 3200 pudeat
688 3130 918 3199 singulis
953 3129 1309 3184 hebdomadis
1340 3141 1491 3185 sexta
1524 3130 1681 3195 feria,
1708 3144 1816 3199 quo

227 3225 320 3279 die
367 3223 628 3279 Salvator
666 3223 957 3292 opprobria
999 3234 1054 3279 et
1105 3234 1332 3277 mortem
1362 3240 1460 3292 pro
1496 3223 1716 3277 ltoniine
1746 3223 1813 3276 ab

228 3319 458 3372 homine
487 3316 733 3385 pertulit,
768 3331 1211 3386 unamquamque
1237 3329 1510 3380 sororum,
1544 3330 1696 3369 suam
1734 3315 1814 3369 vi-

230 3419 343 3462 tam
378 3422 571 3465 coram
622 3405 772 3461 omni
829 3419 975 3461 cmtn
1029 3420 1276 3460 sororum
1329 3405 1624 3471 discutere,
1668 3404 1814 3459 etde

226 3498 551 3553 commissis
585 3507 774 3552 contra
801 3505 1072 3568 praecepta
1107 3507 1161 3551 et
1196 3496 1461 3566 regulam,
1498 3511 1558 3550 se
1594 3496 1816 3567 proprio

224 3609 323 3648 ore
358 3592 648 3648 criminari
682 3605 748 3645 ac
777 3590 1117 3660 disciplinam
1150 3591 1375 3653 subire;
1408 3599 1685 3653 quatenus
1717 3588 1817 3643 sti-

223 3686 417 3756 pulata
455 3698 614 3739 mens
646 3681 1025 3753 cogitationis,
1073 3681 1294 3737 stimulo
1325 3680 1692 3736 accusationis
1750 3694 1819 3734 ac

222 3778 557 3840 verborum,
601 3785 793 3829 caveat
823 3775 1132 3845 accusanda
1164 3775 1520 3844 pudendaque
1564 3772 1813 3827 commit-

224 3860 724 3924 tcre.Nectameh
784 3877 1006 3938 propter
1055 3869 1157 3921 hoc
1215 3867 1424 3929 occulta
1485 3867 1815 3939 cogitantina

222 3962 486 4015 carnium
541 3962 864 4029 prodantur,
890 3974 989 4014 nec
1015 3960 1225 4014 occulta
1263 3970 1503 4030 peccata,
1527 3974 1646 4028 qua:
1689 3959 1819 4015 solis

218 4053 436 4108 debent
459 4052 841 4107 sacerdotibus
866 4053 1140 4115 contiteri,
1169 4052 1263 4106 sed
1290 4040 1468 4104 solum
1505 4067 1623 4121 qua:
1677 4066 1817 4119 prte-

222 4146 417 4213 ceptis
464 4144 692 4197 obviant
715 4143 968 4212 publicis,
992 4152 1047 4197 et
1090 4144 1334 4212 exempla
1372 4143 1630 4213 peccandi
1665 4159 1821 4196 surn-

224 4239 393 4291 ribus
423 4235 689 4304 praebent.
723 4234 779 4288 Si
832 4250 960 4290 vero
1011 4234 1094 4291 vel
1130 4246 1341 4288 tumore
1370 4234 1451 4287 vel
1494 4233 1817 4288 verecundia

221 4330 484 4398 seipsant
536 4340 797 4382 accusare
836 4326 1158 4396 neglexerit,
1184 4324 1341 4380 liCrat
1375 4326 1669 4395 unicuique
1697 4340 1821 4394 pro-

221 4417 434 4488 palare
477 4418 587 4471 tale
640 4416 847 4472 crimen
877 4417 1129 4480 alterius,
1166 4428 1224 4470 ttt
1263 4402 1575 4471 nullatenus
1610 4419 1821 4471 radices

1912 568 2038 605 num
2076 569 2095 606 :
2125 560 2337 607 vestras
2365 560 2576 606 mentes
2608 551 2861 615 doceant,
2900 559 2954 603 et
2995 551 3189 607 crebra
3221 551 3482 605 memoria

1911 654 2226 700 sanctorum
2274 652 2549 711 gestorum
2587 644 2711 698 vitae
2750 637 3071 713 religionem’
3113 642 3389 697 instruant
3429 651 3485 696 et

1910 730 2187 792 virtutem.
2232 739 2367 792 Dum
2401 737 2566 807 igitur
2602 751 2700 806 per
2736 750 3044 790 eremornm
3087 742 3243 788 antra
3274 744 3480 804 septem

1912 822 2071 885 an'nis
2118 839 2340 884 sanctos
2389 827 2583 883 Patres
2633 828 2915 897 degentes,
2959 826 3160 880 ibidem
3212 825 3264 879 in
3321 826 3485 880 terris

1902 914 2057 974 velut
2099 921 2151 974 itt
2200 921 2353 975 caelis
2395 919 2618 991 angelos
2668 918 2990 974 assistentes
3033 917 3253 997 assiduo
3296 916 3484 972 labore

1912 1012 2147 1077 itineris,
2177 1012 2470 1081 arduisque
2509 1010 2721 1065 vivendi
2754 1010 3131 1073 incommodis,
3165 1008 3483 1079 ueterisque

1911 1101 2222 1158 innumeris
2268 1102 2674 1157 calamitatibus
2709 1103 3043 1172 peragrando
3072 1101 3350 1155 visitnrcm
3381 1102 3488 1155 :de

1910 1210 2138 1265 quorum
2172 1195 2281 1248 vita
2316 1196 2670 1263 moribusque
2707 1194 2978 1258 mirificis,
3011 1210 3131 1262 quae
3177 1193 3483 1246 luculenter

1912 1287 2030 1356 ipse
2059 1286 2332 1356 perspexi,
2375 1285 2616 1339 libellum
2653 1284 2920 1354 compegi,
2965 1285 3056 1353 qui
3103 1283 3259 1339 vobis
3305 1286 3375 1339 sit
3424 1295 3482 1336 ιιι

1912 1377 2137 1442 lucerna
2179 1376 2234 1431 in
2273 1375 2602 1431 candelabro
2642 1376 2707 1429 ad
2754 1376 3160 1429 meditationem
3208 1375 3485 1442 religionis

1913 1482 1966 1525 et
1988 1460 2131 1523 vitae.
2159 1468 2301 1523 Nihil
2323 1470 2396 1522 ita
2432 1469 2682 1531 charum,
2712 1467 2784 1522 ita
2809 1466 3107 1521 studiosum
3132 1468 3487 1537 appetebatur

1914 1578 1942 1615 a
1983 1563 2287 1626 monachis,
2320 1575 2482 1635 quam
2519 1563 2663 1633 quod
2696 1561 2750 1617 in
2785 1562 2864 1616 eis
2901 1559 2994 1631 qui
3027 1561 3266 1632 iuberet,
3303 1573 3487 1630 posset

1916 1655 2166 1710 inveniri.

1985 1744 2234 1802 Profecto
2267 1763 2371 1803 non
2405 1759 2614 1803 taceam
2649 1757 2854 1806 tantam
2882 1748 3229 1812 eltaritatem,
3256 1756 3490 1802 tantam-

1915 1852 2021 1906 que
2052 1838 2433 1899 humilitatem,
2477 1856 2637 1910 quam
2683 1852 2887 1895 sancta:
2920 1843 3026 1897 illa:
3064 1853 3276 1897 mentes
3314 1843 3488 1897 habe-

1917 1932 2044 1983 bant
2079 1949 2094 1985 :
2129 1942 2187 1984 ut
2220 1932 2333 1985 lnec
2358 1946 2612 1996 cernens,
2643 1935 2819 1986 omnis
2855 1932 3063 1988 laboris
3092 1942 3146 1988 et
3178 1936 3488 2004 gravedinis

1915 2022 2118 2076 oblitus
2148 2023 2379 2087 itineris,
2411 2039 2627 2089 eremos
2659 2025 2906 2078 humanre
2946 2034 3153 2080 natura:
3189 2035 3300 2081 tam
3330 2028 3482 2081 detev

1915 2112 2136 2166 stabiles
2165 2123 2219 2167 et
2245 2113 2511 2183 ingratas.
2539 2116 2592 2168 itt
2620 2116 2900 2185 paradisos
2930 2126 3175 2185 putarem
3206 2134 3342 2188 pene
3360 2134 3489 2173 cott-

1916 2219 2122 2259 Vet'sas.
2143 2204 2336 2265 Mirum
2364 2207 2574 2269 auditu,
2604 2208 2698 2263 sed
2732 2208 2857 2262 felix
2883 2211 3104 2265 obtentu
3127 2212 3240 2265 :sic
3267 2224 3490 2266 sancto-

1919 2312 2037 2351 rum
2082 2297 2361 2350 hominum
2406 2296 2570 2355 corda
2612 2300 2852 2355 Charitas
2903 2302 3388 2357 transformaverat
3437 2306 3488 2357 in

1916 2397 2196 2443 creaturas
2221 2388 2460 2454 tleillcus,
2488 2400 2544 2443 ut
2575 2406 2704 2445 caro
2727 2406 2863 2459 pene
2888 2402 3039 2446 esset
3075 2392 3257 2446 nescia
3285 2395 3490 2447 carnis.

1919 2484 2068 2537 lucet
2099 2497 2191 2549 per
2217 2479 2484 2536 Joannem
2514 2480 2752 2550 dicatur,
2817 2483 2961 2552 quod
3004 2485 3266 2554 quidquid
3302 2494 3388 2539 est
3436 2485 3489 2539 in

1918 2571 2146 2635 mundo,
2180 2583 2274 2625 aut
2310 2581 2395 2625 est
2424 2574 2865 2642 concupiscentia
2897 2575 3204 2639 oculorum,
3233 2585 3327 2628 ant
3362 2589 3492 2629 con-

1917 2666 2248 2729 cupiscentia
2285 2666 2501 2735 carnis,
2530 2676 2623 2719 aut
2653 2667 2911 2734 superbia
2956 2668 3079 2721 vita:
3111 2664 3162 2738 (1
3199 2665 3366 2720 Joan.
3407 2669 3491 2735 tt).

1919 2757 2050 2810 Nam
2086 2759 2166 2813 sic
2195 2757 2464 2827 simplicia
2497 2768 2551 2817 ct
2592 2759 2814 2813 humilia
2852 2760 3040 2824 corda,
3070 2760 3396 2815 obedientiaz
3436 2770 3489 2815 et

1920 2853 2246 2909 humilitatis
2275 2851 2654 2907 innitebantur
2679 2850 2947 2920 vestigiis,
2974 2858 3033 2907 ut
3054 2850 3208 2917 quasi
3238 2866 3491 2916 quorum-

1919 2946 2040 2997 ιΙ.ιιιι
2073 2943 2520 3014 philosophorum
2556 2943 2838 2998 videretur
2872 2943 2925 2997 in
2959 2945 3037 2998 eis
3073 2940 3343 2997 verificari
3376 2943 3495 3011 opi-

1923 3038 2014 3090 nio
2049 3054 2063 3091 :
2096 3035 2188 3105 qui
2218 3050 2380 3088 unam
2412 3045 2617 3103 ponttnt
2653 3035 2706 3089 in
2741 3033 3054 3089 hominibus
3084 3033 3350 3087 universis
3376 3049 3496 3087 ant-

1844 3154 1889 3216 ρ
1923 3143 2063 3181 mam
2103 3127 2295 3182 solam.
2334 3126 2471 3181 Nam
2507 3126 2731 3181 ablmtes
2773 3135 2827 3180 et
2868 3135 3052 3196 patres
3094 3125 3229 3180 nihil
3264 3126 3488 3180 omnino

1922 3221 2058 3274 velle
2091 3220 2361 3282 Sciebant,
2401 3219 2503 3272 ιιὶκί
2547 3219 2680 3271 illud
2715 3219 2858 3287 quod
2902 3219 3103 3272 subditi
3143 3233 3157 3273 :
3191 3228 3244 3273 et
3288 3217 3487 3271 subditi

1922 3324 2079 3367 antea
2153 3312 2491 3368 conabantur
2557 3311 2706 3382 jussu
2778 3312 3026 3381 implere,
3081 3328 3243 3380 quam
3310 3308 3491 3363 forent

1921 3409 2166 3471 emissa;
2216 3404 2537 3472 quihusdam
2586 3402 2859 3460 quomodo
2912 3402 3126 3454 indiciis
3178 3401 3492 3453 nitebantur

1924 3501 2252 3571 prophetare
2284 3499 2350 3551 de
2384 3500 2659 3551 voluntate
2700 3497 3029 3549 mandantis.

2519 3587 2748 3647 CAPUT
2798 3587 2888 3642 XI.

2235 3684 2308 3738 De
2343 3684 2574 3738 vanitate
2604 3683 2839 3736 scientia:
2869 3680 3176 3733 mundialis.

1995 3777 2040 3831 Ο
2086 3786 2272 3831 sancta
2310 3775 2555 3838 fatuitas,
2600 3788 2723 3840 quae
2786 3780 2944 3824 natos
3003 3771 3070 3821 ad
3133 3767 3349 3822 labores
3402 3767 3499 3820 huc

1927 3871 2103 3923 mines
2140 3869 2193 3922 in
2233 3868 2456 3932 mundo,
2516 3865 2745 3918 mereris
2773 3860 3129 3915 transvehere
3172 3862 3237 3912 ad
3264 3860 3495 3928 gl0ri.tttt

1926 3970 2144 4028 ereptos
2196 3958 2264 4012 de
2331 3953 2542 4026 pmttis!
2628 3951 2746 4006 Non
2831 3951 2973 4003 hanc
3045 3949 3348 4002 latuitatem
3404 3950 3500 4001 du,

1927 4069 1956 4107 c
1983 4052 2224 4110 issitnatn
2267 4050 2494 4104 Athenis
2528 4046 2682 4100 Pluto
2719 4042 2928 4105 didicit.
2984 4057 3092 4095 non
3140 4041 3492 4105 Aristoteles,

1929 4162 2033 4200 non
2072 4149 2444 4213 Attaxcgoras,
2485 4154 2590 4192 non
2626 4146 2949 4192 ctelerurnm
2978 4134 3269 4188 stultorum
3306 4135 3499 4199 mundi

1927 4236 2253 4304 sapientium
2302 4234 2458 4287 turba
2524 4228 2783 4298 percepit.
2830 4226 2945 4281 Non
2992 4240 3140 4281 certe
3188 4226 3354 4279 miser
3400 4241 3502 4294 ego

1929 4327 2287 4397 Hieronymus
2335 4325 2609 4378 fautorum
2657 4320 2987 4390 sapientium
3033 4319 3298 4376 imitator.
3344 4328 3499 4370 aute-

1927 4435 2087 4489 quam
2125 4429 2310 4470 sancta
2347 4413 2570 4469 verbera
2613 4413 2844 4466 luerein.
2895 4409 3219 4479 Quanquam
3258 4418 3315 4461 nt
3349 4422 3502 4464 meas

225 4507 622 4566 inobcdientia
655 4517 710 4563 et
756 4510 1007 4578 superbia
1044 4509 1097 4562 in
1144 4522 1340 4564 sancto
1383 4510 1602 4565 hortulo
1638 4520 1822 4564 vestro
1854 4511 1899 4567 Ι)
1930 4510 2180 4565 miserias
2211 4510 2479 4578 detegant,
2518 4520 2602 4560 mc
2634 4515 2922 4572 antequam
2951 4503 3270 4558 vicesimum
3294 4517 3502 4559 annum

222 4601 519 4673 arripiant
554 4615 661 4653 non
710 4600 1021 4656 evellendus
1051 4602 1118 4655 de
1152 4600 1320 4655 facili.
1356 4598 1551 4655 Verum
1579 4603 1623 4655 si
1665 4602 1824 4671 quip-

224 4692 384 4760 piam
423 4691 584 4761 juxta
614 4689 941 4743 feminarum
985 4690 1228 4752 modum,
1259 4705 1382 4758 qum
1419 4686 1555 4743 nihil
1590 4692 1823 4743 retinere

222 4793 445 4841 norunt
473 4781 879 4844 abseonditum.
912 4781 1020 4834 imo
1053 4792 1180 4835 ante
1203 4781 1533 4849 garrulando
1597 4783 1824 4836 manife—

219 4885 417 4943 stant,
473 4890 640 4946 quam
666 4874 865 4939 sciant,
917 4874 1122 4944 aliquid
1174 4876 1240 4929 de
1293 4876 1376 4928 his
1404 4885 1556 4932 extra
1590 4875 1822 4931 t’CBllObii

219 4971 450 5027 limites
484 4968 807 5038 prodiderit,
847 4967 1047 5022 subeat
1081 4968 1455 5036 gt'avissimam
1492 4981 1730 5029 umnam,
1769 4976 1826 5019 ut

216 5063 489 5120 doctrina
521 5060 736 5116 tacendi
770 5061 1029 5115 doceatur
1061 5061 1113 5113 itt
1150 5078 1331 5129 pteua.

865 5212 1100 5270 CAPUT
1141 5212 1206 5269 Χ.

218 5335 306 5392 De
344 5334 471 5390 vita
514 5330 749 5400 miriﬁca
791 5341 1105 5411 sanctorum
1138 5330 1386 5396 Patrum,
1415 5349 1542 5404 quos
1570 5334 1621 5387 in
1656 5351 1826 5388 emno

520 5432 539 5439 ο
929 5415 1141 5469 reperit.

300 5518 583 5581 Referam
620 5518 777 5574 vobis
806 5520 1053 5589 quaedam
1086 5532 1192 5574 non
1227 5520 1407 5575 minus
1439 5520 1700 5575 imitanda
1732 5536 1829 5591 per

220 5634 450 5691 operat,
502 5628 667 5685 quam
715 5612 987 5668 audienda
1032 5614 1099 5668 de
1139 5614 1415 5683 aliquibus
1471 5616 1831 5671 sanct?ssintis

213 5712 399 5771 siris,
435 5715 500 5761 ut
526 5704 798 5760 bonorum
853 5705 1124 5775 exetnpla,
1181 5704 1504 5760 obedientize
1551 5706 1830 5762 humilita-

216 5820 336 5862 tem
379 5819 396 5855 :
443 5813 552 5866 qua
586 5810 833 5863 carcnte,
871 5798 925 5854 itt
956 5797 1169 5854 aedilicii
1198 5799 1500 5870 spiritualis
1531 5810 1827 5867 structura,

1929 4607 2105 4658 atatis
2137 4600 2483 4671 attingerem,
2517 4600 2643 4652 urb
2682 4598 2851 4650 Roma
2886 4597 2939 4650 itt
2972 4612 3245 4649 summum
3280 4596 3507 4667 praeele-

1928 4704 2084 4765 gerat
2126 4694 2443 4762 magismttn
2480 4693 2530 4743 itt
2566 4690 2820 4743 omnibus
2864 4706 3002 4760 pene
3051 4689 3369 4745 liberalibus
3412 4702 3501 4749 ar.-

1930 4791 2092 4841 tibus.
2114 4785 2370 4845 .Nondum
2404 4786 2575 4838 Sancti
2609 4781 2844 4850 Spiritus
2869 4783 3089 4843 scholas
3119 4783 3446 4835 intraverunt
3481 4796 3499 4833 ε

1931 4882 2171 4935 nondum
2215 4877 2512 4945 Ciﬁtfltlitfll§
2555 4875 2843 4945 pervenire
2892 4872 2959 4926 ad
3006 4882 3211 4926 sanctae
3258 4872 3503 4925 veritatis

1931 4980 2173 5040 poterunt
2231 4940 2603 5034 disciplinam.
2656 4961 2773 5017 Non
2827 4964 3153 5027 Academia,
3200 4978 3303 5017 non
3353 4970 3505 5015 certe

1932 5064 2114 5119 Romae
2142 5061 2300 5130 hujus
2330 5060 2504 5113 docta:
2535 5058 2801 5120 fatuitatis
2831 5073 3161 5112 resonavere
3191 5059 3497 5128 gymnasia,

1929 5171 2051 5226 quae
2079 5164 2266 5208 sancta
2301 5154 2494 5206 retinet
2529 5166 2771 5207 oremus.

2004 5247 2202 5302 Verum
2228 5260 2334 5299 non
2370 5245 2490 5299 sine
2522 5243 2708 5298 labore
2737 5242 2974 5298 didicisti
3000 5251 3146 5297 tuam
3179 5241 3508 5310 sapientiam

1932 5341 2159 5402 fatuam,
2190 5337 2345 5399 Plato
2373 5355 2388 5393 :
2415 5353 2577 5407 quem
2611 5335 2844 5392 mundus
2871 5335 3104 5390 retinere
3130 5350 3236 5389 non
3268 5344 3509 5405 poterat,

1935 5434 2120 5489 mundi
2177 5432 2502 5502 sapientiam
2564 5431 2964 5499 insequentem,
3007 5444 3105 5498 per
3162 5428 3502 5485 diversarum

1934 5525 2234 5587 nationum,
2259 5533 2314 5581 et
2340 5523 2604 5594 gentium,
2635 5524 3020 5592 rrgionnmqne
3047 5531 3249 5587 partes,
3275 5518 3504 5573 infinitis

1934 5618 2193 5673 :ermnnis
2234 5616 2643 5685 innntncrisque
2678 5617 3016 5682 peragrando
3055 5612 3355 5669 laboribus.
3393 5612 3503 5669 Nec

1936 5720 2110 5765 tamen
2136 5708 2453 5763 fatuissinne
2478 5706 2757 5776 sapientia:
2782 5706 2968 5770 linem,
2999 5707 3089 5773 qui
3119 5714 3203 5759 est
3230 5721 3504 5759 summum

1936 5802 2160 5865 bonum,
2196 5799 2264 5854 ad
2302 5797 2444 5869 quod
2497 5807 2548 5851 te
2602 5811 2810 5851 natura:
2856 5796 3107 5850 ltlth‘buI
3154 5796 3406 5861 intentio,
3454 5813 3507 5857 tu
