3956 6196
365 449 380 460 .
431 394 536 460 M5

1283 409 1316 420 “
1379 393 1927 474 SJIIERONYMI
1969 396 2290 458 OPEIiUM
2334 397 2735 459 MANTISSA.

3574 395 3697 458 H6

411 504 547 558 0rbe
574 503 832 559 universo
866 502 1108 572 reperire
1132 503 1342 559 scivisti
1375 522 1390 559 :
1423 520 1584 573 quem
1613 506 1788 561 sancti
1827 506 1880 576 hi
1909 521 2000 561 ru-
2028 509 2086 574 Α
2110 506 2263 572 cidit,
2294 505 2522 576 spiritus
2550 506 2792 562 viviﬁcat
2821 523 2836 560 :
2867 515 2915 563 et
2945 506 3088 577 quod
3116 507 3256 565 Dens
3284 508 3445 581 elegit
3472 510 3694 578 abjecta

412 596 535 650 stici
556 596 695 650 hanc
715 591 984 665 fugientes
1018 595 1342 650 invenerunt
1377 595 1428 649 in
1458 597 1660 652 eremis
1691 596 1984 652 latitantes.

412 686 651 739 Attende
685 695 738 738 et
773 694 852 748 ιιι,
887 684 1155 740 l'atuorum
1187 687 1515 754 sapientium
1551 688 1824 758 princeps,
1861 688 1989 742 Ari-

413 777 631 831 stoteles
661 793 677 832 :
703 777 802 831 etsi
838 776 1026 841 fueris,
1062 779 1267 846 absque
1297 777 1654 845 dubitatione,
1685 779 1988 848 prodigium

413 871 722 940 grandcque
755 870 1078 924 miraculum
1110 870 1161 922 in
1204 879 1310 924 tota
1342 881 1536 926 natura
1577 889 1590 926 :
1625 872 1710 926 cui
1744 887 1880 941 pene
1912 871 1992 925 vi-

413 961 570 1014 detur
618 958 878 1022 inl'usum,
913 959 1177 1029 quidquid
1213 961 1537 1015 naturaliter
1568 972 1651 1016 est
1685 977 1854 1031 capax
1887 963 1988 1016 hu-

415 1067 632 1105 manum
674 1067 844 1120 genus
883 1067 902 1104 :
945 1054 1200 1122 quoniam
1241 1054 1504 1122 sapientia
1557 1055 1764 1118 mundi,
1809 1053 1991 1108 stuiti-

417 1145 488 1198 tia
523 1156 597 1201 est
633 1146 776 1212 apud
813 1145 972 1200 Deum
1003 1145 1055 1215 (Ι
1089 1147 1212 1201 Cor.
1247 1163 1330 1211 In,
1376 1149 1488 1216 19),
1521 1148 1564 1202 si
1605 1149 1850 1203 ttharitas
1881 1164 1988 1203 non

412 1235 669 1288 informat
711 1251 726 1290 :
762 1235 806 1289 si
842 1236 1153 1292 intellectus
1191 1253 1296 1291 non
1335 1239 1642 1306 captivatur
1675 1239 1739 1292 ad
1778 1237 1938 1291 ﬁdem
1976 1257 1988 1293 :

410 1328 456 1380 si
489 1343 586 1382 cor
612 1329 676 1380 ad
709 1327 913 1382 Christi
943 1330 1262 1384 servitutem
1299 1343 1404 1382 non
1440 1329 1748 1392 inclinatur,
1775 1329 1864 1398 qui
1894 1327 1991 1384 Ju-

414 1419 544 1472 daeis
578 1426 661 1480 est
701 1418 1038 1485 scandalum,
1075 1418 1300 1487 paganis
1333 1417 1562 1473 stultitia
1609 1436 1623 1473 :
1669 1418 1822 1472 nobis
1862 1432 1990 1472 vero

411 1510 756 1564 credentibus
782 1511 954 1564 honor
977 1519 1030 1564 et
1051 1509 1219 1578 gloria
1261 1526 1273 1563 :
1315 1509 1366 1563 in
1400 1525 1509 1576 quo
1530 1509 1702 1564 solum
1727 1509 1992 1579 gloriatur

413 1601 708 1668 Apostolus
736 1618 748 1654 :
785 1600 892 1666 Qui
922 1603 1208 1672 gloriatur,
1238 1601 1511 1671 inquiens,
1535 1601 1592 1654 iu
1627 1600 1850 1656 Domino
1874 1600 1989 1672 gloo

416 1694 582 1748 rietur
624 1693 674 1764 (I
717 1693 843 1749 Cor.
883 1685 1078 1766 ιίὸί).

1012 1846 1243 1904 CAPUT
1280 1847 1396 1900 ΧΠ.

599 1935 672 1989 De
705 1938 1122 2006 promptitudine
1172 1936 1497 2006 adimplendi
1533 1938 1808 1992 mandata.

487 2045 631 2100 Nihil
660 2047 1050 2114 honorabilius,
1077 2047 1278 2102 nihilve
1296 2048 1609 2116 gloriosius,
1627 2049 1986 2112 charissima,

414 2152 576 2206 quam
611 2138 846 2190 servitus
874 2138 1100 2192 Christi.
1136 2137 1257 2193 Haec
1287 2154 1418 2193 sane
1451 2139 1782 2206 praeferenda
1815 2140 1989 2210 impe-

417 2237 653 2280 ratorum
691 2227 930 2298 fastigio,
963 2230 1076 2284 haec
1108 2229 1354 2298 dignitati
1383 2232 1563 2300 regia,
1597 2232 1711 2286 hzee
1767 2232 1990 2285 cuicun-

415 2334 520 2387 que
543 2319 721 2373 szeculi
751 2320 958 2390 gloriae.
989 2320 1162 2390 Hujus
1194 2321 1478 2375 servitutis
1510 2321 1736 2386 Christi,
1768 2322 1986 2391 quidam

413 2413 557 2465 inter
587 2419 816 2467 αδδιδι-οε
849 2429 990 2482 quos
1021 2414 1130 2468 vidi
1168 2414 1221 2467 iu
1257 2429 1442 2467 eremo
1473 2415 1669 2469 doctus
1694 2430 1760 2469 ex
1796 2430 1990 2469 mona-

415 2505 555 2564 chis,
587 2518 652 2557 ex
677 2502 836 2570 jussu
868 2503 1039 2572 patris
1069 2503 1324 2564 senioris,
1353 2519 1468 2558 sua:
1497 2505 1782 2559 charitatis
1811 2513 1864 2559 et
1890 2506 1989 2560 hu.

415 2595 659 2649 utilitatis
689 2595 925 2650 fructum
957 2598 1180 2665 cupiens
1212 2612 1431 2666 augere,
1467 2607 1521 2652 et
1548 2598 1834 2653 obediendi
1865 2598 1988 2652 aliis

412 2687 700 2756 iuvenibus
760 2687 974 2742 tradere
1032 2703 1300 2755 normam,
1350 2691 1706 2759 pergrandem
1756 2691 1987 2759 lapidem

417 2779 660 2833 humeris
693 2779 973 2832 hominum
1010 2779 1198 2848 procul
1233 2782 1396 2838 dubio
1427 2798 1670 2850 gravem,
1699 2783 1784 2837 bis
1809 2783 1986 2852 quoli-

414 2873 505 2926 bet
528 2872 616 2927 die
639 2888 732 2941 per
759 2873 857 2926 tria
886 2873 1132 2927 milliaria
1157 2876 1404 2944 gestabat
1428 2876 1483 2930 in
1513 2877 1752 2947 scapulis
1785 2894 1796 2930 :
1842 2877 1984 2930 nulla

415 2965 517 3018 alia
552 2964 876 3019 necessitate
918 2977 1160 3030 coactus,
1193 2967 1335 3035 quod
1373 2968 1484 3038 jam
1527 2983 1624 3037 per
1657 2978 1783 3023 octo
1813 2977 1986 3024 annos

415 3058 688 3113 eﬂ‘ecerat.
711 3056 817 3112 Sed
842 3057 884 3112 si
911 3057 1423 3127 lortelquzerebatur
1443 3059 1573 3129 quid
1598 3061 1648 3112 in
1675 3059 1792 3130 ejus
1809 3070 1986 3113 mente

417 3151 730 3204 solvebatur
783 3167 795 3204 :

418 3249 608 3314 menti,
637 3264 756 3317 quae
786 3251 1019 3303 nondum
1052 3250 1118 3302 ad
1147 3250 1306 3320 hujus
1337 3260 1542 3304 sanctae
1570 3249 1836 3302 fatuitatis
1863 3264 1987 3314 per-

417 3342 706 3394 fectionem
733 3343 971 3405 advenit,
1003 3342 1216 3396 videtur
1240 3352 1558 3396 extraneum
1589 3339 1990 3412 puerorumque

419 3435 578 3486 ludus
607 3444 662 3486 et
697 3433 993 3488 otiositatis
1027 3448 1186 3500 Opus.

491 3525 680 3579 Testor
712 3525 880 3580 Deum
916 3525 1057 3594 quod
1106 3527 1235 3579 mihi
1274 3527 1341 3578 ab
1385 3539 1450 3580 eo
1493 3525 1725 3580 sollicite
1760 3541 1990 3595 percun-

419 3617 609 3678 ctanti,
658 3625 804 3670 tanta
840 3617 1161 3686 simplicitas
1200 3629 1252 3672 et
1298 3619 1575 3671 humilitas
1619 3628 1703 3670 est
1753 3630 1990 3686 reperta,

420 3709 564 3779 quod
587 3725 651 3762 ex
679 3715 806 3762 tunc
833 3709 1006 3778 incepi
1036 3711 1234 3763 ducere
1261 3711 1616 3764 monasticam
1645 3709 1832 3761 vitam.
1861 3708 1990 3760 Nam

427 3803 505 3856 sic
539 3803 752 3863 devote,
797 3799 876 3854 sic
929 3797 1262 3863 aﬂeclanter,
1309 3799 1389 3856 sic
1435 3801 1682 3854 hilariter
1722 3800 1992 3854 continuis

425 3893 613 3948 diebus
638 3892 888 3961 explebat
925 3901 1030 3945 tam
1060 3892 1335 3947 insolitum
1369 3909 1530 3961 opus,
1561 3903 1620 3946 ut
1650 3894 1750 3946 sibi
1783 3893 1990 3944 videte-

430 3997 516 4040 tur
543 3996 661 4056 post
683 3983 1040 4052 expletionem
1063 3995 1284 4051 captare
1307 4000 1521 4039 omnem
1545 3985 1793 4052 gloriam.
1851 3983 1989 4050 Quin

430 4082 536 4133 imo
555 4078 608 4132 iu
635 4077 1000 4146 hujus‘operis
1053 4075 1636 4145 fatigatione,minime
1678 4088 1990 4142 contentus,

426 4186 561 4238 pene
599 4169 922 4221 inolestabat
952 4177 1160 4235 patrem
1202 4184 1216 4225 :
1249 4177 1310 4221 ut
1339 4170 1518 4221 medio
1554 4179 1794 4236 tempore
1827 4183 1992 4222 novos

423 4267 707 4320 induceret
746 4263 986 4326 labores,
1029 4269 1084 4316 et
1127 4276 1289 4330 opera
1340 4262 1666 4331 perﬁcienda
1711 4278 1805 4331 per
1844 4277 1989 4316 eum.

421 4359 562 4425 Quid
587 4373 686 4428 ego
714 4372 876 4426 vagor
899 4370 996 4424 per
1021 4354 1232 4424 singula
1249 4357 1274 4406 ἰ
1304 4368 1406 4408 non
1432 4362 1514 4407 est
1537 4371 1672 4421 opus
1697 4370 1988 4426 exponere,

421 4450 677 4520 quidquid
719 4448 773 4501 in
818 4446 1086 4500 similibus
1120 4445 1383 4499 continue
1411 4455 1701 4500 exercetur
1736 4462 1764 4499 a
1805 4463 1991 4500 mona-

2016 1854 2067 1915 Β

847 3163 914 3203 ex
963 3149 1066 3204 hoc
1115 3154 1256 3218 quod
1311 3149 1451 3204 forte
1501 3161 1702 3204 nostrae
1745 3149 2016 3218 superbas

2016 3211 2063 3271 α

2094 608 2152 654 et
2182 596 2419 652 inﬁrma.
2447 597 2602 654 Hanc
2624 613 2768 668 sirpe
2793 599 3037 654 scholam
3067 600 3270 656 intrate
3298 617 3313 657 :
3359 616 3693 672 quocunque

2092 689 2180 744 die
2204 698 2256 743 et
2281 705 2615 760 quacunque
2662 698 2822 747 nocte
2859 705 2926 745 ex
2954 691 3038 746 his
3057 675 3254 746 novam
3285 693 3473 747 discite
3500 691 3696 746 lectio-

2093 795 2240 836 nem.
2268 779 2386 838 Non
2425 781 2619 844 otium,
2652 795 2760 835 non
2796 788 3006 849 torpor,
3037 791 3090 836 et
3119 783 3329 853 ignavia
3364 799 3457 838 vos
3489 785 3553 838 ad
3586 783 3688 840 Dei

2093 874 2317 928 servitia
2359 874 2568 942 tepidas
2601 885 2655 928 et
2687 874 2913 946 frigidas
2938 875 3148 932 reddat.
3176 877 3410 946 Semper
3437 888 3529 933 aut
3560 879 3689 932 olli-

2092 967 2213 1032 eiis,
2241 975 2334 1021 aut
2360 967 2727 1032 orationibus,
2755 977 2851 1023 aut
2883 983 3138 1023 manuum
3162 970 3420 1037 operibus
3448 971 3684 1034 sanctis,

2093 1060 2418 1129 caeterisque
2446 1060 2724 1115 laboribus
2768 1059 3048 1130 fatigatum
3081 1076 3306 1132 corpus,
3337 1062 3580 1132 requiem
3623 1073 3687 1116 et

2092 1149 2563 1213 relocillationem.
2623 1166 2734 1208 non
2775 1152 3105 1220 voluptatem
3142 1152 3410 1222 exquirat.
3446 1151 3551 1207 Sed
3589 1167 3686 1205 ca-

2094 1251 2216 1295 vete
2248 1242 2533 1310 potissimo
2564 1257 2630 1296 ne
2663 1241 2792 1310 quid
2822 1243 3004 1312 aperis
3033 1242 3292 1297 vanitatis
3321 1242 3516 1296 vestris
3545 1257 3675 1294 ver-

2092 1343 2246 1389 setur
2289 1333 2343 1388 in
2384 1333 2636 1390 manibus
2673 1351 2688 1389 :
2737 1335 3048 1389 immundus
3086 1344 3392 1404 reputatur,
3438 1335 3530 1403 qui
3579 1335 3689 1388 im‘

2094 1423 2357 1481 mundum
2391 1426 2690 1496 quidquam
2726 1427 2984 1496 tetigerit,
3019 1426 3102 1480 vel
3145 1426 3520 1481 morticinum.
3559 1424 3682 1478 Non

2092 1514 2350 1568 deaurata
2389 1517 2688 1586 marsupia,
2715 1530 2824 1569 non
2859 1516 3126 1583 cingulas,
3161 1532 3264 1570 non
3292 1516 3458 1570 etiam
3487 1517 3676 1570 chiro-

2096 1603 2306 1666 thecas,
2336 1621 2457 1673 qua:
2482 1607 2662 1661 omnia
2693 1605 2911 1660 lasciva:
2937 1615 2990 1660 et
3021 1607 3270 1675 superba:
3304 1617 3513 1662 mentes
3542 1623 3678 1662 exo-

2092 1703 2266 1763 ptant.
2304 1696 2531 1751 llorreat
2573 1696 2680 1751 Deo
2725 1697 2960 1751 dicatum
3007 1713 3101 1754 cor
3152 1699 3278 1753 talia
3326 1700 3466 1754 scire
3510 1717 3524 1753 :
3581 1702 3681 1753 sed

2094 1796 2188 1841 aut
2214 1787 2356 1843 sacri
2387 1788 2623 1852 codices,
2659 1789 2744 1842 vel
2781 1789 3032 1857 legendo,
3064 1788 3149 1842 vel
3179 1789 3471 1844 scribendo
3502 1807 3678 1862 genua

2093 1886 2343 1947 premant
2387 1893 2404 1932 :
2446 1889 2539 1931 aut
2586 1879 2926 1934 hortulorum
2973 1880 3156 1934 cultus
3194 1892 3531 1948 exerceatur,
3579 1892 3681 1937 aut

2094 1969 2238 2024 aliud
2270 1979 2517 2024 sanctum
2548 1984 2684 2039 Optls
2709 1979 2763 2024 et
2799 1970 2927 2024 utile
2957 1985 2972 2026 :
2999 1981 3047 2022 ut
3077 1985 3143 2026 ex
3177 1970 3510 2024 relaxatione
3537 1986 3678 2038 qna-

2093 2061 2216 2116 dam
2245 2060 2578 2116 ret‘ocillatus
2613 2063 2858 2134 spiritus,
2894 2061 2961 2116 ad
2995 2062 3237 2136 divinum
3274 2065 3526 2118 ardorem
3556 2064 3675 2118 [or-

2095 2154 2206 2209 tius
2243 2155 2594 2211 accendatur.

2163 2243 2488 2300 Sanctorum
2532 2253 2682 2312 gesta
2723 2258 2842 2313 quae
2876 2243 3054 2314 legitis
3099 2254 3282 2298 vestro
3321 2247 3672 2300 accommoda

2093 2335 2368 2403 proposito
2396 2335 2681 2389 imitemini
2714 2351 2730 2392 :
2764 2336 2942 2390 velitis
2976 2337 3176 2390 imitari
3223 2338 3366 2407 quod
3414 2338 3668 2402 laudatis,

2089 2438 2144 2481 et
2173 2426 2322 2494 sequi
2346 2427 2488 2496 quod
2518 2429 2733 2496 cupitis.
2762 2426 3005 2482 Vestram
3035 2429 3175 2482 inter
3208 2438 3396 2498 gentes
3438 2445 3672 2483 conver-

2093 2517 2367 2573 sationem
2394 2517 2589 2571 bonam
2617 2517 2884 2583 habeatis,
2911 2528 2971 2571 ut
2995 2533 3062 2572 ex
3092 2517 3259 2572 odore
3290 2517 3445 2572 {simae
3473 2530 3670 2571 vestre

2090 2607 2426 2670 sanctitatis,
2451 2609 2614 2661 etiam
2649 2607 2914 2660 malorum
2946 2609 3108 2661 corda
3142 2607 3207 2660 ad
3239 2617 3428 2661 sancta
3459 2610 3674 2662 deside-

2091 2696 2170 2750 ria
2207 2707 2545 2752 moveantur.
2576 2695 2641 2750 Et
2667 2697 2719 2751 in
2744 2712 2808 2752 eo
2837 2697 2978 2766 quod
3007 2699 3320 2766 deprauata:
3353 2707 3544 2764 gentes
3573 2699 3671 2751 de-

2093 2797 2333 2843 trectant
2378 2789 2445 2842 de
2487 2790 2637 2844 vobis
2687 2798 2939 2857 tauquam
2987 2787 3052 2842 de
3088 2788 3666 2854 malefactrieibus,ex

2091 2879 2343 2949 Operibus
2376 2881 2572 2934 vestris
2617 2879 2773 2934 bonis
2823 2878 3125 2950 gloriﬁcent
3171 2879 3360 2932 Deum.
3410 2877 3535 2933 Haec
3583 2891 3672 2936 est

2089 2974 2230 3028 enim
2257 2972 2349 3027 Dei
2376 2973 2647 3036 voluntas,
2675 2983 2732 3026 ut
2760 2972 3185 3041 imprudentium
3211 2971 3492 3026 hominum
3521 2973 3674 3043 igno-

2090 3069 2320 3121 rantiam
2351 3067 2730 3122 obmutescere
2761 3066 2996 3123 iaciatis.

2665 3223 2893 3279 CAPUT
2932 3223 3076 3280 XIV.

2377 3317 2450 3370 De
2489 3317 2653 3385 ofﬁcio
2691 3328 2737 3371 et
2776 3326 3032 3383 potestate
3071 3317 3382 3374 abbatissa.

2161 3431 2323 3496 Cave,
2351 3447 2560 3500 quaeso,
2604 3447 2938 3500 quaecunque
2977 3432 3051 3486 sis
3075 3432 3159 3485 illa
3183 3450 3304 3504 qua!
3328 3436 3669 3504 pra‘emines,

2093 3539 2159 3578 ne
2193 3540 2256 3576 ex
2296 3525 2470 3577 oﬂicio
2507 3523 2725 3592 regendi
2764 3524 2997 3578 elevcris
3035 3524 3088 3577 in
3125 3524 3310 3590 altum,
3345 3538 3401 3580 ut
3433 3527 3668 3597 imperes

2093 3619 2304 3680 illicita,
2336 3628 2388 3670 et
2419 3634 2539 3686 quae
2581 3625 2704 3670 sunt
2740 3619 3046 3686 importuna
3078 3618 3156 3670 vel
3198 3619 3586 3687 itnportabilia,
3617 3632 3675 3675 et

2095 3710 2334 3778 inquieta
2375 3710 2634 3771 subiectis
2671 3723 2689 3760 :
2720 3723 2785 3760 ne
2826 3707 2920 3761 tibi
2967 3707 3056 3762 ille
3107 3709 3457 3778 propheticus
3489 3725 3674 3764 seruo

2093 3800 2378 3854 conveniat
2404 3815 2418 3856 :
2448 3800 2586 3865 Quid
2619 3811 2712 3864 est,
2751 3799 2946 3864 Israel,
2991 3803 3130 3870 quod
3163 3802 3215 3860 iu
3252 3811 3392 3854 terra
3427 3801 3670 3854 inimico-

2094 3910 2209 3946 rum
2241 3893 2346 3947 es?
2376 3895 2680 3948 inveteiasti
2715 3894 2766 3945 in
2805 3902 2946 3944 terra
2979 3893 3154 3946 aliena
3187 3909 3204 3946 :
3237 3895 3582 3962 coinquinata
3616 3911 3672 3947 es

2092 4001 2208 4038 cum
2250 3987 2470 4038 mortuis
2516 4001 2534 4037 :
2577 3988 2827 4048 deputata
2869 4000 2920 4037 es
2971 4001 3090 4038 cum
3137 3984 3217 4038 his
3251 3985 3428 4052 quiin
3465 3986 3672 4052 inferno

2095 4078 2258 4132 sunt?
2291 4074 2632 4145 Dereliquisti
2670 4075 2869 4142 fontem
2902 4075 3174 4146 sapientia:
3207 4090 3226 4128 :
3261 4092 3380 4128 nam
3415 4077 3461 4129 si
3498 4078 3551 4128 in
3586 4077 3670 4128 via

2103 4168 2194 4222 Dei
2223 4169 2569 4230 ambitiosus,
2600 4168 2894 4220 Itabitasses
2927 4169 3106 4236 utique
3135 4169 3186 4219 in
3219 4184 3346 4236 pare
3377 4183 3531 4234 super
3561 4181 3669 4220 ter—

2101 4279 2215 4314 ram
2255 4261 2486 4330 (Baruch
2517 4277 2597 4326 ιιι,
2637 4261 2723 4328 10,
2766 4261 2878 4328 15).
2915 4259 3033 4314 Non
3099 4263 3243 4316 enim
3288 4261 3572 4314 ambulant
3616 4261 3667 4313 in

2100 4354 2181 4407 via
2214 4354 2332 4420 Dei,
2361 4355 2452 4422 qui
2498 4353 2552 4407 in
2587 4353 3062 4408 administratione
3095 4353 3396 4423 regiminis,
3433 4352 3672 4405 honores

2097 4456 2149 4500 et
2203 4446 2460 4500 utilitates
2513 4447 2760 4516 pmprias
2812 4455 3134 4515 exposcunt.
3187 4446 3420 4500 Revolve
3473 4445 3674 4513 saepius

421 4544 563 4599 chis.
607 4541 723 4595 Hoc
763 4555 926 4592 unum
960 4539 1100 4607 apud
1135 4553 1324 4592 omnes
1361 4538 1760 4593 observationis
1807 4541 1994 4608 prazci-
2025 4559 2067 4612 ο
2098 4537 2152 4592 in
2185 4542 2381 4593 mentis
2410 4554 2632 4604 arcano,
2665 4547 2718 4592 et
2791 4537 2932 4608 stylo
2982 4537 3162 4591 ferreo
3206 4538 3385 4592 scribe
3427 4537 3480 4589 in
3521 4537 3674 4588 sitire

423 4652 584 4706 puum
615 4643 718 4698 est,
750 4643 805 4688 et
834 4631 1048 4686 celebre
1081 4645 1176 4699 per
1207 4623 1526 4700 Egytiluttt,
1557 4639 1615 4682 ut
1646 4631 1850 4683 nullum
1891 4631 1988 4684 nisi

425 4728 766 4784 obedientem
810 4734 865 4779 et
910 4724 1172 4778 humilem
1219 4722 1284 4776 ad
1337 4737 1528 4776 omnes
1571 4722 1786 4776 labores
1835 4723 1994 4791 perti-

425 4821 648 4876 cicndos
677 4828 730 4871 et
759 4831 923 4885 opera
958 4814 1281 4884 suscipiant.
1321 4812 1603 4879 Quatenus
1631 4813 1834 4868 domita
1865 4827 1994 4865 caro

424 4929 492 4980 ex
524 4909 835 4980 gravedine,
867 4906 1287 4975 cogitationibus
1328 4908 1484 4960 vanis
1527 4915 1581 4961 et
1625 4906 1994 4974 voluptatibus

428 4974 531 5057 rion
567 5011 723 5056 vacet
749 5014 814 5053 es
848 4999 982 5053 Otio.
1008 4997 1262 5053 Teneatis
1293 4998 1624 5061 tinnis-sime,
1651 4999 1794 5065 quod
1818 4998 1996 5052 omnis

425 5093 882 5162 concupiscentiis
908 5100 963 5146 et
1001 5089 1361 5144 immunditia:
1393 5100 1556 5159 atque
1586 5089 1789 5159 peccati
1824 5099 1996 5144 mater

421 5199 507 5243 est
529 5187 802 5242 otiositas.

1007 5249 1238 5308 CAPUT
1277 5250 1419 5306 χιιι.

741 5348 819 5403 De
855 5361 1098 5404 sororum
1135 5343 1374 5414 operibus
1405 5342 1688 5412 faciendis.

503 5463 651 5518 llanc
683 5471 928 5516 sanctam
965 5458 1250 5513 stultitiam
1285 5457 1619 5525 stultamque
1650 5455 1994 5527 sapientiam,

427 5560 675 5629 quotidie
715 5558 768 5611 in
813 5553 1157 5610 monasteriis
1202 5551 1414 5616 discite,
1456 5550 1594 5614 tiliae,
1627 5565 1786 5619 quam
1823 5550 1997 5604 sancti

431 5655 484 5703 in
522 5666 704 5705 eremo
734 5663 831 5704 vos
864 5648 1059 5701 docent
1090 5645 1296 5699 rustici.
1332 5643 1559 5697 Subtilia
1595 5651 1654 5698 et
1689 5643 1794 5695 alta
1836 5643 2000 5695 nolite

430 5755 626 5807 sapere
650 5758 662 5792 :
692 5741 782 5794 sed
809 5737 1054 5808 superbis
1069 5746 1123 5792 et
1145 5735 1364 5791 tumidis
1387 5736 1579 5791 saeculi
1602 5749 1663 5789 ca
1689 5735 1996 5802 relinquite,

437 5841 500 5887 ut
531 5841 646 5900 post
676 5841 954 5898 peractum
986 5829 1252 5900 incipiant
1279 5843 1504 5886 noscere
1533 5830 1676 5898 quod
1703 5827 1877 5882 littera
1905 5843 1997 5880 oe-

2095 4630 2299 4693 cordis,
2335 4630 2463 4700 quid
2502 4629 2788 4692 Dominus,
2831 4628 2994 4698 cujus
3040 4631 3184 4683 vices
3215 4630 3361 4698 geris
3393 4630 3458 4681 ad
3485 4630 3672 4681 subdi-

2097 4730 2200 4785 tas,
2227 4721 2622 4775 contendentes
2649 4719 2924 4788 apostolos
2954 4720 3077 4788 quis
3108 4720 3277 4786 major
3303 4729 3447 4773 esset
3479 4735 3671 4773 eorum

2095 4813 2434 4876 instruxerit,
2463 4813 2709 4878 sequenti
2741 4811 2827 4865 die
2856 4826 3168 4864 recessurus
3192 4811 3261 4864 ab
3293 4810 3372 4864 eis
3408 4826 3422 4862 :
3451 4819 3508 4863 et
3538 4809 3582 4862 si
3619 4811 3673 4861 in

2095 4904 2470 4973 superioribus
2501 4903 2728 4965 dictum,
2779 4912 2955 4957 tamen
2990 4903 3186 4957 iterum
3230 4910 3507 4954 narratmn
3557 4901 3672 4952 for-

2098 4995 2204 5050 tius
2235 5006 2478 5050 teneatur
2514 4996 2566 5046 in
2598 4993 2762 5047 corde
2793 5005 2807 5045 :
2853 4991 3009 5062 Reges
3041 4992 3288 5062 gentium]
3324 4990 3674 5043 dominantur

2097 5103 2276 5140 eorum
2309 5103 2328 5140 :
2351 5095 2398 5140 et
2427 5087 2514 5155 qui
2538 5095 2849 5154 potestatem
2879 5084 3068 5138 habent
3093 5101 3250 5148 super
3273 5083 3418 5146 illos,
3448 5086 3670 5150 beneﬁci

2098 5189 2375 5233 vocantur.
2411 5176 2514 5230 Vos
2538 5187 2714 5230 autent
2746 5193 2846 5229 non
2878 5176 2974 5239 sic,
2999 5177 3088 5229 sed
3113 5177 3208 5243 [iat
3231 5177 3362 5227 sicut
3389 5176 3560 5227 minor
3585 5179 3672 5242 qui

2099 5282 2175 5327 est
2209 5273 2380 5342 major
2409 5274 2462 5326 in
2492 5273 2634 5326 vobis
2663 5287 2683 5326 :
2707 5281 2754 5326 et
2779 5273 2846 5324 sit
2874 5285 3160 5340 pra’cessor
3179 5269 3315 5324 sicut
3345 5269 3671 5322 ministratur

2099 5364 2253 5434 (Luc.
2286 5381 2422 5430 χχιι,
2451 5365 2540 5430 25,
2573 5363 2682 5430 26).

2176 5458 2334 5512 Disce
2368 5459 2537 5527 igitur
2573 5472 2600 5510 a
2642 5457 2900 5528 magistro
2931 5455 3162 5512 oliicium
3195 5455 3340 5524 quod
3369 5453 3465 5508 tibi
3500 5453 3672 5522 iniun-

2101 5551 2266 5620 gitur,
2314 5565 2380 5605 ne
2425 5559 2518 5602 tuo
2564 5550 2849 5612 vicariatu,
2893 5549 3177 5618 potestatis
3217 5547 3428 5600 traditae
3473 5546 3672 5597 limites

2101 5645 2350 5696 excedas.
2382 5639 2496 5694 Non
2531 5640 2786 5695 edicieris
2808 5650 2957 5694 certe
2985 5639 3225 5703 domina,
3250 5637 3345 5692 sed
3372 5637 3615 5690 ministra
3655 5654 3670 5688 :

2103 5748 2240 5784 unus
2268 5741 2353 5786 est
2387 5732 2530 5786 enim
2569 5732 2845 5786 Dominus.
2883 5732 2946 5786 Et
2978 5731 3021 5785 si
3055 5730 3146 5785 tibi
3192 5730 3417 5798 reliqua:
3455 5743 3675 5782 δοται-εδ

2105 5834 2163 5877 ιιι
2185 5823 2390 5879 Christi
2425 5824 2876 5879 administratrici
2903 5835 2955 5877 et
2979 5821 3195 5878 vicariae
3215 5820 3511 5878 obedittnt:
3548 5833 3676 5874 oru-
