3934 6188
185 306 298 370 4Π
1358 302 1668 364 REGULA

1733 297 2310 361 MONACIIARUM.

3360 295 3466 359 418

184 427 368 486 pterea
396 430 501 469 nou
531 424 608 469 est
643 414 840 468 tradita
869 412 963 467 tibi
997 421 1262 482 potestas,
1286 420 1344 465 ut
1375 412 1520 466 inter
1547 424 1767 464 sorores
1800 427 1839 479 Α
1873 409 2175 464 ascendere
2220 410 2497 480 juvenem,
2555 419 2609 464 et
2658 417 2851 479 quater
2915 423 3012 479 per
3054 417 3286 479 quatuor
3327 407 3462 462 disci

186 517 237 560 et
268 506 412 558 tilias
453 507 596 560 hanc
622 505 826 568 eleves,
861 503 1003 558 hanc
1040 518 1165 558 vero
1195 504 1476 572 deprimes
1502 501 1648 557 sicut
1682 517 1778 555 ve-

179 599 274 653 lis.
313 596 424 652 Sed
454 600 581 667 quid
620 599 713 652 tibi
751 597 1075 666 injungatur
1106 597 1174 651 ab
1205 597 1522 650 institutore
1551 592 1776 663 regimi-

184 693 293 757 nis,
328 693 618 762 diligenter
647 692 938 760 investiga.
969 690 1170 743 Herum
1201 688 1350 743 enim
1381 688 1630 741 omnium
1660 697 1778 738 mo-

183 785 444 848 nasterii,
474 795 531 840 et
562 781 1175 838 sororumesollicitudo
1199 781 1253 835 in
1292 777 1778 835 administratione

179 889 236 931 et
273 877 620 947 providentia
660 877 756 930 tibi
800 875 1034 928 traditur
1075 889 1092 928 :
1145 882 1204 926 ut
1247 873 1358 942 jam
1401 871 1618 926 caeteris
1653 873 1778 924 dor-

183 971 506 1034 mientibus,
548 980 600 1024 te
636 969 833 1023 doceat
871 976 1062 1022 noctes
1099 967 1326 1021 crebras
1360 967 1642 1018 insomnes
1675 962 1777 1015 du-

179 1080 314 1118 cere
349 1082 362 1118 :
407 1071 463 1119 et
498 1078 685 1118 senem
711 1060 950 1131 junioris
980 1060 1223 1112 animum
1260 1072 1498 1118 sumere,
1539 1069 1638 1123 pro
1669 1052 1778 1106 uti-

181 1159 330 1212 libus
361 1169 418 1210 ct
450 1156 777 1210 necessariis
809 1153 994 1206 domui
1038 1151 1414 1220 providendis.
1449 1150 1637 1216 Itaque
1671 1162 1776 1200 non

182 1261 400 1302 tantum
435 1249 531 1302 tibi
568 1251 763 1309 honor,
793 1255 1061 1313 quantum
1095 1256 1236 1296 onus
1267 1239 1590 1308 imponitur.
1629 1236 1692 1288 Et
1731 1235 1774 1289 si

181 1342 262 1392 sic
296 1340 495 1393 ieceris
519 1338 664 1392 sicut
694 1337 874 1398 decet,
905 1332 1192 1404 praemium
1229 1331 1399 1384 multo
1434 1327 1612 1397 majus
1647 1342 1783 1380 con-

183 1434 462 1501 sequeris.

784 1494 1014 1552 CAPUT
1050 1493 1170 1548 XV.

381 1593 460 1646 De
494 1590 728 1661 pericqu
760 1589 1178 1658 prweminentia:
1211 1595 1258 1639 et
1295 1586 1588 1656 dignitatis.

259 1710 377 1764 Non
413 1708 534 1772 tibi,
565 1707 817 1769 obsecro,
851 1703 1148 1757 blandiaris
1190 1703 1257 1756 de
1290 1701 1503 1755 Domini
1555 1700 1775 1769 pietate,

189 1799 282 1866 qui
321 1807 434 1849 tam
480 1797 572 1847 diu
607 1802 924 1860 peccatores
960 1791 1395 1845 misericorditer
1443 1789 1676 1844 sustinet
1727 1789 1779 1842 in
1812 1766 1856 1828 Β

191 1892 455 1960 peccatis.
489 1888 557 1942 Et
583 1888 628 1941 si
657 1887 912 1939 diuturna
941 1892 1028 1938 est
1056 1882 1421 1952 exspectatio,
1463 1899 1569 1935 non
1603 1882 1782 1936 minus

209 1982 560 2038 [ortuitlanda
614 1990 697 2034 est
744 1977 1010 2041 vindicta,
1063 1993 1184 2045 qua:
1242 1983 1395 2028 tanto
1441 1975 1630 2029 durior
1676 1983 1782 2038 est,

193 2090 406 2149 quanto
457 2076 679 2146 longius
734 2082 950 2142 tempus
1000 2076 1055 2127 in
1108 2071 1436 2126 sustinendo
1481 2069 1782 2138 praecessit.

195 2173 494 2240 Pmpterea
533 2173 578 2223 si
621 2183 785 2223 secus
813 2180 981 2234 quam
1031 2165 1202 2218 debes
1235 2165 1438 2232 egeris,
1481 2161 1783 2230 periculum

197 2278 540 2333 expavescas
569 2279 585 2316 :
619 2275 718 2316 nee
744 2259 866 2313 ideo
894 2259 1097 2318 minus.
1127 2258 1168 2310 si
1192 2258 1376 2310 statim
1406 2254 1648 2307 divinum
1676 2269 1785 2308 non

200 2358 454 2411 incurras
492 2353 782 2424 judicium.
819 2349 1086 2404 Dominus
1130 2347 1273 2400 enim
1312 2360 1438 2398 tuus
1466 2345 1558 2412 qui
1591 2344 1706 2397 suis
1737 2353 1787 2397 te

198 2453 386 2504 ovibus
429 2445 974 2509 administratricem,
1009 2450 1061 2496 et
1093 2441 1146 2494 in
1179 2455 1280 2494 sua
1312 2451 1361 2491 te
1389 2436 1569 2507 posuit
1607 2436 1785 2500 vinea,

201 2553 294 2597 ate
317 2543 439 2595 vult
462 2544 528 2594 de
551 2538 782 2608 singulis
805 2537 970 2590 etiam
993 2531 1229 2588 occultis
1254 2531 1472 2598 exigere
1495 2529 1785 2581 rationem.

205 2635 263 2688 Et
299 2634 348 2688 si
379 2633 514 2702 quid
543 2646 667 2683 eum
699 2627 1131 2687 delraudavcris,
1162 2634 1289 2676 tunc
1327 2620 1545 2675 diabolo
1577 2634 1787 2672 venun-

203 2729 376 2779 datam
413 2726 467 2778 in
503 2737 724 2779 carcere
757 2718 1050 2772 exterioris
1087 2716 1286 2770 inferni
1329 2714 1456 2781 poni
1499 2722 1549 2765 te
1579 2711 1738 2783 jubet
1770 2728 1784 2764 :

205 2821 286 2871 ubi
317 2818 484 2871 ﬂetus
527 2821 612 2867 est
654 2821 914 2869 internus.
948 2818 1004 2862 et
1034 2807 1236 2862 stridor
1264 2805 1504 2856 dentium
1541 2816 1555 2857 ζ
1594 2812 1652 2854 ut
1697 2817 1792 2854 ex-

206 2916 471 2980 primatur
496 2910 550 2963 in
581 2909 666 2960 his
689 2903 948 2974 quidquid
984 2901 1191 2955 doloris
1211 2907 1265 2951 et
1294 2911 1465 2964 pinna:
1490 2894 1788 2961 exeogitari

205 3015 400 3074 potest,
423 3014 713 3072 quousque
733 2997 971 3051 debitum
998 2996 1310 3045 universum
1333 2988 1658 3041 reddideris.
1683 2985 1790 3040 Sed

1879 502 2047 554 latera
2099 502 2355 570 supinum
2414 507 2699 556 revolvere
2761 503 3115 570 semetipsum
3168 514 3339 569 usque
3400 502 3463 553 ad

1878 594 2070 649 horam
2108 609 2270 650 casus
2303 611 2317 649 :
2354 595 2546 664 sicque
2596 611 2727 651 casu
2793 597 3135 658 imminente,
3196 594 3241 648 si
3292 593 3465 648 altera

1879 687 2196 741 succederet
2244 686 2536 753 revolutio,
2593 687 2870 741 mandavit
2910 695 2966 738 ut
2997 695 3150 740 extra
3181 686 3473 740 summita-

1881 784 1986 828 tem
2022 775 2183 840 disci,
2217 776 2396 830 adhuc
2421 791 2478 831 se
2513 777 2757 832 volveret
2783 778 3004 831 iterato.
3025 775 3124 830 Cui
3150 791 3273 830 cum
3299 789 3472 844 nepos

1877 880 1939 920 se
1971 882 2077 920 non
2109 881 2268 935 posse
2327 882 2393 921 ex
2431 869 2628 924 timore
2678 883 2841 923 casus
2889 868 3273 938 responderet,
3325 867 3470 921 illico

1881 973 2005 1013 eum
2069 959 2200 1014 fecit
2257 960 2596 1014 descendere
2639 976 2654 1013 :
2690 969 2745 1015 et
2799 975 2895 1028 per
2956 960 3247 1028 quamdam
3306 959 3468 1012 latam

1881 1051 2164 1121 planitiem
2201 1052 2408 1107 diutius
2439 1053 2704 1107 volutare.
2741 1052 2992 1121 Cumque
3024 1067 3089 1105 ex
3119 1051 3470 1105 multitudine

1880 1144 2276 1198 volutationum
2320 1144 2566 1213 utrisque
2603 1143 2882 1199 fastidium
2942 1145 3185 1199 eveniret
3221 1158 3236 1199 :
3277 1143 3471 1213 Surge,

1885 1236 2060 1304 inquit
2111 1251 2308 1296 senex,
2357 1246 2412 1290 et
2445 1252 2608 1305 perge
2659 1251 2767 1304 quo
2801 1237 2920 1302 vis;
2968 1235 3132 1289 facito
3185 1235 3326 1304 quod
3375 1235 3471 1288 tibi

1884 1328 2134 1382 securius
2206 1327 2467 1380 cernitur.
2525 1327 2853 1394 Dedignatus
2927 1340 3162 1395 namque
3217 1326 3471 1393 juvenis,

1883 1415 2189 1479 abscessit;
2215 1426 2267 1469 et
2290 1417 2446 1469 alteri
2473 1425 2662 1470 Sancto
2687 1417 2824 1479 seni,
2856 1416 3033 1484 patrui
3060 1415 3473 1469 deliramentum

1883 1517 2105 1576 putans,
2140 1507 2341 1561 factum
2381 1506 2599 1568 retulit;
2639 1522 2666 1558 a
2695 1521 2800 1574 quo
2837 1507 2903 1560 de
2939 1505 3181 1572 periculo
3214 1506 3473 1574 praecini-

1885 1601 2084 1653 nentia:
2124 1601 2372 1661 edoctus,
2405 1599 2660 1653 electioni
2722 1598 3079 1664 renuntiavit,
3145 1607 3202 1652 ut
3266 1605 3476 1652 teneret

1885 1693 2029 1759 quod
2060 1702 2144 1745 est
2176 1701 2376 1744 tutum.
2412 1690 2513 1756 Qui
2551 1701 2674 1758 post
2711 1692 3011 1760 modicum,
3065 1690 3204 1745 felici
3236 1691 3384 1744 obitu
3409 1703 3477 1744 ex

1886 1783 2088 1837 saeculo
2126 1782 2337 1846 exiens,
2372 1783 2560 1837 hilaris
2587 1793 2640 1836 et
2661 1784 2934 1851 jucundus
2969 1783 3224 1852 apparuit
3255 1792 3474 1852 patruo.

1887 1872 2124 1937 Gratias,
2177 1873 2376 1940 inquit,
2420 1884 2599 1940 pater,
2655 1871 2750 1925 tibi
2811 1871 2988 1926 refero
3035 1887 3100 1926 ex
3135 1871 3478 1925 dissuasione

1886 1966 2260 2034 episcopatus.
2302 1963 2436 2018 Nam
2479 1964 2616 2018 scito
2657 1964 2784 2032 quia
2829 1979 2973 2017 nunc
3031 1977 3209 2018 essem
3266 1965 3330 2015 de
3375 1977 3478 2014 nu-

1889 2073 2039 2111 mero
2068 2056 2474 2120 damnatorum,
2503 2055 2548 2110 si
2585 2055 2810 2109 fuissem
2836 2056 2900 2108 de
2928 2069 3160 2109 numero
3185 2055 3476 2123 episcopo-

1890 2163 2030 2203 rum.

2480 2217 2714 2273 CAPUT
2751 2218 2893 2272 XVI.

2170 2311 2248 2366 De
2275 2310 2460 2366 ordine
2489 2313 2544 2366 in
2576 2314 2820 2381 operibus
2849 2312 3156 2367 abbatissae.

1963 2449 2089 2504 Haec
2127 2449 2354 2513 idcirco,
2386 2466 2505 2505 mea
2548 2451 2768 2505 domina
2812 2449 3191 2514 Eustochium,
3221 2450 3479 2514 dixerim,

1890 2554 1951 2599 ut
1989 2547 2244 2598 advertas
2268 2554 2475 2614 quanto
2507 2544 2585 2599 sis
2619 2545 2867 2613 exposita
2905 2543 3170 2613 periculo,
3199 2555 3250 2598 et
3278 2553 3478 2612 quanta

1895 2648 1946 2692 te
1983 2646 2233 2706 oporteat
2266 2639 2317 2691 in
2360 2630 2561 2692 via’Dei
2589 2637 2878 2706 prudentia
2937 2636 3256 2702 ambulare;
3295 2652 3361 2690 ne
3391 2638 3485 2688 de-

1894 2729 2100 2782 relictis
2127 2728 2342 2782 semitis
2366 2727 2595 2796 justitia:
2625 2728 2865 2797 capiaris
2893 2731 2960 2782 ab
2996 2727 3250 2794 inimicis,
3283 2728 3485 2795 quibus

1894 2819 2051 2889 plena
2083 2829 2209 2874 sunt
2261 2823 2484 2886 omnia;
2515 2830 2570 2874 et
2613 2821 2666 2874 in
2703 2832 2903 2874 terram
2963 2821 3194 2874 alienam
3227 2822 3484 2884 deducta,

1893 2913 2250 2981 coinquinata
2297 2928 2421 2964 cum
2460 2913 2714 2976 mortuis,
2752 2913 3139 2966 miserabiliter
3201 2914 3484 2981 deputeris

1894 3017 2015 3058 cum
2051 3004 2134 3056 his
2157 3004 2247 3072 qui
2277 3013 2403 3056 sunt
2429 3003 2482 3057 in
2514 3003 2751 3059 inferno.
2783 3003 2914 3058 Volo
2937 3016 3119 3057 autem
3155 3015 3204 3056 te
3231 3005 3484 3068 discere,

195 3105 244 3176 si
284 3099 426 3150 lorte
472 3095 543 3147 de
587 3089 927 3144 restituendo
962 3083 1197 3136 debitum
1243 3078 1498 3140 conﬁdis,
1543 3093 1574 3130 ο
1620 3087 1670 3130 te
1707 3075 1789 3130 fa»
1816 3107 1859 3164 c
1896 3095 1984 3149 ubi
2022 3096 2092 3149 είι
2125 3096 2416 3165 sapientia.
2453 3095 2541 3150 ubi
2579 3097 2772 3161 vinus,
2801 3097 2892 3149 ubi
2935 3099 3005 3152 ⁵η
3045 3097 3360 3166 Nudam“,
3390 3099 3483 3152 ubi

207 3205 348 3246 tuam
375 3192 388 3243 !
424 3189 566 3242 Nam
597 3203 697 3258 pro
727 3187 951 3241 minimo
983 3200 1203 3256 quoque
1227 3183 1424 3238 delicto
1451 3197 1556 3233 non
1589 3179 1786 3232 habent

206 3285 344 3337 unde
381 3283 682 3336 restituant
720 3279 882 3334 simul
929 3278 1178 3332 homines
1215 3274 1482 3336 universi,
1515 3273 1617 3326 nisi
1671 3272 1785 3337 ipse

205 3379 342 3430 idem
367 3377 502 3430 velit
524 3374 828 3434 remittere,
854 3373 942 3425 cui
969 3371 1219 3425 facienda
1248 3377 1328 3422 est
1358 3353 1657 3420 restitutio.
1689 3363 1787 3417 Fe-

205 3471 331 3524 lices
353 3470 542 3536 itaque
566 3467 851 3534 magisque
871 3479 1083 3519 secura:
1105 3478 1224 3530 qua:
1248 3461 1504 3521 subsunt,
1533 3458 1637 3511 illis
1663 3471 1784 3524 qua:

203 3566 502 3628 supersunt
529 3575 543 3612 :
571 3566 626 3610 et
649 3557 850 3625 quibus
877 3558 1056 3624 potius
1089 3552 1454 3613 ministratur,
1482 3564 1642 3617 quam
1670 3563 1788 3612 quae

203 3654 541 3706 ministrant.
571 3650 676 3702 Sed
712 3657 892 3701 tamen
921 3645 1154 3712 superba
1187 3659 1342 3696 mens
1373 3643 1654 3695 hominum
1687 3639 1789 3690 im-

208 3744 434 3815 provida
457 3740 936 3811 periculi,semper
960 3737 1228 3804 majorum
1255 3735 1575 3802 dignitatum
1593 3747 1791 3785 ascen-

209 3850 332 3890 sum
381 3831 596 3901 expetit
639 3848 655 3884 :
711 3844 811 3883 nec
855 3826 963 3882 nisi
1006 3836 1127 3894 post
1170 3825 1374 3876 factum
1419 3839 1485 3874 ex
1525 3823 1790 3875 descensu

212 3931 458 3979 terretur
493 3938 508 3975 :
542 3919 672 3989 quia
714 3925 921 3986 quanto
969 3914 1131 3966 altior
1177 3921 1262 3966 est
1314 3925 1596 3970 ascensus,
1642 3917 1792 3958 tanto

206 4018 406 4073 durior
439 4024 523 4068 est
563 4014 883 4066 descensus.
919 4007 1026 4062 Sed
1073 4005 1212 4060 forte
1247 4008 1572 4057 descensum
1611 4015 1792 4052 rarutn

199 4111 476 4164 zstimas.
497 4107 604 4159 Sed
631 4102 946 4156 ﬁrmissime
973 4099 1169 4152 doctus
1194 4092 1573 4164 experientiis,
1603 4101 1656 4144 et
1686 4104 1790 4142 non

198 4205 398 4274 paucis
429 4202 634 4253 dicam.
671 4195 817 4248 Raro
858 4209 955 4262 per
986 4195 1191 4260 gradus
1226 4187 1513 4258 dignitatis
1549 4185 1795 4237 ascendit

201 4301 397 4357 boum,
445 4291 575 4360 quin
624 4288 794 4341 multo
828 4285 1053 4354 gravius
1098 4297 1204 4335 non
1243 4279 1554 4333 descendat.
1598 4275 1794 4329 Verum

201 4402 256 4442 et
301 4391 348 4441 si
393 4403 424 4438 a
461 4386 742 4455 proposito
792 4378 1091 4449 digrediar,
1143 4374 1271 4429 nolo
1316 4372 1646 4439 cpuseulum
1693 4373 1796 4424 hoc

1847 3193 1964 3244 .sit
2019 3189 2406 3258 longitnrnitas
2464 3191 2590 3244 vita:
2647 3204 2701 3244 et
2761 3195 2962 3255 victus,
3022 3192 3110 3244 ubi
3164 3193 3235 3244 sit
3294 3192 3486 3245 lumen

1892 3284 2173 3337 oculorum
2200 3292 2254 3336 et.
2282 3299 2387 3352 pax
2421 3301 2435 3336 :
2476 3294 2534 3336 ut
2584 3283 2857 3352 intelligas
2895 3286 3035 3336 viam
3075 3285 3401 3353 disciplinac,
3431 3296 3488 3338 et

1891 3377 2130 3429 deducas
2164 3375 2443 3442 subjectas
2472 3375 2568 3429 tibi
2601 3391 2698 3444 per
2728 3375 2866 3428 viam
2901 3373 3049 3443 pacis
3083 3385 3135 3428 et
3158 3374 3485 3444 disciplima.

1893 3468 1970 3521 Te
2013 3469 2336 3522 morientem
2385 3467 2506 3520 lilia:
2549 3467 2826 3535 plangant,
2890 3483 2994 3519 non
3039 3468 3353 3534 gaudeant:
3385 3457 3485 3518 tibi

1887 3560 2034 3630 jus-ta
2095 3570 2147 3611 et
2198 3572 2386 3612 saneta
2440 3561 2814 3628 praecipienti,
2868 3574 3058 3611 omnes
3101 3559 3488 3625 aequanimiter

1893 3653 2118 3705 obedire
2154 3653 2426 3705 lzetentnr.
2465 3649 2582 3703 Non
2643 3653 2978 3718 propinquas,
3021 3665 3124 3702 non
3159 3649 3369 3711 aﬂincs,
3409 3649 3488 3701 sic

1896 3745 2207 3799 exaltentur
2274 3745 2415 3810 quiod
2465 3754 2678 3796 extera:
2733 3743 3029 3794 invideant.
3082 3740 3197 3793 Non
3252 3742 3487 3796 carnalis

1895 3837 2117 3890 dilectio
2153 3837 2207 3887 in
2246 3835 2431 3888 multis
2487 3837 2704 3896 nociva,
2741 3835 2792 3887 in
2847 3835 3053 3887 Sanctis
3085 3833 3358 3886 mentibus
3386 3837 3488 3885 ha-

1898 3929 2068 3981 benda
2115 3937 2217 3980 est.
2250 3927 2454 3980 Omnes
2497 3925 2681 3994 itaque
2727 3937 2909 3980 amato
2953 3924 3486 3993 mquali‘charitate,

1896 4031 1946 4072 et
1988 4018 2258 4086 spirituali
2291 4017 2581 4070 dilectione
2616 4027 2668 4068 ut
2717 4017 2876 4070 tilias.
2913 4015 3047 4070 Cum
3081 4025 3293 4083 tempus
3320 4017 3490 4086 exigit

1899 4113 2321 4176 Correptioncm,
2357 4109 2643 4164 universas
2670 4109 2832 4163 simili
2865 4111 3023 4163 modo
3055 4108 3201 4162 velut
3231 4108 3482 4179 ignotas,

1899 4206 1950 4257 in
1985 4206 2203 4258 omissis
2236 4204 2502 4273 corrigas.

1977 4296 2169 4350 Verum
2199 4310 2414 4364 semper
2450 4297 2502 4348 in
2558 4295 2640 4349 ira
2669 4293 3060 4348 misericordia:
3099 4308 3310 4348 memor
3335 4303 3489 4352 esto;

1903 4401 1960 4441 ut
1997 4387 2140 4441 nulla
2171 4386 2442 4441 movearis
2475 4387 2685 4440 ratione
2707 4386 2774 4438 ad
2800 4385 3180 4439 crudelitatem
3212 4401 3272 4439 ex
3307 4385 3493 4442 furore

197 4482 576 4550 perstransire
593 4475 902 4541 exemplum
929 4469 1224 4539 quoddam,
1249 4465 1415 4535 quod,
1443 4476 1637 4517 sancto
1659 4478 1786 4530 quo-

1905 4481 1984 4533 vel
2022 4481 2170 4532 odio.
2207 4477 2318 4533 Nec
2368 4489 2546 4532 tamen
2603 4477 2809 4531 habeas
2864 4493 3057 4530 manus
3111 4479 3371 4532 remissas
3423 4480 3493 4533 ad

198 4579 326 4630 dam
367 4571 505 4626 mihi
543 4567 820 4623 referente
845 4577 978 4618 sene
1013 4563 1064 4615 in
1095 4574 1308 4621 eremo,
1350 4575 1415 4612 ex
1449 4557 1678 4611 veritate
1713 4557 1798 4609 di-

198 4667 335 4721 dici.

270 4759 417 4814 Cum
443 4752 664 4826 juvenis
715 4750 934 4820 quidam
995 4755 1186 4801 sancto
1240 4742 1518 4813 proposito
1570 4750 1625 4793 et
1677 4741 1790 4790 vita

199 4857 420 4911 electus
455 4853 598 4906 foret
645 4849 713 4902 ad
738 4844 1048 4914 episcopale
1099 4841 1406 4910 fastigium,
1440 4852 1547 4906 quo
1581 4837 1802 4906 gravius

201 4945 642 5015 periculosiusve
665 4939 856 5008 nequit
883 4935 1027 4989 aliud
1063 4935 1290 5002 cogitari
1315 4949 1328 4985 :
1358 4941 1607 4999 patruum
1642 4939 1799 4981 suum

197 5040 548 5109 quemdam,
604 5035 782 5086 virum
821 5031 1006 5095 utique
1061 5033 1336 5083 sanetum,
1397 5029 1453 5074 et
1508 5017 1803 5086 prophetia:

198 5135 461 5200 plenum,
510 5125 681 5180 eremi
723 5124 779 5176 in
817 5121 952 5175 cella
988 5129 1045 5171 ut
1082 5132 1203 5171 eum
1245 5130 1310 5169 ex
1344 5115 1446 5167 hoc
1467 5114 1800 5171 consuleret,

197 5226 344 5279 adiit
383 5237 498 5274 non
531 5221 807 5272 incautus.
837 5215 1031 5267 Audita
1080 5211 1264 5278 itaque
1295 5205 1610 5260 narratioae
1637 5216 1806 5268 nepo-

195 5323 291 5378 tis,
333 5315 428 5366 vir
476 5320 698 5366 sanctus
735 5322 842 5360 non
885 5304 1086 5366 verbis,
1125 5302 1215 5354 sed
1275 5299 1446 5369 signis
1481 5297 1807 5364 potius‘per-

195 5406 500 5464 cunctanti
551 5400 857 5470 respondit.
903 5399 968 5451 Et
1013 5410 1080 5449 ne
1115 5406 1306 5448 contra
1345 5394 1674 5459 apostolum,
1713 5389 1803 5455 qui

195 5501 622 5554 desiderantem
664 5494 1040 5560 episcopatum
1093 5487 1148 5542 in
1177 5488 1320 5539 bono
1369 5496 1539 5552 opere
1600 5482 1802 5546 laudat,

192 5591 518 5646 .«mitrairet
558 5587 926 5641 dissuadendo
960 5592 1054 5637 :et
1077 5581 1330 5648 juvenem
1368 5575 1607 5643 periculo
1636 5589 1806 5642 expo-

191 5697 360 5740 neret
430 5681 731 5733 suadendo.
781 5675 952 5730 iussit
1001 5674 1188 5741 itaque
1237 5685 1407 5726 senex
1469 5668 1802 5738 quadratum

192 5781 426 5834 discum
490 5792 519 5828 ιι
590 5783 738 5827 terra
815 5773 1166 5825 vehementer
1233 5766 1463 5836 pedibus
1531 5764 1802 5818 elevatum

1906 4572 2244 4639 puniendum
2293 4571 2529 4637 scelera;
2584 4586 2651 4624 ne
2695 4585 2762 4624 ex
2826 4570 3167 4638 impunitate,
3229 4574 3494 4641 peccandi

1905 4663 2122 4715 licentia
2155 4665 2434 4717 sororibus
2483 4663 2838 4718 concedatur.
2873 4663 2991 4717 Non
3023 4663 3100 4719 sis
3135 4663 3201 4718 ad
3271 4675 3496 4733 pertra-

1907 4755 2162 4806 ctandum
2199 4753 2364 4807 ardua
2392 4756 2706 4810 monasterii
2743 4767 2798 4810 et
2830 4771 3101 4822 sororum,
3131 4769 3370 4825 praeceps
3400 4771 3499 4823 pro

1909 4845 2065 4898 libito
2094 4862 2107 4897 :
2142 4846 2235 4898 sed
2262 4862 2514 4900 sororum
2577 4847 2811 4917 plurium
2849 4859 2908 4902 et
2937 4849 3219 4903 meliorum
3246 4851 3498 4904 voluntas

1909 4955 2126 5004 semper
2173 4940 2435 4993 accedat:
2474 4954 2542 4994 ne
2601 4956 2693 4994 rea
2747 4950 2800 4994 et
2861 4943 3179 5009 dissipatrix
3233 4942 3496 4994 bonorum

1909 5029 2142 5084 coanobii
2186 5028 2524 5084 crimineris.
2562 5028 2677 5084 Non
2726 5030 2980 5085 omnibus
3030 5031 3122 5100 qui
3182 5030 3497 5098 loquuntur,

1908 5123 1982 5176 sis
2019 5120 2194 5175 facilis
2227 5124 2294 5173 ad
2333 5122 2692 5175 credendum.
2726 5121 2943 5175 Levitas
2966 5124 3114 5176 enim
3140 5123 3191 5174 in
3222 5119 3502 5175 credendo

1911 5205 2084 5268 |evein
2115 5213 2336 5266 denotat
2381 5222 2639 5269 mentem.
2676 5214 3033 5284 Nequaquam
3065 5213 3284 5266 cﬂ‘renis
3315 5211 3497 5281 lingua

1913 5303 2233 5375 reperiaris,
2271 5321 2375 5360 non
2430 5305 2699 5375 impudica
2766 5307 2961 5367 oculis,
3022 5321 3128 5358 non
3179 5304 3497 5372 erapulosa,

1912 5413 2015 5451 non
2048 5399 2219 5452 ebria.
2271 5396 2364 5452 Sic
2398 5407 2448 5451 te
2482 5413 2716 5453 exornes
2753 5397 3065 5463 virtutibus,
3102 5399 3183 5451 sic
3238 5397 3508 5452 muniaris

1914 5490 2178 5554 moribus,
2217 5499 2272 5542 ut
2310 5492 2598 5544 universas
2630 5506 2795 5558 opere
2829 5500 2883 5542 et
2914 5491 3163 5558 exemplo
3190 5490 3509 5545 sanctitatis

1910 5591 1966 5634 et
1996 5583 2137 5647 vitm,
2184 5591 2435 5650 prompta
2465 5582 2540 5635 sis
2575 5582 2639 5634 ad
2679 5578 2981 5635 docendum
3013 5597 3027 5632 :
3061 5589 3116 5632 ut
3147 5581 3258 5650 jam
3285 5581 3352 5636 ab
3377 5598 3499 5635 om-

1911 5671 2073 5725 nibus
2105 5676 2160 5724 in
2195 5679 2502 5743 exemplum
2559 5674 2820 5726 virtutum
2879 5673 3100 5727 ducaris
3133 5690 3146 5726 :
3186 5685 3244 5726 ut
3298 5691 3500 5731 secura

1912 5781 1977 5819 cx
2015 5767 2422 5835 dispensatione
2475 5768 2759 5822 ministerii
2817 5767 2910 5823 tibi
2971 5767 3178 5834 traditi,
3211 5783 3505 5827 occurrere
