  <div class='ocr_page' id='page_1' title='image "/cluster/home/n/w/nwhite01/storage/ocr_20150623/30/hvd.32044096580527/215.png"; bbox 0 0 3934 6188; ppageno 0'>
   <div class='ocr_carea' id='block_1_1' title="bbox 468 405 574 469">
    <p class='ocr_par' dir='ltr' id='par_1_1' title="bbox 468 405 574 469">
     <span class='ocr_line' id='line_1_1' title="bbox 468 405 574 469; baseline 0.057 -6"><span class='ocrx_word' id='word_1_1' title='bbox 468 405 574 469; x_wconf 68' lang='lat'><strong>£19</strong></span> 
     </span>
    </p>
   </div>
   <div class='ocr_carea' id='block_1_2' title="bbox 1413 405 2788 467">
    <p class='ocr_par' dir='ltr' id='par_1_2' title="bbox 1413 405 2788 467">
     <span class='ocr_line' id='line_1_2' title="bbox 1413 405 2788 467; baseline 0.001 -5"><span class='ocrx_word' id='word_1_2' title='bbox 1413 405 1471 462; x_wconf 89' lang='lat' dir='ltr'><strong>S.</strong></span> <span class='ocrx_word' id='word_1_3' title='bbox 1517 405 1960 464; x_wconf 72' lang='lat' dir='ltr'><strong>lllEltONYMl</strong></span> <span class='ocrx_word' id='word_1_4' title='bbox 2006 405 2329 467; x_wconf 73' lang='lat' dir='ltr'><strong>Ol‘ERUM</strong></span> <span class='ocrx_word' id='word_1_5' title='bbox 2375 407 2788 466; x_wconf 74' lang='lat' dir='ltr'><strong>MANTISSA.</strong></span> 
     </span>
    </p>
   </div>
   <div class='ocr_carea' id='block_1_3' title="bbox 3621 403 3728 466">
    <p class='ocr_par' dir='ltr' id='par_1_3' title="bbox 3621 403 3728 466">
     <span class='ocr_line' id='line_1_3' title="bbox 3621 403 3728 466; baseline 0.019 -2"><span class='ocrx_word' id='word_1_6' title='bbox 3621 403 3728 466; x_wconf 69' lang='grc'><strong>420</strong></span> 
     </span>
    </p>
   </div>
   <div class='ocr_carea' id='block_1_4' title="bbox 470 513 3730 585">
    <p class='ocr_par' dir='ltr' id='par_1_4' title="bbox 470 513 3730 585">
     <span class='ocr_line' id='line_1_4' title="bbox 470 513 3730 585; baseline -0.002 -16"><span class='ocrx_word' id='word_1_7' title='bbox 470 521 650 572; x_wconf 82' lang='lat' dir='ltr'><strong>valeas</strong></span> <span class='ocrx_word' id='word_1_8' title='bbox 681 517 930 581; x_wconf 85' lang='lat' dir='ltr'><strong>Domino,</strong></span> <span class='ocrx_word' id='word_1_9' title='bbox 961 525 1016 570; x_wconf 92' lang='lat' dir='ltr'><strong>et</strong></span> <span class='ocrx_word' id='word_1_10' title='bbox 1073 517 1121 569; x_wconf 91' lang='lat' dir='ltr'><strong>ei</strong></span> <span class='ocrx_word' id='word_1_11' title='bbox 1172 513 1397 569; x_wconf 88' lang='lat' dir='ltr'><strong>reddere</strong></span> <span class='ocrx_word' id='word_1_12' title='bbox 1449 516 1711 568; x_wconf 86' lang='lat' dir='ltr'><strong>tationem</strong></span> <span class='ocrx_word' id='word_1_13' title='bbox 1767 519 1828 567; x_wconf 90' lang='lat' dir='ltr'><strong>de</strong></span> <span class='ocrx_word' id='word_1_14' title='bbox 1865 516 2050 582; x_wconf 83' lang='lat' dir='ltr'><strong>singu-</strong></span> <span class='ocrx_word' id='word_1_15' title='bbox 2075 521 2122 580; x_wconf 74' lang='grc' dir='ltr'>Α</span> <span class='ocrx_word' id='word_1_16' title='bbox 2155 517 2298 568; x_wconf 87' lang='lat' dir='ltr'><strong>enim</strong></span> <span class='ocrx_word' id='word_1_17' title='bbox 2327 515 2626 585; x_wconf 81' lang='lat' dir='ltr'><strong>Spit‘illtalis</strong></span> <span class='ocrx_word' id='word_1_18' title='bbox 2660 515 2858 582; x_wconf 85' lang='lat' dir='ltr'><strong>operis,</strong></span> <span class='ocrx_word' id='word_1_19' title='bbox 2920 527 2964 565; x_wconf 85' lang='lat' dir='ltr'><strong>st</strong></span> <span class='ocrx_word' id='word_1_20' title='bbox 3000 525 3102 565; x_wconf 87' lang='lat' dir='ltr'><strong>non</strong></span> <span class='ocrx_word' id='word_1_21' title='bbox 3135 513 3204 565; x_wconf 90' lang='lat' dir='ltr'><strong>sit</strong></span> <span class='ocrx_word' id='word_1_22' title='bbox 3236 521 3443 565; x_wconf 84' lang='lat' dir='ltr'><strong>matura</strong></span> <span class='ocrx_word' id='word_1_23' title='bbox 3469 514 3730 582; x_wconf 85' lang='lat' dir='ltr'><strong>provisio,</strong></span> 
     </span>
    </p>
   </div>
   <div class='ocr_carea' id='block_1_5' title="bbox 469 631 1461 732">
    <p class='ocr_par' dir='ltr' id='par_1_5' title="bbox 469 631 1461 732">
     <span class='ocr_line' id='line_1_5' title="bbox 469 631 1461 732; baseline -0.001 -1"><span class='ocrx_word' id='word_1_24' title='bbox 469 631 552 666; x_wconf 38' lang='lat'><strong>&quot;5&#39;</strong></span> <span class='ocrx_word' id='word_1_25' title='bbox 1037 676 1264 732; x_wconf 78' lang='lat' dir='ltr'><strong>CAPUT</strong></span> <span class='ocrx_word' id='word_1_26' title='bbox 1295 675 1461 730; x_wconf 78' lang='lat' dir='ltr'><strong>xvn.</strong></span> 
     </span>
    </p>
   </div>
   <div class='ocr_carea' id='block_1_6' title="bbox 713 770 1792 839">
    <p class='ocr_par' dir='ltr' id='par_1_6' title="bbox 713 770 1792 839">
     <span class='ocr_line' id='line_1_6' title="bbox 713 770 1792 839; baseline -0.007 -13"><span class='ocrx_word' id='word_1_27' title='bbox 713 774 788 826; x_wconf 84' lang='lat' dir='ltr'><strong>De</strong></span> <span class='ocrx_word' id='word_1_28' title='bbox 808 772 1191 839; x_wconf 76' lang='lat' dir='ltr'><strong>jurisdictione</strong></span> <span class='ocrx_word' id='word_1_29' title='bbox 1217 770 1448 837; x_wconf 73' lang='lat' dir='ltr'><strong>episcopi</strong></span> <span class='ocrx_word' id='word_1_30' title='bbox 1479 770 1534 820; x_wconf 82' lang='lat' dir='ltr'><strong>in</strong></span> <span class='ocrx_word' id='word_1_31' title='bbox 1561 784 1792 821; x_wconf 76' lang='lat' dir='ltr'><strong>sorores.</strong></span> 
     </span>
    </p>
   </div>
   <div class='ocr_carea' id='block_1_7' title="bbox 540 881 2049 951">
    <p class='ocr_par' dir='ltr' id='par_1_7' title="bbox 540 881 2049 951">
     <span class='ocr_line' id='line_1_7' title="bbox 540 881 2049 951; baseline -0.005 -11"><span class='ocrx_word' id='word_1_32' title='bbox 540 889 738 942; x_wconf 84' lang='lat' dir='ltr'><strong>Debilis</strong></span> <span class='ocrx_word' id='word_1_33' title='bbox 766 897 850 942; x_wconf 91' lang='lat' dir='ltr'><strong>est</strong></span> <span class='ocrx_word' id='word_1_34' title='bbox 903 888 1130 940; x_wconf 87' lang='lat' dir='ltr'><strong>nimium</strong></span> <span class='ocrx_word' id='word_1_35' title='bbox 1181 900 1346 938; x_wconf 78' lang='lat' dir='ltr'><strong>sexus</strong></span> <span class='ocrx_word' id='word_1_36' title='bbox 1397 898 1558 951; x_wconf 84' lang='lat' dir='ltr'><strong>quem</strong></span> <span class='ocrx_word' id='word_1_37' title='bbox 1595 881 1809 950; x_wconf 85' lang='lat' dir='ltr'><strong>geritis,</strong></span> <span class='ocrx_word' id='word_1_38' title='bbox 1838 896 1905 935; x_wconf 82' lang='lat' dir='ltr'><strong>ac</strong></span> <span class='ocrx_word' id='word_1_39' title='bbox 1935 885 2049 933; x_wconf 64' lang='lat' dir='ltr'><strong>Ira!</strong></span> 
     </span>
    </p>
   </div>
   <div class='ocr_carea' id='block_1_8' title="bbox 467 975 2044 1049">
    <p class='ocr_par' dir='ltr' id='par_1_8' title="bbox 467 975 2044 1049">
     <span class='ocr_line' id='line_1_8' title="bbox 467 975 2044 1049; baseline -0.005 -15"><span class='ocrx_word' id='word_1_40' title='bbox 467 986 609 1049; x_wconf 71' lang='lat' dir='ltr'><strong>gitis,</strong></span> <span class='ocrx_word' id='word_1_41' title='bbox 636 997 699 1035; x_wconf 82' lang='lat' dir='ltr'><strong>ac</strong></span> <span class='ocrx_word' id='word_1_42' title='bbox 736 980 970 1044; x_wconf 88' lang='lat' dir='ltr'><strong>mobilis,</strong></span> <span class='ocrx_word' id='word_1_43' title='bbox 1008 982 1050 1033; x_wconf 90' lang='lat' dir='ltr'><strong>si</strong></span> <span class='ocrx_word' id='word_1_44' title='bbox 1087 995 1189 1032; x_wconf 87' lang='lat' dir='ltr'><strong>suo</strong></span> <span class='ocrx_word' id='word_1_45' title='bbox 1228 979 1566 1045; x_wconf 74' lang='lat' dir='ltr'><strong>relinquatur</strong></span> <span class='ocrx_word' id='word_1_46' title='bbox 1599 975 1830 1029; x_wconf 88' lang='lat' dir='ltr'><strong>arbitrio</strong></span> <span class='ocrx_word' id='word_1_47' title='bbox 1860 992 1872 1027; x_wconf 91' lang='lat'>:</span> <span class='ocrx_word' id='word_1_48' title='bbox 1910 984 1967 1027; x_wconf 89' lang='lat' dir='ltr'><strong>et</strong></span> <span class='ocrx_word' id='word_1_49' title='bbox 1996 976 2044 1026; x_wconf 89' lang='lat' dir='ltr'><strong>si</strong></span> 
     </span>
    </p>
   </div>
   <div class='ocr_carea' id='block_1_9' title="bbox 469 1067 2047 1136">
    <p class='ocr_par' dir='ltr' id='par_1_9' title="bbox 469 1067 2047 1136">
     <span class='ocr_line' id='line_1_9' title="bbox 469 1067 2047 1136; baseline -0.004 -13"><span class='ocrx_word' id='word_1_50' title='bbox 469 1077 741 1125; x_wconf 65' lang='lat' dir='ltr'><strong>viz-tuosus</strong></span> <span class='ocrx_word' id='word_1_51' title='bbox 776 1073 848 1124; x_wconf 97' lang='lat' dir='ltr'><strong>sit</strong></span> <span class='ocrx_word' id='word_1_52' title='bbox 883 1074 1118 1132; x_wconf 88' lang='lat' dir='ltr'><strong>animus,</strong></span> <span class='ocrx_word' id='word_1_53' title='bbox 1153 1081 1334 1125; x_wconf 74' lang='lat' dir='ltr'><strong>tamen</strong></span> <span class='ocrx_word' id='word_1_54' title='bbox 1360 1071 1464 1122; x_wconf 84' lang='lat' dir='ltr'><strong>nisi</strong></span> <span class='ocrx_word' id='word_1_55' title='bbox 1495 1079 1740 1136; x_wconf 79' lang='lat' dir='ltr'><strong>regatur,</strong></span> <span class='ocrx_word' id='word_1_56' title='bbox 1777 1067 1878 1120; x_wconf 89' lang='lat' dir='ltr'><strong>nisi</strong></span> <span class='ocrx_word' id='word_1_57' title='bbox 1914 1067 2047 1118; x_wconf 87' lang='lat' dir='ltr'><strong>diri-</strong></span> 
     </span>
    </p>
   </div>
   <div class='ocr_carea' id='block_1_10' title="bbox 465 1160 2041 1230">
    <p class='ocr_par' dir='ltr' id='par_1_10' title="bbox 465 1160 2041 1230">
     <span class='ocr_line' id='line_1_10' title="bbox 465 1160 2041 1230; baseline -0.002 -17"><span class='ocrx_word' id='word_1_58' title='bbox 465 1180 623 1230; x_wconf 71' lang='lat' dir='ltr'><strong>gatur</strong></span> <span class='ocrx_word' id='word_1_59' title='bbox 674 1165 951 1225; x_wconf 79' lang='lat' dir='ltr'><strong>continue,</strong></span> <span class='ocrx_word' id='word_1_60' title='bbox 986 1165 1092 1216; x_wconf 85' lang='lat' dir='ltr'><strong>cito</strong></span> <span class='ocrx_word' id='word_1_61' title='bbox 1135 1163 1391 1230; x_wconf 79' lang='lat' dir='ltr'><strong>dejicitur</strong></span> <span class='ocrx_word' id='word_1_62' title='bbox 1430 1177 1460 1214; x_wconf 85' lang='lat' dir='ltr'><strong>a</strong></span> <span class='ocrx_word' id='word_1_63' title='bbox 1494 1169 1685 1214; x_wconf 86' lang='lat' dir='ltr'><strong>sancto</strong></span> <span class='ocrx_word' id='word_1_64' title='bbox 1738 1160 2041 1227; x_wconf 84' lang='lat' dir='ltr'><strong>proposito.</strong></span> 
     </span>
    </p>
   </div>
   <div class='ocr_carea' id='block_1_11' title="bbox 468 1251 2040 1323">
    <p class='ocr_par' dir='ltr' id='par_1_11' title="bbox 468 1251 2040 1323">
     <span class='ocr_line' id='line_1_11' title="bbox 468 1251 2040 1323; baseline -0.005 -13"><span class='ocrx_word' id='word_1_65' title='bbox 468 1261 578 1310; x_wconf 85' lang='lat' dir='ltr'><strong>Hoc</strong></span> <span class='ocrx_word' id='word_1_66' title='bbox 610 1257 662 1310; x_wconf 91' lang='lat' dir='ltr'><strong>in</strong></span> <span class='ocrx_word' id='word_1_67' title='bbox 693 1256 798 1308; x_wconf 82' lang='lat' dir='ltr'><strong>Eva</strong></span> <span class='ocrx_word' id='word_1_68' title='bbox 824 1257 974 1309; x_wconf 92' lang='lat' dir='ltr'><strong>scitis</strong></span> <span class='ocrx_word' id='word_1_69' title='bbox 999 1267 1269 1323; x_wconf 69' lang='lat' dir='ltr'><strong>expertae:</strong></span> <span class='ocrx_word' id='word_1_70' title='bbox 1295 1271 1412 1322; x_wconf 70' lang='lat' dir='ltr'><strong>quae</strong></span> <span class='ocrx_word' id='word_1_71' title='bbox 1459 1251 1776 1320; x_wconf 77' lang='lat' dir='ltr'><strong>suggerenti</strong></span> <span class='ocrx_word' id='word_1_72' title='bbox 1807 1251 2040 1311; x_wconf 80' lang='lat' dir='ltr'><strong>diabolo.</strong></span> 
     </span>
    </p>
   </div>
   <div class='ocr_carea' id='block_1_12' title="bbox 465 1343 2041 1418">
    <p class='ocr_par' dir='ltr' id='par_1_12' title="bbox 465 1343 2041 1418">
     <span class='ocr_line' id='line_1_12' title="bbox 465 1343 2041 1418; baseline -0.004 -17"><span class='ocrx_word' id='word_1_73' title='bbox 465 1367 625 1418; x_wconf 88' lang='lat' dir='ltr'><strong>quam</strong></span> <span class='ocrx_word' id='word_1_74' title='bbox 679 1349 838 1417; x_wconf 72' lang='lat' dir='ltr'><strong>facile</strong></span> <span class='ocrx_word' id='word_1_75' title='bbox 889 1363 1170 1402; x_wconf 79' lang='lat' dir='ltr'><strong>assensum</strong></span> <span class='ocrx_word' id='word_1_76' title='bbox 1221 1348 1511 1415; x_wconf 67' lang='lat' dir='ltr'><strong>praebuerit</strong></span> <span class='ocrx_word' id='word_1_77' title='bbox 1562 1357 1751 1399; x_wconf 88' lang='lat' dir='ltr'><strong>contra</strong></span> <span class='ocrx_word' id='word_1_78' title='bbox 1801 1343 2041 1396; x_wconf 86' lang='lat' dir='ltr'><strong>divinum</strong></span> 
     </span>
    </p>
   </div>
   <div class='ocr_carea' id='block_1_13' title="bbox 468 1436 2044 1510">
    <p class='ocr_par' dir='ltr' id='par_1_13' title="bbox 468 1436 2044 1510">
     <span class='ocr_line' id='line_1_13' title="bbox 468 1436 2044 1510; baseline -0.001 -20"><span class='ocrx_word' id='word_1_79' title='bbox 468 1453 828 1510; x_wconf 65' lang='lat' dir='ltr'><strong>praeceptum,</strong></span> <span class='ocrx_word' id='word_1_80' title='bbox 857 1452 910 1493; x_wconf 91' lang='lat' dir='ltr'><strong>et</strong></span> <span class='ocrx_word' id='word_1_81' title='bbox 944 1441 1164 1493; x_wconf 74' lang='lat' dir='ltr'><strong>tristitia</strong></span> <span class='ocrx_word' id='word_1_82' title='bbox 1202 1449 1409 1509; x_wconf 86' lang='lat' dir='ltr'><strong>partus.</strong></span> <span class='ocrx_word' id='word_1_83' title='bbox 1437 1441 1486 1493; x_wconf 91' lang='lat' dir='ltr'><strong>ei</strong></span> <span class='ocrx_word' id='word_1_84' title='bbox 1506 1436 1836 1493; x_wconf 83' lang='lat' dir='ltr'><strong>conditionis</strong></span> <span class='ocrx_word' id='word_1_85' title='bbox 1864 1437 2044 1490; x_wconf 77' lang='lat' dir='ltr'><strong>vilitas</strong></span> 
     </span>
    </p>
   </div>
   <div class='ocr_carea' id='block_1_14' title="bbox 469 1530 2046 1601">
    <p class='ocr_par' dir='ltr' id='par_1_14' title="bbox 469 1530 2046 1601">
     <span class='ocr_line' id='line_1_14' title="bbox 469 1530 2046 1601; baseline 0.001 -19"><span class='ocrx_word' id='word_1_86' title='bbox 469 1537 580 1601; x_wconf 78' lang='lat' dir='ltr'><strong>ipsa</strong></span> <span class='ocrx_word' id='word_1_87' title='bbox 611 1533 899 1601; x_wconf 79' lang='lat' dir='ltr'><strong>perhibent</strong></span> <span class='ocrx_word' id='word_1_88' title='bbox 933 1533 1332 1586; x_wconf 77' lang='lat' dir='ltr'><strong>testit&#39;nmtinm.</strong></span> <span class='ocrx_word' id='word_1_89' title='bbox 1397 1530 1646 1585; x_wconf 80' lang='lat' dir='ltr'><strong>Profecto</strong></span> <span class='ocrx_word' id='word_1_90' title='bbox 1690 1531 1823 1586; x_wconf 84' lang='lat' dir='ltr'><strong>nihil</strong></span> <span class='ocrx_word' id='word_1_91' title='bbox 1868 1532 1920 1584; x_wconf 91' lang='lat' dir='ltr'><strong>in</strong></span> <span class='ocrx_word' id='word_1_92' title='bbox 1955 1545 2046 1583; x_wconf 81' lang='lat' dir='ltr'><strong>vo-</strong></span> 
     </span>
    </p>
   </div>
   <div class='ocr_carea' id='block_1_15' title="bbox 469 1622 2045 1693">
    <p class='ocr_par' dir='ltr' id='par_1_15' title="bbox 469 1622 2045 1693">
     <span class='ocr_line' id='line_1_15' title="bbox 469 1622 2045 1693; baseline -0.002 -16"><span class='ocrx_word' id='word_1_93' title='bbox 469 1627 549 1678; x_wconf 66' lang='lat' dir='ltr'><strong>lvis</strong></span> <span class='ocrx_word' id='word_1_94' title='bbox 593 1626 731 1679; x_wconf 88' lang='lat' dir='ltr'><strong>foret</strong></span> <span class='ocrx_word' id='word_1_95' title='bbox 763 1626 1022 1677; x_wconf 68' lang='lat' dir='ltr'><strong>virtutum</strong></span> <span class='ocrx_word' id='word_1_96' title='bbox 1078 1625 1359 1685; x_wconf 83' lang='lat' dir='ltr'><strong>dttrahile,</strong></span> <span class='ocrx_word' id='word_1_97' title='bbox 1412 1623 1545 1676; x_wconf 90' lang='lat' dir='ltr'><strong>nihil</strong></span> <span class='ocrx_word' id='word_1_98' title='bbox 1579 1624 1695 1677; x_wconf 87' lang='lat' dir='ltr'><strong>sine</strong></span> <span class='ocrx_word' id='word_1_99' title='bbox 1719 1624 1868 1693; x_wconf 84' lang='lat' dir='ltr'><strong>gravi</strong></span> <span class='ocrx_word' id='word_1_100' title='bbox 1902 1622 2045 1690; x_wconf 84' lang='lat' dir='ltr'><strong>peri-</strong></span> 
     </span>
    </p>
   </div>
   <div class='ocr_carea' id='block_1_16' title="bbox 465 1715 1936 1782">
    <p class='ocr_par' dir='ltr' id='par_1_16' title="bbox 465 1715 1936 1782">
     <span class='ocr_line' id='line_1_16' title="bbox 465 1715 1936 1782; baseline -0.002 -14"><span class='ocrx_word' id='word_1_101' title='bbox 465 1716 612 1777; x_wconf 57' lang='lat' dir='ltr'><strong>culo,</strong></span> <span class='ocrx_word' id='word_1_102' title='bbox 637 1717 679 1769; x_wconf 82' lang='lat' dir='ltr'><strong>si</strong></span> <span class='ocrx_word' id='word_1_103' title='bbox 713 1715 778 1767; x_wconf 90' lang='lat' dir='ltr'><strong>de</strong></span> <span class='ocrx_word' id='word_1_104' title='bbox 805 1715 953 1767; x_wconf 84' lang='lat' dir='ltr'><strong>vobis</strong></span> <span class='ocrx_word' id='word_1_105' title='bbox 979 1715 1108 1779; x_wconf 82' lang='lat' dir='ltr'><strong>ipsis</strong></span> <span class='ocrx_word' id='word_1_106' title='bbox 1136 1729 1227 1768; x_wconf 86' lang='lat' dir='ltr'><strong>vos</strong></span> <span class='ocrx_word' id='word_1_107' title='bbox 1266 1715 1394 1782; x_wconf 69' lang='lat' dir='ltr'><strong>ipsa:</strong></span> <span class='ocrx_word' id='word_1_108' title='bbox 1421 1715 1693 1767; x_wconf 88' lang='lat' dir='ltr'><strong>haberetis</strong></span> <span class='ocrx_word' id='word_1_109' title='bbox 1727 1729 1936 1768; x_wconf 80' lang='lat' dir='ltr'><strong>curant.</strong></span> 
     </span>
    </p>
   </div>
   <div class='ocr_carea' id='block_1_17' title="bbox 539 1805 2044 1874">
    <p class='ocr_par' dir='ltr' id='par_1_17' title="bbox 539 1805 2044 1874">
     <span class='ocr_line' id='line_1_17' title="bbox 539 1805 2044 1874; baseline -0.001 -16"><span class='ocrx_word' id='word_1_110' title='bbox 539 1805 832 1872; x_wconf 78' lang='lat' dir='ltr'><strong>Propterea</strong></span> <span class='ocrx_word' id='word_1_111' title='bbox 875 1808 1167 1874; x_wconf 57' lang='lat' dir='ltr'><strong>episcopus</strong></span> <span class='ocrx_word' id='word_1_112' title='bbox 1216 1820 1414 1866; x_wconf 72' lang='lat' dir='ltr'><strong>\‘c:lCl&#39;,</strong></span> <span class='ocrx_word' id='word_1_113' title='bbox 1466 1807 1551 1859; x_wconf 92' lang='lat' dir='ltr'><strong>cui</strong></span> <span class='ocrx_word' id='word_1_114' title='bbox 1598 1805 1854 1860; x_wconf 78' lang='lat' dir='ltr'><strong>Ecclesiae</strong></span> <span class='ocrx_word' id='word_1_115' title='bbox 1901 1823 2044 1858; x_wconf 86' lang='lat' dir='ltr'><strong>com-</strong></span> 
     </span>
    </p>
   </div>
   <div class='ocr_carea' id='block_1_18' title="bbox 2153 602 3726 675">
    <p class='ocr_par' dir='ltr' id='par_1_18' title="bbox 2153 602 3726 675">
     <span class='ocr_line' id='line_1_18' title="bbox 2153 602 3726 675; baseline -0.001 -13"><span class='ocrx_word' id='word_1_116' title='bbox 2153 606 2289 662; x_wconf 83' lang='lat' dir='ltr'><strong>solet</strong></span> <span class='ocrx_word' id='word_1_117' title='bbox 2321 607 2575 675; x_wconf 74' lang='lat' dir='ltr'><strong>subsequi</strong></span> <span class='ocrx_word' id='word_1_118' title='bbox 2609 608 2881 674; x_wconf 78' lang='lat' dir='ltr'><strong>quoddam</strong></span> <span class='ocrx_word' id='word_1_119' title='bbox 2905 605 3145 660; x_wconf 86' lang='lat' dir='ltr'><strong>carnale.</strong></span> <span class='ocrx_word' id='word_1_120' title='bbox 3179 602 3317 658; x_wconf 81' lang='lat' dir='ltr'><strong>Vere</strong></span> <span class='ocrx_word' id='word_1_121' title='bbox 3349 621 3456 657; x_wconf 91' lang='lat' dir='ltr'><strong>non</strong></span> <span class='ocrx_word' id='word_1_122' title='bbox 3479 617 3726 660; x_wconf 83' lang='lat' dir='ltr'><strong>taceam:</strong></span> 
     </span>
    </p>
   </div>
   <div class='ocr_carea' id='block_1_19' title="bbox 2153 698 3731 767">
    <p class='ocr_par' dir='ltr' id='par_1_19' title="bbox 2153 698 3731 767">
     <span class='ocr_line' id='line_1_19' title="bbox 2153 698 3731 767; baseline 0.003 -20"><span class='ocrx_word' id='word_1_123' title='bbox 2153 708 2208 751; x_wconf 86' lang='lat' dir='ltr'><strong>ut</strong></span> <span class='ocrx_word' id='word_1_124' title='bbox 2243 699 2293 751; x_wconf 93' lang='lat' dir='ltr'><strong>in</strong></span> <span class='ocrx_word' id='word_1_125' title='bbox 2324 699 2570 767; x_wconf 90' lang='lat' dir='ltr'><strong>pluribus</strong></span> <span class='ocrx_word' id='word_1_126' title='bbox 2603 699 2742 754; x_wconf 89' lang='lat' dir='ltr'><strong>solet</strong></span> <span class='ocrx_word' id='word_1_127' title='bbox 2791 698 3130 766; x_wconf 83' lang='lat' dir='ltr'><strong>contingere,</strong></span> <span class='ocrx_word' id='word_1_128' title='bbox 3171 698 3502 752; x_wconf 70' lang='lat' dir='ltr'><strong>conditionis</strong></span> <span class='ocrx_word' id='word_1_129' title='bbox 3537 700 3731 752; x_wconf 87' lang='lat' dir='ltr'><strong>mulie-</strong></span> 
     </span>
    </p>
   </div>
   <div class='ocr_carea' id='block_1_20' title="bbox 2152 789 3731 857">
    <p class='ocr_par' dir='ltr' id='par_1_20' title="bbox 2152 789 3731 857">
     <span class='ocr_line' id='line_1_20' title="bbox 2152 789 3731 857; baseline -0.001 -13"><span class='ocrx_word' id='word_1_130' title='bbox 2152 792 2264 844; x_wconf 76' lang='lat' dir='ltr'><strong>bris</strong></span> <span class='ocrx_word' id='word_1_131' title='bbox 2298 792 2572 845; x_wconf 79' lang='lat' dir='ltr'><strong>infelicem</strong></span> <span class='ocrx_word' id='word_1_132' title='bbox 2617 791 2916 855; x_wconf 87' lang='lat' dir='ltr'><strong>miseriam,</strong></span> <span class='ocrx_word' id='word_1_133' title='bbox 2958 790 3060 844; x_wconf 89' lang='lat' dir='ltr'><strong>sub</strong></span> <span class='ocrx_word' id='word_1_134' title='bbox 3089 789 3304 844; x_wconf 79' lang='lat' dir='ltr'><strong>fervore</strong></span> <span class='ocrx_word' id='word_1_135' title='bbox 3340 789 3589 857; x_wconf 88' lang='lat' dir='ltr'><strong>spiritus.</strong></span> <span class='ocrx_word' id='word_1_136' title='bbox 3627 793 3731 843; x_wconf 82' lang='lat' dir='ltr'><strong>sub</strong></span> 
     </span>
    </p>
   </div>
   <div class='ocr_carea' id='block_1_21' title="bbox 2151 881 3734 949">
    <p class='ocr_par' dir='ltr' id='par_1_21' title="bbox 2151 881 3734 949">
     <span class='ocr_line' id='line_1_21' title="bbox 2151 881 3734 949; baseline -0.002 -17"><span class='ocrx_word' id='word_1_137' title='bbox 2151 881 2421 934; x_wconf 87' lang='lat' dir='ltr'><strong>charitate</strong></span> <span class='ocrx_word' id='word_1_138' title='bbox 2472 882 2704 936; x_wconf 89' lang='lat' dir='ltr'><strong>nimium</strong></span> <span class='ocrx_word' id='word_1_139' title='bbox 2737 883 2950 945; x_wconf 87' lang='lat' dir='ltr'><strong>stricta,</strong></span> <span class='ocrx_word' id='word_1_140' title='bbox 3009 882 3111 936; x_wconf 90' lang='lat' dir='ltr'><strong>nisi</strong></span> <span class='ocrx_word' id='word_1_141' title='bbox 3146 882 3394 935; x_wconf 87' lang='lat' dir='ltr'><strong>custodia</strong></span> <span class='ocrx_word' id='word_1_142' title='bbox 3447 882 3734 949; x_wconf 72' lang='lat' dir='ltr'><strong>gravitatis</strong></span> 
     </span>
    </p>
   </div>
   <div class='ocr_carea' id='block_1_22' title="bbox 2153 974 3729 1043">
    <p class='ocr_par' dir='ltr' id='par_1_22' title="bbox 2153 974 3729 1043">
     <span class='ocr_line' id='line_1_22' title="bbox 2153 974 3729 1043; baseline -0.001 -18"><span class='ocrx_word' id='word_1_143' title='bbox 2153 975 2232 1025; x_wconf 82' lang='lat' dir='ltr'><strong>ari</strong></span> <span class='ocrx_word' id='word_1_144' title='bbox 2271 985 2530 1042; x_wconf 85' lang='lat' dir='ltr'><strong>ponatur,</strong></span> <span class='ocrx_word' id='word_1_145' title='bbox 2569 984 2626 1028; x_wconf 93' lang='lat' dir='ltr'><strong>nt</strong></span> <span class='ocrx_word' id='word_1_146' title='bbox 2659 991 2820 1030; x_wconf 84' lang='lat' dir='ltr'><strong>nemo</strong></span> <span class='ocrx_word' id='word_1_147' title='bbox 2876 975 3155 1043; x_wconf 91' lang='lat' dir='ltr'><strong>delinqua&#39;t</strong></span> <span class='ocrx_word' id='word_1_148' title='bbox 3181 976 3233 1027; x_wconf 90' lang='lat' dir='ltr'><strong>in</strong></span> <span class='ocrx_word' id='word_1_149' title='bbox 3263 975 3440 1042; x_wconf 87' lang='lat' dir='ltr'><strong>lingua</strong></span> <span class='ocrx_word' id='word_1_150' title='bbox 3480 989 3496 1040; x_wconf 84' lang='lat'><strong>;</strong></span> <span class='ocrx_word' id='word_1_151' title='bbox 3534 974 3578 1026; x_wconf 88' lang='lat' dir='ltr'><strong>si</strong></span> <span class='ocrx_word' id='word_1_152' title='bbox 3611 983 3729 1024; x_wconf 85' lang='lat' dir='ltr'><strong>ota-</strong></span> 
     </span>
    </p>
   </div>
   <div class='ocr_carea' id='block_1_23' title="bbox 2152 1067 3730 1142">
    <p class='ocr_par' dir='ltr' id='par_1_23' title="bbox 2152 1067 3730 1142">
     <span class='ocr_line' id='line_1_23' title="bbox 2152 1067 3730 1142; baseline -0.001 -22"><span class='ocrx_word' id='word_1_153' title='bbox 2152 1079 2241 1120; x_wconf 91' lang='lat' dir='ltr'><strong>tur</strong></span> <span class='ocrx_word' id='word_1_154' title='bbox 2277 1070 2530 1136; x_wconf 75' lang='lat' dir='ltr'><strong>loquendi</strong></span> <span class='ocrx_word' id='word_1_155' title='bbox 2588 1071 2914 1138; x_wconf 80' lang='lat' dir='ltr'><strong>vivendique</strong></span> <span class='ocrx_word' id='word_1_156' title='bbox 2940 1072 3116 1142; x_wconf 69' lang='lat' dir='ltr'><strong>rppia,</strong></span> <span class='ocrx_word' id='word_1_157' title='bbox 3162 1071 3342 1122; x_wconf 80' lang='lat' dir='ltr'><strong>statim</strong></span> <span class='ocrx_word' id='word_1_158' title='bbox 3375 1067 3564 1130; x_wconf 88' lang='lat' dir='ltr'><strong>libido,</strong></span> <span class='ocrx_word' id='word_1_159' title='bbox 3605 1077 3730 1120; x_wconf 81' lang='lat' dir='ltr'><strong>actu</strong></span> 
     </span>
    </p>
   </div>
   <div class='ocr_carea' id='block_1_24' title="bbox 2154 1159 3730 1230">
    <p class='ocr_par' dir='ltr' id='par_1_24' title="bbox 2154 1159 3730 1230">
     <span class='ocr_line' id='line_1_24' title="bbox 2154 1159 3730 1230; baseline 0.001 -20"><span class='ocrx_word' id='word_1_160' title='bbox 2154 1159 2555 1227; x_wconf 64' lang='lat' dir='ltr'><strong>turpissimum,</strong></span> <span class='ocrx_word' id='word_1_161' title='bbox 2611 1161 2758 1215; x_wconf 88' lang='lat' dir='ltr'><strong>dictu</strong></span> <span class='ocrx_word' id='word_1_162' title='bbox 2815 1161 3275 1226; x_wconf 70' lang='lat' dir='ltr'><strong>infelicissimum,</strong></span> <span class='ocrx_word' id='word_1_163' title='bbox 3333 1162 3400 1216; x_wconf 89' lang='lat' dir='ltr'><strong>de</strong></span> <span class='ocrx_word' id='word_1_164' title='bbox 3449 1160 3642 1230; x_wconf 83' lang='lat' dir='ltr'><strong>Spil&#39;lltt</strong></span> <span class='ocrx_word' id='word_1_165' title='bbox 3673 1173 3730 1214; x_wconf 86' lang='lat' dir='ltr'><strong>et</strong></span> 
     </span>
    </p>
   </div>
   <div class='ocr_carea' id='block_1_25' title="bbox 2152 1253 2708 1309">
    <p class='ocr_par' dir='ltr' id='par_1_25' title="bbox 2152 1253 2708 1309">
     <span class='ocr_line' id='line_1_25' title="bbox 2152 1253 2708 1309; baseline 0.009 -5"><span class='ocrx_word' id='word_1_166' title='bbox 2152 1253 2418 1306; x_wconf 84' lang='lat' dir='ltr'><strong>charitate</strong></span> <span class='ocrx_word' id='word_1_167' title='bbox 2443 1255 2708 1309; x_wconf 89' lang='lat' dir='ltr'><strong>nascitur.</strong></span> 
     </span>
    </p>
   </div>
   <div class='ocr_carea' id='block_1_26' title="bbox 2223 1342 3730 1409">
    <p class='ocr_par' dir='ltr' id='par_1_26' title="bbox 2223 1342 3730 1409">
     <span class='ocr_line' id='line_1_26' title="bbox 2223 1342 3730 1409; baseline -0.001 -14"><span class='ocrx_word' id='word_1_168' title='bbox 2223 1342 2542 1409; x_wconf 81' lang='lat' dir='ltr'><strong>Propterea,</strong></span> <span class='ocrx_word' id='word_1_169' title='bbox 2579 1345 2938 1407; x_wconf 72' lang='lat' dir='ltr'><strong>chatissimte,</strong></span> <span class='ocrx_word' id='word_1_170' title='bbox 2988 1348 3090 1400; x_wconf 90' lang='lat' dir='ltr'><strong>hoc</strong></span> <span class='ocrx_word' id='word_1_171' title='bbox 3129 1348 3338 1407; x_wconf 83' lang='lat' dir='ltr'><strong>hortor,</strong></span> <span class='ocrx_word' id='word_1_172' title='bbox 3372 1344 3475 1398; x_wconf 81' lang='lat' dir='ltr'><strong>hoc</strong></span> <span class='ocrx_word' id='word_1_173' title='bbox 3509 1358 3730 1406; x_wconf 86' lang='lat' dir='ltr'><strong>tuoneo,</strong></span> 
     </span>
    </p>
   </div>
   <div class='ocr_carea' id='block_1_27' title="bbox 2154 1436 3731 1509">
    <p class='ocr_par' dir='ltr' id='par_1_27' title="bbox 2154 1436 3731 1509">
     <span class='ocr_line' id='line_1_27' title="bbox 2154 1436 3731 1509; baseline 0.002 -23"><span class='ocrx_word' id='word_1_174' title='bbox 2154 1436 2257 1489; x_wconf 86' lang='lat' dir='ltr'><strong>hoc</strong></span> <span class='ocrx_word' id='word_1_175' title='bbox 2289 1439 2482 1490; x_wconf 90' lang='lat' dir='ltr'><strong>mando</strong></span> <span class='ocrx_word' id='word_1_176' title='bbox 2519 1438 2690 1502; x_wconf 83' lang='lat' dir='ltr'><strong>vobis,</strong></span> <span class='ocrx_word' id='word_1_177' title='bbox 2761 1449 2816 1492; x_wconf 92' lang='lat' dir='ltr'><strong>ut</strong></span> <span class='ocrx_word' id='word_1_178' title='bbox 2847 1456 2967 1509; x_wconf 78' lang='lat' dir='ltr'><strong>qua:</strong></span> <span class='ocrx_word' id='word_1_179' title='bbox 3001 1440 3199 1494; x_wconf 81' lang='lat' dir='ltr'><strong>Christi</strong></span> <span class='ocrx_word' id='word_1_180' title='bbox 3229 1439 3570 1507; x_wconf 67' lang='lat' dir='ltr'><strong>desponsatae</strong></span> <span class='ocrx_word' id='word_1_181' title='bbox 3595 1442 3731 1491; x_wconf 80' lang='lat' dir='ltr'><strong>estis</strong></span> 
     </span>
    </p>
   </div>
   <div class='ocr_carea' id='block_1_28' title="bbox 2151 1525 3732 1595">
    <p class='ocr_par' dir='ltr' id='par_1_28' title="bbox 2151 1525 3732 1595">
     <span class='ocr_line' id='line_1_28' title="bbox 2151 1525 3732 1595; baseline 0.002 -19"><span class='ocrx_word' id='word_1_182' title='bbox 2151 1525 2427 1595; x_wconf 73' lang='lat' dir='ltr'><strong>coniugio.</strong></span> <span class='ocrx_word' id='word_1_183' title='bbox 2461 1527 2550 1580; x_wconf 83' lang='lat' dir='ltr'><strong>cui</strong></span> <span class='ocrx_word' id='word_1_184' title='bbox 2576 1543 2792 1581; x_wconf 84' lang='lat' dir='ltr'><strong>onmem</strong></span> <span class='ocrx_word' id='word_1_185' title='bbox 2840 1529 3108 1583; x_wconf 88' lang='lat' dir='ltr'><strong>castitatis</strong></span> <span class='ocrx_word' id='word_1_186' title='bbox 3160 1540 3355 1582; x_wconf 66' lang='lat' dir='ltr'><strong>vestrae</strong></span> <span class='ocrx_word' id='word_1_187' title='bbox 3395 1528 3550 1580; x_wconf 80' lang='lat' dir='ltr'><strong>fidem</strong></span> <span class='ocrx_word' id='word_1_188' title='bbox 3582 1527 3732 1579; x_wconf 76' lang='lat' dir='ltr'><strong>voti-</strong></span> 
     </span>
    </p>
   </div>
   <div class='ocr_carea' id='block_1_29' title="bbox 2152 1616 3734 1688">
    <p class='ocr_par' dir='ltr' id='par_1_29' title="bbox 2152 1616 3734 1688">
     <span class='ocr_line' id='line_1_29' title="bbox 2152 1616 3734 1688; baseline 0.004 -22"><span class='ocrx_word' id='word_1_189' title='bbox 2152 1616 2290 1666; x_wconf 79' lang='lat' dir='ltr'><strong>stis:</strong></span> <span class='ocrx_word' id='word_1_190' title='bbox 2331 1618 2416 1668; x_wconf 87' lang='lat' dir='ltr'><strong>cui</strong></span> <span class='ocrx_word' id='word_1_191' title='bbox 2448 1617 2652 1671; x_wconf 87' lang='lat' dir='ltr'><strong>nullutn</strong></span> <span class='ocrx_word' id='word_1_192' title='bbox 2685 1630 2882 1688; x_wconf 69' lang='lat' dir='ltr'><strong>praeter</strong></span> <span class='ocrx_word' id='word_1_193' title='bbox 2952 1623 3124 1686; x_wconf 88' lang='lat' dir='ltr'><strong>ipsum</strong></span> <span class='ocrx_word' id='word_1_194' title='bbox 3184 1629 3482 1672; x_wconf 81' lang='lat' dir='ltr'><strong>amatorem</strong></span> <span class='ocrx_word' id='word_1_195' title='bbox 3530 1633 3734 1684; x_wconf 82' lang='lat' dir='ltr'><strong>cogno-</strong></span> 
     </span>
    </p>
   </div>
   <div class='ocr_carea' id='block_1_30' title="bbox 2151 1707 3734 1778">
    <p class='ocr_par' dir='ltr' id='par_1_30' title="bbox 2151 1707 3734 1778">
     <span class='ocr_line' id='line_1_30' title="bbox 2151 1707 3734 1778; baseline 0.002 -20"><span class='ocrx_word' id='word_1_196' title='bbox 2151 1721 2302 1758; x_wconf 68' lang='lat' dir='ltr'><strong>scere</strong></span> <span class='ocrx_word' id='word_1_197' title='bbox 2339 1707 2442 1761; x_wconf 91' lang='lat' dir='ltr'><strong>sub</strong></span> <span class='ocrx_word' id='word_1_198' title='bbox 2488 1708 2841 1778; x_wconf 82' lang='lat' dir='ltr'><strong>jurejurando</strong></span> <span class='ocrx_word' id='word_1_199' title='bbox 2874 1712 3006 1764; x_wconf 88' lang='lat' dir='ltr'><strong>estis</strong></span> <span class='ocrx_word' id='word_1_200' title='bbox 3060 1711 3360 1778; x_wconf 68' lang='lat' dir='ltr'><strong>pollicitze:</strong></span> <span class='ocrx_word' id='word_1_201' title='bbox 3400 1710 3500 1763; x_wconf 87' lang='lat' dir='ltr'><strong>viri</strong></span> <span class='ocrx_word' id='word_1_202' title='bbox 3553 1712 3734 1778; x_wconf 87' lang='lat' dir='ltr'><strong>cujus-</strong></span> 
     </span>
    </p>
   </div>
   <div class='ocr_carea' id='block_1_31' title="bbox 2151 1802 3726 1868">
    <p class='ocr_par' dir='ltr' id='par_1_31' title="bbox 2151 1802 3726 1868">
     <span class='ocr_line' id='line_1_31' title="bbox 2151 1802 3726 1868; baseline 0.002 -16"><span class='ocrx_word' id='word_1_203' title='bbox 2151 1814 2367 1868; x_wconf 85' lang='lat' dir='ltr'><strong>cunque</strong></span> <span class='ocrx_word' id='word_1_204' title='bbox 2404 1802 2566 1854; x_wconf 88' lang='lat' dir='ltr'><strong>etiam</strong></span> <span class='ocrx_word' id='word_1_205' title='bbox 2619 1804 2663 1854; x_wconf 83' lang='lat' dir='ltr'><strong>si</strong></span> <span class='ocrx_word' id='word_1_206' title='bbox 2700 1817 2825 1856; x_wconf 92' lang='lat' dir='ltr'><strong>eum</strong></span> <span class='ocrx_word' id='word_1_207' title='bbox 2877 1804 3144 1858; x_wconf 84' lang='lat' dir='ltr'><strong>sanctitas</strong></span> <span class='ocrx_word' id='word_1_208' title='bbox 3196 1813 3446 1866; x_wconf 77' lang='lat' dir='ltr'><strong>exornet,</strong></span> <span class='ocrx_word' id='word_1_209' title='bbox 3477 1804 3638 1857; x_wconf 88' lang='lat' dir='ltr'><strong>etiam</strong></span> <span class='ocrx_word' id='word_1_210' title='bbox 3675 1802 3726 1855; x_wconf 88' lang='lat' dir='ltr'><strong>si</strong></span> 
     </span>
    </p>
   </div>
   <div class='ocr_carea' id='block_1_32' title="bbox 469 1882 3731 1967">
    <p class='ocr_par' dir='ltr' id='par_1_32' title="bbox 469 1882 3731 1967">
     <span class='ocr_line' id='line_1_32' title="bbox 469 1882 3731 1967; baseline -0.001 -18"><span class='ocrx_word' id='word_1_211' title='bbox 469 1900 690 1952; x_wconf 86' lang='lat' dir='ltr'><strong>missum</strong></span> <span class='ocrx_word' id='word_1_212' title='bbox 715 1909 796 1952; x_wconf 88' lang='lat' dir='ltr'><strong>est</strong></span> <span class='ocrx_word' id='word_1_213' title='bbox 826 1898 1097 1967; x_wconf 85' lang='lat' dir='ltr'><strong>regimen;</strong></span> <span class='ocrx_word' id='word_1_214' title='bbox 1126 1914 1284 1965; x_wconf 85' lang='lat' dir='ltr'><strong>quem</strong></span> <span class='ocrx_word' id='word_1_215' title='bbox 1339 1901 1478 1951; x_wconf 85' lang='lat' dir='ltr'><strong>Deus</strong></span> <span class='ocrx_word' id='word_1_216' title='bbox 1524 1900 1918 1967; x_wconf 80' lang='lat' dir='ltr'><strong>speculatorem</strong></span> <span class='ocrx_word' id='word_1_217' title='bbox 1944 1915 2038 1966; x_wconf 88' lang='lat' dir='ltr'><strong>po-</strong></span> <span class='ocrx_word' id='word_1_218' title='bbox 2073 1882 2118 1942; x_wconf 74' lang='grc' dir='ltr'><strong>Β</strong></span> <span class='ocrx_word' id='word_1_219' title='bbox 2152 1890 2403 1959; x_wconf 66' lang='lat' dir='ltr'><strong>Baptism:</strong></span> <span class='ocrx_word' id='word_1_220' title='bbox 2431 1903 2744 1960; x_wconf 73' lang='lat' dir='ltr'><strong>aequaretur</strong></span> <span class='ocrx_word' id='word_1_221' title='bbox 2774 1897 2827 1948; x_wconf 94' lang='lat' dir='ltr'><strong>in</strong></span> <span class='ocrx_word' id='word_1_222' title='bbox 2885 1896 3118 1958; x_wconf 86' lang='lat' dir='ltr'><strong>meritis,</strong></span> <span class='ocrx_word' id='word_1_223' title='bbox 3176 1895 3437 1962; x_wconf 81' lang='lat' dir='ltr'><strong>qna-ratis</strong></span> <span class='ocrx_word' id='word_1_224' title='bbox 3487 1893 3731 1961; x_wconf 69' lang='lat' dir='ltr'><strong>effugere</strong></span> 
     </span>
    </p>
   </div>
   <div class='ocr_carea' id='block_1_33' title="bbox 468 1989 2040 2057">
    <p class='ocr_par' dir='ltr' id='par_1_33' title="bbox 468 1989 2040 2057">
     <span class='ocr_line' id='line_1_33' title="bbox 468 1989 2040 2057; baseline -0.001 -14"><span class='ocrx_word' id='word_1_225' title='bbox 468 1992 579 2043; x_wconf 81' lang='lat' dir='ltr'><strong>suit</strong></span> <span class='ocrx_word' id='word_1_226' title='bbox 632 1992 685 2044; x_wconf 92' lang='lat' dir='ltr'><strong>in</strong></span> <span class='ocrx_word' id='word_1_227' title='bbox 750 1991 900 2043; x_wconf 79' lang='lat' dir='ltr'><strong>vinea</strong></span> <span class='ocrx_word' id='word_1_228' title='bbox 951 2005 1070 2054; x_wconf 88' lang='lat' dir='ltr'><strong>sua,</strong></span> <span class='ocrx_word' id='word_1_229' title='bbox 1127 1998 1399 2057; x_wconf 77' lang='lat' dir='ltr'><strong>pastorem</strong></span> <span class='ocrx_word' id='word_1_230' title='bbox 1449 1991 1658 2053; x_wconf 71' lang='lat' dir='ltr'><strong>ovium,</strong></span> <span class='ocrx_word' id='word_1_231' title='bbox 1710 1989 2040 2044; x_wconf 89' lang='lat' dir='ltr'><strong>directoretn</strong></span> 
     </span>
    </p>
   </div>
   <div class='ocr_carea' id='block_1_34' title="bbox 467 2081 2045 2154">
    <p class='ocr_par' dir='ltr' id='par_1_34' title="bbox 467 2081 2045 2154">
     <span class='ocr_line' id='line_1_34' title="bbox 467 2081 2045 2154; baseline 0 -20"><span class='ocrx_word' id='word_1_232' title='bbox 467 2084 644 2154; x_wconf 80' lang='lat' dir='ltr'><strong>gregis</strong></span> <span class='ocrx_word' id='word_1_233' title='bbox 671 2099 734 2136; x_wconf 86' lang='lat' dir='ltr'><strong>ac</strong></span> <span class='ocrx_word' id='word_1_234' title='bbox 785 2083 1063 2135; x_wconf 88' lang='lat' dir='ltr'><strong>ductorem</strong></span> <span class='ocrx_word' id='word_1_235' title='bbox 1107 2081 1280 2148; x_wconf 78' lang='lat' dir='ltr'><strong>plebis</strong></span> <span class='ocrx_word' id='word_1_236' title='bbox 1340 2092 1396 2134; x_wconf 90' lang='lat' dir='ltr'><strong>et</strong></span> <span class='ocrx_word' id='word_1_237' title='bbox 1455 2081 1663 2149; x_wconf 81' lang='lat' dir='ltr'><strong>pepuli,</strong></span> <span class='ocrx_word' id='word_1_238' title='bbox 1717 2083 1955 2135; x_wconf 83' lang='lat' dir='ltr'><strong>civitatis</strong></span> <span class='ocrx_word' id='word_1_239' title='bbox 1988 2093 2045 2134; x_wconf 89' lang='lat' dir='ltr'><strong>et</strong></span> 
     </span>
    </p>
   </div>
   <div class='ocr_carea' id='block_1_35' title="bbox 468 2173 2043 2242">
    <p class='ocr_par' dir='ltr' id='par_1_35' title="bbox 468 2173 2043 2242">
     <span class='ocr_line' id='line_1_35' title="bbox 468 2173 2043 2242; baseline 0.003 -20"><span class='ocrx_word' id='word_1_240' title='bbox 468 2174 732 2240; x_wconf 63' lang='lat' dir='ltr'><strong>parrochiae</strong></span> <span class='ocrx_word' id='word_1_241' title='bbox 763 2173 814 2224; x_wconf 87' lang='lat' dir='ltr'><strong>in</strong></span> <span class='ocrx_word' id='word_1_242' title='bbox 851 2189 956 2241; x_wconf 86' lang='lat' dir='ltr'><strong>qua</strong></span> <span class='ocrx_word' id='word_1_243' title='bbox 988 2173 1204 2240; x_wconf 79' lang='lat' dir='ltr'><strong>degitis,</strong></span> <span class='ocrx_word' id='word_1_244' title='bbox 1240 2190 1333 2226; x_wconf 80' lang='lat' dir='ltr'><strong>vos</strong></span> <span class='ocrx_word' id='word_1_245' title='bbox 1378 2174 1622 2226; x_wconf 78' lang='lat' dir='ltr'><strong>custodia</strong></span> <span class='ocrx_word' id='word_1_246' title='bbox 1669 2173 1927 2242; x_wconf 80' lang='lat' dir='ltr'><strong>singulari</strong></span> <span class='ocrx_word' id='word_1_247' title='bbox 1959 2173 2043 2227; x_wconf 84' lang='lat' dir='ltr'><strong>fo-</strong></span> 
     </span>
    </p>
   </div>
   <div class='ocr_carea' id='block_1_36' title="bbox 468 2262 2040 2331">
    <p class='ocr_par' dir='ltr' id='par_1_36' title="bbox 468 2262 2040 2331">
     <span class='ocr_line' id='line_1_36' title="bbox 468 2262 2040 2331; baseline 0.002 -18"><span class='ocrx_word' id='word_1_248' title='bbox 468 2273 608 2325; x_wconf 73' lang='lat' dir='ltr'><strong>veat,</strong></span> <span class='ocrx_word' id='word_1_249' title='bbox 643 2273 844 2316; x_wconf 76' lang='lat' dir='ltr'><strong>sanctae</strong></span> <span class='ocrx_word' id='word_1_250' title='bbox 877 2263 1137 2315; x_wconf 72' lang='lat' dir='ltr'><strong>doctrina:</strong></span> <span class='ocrx_word' id='word_1_251' title='bbox 1177 2278 1265 2315; x_wconf 82' lang='lat' dir='ltr'><strong>vos</strong></span> <span class='ocrx_word' id='word_1_252' title='bbox 1293 2263 1486 2331; x_wconf 87' lang='lat' dir='ltr'><strong>pabulo</strong></span> <span class='ocrx_word' id='word_1_253' title='bbox 1515 2262 1754 2318; x_wconf 87' lang='lat' dir='ltr'><strong>nutriat:</strong></span> <span class='ocrx_word' id='word_1_254' title='bbox 1779 2274 1832 2316; x_wconf 87' lang='lat' dir='ltr'><strong>et</strong></span> <span class='ocrx_word' id='word_1_255' title='bbox 1856 2279 2040 2317; x_wconf 88' lang='lat' dir='ltr'><strong>coram</strong></span> 
     </span>
    </p>
   </div>
   <div class='ocr_carea' id='block_1_37' title="bbox 467 2356 2039 2422">
    <p class='ocr_par' dir='ltr' id='par_1_37' title="bbox 467 2356 2039 2422">
     <span class='ocr_line' id='line_1_37' title="bbox 467 2356 2039 2422; baseline -0.003 -14"><span class='ocrx_word' id='word_1_256' title='bbox 467 2357 576 2409; x_wconf 78' lang='lat' dir='ltr'><strong>[leo</strong></span> <span class='ocrx_word' id='word_1_257' title='bbox 601 2358 908 2408; x_wconf 81' lang='lat' dir='ltr'><strong>anitnatum</strong></span> <span class='ocrx_word' id='word_1_258' title='bbox 952 2365 1255 2408; x_wconf 83' lang='lat' dir='ltr'><strong>vestrarum</strong></span> <span class='ocrx_word' id='word_1_259' title='bbox 1288 2371 1472 2408; x_wconf 84' lang='lat' dir='ltr'><strong>curam</strong></span> <span class='ocrx_word' id='word_1_260' title='bbox 1520 2366 1674 2422; x_wconf 87' lang='lat' dir='ltr'><strong>gerat</strong></span> <span class='ocrx_word' id='word_1_261' title='bbox 1724 2356 2039 2422; x_wconf 81' lang='lat' dir='ltr'><strong>specialem,</strong></span> 
     </span>
    </p>
   </div>
   <div class='ocr_carea' id='block_1_38' title="bbox 467 2447 2042 2514">
    <p class='ocr_par' dir='ltr' id='par_1_38' title="bbox 467 2447 2042 2514">
     <span class='ocr_line' id='line_1_38' title="bbox 467 2447 2042 2514; baseline -0.002 -15"><span class='ocrx_word' id='word_1_262' title='bbox 467 2450 551 2500; x_wconf 82' lang='grc' dir='ltr'>ιιιί</span> <span class='ocrx_word' id='word_1_263' title='bbox 585 2447 873 2500; x_wconf 84' lang='lat' dir='ltr'><strong>commissa</strong></span> <span class='ocrx_word' id='word_1_264' title='bbox 906 2457 989 2500; x_wconf 84' lang='lat' dir='ltr'><strong>est</strong></span> <span class='ocrx_word' id='word_1_265' title='bbox 1038 2448 1235 2500; x_wconf 78' lang='lat' dir='ltr'><strong>civitas</strong></span> <span class='ocrx_word' id='word_1_266' title='bbox 1288 2449 1540 2499; x_wconf 76' lang='lat' dir='ltr'><strong>universa</strong></span> <span class='ocrx_word' id='word_1_267' title='bbox 1581 2464 1594 2499; x_wconf 90' lang='lat'><strong>:</strong></span> <span class='ocrx_word' id='word_1_268' title='bbox 1631 2448 1754 2500; x_wconf 83' lang='lat' dir='ltr'><strong>huic</strong></span> <span class='ocrx_word' id='word_1_269' title='bbox 1795 2449 2042 2514; x_wconf 74' lang='lat' dir='ltr'><strong>a-quani-</strong></span> 
     </span>
    </p>
   </div>
   <div class='ocr_carea' id='block_1_39' title="bbox 470 2538 2044 2603">
    <p class='ocr_par' dir='ltr' id='par_1_39' title="bbox 470 2538 2044 2603">
     <span class='ocr_line' id='line_1_39' title="bbox 470 2538 2044 2603; baseline 0.001 -13"><span class='ocrx_word' id='word_1_270' title='bbox 470 2543 627 2592; x_wconf 87' lang='lat' dir='ltr'><strong>miter</strong></span> <span class='ocrx_word' id='word_1_271' title='bbox 653 2539 794 2591; x_wconf 81' lang='lat' dir='ltr'><strong>sicut</strong></span> <span class='ocrx_word' id='word_1_272' title='bbox 825 2538 932 2590; x_wconf 87' lang='lat' dir='ltr'><strong>Deo</strong></span> <span class='ocrx_word' id='word_1_273' title='bbox 972 2555 1162 2592; x_wconf 79' lang='lat' dir='ltr'><strong>onmes</strong></span> <span class='ocrx_word' id='word_1_274' title='bbox 1190 2540 1384 2592; x_wconf 88' lang='lat' dir='ltr'><strong>devote</strong></span> <span class='ocrx_word' id='word_1_275' title='bbox 1443 2542 1696 2593; x_wconf 85' lang='lat' dir='ltr'><strong>obetliant</strong></span> <span class='ocrx_word' id='word_1_276' title='bbox 1731 2557 1745 2592; x_wconf 91' lang='lat'>:</span> <span class='ocrx_word' id='word_1_277' title='bbox 1778 2541 1921 2592; x_wconf 91' lang='lat' dir='ltr'><strong>hunc</strong></span> <span class='ocrx_word' id='word_1_278' title='bbox 1950 2554 2044 2603; x_wconf 84' lang='lat' dir='ltr'><strong>pa-</strong></span> 
     </span>
    </p>
   </div>
   <div class='ocr_carea' id='block_1_40' title="bbox 467 2630 2040 2700">
    <p class='ocr_par' dir='ltr' id='par_1_40' title="bbox 467 2630 2040 2700">
     <span class='ocr_line' id='line_1_40' title="bbox 467 2630 2040 2700; baseline 0.001 -19"><span class='ocrx_word' id='word_1_279' title='bbox 467 2640 624 2695; x_wconf 87' lang='lat' dir='ltr'><strong>trem,</strong></span> <span class='ocrx_word' id='word_1_280' title='bbox 665 2630 809 2682; x_wconf 90' lang='lat' dir='ltr'><strong>hunc</strong></span> <span class='ocrx_word' id='word_1_281' title='bbox 869 2630 1162 2681; x_wconf 81' lang='lat' dir='ltr'><strong>zelatorem</strong></span> <span class='ocrx_word' id='word_1_282' title='bbox 1227 2632 1533 2695; x_wconf 77' lang='lat' dir='ltr'><strong>virtutum,</strong></span> <span class='ocrx_word' id='word_1_283' title='bbox 1595 2643 1701 2682; x_wconf 89' lang='lat' dir='ltr'><strong>tam</strong></span> <span class='ocrx_word' id='word_1_284' title='bbox 1757 2635 2040 2700; x_wconf 59' lang='lat' dir='ltr'><strong>ptavposita</strong></span> 
     </span>
    </p>
   </div>
   <div class='ocr_carea' id='block_1_41' title="bbox 463 2721 2041 2791">
    <p class='ocr_par' dir='ltr' id='par_1_41' title="bbox 463 2721 2041 2791">
     <span class='ocr_line' id='line_1_41' title="bbox 463 2721 2041 2791; baseline 0.001 -16"><span class='ocrx_word' id='word_1_285' title='bbox 463 2737 774 2786; x_wconf 82' lang='lat' dir='ltr'><strong>veneretur,</strong></span> <span class='ocrx_word' id='word_1_286' title='bbox 818 2737 978 2788; x_wconf 87' lang='lat' dir='ltr'><strong>qttam</strong></span> <span class='ocrx_word' id='word_1_287' title='bbox 1006 2722 1256 2774; x_wconf 74' lang='lat' dir='ltr'><strong>subditaz.</strong></span> <span class='ocrx_word' id='word_1_288' title='bbox 1291 2721 1400 2775; x_wconf 80' lang='lat' dir='ltr'><strong>Lex</strong></span> <span class='ocrx_word' id='word_1_289' title='bbox 1442 2725 1550 2791; x_wconf 87' lang='lat' dir='ltr'><strong>ipsa</strong></span> <span class='ocrx_word' id='word_1_290' title='bbox 1581 2736 1848 2786; x_wconf 75' lang='lat' dir='ltr'><strong>servetur,</strong></span> <span class='ocrx_word' id='word_1_291' title='bbox 1882 2740 2041 2790; x_wconf 79' lang='lat' dir='ltr'><strong>qttam</strong></span> 
     </span>
    </p>
   </div>
   <div class='ocr_carea' id='block_1_42' title="bbox 465 2811 2040 2884">
    <p class='ocr_par' dir='ltr' id='par_1_42' title="bbox 465 2811 2040 2884">
     <span class='ocr_line' id='line_1_42' title="bbox 465 2811 2040 2884; baseline 0 -18"><span class='ocrx_word' id='word_1_292' title='bbox 465 2815 707 2884; x_wconf 79' lang='lat' dir='ltr'><strong>posuerit</strong></span> <span class='ocrx_word' id='word_1_293' title='bbox 738 2817 894 2866; x_wconf 82' lang='lat' dir='ltr'><strong>vobis</strong></span> <span class='ocrx_word' id='word_1_294' title='bbox 935 2815 985 2866; x_wconf 92' lang='lat' dir='ltr'><strong>in</strong></span> <span class='ocrx_word' id='word_1_295' title='bbox 1019 2817 1097 2866; x_wconf 80' lang='lat' dir='ltr'><strong>via</strong></span> <span class='ocrx_word' id='word_1_296' title='bbox 1131 2811 1246 2866; x_wconf 84' lang='lat' dir='ltr'><strong>Dei.</strong></span> <span class='ocrx_word' id='word_1_297' title='bbox 1301 2815 1352 2865; x_wconf 77' lang='lat' dir='ltr'><strong>St</strong></span> <span class='ocrx_word' id='word_1_298' title='bbox 1388 2831 1492 2882; x_wconf 67' lang='lat' dir='ltr'><strong>qua</strong></span> <span class='ocrx_word' id='word_1_299' title='bbox 1528 2831 1777 2867; x_wconf 85' lang='lat' dir='ltr'><strong>sororum</strong></span> <span class='ocrx_word' id='word_1_300' title='bbox 1812 2815 2040 2867; x_wconf 70' lang='lat' dir='ltr'><strong>eﬂ&#39;tenis</strong></span> 
     </span>
    </p>
   </div>
   <div class='ocr_carea' id='block_1_43' title="bbox 463 2905 2038 2973">
    <p class='ocr_par' dir='ltr' id='par_1_43' title="bbox 463 2905 2038 2973">
     <span class='ocr_line' id='line_1_43' title="bbox 463 2905 2038 2973; baseline -0.001 -15"><span class='ocrx_word' id='word_1_301' title='bbox 463 2917 566 2966; x_wconf 75' lang='lat' dir='ltr'><strong>est,</strong></span> <span class='ocrx_word' id='word_1_302' title='bbox 601 2917 654 2958; x_wconf 86' lang='lat' dir='ltr'><strong>et</strong></span> <span class='ocrx_word' id='word_1_303' title='bbox 686 2905 986 2973; x_wconf 78' lang='lat' dir='ltr'><strong>discrplinte</strong></span> <span class='ocrx_word' id='word_1_304' title='bbox 1041 2908 1471 2971; x_wconf 51' lang='lat' dir='ltr'><strong>pra&#39;varit&#39;atrtx,</strong></span> <span class='ocrx_word' id='word_1_305' title='bbox 1514 2916 1568 2958; x_wconf 83' lang='lat' dir='ltr'><strong>et</strong></span> <span class='ocrx_word' id='word_1_306' title='bbox 1599 2905 1983 2973; x_wconf 73' lang='lat' dir='ltr'><strong>incorrigtbilis</strong></span> <span class='ocrx_word' id='word_1_307' title='bbox 2010 2920 2038 2956; x_wconf 86' lang='lat' dir='ltr'><strong>a</strong></span> 
     </span>
    </p>
   </div>
   <div class='ocr_carea' id='block_1_44' title="bbox 465 2997 2042 3068">
    <p class='ocr_par' dir='ltr' id='par_1_44' title="bbox 465 2997 2042 3068">
     <span class='ocr_line' id='line_1_44' title="bbox 465 2997 2042 3068; baseline -0.003 -16"><span class='ocrx_word' id='word_1_308' title='bbox 465 2999 778 3068; x_wconf 63' lang='lat' dir='ltr'><strong>prwtiosita,</strong></span> <span class='ocrx_word' id='word_1_309' title='bbox 811 2998 1154 3058; x_wconf 74' lang='lat' dir='ltr'><strong>emendetur,</strong></span> <span class='ocrx_word' id='word_1_310' title='bbox 1215 2997 1631 3066; x_wconf 27' lang='lat' dir='ltr'><strong>castigetur,’et</strong></span> <span class='ocrx_word' id='word_1_311' title='bbox 1662 3000 1915 3063; x_wconf 74' lang='lat' dir='ltr'><strong>puniatur</strong></span> <span class='ocrx_word' id='word_1_312' title='bbox 1950 3012 2042 3063; x_wconf 90' lang='lat' dir='ltr'><strong>per</strong></span> 
     </span>
    </p>
   </div>
   <div class='ocr_carea' id='block_1_45' title="bbox 462 3099 660 3156">
    <p class='ocr_par' dir='ltr' id='par_1_45' title="bbox 462 3099 660 3156">
     <span class='ocr_line' id='line_1_45' title="bbox 462 3099 660 3156; baseline 0 -16"><span class='ocrx_word' id='word_1_313' title='bbox 462 3099 477 3140; x_wconf 84' lang='lat' dir='ltr'><strong>&#39;t</strong></span> <span class='ocrx_word' id='word_1_314' title='bbox 487 3104 576 3156; x_wconf 80' lang='lat' dir='ltr'><strong>psa</strong></span> <span class='ocrx_word' id='word_1_315' title='bbox 588 3107 634 3139; x_wconf 91' lang='lat' dir='ltr'><strong>tn</strong></span> <span class='ocrx_word' id='word_1_316' title='bbox 647 3127 660 3140; x_wconf 93' lang='lat'><strong>.</strong></span> 
     </span>
    </p>
   </div>
   <div class='ocr_carea' id='block_1_46' title="bbox 533 3177 2036 3246">
    <p class='ocr_par' dir='ltr' id='par_1_46' title="bbox 533 3177 2036 3246">
     <span class='ocr_line' id='line_1_46' title="bbox 533 3177 2036 3246; baseline -0.003 -14"><span class='ocrx_word' id='word_1_317' title='bbox 533 3180 685 3232; x_wconf 84' lang='lat' dir='ltr'><strong>Hunc</strong></span> <span class='ocrx_word' id='word_1_318' title='bbox 713 3179 1032 3233; x_wconf 73' lang='lat' dir='ltr'><strong>dilectionis</strong></span> <span class='ocrx_word' id='word_1_319' title='bbox 1079 3179 1349 3240; x_wconf 83' lang='lat' dir='ltr'><strong>baculum,</strong></span> <span class='ocrx_word' id='word_1_320' title='bbox 1381 3189 1432 3231; x_wconf 86' lang='lat' dir='ltr'><strong>et</strong></span> <span class='ocrx_word' id='word_1_321' title='bbox 1477 3180 1678 3246; x_wconf 60' lang='lat' dir='ltr'><strong>virgam</strong></span> <span class='ocrx_word' id='word_1_322' title='bbox 1715 3177 2036 3244; x_wconf 74' lang='lat' dir='ltr'><strong>disciplinae,</strong></span> 
     </span>
    </p>
   </div>
   <div class='ocr_carea' id='block_1_47' title="bbox 460 3267 2037 3335">
    <p class='ocr_par' dir='ltr' id='par_1_47' title="bbox 460 3267 2037 3335">
     <span class='ocr_line' id='line_1_47' title="bbox 460 3267 2037 3335; baseline 0.001 -17"><span class='ocrx_word' id='word_1_323' title='bbox 460 3283 582 3318; x_wconf 87' lang='lat' dir='ltr'><strong>cum</strong></span> <span class='ocrx_word' id='word_1_324' title='bbox 615 3281 643 3317; x_wconf 90' lang='lat' dir='ltr'><strong>a</strong></span> <span class='ocrx_word' id='word_1_325' title='bbox 675 3268 883 3318; x_wconf 82' lang='lat' dir='ltr'><strong>semitis</strong></span> <span class='ocrx_word' id='word_1_326' title='bbox 903 3267 1129 3335; x_wconf 72' lang='lat' dir='ltr'><strong>iustitiae</strong></span> <span class='ocrx_word' id='word_1_327' title='bbox 1160 3268 1363 3325; x_wconf 66' lang='lat' dir='ltr'><strong>deviat,</strong></span> <span class='ocrx_word' id='word_1_328' title='bbox 1392 3270 1563 3333; x_wconf 80' lang='lat' dir='ltr'><strong>ipsam</strong></span> <span class='ocrx_word' id='word_1_329' title='bbox 1591 3279 1645 3320; x_wconf 87' lang='lat' dir='ltr'><strong>et</strong></span> <span class='ocrx_word' id='word_1_330' title='bbox 1671 3270 1835 3319; x_wconf 77' lang='lat' dir='ltr'><strong>etiam</strong></span> <span class='ocrx_word' id='word_1_331' title='bbox 1873 3268 2037 3319; x_wconf 76' lang='lat' dir='ltr'><strong>abha-</strong></span> 
     </span>
    </p>
   </div>
   <div class='ocr_carea' id='block_1_48' title="bbox 463 3359 2038 3426">
    <p class='ocr_par' dir='ltr' id='par_1_48' title="bbox 463 3359 2038 3426">
     <span class='ocr_line' id='line_1_48' title="bbox 463 3359 2038 3426; baseline 0.003 -19"><span class='ocrx_word' id='word_1_332' title='bbox 463 3363 591 3410; x_wconf 81' lang='lat' dir='ltr'><strong>tissa</strong></span> <span class='ocrx_word' id='word_1_333' title='bbox 625 3371 912 3426; x_wconf 80' lang='lat' dir='ltr'><strong>cognoscat</strong></span> <span class='ocrx_word' id='word_1_334' title='bbox 962 3375 1087 3412; x_wconf 84' lang='lat' dir='ltr'><strong>cum</strong></span> <span class='ocrx_word' id='word_1_335' title='bbox 1120 3374 1349 3414; x_wconf 66' lang='lat' dir='ltr'><strong>caeteris.</strong></span> <span class='ocrx_word' id='word_1_336' title='bbox 1411 3359 1688 3413; x_wconf 71' lang='lat' dir='ltr'><strong>Reddatur</strong></span> <span class='ocrx_word' id='word_1_337' title='bbox 1741 3365 1916 3413; x_wconf 82' lang='lat' dir='ltr'><strong>cidem</strong></span> <span class='ocrx_word' id='word_1_338' title='bbox 1957 3365 2038 3412; x_wconf 73' lang='lat' dir='ltr'><strong>his</strong></span> 
     </span>
    </p>
   </div>
   <div class='ocr_carea' id='block_1_49' title="bbox 463 3451 2041 3520">
    <p class='ocr_par' dir='ltr' id='par_1_49' title="bbox 463 3451 2041 3520">
     <span class='ocr_line' id='line_1_49' title="bbox 463 3451 2041 3520; baseline 0.003 -20"><span class='ocrx_word' id='word_1_339' title='bbox 463 3463 556 3502; x_wconf 88' lang='lat' dir='ltr'><strong>attt</strong></span> <span class='ocrx_word' id='word_1_340' title='bbox 589 3454 789 3517; x_wconf 89' lang='lat' dir='ltr'><strong>pluries</strong></span> <span class='ocrx_word' id='word_1_341' title='bbox 839 3451 1064 3520; x_wconf 85' lang='lat' dir='ltr'><strong>singulis</strong></span> <span class='ocrx_word' id='word_1_342' title='bbox 1115 3467 1270 3505; x_wconf 76' lang='lat' dir='ltr'><strong>annis</strong></span> <span class='ocrx_word' id='word_1_343' title='bbox 1317 3463 1507 3520; x_wconf 82' lang='lat' dir='ltr'><strong>patens</strong></span> <span class='ocrx_word' id='word_1_344' title='bbox 1552 3455 1711 3518; x_wconf 69' lang='lat' dir='ltr'><strong>ratio,</strong></span> <span class='ocrx_word' id='word_1_345' title='bbox 1763 3455 1829 3505; x_wconf 88' lang='lat' dir='ltr'><strong>de</strong></span> <span class='ocrx_word' id='word_1_346' title='bbox 1886 3455 2041 3504; x_wconf 68' lang='lat' dir='ltr'><strong>bonis</strong></span> 
     </span>
    </p>
   </div>
   <div class='ocr_carea' id='block_1_50' title="bbox 465 3545 2037 3609">
    <p class='ocr_par' dir='ltr' id='par_1_50' title="bbox 465 3545 2037 3609">
     <span class='ocr_line' id='line_1_50' title="bbox 465 3545 2037 3609; baseline 0.003 -15"><span class='ocrx_word' id='word_1_347' title='bbox 465 3545 803 3607; x_wconf 79' lang='lat' dir='ltr'><strong>monasterii,</strong></span> <span class='ocrx_word' id='word_1_348' title='bbox 844 3547 906 3596; x_wconf 79' lang='lat' dir='ltr'><strong>de</strong></span> <span class='ocrx_word' id='word_1_349' title='bbox 932 3553 1074 3596; x_wconf 88' lang='lat' dir='ltr'><strong>statu</strong></span> <span class='ocrx_word' id='word_1_350' title='bbox 1107 3560 1380 3597; x_wconf 86' lang='lat' dir='ltr'><strong>sororum.</strong></span> <span class='ocrx_word' id='word_1_351' title='bbox 1406 3551 1469 3599; x_wconf 89' lang='lat' dir='ltr'><strong>de</strong></span> <span class='ocrx_word' id='word_1_352' title='bbox 1509 3545 1636 3609; x_wconf 78' lang='lat' dir='ltr'><strong>vita,</strong></span> <span class='ocrx_word' id='word_1_353' title='bbox 1670 3551 1734 3597; x_wconf 85' lang='lat' dir='ltr'><strong>tle</strong></span> <span class='ocrx_word' id='word_1_354' title='bbox 1775 3547 2037 3609; x_wconf 84' lang='lat' dir='ltr'><strong>moribus,</strong></span> 
     </span>
    </p>
   </div>
   <div class='ocr_carea' id='block_1_51' title="bbox 462 3636 2038 3704">
    <p class='ocr_par' dir='ltr' id='par_1_51' title="bbox 462 3636 2038 3704">
     <span class='ocr_line' id='line_1_51' title="bbox 462 3636 2038 3704; baseline -0.001 -16"><span class='ocrx_word' id='word_1_355' title='bbox 462 3652 528 3690; x_wconf 78' lang='lat' dir='ltr'><strong>ne</strong></span> <span class='ocrx_word' id='word_1_356' title='bbox 549 3636 659 3704; x_wconf 86' lang='lat' dir='ltr'><strong>jattt</strong></span> <span class='ocrx_word' id='word_1_357' title='bbox 686 3638 860 3688; x_wconf 69' lang='lat' dir='ltr'><strong>Valeat</strong></span> <span class='ocrx_word' id='word_1_358' title='bbox 890 3651 1018 3689; x_wconf 87' lang='lat' dir='ltr'><strong>oves</strong></span> <span class='ocrx_word' id='word_1_359' title='bbox 1050 3637 1300 3704; x_wconf 66' lang='lat' dir='ltr'><strong>ignorare</strong></span> <span class='ocrx_word' id='word_1_360' title='bbox 1332 3652 1466 3703; x_wconf 86' lang='lat' dir='ltr'><strong>quas</strong></span> <span class='ocrx_word' id='word_1_361' title='bbox 1499 3637 1760 3704; x_wconf 75' lang='lat' dir='ltr'><strong>regendas</strong></span> <span class='ocrx_word' id='word_1_362' title='bbox 1783 3640 2038 3704; x_wconf 71' lang='lat' dir='ltr'><strong>sust-epit.</strong></span> 
     </span>
    </p>
   </div>
   <div class='ocr_carea' id='block_1_52' title="bbox 461 3728 2040 3796">
    <p class='ocr_par' dir='ltr' id='par_1_52' title="bbox 461 3728 2040 3796">
     <span class='ocr_line' id='line_1_52' title="bbox 461 3728 2040 3796; baseline -0.001 -14"><span class='ocrx_word' id='word_1_363' title='bbox 461 3728 605 3782; x_wconf 77' lang='lat' dir='ltr'><strong>Nihil</strong></span> <span class='ocrx_word' id='word_1_364' title='bbox 639 3730 866 3781; x_wconf 82' lang='lat' dir='ltr'><strong>arduum</strong></span> <span class='ocrx_word' id='word_1_365' title='bbox 929 3730 1215 3793; x_wconf 77' lang='lat' dir='ltr'><strong>vendendi,</strong></span> <span class='ocrx_word' id='word_1_366' title='bbox 1257 3730 1497 3791; x_wconf 84' lang='lat' dir='ltr'><strong>emendi,</strong></span> <span class='ocrx_word' id='word_1_367' title='bbox 1550 3745 1646 3782; x_wconf 87' lang='lat' dir='ltr'><strong>seu</strong></span> <span class='ocrx_word' id='word_1_368' title='bbox 1695 3730 2040 3796; x_wconf 85' lang='lat' dir='ltr'><strong>pcrpetrandi</strong></span> 
     </span>
    </p>
   </div>
   <div class='ocr_carea' id='block_1_53' title="bbox 459 3821 2041 3886">
    <p class='ocr_par' dir='ltr' id='par_1_53' title="bbox 459 3821 2041 3886">
     <span class='ocr_line' id='line_1_53' title="bbox 459 3821 2041 3886; baseline -0.003 -10"><span class='ocrx_word' id='word_1_369' title='bbox 459 3826 511 3876; x_wconf 79' lang='grc' dir='ltr'><strong>ιιι</strong></span> <span class='ocrx_word' id='word_1_370' title='bbox 559 3823 811 3876; x_wconf 72' lang='grc' dir='ltr'>εωιιυιήο</span> <span class='ocrx_word' id='word_1_371' title='bbox 866 3822 984 3874; x_wconf 87' lang='lat' dir='ltr'><strong>sine</strong></span> <span class='ocrx_word' id='word_1_372' title='bbox 1037 3823 1154 3886; x_wconf 76' lang='lat' dir='ltr'><strong>ejus</strong></span> <span class='ocrx_word' id='word_1_373' title='bbox 1195 3823 1473 3874; x_wconf 82' lang='lat' dir='ltr'><strong>voluntate</strong></span> <span class='ocrx_word' id='word_1_374' title='bbox 1531 3821 1710 3874; x_wconf 88' lang='lat' dir='ltr'><strong>liceat.</strong></span> <span class='ocrx_word' id='word_1_375' title='bbox 1751 3822 2041 3873; x_wconf 67' lang='lat' dir='ltr'><strong>Abltaiissa</strong></span> 
     </span>
    </p>
   </div>
   <div class='ocr_carea' id='block_1_54' title="bbox 461 3915 2038 3982">
    <p class='ocr_par' dir='ltr' id='par_1_54' title="bbox 461 3915 2038 3982">
     <span class='ocr_line' id='line_1_54' title="bbox 461 3915 2038 3982; baseline -0.001 -16"><span class='ocrx_word' id='word_1_376' title='bbox 461 3932 588 3969; x_wconf 76' lang='lat' dir='ltr'><strong>vero</strong></span> <span class='ocrx_word' id='word_1_377' title='bbox 637 3916 830 3968; x_wconf 90' lang='lat' dir='ltr'><strong>domus</strong></span> <span class='ocrx_word' id='word_1_378' title='bbox 872 3915 1162 3974; x_wconf 83' lang='lat' dir='ltr'><strong>moriente,</strong></span> <span class='ocrx_word' id='word_1_379' title='bbox 1223 3929 1385 3982; x_wconf 79' lang='lat' dir='ltr'><strong>quam</strong></span> <span class='ocrx_word' id='word_1_380' title='bbox 1438 3915 1746 3966; x_wconf 86' lang='lat' dir='ltr'><strong>communis</strong></span> <span class='ocrx_word' id='word_1_381' title='bbox 1793 3929 2038 3966; x_wconf 88' lang='lat' dir='ltr'><strong>sororum</strong></span> 
     </span>
    </p>
   </div>
   <div class='ocr_carea' id='block_1_55' title="bbox 457 4005 2044 4072">
    <p class='ocr_par' dir='ltr' id='par_1_55' title="bbox 457 4005 2044 4072">
     <span class='ocr_line' id='line_1_55' title="bbox 457 4005 2044 4072; baseline 0.001 -18"><span class='ocrx_word' id='word_1_382' title='bbox 457 4005 711 4060; x_wconf 83' lang='lat' dir='ltr'><strong>voluntas</strong></span> <span class='ocrx_word' id='word_1_383' title='bbox 751 4007 801 4058; x_wconf 93' lang='lat' dir='ltr'><strong>in</strong></span> <span class='ocrx_word' id='word_1_384' title='bbox 842 4016 1073 4057; x_wconf 79' lang='lat' dir='ltr'><strong>matrem</strong></span> <span class='ocrx_word' id='word_1_385' title='bbox 1107 4005 1360 4072; x_wconf 81' lang='lat' dir='ltr'><strong>elegerit.</strong></span> <span class='ocrx_word' id='word_1_386' title='bbox 1391 4015 1445 4057; x_wconf 92' lang='lat' dir='ltr'><strong>et</strong></span> <span class='ocrx_word' id='word_1_387' title='bbox 1481 4005 1817 4057; x_wconf 68' lang='lat' dir='ltr'><strong>abbatissam</strong></span> <span class='ocrx_word' id='word_1_388' title='bbox 1856 4019 2044 4056; x_wconf 80' lang='lat' dir='ltr'><strong>mona-</strong></span> 
     </span>
    </p>
   </div>
   <div class='ocr_carea' id='block_1_56' title="bbox 454 4083 2043 4162">
    <p class='ocr_par' dir='ltr' id='par_1_56' title="bbox 454 4083 2043 4162">
     <span class='ocr_line' id='line_1_56' title="bbox 454 4083 2043 4162; baseline -0.001 -15"><span class='ocrx_word' id='word_1_389' title='bbox 454 4095 631 4158; x_wconf 84' lang='lat' dir='ltr'><strong>stcrii,</strong></span> <span class='ocrx_word' id='word_1_390' title='bbox 661 4097 774 4162; x_wconf 87' lang='lat' dir='ltr'><strong>ipse</strong></span> <span class='ocrx_word' id='word_1_391' title='bbox 809 4094 1209 4155; x_wconf 77' lang='lat' dir='ltr'><strong>benedicendo,</strong></span> <span class='ocrx_word' id='word_1_392' title='bbox 1247 4096 1446 4148; x_wconf 88' lang='lat' dir='ltr'><strong>annulo</strong></span> <span class='ocrx_word' id='word_1_393' title='bbox 1479 4083 1593 4148; x_wconf 86' lang='lat' dir='ltr'><strong>vice</strong></span> <span class='ocrx_word' id='word_1_394' title='bbox 1620 4095 1820 4147; x_wconf 75' lang='lat' dir='ltr'><strong>Christi</strong></span> <span class='ocrx_word' id='word_1_395' title='bbox 1849 4100 2043 4148; x_wconf 88' lang='lat' dir='ltr'><strong>subar-</strong></span> 
     </span>
    </p>
   </div>
   <div class='ocr_carea' id='block_1_57' title="bbox 457 4185 2045 4256">
    <p class='ocr_par' dir='ltr' id='par_1_57' title="bbox 457 4185 2045 4256">
     <span class='ocr_line' id='line_1_57' title="bbox 457 4185 2045 4256; baseline 0 -17"><span class='ocrx_word' id='word_1_396' title='bbox 457 4189 578 4241; x_wconf 86' lang='lat' dir='ltr'><strong>rhet</strong></span> <span class='ocrx_word' id='word_1_397' title='bbox 610 4191 662 4239; x_wconf 93' lang='lat' dir='ltr'><strong>in</strong></span> <span class='ocrx_word' id='word_1_398' title='bbox 718 4201 849 4240; x_wconf 82' lang='lat' dir='ltr'><strong>vero</strong></span> <span class='ocrx_word' id='word_1_399' title='bbox 891 4187 1168 4254; x_wconf 76' lang='lat' dir='ltr'><strong>conjugio,</strong></span> <span class='ocrx_word' id='word_1_400' title='bbox 1217 4186 1260 4239; x_wconf 94' lang='lat' dir='ltr'><strong>si</strong></span> <span class='ocrx_word' id='word_1_401' title='bbox 1324 4185 1387 4238; x_wconf 89' lang='lat' dir='ltr'><strong>ad</strong></span> <span class='ocrx_word' id='word_1_402' title='bbox 1443 4187 1676 4240; x_wconf 88' lang='lat' dir='ltr'><strong>ollieitnn</strong></span> <span class='ocrx_word' id='word_1_403' title='bbox 1740 4190 2045 4256; x_wconf 74' lang='lat' dir='ltr'><strong>reperiatur</strong></span> 
     </span>
    </p>
   </div>
   <div class='ocr_carea' id='block_1_58' title="bbox 455 4277 2046 4346">
    <p class='ocr_par' dir='ltr' id='par_1_58' title="bbox 455 4277 2046 4346">
     <span class='ocr_line' id='line_1_58' title="bbox 455 4277 2046 4346; baseline 0.003 -17"><span class='ocrx_word' id='word_1_404' title='bbox 455 4277 1102 4344; x_wconf 33' lang='lat' dir='ltr'><strong>idonea.,Sororum&#39;vero</strong></span> <span class='ocrx_word' id='word_1_405' title='bbox 1123 4277 1552 4346; x_wconf 87' lang='lat' dir='ltr'><strong>recipiendarutn</strong></span> <span class='ocrx_word' id='word_1_406' title='bbox 1575 4280 2046 4341; x_wconf 83' lang='lat' dir='ltr'><strong>tnodtts,introitus</strong></span> 
     </span>
    </p>
   </div>
   <div class='ocr_carea' id='block_1_59' title="bbox 457 4370 2040 4441">
    <p class='ocr_par' dir='ltr' id='par_1_59' title="bbox 457 4370 2040 4441">
     <span class='ocr_line' id='line_1_59' title="bbox 457 4370 2040 4441; baseline 0.003 -17"><span class='ocrx_word' id='word_1_407' title='bbox 457 4384 513 4424; x_wconf 91' lang='lat' dir='ltr'><strong>ct</strong></span> <span class='ocrx_word' id='word_1_408' title='bbox 569 4373 833 4432; x_wconf 84' lang='lat' dir='ltr'><strong>conditio,</strong></span> <span class='ocrx_word' id='word_1_409' title='bbox 866 4373 1087 4424; x_wconf 90' lang='lat' dir='ltr'><strong>omnino</strong></span> <span class='ocrx_word' id='word_1_410' title='bbox 1129 4370 1438 4422; x_wconf 74' lang='lat' dir='ltr'><strong>nullatenus</strong></span> <span class='ocrx_word' id='word_1_411' title='bbox 1499 4387 1622 4424; x_wconf 90' lang='lat' dir='ltr'><strong>eum</strong></span> <span class='ocrx_word' id='word_1_412' title='bbox 1677 4384 2040 4441; x_wconf 83' lang='lat' dir='ltr'><strong>pertranseat.</strong></span> 
     </span>
    </p>
   </div>
   <div class='ocr_carea' id='block_1_60' title="bbox 455 4462 2042 4532">
    <p class='ocr_par' dir='ltr' id='par_1_60' title="bbox 455 4462 2042 4532">
     <span class='ocr_line' id='line_1_60' title="bbox 455 4462 2042 4532; baseline 0.003 -18"><span class='ocrx_word' id='word_1_413' title='bbox 455 4463 509 4514; x_wconf 72' lang='lat' dir='ltr'><strong>Si</strong></span> <span class='ocrx_word' id='word_1_414' title='bbox 541 4464 666 4528; x_wconf 84' lang='lat' dir='ltr'><strong>quid</strong></span> <span class='ocrx_word' id='word_1_415' title='bbox 713 4462 1063 4515; x_wconf 86' lang='lat' dir='ltr'><strong>dubitandum</strong></span> <span class='ocrx_word' id='word_1_416' title='bbox 1097 4464 1149 4515; x_wconf 91' lang='lat' dir='ltr'><strong>in</strong></span> <span class='ocrx_word' id='word_1_417' title='bbox 1192 4463 1314 4526; x_wconf 84' lang='lat' dir='ltr'><strong>fide,</strong></span> <span class='ocrx_word' id='word_1_418' title='bbox 1347 4463 1393 4516; x_wconf 90' lang='lat' dir='ltr'><strong>si</strong></span> <span class='ocrx_word' id='word_1_419' title='bbox 1451 4466 1592 4532; x_wconf 87' lang='lat' dir='ltr'><strong>quod</strong></span> <span class='ocrx_word' id='word_1_420' title='bbox 1649 4465 1971 4528; x_wconf 83' lang='lat' dir='ltr'><strong>thcurum,</strong></span> <span class='ocrx_word' id='word_1_421' title='bbox 1999 4482 2042 4532; x_wconf 77' lang='lat' dir='ltr'><strong>si</strong></span> 
     </span>
    </p>
   </div>
   <div class='ocr_carea' id='block_1_61' title="bbox 2147 1985 3732 2055">
    <p class='ocr_par' dir='ltr' id='par_1_61' title="bbox 2147 1985 3732 2055">
     <span class='ocr_line' id='line_1_61' title="bbox 2147 1985 3732 2055; baseline 0.001 -18"><span class='ocrx_word' id='word_1_422' title='bbox 2147 1985 2374 2038; x_wconf 78' lang='lat' dir='ltr'><strong>facient:</strong></span> <span class='ocrx_word' id='word_1_423' title='bbox 2399 2001 2498 2039; x_wconf 89' lang='lat' dir='ltr'><strong>nec</strong></span> <span class='ocrx_word' id='word_1_424' title='bbox 2524 1986 2683 2040; x_wconf 82' lang='lat' dir='ltr'><strong>liceat</strong></span> <span class='ocrx_word' id='word_1_425' title='bbox 2709 2003 2899 2041; x_wconf 87' lang='lat' dir='ltr'><strong>secum</strong></span> <span class='ocrx_word' id='word_1_426' title='bbox 2925 1987 3213 2042; x_wconf 88' lang='lat' dir='ltr'><strong>dilectione</strong></span> <span class='ocrx_word' id='word_1_427' title='bbox 3240 1989 3471 2041; x_wconf 85' lang='lat' dir='ltr'><strong>ferventi</strong></span> <span class='ocrx_word' id='word_1_428' title='bbox 3497 1987 3732 2055; x_wconf 77' lang='lat' dir='ltr'><strong>astringi</strong></span> 
     </span>
    </p>
   </div>
   <div class='ocr_carea' id='block_1_62' title="bbox 2150 2077 3732 2152">
    <p class='ocr_par' dir='ltr' id='par_1_62' title="bbox 2150 2077 3732 2152">
     <span class='ocr_line' id='line_1_62' title="bbox 2150 2077 3732 2152; baseline -0.001 -20"><span class='ocrx_word' id='word_1_429' title='bbox 2150 2095 2245 2148; x_wconf 87' lang='lat' dir='ltr'><strong>per</strong></span> <span class='ocrx_word' id='word_1_430' title='bbox 2279 2082 2440 2133; x_wconf 89' lang='lat' dir='ltr'><strong>diem.</strong></span> <span class='ocrx_word' id='word_1_431' title='bbox 2469 2077 2720 2152; x_wconf 85' lang='lat' dir='ltr'><strong>Credatis</strong></span> <span class='ocrx_word' id='word_1_432' title='bbox 2756 2093 2986 2150; x_wconf 78' lang='lat' dir='ltr'><strong>experto</strong></span> <span class='ocrx_word' id='word_1_433' title='bbox 3023 2097 3038 2134; x_wconf 87' lang='lat'><strong>:</strong></span> <span class='ocrx_word' id='word_1_434' title='bbox 3075 2080 3211 2134; x_wconf 85' lang='lat' dir='ltr'><strong>nihil</strong></span> <span class='ocrx_word' id='word_1_435' title='bbox 3238 2090 3321 2135; x_wconf 85' lang='lat' dir='ltr'><strong>est</strong></span> <span class='ocrx_word' id='word_1_436' title='bbox 3364 2079 3732 2148; x_wconf 86' lang='lat' dir='ltr'><strong>periculosius</strong></span> 
     </span>
    </p>
   </div>
   <div class='ocr_carea' id='block_1_63' title="bbox 2147 2168 3736 2240">
    <p class='ocr_par' dir='ltr' id='par_1_63' title="bbox 2147 2168 3736 2240">
     <span class='ocr_line' id='line_1_63' title="bbox 2147 2168 3736 2240; baseline -0.001 -18"><span class='ocrx_word' id='word_1_437' title='bbox 2147 2173 2287 2234; x_wconf 89' lang='lat' dir='ltr'><strong>viro,</strong></span> <span class='ocrx_word' id='word_1_438' title='bbox 2323 2185 2486 2240; x_wconf 86' lang='lat' dir='ltr'><strong>quam</strong></span> <span class='ocrx_word' id='word_1_439' title='bbox 2553 2174 2747 2226; x_wconf 90' lang='lat' dir='ltr'><strong>mulier</strong></span> <span class='ocrx_word' id='word_1_440' title='bbox 2789 2187 2802 2225; x_wconf 91' lang='lat'><strong>:</strong></span> <span class='ocrx_word' id='word_1_441' title='bbox 2837 2182 2891 2225; x_wconf 88' lang='lat' dir='ltr'><strong>et</strong></span> <span class='ocrx_word' id='word_1_442' title='bbox 2944 2173 3182 2238; x_wconf 88' lang='lat' dir='ltr'><strong>mulieri,</strong></span> <span class='ocrx_word' id='word_1_443' title='bbox 3226 2187 3390 2240; x_wconf 73' lang='lat' dir='ltr'><strong>Qttam</strong></span> <span class='ocrx_word' id='word_1_444' title='bbox 3426 2172 3527 2224; x_wconf 89' lang='lat' dir='ltr'><strong>vir.</strong></span> <span class='ocrx_word' id='word_1_445' title='bbox 3568 2168 3736 2224; x_wconf 86' lang='lat' dir='ltr'><strong>Uter-</strong></span> 
     </span>
    </p>
   </div>
   <div class='ocr_carea' id='block_1_64' title="bbox 2146 2262 3728 2332">
    <p class='ocr_par' dir='ltr' id='par_1_64' title="bbox 2146 2262 3728 2332">
     <span class='ocr_line' id='line_1_64' title="bbox 2146 2262 3728 2332; baseline 0 -18"><span class='ocrx_word' id='word_1_446' title='bbox 2146 2277 2253 2330; x_wconf 83' lang='lat' dir='ltr'><strong>que</strong></span> <span class='ocrx_word' id='word_1_447' title='bbox 2311 2263 2489 2330; x_wconf 82' lang='lat' dir='ltr'><strong>palea,</strong></span> <span class='ocrx_word' id='word_1_448' title='bbox 2553 2274 2778 2330; x_wconf 71' lang='lat' dir='ltr'><strong>uterque</strong></span> <span class='ocrx_word' id='word_1_449' title='bbox 2828 2265 2990 2332; x_wconf 81' lang='lat' dir='ltr'><strong>ignis.</strong></span> <span class='ocrx_word' id='word_1_450' title='bbox 3031 2265 3214 2318; x_wconf 84' lang='lat' dir='ltr'><strong>Dicam</strong></span> <span class='ocrx_word' id='word_1_451' title='bbox 3266 2263 3553 2326; x_wconf 86' lang='lat' dir='ltr'><strong>audacter,</strong></span> <span class='ocrx_word' id='word_1_452' title='bbox 3587 2262 3728 2330; x_wconf 87' lang='lat' dir='ltr'><strong>proh</strong></span> 
     </span>
    </p>
   </div>
   <div class='ocr_carea' id='block_1_65' title="bbox 2147 2355 3732 2425">
    <p class='ocr_par' dir='ltr' id='par_1_65' title="bbox 2147 2355 3732 2425">
     <span class='ocr_line' id='line_1_65' title="bbox 2147 2355 3732 2425; baseline 0.002 -19"><span class='ocrx_word' id='word_1_453' title='bbox 2147 2355 2331 2406; x_wconf 73' lang='lat' dir='ltr'><strong>dolori</strong></span> <span class='ocrx_word' id='word_1_454' title='bbox 2390 2355 2485 2408; x_wconf 82' lang='lat' dir='ltr'><strong>Dei</strong></span> <span class='ocrx_word' id='word_1_455' title='bbox 2515 2361 2738 2425; x_wconf 87' lang='lat' dir='ltr'><strong>templa,</strong></span> <span class='ocrx_word' id='word_1_456' title='bbox 2777 2357 3015 2425; x_wconf 87' lang='lat' dir='ltr'><strong>Spiritus</strong></span> <span class='ocrx_word' id='word_1_457' title='bbox 3065 2358 3239 2411; x_wconf 76' lang='lat' dir='ltr'><strong>Sancti</strong></span> <span class='ocrx_word' id='word_1_458' title='bbox 3295 2372 3444 2420; x_wconf 78' lang='lat' dir='ltr'><strong>vasa,</strong></span> <span class='ocrx_word' id='word_1_459' title='bbox 3499 2368 3554 2410; x_wconf 89' lang='lat' dir='ltr'><strong>et</strong></span> <span class='ocrx_word' id='word_1_460' title='bbox 3616 2358 3732 2409; x_wconf 75' lang='lat' dir='ltr'><strong>[leo</strong></span> 
     </span>
    </p>
   </div>
   <div class='ocr_carea' id='block_1_66' title="bbox 2147 2446 3732 2518">
    <p class='ocr_par' dir='ltr' id='par_1_66' title="bbox 2147 2446 3732 2518">
     <span class='ocr_line' id='line_1_66' title="bbox 2147 2446 3732 2518; baseline 0.002 -20"><span class='ocrx_word' id='word_1_461' title='bbox 2147 2446 2323 2499; x_wconf 86' lang='lat' dir='ltr'><strong>dicata</strong></span> <span class='ocrx_word' id='word_1_462' title='bbox 2359 2447 2612 2512; x_wconf 72' lang='lat' dir='ltr'><strong>azditicia,</strong></span> <span class='ocrx_word' id='word_1_463' title='bbox 2667 2449 2773 2501; x_wconf 85' lang='lat' dir='ltr'><strong>nisi</strong></span> <span class='ocrx_word' id='word_1_464' title='bbox 2831 2450 3076 2518; x_wconf 78' lang='lat' dir='ltr'><strong>diligenti</strong></span> <span class='ocrx_word' id='word_1_465' title='bbox 3136 2461 3424 2504; x_wconf 87' lang='lat' dir='ltr'><strong>serventur</strong></span> <span class='ocrx_word' id='word_1_466' title='bbox 3452 2447 3732 2508; x_wconf 79' lang='lat' dir='ltr'><strong>custodia.</strong></span> 
     </span>
    </p>
   </div>
   <div class='ocr_carea' id='block_1_67' title="bbox 2147 2540 3734 2611">
    <p class='ocr_par' dir='ltr' id='par_1_67' title="bbox 2147 2540 3734 2611">
     <span class='ocr_line' id='line_1_67' title="bbox 2147 2540 3734 2611; baseline 0.002 -20"><span class='ocrx_word' id='word_1_467' title='bbox 2147 2540 2444 2608; x_wconf 84' lang='lat' dir='ltr'><strong>prostibula</strong></span> <span class='ocrx_word' id='word_1_468' title='bbox 2468 2540 2622 2595; x_wconf 84' lang='lat' dir='ltr'><strong>fiunt.</strong></span> <span class='ocrx_word' id='word_1_469' title='bbox 2661 2540 2724 2594; x_wconf 86' lang='lat' dir='ltr'><strong>Et</strong></span> <span class='ocrx_word' id='word_1_470' title='bbox 2749 2541 2998 2598; x_wconf 87' lang='lat' dir='ltr'><strong>aufertur</strong></span> <span class='ocrx_word' id='word_1_471' title='bbox 3035 2553 3142 2595; x_wconf 84' lang='lat' dir='ltr'><strong>tant</strong></span> <span class='ocrx_word' id='word_1_472' title='bbox 3172 2543 3354 2596; x_wconf 85' lang='lat' dir='ltr'><strong>nobile</strong></span> <span class='ocrx_word' id='word_1_473' title='bbox 3385 2543 3734 2611; x_wconf 82' lang='lat' dir='ltr'><strong>depositum,</strong></span> 
     </span>
    </p>
   </div>
   <div class='ocr_carea' id='block_1_68' title="bbox 2148 2633 3738 2704">
    <p class='ocr_par' dir='ltr' id='par_1_68' title="bbox 2148 2633 3738 2704">
     <span class='ocr_line' id='line_1_68' title="bbox 2148 2633 3738 2704; baseline 0.003 -21"><span class='ocrx_word' id='word_1_474' title='bbox 2148 2642 2253 2683; x_wconf 86' lang='lat' dir='ltr'><strong>tam</strong></span> <span class='ocrx_word' id='word_1_475' title='bbox 2289 2633 2564 2701; x_wconf 86' lang='lat' dir='ltr'><strong>ptetiosus</strong></span> <span class='ocrx_word' id='word_1_476' title='bbox 2618 2634 2926 2698; x_wconf 84' lang='lat' dir='ltr'><strong>thesaurus,</strong></span> <span class='ocrx_word' id='word_1_477' title='bbox 2969 2635 3393 2704; x_wconf 85' lang='lat' dir='ltr'><strong>irreeuperabile</strong></span> <span class='ocrx_word' id='word_1_478' title='bbox 3439 2637 3604 2689; x_wconf 85' lang='lat' dir='ltr'><strong>decus</strong></span> <span class='ocrx_word' id='word_1_479' title='bbox 3631 2649 3738 2688; x_wconf 78' lang='lat' dir='ltr'><strong>ca-</strong></span> 
     </span>
    </p>
   </div>
   <div class='ocr_carea' id='block_1_69' title="bbox 2146 2725 3732 2794">
    <p class='ocr_par' dir='ltr' id='par_1_69' title="bbox 2146 2725 3732 2794">
     <span class='ocr_line' id='line_1_69' title="bbox 2146 2725 3732 2794; baseline 0.003 -19"><span class='ocrx_word' id='word_1_480' title='bbox 2146 2725 2347 2777; x_wconf 86' lang='lat' dir='ltr'><strong>stitatis</strong></span> <span class='ocrx_word' id='word_1_481' title='bbox 2377 2741 2390 2778; x_wconf 91' lang='lat'><strong>:</strong></span> <span class='ocrx_word' id='word_1_482' title='bbox 2421 2725 2464 2777; x_wconf 87' lang='lat' dir='ltr'><strong>si</strong></span> <span class='ocrx_word' id='word_1_483' title='bbox 2510 2730 2655 2779; x_wconf 91' lang='lat' dir='ltr'><strong>tenui</strong></span> <span class='ocrx_word' id='word_1_484' title='bbox 2689 2725 2926 2793; x_wconf 81' lang='lat' dir='ltr'><strong>cujusvis</strong></span> <span class='ocrx_word' id='word_1_485' title='bbox 2957 2728 3269 2781; x_wconf 84' lang='lat' dir='ltr'><strong>dilectionis</strong></span> <span class='ocrx_word' id='word_1_486' title='bbox 3299 2731 3498 2794; x_wconf 63' lang='lat' dir='ltr'><strong>inepta!</strong></span> <span class='ocrx_word' id='word_1_487' title='bbox 3530 2729 3732 2780; x_wconf 84' lang='lat' dir='ltr'><strong>rituula</strong></span> 
     </span>
    </p>
   </div>
   <div class='ocr_carea' id='block_1_70' title="bbox 2147 2815 3740 2873">
    <p class='ocr_par' dir='ltr' id='par_1_70' title="bbox 2147 2815 3740 2873">
     <span class='ocr_line' id='line_1_70' title="bbox 2147 2815 3740 2873; baseline 0.002 -6"><span class='ocrx_word' id='word_1_488' title='bbox 2147 2815 2442 2869; x_wconf 86' lang='lat' dir='ltr'><strong>continuus</strong></span> <span class='ocrx_word' id='word_1_489' title='bbox 2471 2817 2756 2873; x_wconf 87' lang='lat' dir='ltr'><strong>insidiator</strong></span> <span class='ocrx_word' id='word_1_490' title='bbox 2801 2819 3052 2873; x_wconf 84' lang='lat' dir='ltr'><strong>diabolus</strong></span> <span class='ocrx_word' id='word_1_491' title='bbox 3091 2819 3347 2872; x_wconf 81' lang='lat' dir='ltr'><strong>intuitum</strong></span> <span class='ocrx_word' id='word_1_492' title='bbox 3390 2820 3564 2870; x_wconf 79' lang='lat' dir='ltr'><strong>valeat</strong></span> <span class='ocrx_word' id='word_1_493' title='bbox 3600 2819 3740 2870; x_wconf 77' lang='lat' dir='ltr'><strong>inﬁ-</strong></span> 
     </span>
    </p>
   </div>
   <div class='ocr_carea' id='block_1_71' title="bbox 2151 2910 3744 2980">
    <p class='ocr_par' dir='ltr' id='par_1_71' title="bbox 2151 2910 3744 2980">
     <span class='ocr_line' id='line_1_71' title="bbox 2151 2910 3744 2980; baseline 0.003 -20"><span class='ocrx_word' id='word_1_494' title='bbox 2151 2926 2299 2974; x_wconf 70' lang='lat' dir='ltr'><strong>gere.</strong></span> <span class='ocrx_word' id='word_1_495' title='bbox 2361 2910 2484 2964; x_wconf 81' lang='lat' dir='ltr'><strong>Ideo</strong></span> <span class='ocrx_word' id='word_1_496' title='bbox 2540 2913 2687 2964; x_wconf 86' lang='lat' dir='ltr'><strong>omni</strong></span> <span class='ocrx_word' id='word_1_497' title='bbox 2752 2913 2997 2967; x_wconf 85' lang='lat' dir='ltr'><strong>custodia</strong></span> <span class='ocrx_word' id='word_1_498' title='bbox 3065 2927 3162 2965; x_wconf 87' lang='lat' dir='ltr'><strong>cor</strong></span> <span class='ocrx_word' id='word_1_499' title='bbox 3223 2922 3491 2965; x_wconf 80' lang='lat' dir='ltr'><strong>servetur.</strong></span> <span class='ocrx_word' id='word_1_500' title='bbox 3553 2911 3744 2980; x_wconf 78' lang='lat' dir='ltr'><strong>Super</strong></span> 
     </span>
    </p>
   </div>
   <div class='ocr_carea' id='block_1_72' title="bbox 2149 3002 3740 3074">
    <p class='ocr_par' dir='ltr' id='par_1_72' title="bbox 2149 3002 3740 3074">
     <span class='ocr_line' id='line_1_72' title="bbox 2149 3002 3740 3074; baseline 0.004 -21"><span class='ocrx_word' id='word_1_501' title='bbox 2149 3018 2336 3056; x_wconf 88' lang='lat' dir='ltr'><strong>muros</strong></span> <span class='ocrx_word' id='word_1_502' title='bbox 2383 3002 2682 3057; x_wconf 84' lang='lat' dir='ltr'><strong>Jerusalem</strong></span> <span class='ocrx_word' id='word_1_503' title='bbox 2729 3016 2999 3074; x_wconf 89' lang='lat' dir='ltr'><strong>ponantur</strong></span> <span class='ocrx_word' id='word_1_504' title='bbox 3047 3006 3302 3060; x_wconf 87' lang='lat' dir='ltr'><strong>custodes</strong></span> <span class='ocrx_word' id='word_1_505' title='bbox 3345 3015 3457 3059; x_wconf 83' lang='lat' dir='ltr'><strong>tota</strong></span> <span class='ocrx_word' id='word_1_506' title='bbox 3507 3005 3620 3071; x_wconf 84' lang='lat' dir='ltr'><strong>die,</strong></span> <span class='ocrx_word' id='word_1_507' title='bbox 3675 3017 3740 3059; x_wconf 87' lang='lat' dir='ltr'><strong>et</strong></span> 
     </span>
    </p>
   </div>
   <div class='ocr_carea' id='block_1_73' title="bbox 2150 3097 3740 3167">
    <p class='ocr_par' dir='ltr' id='par_1_73' title="bbox 2150 3097 3740 3167">
     <span class='ocr_line' id='line_1_73' title="bbox 2150 3097 3740 3167; baseline 0.005 -21"><span class='ocrx_word' id='word_1_508' title='bbox 2150 3105 2306 3148; x_wconf 83' lang='lat' dir='ltr'><strong>nocte</strong></span> <span class='ocrx_word' id='word_1_509' title='bbox 2336 3111 2440 3149; x_wconf 93' lang='lat' dir='ltr'><strong>non</strong></span> <span class='ocrx_word' id='word_1_510' title='bbox 2474 3097 2767 3158; x_wconf 87' lang='lat' dir='ltr'><strong>dormiant.</strong></span> <span class='ocrx_word' id='word_1_511' title='bbox 2803 3114 2867 3151; x_wconf 88' lang='lat' dir='ltr'><strong>ne</strong></span> <span class='ocrx_word' id='word_1_512' title='bbox 2900 3099 2982 3150; x_wconf 82' lang='lat' dir='ltr'><strong>fur</strong></span> <span class='ocrx_word' id='word_1_513' title='bbox 3006 3100 3240 3151; x_wconf 81' lang='lat' dir='ltr'><strong>introeat</strong></span> <span class='ocrx_word' id='word_1_514' title='bbox 3271 3117 3285 3152; x_wconf 91' lang='lat'><strong>:</strong></span> <span class='ocrx_word' id='word_1_515' title='bbox 3317 3115 3384 3151; x_wconf 89' lang='lat' dir='ltr'><strong>ne</strong></span> <span class='ocrx_word' id='word_1_516' title='bbox 3422 3099 3596 3167; x_wconf 85' lang='lat' dir='ltr'><strong>spolia</strong></span> <span class='ocrx_word' id='word_1_517' title='bbox 3627 3117 3740 3154; x_wconf 84' lang='lat' dir='ltr'><strong>att-</strong></span> 
     </span>
    </p>
   </div>
   <div class='ocr_carea' id='block_1_74' title="bbox 2151 3191 3481 3262">
    <p class='ocr_par' dir='ltr' id='par_1_74' title="bbox 2151 3191 3481 3262">
     <span class='ocr_line' id='line_1_74' title="bbox 2151 3191 3481 3262; baseline 0.004 -22"><span class='ocrx_word' id='word_1_518' title='bbox 2151 3191 2308 3250; x_wconf 81' lang='lat' dir='ltr'><strong>lerat,</strong></span> <span class='ocrx_word' id='word_1_519' title='bbox 2335 3208 2454 3255; x_wconf 69' lang='lat' dir='ltr'><strong>qua!</strong></span> <span class='ocrx_word' id='word_1_520' title='bbox 2485 3192 2702 3259; x_wconf 82' lang='lat' dir='ltr'><strong>penitus</strong></span> <span class='ocrx_word' id='word_1_521' title='bbox 2743 3193 3053 3260; x_wconf 87' lang='lat' dir='ltr'><strong>recuperari</strong></span> <span class='ocrx_word' id='word_1_522' title='bbox 3079 3210 3182 3246; x_wconf 91' lang='lat' dir='ltr'><strong>non</strong></span> <span class='ocrx_word' id='word_1_523' title='bbox 3227 3201 3481 3262; x_wconf 89' lang='lat' dir='ltr'><strong>possunt.</strong></span> 
     </span>
    </p>
   </div>
   <div class='ocr_carea' id='block_1_75' title="bbox 2725 3350 3139 3408">
    <p class='ocr_par' dir='ltr' id='par_1_75' title="bbox 2725 3350 3139 3408">
     <span class='ocr_line' id='line_1_75' title="bbox 2725 3350 3139 3408; baseline 0.012 -5"><span class='ocrx_word' id='word_1_524' title='bbox 2725 3350 2956 3406; x_wconf 72' lang='lat' dir='ltr'><strong>CAPUT</strong></span> <span class='ocrx_word' id='word_1_525' title='bbox 3000 3350 3139 3408; x_wconf 61' lang='lat' dir='ltr'><strong>XIX.</strong></span> 
     </span>
    </p>
   </div>
   <div class='ocr_carea' id='block_1_76' title="bbox 2149 3465 3734 3539">
    <p class='ocr_par' dir='ltr' id='par_1_76' title="bbox 2149 3465 3734 3539">
     <span class='ocr_line' id='line_1_76' title="bbox 2149 3465 3734 3539; baseline 0.006 -24"><span class='ocrx_word' id='word_1_526' title='bbox 2149 3465 2221 3516; x_wconf 75' lang='lat' dir='ltr'><strong>De</strong></span> <span class='ocrx_word' id='word_1_527' title='bbox 2257 3466 2539 3531; x_wconf 73' lang='lat' dir='ltr'><strong>proposito</strong></span> <span class='ocrx_word' id='word_1_528' title='bbox 2589 3467 2887 3535; x_wconf 69' lang='lat' dir='ltr'><strong>presbytero</strong></span> <span class='ocrx_word' id='word_1_529' title='bbox 2940 3482 3056 3530; x_wconf 75' lang='lat' dir='ltr'><strong>post</strong></span> <span class='ocrx_word' id='word_1_530' title='bbox 3109 3473 3406 3539; x_wconf 61' lang='lat' dir='ltr'><strong>episcolmm</strong></span> <span class='ocrx_word' id='word_1_531' title='bbox 3458 3473 3734 3526; x_wconf 75' lang='lat' dir='ltr'><strong>sororibus</strong></span> 
     </span>
    </p>
   </div>
   <div class='ocr_carea' id='block_1_77' title="bbox 2779 3539 3092 3594">
    <p class='ocr_par' dir='ltr' id='par_1_77' title="bbox 2779 3539 3092 3594">
     <span class='ocr_line' id='line_1_77' title="bbox 2779 3539 3092 3594; baseline 0.016 -6"><span class='ocrx_word' id='word_1_532' title='bbox 2779 3539 3092 3594; x_wconf 74' lang='lat' dir='ltr'><strong>adhibendo.</strong></span> 
     </span>
    </p>
   </div>
   <div class='ocr_carea' id='block_1_78' title="bbox 2218 3652 3732 3727">
    <p class='ocr_par' dir='ltr' id='par_1_78' title="bbox 2218 3652 3732 3727">
     <span class='ocr_line' id='line_1_78' title="bbox 2218 3652 3732 3727; baseline 0.009 -25"><span class='ocrx_word' id='word_1_533' title='bbox 2218 3652 2443 3705; x_wconf 82' lang='lat' dir='ltr'><strong>Animus</strong></span> <span class='ocrx_word' id='word_1_534' title='bbox 2491 3652 2722 3707; x_wconf 80' lang='lat' dir='ltr'><strong>diffusus</strong></span> <span class='ocrx_word' id='word_1_535' title='bbox 2777 3658 2841 3706; x_wconf 87' lang='lat' dir='ltr'><strong>ad</strong></span> <span class='ocrx_word' id='word_1_536' title='bbox 2875 3656 3132 3723; x_wconf 85' lang='lat' dir='ltr'><strong>plurima,</strong></span> <span class='ocrx_word' id='word_1_537' title='bbox 3171 3657 3319 3711; x_wconf 86' lang='lat' dir='ltr'><strong>circa</strong></span> <span class='ocrx_word' id='word_1_538' title='bbox 3367 3658 3582 3727; x_wconf 76' lang='lat' dir='ltr'><strong>singula</strong></span> <span class='ocrx_word' id='word_1_539' title='bbox 3622 3675 3732 3715; x_wconf 85' lang='lat' dir='ltr'><strong>non</strong></span> 
     </span>
    </p>
   </div>
   <div class='ocr_carea' id='block_1_79' title="bbox 2156 3745 3735 3820">
    <p class='ocr_par' dir='ltr' id='par_1_79' title="bbox 2156 3745 3735 3820">
     <span class='ocr_line' id='line_1_79' title="bbox 2156 3745 3735 3820; baseline 0.008 -25"><span class='ocrx_word' id='word_1_540' title='bbox 2156 3753 2339 3810; x_wconf 86' lang='lat' dir='ltr'><strong>potest</strong></span> <span class='ocrx_word' id='word_1_541' title='bbox 2367 3745 2668 3798; x_wconf 81' lang='lat' dir='ltr'><strong>attendere.</strong></span> <span class='ocrx_word' id='word_1_542' title='bbox 2703 3746 2898 3798; x_wconf 79' lang='lat' dir='ltr'><strong>Curam</strong></span> <span class='ocrx_word' id='word_1_543' title='bbox 2944 3747 3188 3800; x_wconf 81' lang='lat' dir='ltr'><strong>on&#39;mium</strong></span> <span class='ocrx_word' id='word_1_544' title='bbox 3220 3751 3358 3815; x_wconf 89' lang='lat' dir='ltr'><strong>gerit</strong></span> <span class='ocrx_word' id='word_1_545' title='bbox 3392 3751 3686 3820; x_wconf 81' lang='lat' dir='ltr'><strong>episcopus</strong></span> <span class='ocrx_word' id='word_1_546' title='bbox 3720 3771 3735 3806; x_wconf 90' lang='lat'>:</span> 
     </span>
    </p>
   </div>
   <div class='ocr_carea' id='block_1_80' title="bbox 2147 3837 3738 3909">
    <p class='ocr_par' dir='ltr' id='par_1_80' title="bbox 2147 3837 3738 3909">
     <span class='ocr_line' id='line_1_80' title="bbox 2147 3837 3738 3909; baseline 0.006 -19"><span class='ocrx_word' id='word_1_547' title='bbox 2147 3838 2310 3891; x_wconf 86' lang='lat' dir='ltr'><strong>homo</strong></span> <span class='ocrx_word' id='word_1_548' title='bbox 2339 3850 2442 3897; x_wconf 72' lang='lat' dir='ltr'><strong>csr,</strong></span> <span class='ocrx_word' id='word_1_549' title='bbox 2505 3855 2603 3889; x_wconf 86' lang='lat' dir='ltr'><strong>nec</strong></span> <span class='ocrx_word' id='word_1_550' title='bbox 2639 3837 2772 3892; x_wconf 85' lang='lat' dir='ltr'><strong>locis</strong></span> <span class='ocrx_word' id='word_1_551' title='bbox 2829 3839 3060 3908; x_wconf 81' lang='lat' dir='ltr'><strong>singulis</strong></span> <span class='ocrx_word' id='word_1_552' title='bbox 3113 3853 3285 3909; x_wconf 87' lang='lat' dir='ltr'><strong>potest</strong></span> <span class='ocrx_word' id='word_1_553' title='bbox 3342 3844 3560 3908; x_wconf 81' lang='lat' dir='ltr'><strong>adesse,</strong></span> <span class='ocrx_word' id='word_1_554' title='bbox 3632 3862 3738 3900; x_wconf 87' lang='lat' dir='ltr'><strong>nec</strong></span> 
     </span>
    </p>
   </div>
   <div class='ocr_carea' id='block_1_81' title="bbox 2146 3931 3734 4006">
    <p class='ocr_par' dir='ltr' id='par_1_81' title="bbox 2146 3931 3734 4006">
     <span class='ocr_line' id='line_1_81' title="bbox 2146 3931 3734 4006; baseline 0.006 -24"><span class='ocrx_word' id='word_1_555' title='bbox 2146 3931 2485 3985; x_wconf 85' lang='lat' dir='ltr'><strong>diversorum</strong></span> <span class='ocrx_word' id='word_1_556' title='bbox 2519 3933 2681 3984; x_wconf 86' lang='lat' dir='ltr'><strong>simul</strong></span> <span class='ocrx_word' id='word_1_557' title='bbox 2736 3933 2934 3986; x_wconf 89' lang='lat' dir='ltr'><strong>habere</strong></span> <span class='ocrx_word' id='word_1_558' title='bbox 2983 3933 3294 3987; x_wconf 80' lang='lat' dir='ltr'><strong>scientiam.</strong></span> <span class='ocrx_word' id='word_1_559' title='bbox 3345 3933 3421 3989; x_wconf 80' lang='lat' dir='ltr'><strong>Ne</strong></span> <span class='ocrx_word' id='word_1_560' title='bbox 3463 3937 3640 4006; x_wconf 83' lang='lat' dir='ltr'><strong>igitur</strong></span> <span class='ocrx_word' id='word_1_561' title='bbox 3665 3955 3734 3994; x_wconf 76' lang='lat' dir='ltr'><strong>ex</strong></span> 
     </span>
    </p>
   </div>
   <div class='ocr_carea' id='block_1_82' title="bbox 2147 4023 3732 4095">
    <p class='ocr_par' dir='ltr' id='par_1_82' title="bbox 2147 4023 3732 4095">
     <span class='ocr_line' id='line_1_82' title="bbox 2147 4023 3732 4095; baseline 0.006 -22"><span class='ocrx_word' id='word_1_562' title='bbox 2147 4024 2389 4075; x_wconf 74' lang='lat' dir='ltr'><strong>absentia</strong></span> <span class='ocrx_word' id='word_1_563' title='bbox 2420 4024 2685 4076; x_wconf 85' lang='lat' dir='ltr'><strong>securitas</strong></span> <span class='ocrx_word' id='word_1_564' title='bbox 2713 4023 2782 4076; x_wconf 92' lang='lat' dir='ltr'><strong>sit</strong></span> <span class='ocrx_word' id='word_1_565' title='bbox 2802 4024 2854 4076; x_wconf 91' lang='lat' dir='ltr'><strong>in</strong></span> <span class='ocrx_word' id='word_1_566' title='bbox 2891 4025 3044 4088; x_wconf 88' lang='lat' dir='ltr'><strong>vitio,</strong></span> <span class='ocrx_word' id='word_1_567' title='bbox 3076 4028 3415 4080; x_wconf 83' lang='lat' dir='ltr'><strong>sacerdotem</strong></span> <span class='ocrx_word' id='word_1_568' title='bbox 3447 4039 3732 4095; x_wconf 85' lang='lat' dir='ltr'><strong>sanctum,</strong></span> 
     </span>
    </p>
   </div>
   <div class='ocr_carea' id='block_1_83' title="bbox 2145 4113 3733 4185">
    <p class='ocr_par' dir='ltr' id='par_1_83' title="bbox 2145 4113 3733 4185">
     <span class='ocr_line' id='line_1_83' title="bbox 2145 4113 3733 4185; baseline 0.009 -26"><span class='ocrx_word' id='word_1_569' title='bbox 2145 4129 2305 4180; x_wconf 81' lang='lat' dir='ltr'><strong>quem</strong></span> <span class='ocrx_word' id='word_1_570' title='bbox 2341 4113 2603 4168; x_wconf 85' lang='lat' dir='ltr'><strong>sanctitas</strong></span> <span class='ocrx_word' id='word_1_571' title='bbox 2649 4115 2928 4184; x_wconf 58' lang='lat' dir='ltr'><strong>praedicta,</strong></span> <span class='ocrx_word' id='word_1_572' title='bbox 2977 4132 3137 4184; x_wconf 88' lang='lat' dir='ltr'><strong>quem</strong></span> <span class='ocrx_word' id='word_1_573' title='bbox 3173 4118 3442 4172; x_wconf 84' lang='lat' dir='ltr'><strong>subornat</strong></span> <span class='ocrx_word' id='word_1_574' title='bbox 3473 4122 3733 4185; x_wconf 82' lang='lat' dir='ltr'><strong>scientia,</strong></span> 
     </span>
    </p>
   </div>
   <div class='ocr_carea' id='block_1_84' title="bbox 2147 4203 3731 4281">
    <p class='ocr_par' dir='ltr' id='par_1_84' title="bbox 2147 4203 3731 4281">
     <span class='ocr_line' id='line_1_84' title="bbox 2147 4203 3731 4281; baseline 0.006 -26"><span class='ocrx_word' id='word_1_575' title='bbox 2147 4218 2306 4270; x_wconf 89' lang='lat' dir='ltr'><strong>quem</strong></span> <span class='ocrx_word' id='word_1_576' title='bbox 2339 4205 2498 4256; x_wconf 83' lang='lat' dir='ltr'><strong>talem</strong></span> <span class='ocrx_word' id='word_1_577' title='bbox 2548 4203 2726 4258; x_wconf 87' lang='lat' dir='ltr'><strong>reddit</strong></span> <span class='ocrx_word' id='word_1_578' title='bbox 2764 4215 2899 4258; x_wconf 67' lang='lat' dir='ltr'><strong>astas</strong></span> <span class='ocrx_word' id='word_1_579' title='bbox 2945 4216 2998 4258; x_wconf 89' lang='lat' dir='ltr'><strong>et</strong></span> <span class='ocrx_word' id='word_1_580' title='bbox 3032 4206 3161 4270; x_wconf 86' lang='lat' dir='ltr'><strong>vita,</strong></span> <span class='ocrx_word' id='word_1_581' title='bbox 3195 4209 3337 4274; x_wconf 90' lang='lat' dir='ltr'><strong>quod</strong></span> <span class='ocrx_word' id='word_1_582' title='bbox 3369 4210 3534 4263; x_wconf 85' lang='lat' dir='ltr'><strong>etiam</strong></span> <span class='ocrx_word' id='word_1_583' title='bbox 3585 4215 3731 4281; x_wconf 87' lang='lat' dir='ltr'><strong>apud</strong></span> 
     </span>
    </p>
   </div>
   <div class='ocr_carea' id='block_1_85' title="bbox 2149 4295 3734 4372">
    <p class='ocr_par' dir='ltr' id='par_1_85' title="bbox 2149 4295 3734 4372">
     <span class='ocr_line' id='line_1_85' title="bbox 2149 4295 3734 4372; baseline 0.008 -26"><span class='ocrx_word' id='word_1_584' title='bbox 2149 4296 2422 4362; x_wconf 88' lang='lat' dir='ltr'><strong>improbos</strong></span> <span class='ocrx_word' id='word_1_585' title='bbox 2465 4295 2810 4365; x_wconf 83' lang='lat' dir='ltr'><strong>lubricosque</strong></span> <span class='ocrx_word' id='word_1_586' title='bbox 2864 4299 3089 4352; x_wconf 86' lang='lat' dir='ltr'><strong>sinistra</strong></span> <span class='ocrx_word' id='word_1_587' title='bbox 3147 4300 3334 4369; x_wconf 91' lang='lat' dir='ltr'><strong>opinio</strong></span> <span class='ocrx_word' id='word_1_588' title='bbox 3393 4319 3502 4358; x_wconf 93' lang='lat' dir='ltr'><strong>non</strong></span> <span class='ocrx_word' id='word_1_589' title='bbox 3550 4306 3734 4372; x_wconf 81' lang='lat' dir='ltr'><strong>possit</strong></span> 
     </span>
    </p>
   </div>
   <div class='ocr_carea' id='block_1_86' title="bbox 2148 4389 3728 4464">
    <p class='ocr_par' dir='ltr' id='par_1_86' title="bbox 2148 4389 3728 4464">
     <span class='ocr_line' id='line_1_86' title="bbox 2148 4389 3728 4464; baseline 0.006 -22"><span class='ocrx_word' id='word_1_590' title='bbox 2148 4389 2356 4452; x_wconf 82' lang='lat' dir='ltr'><strong>haberi,</strong></span> <span class='ocrx_word' id='word_1_591' title='bbox 2391 4399 2510 4457; x_wconf 89' lang='lat' dir='ltr'><strong>post</strong></span> <span class='ocrx_word' id='word_1_592' title='bbox 2543 4391 2859 4459; x_wconf 83' lang='lat' dir='ltr'><strong>episcopum</strong></span> <span class='ocrx_word' id='word_1_593' title='bbox 2915 4391 3163 4446; x_wconf 84' lang='lat' dir='ltr'><strong>habeatis</strong></span> <span class='ocrx_word' id='word_1_594' title='bbox 3203 4396 3582 4464; x_wconf 68' lang='lat' dir='ltr'><strong>praepositum.</strong></span> <span class='ocrx_word' id='word_1_595' title='bbox 3620 4397 3728 4452; x_wconf 82' lang='lat' dir='ltr'><strong>llic</strong></span> 
     </span>
    </p>
   </div>
   <div class='ocr_carea' id='block_1_87' title="bbox 2147 4479 3738 4554">
    <p class='ocr_par' dir='ltr' id='par_1_87' title="bbox 2147 4479 3738 4554">
     <span class='ocr_line' id='line_1_87' title="bbox 2147 4479 3738 4554; baseline 0.008 -23"><span class='ocrx_word' id='word_1_596' title='bbox 2147 4480 2383 4547; x_wconf 85' lang='lat' dir='ltr'><strong>episcopi</strong></span> <span class='ocrx_word' id='word_1_597' title='bbox 2439 4480 2491 4533; x_wconf 93' lang='lat' dir='ltr'><strong>in</strong></span> <span class='ocrx_word' id='word_1_598' title='bbox 2529 4479 2684 4533; x_wconf 89' lang='lat' dir='ltr'><strong>vobis</strong></span> <span class='ocrx_word' id='word_1_599' title='bbox 2735 4490 2913 4534; x_wconf 86' lang='lat' dir='ltr'><strong>teneat</strong></span> <span class='ocrx_word' id='word_1_600' title='bbox 2941 4481 3134 4544; x_wconf 87' lang='lat' dir='ltr'><strong>vicem,</strong></span> <span class='ocrx_word' id='word_1_601' title='bbox 3187 4485 3275 4537; x_wconf 91' lang='lat' dir='ltr'><strong>hic</strong></span> <span class='ocrx_word' id='word_1_602' title='bbox 3326 4486 3610 4554; x_wconf 65' lang='lat' dir='ltr'><strong>praedicet.</strong></span> <span class='ocrx_word' id='word_1_603' title='bbox 3640 4490 3738 4543; x_wconf 90' lang='lat' dir='ltr'><strong>hic</strong></span> 
     </span>
    </p>
   </div>
   <div class='ocr_carea' id='block_1_88' title="bbox 451 4555 2038 4646">
    <p class='ocr_par' dir='ltr' id='par_1_88' title="bbox 451 4555 2032 4624">
     <span class='ocr_line' id='line_1_88' title="bbox 451 4555 2032 4624; baseline 0.003 -18"><span class='ocrx_word' id='word_1_604' title='bbox 451 4556 581 4623; x_wconf 85' lang='lat' dir='ltr'><strong>quid</strong></span> <span class='ocrx_word' id='word_1_605' title='bbox 613 4556 972 4622; x_wconf 89' lang='lat' dir='ltr'><strong>periculosum</strong></span> <span class='ocrx_word' id='word_1_606' title='bbox 1000 4555 1309 4608; x_wconf 85' lang='lat' dir='ltr'><strong>occurrerit</strong></span> <span class='ocrx_word' id='word_1_607' title='bbox 1337 4556 1391 4608; x_wconf 92' lang='lat' dir='ltr'><strong>in</strong></span> <span class='ocrx_word' id='word_1_608' title='bbox 1438 4559 1518 4608; x_wconf 78' lang='lat' dir='ltr'><strong>via</strong></span> <span class='ocrx_word' id='word_1_609' title='bbox 1554 4557 1670 4621; x_wconf 86' lang='lat' dir='ltr'><strong>Dei,</strong></span> <span class='ocrx_word' id='word_1_610' title='bbox 1705 4559 1818 4624; x_wconf 87' lang='lat' dir='ltr'><strong>ipse</strong></span> <span class='ocrx_word' id='word_1_611' title='bbox 1849 4559 2032 4610; x_wconf 87' lang='lat' dir='ltr'><strong>decla-</strong></span> 
     </span>
    </p>
   </div>
   <div class='ocr_carea' id='block_1_89' title="bbox 2151 4555 3735 4646">
    <p class='ocr_par' dir='ltr' id='par_1_89' title="bbox 2151 4572 3735 4646">
     <span class='ocr_line' id='line_1_89' title="bbox 2151 4572 3735 4646; baseline 0.007 -23"><span class='ocrx_word' id='word_1_612' title='bbox 2151 4573 2377 4637; x_wconf 76' lang='lat' dir='ltr'><strong>:orrigat</strong></span> <span class='ocrx_word' id='word_1_613' title='bbox 2408 4572 2714 4636; x_wconf 81' lang='lat' dir='ltr'><strong>universas,</strong></span> <span class='ocrx_word' id='word_1_614' title='bbox 2748 4575 2873 4627; x_wconf 87' lang='lat' dir='ltr'><strong>huic</strong></span> <span class='ocrx_word' id='word_1_615' title='bbox 2897 4576 2995 4628; x_wconf 88' lang='lat' dir='ltr'><strong>soli</strong></span> <span class='ocrx_word' id='word_1_616' title='bbox 3020 4578 3231 4630; x_wconf 85' lang='lat' dir='ltr'><strong>occulta</strong></span> <span class='ocrx_word' id='word_1_617' title='bbox 3279 4578 3478 4633; x_wconf 80' lang='lat' dir='ltr'><strong>domus</strong></span> <span class='ocrx_word' id='word_1_618' title='bbox 3517 4593 3735 4646; x_wconf 80' lang='lat' dir='ltr'><strong>pateat,</strong></span> 
     </span>
    </p>
   </div>
   <div class='ocr_carea' id='block_1_90' title="bbox 455 4646 2029 4717">
    <p class='ocr_par' dir='ltr' id='par_1_90' title="bbox 455 4646 2029 4717">
     <span class='ocr_line' id='line_1_90' title="bbox 455 4646 2029 4717; baseline 0.003 -20"><span class='ocrx_word' id='word_1_619' title='bbox 455 4656 570 4698; x_wconf 90' lang='lat' dir='ltr'><strong>ret:</strong></span> <span class='ocrx_word' id='word_1_620' title='bbox 601 4646 713 4712; x_wconf 90' lang='lat' dir='ltr'><strong>ipse</strong></span> <span class='ocrx_word' id='word_1_621' title='bbox 744 4660 838 4698; x_wconf 82' lang='lat' dir='ltr'><strong>vos</strong></span> <span class='ocrx_word' id='word_1_622' title='bbox 875 4646 1108 4699; x_wconf 87' lang='lat' dir='ltr'><strong>instruat</strong></span> <span class='ocrx_word' id='word_1_623' title='bbox 1157 4648 1210 4698; x_wconf 89' lang='lat' dir='ltr'><strong>in</strong></span> <span class='ocrx_word' id='word_1_624' title='bbox 1246 4649 1392 4700; x_wconf 88' lang='lat' dir='ltr'><strong>onmi</strong></span> <span class='ocrx_word' id='word_1_625' title='bbox 1426 4650 1684 4716; x_wconf 75' lang='lat' dir='ltr'><strong>pudicitia</strong></span> <span class='ocrx_word' id='word_1_626' title='bbox 1715 4662 1769 4712; x_wconf 77' lang='lat' dir='ltr'><strong>et</strong></span> <span class='ocrx_word' id='word_1_627' title='bbox 1797 4653 2029 4717; x_wconf 69' lang='lat' dir='ltr'><strong>Spiritus</strong></span> 
     </span>
    </p>
   </div>
   <div class='ocr_carea' id='block_1_91' title="bbox 450 4738 882 4791">
    <p class='ocr_par' dir='ltr' id='par_1_91' title="bbox 450 4738 882 4791">
     <span class='ocr_line' id='line_1_91' title="bbox 450 4738 882 4791; baseline 0 -2"><span class='ocrx_word' id='word_1_628' title='bbox 450 4738 626 4791; x_wconf 79' lang='lat' dir='ltr'><strong>sancti</strong></span> <span class='ocrx_word' id='word_1_629' title='bbox 663 4739 882 4791; x_wconf 87' lang='lat' dir='ltr'><strong>virtute.</strong></span> 
     </span>
    </p>
   </div>
   <div class='ocr_carea' id='block_1_92' title="bbox 1011 4867 1474 4934">
    <p class='ocr_par' dir='ltr' id='par_1_92' title="bbox 1011 4867 1474 4934">
     <span class='ocr_line' id='line_1_92' title="bbox 1011 4867 1474 4934; baseline -0.002 -1"><span class='ocrx_word' id='word_1_630' title='bbox 1011 4867 1246 4934; x_wconf 77' lang='lat' dir='ltr'><strong>CAPUT</strong></span> <span class='ocrx_word' id='word_1_631' title='bbox 1289 4878 1474 4932; x_wconf 66' lang='lat' dir='ltr'><strong>xvnt.</strong></span> 
     </span>
    </p>
   </div>
   <div class='ocr_carea' id='block_1_93' title="bbox 520 4991 1951 5064">
    <p class='ocr_par' dir='ltr' id='par_1_93' title="bbox 520 4991 1951 5064">
     <span class='ocr_line' id='line_1_93' title="bbox 520 4991 1951 5064; baseline 0.005 -19"><span class='ocrx_word' id='word_1_632' title='bbox 520 4991 595 5045; x_wconf 79' lang='lat' dir='ltr'><strong>De</strong></span> <span class='ocrx_word' id='word_1_633' title='bbox 630 4994 814 5046; x_wconf 81' lang='lat' dir='ltr'><strong>ordine</strong></span> <span class='ocrx_word' id='word_1_634' title='bbox 848 4997 1102 5047; x_wconf 76' lang='lat' dir='ltr'><strong>tet&#39;vando</strong></span> <span class='ocrx_word' id='word_1_635' title='bbox 1130 4998 1266 5048; x_wconf 81' lang='lat' dir='ltr'><strong>inter</strong></span> <span class='ocrx_word' id='word_1_636' title='bbox 1290 5001 1588 5064; x_wconf 75' lang='lat' dir='ltr'><strong>episcopum</strong></span> <span class='ocrx_word' id='word_1_637' title='bbox 1628 5009 1675 5049; x_wconf 85' lang='lat' dir='ltr'><strong>et</strong></span> <span class='ocrx_word' id='word_1_638' title='bbox 1723 5014 1951 5052; x_wconf 76' lang='lat' dir='ltr'><strong>sorores.</strong></span> 
     </span>
    </p>
   </div>
   <div class='ocr_carea' id='block_1_94' title="bbox 522 5111 2025 5184">
    <p class='ocr_par' dir='ltr' id='par_1_94' title="bbox 522 5111 2025 5184">
     <span class='ocr_line' id='line_1_94' title="bbox 522 5111 2025 5184; baseline 0.003 -20"><span class='ocrx_word' id='word_1_639' title='bbox 522 5111 636 5164; x_wconf 70' lang='lat' dir='ltr'><strong>Non</strong></span> <span class='ocrx_word' id='word_1_640' title='bbox 675 5113 899 5164; x_wconf 90' lang='lat' dir='ltr'><strong>nimium</strong></span> <span class='ocrx_word' id='word_1_641' title='bbox 931 5115 1207 5165; x_wconf 86' lang='lat' dir='ltr'><strong>sitstricta</strong></span> <span class='ocrx_word' id='word_1_642' title='bbox 1237 5113 1606 5177; x_wconf 78' lang='lat' dir='ltr'><strong>familiaritas,</strong></span> <span class='ocrx_word' id='word_1_643' title='bbox 1637 5132 1740 5168; x_wconf 89' lang='lat' dir='ltr'><strong>non</strong></span> <span class='ocrx_word' id='word_1_644' title='bbox 1774 5128 2025 5184; x_wconf 84' lang='lat' dir='ltr'><strong>suspecta</strong></span> 
     </span>
    </p>
   </div>
   <div class='ocr_carea' id='block_1_95' title="bbox 446 5204 2029 5277">
    <p class='ocr_par' dir='ltr' id='par_1_95' title="bbox 446 5204 2029 5277">
     <span class='ocr_line' id='line_1_95' title="bbox 446 5204 2029 5277; baseline 0.004 -22"><span class='ocrx_word' id='word_1_645' title='bbox 446 5205 716 5271; x_wconf 83' lang='lat' dir='ltr'><strong>colloquia</strong></span> <span class='ocrx_word' id='word_1_646' title='bbox 754 5204 900 5258; x_wconf 80' lang='lat' dir='ltr'><strong>:etsi</strong></span> <span class='ocrx_word' id='word_1_647' title='bbox 959 5205 1259 5274; x_wconf 86' lang='lat' dir='ltr'><strong>spiritualis</strong></span> <span class='ocrx_word' id='word_1_648' title='bbox 1309 5217 1486 5274; x_wconf 88' lang='lat' dir='ltr'><strong>pater,</strong></span> <span class='ocrx_word' id='word_1_649' title='bbox 1542 5209 1791 5275; x_wconf 80' lang='lat' dir='ltr'><strong>quamvis</strong></span> <span class='ocrx_word' id='word_1_650' title='bbox 1817 5209 2029 5277; x_wconf 81' lang='lat' dir='ltr'><strong>episco-</strong></span> 
     </span>
    </p>
   </div>
   <div class='ocr_carea' id='block_1_96' title="bbox 448 5298 2022 5363">
    <p class='ocr_par' dir='ltr' id='par_1_96' title="bbox 448 5298 2022 5363">
     <span class='ocr_line' id='line_1_96' title="bbox 448 5298 2022 5363; baseline 0.004 -18"><span class='ocrx_word' id='word_1_651' title='bbox 448 5312 550 5363; x_wconf 88' lang='lat' dir='ltr'><strong>pus</strong></span> <span class='ocrx_word' id='word_1_652' title='bbox 569 5305 793 5349; x_wconf 83' lang='lat' dir='ltr'><strong>sanctus</strong></span> <span class='ocrx_word' id='word_1_653' title='bbox 821 5301 913 5358; x_wconf 87' lang='lat' dir='ltr'><strong>sit,</strong></span> <span class='ocrx_word' id='word_1_654' title='bbox 939 5305 1119 5350; x_wconf 90' lang='lat' dir='ltr'><strong>tamen</strong></span> <span class='ocrx_word' id='word_1_655' title='bbox 1145 5299 1305 5351; x_wconf 88' lang='lat' dir='ltr'><strong>homo</strong></span> <span class='ocrx_word' id='word_1_656' title='bbox 1327 5308 1408 5351; x_wconf 86' lang='lat' dir='ltr'><strong>est</strong></span> <span class='ocrx_word' id='word_1_657' title='bbox 1434 5300 1610 5352; x_wconf 81' lang='lat' dir='ltr'><strong>debile</strong></span> <span class='ocrx_word' id='word_1_658' title='bbox 1636 5300 1859 5353; x_wconf 70' lang='lat' dir='ltr'><strong>animal.</strong></span> <span class='ocrx_word' id='word_1_659' title='bbox 1890 5298 2022 5352; x_wconf 85' lang='lat' dir='ltr'><strong>Tam</strong></span> 
     </span>
    </p>
   </div>
   <div class='ocr_carea' id='block_1_97' title="bbox 444 5387 2022 5459">
    <p class='ocr_par' dir='ltr' id='par_1_97' title="bbox 444 5387 2022 5459">
     <span class='ocr_line' id='line_1_97' title="bbox 444 5387 2022 5459; baseline 0.002 -18"><span class='ocrx_word' id='word_1_660' title='bbox 444 5397 554 5441; x_wconf 82' lang='lat' dir='ltr'><strong>cito</strong></span> <span class='ocrx_word' id='word_1_661' title='bbox 577 5388 846 5454; x_wconf 90' lang='lat' dir='ltr'><strong>perditur,</strong></span> <span class='ocrx_word' id='word_1_662' title='bbox 873 5391 971 5441; x_wconf 87' lang='lat' dir='ltr'><strong>nisi</strong></span> <span class='ocrx_word' id='word_1_663' title='bbox 1005 5387 1221 5442; x_wconf 76' lang='lat' dir='ltr'><strong>fortiter</strong></span> <span class='ocrx_word' id='word_1_664' title='bbox 1242 5390 1602 5455; x_wconf 81' lang='lat' dir='ltr'><strong>cuswdiatur,</strong></span> <span class='ocrx_word' id='word_1_665' title='bbox 1627 5393 1772 5459; x_wconf 86' lang='lat' dir='ltr'><strong>quod</strong></span> <span class='ocrx_word' id='word_1_666' title='bbox 1796 5395 2022 5444; x_wconf 88' lang='lat' dir='ltr'><strong>charum</strong></span> 
     </span>
    </p>
   </div>
   <div class='ocr_carea' id='block_1_98' title="bbox 446 5478 2027 5537">
    <p class='ocr_par' dir='ltr' id='par_1_98' title="bbox 446 5478 2027 5537">
     <span class='ocr_line' id='line_1_98' title="bbox 446 5478 2027 5537; baseline 0.005 -9"><span class='ocrx_word' id='word_1_667' title='bbox 446 5480 678 5530; x_wconf 86' lang='lat' dir='ltr'><strong>habetur</strong></span> <span class='ocrx_word' id='word_1_668' title='bbox 731 5489 786 5528; x_wconf 81' lang='lat' dir='ltr'><strong>et</strong></span> <span class='ocrx_word' id='word_1_669' title='bbox 837 5479 989 5532; x_wconf 88' lang='lat' dir='ltr'><strong>utile.</strong></span> <span class='ocrx_word' id='word_1_670' title='bbox 1042 5478 1100 5532; x_wconf 86' lang='lat' dir='ltr'><strong>In</strong></span> <span class='ocrx_word' id='word_1_671' title='bbox 1161 5489 1350 5533; x_wconf 86' lang='lat' dir='ltr'><strong>sancto</strong></span> <span class='ocrx_word' id='word_1_672' title='bbox 1395 5486 1728 5536; x_wconf 88' lang='lat' dir='ltr'><strong>commercio</strong></span> <span class='ocrx_word' id='word_1_673' title='bbox 1781 5483 2027 5537; x_wconf 83' lang='lat' dir='ltr'><strong>diabolus</strong></span> 
     </span>
    </p>
   </div>
   <div class='ocr_carea' id='block_1_99' title="bbox 443 5569 2027 5642">
    <p class='ocr_par' dir='ltr' id='par_1_99' title="bbox 443 5569 2027 5642">
     <span class='ocr_line' id='line_1_99' title="bbox 443 5569 2027 5642; baseline 0.004 -22"><span class='ocrx_word' id='word_1_674' title='bbox 443 5569 666 5621; x_wconf 91' lang='lat' dir='ltr'><strong>minime</strong></span> <span class='ocrx_word' id='word_1_675' title='bbox 696 5569 991 5639; x_wconf 85' lang='lat' dir='ltr'><strong>quidquam</strong></span> <span class='ocrx_word' id='word_1_676' title='bbox 1022 5572 1297 5637; x_wconf 83' lang='lat' dir='ltr'><strong>inveniat;</strong></span> <span class='ocrx_word' id='word_1_677' title='bbox 1325 5587 1391 5625; x_wconf 90' lang='lat' dir='ltr'><strong>ne</strong></span> <span class='ocrx_word' id='word_1_678' title='bbox 1430 5575 1572 5626; x_wconf 89' lang='lat' dir='ltr'><strong>unde</strong></span> <span class='ocrx_word' id='word_1_679' title='bbox 1604 5575 1864 5642; x_wconf 83' lang='lat' dir='ltr'><strong>regimen.</strong></span> <span class='ocrx_word' id='word_1_680' title='bbox 1889 5579 2027 5627; x_wconf 85' lang='lat' dir='ltr'><strong>unde</strong></span> 
     </span>
    </p>
   </div>
   <div class='ocr_carea' id='block_1_100' title="bbox 443 5665 2025 5733">
    <p class='ocr_par' dir='ltr' id='par_1_100' title="bbox 443 5665 2025 5733">
     <span class='ocr_line' id='line_1_100' title="bbox 443 5665 2025 5733; baseline 0.005 -21"><span class='ocrx_word' id='word_1_681' title='bbox 443 5667 691 5726; x_wconf 67' lang='lat' dir='ltr'><strong>ducatus,</strong></span> <span class='ocrx_word' id='word_1_682' title='bbox 729 5665 852 5715; x_wconf 84' lang='lat' dir='ltr'><strong>inde</strong></span> <span class='ocrx_word' id='word_1_683' title='bbox 882 5667 1144 5716; x_wconf 79' lang='lat' dir='ltr'><strong>sentiatur</strong></span> <span class='ocrx_word' id='word_1_684' title='bbox 1181 5665 1457 5718; x_wconf 83' lang='lat' dir='ltr'><strong>interitus.</strong></span> <span class='ocrx_word' id='word_1_685' title='bbox 1511 5667 1712 5719; x_wconf 84' lang='lat' dir='ltr'><strong>Omnes</strong></span> <span class='ocrx_word' id='word_1_686' title='bbox 1743 5666 2025 5733; x_wconf 60' lang='lat' dir='ltr'><strong>aequaliter</strong></span> 
     </span>
    </p>
   </div>
   <div class='ocr_carea' id='block_1_101' title="bbox 443 5756 2024 5825">
    <p class='ocr_par' dir='ltr' id='par_1_101' title="bbox 443 5756 2024 5825">
     <span class='ocr_line' id='line_1_101' title="bbox 443 5756 2024 5825; baseline 0.01 -27"><span class='ocrx_word' id='word_1_687' title='bbox 443 5761 846 5815; x_wconf 70' lang='lat' dir='ltr'><strong>pet-tractentur</strong></span> <span class='ocrx_word' id='word_1_688' title='bbox 879 5772 891 5805; x_wconf 86' lang='lat'><strong>:</strong></span> <span class='ocrx_word' id='word_1_689' title='bbox 927 5756 1071 5807; x_wconf 87' lang='lat' dir='ltr'><strong>nulla</strong></span> <span class='ocrx_word' id='word_1_690' title='bbox 1107 5756 1365 5820; x_wconf 87' lang='lat' dir='ltr'><strong>carnalis,</strong></span> <span class='ocrx_word' id='word_1_691' title='bbox 1398 5757 1490 5810; x_wconf 88' lang='lat' dir='ltr'><strong>sed</strong></span> <span class='ocrx_word' id='word_1_692' title='bbox 1517 5759 1820 5825; x_wconf 75' lang='lat' dir='ltr'><strong>Spiritualis</strong></span> <span class='ocrx_word' id='word_1_693' title='bbox 1889 5761 2024 5814; x_wconf 89' lang='lat' dir='ltr'><strong>dile-</strong></span> 
     </span>
    </p>
   </div>
   <div class='ocr_carea' id='block_1_102' title="bbox 443 5843 2026 5924">
    <p class='ocr_par' dir='ltr' id='par_1_102' title="bbox 443 5843 2026 5924">
     <span class='ocr_line' id='line_1_102' title="bbox 443 5843 2026 5924; baseline 0.009 -29"><span class='ocrx_word' id='word_1_694' title='bbox 443 5853 552 5895; x_wconf 78' lang='lat' dir='ltr'><strong>Ctto</strong></span> <span class='ocrx_word' id='word_1_695' title='bbox 576 5843 924 5910; x_wconf 73' lang='lat' dir='ltr'><strong>interveniat,</strong></span> <span class='ocrx_word' id='word_1_696' title='bbox 958 5865 1056 5903; x_wconf 84' lang='lat' dir='ltr'><strong>nec</strong></span> <span class='ocrx_word' id='word_1_697' title='bbox 1082 5853 1269 5904; x_wconf 83' lang='lat' dir='ltr'><strong>stricta</strong></span> <span class='ocrx_word' id='word_1_698' title='bbox 1304 5853 1374 5906; x_wconf 87' lang='lat' dir='ltr'><strong>sit</strong></span> <span class='ocrx_word' id='word_1_699' title='bbox 1410 5853 1656 5910; x_wconf 76' lang='lat' dir='ltr'><strong>nimium.</strong></span> <span class='ocrx_word' id='word_1_700' title='bbox 1694 5855 2026 5924; x_wconf 81' lang='lat' dir='ltr'><strong>Principium</strong></span> 
     </span>
    </p>
   </div>
   <div class='ocr_carea' id='block_1_103' title="bbox 2145 4662 3742 4729">
    <p class='ocr_par' dir='ltr' id='par_1_103' title="bbox 2145 4662 3742 4729">
     <span class='ocr_line' id='line_1_103' title="bbox 2145 4662 3742 4729; baseline 0.008 -14"><span class='ocrx_word' id='word_1_701' title='bbox 2145 4662 2306 4729; x_wconf 85' lang='lat' dir='ltr'><strong>hujus</strong></span> <span class='ocrx_word' id='word_1_702' title='bbox 2339 4662 2576 4717; x_wconf 87' lang='lat' dir='ltr'><strong>consilio</strong></span> <span class='ocrx_word' id='word_1_703' title='bbox 2629 4666 2899 4718; x_wconf 79' lang='lat' dir='ltr'><strong>innitatur</strong></span> <span class='ocrx_word' id='word_1_704' title='bbox 2926 4666 2996 4719; x_wconf 84' lang='lat' dir='ltr'><strong>ab</strong></span> <span class='ocrx_word' id='word_1_705' title='bbox 3028 4667 3303 4720; x_wconf 90' lang='lat' dir='ltr'><strong>omnibus.</strong></span> <span class='ocrx_word' id='word_1_706' title='bbox 3334 4663 3454 4722; x_wconf 84' lang='lat' dir='ltr'><strong>Non</strong></span> <span class='ocrx_word' id='word_1_707' title='bbox 3482 4669 3742 4727; x_wconf 76' lang='lat' dir='ltr'><strong>diversa-</strong></span> 
     </span>
    </p>
   </div>
   <div class='ocr_carea' id='block_1_104' title="bbox 2141 4753 3742 4818">
    <p class='ocr_par' dir='ltr' id='par_1_104' title="bbox 2141 4753 3742 4818">
     <span class='ocr_line' id='line_1_104' title="bbox 2141 4753 3742 4818; baseline 0.007 -15"><span class='ocrx_word' id='word_1_708' title='bbox 2141 4767 2261 4804; x_wconf 89' lang='lat' dir='ltr'><strong>rum</strong></span> <span class='ocrx_word' id='word_1_709' title='bbox 2289 4753 2574 4818; x_wconf 83' lang='lat' dir='ltr'><strong>opiniones</strong></span> <span class='ocrx_word' id='word_1_710' title='bbox 2605 4755 2656 4806; x_wconf 90' lang='lat' dir='ltr'><strong>itt</strong></span> <span class='ocrx_word' id='word_1_711' title='bbox 2712 4767 2982 4807; x_wconf 85' lang='lat' dir='ltr'><strong>conventu</strong></span> <span class='ocrx_word' id='word_1_712' title='bbox 3034 4771 3304 4818; x_wconf 85' lang='lat' dir='ltr'><strong>sororum,</strong></span> <span class='ocrx_word' id='word_1_713' title='bbox 3341 4758 3586 4813; x_wconf 78' lang='lat' dir='ltr'><strong>diversas</strong></span> <span class='ocrx_word' id='word_1_714' title='bbox 3643 4779 3742 4814; x_wconf 80' lang='lat' dir='ltr'><strong>se-</strong></span> 
     </span>
    </p>
   </div>
   <div class='ocr_carea' id='block_1_105' title="bbox 2141 4847 3734 4917">
    <p class='ocr_par' dir='ltr' id='par_1_105' title="bbox 2141 4847 3734 4917">
     <span class='ocr_line' id='line_1_105' title="bbox 2141 4847 3734 4917; baseline 0.006 -22"><span class='ocrx_word' id='word_1_715' title='bbox 2141 4857 2257 4895; x_wconf 81' lang='lat' dir='ltr'><strong>ctas</strong></span> <span class='ocrx_word' id='word_1_716' title='bbox 2293 4855 2516 4912; x_wconf 90' lang='lat' dir='ltr'><strong>ponant,</strong></span> <span class='ocrx_word' id='word_1_717' title='bbox 2550 4860 2653 4898; x_wconf 90' lang='lat' dir='ltr'><strong>non</strong></span> <span class='ocrx_word' id='word_1_718' title='bbox 2691 4847 2938 4900; x_wconf 82' lang='lat' dir='ltr'><strong>diversos</strong></span> <span class='ocrx_word' id='word_1_719' title='bbox 2973 4850 3132 4910; x_wconf 84' lang='lat' dir='ltr'><strong>ritus,</strong></span> <span class='ocrx_word' id='word_1_720' title='bbox 3165 4857 3222 4900; x_wconf 90' lang='lat' dir='ltr'><strong>ut</strong></span> <span class='ocrx_word' id='word_1_721' title='bbox 3251 4849 3512 4917; x_wconf 83' lang='lat' dir='ltr'><strong>quidquid</strong></span> <span class='ocrx_word' id='word_1_722' title='bbox 3549 4850 3734 4904; x_wconf 82' lang='lat' dir='ltr'><strong>altera</strong></span> 
     </span>
    </p>
   </div>
   <div class='ocr_carea' id='block_1_106' title="bbox 2139 4939 3741 5013">
    <p class='ocr_par' dir='ltr' id='par_1_106' title="bbox 2139 4939 3741 5013">
     <span class='ocr_line' id='line_1_106' title="bbox 2139 4939 3741 5013; baseline 0.011 -29"><span class='ocrx_word' id='word_1_723' title='bbox 2139 4939 2429 5003; x_wconf 88' lang='lat' dir='ltr'><strong>vituperat,</strong></span> <span class='ocrx_word' id='word_1_724' title='bbox 2470 4941 2641 4989; x_wconf 87' lang='lat' dir='ltr'><strong>altera</strong></span> <span class='ocrx_word' id='word_1_725' title='bbox 2675 4941 2925 4992; x_wconf 85' lang='lat' dir='ltr'><strong>consulat</strong></span> <span class='ocrx_word' id='word_1_726' title='bbox 2957 4957 2970 4992; x_wconf 91' lang='lat'><strong>:</strong></span> <span class='ocrx_word' id='word_1_727' title='bbox 3002 4941 3082 4993; x_wconf 91' lang='lat' dir='ltr'><strong>sic</strong></span> <span class='ocrx_word' id='word_1_728' title='bbox 3127 4940 3320 4994; x_wconf 63' lang='lat' dir='ltr'><strong>divisa:</strong></span> <span class='ocrx_word' id='word_1_729' title='bbox 3357 4942 3554 4999; x_wconf 82' lang='lat' dir='ltr'><strong>domus</strong></span> <span class='ocrx_word' id='word_1_730' title='bbox 3591 4961 3741 5013; x_wconf 60' lang='lat' dir='ltr'><strong>pax,</strong></span> 
     </span>
    </p>
   </div>
   <div class='ocr_carea' id='block_1_107' title="bbox 2138 5026 3068 5091">
    <p class='ocr_par' dir='ltr' id='par_1_107' title="bbox 2138 5026 3068 5091">
     <span class='ocr_line' id='line_1_107' title="bbox 2138 5026 3068 5091; baseline 0.011 -17"><span class='ocrx_word' id='word_1_731' title='bbox 2138 5029 2290 5091; x_wconf 85' lang='lat' dir='ltr'><strong>quies</strong></span> <span class='ocrx_word' id='word_1_732' title='bbox 2309 5035 2362 5079; x_wconf 85' lang='lat' dir='ltr'><strong>et</strong></span> <span class='ocrx_word' id='word_1_733' title='bbox 2393 5026 2633 5079; x_wconf 80' lang='lat' dir='ltr'><strong>Charitas</strong></span> <span class='ocrx_word' id='word_1_734' title='bbox 2667 5029 2780 5091; x_wconf 88' lang='lat' dir='ltr'><strong>ipsa</strong></span> <span class='ocrx_word' id='word_1_735' title='bbox 2813 5030 3068 5084; x_wconf 86' lang='lat' dir='ltr'><strong>discedit.</strong></span> 
     </span>
    </p>
   </div>
   <div class='ocr_carea' id='block_1_108' title="bbox 2208 5118 3740 5196">
    <p class='ocr_par' dir='ltr' id='par_1_108' title="bbox 2208 5118 3740 5196">
     <span class='ocr_line' id='line_1_108' title="bbox 2208 5118 3740 5196; baseline 0.005 -22"><span class='ocrx_word' id='word_1_736' title='bbox 2208 5118 2425 5174; x_wconf 68' lang='lat' dir='ltr'><strong>Credite</strong></span> <span class='ocrx_word' id='word_1_737' title='bbox 2476 5121 2632 5184; x_wconf 88' lang='lat' dir='ltr'><strong>mihi,</strong></span> <span class='ocrx_word' id='word_1_738' title='bbox 2667 5124 3011 5178; x_wconf 87' lang='lat' dir='ltr'><strong>sacerdotum</strong></span> <span class='ocrx_word' id='word_1_739' title='bbox 3061 5140 3122 5178; x_wconf 85' lang='lat' dir='ltr'><strong>ac</strong></span> <span class='ocrx_word' id='word_1_740' title='bbox 3169 5128 3550 5196; x_wconf 77' lang='lat' dir='ltr'><strong>religiosorum</strong></span> <span class='ocrx_word' id='word_1_741' title='bbox 3607 5131 3740 5184; x_wconf 84' lang='lat' dir='ltr'><strong>cir-</strong></span> 
     </span>
    </p>
   </div>
   <div class='ocr_carea' id='block_1_109' title="bbox 2138 5214 3758 5291">
    <p class='ocr_par' dir='ltr' id='par_1_109' title="bbox 2138 5214 3758 5291">
     <span class='ocr_line' id='line_1_109' title="bbox 2138 5214 3758 5291; baseline 0.006 -26"><span class='ocrx_word' id='word_1_742' title='bbox 2138 5214 2596 5267; x_wconf 87' lang='lat' dir='ltr'><strong>cumvenientium</strong></span> <span class='ocrx_word' id='word_1_743' title='bbox 2633 5225 2828 5278; x_wconf 87' lang='lat' dir='ltr'><strong>turma,</strong></span> <span class='ocrx_word' id='word_1_744' title='bbox 2857 5232 2923 5270; x_wconf 76' lang='lat' dir='ltr'><strong>ex</strong></span> <span class='ocrx_word' id='word_1_745' title='bbox 2975 5217 3263 5272; x_wconf 88' lang='lat' dir='ltr'><strong>mulierum</strong></span> <span class='ocrx_word' id='word_1_746' title='bbox 3299 5223 3575 5274; x_wconf 79' lang='lat' dir='ltr'><strong>consortio</strong></span> <span class='ocrx_word' id='word_1_747' title='bbox 3599 5240 3758 5291; x_wconf 80' lang='lat' dir='ltr'><strong>mn-_</strong></span> 
     </span>
    </p>
   </div>
   <div class='ocr_carea' id='block_1_110' title="bbox 2141 5305 3739 5379">
    <p class='ocr_par' dir='ltr' id='par_1_110' title="bbox 2141 5305 3739 5379">
     <span class='ocr_line' id='line_1_110' title="bbox 2141 5305 3739 5379; baseline 0.006 -25"><span class='ocrx_word' id='word_1_748' title='bbox 2141 5313 2260 5356; x_wconf 82' lang='lat' dir='ltr'><strong>nent</strong></span> <span class='ocrx_word' id='word_1_749' title='bbox 2296 5305 2638 5358; x_wconf 85' lang='lat' dir='ltr'><strong>sanctitatem</strong></span> <span class='ocrx_word' id='word_1_750' title='bbox 2671 5306 2978 5375; x_wconf 80' lang='lat' dir='ltr'><strong>expellunt.</strong></span> <span class='ocrx_word' id='word_1_751' title='bbox 3014 5307 3297 5362; x_wconf 86' lang='lat' dir='ltr'><strong>lntimetur</strong></span> <span class='ocrx_word' id='word_1_752' title='bbox 3315 5311 3596 5377; x_wconf 82' lang='lat' dir='ltr'><strong>episcopo,</strong></span> <span class='ocrx_word' id='word_1_753' title='bbox 3634 5319 3739 5379; x_wconf 79' lang='lat' dir='ltr'><strong>qui</strong></span> 
     </span>
    </p>
   </div>
   <div class='ocr_carea' id='block_1_111' title="bbox 2137 5398 3747 5462">
    <p class='ocr_par' dir='ltr' id='par_1_111' title="bbox 2137 5398 3747 5462">
     <span class='ocr_line' id='line_1_111' title="bbox 2137 5398 3747 5462; baseline 0.006 -12"><span class='ocrx_word' id='word_1_754' title='bbox 2137 5400 2280 5451; x_wconf 86' lang='lat' dir='ltr'><strong>circa</strong></span> <span class='ocrx_word' id='word_1_755' title='bbox 2324 5399 2491 5450; x_wconf 89' lang='lat' dir='ltr'><strong>multa</strong></span> <span class='ocrx_word' id='word_1_756' title='bbox 2528 5398 2758 5462; x_wconf 82' lang='lat' dir='ltr'><strong>divisus,</strong></span> <span class='ocrx_word' id='word_1_757' title='bbox 2803 5401 2893 5452; x_wconf 91' lang='lat' dir='ltr'><strong>uni</strong></span> <span class='ocrx_word' id='word_1_758' title='bbox 2931 5401 3032 5454; x_wconf 79' lang='lat' dir='ltr'><strong>eali</strong></span> <span class='ocrx_word' id='word_1_759' title='bbox 3085 5401 3139 5454; x_wconf 91' lang='lat' dir='ltr'><strong>in</strong></span> <span class='ocrx_word' id='word_1_760' title='bbox 3169 5401 3426 5455; x_wconf 88' lang='lat' dir='ltr'><strong>onmihus</strong></span> <span class='ocrx_word' id='word_1_761' title='bbox 3456 5403 3747 5460; x_wconf 82' lang='lat' dir='ltr'><strong>continue</strong></span> 
     </span>
    </p>
   </div>
   <div class='ocr_carea' id='block_1_112' title="bbox 2139 5489 3738 5560">
    <p class='ocr_par' dir='ltr' id='par_1_112' title="bbox 2139 5489 3738 5560">
     <span class='ocr_line' id='line_1_112' title="bbox 2139 5489 3738 5560; baseline 0.007 -22"><span class='ocrx_word' id='word_1_762' title='bbox 2139 5503 2241 5540; x_wconf 92' lang='lat' dir='ltr'><strong>non</strong></span> <span class='ocrx_word' id='word_1_763' title='bbox 2292 5496 2471 5556; x_wconf 86' lang='lat' dir='ltr'><strong>potest</strong></span> <span class='ocrx_word' id='word_1_764' title='bbox 2511 5489 2705 5542; x_wconf 86' lang='lat' dir='ltr'><strong>adesse</strong></span> <span class='ocrx_word' id='word_1_765' title='bbox 2746 5506 2758 5540; x_wconf 89' lang='lat'>:</span> <span class='ocrx_word' id='word_1_766' title='bbox 2797 5489 3057 5558; x_wconf 85' lang='lat' dir='ltr'><strong>quidquid</strong></span> <span class='ocrx_word' id='word_1_767' title='bbox 3104 5505 3201 5559; x_wconf 89' lang='lat' dir='ltr'><strong>pro</strong></span> <span class='ocrx_word' id='word_1_768' title='bbox 3252 5492 3490 5546; x_wconf 86' lang='lat' dir='ltr'><strong>utilitate</strong></span> <span class='ocrx_word' id='word_1_769' title='bbox 3539 5508 3738 5560; x_wconf 72' lang='lat' dir='ltr'><strong>agen-</strong></span> 
     </span>
    </p>
   </div>
   <div class='ocr_carea' id='block_1_113' title="bbox 2138 5583 3745 5651">
    <p class='ocr_par' dir='ltr' id='par_1_113' title="bbox 2138 5583 3745 5651">
     <span class='ocr_line' id='line_1_113' title="bbox 2138 5583 3745 5651; baseline 0.003 -18"><span class='ocrx_word' id='word_1_770' title='bbox 2138 5583 2307 5644; x_wconf 91' lang='lat' dir='ltr'><strong>dum,</strong></span> <span class='ocrx_word' id='word_1_771' title='bbox 2377 5583 2638 5651; x_wconf 89' lang='lat' dir='ltr'><strong>quidquid</strong></span> <span class='ocrx_word' id='word_1_772' title='bbox 2693 5593 2942 5637; x_wconf 85' lang='lat' dir='ltr'><strong>sanctum</strong></span> <span class='ocrx_word' id='word_1_773' title='bbox 3003 5586 3247 5637; x_wconf 86' lang='lat' dir='ltr'><strong>evenerit</strong></span> <span class='ocrx_word' id='word_1_774' title='bbox 3321 5586 3745 5644; x_wconf 75' lang='lat' dir='ltr'><strong>ordinandam.</strong></span> 
     </span>
    </p>
   </div>
   <div class='ocr_carea' id='block_1_114' title="bbox 2136 5673 3750 5749">
    <p class='ocr_par' dir='ltr' id='par_1_114' title="bbox 2136 5673 3750 5749">
     <span class='ocr_line' id='line_1_114' title="bbox 2136 5673 3750 5749; baseline 0.006 -24"><span class='ocrx_word' id='word_1_775' title='bbox 2136 5673 2509 5728; x_wconf 64' lang='lat' dir='ltr'><strong>lionflteantur</strong></span> <span class='ocrx_word' id='word_1_776' title='bbox 2537 5677 2762 5744; x_wconf 67' lang='lat' dir='ltr'><strong>singulae</strong></span> <span class='ocrx_word' id='word_1_777' title='bbox 2799 5676 3029 5745; x_wconf 83' lang='lat' dir='ltr'><strong>singulis</strong></span> <span class='ocrx_word' id='word_1_778' title='bbox 3059 5679 3335 5731; x_wconf 87' lang='lat' dir='ltr'><strong>mensibus</strong></span> <span class='ocrx_word' id='word_1_779' title='bbox 3362 5680 3448 5734; x_wconf 87' lang='lat' dir='ltr'><strong>his</strong></span> <span class='ocrx_word' id='word_1_780' title='bbox 3481 5691 3570 5731; x_wconf 88' lang='lat' dir='ltr'><strong>aut</strong></span> <span class='ocrx_word' id='word_1_781' title='bbox 3605 5681 3750 5749; x_wconf 72' lang='lat' dir='ltr'><strong>plu-</strong></span> 
     </span>
    </p>
   </div>
   <div class='ocr_carea' id='block_1_115' title="bbox 2140 5767 3749 5841">
    <p class='ocr_par' dir='ltr' id='par_1_115' title="bbox 2140 5767 3749 5841">
     <span class='ocr_line' id='line_1_115' title="bbox 2140 5767 3749 5841; baseline 0.004 -23"><span class='ocrx_word' id='word_1_782' title='bbox 2140 5768 2244 5819; x_wconf 85' lang='lat' dir='ltr'><strong>ties</strong></span> <span class='ocrx_word' id='word_1_783' title='bbox 2282 5767 2508 5820; x_wconf 82' lang='lat' dir='ltr'><strong>crimina</strong></span> <span class='ocrx_word' id='word_1_784' title='bbox 2555 5769 2786 5828; x_wconf 90' lang='lat' dir='ltr'><strong>occulta,</strong></span> <span class='ocrx_word' id='word_1_785' title='bbox 2830 5781 2924 5821; x_wconf 87' lang='lat' dir='ltr'><strong>aut</strong></span> <span class='ocrx_word' id='word_1_786' title='bbox 2974 5769 3256 5836; x_wconf 84' lang='lat' dir='ltr'><strong>epiScopn,</strong></span> <span class='ocrx_word' id='word_1_787' title='bbox 3307 5783 3404 5826; x_wconf 85' lang='lat' dir='ltr'><strong>aut</strong></span> <span class='ocrx_word' id='word_1_788' title='bbox 3431 5774 3749 5841; x_wconf 68' lang='lat' dir='ltr'><strong>praeposito</strong></span> 
     </span>
    </p>
   </div>
   <div class='ocr_carea' id='block_1_116' title="bbox 2137 5861 3744 5938">
    <p class='ocr_par' dir='ltr' id='par_1_116' title="bbox 2137 5861 3744 5938">
     <span class='ocr_line' id='line_1_116' title="bbox 2137 5861 3744 5938; baseline 0.004 -24"><span class='ocrx_word' id='word_1_789' title='bbox 2137 5861 2238 5914; x_wconf 83' lang='lat' dir='ltr'><strong>soli</strong></span> <span class='ocrx_word' id='word_1_790' title='bbox 2278 5866 2613 5931; x_wconf 84' lang='lat' dir='ltr'><strong>presbytero,</strong></span> <span class='ocrx_word' id='word_1_791' title='bbox 2677 5862 2757 5913; x_wconf 86' lang='lat' dir='ltr'><strong>vel</strong></span> <span class='ocrx_word' id='word_1_792' title='bbox 2794 5862 2879 5914; x_wconf 90' lang='lat' dir='ltr'><strong>cui</strong></span> <span class='ocrx_word' id='word_1_793' title='bbox 2925 5865 3256 5938; x_wconf 78' lang='lat' dir='ltr'><strong>commiserit</strong></span> <span class='ocrx_word' id='word_1_794' title='bbox 3291 5881 3303 5915; x_wconf 93' lang='lat'>:</span> <span class='ocrx_word' id='word_1_795' title='bbox 3343 5875 3397 5918; x_wconf 88' lang='lat' dir='ltr'><strong>et</strong></span> <span class='ocrx_word' id='word_1_796' title='bbox 3424 5879 3574 5917; x_wconf 81' lang='lat' dir='ltr'><strong>sacra</strong></span> <span class='ocrx_word' id='word_1_797' title='bbox 3627 5869 3744 5920; x_wconf 78' lang='lat' dir='ltr'><strong>do-</strong></span> 
     </span>
    </p>
   </div>
  </div>
