3934 6188
244 316 347 381 iii

1418 311 1566 369 ΠΕΟ
1583 309 1729 371 ULA
1795 296 2364 367 MONACHARUM.

3419 278 3527 351 {22'

243 431 437 488 minici
469 430 721 500 corporis
774 428 1163 484 communione
1220 428 1465 490 munitae,
1523 435 1841 497 pugnatura:
1871 430 1921 486 Α
1948 422 2161 475 semina
2187 418 2355 473 multa
2396 415 2538 470 mala
2570 428 2837 483 proxerre.
2876 408 3021 466 Inter
3050 423 3147 464 vos
3171 409 3238 464 de
3271 408 3390 462 viro
3436 423 3528 460 ne-

241 524 482 578 viriliter
517 523 825 576 daemonum
875 530 1056 575 castra
1089 520 1431 575 subintreut.
1495 520 1553 574 In
1592 520 1693 573 hac
1728 518 1837 571 vita

243 615 577 673 mortalibus
625 611 765 667 nihil
813 620 902 667 est
951 610 1185 665 validius
1220 627 1370 668 :non
1414 622 1498 666 est
1541 612 1840 682 quidquam

246 707 547 767 salubrius,
583 718 744 770 quam
775 712 833 756 ut
866 702 1079 764 statim,
1116 712 1339 770 peracto
1373 700 1594 767 delicto,
1628 699 1842 755 confes-

246 801 422 853 siouis
458 812 566 852 non
599 794 891 851 differatur
923 794 1158 849 medela.
1219 794 1515 849 Testantur
1549 805 1603 847 et
1634 793 1839 856 medici

250 888 685 958 uniuscujusque
734 883 1077 957 aegritudinis
1124 886 1347 939 morbos
1379 884 1581 938 auferri
1624 899 1689 938 ex
1727 899 1844 936 cor-

250 995 406 1049 pore,
442 981 488 1034 si
525 978 896 1033 exorientibus
931 977 1286 1033 subveniatur
1317 967 1368 1029 in
1398 975 1690 1045 principio.

329 1070 485 1138 Quod
517 1071 561 1125 si
595 1084 804 1123 memor
838 1067 1168 1121 conditionis
1225 1066 1502 1132 humanae,
1540 1068 1640 1121 levi
1678 1067 1845 1121 etiam

249 1165 514 1232 opinione
544 1160 659 1230 ipse
685 1159 853 1214 etiam
877 1157 1138 1212 sacerdos
1160 1172 1289 1228 erga
1325 1157 1565 1226 aliquam
1594 1173 1845 1212 sororum

252 1257 441 1319 inepta
473 1252 847 1307 faniiliaritate
878 1251 1161 1304 videretur
1195 1250 1421 1317 astringi
1454 1266 1470 1306 :
1497 1265 1605 1304 non
1635 1251 1851 1303 sinatur

250 1347 418 1408 oriri,
453 1345 595 1413 quod
622 1358 729 1397 non
757 1343 879 1398 sine
912 1342 1078 1407 titulo,
1105 1357 1210 1396 non
1243 1344 1365 1397 sine
1389 1344 1649 1397 seandalo
1670 1357 1853 1397 remo-

252 1437 410 1490 νει-ι·
434 1447 617 1504 potest
646 1441 924 1487 exortum.
956 1430 1317 1498 Emendetur,
1373 1434 1425 1486 si
1462 1448 1598 1498 opus
1636 1443 1743 1497 εει,
1783 1432 1851 1486 ab

252 1530 529 1599 υρὶεοονο
563 1542 581 1582 :
615 1527 661 1581 si
694 1540 822 1580 vero
842 1528 1171 1581 emendatus
1219 1523 1444 1579 minime
1474 1525 1589 1579 vult
1618 1525 1853 1595 lllCt‘pliS

258 1623 427 1677 linem
462 1623 762 1690 imponere.
795 1629 1143 1673 removeatur
1170 1634 1183 1671 :
1214 1621 1379 1673 etiam
1409 1619 1455 1672 si
1498 1618 1852 1685 utilissimus,

254 1719 307 1771 si
348 1714 694 1769 necessarius
728 1713 1020 1768 exsisteret
1049 1713 1191 1766 loco.
1217 1709 1376 1765 Nulla
1417 1712 1709 1780 praevaleat
1743 1713 1854 1765 uti-

1943 526 2242 582 quaquam,
2276 509 2321 564 si
2357 507 2472 563 ﬁeri
2506 516 2709 574 potest,
2767 504 3036 558 habeatur
3095 502 3319 557 mentio.
3378 499 3529 554 Ultra

1944 617 2105 673 quam
2142 601 2405 662 creditur,
2440 599 2676 653 exsultat
2719 594 2970 651 diabolus
2996 603 3054 647 ut
3086 594 3139 647 in
3201 590 3371 648 corde
3420 592 3528 645 vir-

1946 696 2107 762 gineo
2150 692 2393 745 virorum
2446 688 2711 743 memoria
2744 689 2945 757 vigeat.
2978 684 3195 738 Nullum
3255 700 3530 739 venenum

1947 785 2201 838 nocivius
2235 782 2477 844 feminae,
2511 795 2671 850 quam
2728 778 2944 832 aﬂectio
2978 792 3105 845 erga
3151 775 3354 836 virum,
3382 790 3531 841 qua-

1948 892 2166 947 cunque
2228 879 2295 929 de
2338 890 2501 929 causa
2558 873 2840 942 procedat.
2893 871 3033 925 Proh
3084 869 3283 923 dolor!
3344 867 3533 922 infelix-

1949 969 2193 1023 couditio
2230 982 2397 1021 sexus
2452 966 2644 1019 vestri.
2690 964 2942 1017 Sanctior
2972 960 3169 1014 mulier
3200 962 3340 1015 ultra
3371 976 3531 1030 quam

1951 1062 2057 1116 dici
2084 1061 2265 1124 liceat,
2300 1061 2345 1114 si
2376 1059 2491 1112 viro
2540 1060 2814 1112 adhaereat
2848 1065 3330 1131 quantumcunque
3374 1054 3538 1122 spiri-

1954 1154 2109 1217 tuali,
2142 1152 2403 1206 instinctu
2431 1150 2667 1204 naturali
2695 1149 2993 1203 inclinatur
3020 1147 3239 1202 tandem
3266 1148 3333 1201 ad
3357 1147 3537 1207 nefas,

1953 1246 1997 1298 si
2028 1244 2081 1298 in
2111 1245 2227 1297 viro
2269 1244 2440 1295 virtus
2473 1239 2713 1294 deficiat.
2774 1238 2923 1305 Piget
2972 1253 3091 1306 qua:
3168 1236 3292 1291 novi
3341 1250 3541 1290 cuncta

1956 1350 2207 1390 narrare.
2238 1332 2416 1388 Etiam
2462 1342 2784 1398 argumenta
2838 1341 2962 1385 sunt
2999 1314 3221 1393 diaboli,
3254 1338 3308 1383 et
3346 1328 3538 1381 mortis

1955 1440 2177 1483 aeterna:
2210 1426 2434 1484 indicia.
2462 1424 2757 1479 ﬁliatioucs
2787 1432 2843 1477 et
2890 1424 3289 1486 tnatcrnitates,
3334 1422 3538 1489 quibus

1960 1521 2240 1576 vocabulis
2283 1522 2386 1575 sub
2431 1519 2703 1574 velamine
2746 1517 2976 1588 spiritus
3006 1519 3150 1577 inter
3203 1532 3264 1571 se
3312 1524 3540 1569 utuntur

1958 1626 2139 1665 mares
2163 1620 2217 1666 et
2245 1610 2487 1666 feminae.

2030 1704 2357 1760 Munuscula
2403 1705 2613 1770 omnia,
2641 1715 2694 1760 et
2726 1714 3016 1776 suspectas
3082 1704 3377 1767 litterulas,
3428 1701 3543 1758 hare

258 1810 416 1865 litas.
481 1820 549 1860 ex
598 1819 705 1874 qua
766 1802 1098 1859 formidatur
1152 1804 1463 1857 anitnarum
1524 1803 1854 1873 periculum.
1890 1774 1932 1829 B
1963 1806 2157 1852 cuncta
2180 1796 2413 1851 luxuriat
2451 1798 2663 1861 nuntia,
2697 1774 2849 1853 vobis
2878 1796 3149 1850 interdico
3180 1795 3285 1850 sub
3314 1794 3543 1848 anathe-

258 1899 604 1953 Adhibeatur
640 1911 770 1951 vero
813 1901 1042 1949 sanctus
1077 1909 1389 1961 successor,
1424 1909 1589 1964 quem
1636 1897 1861 1953 castitas

258 1990 423 2061 longs
448 1989 798 2046 commendet
827 1996 882 2043 et
913 1989 1047 2043 vita.

876 2141 1106 2199 CAPUT
1144 2140 1264 2199 XX.

270 2256 343 2313 De
372 2255 561 2311 ordine
587 2255 851 2309 seruando
885 2268 975 2315 per
1019 2267 1229 2305 sorores
1276 2266 1403 2320 erga
1436 2264 1629 2313 mares,
1663 2254 1719 2304 et
1741 2264 1861 2318 spe-

770 2324 976 2377 cialiter
997 2322 1052 2375 in
1078 2322 1365 2391 laquetulo.

338 2437 607 2507 impudici
662 2436 828 2505 pedes
876 2437 1122 2504 cujusvis
1208 2449 1486 2502 nunquam
1544 2434 1861 2487 monasterii

272 2536 458 2589 limina
491 2538 698 2594 terant,
724 2527 1020 2583 inordinati
1055 2527 1223 2581 animi
1258 2525 1449 2578 nuntia
1476 2539 1610 2578 voce
1634 2524 1865 2576 immun-

270 2627 418 2681 ditias
441 2639 608 2679 aures
645 2631 839 2677 vestrae
889 2636 1166 2688 nunquam
1220 2618 1560 2672 sordescant.
1599 2616 1710 2670 Vox
1745 2633 1864 2668 out-

273 2721 358 2771 nis
392 2717 660 2783 mulieris,
693 2717 860 2784 ignita
891 2713 1085 2781 sagitta
1109 2712 1438 2781 diaboliest,
1469 2721 1528 2766 et
1558 2711 1862 2766 contrario.

270 2810 572 2880 Propterea
634 2822 966 2878 congemens
1021 2805 1314 2860 Psaltnista
1374 2814 1567 2858 exorat
1626 2804 1863 2857 animam

268 2920 427 2957 suam
479 2902 704 2957 liberari
745 2918 777 2954 a
808 2900 963 2954 labiis
1019 2899 1234 2968 iniquis,
1296 2907 1345 2951 et
1384 2914 1415 2950 a
1443 2898 1627 2967 lingua
1679 2897 1865 2949 dolosa

269 2994 448 3064 (Pani.
485 2990 740 3061 cxtx,2).
771 2988 910 3045 Nam
966 2989 1208 3043 subdens
1266 2997 1634 3059 postmodum,
1694 3002 1866 3055 quare

269 3089 354 3138 sic
405 3084 740 3139 alfectanter
770 3083 994 3136 liberari
1046 3082 1286 3150 postulet
1324 3098 1339 3135 :
1372 3079 1601 3149 Sagitta:
1636 3080 1865 3149 potentis

268 3188 475 3241 oratiu,
508 3193 631 3229 cum
664 3175 1005 3237 carbonibus,
1069 3173 1266 3242 inquit,
1292 3155 1640 3226 {desolaloriis
1698 3170 1866 3239 (Ibid.

278 3270 367 3339 4).
401 3269 573 3324 Latiis
612 3269 714 3323 viri
753 3283 957 3322 venena
1007 3266 1251 3336 praebent
1281 3266 1496 3320 mulieri
1530 3282 1546 3331 ;
1583 3264 1627 3319 si
1663 3281 1769 3318 non
1800 3266 1872 3317 sit

268 3373 459 3415 astuta
485 3360 719 3416 fallaciis
741 3360 935 3430 lingua:
956 3359 1179 3421 dolosae,
1208 3372 1369 3425 quant
1411 3367 1603 3425 potens
1628 3356 1874 3410 diabolus

268 3457 547 3511 miserum
607 3456 862 3507 vulnerat
898 3466 1000 3506 cor
1045 3450 1259 3517 sagittis
1318 3449 1684 3502 tentationum
1745 3463 1871 3501 cum

267 3549 481 3603 ardore
536 3545 799 3600 libidinis.
858 3541 949 3597 lla:
982 3541 1233 3596 fenestra:
1289 3548 1415 3593 sunt
1469 3541 1712 3595 mortis:
1754 3556 1873 3610 quae

266 3641 381 3696 nisi
417 3634 771 3700 claudantur,
807 3635 991 3690 statim
1022 3649 1170 3688 mors
1205 3632 1325 3687 dira
1360 3632 1659 3687 subintrat.

350 3734 455 3787 Vir
487 3732 865 3798 cujuscunque
912 3725 1244 3783 conditionis
1291 3727 1545 3789 exsistat,
1595 3734 1690 3779 aut
1734 3742 1872 3779 nun-

262 3843 447 3897 quam
492 3834 775 3893 appareat,
805 3832 900 3875 aut
935 3820 1083 3875 visus
1130 3820 1305 3874 visum
1364 3828 1571 3873 terreat
1605 3829 1872 3883 vestrum,

268 3906 429 3973 velut
464 3916 748 3970 horridum
785 3924 1111 3988 monstrum.
1143 3909 1437 3978 Propterea
1468 3914 1610 3971 vola,
1655 3910 1873 3965 charis-

262 4013 460 4073 simm,
487 4016 551 4060 ut
573 4007 622 4061 si
647 4022 768 4060 cum
800 4004 920 4059 viro
949 4019 1013 4059 ex
1053 4003 1379 4058 necessitate
1431 4001 1577 4071 loqui
1602 4011 1873 4070 oporteat,

265 4106 469 4159 velum
520 4102 576 4155 in
632 4097 931 4154 fenestrnla
994 4107 1252 4157 tractum,
1312 4093 1631 4147 alterutram
1678 4094 1874 4149 faciem

264 4208 482 4267 tegat:
523 4208 592 4248 ne
630 4192 789 4249 liceat
828 4191 1020 4253 videri,
1050 4188 1190 4259 quod
1223 4188 1531 4256 concupisci
1570 4203 1675 4254 non
1731 4188 1875 4242 licet.

263 4288 716 4346 Excusationem
755 4284 957 4339 nullam
994 4284 1095 4337 sibi
1153 4281 1379 4350 arripiat
1410 4280 1696 4336 sanctitas.
1737 4279 1876 4334 San-

259 4396 401 4440 ctus
454 4378 627 4434 David
676 4377 727 4431 iu
780 4376 1012 4429 videndo
1067 4374 1304 4441 capitur.
1362 4372 1496 4445 Dina
1556 4381 1614 4426 ut
1666 4371 1879 4425 videret

1964 1900 2108 1944 mate
2140 1898 2195 1944 et
2222 1898 2442 1944 aeternae
2487 1890 2678 1944 mortis
2710 1904 2888 1959 pinna.
2943 1889 3282 1942 Adhibentur
3331 1904 3542 1941 sunnna

1965 1974 2268 2047 diligentia,
2309 1988 2369 2033 ut
2399 1990 2558 2033 extra
2601 1979 2834 2033 ctenobii
2881 1978 3081 2034 limites
3114 1978 3292 2033 littera
3344 1980 3543 2045 qtlallS'

1965 2084 2179 2140 cunque
2232 2086 2338 2127 non
2414 2081 2603 2127 exeat:
2641 2072 2746 2127 nisi
2776 2073 3065 2127 abbatissm
3095 2083 3149 2126 et
3176 2088 3424 2127 sororum
3456 2087 3550 2124 ac-

1965 2163 2234 2218 cesserint
2260 2174 2407 2219 vota.
2435 2163 2502 2218 Et
2534 2165 2579 2219 si
2611 2180 2752 2233 opus
2780 2173 2887 2229 est,
2934 2173 2988 2218 et
3047 2166 3287 2234 gravitas
3348 2165 3420 2218 ita
3466 2162 3545 2218 rei

1965 2252 2338 2326 erigat,adsit
2399 2250 2730 2327 episcopalis
2785 2258 3026 2323 licentia,
3089 2272 3186 2314 seu
3243 2259 3547 2313 sacerdotis

1968 2348 2280 2402 consilium.
2323 2346 2674 2406 Gravissimze
2709 2365 2883 2418 pinnae
2935 2350 3239 2421 subjareat,
3289 2364 3546 2420 qua-cun-

1967 2455 2071 2494 anc
2098 2441 2258 2497 huius
2284 2455 2495 2514 reperta
2529 2444 2692 2499 fuerit
2745 2460 2857 2499 rea.

2560 2600 2791 2657 CAPUT
2819 2600 2969 2657 XXI.

2092 2688 2171 2743 De
2208 2691 2414 2759 ﬁctitiis
2440 2701 2491 2746 et
2524 2695 2722 2747 nocivis
2769 2697 3099 2750 sermonibus
3132 2699 3421 2756 evitandis.

2040 2799 2227 2855 Servis
2287 2802 2382 2855 Dei
2439 2803 2806 2872 frequentiam
2855 2807 3060 2875 populi,
3111 2810 3289 2863 sancti
3351 2825 3546 2865 omnes

1969 2890 2158 2946 Patres
2194 2896 2492 2960 pnudirant
2556 2897 2695 2950 inter
2750 2909 2945 2957 caztera
3002 2914 3217 2954 summe
3274 2903 3541 2957 nocivani.

1969 2979 2027 3033 In
2064 2983 2408 3052 multiloquio
2444 3001 2792 3054 nequaquam
2824 3001 3109 3056 peccatum
3128 2991 3318 3047 deesse
3346 3005 3545 3061 potest.

1970 3072 2176 3143 Lingua
2210 3078 2491 3132 hominum
2551 3081 2616 3132 ad
2639 3079 2849 3148 judicia
2906 3096 3167 3152 praeceps,
3225 3086 3541 3141 absentium

1974 3168 2139 3221 vitam
2195 3177 2251 3221 ut
2292 3169 2581 3239 plurimum
2640 3187 2745 3225 non
2803 3184 2984 3229 cessat
3033 3176 3157 3230 hinc
3221 3162 3539 3240 corradere,

1972 3263 2278 3319 Pessimum
2334 3265 2699 3335 quorumdam
2759 3268 3130 3336 spiritualium
3194 3289 3395 3344 genus,
3442 3291 3549 3331 non

1974 3359 2343 3422 attendentes,
2380 3359 2522 3427 quod
2554 3359 2693 3414 Deus
2726 3358 2866 3416 Filio
2893 3377 2995 3418 suo
3021 3363 3171 3418 dedit
3197 3380 3359 3422 cunne
3405 3367 3554 3438 judio

1974 3449 2139 3512 clum,
2176 3451 2242 3503 de
2273 3449 2652 3505 universorum
2693 3453 2974 3508 hominum
3008 3456 3116 3511 vita
3152 3472 3219 3512 ac
3272 3459 3340 3513 de
3386 3464 3551 3515 mori-

1976 3541 2112 3595 bus:
2148 3553 2202 3596 et
2224 3542 2369 3611 quod
2405 3543 2523 3610 plus
2546 3545 2736 3607 est,de
2764 3546 3128 3613 conscientia,
3158 3549 3314 3618 cujus
3336 3552 3551 3606 occulta

1976 3640 2143 3697 scire,
2190 3637 2361 3690 solius
2418 3647 2503 3690 est
2545 3637 2747 3691 divina:
2797 3638 3069 3704 scientiae,
3134 3641 3391 3710 judicare
3442 3647 3549 3700 sibi

1978 3726 2143 3779 licere
2176 3736 2385 3795 putant,
2441 3727 2781 3794 proferentcs
2816 3730 2867 3782 iu
2902 3730 3165 3798 medium,
3209 3733 3355 3800 quod
3394 3736 3563 3804 spiri-

1979 3821 2139 3873 tualis
2178 3820 2337 3874 homo
2370 3821 2630 3889 dijudicat
2655 3823 2858 3875 omnia.
2895 3821 3009 3877 lien
3048 3822 3328 3879 immundo
3358 3827 3560 3895 spiritu

1978 3911 2144 3980 pleni,
2200 3912 2335 3981 quid
2384 3913 2654 3966 conamini
2705 3913 2774 3967 de
2820 3915 2979 3967 oculo
3049 3913 3233 3969 fratris
3287 3917 3552 3972 festucam

1979 4004 2286 4068 extrahere,
2321 4004 2412 4073 qui
2470 4004 2626 4058 fertis
2658 4007 2924 4060 continue
2959 4007 3010 4059 iu
3067 4017 3254 4061 vestro
3302 4008 3559 4065 trabem?

1980 4094 2284 4166 Hypocritw
2306 4097 2482 4149 tristes
2509 4097 2871 4151 nterminant
2919 4098 3084 4167 facies
3115 4115 3267 4161 suos,
3297 4111 3355 4152 ut
3391 4117 3559 4169 appa-

1980 4202 2128 4241 reant
2161 4189 2459 4243 hominibus
2484 4190 2789 4260 jejunum“
2812 4191 3033 4262 (Matth.
3068 4208 3138 4257 vt,
3172 4192 3283 4263 16),
3305 4206 3358 4249 et
3389 4195 3559 4250 barba

1981 4282 2210 4350 prolixa,
2246 4282 2401 4336 crine
2453 4283 2639 4338 cinere
2682 4274 2931 4354 a~perso,
2985 4285 3154 4339 fracta
3198 4288 3438 4356 undique
3496 4306 3562 4341 ac

1983 4372 2105 4426 rudi
2161 4384 2212 4427 et
2250 4374 2478 4428 deformi
2540 4386 2714 4441 reate,
2759 4375 3035 4446 colloquio
3093 4378 3318 4442 blando,
3377 4383 3559 4437 verbis

259 4487 537 4543 egressa,
564 4473 678 4523 visa
702 4469 1091 4536 corrumpitur.
1114 4464 1206 4519 Sic
1239 4462 1449 4518 inﬁnita
1485 4463 1661 4518 forent
1684 4479 1876 4518 esem-
1910 4465 1956 4522 ι)
1987 4462 2214 4528 lictitiis,
2240 4479 2299 4519 se
2333 4475 2556 4522 sanctos
2576 4468 2871 4521 ostendunt
2897 4485 2912 4522 :
2946 4478 3000 4523 et
3028 4470 3271 4525 dealliati
3324 4474 3569 4540 parietes

259 4568 387 4638 pla,
430 4577 565 4633 quae
615 4560 821 4630 swpius
856 4558 1184 4612 ruminando
1243 4554 1400 4611 vobis
1439 4554 1709 4623 relinquo.
1743 4553 1882 4620 Quid

258 4673 371 4727 per
400 4654 591 4709 triulta
633 4649 835 4722 vagor?
882 4648 1024 4704 Penc
1083 4663 1255 4702 sacrae
1302 4649 1601 4717 Scriptura:
1649 4638 1917 4701 clamant‘

256 4749 518 4822 syllaba:
551 4745 782 4813 singulae
807 4761 822 4797 :
851 4756 989 4812 pene
1027 4742 1355 4796 instruitnur
1384 4741 1632 4810 corporis
1679 4740 1880 4809 proprii

254 4842 530 4908 attigulis
548 4838 814 4898 motibus,
836 4837 979 4906 quod
1010 4834 1240 4889 victoria
1275 4850 1380 4887 non
1409 4842 1664 4902 speratur
1695 4832 1746 4883 in
1784 4831 1886 4883 hoc

256 4931 622 4994 certamine,
659 4930 763 4984 nisi
804 4943 871 4982 ex
928 4927 1081 4996 fuga.
1111 4924 1280 4980 Neirio
1313 4941 1379 4979 ex
1439 4923 1759 4978 fortitudine
1789 4938 1886 4976 au-

251 5031 401 5083 deat
466 5021 736 5076 resistere
768 5019 977 5074 viribus
1022 5018 1328 5086 :quoniam
1379 5016 1482 5069 nisi
1540 5013 1730 5083 fugiat,
1775 5013 1907 5066 cito.

251 5113 642 5174 succumbet.
694 5111 750 5165 lu
784 5109 1061 5166 cunzmuui
1109 5110 1311 5163 etenim
1366 5110 1476 5160 vita
1513 5122 1612 5160 nec
1655 5106 1883 5159 verbum

250 5214 337 5267 sit
384 5206 698 5278 proprium
734 5217 751 5257 :
802 5213 1013 5257 secreta
1061 5200 1281 5255 verbula
1326 5215 1434 5254 non
1472 5208 1663 5253 careat
1707 5197 1885 5266 suspi-

249 5305 462 5359 ciuile.

330 5397 606 5459 Ideoque
641 5387 921 5459 prm-ipio,
963 5397 1024 5441 ut
1053 5386 1197 5441 nulla
1230 5402 1388 5442 soror
1437 5385 1600 5440 alicui
1626 5384 1873 5439 exterio-

1989 4555 2134 4609 iuter
2159 4556 2511 4611 mulierculas
2544 4555 2822 4612 setniuant
2876 4571 3056 4616 sectas
3084 4577 3360 4619 errorum.

2062 4646 2307 4716 Denique
2327 4647 2612 4715 loquentes
2643 4648 3022 4720 cujuscunque
3042 4653 3209 4708 vitam
3242 4656 3409 4709 simul
3432 4672 3559 4712 cum

1989 4735 2133 4792 fama
2162 4741 2485 4808 denigrant:
2513 4742 2874 4798 instrumenta
2910 4745 3111 4801 diaboli
3151 4748 3268 4803 haec
3289 4759 3418 4805 sunt
3450 4766 3571 4805 orna

1990 4831 2099 4883 nia.
2134 4828 2696 4888 lulortunatissimnm
2738 4835 3028 4892 mulierum
3055 4854 3249 4909 genus,
3275 4840 3443 4895 hamo
3467 4859 3565 4894 cad

1989 4925 2211 4992 piuntur
2235 4935 2289 4979 ut
2312 4927 2488 4995 pisces
2516 4927 2612 4982 :ad
2648 4929 2934 4984 macellum
2959 4932 3242 4987 ducuntur
3264 4944 3321 4988 ut
3351 4934 3561 4989 bestiae.

1988 5014 2268 5073 Protcrvae
2308 5021 2536 5073 nimium
2570 5020 2811 5088 feminae,
2843 5038 3064 5092 semper
3107 5024 3231 5081 ficta
3289 5028 3523 5094 cupiunt
3548 5044 3568 5083 ι

1989 5122 2207 5172 semper
2265 5109 2560 5163 subornata
2615 5110 2776 5165 verba
2830 5113 3188 5182 deposcunt:
3261 5119 3563 5184 exquirunt

1993 5200 2298 5264 mendacia,
2332 5198 2542 5255 fabulas
2565 5216 2736 5258 novas
2771 5218 3052 5272 nunquam
3117 5206 3424 5271 faStidiunt,
3471 5223 3569 5261 au-

1989 5292 2187 5360 guriis,
2258 5291 2560 5357 veneficiis,
2602 5306 2657 5350 et
2724 5295 3195 5352 incantationibus
3246 5300 3566 5354 daemonum

1990 5383 2356 5440 delectantur.
2409 5386 2464 5441 Si
2502 5387 2596 5457 qui
2629 5388 2763 5441 talia
2802 5389 3106 5457 proferant,
3162 5390 3217 5444 hi
3273 5393 3575 5462 pracdilecti

1990 5478 2109 5540 lilii,
2146 5480 2196 5532 hi
2224 5481 2518 5547 sprituales
2543 5490 2724 5548 patres
2756 5492 2810 5535 et
2834 5480 3056 5547 fratres,
3098 5485 3151 5537 hi
3204 5486 3476 5553 profecto,
3511 5499 3573 5539 ut

1995 5571 2176 5625 verius
2230 5572 2397 5626 liceat
2452 5572 2585 5637 dici,
2655 5573 3058 5639 concubinarii,
3112 5585 3167 5629 et
3218 5590 3572 5646 corruptum

1995 5661 2193 5713 tuentis
2227 5669 2283 5716 et
2320 5663 2526 5715 ventris
2562 5663 2916 5729 nutriuntur;
2945 5666 3233 5735 exquisitis
3271 5664 3497 5722 ferculis
3521 5677 3581 5719 et

1992 5755 2239 5810 delicatis
2272 5757 2438 5822 escis,
2469 5757 2588 5810 vina
2609 5759 2849 5825 pretiosa
2877 5778 2980 5814 non
3013 5760 3224 5815 desunt.
3245 5760 3321 5814 Ex
3355 5759 3577 5816 furtivis

246 5503 392 5545 rum
426 5484 570 5540 sine
598 5478 831 5551 plurium
865 5490 1181 5536 sanctarum
1214 5495 1462 5536 sororum
1493 5491 1547 5534 et
1570 5478 1882 5542 abbatissae,

245 5601 357 5653 seu
388 5576 651 5634 alterius
694 5578 999 5645 pra-posita:
1032 5576 1226 5630 domus
1258 5575 1546 5644 pctissime
1579 5570 1878 5643 praesentia

244 5673 418 5743 loqui
458 5667 715 5721 audeat:
756 5666 840 5720 his
868 5667 1135 5721 duntaxat
1166 5666 1432 5737 exceptis,
1454 5680 1575 5735 qua:
1604 5662 1880 5717 sacerdoti

239 5772 301 5831 In
326 5762 717 5822 confessione
751 5758 1029 5813 dicuntur.
1062 5759 1248 5815 Solent
1277 5758 1524 5829 profecto
1556 5758 1682 5812 talia
1718 5754 1884 5810 verba
