3956 6196
400 328 517 394 423
1352 316 1411 378 S.
1458 303 1903 374 HIERONYMI
1945 306 2264 369 OPERUM
2310 300 2719 366 MANTISSA.
3558 285 3669 353 4ἓὶ

403 463 552 521 saepe
583 447 825 504 virorum
856 441 1161 508 laboribus,
1196 445 1251 498 et
1281 438 1425 493 inter
1447 435 1699 506 crapulas
1727 442 1781 489 et
1809 433 1986 487 ebrie—
2017 445 2060 498 Α
2090 429 2238 484 omni
2271 436 2521 497 tempore
2552 424 2697 494 loqui
2737 436 2845 478 non
2892 420 3115 476 deceat:
3149 417 3252 473 nisi
3307 429 3371 470 ea
3420 413 3488 469 ad
3548 427 3676 481 qua

408 554 548 599 tates
572 548 854 597 ructantes
905 537 1120 599 fauces,
1179 532 1411 604 spiritus
1459 529 1798 585 dulcedinem
1848 541 1984 596 prte-

408 636 614 692 dicant.
641 630 969 700 Proponitur
998 627 1195 682 iterum
1233 633 1400 693 atque
1423 623 1621 678 iterum
1651 618 1784 675 illud
1839 620 1979 687 Apo-

411 727 574 782 stoli:
604 723 758 788 Quod
793 721 973 776 omnia
1008 717 1208 773 munda
1259 716 1472 770 mundis
1499 713 1630 785 (Tit.
1664 729 1704 777 ι,
1746 711 1858 781 15).
1913 706 1987 763 De

413 817 614 871 talibus
645 813 792 883 loqui
828 809 980 866 nefas
1007 819 1115 875 est,
1139 816 1195 862 et
1220 807 1358 877 proh
1387 803 1600 875 pudor!
1662 799 1768 857 Sed
1827 800 1987 868 cupio

414 908 510 961 Dei
555 903 939 961 servitricibus
970 900 1226 970 detegere
1261 912 1453 953 omnes
1487 902 1639 951 artes
1668 892 1892 958 diaboli,
1933 898 1991 945 ut

414 999 551 1054 nihil
583 998 724 1052 desit
753 994 899 1063 quod
926 993 1109 1049 caveri
1151 991 1349 1060 possit.
1438 1000 1441 1005 '

982 1145 1215 1204 CAPUT
1249 1140 1419 1201 XXII.

488 1241 565 1297 De
586 1240 821 1306 silentio,
842 1238 1095 1311 elidiebus
1113 1249 1162 1292 et
1185 1238 1328 1292 horis
1345 1235 1534 1290 debitis
1556 1231 1921 1288 observandis.

492 1353 615 1407 llaec
644 1353 830 1421 itaque
858 1351 1064 1417 omnia,
1120 1362 1336 1418 sponsae
1369 1346 1465 1402 Dei
1523 1346 1756 1409 dilectae,
1809 1340 1996 1413 procul

422 1445 706 1516 expellite:
740 1445 793 1498 in
828 1446 910 1497 his
928 1441 1204 1496 diabolum
1229 1440 1542 1509 cognoscite
1569 1437 1994 1507 principantem.

424 1537 573 1590 Inter
624 1548 721 1588 vos
772 1546 1052 1600 nunquam
1126 1529 1197 1585 de
1250 1531 1358 1583 vita
1396 1529 1702 1597 disputetur
1754 1524 1997 1579 alterius.

427 1625 642 1680 Maneat
688 1623 875 1677 divino
930 1620 1173 1677 examini
1229 1634 1389 1674 omne
1421 1619 1712 1688 judicium.
1771 1612 2000 1672 Peccata

433 1726 614 1771 vestra
646 1714 998 1786 cognoscite:
1048 1712 1245 1767 delicta
1266 1722 1448 1765 vestra
1497 1710 1726 1779 plorate.
1747 1705 1999 1762 Omnium

433 1803 586 1858 vobis
647 1804 778 1866 vita,
835 1800 1146 1856 sanctitatis
1192 1800 1502 1867 exemplum
1551 1807 1833 1867 appareat.
1898 1795 2007 1849 Vos
2041 1799 2082 1853 Β

434 1893 706 1950 universis
751 1893 1019 1949 aestimate
1052 1890 1307 1960 pejores:
1361 1890 1442 1944 sic
1490 1890 1698 1958 puritas
1737 1887 2007 1942 mentibus

440 1984 635 2038 vestris
666 1982 956 2043 inhaereat,
990 1989 1050 2034 ut
1072 1978 1311 2047 cogitare
1358 1977 1428 2031 sit
1460 1976 1744 2042 indecens,
1775 1986 1829 2030 et
1886 1988 2005 2029 cre-

435 2075 565 2130 dere
599 2073 775 2138 nefas,
806 2072 1043 2142 aliquem
1078 2079 1299 2140 propter
1328 2083 1422 2123 vos
1454 2082 1614 2139 posse
1655 2081 1902 2136 peccare,

506 2166 566 2218 Si
597 2179 756 2233 quem
806 2162 964 2216 alicui
1016 2160 1397 2215 detrahentem
1468 2159 1775 2221 audieritis,
1828 2156 2011 2227 procul

437 2257 730 2327 fugientes,
792 2255 1055 2309 dimittite
1088 2264 1140 2305 ut
1189 2254 1535 2321 serpentem:
1575 2260 1632 2304 ut
1684 2250 2008 2305 verecundia

439 2352 639 2409 victus.
673 2348 847 2400 discat
898 2347 965 2398 de
1017 2343 1174 2398 iactis
1208 2343 1440 2396 aliorum
1496 2342 1681 2396 silere.
1728 2340 2017 2392 Muliercu-

438 2438 616 2492 larum
643 2433 1002 2505 quarumdam
1024 2432 1164 2486 solet
1196 2432 1318 2485 esse
1348 2431 1543 2493 tauris,
1603 2441 1660 2482 ιιι
1723 2429 2012 2495 plurimmn

444 2536 539 2583 aut
579 2540 793 2594 semper
809 2524 1063 2595 garrulae,
1107 2521 1242 2576 nihil
1267 2532 1537 2575 secretum
1574 2523 1812 2574 habeant
1869 2521 2013 2589 quod

443 2619 714 2673 audiunt:
748 2616 859 2670 imo
926 2615 1107 2684 potius
1160 2615 1307 2682 quod
1329 2628 1472 2683 saepe
1503 2614 1777 2676 nesciunt,
1805 2613 2013 2678 dicant,

451 2709 693 2777 nihilque
725 2707 966 2762 scandali
1022 2706 1380 2761 seminarium
1420 2717 1623 2758 norunt
1658 2705 1885 2760 tacitum
1939 2714 2018 2759 te-

451 2813 620 2856 nere:
653 2799 785 2855 hinc
824 2790 949 2853 inde
982 2809 1079 2852 aut
1102 2797 1440 2866 proferentes
1465 2797 1627 2850 verba
1660 2797 1874 2859 nociva,
1928 2806 2020 2849 aut

450 2894 788 2950 seminantes
824 2892 1180 2956 discordiam,
1216 2899 1311 2945 aut
1346 2890 1634 2944 audientes
1657 2889 1793 2944 alios
1827 2890 1892 2943 ad
1925 2890 2023 2942 dc-

450 2987 774 3041 tractionem
808 2986 1073 3040 incitant:
1101 2993 1195 3036 aut
1240 2982 1531 3036 maledicta
1568 2980 1924 3043 confirmant,
1964 2990 2023 3033 ut

452 3077 689 3149 duplicis
738 3075 921 3131 delicti
974 3090 1081 3129 rea:
1143 3076 1467 3129 habeantur.
1506 3073 1564 3127 in
1602 3074 1702 3127 huc
1751 3084 2020 3126 cenventu

2090 521 2342 576 ordinata
2369 525 2497 573 sunt
2524 516 2641 571 loca
2679 516 2736 570 in
2764 514 3022 569 laudibus
3055 509 3187 564 Dei:
3226 519 3282 561 ut
3305 508 3419 578 jam
3453 516 3510 559 et
3535 517 3675 559 tem-

2092 629 2193 685 pus
2218 621 2273 667 et
2302 612 2455 664 locus
2479 606 2760 674 religionis
2777 613 2970 661 vestra:
2992 597 3676 673 praidicentsanrtitatem,

2093 715 2148 761 et
2188 703 2509 773 loquacibus
2539 698 3019 769 compunctionem
3052 694 3325 763 ingeraut.
3348 701 3402 744 et
3433 687 3677 744 intrandi

2094 796 2162 850 ad
2195 794 2516 850 societatem
2546 785 2811 855 vestram,
2847 796 3037 845 sancta
3096 782 3368 841 desideria
3425 781 3678 844 incitent,

2096 898 2150 944 et
2171 886 2400 943 aﬂectus
2428 888 2492 940 ad
2525 883 2769 939 ccelestia
2795 888 3138 936 moveantur.

2658 1034 2892 1093 CAPUT
2932 1032 3122 1091 XXIII.

2342 1152 2417 1208 De
2453 1151 2810 1222 refrenotione
2844 1148 3039 1219 lingua
3069 1146 3123 1201 in
3154 1146 3441 1218 loquendo.

2170 1286 2549 1359 Nequaquam,
2578 1284 2943 1348 charissima,
2975 1280 3214 1339 Iacobus
3239 1281 3519 1353 apostolus
3577 1294 3683 1336 exs

2106 1380 2426 1448 perientiam
2465 1387 2697 1449 poneret
2725 1375 3008 1445 religionis
3049 1375 3103 1428 in
3147 1372 3520 1429 reirenatione
3577 1375 3688 1427 litt-

2107 1487 2242 1538 guai,
2283 1468 2384 1525 nisi
2412 1477 2563 1527 certo
2591 1467 2761 1522 sciret
2787 1464 3016 1527 indicio,
3072 1464 3217 1534 quod
3260 1477 3405 1517 mors
3468 1474 3525 1518 et
3570 1462 3685 1516 vita
3750 1514 3759 1521 ,

2106 1570 2190 1617 est
2222 1560 2279 1615 in
2315 1561 2568 1615 manibus
2599 1560 2821 1629 linguae.
2861 1555 3019 1619 Nam,
3046 1563 3107 1610 ut
3164 1555 3359 1622 innuit,
3392 1570 3517 1612 cum
3567 1557 3691 1623 ipsa

2110 1652 2481 1708 benedicimus
2522 1660 2576 1705 et
2608 1650 2986 1704 maledicimus
3020 1647 3214 1702 Deum.
3248 1647 3538 1717 Propterea
3560 1655 3690 1715 post

2109 1742 2306 1802 multa,
2337 1756 2459 1810 qua:
2519 1743 2585 1794 de
2638 1738 2822 1806 lingua
2854 1738 3329 1807 pronuntiaverat,
3389 1738 3688 1805 quamdam

2110 1849 2176 1887 ex
2215 1833 2471 1887 omnibus
2512 1829 2671 1883 dictis
2702 1828 3007 1898 generalem
3043 1826 3449 1881 conclusionem
3480 1826 3688 1880 infert:

2112 1926 2438 1991 Quicunque,
2478 1923 2677 1990 inquit,
2723 1920 2962 1985 refrenat
2986 1918 3224 1989 linguam
3246 1934 3419 1982 suam,
3452 1918 3537 1971 hic
3558 1918 3693 1972 bea-

2113 2027 2196 2069 tus
2226 2018 2278 2067 in
2305 2017 2442 2084 facta
2515 2000 2610 2066 suo
2655 2014 2776 2068 erit.
2828 2012 2969 2067 Ecce
3020 2011 3166 2081 quod
3213 2012 3266 2065 in
3317 2009 3697 2084 reirettatione

2114 2109 2309 2174 lingua:
2344 2105 2620 2161 beatitudo
2677 2104 2931 2174 ponitur:
2971 2115 3031 2158 ut
3059 2103 3220 2159 detur
3260 2104 3489 2175 intelligi
3526 2103 3681 2173 quod

2117 2202 2167 2252 in
2196 2197 2544 2267 multiloquio
2577 2197 2740 2260 Deus,
2786 2196 2877 2265 qui
2909 2204 2993 2250 est
3026 2195 3303 2250 beatitudo
3349 2203 3557 2261 nostra,
3600 2196 3701 2248 ha-

2118 2293 2227 2345 beri
2261 2300 2316 2344 et
2344 2287 2703 2357 contemplari
2741 2302 2850 2341 non
2888 2296 3093 2356 petest.
3123 2284 3437 2341 Refrenatio
3496 2285 3701 2354 lingua:

2115 2393 2223 2445 est,
2253 2373 2383 2435 'cum
2419 2381 2611 2450 linguae
2666 2393 2787 2448 qua:
2846 2393 2912 2432 ex
2942 2377 3026 2431 sui
3076 2380 3208 2431 vitio
3241 2392 3457 2446 semper
3518 2393 3700 2447 prona

2117 2487 2197 2530 est
2248 2476 2312 2529 ad
2359 2472 2640 2528 mendacia
2698 2470 2864 2539 (unde
2921 2479 2976 2524 et
3009 2468 3297 2525 mendaces
3343 2468 3700 2538 appellantur

2122 2567 2390 2633 homines,
2430 2575 2485 2620 et
2506 2564 2630 2618 vani
2664 2561 2761 2617 ﬁlii
2794 2562 3129 2631 hominum),
3155 2571 3251 2616 aut
3282 2562 3557 2615 silentium
3591 2562 3701 2615 im-

2122 2660 2360 2727 ponitur,
2396 2672 2465 2711 ne
2499 2657 2550 2709 in
2586 2654 2989 2723 displicentiam
3050 2653 3141 2706 Dei
3182 2668 3538 2724 prorumpere
3592 2667 3703 2708 au-

2121 2749 2282 2803 deat:
2320 2756 2417 2802 aut
2442 2747 2511 2802 ad
2543 2748 2744 2801 bonum
2773 2752 3116 2811 exerceatur,
3146 2755 3205 2798 ttt
3233 2743 3446 2798 divinas
3506 2742 3706 2800 laudes

2125 2841 2397 2895 exsolvat.

2197 2954 2287 3009 Sic
2318 2954 2501 3023 igitur,
2537 2951 2877 3007 charissima:
2907 2961 2961 3007 et
2989 2950 3360 3008 dilectissime
3392 2950 3540 3015 filiae,
3565 2959 3707 3005 tem-

2128 3044 2350 3113 poribus
2393 3044 2589 3112 quibus
2627 3051 2919 3113 praestatur
2966 3044 3371 3113 opportunitas,
3431 3051 3488 3096 ut
3529 3041 3709 3096 beata

453 3134 776 3224 ancillarum
818 3165 935 3233 Dei,
974 3164 1268 3219 muliebris
1320 3166 1500 3217 omnis
1529 3164 1821 3233 expellatur
1868 3163 1991 3214 intir
2051 3148 2093 3203 C
2130 3151 2262 3233 ᾔδεε
2285 3135 2527 3233 Ρυδδίξίει
2561 3135 2778 3233 linguas
2809 3135 3047 3200 ἀοωθιθν
3083 3149 3165 3233 ηε-
3198 3144 3590 3189 communi“?
3635 3134 3711 3189 ad

453 3262 638 3317 nitas.
668 3257 799 3312 Illud
825 3257 1013 3312 Jacobi
1066 3257 1291 3311 verbum
1330 3256 1385 3309 in
1449 3255 1617 3308 corde
1654 3268 1837 3307 vestro
1885 3254 2023 3307 mul-

458 3353 615 3407 toties
647 3359 921 3419 repetatur
951 3350 1004 3401 iu
1031 3348 1157 3402 die:
1205 3345 1265 3402 Si
1292 3348 1408 3418 quis
1432 3357 1582 3413 putat
1620 3363 1677 3399 se
1713 3346 2019 3415 religiosum

455 3457 589 3508 esse,
616 3458 720 3495 non
752 3440 1028 3509 refrenana
1056 3439 1294 3510 linguam
1324 3453 1505 3502 suam,
1536 3438 1628 3491 sed
1655 3439 1903 3492 reducens
1922 3451 2028 3513 “cor

457 3548 648 3587 suum:
693 3532 853 3599 hujus
902 3544 1036 3584 vana
1063 3539 1142 3583 est
1192 3526 1375 3599 religio
1409 3527 1554 3597 (Jac.
1590 3542 1629 3591 I,
1669 3526 1783 3599 '26).
1816 3526 2029 3596 Religio

459 3625 625 3694 igitur
679 3631 869 3676 sancta
931 3634 1037 3674 non
1088 3628 1266 3689 potest
1300 3632 1421 3671 esse
1450 3617 1504 3670 in
1540 3618 1882 3685 loquacibus,
1911 3630 2030 3683 quae

459 3715 612 3769 nullo
644 3721 873 3784 possunt
899 3720 1142 3779 tempore
1170 3709 1360 3773 silere,
1384 3723 1485 3762 nec
1512 3707 1789 3763 abstinere
1816 3709 1886 3760 ab
1908 3710 2029 3759 inu-

460 3806 641 3861 tilibus
669 3805 866 3860 verbis.
902 3803 978 3858 Ex
1009 3803 1113 3856 hoc
1135 3801 1279 3854 enim
1307 3803 1360 3854 in
1392 3814 1577 3854 eremo
1609 3799 1784 3853 sancti
1829 3797 2020 3852 Patres

458 3896 666 3963 cdocti,
706 3909 918 3951 sunnna
972 3908 1096 3948 cum
1158 3892 1444 3961 diligentia
1495 3890 1791 3945 observant
1836 3903 2027 3943 sancta

458 3987 676 4043 silentia
708 4024 751 4059 ,_
801 3994 1062 4054 tanquam
1115 3994 1319 4038 sancta:
1377 3982 1855 4053 contemplationis
1898 3996 2031 4036 Catio

530 4171 721 4225 Plures
746 4183 835 4224 me
868 4169 1135 4238 reperisse
1166 4182 1274 4223 non
1306 4167 1546 4238 ambigo,
1581 4169 1670 4236 qui
1699 4180 1795 4237 per
1818 4174 2035 4236 septen-

462 4263 616 4318 nium
650 4260 856 4315 nullum
886 4276 1108 4330 prorsus
1141 4261 1365 4315 verbum
1397 4257 1605 4314 homini
1637 4260 1802 4314 alteri
1828 4260 2031 4313 emise-

462 4363 621 4410 rant:
649 4356 884 4409 scientes
918 4354 1064 4422 quod
1091 4367 1199 4407 non
1231 4357 1287 4407 iu
1340 4353 1709 4407 commotione
1765 4353 2033 4407 Dominus

464 4457 641 4517 p0test
664 4445 875 4502 haberi.
914 4445 1208 4515 Propterea
1251 4444 1397 4511 volo,
1436 4443 1803 4508 charissima,
1856 4451 1917 4496 ut
1974 4443 2032 4495 in
2068 4477 2112 4532 υ

464 4546 736 4594 conventu
787 4547 995 4603 vestro,
1045 4546 1127 4592 ter
1160 4546 1254 4592 aut
1307 4539 1513 4607 pluries
1556 4536 1613 4589 in
1675 4533 2036 4598 hebdomade,

463 4635 703 4701 exceptis
738 4629 1147 4694 festivrtatibus,
1176 4628 1328 4698 loqui
1360 4627 1609 4692 omnino,
1642 4627 1749 4681 nisi
1809 4632 2039 4698 urgente
2074 4676 2093 4691 ,

463 4740 629 4782 causa
665 4722 881 4795 perutili
907 4733 962 4777 et
992 4722 1336 4785 necessaria,
1370 4721 1685 4776 nullatenus
1715 4718 1900 4781 liceat,
1937 4733 2040 4775 nec

463 4815 647 4881 simul,
676 4829 776 4870 nec
806 4827 934 4869 cum
961 4813 1084 4866 aliis
1108 4820 1289 4865 extra.
1319 4810 1518 4865 Diebus
1572 4824 1703 4864 vero
1763 4810 2038 4875 omnibus,

463 4909 665 4980 quibus
694 4916 753 4963 et
785 4921 884 4977 pro
921 4905 1186 4971 remedio,
1211 4913 1266 4959 et
1302 4918 1399 4974 pro
1425 4904 1604 4958 salute
1649 4904 1791 4973 loqui
1846 4917 2042 4958 conce-

465 5005 633 5065 ditur,
673 5014 783 5055 uon
814 4998 1047 5068 singulis
1070 4996 1221 5052 horis
1255 4999 1551 5052 vacandum
1585 5003 1668 5050 est
1695 4995 1897 5061 verbis,
1922 5008 2042 5063 quae

464 5097 557 5149 vix
580 5091 812 5164 proferri
847 5093 966 5149 sine
989 5100 1215 5163 peccato
1238 5102 1495 5161 possunt:
1531 5089 1624 5143 sed
1650 5090 1766 5143 haec
1818 5088 2043 5141 inviola-

467 5187 593 5242 bilis
644 5183 954 5243 observatio
983 5184 1185 5253 vigeat,
1213 5185 1356 5252 quod
1384 5180 1612 5252 singulis
1636 5180 1888 5235 noctibus
1919 5190 2043 5247 post

467 5287 739 5348 peractam
769 5278 959 5332 horam
979 5275 1353 5346 Completorii,
1379 5287 1550 5344 usque
1571 5281 1693 5345 post
1722 5271 1960 5334 ﬂissam,
1991 5278 2046 5325 et

466 5386 498 5424 a
534 5369 735 5425 Tertiis
754 5384 926 5438 usque
981 5368 1050 5423 ad
1095 5366 1329 5434 Nonum,
1360 5381 1517 5422 sacra
1567 5366 1927 5421 observentur
1970 5364 2049 5417 si-

467 5460 635 5519 lentia
666 5474 683 5514 :
712 5468 979 5528 quatenus
1008 5467 1064 5512 et
1086 5446 1293 5526 lingua:
1338 5454 1507 5510 Deum
1554 5454 1815 5509 laudandi
1847 5468 2047 5507 conce-

470 5558 634 5608 datur
666 5553 1078 5621 opportunitas,
1109 5560 1164 5605 et
1221 5550 1431 5605 inutilia
1476 5552 1639 5603 verba
1693 5547 1908 5615 penitus
1952 5548 2045 5603 ab-

470 5645 811 5700 scindantur.
833 5645 891 5701 ιιι
916 5647 1087 5700 choro
1110 5658 1239 5701 vero
1262 5642 1518 5697 Ecclesiae
1546 5642 1612 5695 ad
1626 5640 1843 5696 divinas
1862 5642 2049 5695 laudes

476 5744 687 5804 parato,
717 5734 1060 5799 dormitorio,
1093 5733 1676 5799 cmnaculo,claustro,
1708 5747 1771 5788 ac
1786 5731 2048 5801 capitulo.

2129 3230 2274 3295 lites,
2317 3244 2384 3283 ne
2429 3227 2634 3299 jurgia,
2677 3229 3081 3290 contentiones,
3121 3227 3291 3290 rixas.
3344 3236 3403 3281 et
3448 3226 3715 3282 scandala

2128 3333 2427 3376 resonent:
2472 3321 2897 3390 nejuramenta,
2955 3335 3021 3372 ne
3048 3318 3436 3388 blasphemias,
3487 3334 3557 3373 tte
3608 3336 3713 3391 op-

2130 3414 2372 3483 probria,
2413 3424 2467 3468 et
2497 3412 2731 3466 aliorum
2797 3410 3196 3481 displicentiam
3255 3413 3507 3480 prodant.
3550 3414 3713 3479 Quod

2131 3507 2177 3560 si
2211 3519 2276 3558 ex
2308 3504 2568 3559 instinctu
2603 3503 2829 3568 diaboli,
2865 3503 2958 3573 qui
2991 3488 3212 3571 semper
3257 3504 3562 3560 discordias
3613 3520 3706 3560 se.

2132 3598 2326 3663 minat,
2360 3597 2504 3650 inter
2541 3608 2758 3648 sorores
2804 3595 2944 3650 levis
2990 3596 3154 3650 etiam
3195 3595 3464 3650 dissensio
3514 3608 3713 3650 exorta

2133 3688 2319 3750 luerit,
2348 3684 2565 3755 penitus
2591 3684 2775 3738 statim
2801 3697 2897 3754 per
2925 3684 3282 3746 abbatissam,
3314 3692 3406 3736 aut
3468 3699 3565 3753 per
3594 3685 3718 3754 epi-

2148 3792 2399 3846 scopum,
2438 3777 2553 3830 sive
2582 3777 2928 3845 pra‘positum
2955 3766 3171 3841 domus,
3203 3774 3447 3847 nequitia
3473 3775 3717 3832 elidatur

2133 3871 2188 3924 in
2223 3868 2455 3936 semine,
2499 3869 2573 3923 ita
2608 3880 2662 3921 ut
2692 3881 2920 3922 occasus
2968 3868 3100 3923 solis
3139 3868 3192 3923 in
3239 3868 3401 3924 domo
3454 3866 3550 3923 Dei
3600 3885 3716 3925 non

2135 3963 2373 4018 inveniat
2402 3961 2764 4027 iracundiam,
2792 3971 2846 4015 et
2873 3960 2951 4014 ira
2982 3970 3333 4016 convertatur
3384 3962 3437 4016 in
3496 3961 3717 4028 odium,

2133 4066 2190 4110 et
2226 4042 2420 4108 domus
2440 4053 2586 4122 pacis
2607 4053 2719 4123 jam
2740 4052 3081 4108 ebriosorum
3123 4052 3389 4109 eiliciatur
3451 4056 3713 4112 taberna.

2136 4146 2413 4201 Mendacia
2445 4161 2574 4201 vero
2620 4156 2878 4214 tanquam
2949 4145 3221 4200 infernum
3256 4146 3530 4217 expellite.
3556 4146 3717 4203 Semo

2137 4253 2234 4307 per
2257 4249 2439 4293 autem
2471 4238 2653 4293 divina
2711 4238 2912 4302 cilicia,
2979 4247 3077 4293 aut
3130 4253 3410 4293 sacrorum
3459 4240 3719 4294 codicum

2136 4333 2323 4397 verba,
2360 4340 2468 4387 tam
2530 4332 2673 4385 inter
2704 4345 2949 4397 sorores,
2991 4346 3154 4400 quam
3193 4331 3357 4384 etiam
3416 4331 3560 4388 inter
3621 4333 3720 4386 ad—

2139 4426 2418 4479 venientes
2451 4423 2790 4479 deducantur
2818 4422 2875 4477 in
2932 4423 3194 4479 medium.

2215 4539 2269 4595 Si
2302 4541 2520 4609 quando
2559 4538 2894 4597 muliercula:
2920 4539 2988 4595 de
3016 4540 3147 4596 viris
3173 4539 3428 4610 propriis,
3465 4540 3537 4597 de
3561 4542 3717 4609 ﬁliis,

2143 4635 2208 4688 de
2244 4633 2501 4697 vestibus,
2544 4631 2614 4686 de
2643 4632 2829 4686 mundi
2861 4632 3214 4700 vanitatibus,
3258 4633 3593 4703 garrulando
3647 4637 3727 4687 lo-

2143 4722 2513 4792 quacitentur,
2556 4731 2613 4775 ut
2644 4721 2816 4776 moris
2847 4729 2932 4776 est
2958 4738 2973 4777 :
3002 4722 3083 4780 eis
3116 4737 3240 4779 mox
3264 4725 3427 4779 verba
3459 4722 3727 4796 frangan-

2150 4825 2262 4881 tur,
2290 4830 2412 4869 mox
2455 4814 2694 4868 otiosum
2731 4815 2960 4869 verbum
2992 4823 3048 4870 et
3074 4816 3327 4871 nocivum
3354 4815 3541 4871 divino
3561 4816 3725 4872 cedat

2144 4909 2405 4961 sermoni.
2433 4906 2492 4961 Si
2519 4903 2762 4960 divinum
2796 4906 3070 4961 introduci
3102 4922 3208 4962 non
3242 4908 3444 4977 poterit
3480 4909 3574 4964 tali
3604 4912 3724 4985 colo

2148 4999 2355 5071 loquio,
2406 4999 2460 5054 in
2490 5000 2909 5054 detestationem
2941 5000 3192 5056 criminis
3218 5000 3457 5056 fenestra
3484 5003 3731 5061 'clauda-

2148 5102 2238 5145 tur
2268 5092 2321 5145 in
2348 5092 2542 5145 faciem
2574 5105 2591 5146 :
2631 5097 2687 5144 et
2715 5091 2871 5146 velox
2914 5089 3040 5161 fuga
3071 5100 3301 5146 testetur
3360 5093 3723 5147 sanctitatem

2150 5181 2521 5237 intrinsecam.
2580 5178 2730 5235 Nihil
2780 5181 2963 5249 itaque
3014 5196 3111 5251 per
3160 5181 3430 5236 exteriora
3469 5182 3729 5253 corporis

2150 5275 2389 5339 intrans,
2430 5279 2667 5326 mentem
2704 5270 3130 5340 cogitationibus
3156 5272 3432 5337 molestct,
3478 5287 3602 5347 cum
3633 5273 3727 5327 di-

2149 5370 2289 5421 vina
2312 5365 2759 5435 contemplationi
2787 5365 3100 5435 exponitur.
3157 5365 3307 5422 Raro
3330 5366 3613 5434 cogitatur
3662 5368 3721 5419 in

2152 5468 2355 5525 mente,
2390 5459 2535 5528 quod
2601 5457 2904 5517 exteriores
2958 5472 3153 5514 sensus
3190 5473 3296 5513 non
3335 5461 3581 5515 mittunt.
3632 5456 3731 5514 ιιω

2152 5560 2281 5604 sunt
2307 5549 2580 5614 fenestra,
2620 5548 2737 5604 haec
2770 5557 2897 5605 sunt
2923 5550 3090 5617 ostia,
3120 5565 3240 5621 qua:
3264 5550 3310 5606 si
3366 5551 3551 5606 clausa
3615 5566 3727 5605 non

2151 5641 2378 5707 fuerint,
2406 5641 2562 5697 morti
2591 5651 2740 5711 patet
2772 5642 3066 5701 introitus:
3094 5654 3154 5699 et
3215 5659 3323 5698 non
3376 5644 3481 5700 nisi
3514 5644 3734 5701 funeste

2156 5733 2478 5804 ingreditur.
