3956 6196
360 347 468 410 [εἰς

918 458 955 510 (.
976 455 1146 512 ἙΡῙῙΤ
1185 454 1375 512 XXIV.

674 547 746 600 De
776 549 1036 600 consortio
1069 550 1300 600 marium
1340 549 1613 618 fugiendo.

424 631 665 707 Credite,
711 641 1071 701 charissima,
1131 641 1334 695 credite
1372 642 1488 695 seni
1545 656 1684 711 pene
1741 636 1924 695 omnia

358 742 623 802 experto:
659 745 765 784 non
799 738 1023 798 possunt
1049 728 1224 783 claudi
1255 743 1451 784 sensus
1495 731 1662 785 vestri
1718 729 1927 783 extrin-

359 827 465 881 scci
500 821 898 878 intumultibus
932 821 1236 876 hominum.
1288 821 1344 875 Si
1402 822 1560 877 color
1617 829 1929 892 cpponatur

358 918 532 976 oculo.
565 929 735 984 nequa
761 927 900 982 ptuit
934 923 1105 982 potest
1133 929 1235 966 non
1263 913 1449 968 videre
1493 913 1719 969 oculus:
1753 913 1832 968 sic
1872 919 1930 969 et

360 1012 510 1064 auris
535 1023 636 1062 neu
666 1008 854 1060 audire
915 1020 1079 1059 sonos
1113 1022 1215 1060 nou
1245 1015 1452 1074 potest;
1486 1006 1713 1076 ideoque
1742 1007 1794 1060 in
1851 1005 1931 1060 si-

360 1101 525 1154 lentio
553 1109 607 1152 et
629 1099 832 1168 quiete.
851 1097 1494 1174 cogitationcspperversm
1515 1099 1775 1160 vitantur,
1807 1112 1928 1167 qua:

357 1201 615 1258 separant
647 1205 786 1243 nosa
824 1187 958 1244 Deo.
991 1187 1282 1260 Propterea
1315 1191 1505 1245 hortor
1521 1205 1613 1248 Vos
1631 1201 1687 1246 et
1711 1205 1926 1256 moneo,

359 1295 414 1338 ut
451 1300 557 1336 non
592 1284 692 1337 nisi
717 1294 1034 1337 sanctarunt
1068 1285 1330 1336 mentium
1369 1285 1558 1336 audire
1587 1284 1746 1337 verba
1787 1284 1927 1339 veli-

359 1376 426 1429 tis
455 1392 472 1429 :
507 1392 610 1431 nou
645 1377 747 1430 nisi
777 1376 1000 1445 pudich
1026 1387 1076 1431 et
1109 1379 1362 1431 honestas
1405 1377 1574 1430 facies
1626 1389 1766 1446 qdas
1817 1393 1930 1432 ma.

357 1478 546 1524 cerant
571 1479 755 1522 sancta
785 1468 1009 1537 jejunio,
1048 1468 1208 1522 liceat
1259 1469 1482 1521 intueri.
1521 1465 1614 1522 Sic
1650 1483 1807 1523 rarus
1845 1469 1929 1522 vir

356 1570 661 1628 appareat:
711 1559 789 1611 sic
823 1573 942 1611 rara
972 1559 1037 1612 de
1085 1559 1201 1610 viro
1262 1559 1465 1611 mentio
1521 1559 1809 1624 habeatur,
1867 1567 1928 1612 ut

354 1652 616 1721 puellulae
641 1657 832 1705 vestrae
867 1664 1000 1718 pene
1024 1649 1233 1702 virilem
1259 1664 1448 1704 sexum
1491 1646 1760 1720 ignorent.
1812 1652 1925 1705 Non

354 1743 556 1798 animal
613 1755 758 1799 certe
817 1743 1114 1797 masculum
1155 1744 1390 1798 cmnobii
1415 1743 1615 1798 limites
1651 1755 1920 1809 transeat,

1513 349 1820 411 REGULA
1884 340 2450 408 MONACHARUM.

1961 471 2002 522 Α
2034 461 2175 522 quod
2209 455 2453 525 protinus
2488 453 2734 509 dissolvit
2769 469 2927 510 omne
2967 455 3296 526 coniugium.
3346 458 3596 517 'ldrirco.

3497 349 3602 415 426

2035 548 2266 602 domina:
2301 561 2456 610 meae,
2493 547 2619 615 quia
2669 561 2881 614 spnnsm
2914 546 3264 603 Dominimei
3310 551 3468 615 estis,
3503 567 3602 607 vos

2034 639 2180 706 ipsas
2205 641 2351 693 omni
2380 638 2624 694 custodia
2673 639 2774 693 sibi
2820 650 3053 706 seri-ate,
3087 656 3156 696 ne
3213 656 3450 712 sponsus
3489 653 3598 698 tam

2031 729 2205 792 dulcis
2238 737 2524 800 separetur
2553 747 2584 785 a
2623 731 2800 788 vobis.
2829 731 3058 802 Semper
3084 730 3224 787 Dina
3255 749 3476 803 egressa
3509 735 3596 788 vi-

2031 821 2158 875 dere
2180 821 2322 876 tilias
2345 822 2586 890 regionis
2608 822 2776 886 illius,
2806 838 2904 879 vos
2925 833 3117 880 cautas
3143 824 3310 878 faciat
3339 824 3408 880 de
3459 827 3602 894 peri-

2029 913 2153 968 culo
2189 914 2361 968 illius.
2397 915 2452 968 In
2479 917 2813 970 monasterio
2841 924 3018 971 vestro
3075 916 3220 971 velut
3255 919 3305 972 iu
3359 917 3600 972 thalamo

2031 1006 2300 1059 maneatis
2339 1021 2464 1059 cum
2494 1021 2718 1075 sponso.

2102 1096 2266 1150 Estra
2299 1097 2612 1151 monasterii
2671 1097 2873 1154 limites
2909 1099 3039 1152 nulli
3103 1099 3326 1156 omnino
3359 1109 3598 1156 vestrum

2031 1186 2113 1243 fas
2147 1189 2216 1242 sit
2246 1191 2598 1257 pertransire.
2657 1190 2780 1245 llaec
2841 1192 2950 1254 lex,
3023 1193 3138 1246 lucc
3199 1207 3420 1257 norma,
3482 1193 3598 1246 lucc

2030 1295 2243 1335 summa
2277 1280 2542 1350 professio
2568 1283 2826 1336 omnibus
2859 1283 3008 1337 vobis
3043 1299 3058 1336 :
3095 1292 3153 1336 nt
3170 1298 3292 1352 qua!
3319 1283 3484 1338 semel
3518 1283 3601 1336 in-

2031 1371 2257 1424 traverit
2305 1385 2367 1422 ex
2403 1371 2708 1436 sororibus,
2774 1387 3074 1441 nunquam,
3127 1373 3172 1425 si
3226 1373 3342 1426 ﬁeri
3400 1381 3599 1442 potest,

2031 1461 2184 1513 exire
2217 1461 2583 1528 permittatur.
2643 1460 2760 1516 Non
2809 1465 2974 1516 etiam
3025 1465 3282 1517 mulir-res
3331 1464 3434 1519 ille
3483 1479 3602 1532 qute

2031 1553 2310 1621 religionis
2343 1553 2590 1606 habitum
2656 1563 2893 1622 gestant,
2929 1563 2978 1608 et
3007 1565 3128 1608 voto
3187 1555 3438 1625 obligata:
3499 1570 3596 1608 no-

2031 1655 2258 1700 scuntur
2285 1647 2556 1710 cmuobin,
2587 1661 2685 1715 per
2706 1648 2982 1702 civitatem
3011 1658 3064 1701 et
3093 1649 3268 1710 vicos,
3317 1649 3494 1703 victus
3543 1659 3600 1704 et
3630 1645 3646 1708 li

2034 1739 2334 1792 necessaria
2364 1749 2630 1808 quaerant.
2687 1739 2776 1792 lla:
2809 1740 3081 1808 siquidem
3124 1751 3276 1794 extra
3315 1751 3600 1796 manentes

354 1835 618 1888 tttoiunis
645 1843 822 1889 cesset
865 1836 1082 1890 occasio
1115 1835 1371 1904 loquendi
1407 1835 1474 1890 de
1503 1836 1770 1890 maribus.
1821 1837 1917 1892 Sic
1959 1812 1998 1864 Β
2030 1830 2082 1881 ill
2117 1829 2293 1894 θιίιμηι
2350 1841 2502 1897 Parte
2563 1831 2760 1891 locelli.
2822 1846 2944 1884 cum
2999 1832 3145 1884 οιιιιιὶ
3202 1841 3490 1886 sanclltale
3543 1842 3600 1886 et

355 1927 575 1996 pudica,
611 1925 691 1979 sic
721 1933 868 1980 casta
897 1925 1062 1980 verba
1113 1927 1165 1980 in
1197 1925 1346 1981 omni
1394 1925 1670 1996 colloquio
1733 1937 1923 1982 sancta

357 2026 654 2087 persouent
680 2031 796 2080 ora,
826 2025 883 2070 ut
911 2017 1284 2088 generationis
1318 2016 1514 2074 modus
1544 2026 1598 2074 et
1629 2029 1784 2073 ortus
1839 2019 1928 2088 ju-

355 2107 708 2160 rencularum
741 2107 906 2161 lateat
934 2109 1120 2163 corda.
1154 2107 1278 2164 [late
1315 2109 1558 2180 profecto
1582 2119 1772 2165 catena
1802 2110 1925 2165 dia-

359 2201 463 2254 boli
497 2209 599 2262 est,
631 2215 790 2267 quam
821 2198 866 2253 si
901 2199 1237 2256 abstuleritis
1270 2200 1336 2256 de
1363 2201 1544 2258 medio
1584 2202 1774 2266 vestri,
1808 2217 1915 2256 non

356 2291 694 2346 extendi-nilo
723 2291 948 2359 digitum
984 2293 1050 2344 ad
1093 2291 1475 2362 inquirendum
1503 2294 1685 2350 omnia
1707 2309 1802 2363 per
1833 2309 1926 2346 cu-

353 2386 694 2438 riositatem:
733 2393 784 2437 et
807 2383 1080 2438 desieritis
1105 2383 1250 2454 loqui
1273 2385 1416 2455 quod
1443 2399 1549 2439 non
1580 2385 1839 2456 prodest:
1873 2393 1927 2438 et

357 2492 451 2544 per
485 2476 640 2541 longa
674 2473 886 2528 silentia
922 2487 1025 2527 nou
1062 2474 1375 2529 inveniatur
1421 2484 1599 2530 vestra
1646 2478 1922 2538 voluntas,

359 2577 415 2619 ut
463 2565 762 2634 loquamini
827 2580 1111 2620 sermones
1163 2566 1416 2622 inutiles:
1453 2578 1579 2622 tunc
1619 2568 1832 2622 orietur
1864 2575 1923 2622 in

359 2661 599 2710 tenebris
615 2657 706 2708 lux
737 2664 940 2721 vestra,
955 2665 1009 2709 et
1031 2666 1189 2710 erunt
1206 2657 1445 2711 tenebras
1461 2655 1604 2710 sicut
1623 2655 1877 2710 meridies
1906 2670 1920 2712 :

355 2756 410 2799 et
437 2745 536 2799 erit
572 2746 721 2798 vobis
742 2761 771 2799 a
793 2746 1019 2800 llo:nino
1047 2745 1282 2816 requies,
1313 2748 1524 2815 qualem
1551 2750 1787 2800 mundus
1820 2747 1923 2800 iste

359 2855 466 2894 non
502 2837 669 2892 novit.
701 2838 1093 2907 Etimplcbitur
1112 2839 1492 2908 splendoribus
1521 2841 1701 2893 anima
1717 2847 1922 2892 vestra:

355 2946 496 3000 quos
517 2933 882 2985 obtenebratte
911 2939 1114 2985 mentes
1141 2930 1372 3001 caligine
1393 2929 1576 2986 sateuli
1609 2931 1924 3001 apprehen~

358 3025 485 3079 dere
518 3033 812 3092 nequeunt.

426 3114 574 3170 Felir
607 3117 785 3184 itaque
813 3115 992 3169 anima
1024 3129 1163 3184 quat,
1234 3125 1418 3184 spreto
1449 3114 1664 3170 turbine
1707 3113 1917 3178 surculi,
1951 3141 1994 3202 ο

357 3205 729 3277 pertrausiens
763 3207 1004 3273 corporis
1033 3205 1291 3268 claustra,
1322 3206 1463 3260 illius
1489 3219 1717 3259 summa:
1745 3211 1802 3259 et
1837 3204 1923 3258 iu-

354 3298 860 3370 comprehensibilis
889 3298 1024 3352 lucis
1049 3306 1224 3369 potest
1244 3298 1463 3368 aliquali
1512 3297 1777 3352 illustrari
1835 3312 1927 3352 ra-

355 3396 465 3448 dio.
494 3393 588 3447 Sic
628 3392 804 3456 dulce,
837 3393 918 3447 sic
973 3393 1270 3462 jucundum
1304 3398 1391 3446 est
1443 3390 1721 3454 solatium,
1781 3389 1924 3460 quod

358 3485 661 3554 despiciant
695 3486 944 3554 protinus
978 3493 1173 3539 cuncta
1207 3494 1446 3541 terrena.
1478 3483 1623 3536 Mors
1659 3481 1921 3537 formida-

357 3579 479 3631 bilis
501 3579 770 3631 universis
793 3575 1160 3631 animantibus
1181 3586 1337 3630 terra:
1365 3584 1586 3644 optatur
1608 3590 1703 3644 pro
1729 3573 1922 3642 gloria,

355 3681 410 3722 ut
438 3669 714 3738 limpidius
743 3669 897 3722 liceat
931 3669 1168 3722 intueri:
1197 3660 1339 3737 quod
1396 3667 1607 3721 tnodica
1656 3667 1790 3719 hora
1849 3666 1926 3716 vi-

355 3777 500 3824 sum,
546 3769 656 3813 tam
705 3759 1025 3814 delectabile
1076 3769 1129 3814 et
1173 3758 1473 3828 jucundum
1530 3759 1790 3813 sentitur.
1831 3755 1924 3811 Sic

355 3856 540 3922 itaque
564 3853 727 3921 agite,
753 3851 1115 3916 cbarissimaa,
1151 3852 1446 3920 adimplete
1469 3865 1590 3920 qua:
1628 3852 1762 3906 estis
1788 3865 1922 3918 pro-

355 3946 544 3998 fessae:
577 3944 822 4013 gaudete,
859 3942 984 4012 quia
1028 3942 1280 4012 potestis.
1325 3941 1441 3996 Non
1495 3957 1592 3995 tos
1639 3941 1766 4008 viri,
1815 3957 1922 3995 non

357 4034 610 4094 filiorum,
639 4048 742 4085 non
769 4032 1122 4099 supellectilis
1152 4045 1304 4098 cura,
1345 4046 1448 4087 non
1499 4044 1757 4087 ceterum
1814 4047 1924 4084 ma-

355 4125 513 4178 ritale
544 4136 683 4175 onus
711 4122 982 4176 molestat.
1009 4119 1300 4175 Hominum
1327 4125 1599 4177 consortia
1623 4125 1700 4176 sic
1731 4123 1920 4190 fugite:

353 4215 432 4268 sic
455 4213 736 4266 mularia
777 4214 958 4266 omnia
1000 4214 1276 4282 expellite,
1303 4222 1360 4266 ut
1391 4227 1740 4282 nequaquam
1797 4228 1922 4280 per-

357 4307 536 4360 veniat
580 4305 647 4358 ad
706 4320 802 4359 vos
860 4305 1124 4374 quidquid
1172 4306 1350 4375 agitur
1404 4307 1458 4358 itt
1495 4305 1712 4358 sa-culu.
1758 4304 1922 4358 Solus

355 4412 584 4467 sponsus
620 4405 802 4450 vester
845 4394 1128 4459 Christus,
1185 4396 1398 4450 Strictis
1443 4397 1647 4449 vestris
1705 4393 1920 4448 fruatur

2031 1922 2291 1975 modestia
2322 1923 2707 1979 administrent
2733 1941 2853 1995 qua!
2873 1941 3007 1988 onus
3055 1935 3182 1980 sunt
3211 1925 3389 1987 vobis,
3446 1940 3602 1979 recc-

2031 2021 2340 2079 pturmcum
2365 2013 2578 2066 Martha
2598 2026 2801 2068 sortem
2827 2017 3115 2068 mercedis.
3141 2014 3248 2069 llas
3278 2025 3456 2069 autent
3481 2020 3602 2068 volo

2032 2103 2166 2156 tales
2191 2104 2501 2158 servitrices
2534 2105 2744 2164 adesse.
2773 2106 2914 2172 quod
2942 2121 3006 2158 ex
3032 2105 3448 2158 conversatione
3478 2105 3605 2157 vita,

2028 2207 2083 2250 et
2119 2195 2323 2257 habitu,
2371 2196 2596 2250 interior
2622 2199 2886 2252 Sanctitas
2912 2197 3226 2252 monasterii
3251 2196 3601 2266 praedicetur.

2028 2289 2183 2354 Quod
2215 2289 2258 2342 si
2289 2291 2358 2343 ob
2420 2291 2731 2344 necessaria
2795 2291 2991 2344 domus
3045 2291 3310 2360 captanda
3371 2301 3599 2351 exeunt,

2028 2397 2139 2436 non
2168 2381 2503 2436 circumeant
2535 2383 2682 2436 viros
2711 2381 2764 2435 in
2798 2381 3016 2444 fabulis,
3048 2397 3154 2434 non
3221 2392 3593 2433 matronarum

2029 2470 2219 2524 domos
2251 2472 2302 2524 in
2341 2472 2596 2541 potilius:
2625 2471 2720 2525 sed
2749 2486 2911 2526 omne
2972 2485 3108 2538 Opus
3175 2473 3378 2525 bonum
3439 2486 3598 2525 exer-

2029 2572 2208 2624 ceant,
2241 2573 2298 2615 ut
2326 2579 2430 2616 non
2465 2565 2806 2632 vituperetur
2843 2565 3208 2618 ministerium
3247 2579 3427 2618 suum.
3456 2564 3592 2617 Cum

2031 2656 2117 2708 his
2135 2671 2238 2708 non
2273 2657 2429 2708 liccat
2459 2655 2746 2710 sororibus
2775 2657 2917 2710 intra
2948 2657 3294 2726 degentibus,
3359 2657 3596 2712 secretis

2029 2745 2266 2816 Colloqui
2306 2747 2848 2808 fabulatiouibus.ne
2901 2748 3106 2818 aliquid
3172 2749 3342 2818 possit
3397 2749 3603 2802 intrare

2029 2838 2387 2902 extrinsecus,
2427 2841 2568 2907 quod
2596 2841 2764 2907 possit
2823 2840 3038 2896 obesse.
3092 2839 3294 2894 llarum
3350 2841 3594 2894 omnium

2030 2931 2298 2984 abbatissa
2327 2934 2519 2984 domus
2549 2947 2734 2986 curam
2761 2943 2916 3001 gerat
2940 2932 3214 2988 assiduam
3242 2947 3260 2990 ζ
3285 2947 3352 2988 ne
3382 2942 3437 2986 et
3465 2933 3598 3001 ipsm

2030 3033 2324 3092 operentur
2351 3025 2496 3092 quod
2527 3038 2635 3077 non
2665 3024 2864 3078 deceat
2924 3026 3296 3080 sanctitatem.
3357 3025 3448 3087 lite
3498 3033 3598 3079 οι»-

2027 3116 2420 3170 scrvantiarum
2452 3123 2506 3171 et
2534 3115 2861 3187 jejuniorum
2892 3116 3002 3170 sint
3051 3117 3286 3171 astricta:
3339 3116 3549 3186 legibus
3580 3133 3596 3170 :

2027 3215 2081 3262 et
2110 3209 2593 3278 praararicatrices,
2648 3207 2951 3277 disciplina:
3006 3208 3325 3278 subiaceant
3388 3210 3593 3264 ferum.

2029 3300 2158 3368 Quae
2191 3299 2235 3353 si
2272 3299 2552 3354 emendari
2609 3313 2675 3355 ex
2730 3302 2998 3370 pravitate
3047 3305 3493 3372 contempserint,
3541 3305 3596 3358 in

2028 3391 2336 3447 sanctitatis
2383 3391 2660 3448 consortio
2683 3393 2920 3462 pravitas
2954 3393 3133 3449 locum
3187 3409 3299 3450 non
3351 3395 3547 3451 habeat
3580 3413 3598 3450 :

2026 3494 2080 3541 et
2109 3487 2404 3541 membrum
2445 3485 2718 3554 putridum
2747 3485 2815 3541 de
2844 3499 3034 3543 sancto
3081 3502 3340 3557 corpore-
3376 3490 3600 3544 excida-

2028 3587 2133 3632 tur.

2586 3693 2812 3750 CAPUT
2841 3693 3028 3748 XXVI.

2185 3806 2258 3861 De
2290 3807 2561 3862 dulcedine
2589 3809 3042 3877 contemplationis
3060 3823 3186 3878 erga
3214 3809 3417 3864 divina.

2099 3942 2240 3997 Sola:
2297 3942 2498 3998 idcirco
2531 3942 2655 3998 tiliae
2687 3951 2741 3998 et
2761 3941 2994 3998 domina:
3023 3957 3180 4010 meae,
3207 3959 3418 4014 sponsae
3487 3945 3595 3998 [)o-

2026 4036 2156 4088 mini
2190 4036 2290 4089 mei
2329 4035 2474 4091 intus
2510 4043 2792 4090 manentes
2821 4034 2956 4088 nihil
2989 4035 3250 4098 sentiant,
3281 4037 3386 4092 nisi
3442 4036 3595 4107 pium

2024 4124 2208 4180 Jesum
2238 4143 2251 4180 :
2279 4127 2424 4182 hunc
2448 4127 2759 4196 paradisum
2787 4128 2916 4181 solae
2953 4128 3293 4197 possideant,
3335 4130 3423 4184 ubi
3453 4131 3598 4185 dulci

2025 4223 2079 4266 et
2113 4213 2343 4279 jucunda
2373 4217 2554 4283 quiete
2585 4213 2908 4271 ineffabilem
2965 4218 3287 4274 Trittltatettt
3347 4222 3598 4276 intuean-

2029 4307 2192 4360 turin
2247 4306 2420 4359 sat-ris
2475 4307 2705 4362 litteris:
2739 4309 2924 4362 choris
2975 4310 3228 4364 intersint
3286 4313 3594 4382 angelicis:

2025 4397 2276 4450 dulcibus
2328 4413 2518 4450 comm
2583 4399 2836 4453 melodiis
2884 4399 3242 4468 misceantur,
3296 4405 3475 4458 divina
3538 4406 3594 4461 in

355 4488 712 4558 amplexibus.
745 4486 884 4542 Sola:
909 4502 1032 4541 cum
1059 4487 1178 4541 solo
1208 4502 1433 4556 sponso,
1470 4497 1560 4538 aut
1595 4487 1920 4539 lectionibus
1955 4485 1998 4540 υ
2029 4489 2268 4544 Ecclesia
2306 4491 2642 4546 concinendo
2703 4493 2985 4562 mysteria.
3041 4493 3302 4551 informet
3355 4509 3590 4552 mentem

355 4583 549 4648 sacris,
582 4591 677 4636 aut
698 4582 904 4636 sanctis
938 4581 1386 4636 meditationibus
1442 4595 1626 4636 secum
1659 4583 1922 4636 cautabu-

357 4674 561 4741 lemini,
596 4681 651 4729 et
686 4675 802 4744 ipse
835 4674 1146 4729 vobiscum.

916 4829 1145 4888 CAPUT
1181 4832 1345 4886 XXV.

427 4949 504 5004 De
529 4949 789 5020 obsequiis
835 4948 1163 5020 servitrt'cnm
1196 4948 1543 5020 qua'rentt'ttm
1572 4947 1765 5000 uictum
1799 4957 1848 5000 et

834 5018 1123 5073 necessaria
1146 5018 1439 5072 sororibus.

424 5136 713 5205 Zelotypus
732 5135 957 5188 nimium
978 5145 1060 5187 est
1079 5147 1312 5202 sponsus
1332 5144 1530 5195 vester,
1559 5132 1917 5197 charissima,

353 5230 664 5285 nullatenus
693 5211 892 5296 patitur
924 5239 1148 5294 sponsas
1174 5223 1407 5294 proferri
1435 5226 1482 5276 itt
1511 5225 1782 5292 publicum
1807 5239 1822 5279 :
1854 5238 1920 5277 ne

352 5323 809 5390 cencupiscantur
838 5321 906 5371 ab
943 5319 1277 5370 amatoribus
1306 5317 1510 5370 surculi.
1562 5317 1789 5384 Semper
1806 5317 1921 5368 vult

352 5414 499 5467 solus
532 5413 732 5472 ludere,
761 5423 974 5476 semper
1010 5409 1154 5462 solus
1179 5424 1302 5462 cum
1353 5409 1482 5461 solis
1513 5409 1732 5476 sponsis
1799 5421 1918 5459 mo-

353 5507 460 5559 rari
484 5505 791 5565 desiderat;
845 5503 1116 5553 neminem
1151 5501 1260 5553 vult
1309 5501 1600 5554 admittere
1653 5500 1719 5552 ad
1780 5501 1922 5552 sola-

355 5600 529 5652 tium:
575 5595 642 5649 de
681 5594 894 5648 cunctis
937 5592 1190 5646 dubitat:
1229 5593 1298 5646 de
1349 5593 1494 5646 nullo
1529 5593 1778 5646 confidit.
1827 5595 1920 5646 Sic

352 5701 635 5755 arrogans,
660 5686 739 5738 sic
769 5689 1039 5750 superbus
1067 5695 1148 5737 est
1187 5697 1436 5751 sponsus,
1495 5685 1636 5753 quod
1681 5684 1724 5738 si
1753 5685 1916 5736 alium

353 5779 595 5849 qua-ri'is
624 5783 944 5837 amatorem,
971 5776 1214 5843 protinus
1245 5778 1478 5831 recedit:
1507 5777 1583 5829 sic
1605 5785 1913 5844 protervus.

670 5871 944 5931 Psrnon.
985 5870 1176 5931 XXX.

2028 4591 2342 4636 sanctorum
2376 4583 2808 4650 patriarcharum
2843 4591 2902 4637 et
2962 4593 3176 4654 patrum
3247 4588 3592 4657 antiquorum

2027 4673 2356 4747 obedientia.
2393 4673 2782 4742 Prophetarum
2809 4677 3033 4731 oracula
3073 4678 3215 4734 dulci
3252 4681 3598 4739 meditatione

2027 4779 2123 4816 cor
2151 4765 2455 4818 accendant
2483 4766 2549 4818 ad
2580 4766 2848 4834 promissa
2881 4767 3085 4822 felicia.
3145 4770 3460 4839 Apostolica
3496 4774 3596 4828 do-

2025 4867 2278 4910 cumenta
2313 4855 2432 4911 iidei
2465 4869 2662 4913 cuncta
2691 4860 2944 4933 detegant
2991 4877 3352 4922 Sacramenta.

2097 4947 2622 5020 Evangeliorumque
2681 4954 2848 5008 codex
2907 4970 3121 5024 semper
3176 4966 3235 5012 ttt
3314 4958 3590 5026 speculum

2027 5048 2272 5093 teneatur
2305 5041 2357 5093 ltt
2392 5042 2666 5098 manibus.
2711 5042 2980 5116 Martyres
3009 5049 3207 5109 sancti,
3237 5058 3429 5102 cuncta
3484 5063 3589 5101 ste-

2024 5131 2132 5184 culi
2166 5134 2416 5196 adversa,
2437 5141 2492 5186 et
2527 5143 2878 5202 tempestates
2913 5138 3069 5205 hujus
3111 5139 3275 5192 maris
3305 5139 3591 5207 procellosi

2025 5238 2146 5275 cum
2189 5225 2440 5279 omnibus
2467 5225 2754 5282 diabolicis
2787 5230 3061 5293 versutiis,
3102 5238 3155 5282 et
3211 5230 3593 5286 infestationes

2025 5318 2328 5369 dannonum
2363 5320 2596 5371 doceant
2625 5321 2969 5376 conculcare.
3018 5321 3402 5378 Confessorum
3467 5339 3594 5392 pre-

2027 5409 2162 5460 tiosa
2200 5409 2434 5474 devotio,
2469 5410 2534 5463 ad
2565 5411 2870 5465 divinorum
2936 5413 3446 5477 contemplationem
3501 5430 3593 5470 as-

2025 5501 2232 5553 siduam
2288 5501 2517 5557 allectus
2572 5503 2858 5572 astringat.
2914 5503 3237 5574 Regularem
3286 5505 3450 5560 vitam
3512 5509 3596 5562 itt-

2025 5601 2200 5644 struat
2229 5603 2541 5646 Sam-torum
2582 5594 2972 5648 monachorum
3024 5597 3157 5650 mira
3219 5598 3594 5652 conversatio.

2029 5684 2298 5750 Frangere
2323 5701 2537 5739 onmem
2571 5701 2733 5741 sexus
2765 5687 3047 5742 mollitiem
3106 5698 3159 5742 et
3227 5700 3428 5743 sancta:
3489 5689 3598 5743 vir-

2025 5779 2268 5848 ginitatis
2297 5793 2517 5832 scrvare
2549 5783 2911 5850 propositum,
2975 5783 3372 5852 pretiosissima
3428 5781 3590 5852 Virgo

3170 5877 3296 5940 14Δ

3636 5883 3656 5940 δ
