3934 6188
351 301 458 372 121

1315 296 1374 356 S.
1413 290 1860 356 ΙΙΙΕΒΟΝΥΜῙ
1901 287 2228 349 OPERUM
2275 284 2686 348 MANTISSA.

3013 255 3040 264 κ

3499 275 3599 340 £23

349 418 622 490 virginum
679 429 803 472 cum
865 412 1077 469 caeteris
1138 409 1435 480 virginibus
1487 409 1662 463 sacris
1719 416 1932 476 semper
1963 404 2008 460 Δ
2044 413 2263 467 semper
2288 406 2477 463 petunt
2511 392 2816 458 contraria,
2848 387 3076 446 onrians
3109 387 3389 452 mandato,
3425 397 3604 442 statnn

349 510 602 566 edoceat.

425 625 472 680 0
501 624 628 678 felix
658 621 893 676 societas
925 620 940 673 ι
976 634 1009 672 o
1048 615 1236 671 felices
1294 629 1389 669 vos
1412 617 1424 667 ἓ
1451 615 1496 668 si
1524 613 1648 667 talis
1676 627 1740 666 ac
1799 609 1933 665 tanti

358 716 605 772 muneris
641 729 750 768 non
781 712 904 767 sitis
936 711 1188 780 ingrata.
1253 705 1610 761 Felicissima:
1651 704 1930 759 mimirutn

355 809 401 864 si
427 805 744 876 dignitatem
783 809 1022 856 vestram
1061 800 1192 868 ipsa:
1230 795 1567 868 cognoscitis
1605 811 1622 850 ε
1655 809 1778 863 qua
1812 810 1933 848 om-

359 899 505 952 nium
537 896 652 964 regi
677 905 732 950 et
770 894 1020 958 Domino,
1067 891 1268 961 regina:
1300 890 1560 959 speciosae
1588 887 1935 941 triatrirnonio

357 991 649 1060 copulatae,
679 989 880 1057 ipsum,
921 986 1214 1038 dummodo
1245 984 1447 1043 velitis.
1506 982 1704 1034 habere
1757 996 1934 1034 mere-

363 1083 499 1138 mini
539 1098 554 1134 :
587 1093 750 1149 quem
779 1075 1012 1145 angelici
1049 1076 1274 1143 spiritus
1309 1073 1492 1127 videre
1515 1073 1932 1140 concupiscunt.

359 1176 404 1231 Ο
432 1172 725 1229 iucliabilis
759 1170 928 1238 gloria
960 1171 974 1224 i
1010 1168 1065 1221 In
1118 1167 1300 1237 fragili
1367 1165 1638 1235 siquidem
1706 1177 1936 1230 corpore

320 1302 332 1312 -
362 1268 528 1322 Deum
571 1263 768 1318 intueri
797 1261 1042 1332 potestis.
1107 1258 1222 1322 llic,
1281 1274 1486 1324 qua-so,
1545 1272 1696 1310 mens
1759 1267 1934 1309 vestra

361 1359 558 1428 vigeat.
595 1356 720 1411 llaec
751 1357 864 1409 dies
880 1353 988 1407 diei
1017 1363 1228 1407 eructet
1263 1353 1489 1404 verbum
1518 1389 1534 1414 ,
1561 1361 1616 1402 et
1651 1348 1936 1404 scientiam

364 1451 502 1504 hanc
534 1463 640 1502 nox
671 1448 872 1500 indicet
909 1445 1079 1498 nocti.
1120 1443 1398 1510 Angelicis
1459 1441 1665 1503 choris.
1724 1451 1939 1495 sancto-

363 1555 484 1594 runt
517 1537 899 1602 satietatibus,
931 1534 1021 1588 hic
1054 1534 1323 1588 studentis
1357 1533 1622 1586 interesse
1652 1548 1667 1589 :
1704 1542 1761 1584 ιιι
1791 1541 1940 1600 post.

365 1633 586 1688 modum
620 1631 674 1685 in
706 1629 955 1699 corporis
987 1629 1160 1692 exitu,
1195 1627 1353 1681 vobis
1381 1627 1686 1694 gaudentes
1718 1636 1773 1680 et
1833 1625 1938 1680 laeti

366 1733 624 1793 tanquam
674 1720 817 1775 notis
848 1727 1160 1774 occurrant.
1232 1718 1288 1772 Si
1345 1718 1426 1771 sic
1481 1717 1746 1782 feceritis,
1803 1717 1939 1769 nihil

369 1815 520 1870 vobis
545 1813 760 1866 dulcius
791 1828 807 1865 ;
841 1811 975 1864 nihil
997 1810 1290 1879 jucundius
1316 1823 1482 1878 quam
1547 1808 1632 1861 his
1682 1807 1947 1861 interesse

365 1904 654 1970 cenviviis,
683 1904 768 1957 bis
789 1903 1001 1971 pabulis
1064 1900 1300 1955 saturari
1334 1915 1350 1953 :
1383 1899 1580 1968 quibus
1625 1897 1794 1952 semel
1850 1898 1948 1951 tle-

367 1995 625 2068 gustatis,
661 2005 877 2048 terrena
935 1990 1119 2046 omnia
1175 2003 1365 2042 amara
1433 1997 1752 2042 cernuntur.
1812 1984 1948 2041 Vere

370 2100 500 2142 tunc
532 2085 784 2141 clausura
818 2083 1082 2144 emnobii.
1108 2081 1267 2152 cujus
1308 2080 1468 2134 taedet
1525 2088 1738 2133 mentes
1788 2094 1949 2148 vaga-

368 2178 582 2234 bundas
614 2187 670 2232 et
722 2175 931 2240 devias,
971 2174 1126 2229 vobis
1179 2188 1280 2242 pro
1337 2188 1549 2226 summa
1603 2172 1948 2241 deputabitur

369 2271 541 2340 gloria
569 2288 582 2325 :
620 2279 675 2325 et
703 2268 1047 2339 reputabitur
1067 2267 1221 2322 exire
1251 2265 1453 2319 limites
1479 2265 1798 2318 monasterii
1828 2277 1949 2320 esse

369 2378 596 2420 necesse
621 2361 807 2432 potius
841 2360 1006 2414 mori.

450 2476 689 2546 Experto
719 2475 904 2544 itaque
935 2471 1052 2526 seni
1085 2472 1280 2525 devote
1346 2469 1649 2524 consulenti
1717 2471 1947 2535 credite,

371 2569 514 2623 filiae.
551 2567 607 2621 Si
639 2566 806 2620 semel
833 2563 1090 2632 gustastis
1123 2578 1284 2631 quam
1317 2563 1493 2616 dulcis
1525 2577 1605 2616 ρει
1639 2562 1897 2616 Dominus
1933 2576 1949 2618 :

369 2659 438 2713 ad
461 2671 624 2726 quem
658 2655 974 2711 accedentes
1005 2653 1252 2724 poteritis
1282 2654 1350 2706 ab
1402 2667 1468 2707 eo
1504 2652 1636 2706 illud
1699 2653 1891 2706 audire
1928 2668 1942 2704 :

385 2749 658 2814 Venite,et
710 2747 981 2802 ostendam
1050 2748 1197 2801 vobis
1248 2762 1396 2799 omne
1452 2748 1641 2800 bonum
1675 2765 1688 2800 :
1724 2757 1777 2800 ct
1825 2757 1952 2800 tunc

371 2840 626 2896 ostendet
657 2839 811 2893 vobis
842 2837 968 2892 talia
1001 2837 1178 2906 qualia
1213 2853 1314 2891 non
1351 2837 1450 2891 nisi
1485 2847 1693 2892 tuentes
1723 2848 1952 2892 assueta:

373 2940 594 2988 norunt.
619 2931 745 2987 Scio
762 2932 889 3000 quid
911 2931 1124 3000 loquor,
1143 2929 1502 2985 charissima}.
1528 2928 1661 2982 Nam
1691 2939 1751 2984 ut
1775 2945 1948 2986 meam

371 3025 745 3095 insipientiam
780 3025 992 3093 loquar,
1023 3037 1126 3092 ego
1156 3022 1520 3078 homunculus
1549 3024 1626 3078 sic
1678 3025 1939 3093 abjectus,

371 3117 451 3173 sic
479 3117 602 3173 vilis
630 3117 683 3172 in
713 3117 877 3172 domo
913 3116 1148 3182 Domini,
1175 3118 1351 3171 adhuc
1406 3117 1593 3171 vivens
1620 3116 1674 3170 in
1727 3131 1951 3186 corpore
1977 3105 2022 3168 C

369 3213 688 3282 angelorum
717 3224 858 3281 sape
881 3211 1064 3265 choris
1106 3207 1330 3264 interfui
1360 3227 1372 3263 :
1405 3208 1473 3263 de
1521 3211 1796 3278 corporeis
1856 3225 1952 3279 per

371 3303 738 3357 hebdomadas
773 3299 906 3354 nihil
935 3301 1199 3362 sentiens,
1234 3300 1436 3353 divinat
1465 3299 1691 3353 visionis
1731 3299 1946 3364 intuitu,

373 3404 494 3464 post
522 3393 810 3448 multorum
849 3392 990 3447 forte
1022 3393 1231 3448 dierum
1261 3392 1458 3461 spatia,
1487 3393 1749 3462 praescius
1804 3391 1950 3446 futti-

375 3497 583 3545 rerum,
623 3481 866 3535 redditus
901 3482 1120 3548 corpori
1155 3479 1370 3534 ﬂebam.
1429 3477 1568 3544 Quid
1623 3480 1695 3532 ibi
1725 3494 1951 3532 tnaneus

343 3575 347 3579 ζ
372 3575 652 3631 felicitatis
688 3574 951 3626 habebam
980 3572 1005 3625 ?
1033 3573 1165 3642 quid
1222 3573 1602 3627 inenarrabilis
1627 3571 1950 3628 delectatio-

374 3667 458 3720 nis
485 3664 836 3720 sentiebam?
870 3664 1023 3719 testis
1053 3673 1140 3718 est
1200 3663 1561 3733 ipsaTrinitas
1613 3678 1774 3733 quam
1831 3680 1951 3718 cer-

373 3757 804 3830 nebam,nescio
851 3771 964 3824 quo
1015 3756 1236 3810 intuitu.
1297 3754 1488 3809 Testes
1551 3767 1681 3810 sunt
1743 3767 1798 3810 et
1845 3757 1947 3826 ipsi

345 3849 516 3904 ‘heati
545 3849 788 3918 spiritus,
821 3850 912 3918 qui
944 3851 1191 3903 aderant.
1230 3846 1414 3903 Testis
1445 3859 1528 3904 est
1599 3849 1741 3904 enim
1813 3865 1946 3903 con-

371 3941 603 3996 scientia
635 3955 752 3996 mea
779 3957 796 3998 :
821 3943 910 4010 qui
946 3941 1111 3994 tantis
1139 3939 1298 3995 bonis
1333 3941 1444 4009 ipse
1473 3939 1712 4007 fruebar,
1745 3951 1875 4010 quot
1895 3949 1948 3995 et

371 4032 551 4101 qualia
580 4035 755 4087 nescit
780 4032 1018 4101 proferre
1044 4030 1300 4085 mollities
1324 4031 1568 4100 corporis
1622 4033 1747 4086 mei.

907 4211 1136 4268 CAPUT
1155 4211 1371 4266 XXVII.

869 4325 949 4381 De
979 4326 1232 4381 clausura
1262 4327 1470 4380 domus.

447 4438 564 4497 Non
595 4446 774 4512 potest
813 4439 880 4494 ad
908 4449 1074 4494 tanta:
1098 4439 1576 4509 contemplationis
1609 4440 1946 4497 dulcedinem
1973 4446 2021 4510 ς

373 4546 472 4586 cor
543 4529 896 4586 saecularibus
960 4531 1178 4599 plenum
1247 4531 1481 4599 negotiis
1543 4531 1945 4599 aSpirare:sed

377 4629 592 4692 oportet
635 4631 695 4676 ιιι
728 4622 924 4677 saeculo
965 4623 1254 4687 moriatur,
1285 4632 1339 4676 et
1368 4622 1468 4678 soli
1537 4623 1647 4678 Deo
1681 4638 1778 4692 per
1833 4635 1948 4678 tan-

379 4725 463 4769 tas
498 4711 880 4770 meditationes
927 4725 983 4770 et
1041 4712 1308 4768 desideria
1364 4715 1616 4781 superius
1667 4715 1948 4768 inhaereat.

382 4805 530 4862 Unde
552 4823 774 4878 granum
805 4806 1056 4877 frumenti
1086 4806 1280 4859 cadens
1312 4807 1366 4858 in
1395 4815 1614 4871 terram,
1643 4807 1742 4859 nisi
1811 4822 1954 4859 mor-

378 4906 525 4950 tuum
564 4897 748 4966 tuerit,
789 4910 1022 4965 semper,
1053 4895 1131 4947 sic
1160 4894 1330 4948 soluat
1382 4899 1556 4946 ntancl
1593 4903 1652 4946 ut
1701 4893 1900 4947 cecidit
1934 4910 1948 4946 :

376 4990 518 5058 quod
552 4991 596 5044 si
635 4987 922 5054 moriatur,
961 4987 1197 5041 fructum
1261 4987 1556 5057 plurimum
1617 4985 1794 5041 affert.
1861 4988 1951 5042 Sic

377 5091 452 5145 et,
505 5083 862 5146 charissimze,
914 5083 1136 5134 domum
1193 5089 1474 5148 paternam
1540 5088 1595 5133 et
1661 5079 1952 5133 saecularcs

381 5187 560 5227 \‘Csles
600 5173 928 5242 relinquere,
967 5177 1022 5225 et
1075 5170 1332 5224 monachi
1393 5186 1585 5224 nomen
1646 5185 1947 5231 assumere.

379 5267 650 5320 modicum
677 5264 1146 5334 prodesthomini,
1176 5263 1222 5316 si
1259 5277 1412 5317 utens
1451 5264 1564 5332 ipsa
1597 5265 1793 5316 misera
1826 5279 1948 5330 qua:

378 5359 431 5412 in
467 5359 665 5412 muudo
693 5358 986 5420 habentur,
1014 5355 1302 5411 allectibus
1361 5365 1509 5424 eptet
1539 5368 1554 5405 :
1585 5365 1640 5408 et
1691 5371 1812 5424 quae
1869 5372 1952 5409 re-

379 5450 630 5521 liquerat.
684 5449 967 5505 desideriis
1019 5457 1250 5517 repetat.
1307 5448 1537 5502 Exeunti
1601 5451 1799 5502 etenim
1851 5447 1953 5501 Lot

377 5556 501 5594 cum
544 5539 757 5594 ﬁliabus
781 5549 835 5592 ct
894 5553 1062 5593 uxore
1116 5540 1181 5594 de
1239 5538 1490 5594 Sodomis
1543 5542 1828 5593 mandatur
1882 5540 1951 5594 ab

378 5631 583 5702 angelis
613 5647 682 5685 ne
737 5631 1122 5699 retrospiciant
1178 5645 1301 5700 qua:
1348 5629 1460 5701 jam
1523 5630 1951 5699 perambulando

375 5723 732 5790 reliquerant.
759 5723 924 5791 Cujus
989 5737 1124 5777 uxor
1181 5736 1335 5778 more
1403 5722 1755 5791 feminarum,
1827 5742 1948 5797 quae

2041 501 2127 543 est
2167 505 2430 544 conversa
2465 491 2518 542 iit
2545 496 2783 542 statuam
2807 485 2964 540 salis.

2112 579 2239 634 llzrc
2265 581 2445 650 itaque
2475 594 2568 633 vos
2596 575 2812 638 doceat,
2845 591 2948 644 qua
2972 589 3132 646 pruna
3163 581 3290 629 sont
3310 574 3611 644 punienda.

2041 689 2160 743 qua:
2186 673 2369 726 rnnndi
2407 671 2679 725 vanitates
2714 668 2968 723 aﬂectant
2993 668 3048 720 in
3076 666 3449 720 monasteriis.
3482 665 3611 719 Nam

2043 763 2352 817 efﬁciuntur
2381 760 2727 816 insensibiles
2756 770 2950 813 stature
2997 757 3150 821 salis,
3208 766 3268 811 ut
3317 756 3430 826 jam
3482 755 3616 810 nihil

2042 856 2109 910 de
2141 870 2392 924 supernae
2417 851 2900 923 Eontemplationis
2929 850 3220 905 dulcedine
3273 849 3477 904 sentire
3525 847 3618 900 va!-

2045 946 2188 1000 leant
2227 947 2366 1000 :sed
2396 955 2651 998 maneant
2677 946 2730 997 in
2777 940 3149 997 amaritudine
3222 939 3433 1005 saeculi,
3494 947 3618 1010 qua

2045 1039 2246 1093 saeculo
2281 1039 2489 1092 vivente
2552 1036 2874 1106 Propterea,
2934 1034 3294 1099 charissima,
3343 1042 3618 1086 monaste-

2046 1132 2182 1183 rium
2221 1141 2464 1183 vestrum
2517 1129 2673 1183 vobis
2731 1129 3040 1196 sepulcrum
3099 1124 3320 1196 eligite:
3355 1123 3443 1177 ubi
3476 1138 3620 1176 rnor—

2047 1233 2151 1276 tnae
2181 1239 2302 1276 cum
2325 1223 2542 1275 Christo
2571 1221 2768 1275 ibidem
2808 1219 3074 1273 maneatis
3115 1218 3364 1287 sepultae,
3414 1231 3618 1285 quoas-

2044 1331 2152 1384 quc
2181 1323 2528 1382 resurgentes
2551 1327 2676 1366 cun;
2709 1326 2776 1366 eo
2804 1309 3138 1378 apparebitis
3163 1310 3217 1362 in
3276 1308 3445 1379 gloria
3473 1297 3617 1377 ejus.

2047 1405 2270 1460 Dcltlttttl
2308 1405 2603 1458 timendum
2633 1413 2718 1459 est
2749 1405 3070 1471 plurimum,
3141 1417 3209 1456 ne
3261 1402 3386 1470 quis
3439 1402 3619 1470 ingrc-

2046 1498 2230 1552 diatur
2263 1508 2424 1550 nocte
2459 1496 2528 1551 ad
2569 1496 2858 1550 furandum
2917 1495 3212 1564 pretiosum
3277 1493 3618 1559 thesaurum,

2049 1591 2141 1659 qui
2178 1589 2308 1642 latet
2335 1589 2386 1642 in
2417 1589 2645 1644 tumulo.
2691 1587 2832 1643 Hinc
2890 1588 3014 1642 inde
3063 1586 3213 1643 fures
3269 1586 3502 1651 fodiunt,
3560 1597 3619 1641 ut

2053 1683 2305 1734 furentur
2333 1679 2559 1735 infinitis
2589 1680 2826 1744 astutiis,
2853 1682 2999 1750 quod
3027 1680 3174 1734 intus
3204 1679 3458 1735 habetur.
3484 1680 3619 1734 Cus-

1977 1751 2018 1806 Β
2051 1776 2290 1827 todiatnr
2358 1788 2488 1843 ergo
2533 1773 2842 1843 sepulcrum
2908 1788 3003 1842 per
3051 1775 3363 1843 episcOpum
3401 1788 3416 1829 ;
3459 1787 3617 1841 quem

2050 1865 2194 1920 Dens
2221 1865 2274 1919 in
2306 1865 2462 1920 vinea
2501 1879 2600 1920 sua
2659 1866 2900 1936 primum
2949 1866 3231 1920 custodem
3299 1864 3612 1934 praeposuit.

2044 1957 2396 2013 Custodiatur
2419 1970 2473 2014 et
2506 1975 2605 2029 per
2662 1961 3012 2030 praepositum
3068 1958 3466 2028 presbyterum,
3524 1957 3618 2028 qui

2049 2051 2220 2106 vicem
2247 2052 2365 2118 ejus
2392 2061 2540 2104 tenet
2565 2052 2616 2106 in
2649 2050 2770 2107 loco
2799 2067 2815 2105 :
2857 2050 3064 2120 nequis
3097 2050 3317 2104 incaute
3348 2049 3579 2102 introeat
3601 2087 3615 2111 ,

2051 2160 2116 2197 ne
2147 2145 2269 2212 quis
2303 2145 2371 2198 ad
2395 2144 2743 2198 minuendum
2769 2153 2978 2212 pergat.

2125 2235 2400 2290 Mororum
2441 2236 2833 2290 munitionibus
2861 2237 2940 2289 sic
2992 2234 3232 2304 undique
3288 2234 3619 2290 circumcin-

2051 2340 2208 2406 gatur
2237 2329 2485 2393 locellus,
2521 2328 2665 2397 quod
2697 2329 2785 2382 vix
2823 2330 3016 2383 avibus
3047 2328 3356 2396 praebeatur
3416 2329 3615 2382 aditus.

2054 2421 2144 2475 Sic
2169 2423 2462 2476 tendantur
2495 2421 2634 2474 muri
2669 2419 2721 2474 in
2743 2419 2940 2484 altum,
2965 2421 3111 2489 quod
3140 2435 3245 2472 non
3282 2419 3459 2473 solum
3515 2434 3618 2470 non

2053 2512 2216 2568 liceat
2241 2513 2512 2582 pedibus;
2549 2512 2642 2567 sed
2677 2527 2775 2567 nec
2807 2513 3003 2574 oculis,
3047 2528 3167 2580 qua:
3219 2513 3362 2565 intus
3424 2527 3621 2578 gerun-

2051 2616 2144 2660 tur
2203 2618 2524 2674 agnoscere.
2577 2605 2730 2660 Ostia
2785 2615 3044 2660 serenlur
3096 2604 3308 2658 fortiter
3358 2603 3619 2658 clavibus.

2051 2698 2249 2754 Claves
2272 2713 2400 2752 vero
2431 2699 2688 2766 disponat
2739 2697 3032 2766 episcOpus
3065 2713 3081 2751 :
3117 2712 3181 2750 ne
3218 2695 3340 2763 quis
3367 2697 3468 2750 nisi
3526 2697 3619 2750 ha-

2053 2788 2188 2844 bens
2216 2801 2398 2844 vestes
2435 2789 2716 2860 nuptialis
2743 2789 2980 2842 introeat
3021 2789 3102 2844 vel
3146 2801 3300 2843 exeat
3331 2788 3446 2842 sine
3505 2788 3622 2857 ejus

2054 2896 2341 2938 consensu.
2381 2883 2463 2937 Sit
2494 2893 2674 2936 autem
2707 2897 2812 2938 una
2829 2881 2910 2936 vel
2930 2883 3111 2949 plures
3144 2880 3617 2949 fenestrulaejuxta

2055 2973 2466 3044 dispositionem
2500 2973 2786 3043 episcopi:
2828 2973 2907 3028 sic
2957 2973 3148 3028 ferreis
3195 2975 3355 3042 virgis
3409 2983 3622 3027 arctam

2057 3067 2320 3136 undique,
2352 3079 2409 3121 ut
2440 3069 2526 3120 vix
2569 3066 2737 3134 digito
2769 3075 2952 3137 pateat
2981 3066 3184 3122 aditus.
3249 3063 3356 3120 Per
3401 3070 3499 3118 has
3526 3066 3621 3119 bo-

2055 3160 2128 3214 ris
2157 3161 2378 3221 debitis,
2409 3169 2503 3214 aut
2541 3161 2908 3226 necessitatis,
2939 3169 3034 3214 aut
3060 3159 3461 3224 aniiflcationis,
3509 3161 3620 3214 sive

2053 3252 2611 3317 recreationiscausa,
2649 3255 2857 3306 sanctis
2903 3252 3250 3308 sermonibus
3313 3267 3439 3307 cum
3498 3268 3622 3308 san-

2052 3345 2152 3398 ctis
2176 3343 2374 3410 viduis,
2391 3353 2446 3399 et
2473 3344 2592 3398 aliis
2613 3345 2954 3411 mulieribus,
2975 3361 3111 3415 quas
3139 3347 3370 3400 vestium
3405 3345 3620 3401 habitus

2053 3447 2106 3490 et
2140 3437 2306 3490 facies
2361 3447 2554 3491 tenues
2582 3447 2639 3492 et
2690 3438 2901 3507 pudica:
2955 3439 3190 3493 reddunt
3261 3438 3618 3503 venerabiles,

2054 3529 2334 3584 sororibus
2367 3531 2529 3582 liceat
2558 3530 2717 3583 simul
2755 3530 2926 3599 loqui.
2991 3527 3285 3585 Prohibitis
3341 3541 3396 3584 et
3437 3544 3619 3598 suspec

2053 3621 2332 3676 Ctishoris
2389 3621 2926 3676 fencstrulaa’clausaa
2987 3629 3261 3675 maneant.
3325 3621 3391 3675 Et
3446 3622 3618 3675 claves

2054 3712 2330 3766 abbatissa
2359 3713 2571 3774 domus,
2604 3713 2682 3766 vel
2715 3721 2902 3765 sancta
2925 3711 3029 3764 alia
3083 3726 3242 3766 soror
3303 3711 3616 3766 custodiat:

2054 3817 2120 3857 ne
2136 3817 2334 3856 corvus
2361 3803 2672 3872 egrediatur
2701 3816 2794 3868 per
2826 3803 3119 3856 fenestram
3186 3818 3252 3856 cx
3292 3817 3442 3856 arca.
3499 3803 3619 3856 Cre-

2053 3895 2184 3960 dite,
2218 3893 2305 3947 hic
2331 3892 2628 3946 timendum
2654 3905 2734 3946 cst
2761 3894 3016 3948 thesauro
3042 3911 3074 3946 α
3106 3894 3292 3948 timore
3345 3905 3614 3948 nocturno.

2051 3986 2092 4038 A
2127 3988 2322 4053 sagitta
2348 3984 2555 4039 volante
2589 3988 2643 4038 in
2705 3984 2814 4051 die,
2879 4002 2910 4039 a
2970 3988 3178 4056 negotio
3235 3987 3615 4055 perambulante

2052 4080 2106 4130 in
2143 4080 2366 4130 tenebris
2391 4094 2409 4131 :
2435 4078 2500 4130 ab
2529 4079 2744 4130 incursu
2782 4087 2831 4132 et
2850 4080 3109 4132 dwmonio
3134 4080 3449 4148 meridiano(
3468 4077 3606 4132 Psal.

2049 4185 2138 4234 cx,
2171 4171 2223 4236 5,
2261 4171 2352 4240 6).
2375 4171 2600 4241 Semper
2629 4171 2776 4227 horae
2809 4172 2891 4225 hac
2941 4179 3208 4239 suspectat
3259 4172 3372 4226 sint
3426 4171 3609 4226 menti-

2052 4266 2150 4320 bus
2194 4267 2381 4320 castis.

2581 4331 2810 4390 CAPUT
2846 4333 3078 4388 XXVltI.

2267 4427 2343 4482 De
2368 4428 2713 4484 detestatione
2738 4430 3092 4496 pretiosarum
3123 4429 3367 4482 vestium.

2125 4541 2478 4612 Propheticus
2525 4540 2615 4595 ille
2640 4555 2820 4594 sermo
2847 4555 3184 4609 nequaquam
3228 4541 3532 4608 proferatur
3554 4540 3619 4596 de

2053 4636 2207 4690 vobis
2241 4651 2255 4688 :
2293 4634 2458 4689 Filiw
2486 4651 2669 4690 eorum
2728 4635 3052 4700 compositae,
3109 4634 3516 4689 cirountarnatte
3567 4641 3621 4687 ut

2051 4724 2346 4779 similitudo
2384 4724 2563 4793 templi
2603 4740 2622 4777 :
2658 4735 2712 4778 et
2743 4724 3008 4778 dealbatre
3035 4725 3102 4776 ab
3133 4735 3284 4777 extra
3317 4734 3376 4777 ιιι
3436 4739 3621 4778 monu-

2055 4824 2254 4881 tuenta,
2295 4830 2414 4882 quae
2439 4823 2594 4868 extra
2627 4829 2760 4868 auro
2785 4817 3032 4868 relucent
3061 4829 3075 4870 :
3111 4816 3258 4869 intus
3293 4824 3474 4871 autem
3502 4825 3620 4870 sunt

2056 4897 2371 4975 turpissima
2394 4915 2448 4961 et
2471 4909 2775 4972 immunda,
2813 4908 2970 4974 plena
2997 4907 3354 4963 cadaveribus
3385 4920 3622 4965 mortuo-

2062 5013 2180 5050 rnrn
2218 4998 2566 5068 :hujusmodi
2597 5014 2706 5053 non
2736 4999 2857 5052 lilia
2891 5001 3032 5068 regis
3073 4999 3305 5064 Christi,
3352 5003 3445 5057 sed
3478 5002 3617 5074 Tyri.

2059 5085 2152 5140 lla:
2189 5102 2404 5156 semper
2435 5088 2487 5142 iu
2519 5090 2858 5154 muneribus,
2926 5091 3006 5145 hae
3055 5095 3234 5147 vultus
3295 5093 3619 5163 impudicitia

2053 5192 2149 5245 per
2172 5176 2370 5232 divites
2428 5179 2602 5247 plebis
2648 5181 2938 5250 capiuntur
2971 5191 3024 5236 et
3078 5185 3321 5253 capiunt.
3374 5185 3624 5253 imperfe-

2055 5267 2328 5321 ctissimus
2363 5268 2647 5322 mulierum
2701 5271 2951 5326 allectus.
3007 5273 3228 5343 Semper
3263 5278 3314 5328 in
3367 5278 3621 5340 vestibus,

2053 5373 2262 5427 semper
2291 5361 2344 5413 in
2372 5376 2528 5425 auro,
2570 5360 2840 5430 lapidibus
2866 5364 3122 5432 pretiosis
3177 5373 3232 5418 et
3289 5367 3621 5422 ornamentis

2051 5451 2400 5514 extrinsecis,
2428 5451 2658 5521 gloriam
2698 5466 2928 5523 ponunt.
2962 5453 3080 5510 Non
3115 5456 3310 5511 sullicit
3355 5457 3436 5513 eis
3467 5457 3620 5510 libido

2057 5542 2248 5596 innata
2315 5553 2550 5610 ttaiurtn,
2614 5549 2707 5599 sed
2741 5550 3061 5604 occasiones
3088 5559 3330 5616 quaerunt
3356 5550 3619 5618 explendae

2053 5635 2312 5694 libidinis.
2339 5637 2605 5693 All'ectant
2638 5641 2825 5708 procul
2865 5640 3054 5707 dubio,
3083 5651 3140 5696 ut
3185 5643 3322 5696 octili
3389 5647 3616 5696 virorum

2052 5743 2243 5784 aurum
2289 5731 2717 5800 contemplantes
2753 5742 2806 5787 et
2833 5748 3094 5800 gemmas.
3130 5737 3346 5791 tandem
3394 5737 3616 5798 ﬁgantur
