3956 6196
339 308 448 369 ἇὶΩ

1466 301 1618 360 REG
1631 297 1778 360 ULA
1821 293 2298 356 MONACHARU
2320 291 2396 353 Μ.

3487 286 3594 351 ltili)

339 423 393 472 in
433 418 626 472 faciem
677 433 690 469 :
727 425 788 470 ut
822 415 1102 469 oculorum
1137 427 1358 468 suorum
1419 414 1642 466 nutibus
1704 411 1920 465 facilius
1950 413 1995 472 Α
2023 410 2169 463 daris
2197 408 2339 462 unde
2373 406 2596 477 expulsa
2621 419 2696 461 es.
2735 405 2870 460 Nam
2933 420 3049 475 qurc
3106 405 3320 460 solebas
3377 415 3599 459 cantare

340 513 571 567 incitent
601 511 665 563 ad
701 511 1051 564 libidinosum
1077 507 1414 562 incendium.
1439 507 1600 572 Quid,
1663 504 1916 556 meretrix

337 603 676 663 communis,
724 602 980 672 gleriaris
1049 602 1102 656 in
1171 600 1484 672 margaritis
1535 607 1588 653 et
1641 594 1920 665 g-uumis?

338 694 485 763 Quid
539 693 609 748 ad
665 703 718 748 te
768 694 963 748 attinet
1011 703 1295 763 argentum
1365 701 1420 745 et
1486 689 1732 744 aurum?
1783 686 1922 753 Quid

341 787 605 843 exaltaris
632 785 687 839 in
723 784 1134 856 pulchritudine
1166 783 1332 853 panni
1361 782 1386 835 ἲ
1413 782 1605 836 Nonne
1661 789 1746 835 est
1803 795 1922 832 om-

342 881 433 936 nis
450 893 602 942 caro,
637 879 774 933 ciuis
801 877 1082 940 etlenutn,
1121 889 1174 930 et
1202 885 1258 929 ttt
1283 877 1465 929 verius
1499 876 1700 936 dica'n,
1732 860 1915 924 massa'

343 971 673 1042 pntredinis,
704 969 856 1024 cibus
886 971 1150 1022 vermium
1176 978 1230 1022 et
1261 965 1644 1020 fetidissimum
1666 977 1876 1017 stercus
1899 960 1924 1012 ?

344 1065 488 1130 Quid
523 1065 574 1118 in
615 1075 666 1117 te
693 1063 1026 1123 mirandum,
1060 1061 1190 1131 quid
1240 1060 1571 1114 laudandum
1636 1071 1924 1126 puerorum

345 1149 986 1226 spectaculunﬂNonne
1007 1153 1126 1206 etsi
1177 1152 1424 1205 laudetur
1487 1163 1824 1219 gemmarum
1877 1154 1932 1199 ct.

347 1249 696 1303 metallorum
726 1245 1062 1314 pretiositas,
1093 1260 1258 1310 quam
1290 1243 1388 1296 sibi
1426 1253 1619 1295 natura
1657 1239 1874 1293 tradidit
1915 1253 1930 1293 :

343 1353 568 1408 semper
606 1349 793 1392 tamen
815 1335 1166 1406 cognosceris
1197 1335 1358 1396 cinis,
1395 1333 1604 1392 fenum,
1635 1335 1687 1384 et
1721 1337 1934 1380 stercus

349 1429 696 1485 immundum
727 1444 791 1483 ex
828 1427 1108 1480 immundo
1141 1427 1462 1492 productum
1515 1425 1724 1478 semine
1751 1423 1774 1476 ?
1806 1423 1848 1477 Ο
1888 1424 1932 1475 si

356 1532 410 1577 te
432 1521 604 1576 velles
634 1518 856 1582 inttteri,
879 1518 1145 1572 vilissuna
1211 1519 1493 1570 mulierum
1535 1532 1730 1586 :quatn
1782 1530 1936 1568 vere-

351 1610 679 1667 cundareris
722 1610 788 1663 de
815 1621 1065 1676 corpore,
1091 1607 1235 1674 quod
1269 1615 1425 1658 tanto
1485 1605 1630 1656 cultu
1673 1605 1876 1657 exi-olis
1915 1603 1938 1655 2

350 1703 471 1774 Ipsa
501 1700 704 1756 etenim
723 1699 971 1769 jumento
999 1709 1052 1754 et
1088 1700 1275 1754 bestiis
1304 1709 1480 1762 terrae,
1517 1705 1609 1750 attt
1636 1711 1757 1750 esse
1776 1697 1939 1764 jualis

2026 503 2294 555 canticum
2316 500 2491 554 laudis
2520 508 2574 553 et
2605 499 2824 564 laetitiar,
2884 498 3043 554 modo
3069 499 3252 567 ploras
3276 497 3340 550 ad
3396 507 3596 550 terram

2028 595 2268 650 alienam
2301 595 2559 648 deducta.
3397 591 3402 596 ’

2596 752 2828 808 CAPUT
2855 751 3030 806 XXX.

2244 846 2320 900 De
2345 846 2762 900 consideratione
2781 846 2997 900 extremi
3017 844 3119 898 diei
3142 843 3359 913 judicii.

2103 958 2310 1026 Itaque,
2349 955 2960 1020 cliarissinmdominte,
2997 969 3117 1009 cum
3151 952 3410 1024 Apostolo
3460 949 3610 1004 arbi-

2034 1052 2249 1108 tremini
2281 1067 2379 1107 vos
2403 1050 2454 1106 in
2482 1052 2584 1106 hoc
2609 1052 2808 1106 szeculo
2834 1059 3098 1114 stercora,
3164 1057 3214 1101 et
3249 1044 3434 1100 nnmdi
3480 1059 3612 1114 pur-

2033 1151 2282 1212 gamenta
2319 1155 2334 1194 τ
2377 1152 2436 1196 ttt
2461 1157 2662 1208 sponso
2693 1129 2874 1195 vestro
2901 1140 3115 1210 placere
3175 1137 3414 1206 possitis.
3463 1133 3608 1189 Nihil

2035 1237 2099 1288 ad
2124 1250 2221 1289 vos
2247 1238 2311 1288 de
2327 1236 2538 1303 pompis
2563 1235 2743 1288 smeuli
2769 1235 2961 1288 attinet
2991 1248 3007 1288 :
3033 1229 3609 1303 qumabrenuntiavis-

2037 1325 2109 1380 tis
2169 1327 2220 1378 in
2278 1327 2606 1394 baptisn-ate
2660 1324 2889 1384 mundo,
2949 1323 3186 1385 diabolo,
3265 1331 3320 1375 et
3401 1317 3611 1388 pompis

2038 1434 2225 1473 eorum
2292 1434 2307 1471 :
2366 1419 2504 1484 quod
2566 1427 2618 1470 et
2685 1417 3027 1486 postmodum
3073 1413 3441 1470 coniirtnastis
3508 1409 3611 1463 sub

2041 1511 2432 1578 poll'eitatiouc
2453 1508 2844 1578 juramenti,in
2873 1519 3067 1563 ves‘trm
3090 1506 3374 1578 religionis
3401 1503 3611 1570 ingres—

2041 1618 2125 1658 su.
2167 1599 2356 1656 Nullus
2386 1616 2624 1672 unquam
2663 1601 2805 1654 inter
2865 1615 2960 1652 vos
3009 1614 3192 1652 sermo
3240 1597 3504 1652 habeatur
3549 1593 3612 1645 de

2045 1697 2422 1751 nobilitatibus
2480 1699 2717 1764 generis,
2781 1694 2847 1747 de
2918 1693 3172 1764 prosapia
3247 1685 3448 1746 carnis.
3529 1687 3616 1742 Sit

354 1773 449 1848 aut
480 1793 728 1847 deterior
761 1807 778 1845 :
812 1790 958 1844 intus
985 1801 1070 1844 est
1097 1790 1239 1843 unde
1289 1789 1558 1858 glorier's,
1606 1803 1711 1840 non
1764 1801 1938 1840 extra.
1974 1773 2014 1827 Β
2043 1787 2268 1858 aequalis
2297 1789 2347 1842 in
2391 1787 2485 1842 Dei
2517 1787 2804 1855 obsequio,
2869 1787 2975 1840 tilia
3024 1787 3187 1855 regis.
3243 1785 3358 1839 sive
3401 1781 3614 1836 rustici.

357 1883 414 1938 In
438 1897 568 1938 vase
635 1882 746 1936 isto
807 1893 916 1934 tam
982 1883 1122 1950 turpi
1182 1881 1493 1934 thesaurum
1555 1894 1726 1944 tenes,
1778 1894 1937 1948 quem

356 1989 569 2029 summa
633 1987 758 2027 cum
811 1973 1095 2041 diligentia
1149 1973 1329 2026 colere
1383 1974 1550 2024 debes
1611 1981 1660 2024 et
1719 1984 1946 2024 servare

357 2081 572 2124 summa
603 2065 874 2120 custodia.
930 2061 1075 2116 Nihil
1111 2064 1174 2118 ad
1229 2071 1280 2116 te
1336 2065 1402 2117 de
1467 2079 1594 2117 vase
1661 2064 1835 2126 ﬁctili,
1896 2064 1943 2117 si

360 2160 537 2227 turpis
566 2156 744 2211 forma
773 2155 846 2210 sit
878 2167 1032 2210 extra
1070 2171 1088 2210 :
1128 2156 1418 2209 dummodo
1444 2159 1587 2209 intus
1621 2155 1690 2207 sit
1739 2156 1943 2219 nobile,

359 2253 514 2306 intus
541 2251 616 2304 sit
656 2249 938 2318 pulchrum
973 2249 1118 2319 quod
1169 2249 1321 2313 latet,
1380 2247 1528 2304 intus
1577 2250 1644 2302 sit
1677 2251 1942 2318 integrum

359 2345 504 2416 quod
533 2351 805 2399 servatur.

927 2433 1159 2491 CAPUT
1211 2431 1400 2488 XXIX.

685 2521 759 2577 De
781 2523 1008 2591 periculo
1043 2526 1347 2578 ambitionis
1383 2527 1630 2580 vestium.

443 2612 738 2684 Propterea
779 2629 894 2680 vos,
947 2615 1305 2678 charissima,
1333 2633 1450 2686 quae
1498 2619 1633 2672 estis
1665 2633 1877 2687 sponsae
1899 2627 1952 2670 et

369 2707 496 2762 ﬁliae
515 2708 656 2774 regis
687 2706 876 2760 aeterni
926 2721 940 2759 :
980 2707 1136 2777 cujus
1167 2725 1388 2779 regnum
1423 2727 1527 2763 non
1552 2721 1952 2779 corrumpetur,

369 2813 473 2854 nec
497 2796 777 2852 auferetur
799 2795 868 2848 ab
921 2799 1136 2852 cozsit
1190 2801 1258 2854 ab
1316 2799 1462 2852 intus
1531 2801 1708 2853 omnis
1783 2800 1952 2869 gloria

368 2903 572 2948 vestra.
593 2890 787 2946 Sedete
809 2893 874 2946 ad
901 2892 1180 2946 dexteram
1238 2893 1426 2961 sponsi
1479 2893 1530 2946 in
1581 2895 1774 2948 vestitu
1837 2909 1943 2946 non

369 2983 654 3044 exteriori.
689 2984 780 3037 sed
831 2983 1079 3038 interiori
1112 3001 1125 3036 :
1157 2986 1416 3038 deaurato
1470 2999 1607 3038 auro
1665 2985 1948 3039 charitatis

373 3076 429 3130 in
461 3075 690 3131 ﬁmbriis
731 3075 933 3138 aureis,
995 3076 1046 3129 id
1109 3087 1212 3140 est,
1262 3077 1542 3130 charitatis
1609 3077 1939 3146 prtereptis:

375 3170 446 3224 sit
471 3171 708 3238 mutique
741 3169 908 3223 vestis
940 3170 1274 3222 circumdata
1332 3172 1692 3224 varietatibus
1721 3183 1736 3220 :
1769 3183 1822 3222 ut
1844 3170 1954 3238 jam

373 3263 519 3317 nihil
543 3265 597 3315 in
622 3263 958 3315 ornamentis
985 3262 1050 3314 de
1073 3262 1370 3317 virtutibus
1394 3264 1553 3317 desit.
1575 3261 1695 3316 Sitit
1719 3263 1956 3330 myrrha,

375 3362 528 3423 gutta
559 3364 607 3406 et
641 3354 833 3406 casiaa
870 3353 1193 3407 restituentis
1229 3368 1247 3406 :
1277 3364 1336 3407 ut
1361 3355 1414 3406 in
1440 3353 1661 3408 ederem
1697 3355 1957 3407 virtutum

381 3459 434 3504 et
456 3449 600 3510 vitae,
625 3457 838 3501 creterae
865 3450 934 3502 ad
965 3449 1310 3502 sanctitatem
1341 3456 1581 3501 vestram
1639 3446 1949 3501 adolescen-

381 3539 508 3594 tulte
545 3545 772 3592 currant
797 3541 860 3593 de
889 3539 1109 3594 srcculo.
1140 3538 1199 3592 In
1237 3537 1339 3592 ltuc
1372 3539 1580 3592 honore
1625 3551 1808 3594 vestro
1864 3537 1959 3592 de-

382 3631 685 3693 leCtemini,
717 3629 841 3685 tilize
868 3632 1010 3702 regis
1042 3633 1256 3686 azterni.
1288 3629 1438 3683 llune
1483 3637 1724 3684 vestrum
1796 3632 1961 3685 dero-

384 3739 498 3779 rem
523 3724 875 3792 concupiscet
903 3738 998 3777 rex
1040 3733 1219 3777 vester
1245 3732 1297 3778 et
1321 3739 1576 3791 sponsus.
1619 3723 1712 3778 Sic
1772 3739 1960 3778 secum

388 3815 763 3868 manebitisin
831 3813 1067 3868 thalamo
1125 3816 1178 3866 in
1231 3815 1418 3867 laetitia
1473 3822 1526 3866 et
1570 3813 1958 3868 exsultatione.

389 3905 545 3959 Tunc
586 3913 884 3958 nascentur
907 3920 969 3958 ex
1000 3905 1153 3959 vobis
1181 3905 1297 3971 tilii,
1341 3903 1432 3974 qui
1465 3921 1566 3957 non
1600 3905 1711 3973 jam
1739 3913 1959 3968 terram,

299 3985 306 3994 ’
389 3999 482 4054 sed
509 3999 703 4053 caelum
733 3999 1020 4066 replebant
1051 4016 1064 4051 :
1101 4013 1238 4066 quos
1267 3997 1427 4052 Pater
1465 4000 1761 4052 constituet
1815 3998 1961 4066 prin-

391 4093 539 4160 cipes
566 4105 726 4157 super
753 4103 971 4142 omnem
1005 4097 1228 4142 terram.

463 4181 620 4246 Quod
649 4181 693 4234 si
736 4195 831 4234 vos
855 4180 1188 4232 exteriorum
1223 4179 1453 4232 vestium
1497 4179 1792 4232 delectaret
1846 4193 1964 4228 nm-

393 4271 551 4336 bitio,
589 4271 634 4326 si
658 4285 892 4340 egressae
921 4269 986 4322 de
1008 4269 1186 4324 saeculi
1221 4283 1435 4338 pompa,
1470 4268 1536 4322 de
1564 4267 1964 4327 domodiabuli,

395 4373 450 4417 et
502 4363 566 4416 de
620 4360 1042 4431 congregatione
1105 4361 1395 4422 malorum,
1442 4359 1624 4430 ponuli
1687 4362 1846 4414 vestri
1913 4369 1967 4412 et

394 4458 586 4508 domus
613 4456 784 4520 patris
806 4467 910 4532 non
945 4452 1141 4506 essetis
1157 4453 1335 4506 oblita:
1367 4452 1962 4514 tiitaliter.cxlolleutes
1998 4457 2040 4511 [ι

395 4557 490 4599 vos
513 4553 606 4597 aut
631 4546 696 4597 de
748 4552 1030 4612 parentum
1081 4544 1456 4610 dignitatibus,
1517 4555 1610 4596 attt
1665 4547 1731 4598 de
1789 4551 1969 4596 carnis

395 4635 673 4704 prosapia,
705 4633 821 4687 sive
849 4635 915 4688 de
949 4634 1254 4704 illeUslllOdi
1289 4635 1621 4690 vanitatibus
1673 4635 1969 4688 eaducissi-

398 4727 520 4792 mis,
553 4733 712 4779 terra:
735 4726 1148 4792 vaporibus,uti
1173 4725 1396 4780 solitum
1428 4736 1512 4780 est
1544 4728 1738 4783 incolis
1766 4738 1924 4782 terra:
1951 4745 1966 4781 :

399 4819 647 4887 protinus
707 4833 1008 4888 assurgens
1075 4833 1171 4873 rex
1229 4820 1644 4888 potentissimus
1697 4820 1974 4874 accinctus

398 4926 562 4982 super
583 4912 757 4966 femur
783 4925 940 4964 suum
979 4911 1156 4982 gladio
1198 4913 1280 4966 bis
1345 4922 1526 4977 acuto,
1585 4916 1821 4981 expellet
1880 4927 1976 4967 vos

399 5005 639 5072 undique
703 5003 1014 5058 vulneratas
1065 5006 1284 5058 dextera
1339 5019 1435 5058 sua
1489 5006 1555 5058 de
1619 5005 1972 5058 tabernaculo

400 5111 518 5152 suo.
569 5096 724 5150 Tunc
783 5096 1112 5149 acutissima:
1167 5095 1283 5161 ejus
1344 5096 1557 5164 sagitta:
1615 5096 1970 5163 perl'orabunt

403 5189 565 5241 corda
593 5197 771 5241 vestra
806 5187 858 5240 in
888 5187 1253 5240 amaritudine
1286 5204 1301 5242 :
1337 5189 1591 5255 quoniam
1621 5186 1769 5255 virga
1827 5169 1984 5240 dire--

403 5279 602 5332 ctionis
627 5279 776 5346 virga
811 5281 955 5348 regni
986 5281 1091 5334 sui.
1128 5279 1191 5334 Et
1235 5282 1579 5350 postmodum
1632 5280 1874 5348 abjectas
1913 5282 1980 5333 de

405 5373 564 5426 domo
597 5370 810 5426 Domini
869 5373 1056 5436 vestri,
1133 5387 1323 5426 omnes
1375 5372 1701 5425 dcridebuut
1761 5378 1980 5424 voszet

409 5465 591 5516 dicent
619 5466 686 5516 de
703 5465 928 5534 singulis
964 5473 1227 5528 vestrum,
1265 5461 1408 5516 Filia
1434 5463 1719 5534 Babylonis
1740 5465 1932 5516 misera
1958 5477 1978 5516 :

405 5569 519 5622 quae
551 5571 656 5607 non
685 5556 902 5620 posuisti
937 5554 1100 5606 Deum
1128 5555 1425 5622 adjutorevn
1458 5553 1575 5616 tibi,
1611 5553 1701 5605 sed
1751 5553 1978 5619 sperasti

406 5648 458 5698 in
487 5647 708 5698 ranitate
732 5657 823 5697 tua
847 5628 873 5709 ;’
912 5646 1139 5713 sedjam
1193 5661 1357 5714 super
1410 5643 1631 5696 ﬂumina
1687 5642 1980 5714 Babylonis

409 5735 595 5806 plauge
620 5747 676 5793 et
708 5741 980 5806 suspende
1016 5739 1066 5790 in
1093 5737 1351 5792 salicibus
1384 5751 1609 5806 organa,
1645 5736 1769 5788 dum
1799 5751 1979 5790 recor~

2042 1869 2246 1934 Omnes
2308 1876 2467 1932 simul
2516 1877 2878 1942 nobilitatem|
2949 1887 3004 1930 et
3064 1876 3377 1946 dignitatem
3457 1887 3617 1925 unam

2046 1970 2256 2024 habetis
2283 1985 2347 2024 ex
2373 1983 2593 2038 sponso.
2660 1967 2876 2022 Exeatis
2927 1969 3180 2022 continue
3239 1978 3390 2022 extra
3445 1978 3618 2020 casm:

2046 2077 2168 2113 cum
2198 2057 2419 2113 Christo
2455 2077 2468 2112 :
2507 2068 2564 2112 ttt
2603 2075 2724 2111 cum
2753 2057 2969 2114 Christo
2991 2057 3382 2127 cruciﬁgauti-ti
3421 2058 3624 2109 munda

2046 2165 2098 2207 et
2140 2152 2306 2211 vitiis.
2345 2159 2622 2220 portantes
2651 2165 2774 2205 cum
2806 2149 2923 2218 ipso
2948 2150 3278 2218 improprria
3317 2189 3331 2214 ,
3353 2156 3406 2201 et
3437 2164 3623 2200 amore

2047 2246 2190 2315 ejus,
2222 2245 2521 2299 (.iiiriorum
2554 2243 2749 2299 domus
2773 2243 2925 2298 labor
2955 2243 3128 2298 dulcis
3168 2251 3445 2312 appareat.
3499 2271 3506 2277 -

2122 2337 2238 2392 Non
2281 2337 2585 2406 disputetur
2617 2339 2682 2391 de
2711 2337 3016 2410 majoritate
3054 2335 3380 2398 oiliciorum,
3415 2333 3507 2389 sed
3559 2335 3624 2386 de

2053 2432 2339 2486 devotione
2399 2438 2453 2484 et
2517 2427 2716 2484 aﬂectu
2777 2429 3268 2498 implorandorum.
3339 2425 3626 2496 Nunquam

2055 2538 2321 2591 murmur,
2373 2538 2650 2592 nunquam
2697 2523 2987 2578 verborum
3039 2522 3301 2590 turpium,
3349 2536 3626 2588 nunquam

2053 2614 2228 2669 litium
2263 2617 2498 2678 sonitus,
2519 2616 2664 2669 inter
2687 2625 2932 2668 mortuas
2955 2615 3137 2669 saeculi
3163 2626 3383 2669 sonent.
3407 2612 3626 2682 Sepulta

2054 2705 2318 2760 cadavera
2353 2721 2630 2773 nunquam
2659 2706 2805 2760 inter
2829 2722 2887 2760 se
2917 2706 3096 2774 jnrgia
3129 2715 3394 2775 peragunt
3438 2705 3490 2757 in
3545 2719 3632 2758 se-

2057 2797 2283 2868 pulcris.
2321 2815 2594 2869 nunquam
2630 2801 3030 2870 blaSpbemant,
3086 2817 3366 2870 nunquam
3408 2810 3630 2854 conten-

2055 2892 2193 2946 dunt
2227 2909 2241 2947 :
2276 2893 2356 2946 sic
2393 2902 2445 2945 et
2475 2910 2592 2958 vos,
2620 2893 2980 2951 rliarissitnte.
3001 2893 3193 2963 sopita:
3218 2908 3412 2947 somno
3435 2893 3632 2962 quietis

2059 2993 2113 3037 et
2143 2985 2292 3052 pacis
2323 2985 2646 3051 CXSpCCleliS
2683 2998 2940 3052 sponsum
2983 2993 3037 3038 et
3061 2985 3298 3055 judicem
3350 2993 3586 3038 vestrum
3613 3002 3626 3036 :

1985 3113 2026 3167 ο
2061 3076 2395 3145 exspeCIetis
2457 3091 2708 3145 magnum
2775 3087 2829 3132 et
2871 3078 3168 3133 terribilem
3223 3081 3362 3134 diem
3415 3081 3634 3148 judicii,

2061 3167 2202 3220 diem
2227 3168 2479 3222 videlicet
2510 3170 2626 3232 ira‘,
2653 3169 2802 3223 diem
2824 3169 3184 3238 calamitatis;
3215 3171 3303 3226 ubi
3336 3173 3532 3227 emittm
3559 3177 3602 3228 si
3621 3206 3635 3215 -

2061 3259 2170 3312 mul
2203 3275 2323 3312 cum
2365 3270 2504 3314 terra
2544 3260 2784 3330 pavebit,
2821 3259 3082 3316 ctelorum
3111 3277 3303 3318 omnes
3333 3267 3637 3320 movebun-

2061 3360 2148 3402 tur
2175 3351 2426 3414 virtutes,
2457 3357 2755 3406 trementes
2778 3361 2942 3405 erunt
2969 3354 3143 3423 angeli
3168 3355 3329 3409 simul
3355 3371 3480 3412 cum
3511 3372 3637 3412 sau-

2059 3445 2162 3498 ctis
2203 3443 2497 3509 omnibus;
2555 3455 2683 3499 tunc
2722 3445 3057 3516 singulorum
3109 3448 3234 3503 vitae
3275 3449 3639 3508 discutientur

2062 3540 2397 3603 discrimina,
2427 3547 2481 3592 et
2513 3542 2712 3593 merita
2736 3541 3099 3610 apparebunt.
3134 3540 3362 3611 Semper
3393 3545 3514 3598 tuba
3544 3546 3636 3600 illa

2065 3632 2325 3686 terribilis
2339 3633 2537 3686 vestris
2554 3643 2856 3702 perstrepat
2875 3635 3098 3689 auribus
3125 3651 3145 3690 ;
3166 3635 3394 3708 Surgite,
3415 3643 3636 3707 mortui,

2063 3725 2226 3776 uenite
2257 3723 2326 3775 ad
2343 3723 2632 3792 judicium.
2659 3725 2801 3779 Ecce
2829 3741 2921 3779 rex
2949 3725 3003 3779 iu
3033 3742 3195 3781 manu
3221 3735 3428 3799 potenti
3459 3735 3638 3802 venit;

2063 3831 2092 3868 a
2128 3815 2336 3868 cunctis
2376 3815 2488 3868 vult
2516 3818 2735 3883 exigere
2762 3817 3051 3882 rationem,
3081 3829 3231 3874 certe
3260 3821 3330 3875 de
3353 3826 3640 3890 cogitatio-

2063 3907 2226 3962 nibus
2259 3905 2514 3971 minimis,
2547 3918 2695 3961 certe
2726 3908 2792 3962 de
2819 3909 3028 3964 levibus
3051 3919 3105 3964 et
3125 3912 3324 3968 otiosis.
3349 3918 3548 3970 verbis.
3576 3917 3636 3972 Si

2067 4000 2292 4054 reddere
2317 3999 2384 4054 de
2412 3999 2639 4065 singulis
2664 4001 2925 4054 rationem
2953 4013 3152 4071 paratae
3176 4019 3283 4058 non
3317 4005 3488 4072 eritis,
3513 4025 3637 4078 pro-

2061 4088 2324 4158 jiciemini
2351 4089 2405 4142 in
2425 4105 2700 4143 carcerem
2720 4091 3046 4146 exteriorem
3073 4109 3090 4148 :
3109 4095 3342 4151 audietis
3367 4112 3398 4151 a
3417 4097 3596 4164 judice
3620 4117 3637 4155 ς

2067 4179 2170 4244 Ite,
2201 4181 2510 4244 ntttledictw,
2535 4182 2589 4234 in
2613 4183 2781 4250 ignem
2814 4193 3065 4237 wterunm
3086 4193 3335 4255 paratum
3355 4189 3567 4246 diabolo
3588 4201 3640 4244 et

2067 4273 2264 4342 angelis
2297 4273 2411 4342 ejus
2447 4273 2663 4342 (Matth.
2690 4276 2944 4345 xval).

2629 4427 2860 4483 CAPUT
2883 4427 3076 4484 XXXI.

2325 4520 2398 4575 De
2421 4519 2712 4588 abjectione
2731 4522 3053 4589 exquirenda
3075 4524 3127 4576 in
3154 4525 3399 4582 vestibus.

2148 4635 2300 4690 llenl
2334 4651 2428 4690 cor
2457 4633 2912 4694 infelicissimum.
2948 4639 3644 4707 mens‘infortunatissimi,

2077 4745 2196 4798 qua:
2251 4728 2617 4814 dietuﬁjudicii
2658 4737 2765 4781 tam
2814 4729 3143 4784 horrendam
3191 4749 3295 4786 non
3345 4735 3645 4790 meditatur

2077 4821 2322 4892 quotidie
2361 4839 2379 4878 :
2416 4833 2468 4874 et
2499 4825 2542 4876 si
2576 4822 2888 4889 meditatur,
2929 4824 3315 4888 lautissimum,
3359 4827 3403 4881 si
3444 4830 3652 4896 appetit

2079 4916 2369 4984 quidquam
2397 4915 2460 4969 de
2487 4915 2685 4970 saeculo
2717 4926 2771 4968 et
2804 4918 3016 4985 pompis
3045 4917 3181 4984 ejus.
3223 4918 3383 4973 Nullo
3414 4936 3512 4976 vos
3541 4924 3648 4982 die,

2081 5008 2225 5062 nulla
2246 5021 2338 5062 vos
2369 5007 2498 5062 hora
2521 5016 2798 5063 transeant
2836 5011 2950 5064 haec
2969 5011 3173 5066 omnia.
3205 5011 3443 5076 Quilibet
3471 5015 3650 5078 paries

2079 5101 2294 5161 domus,
2335 5099 2846 5172 quilibetangnlus.
2904 5103 3094 5156 vestris
3137 5103 3538 5157 deutoustretur
3596 5105 3648 5158 iu

2081 5191 2278 5256 oculis,
2311 5190 2410 5245 ista
2444 5190 2531 5246 die
2549 5192 2824 5261 depictus.
2852 5191 2905 5246 Si
2929 5194 3043 5248 haec
3064 5209 3170 5248 non
3205 5195 3652 5262 praetermittatur

2071 5282 2247 5340 lectio
2279 5299 2294 5335 :
2328 5292 2458 5337 tunc
2490 5282 2722 5352 abjectio
2750 5284 3005 5348 vestium,
3035 5283 3192 5352 cujus
3228 5287 3388 5338 taedet
3425 5287 3652 5340 mulier-

2081 5373 2452 5440 cutas'fatuas,
2473 5389 2568 5431 vos
2588 5363 2900 5430 delecttibit.
2925 5373 3078 5428 Tunc
3101 5375 3410 5430 rusticanus
3437 5391 3492 5431 ot
3509 5377 3654 5444 abje-

2082 5474 2202 5518 ctus
2234 5479 2466 5530 pannus,
2498 5479 2752 5534 purpurae
2785 5474 3128 5534 pracponetur
3158 5473 3212 5518 et
3257 5467 3442 5536 bysso.
3495 5465 3650 5521 Tunc

2083 5571 2266 5610 crassa
2293 5570 2346 5610 et
2381 5558 2529 5610 rudis
2579 5558 2843 5612 velamina
2891 5560 3084 5627 capitis
3133 5560 3541 5615 aestimabuntur
3587 5575 3658 5616 ex

2085 5647 2300 5701 sericis.
2328 5647 2485 5701 Certe
2515 5656 2665 5700 tanta
2691 5649 2798 5702 erit
2824 5648 3145 5704 deformitas
3181 5651 3482 5712 inmclotis,
3511 5661 3660 5704 tanta

2086 5740 2371 5807 grossities
2391 5741 2442 5792 iu
2466 5742 2720 5808 cucullis,
2748 5743 2958 5810 capntia
2980 5752 3086 5795 tam
3121 5745 3237 5798 rudi
3262 5743 3492 5799 artificio
3515 5757 3674 5826 μεω-⁴

3654 1571 3664 1616 l

3675 3543 3688 3560 ο
