3956 6196
312 239 412 305 L31

1246 240 1307 298 s.
1352 238 1793 301 HIERONYMI
1849 214 2168 297 OPERUM
2210 236 2613 297 MANTISSA.

3450 235 3552 300 l3!

312 360 523 425 parata,
560 353 703 421 quod
745 353 788 409 si
820 354 909 408 hic
938 354 1116 408 forent
1147 355 1487 409 szecularium
1540 355 1881 419 indumenta,
1912 363 1956 419 Α
1988 354 2079 422 qui
2109 353 2360 407 audiunt.
2398 352 2509 407 [loc
2534 352 2753 406 verbum
2789 350 2982 406 audire
3011 365 3115 407 non
3144 360 3375 421 possunt
3407 367 3553 407 soui-

311 444 581 499 artifieum
622 444 787 514 panni
821 444 969 501 brevi
1022 451 1265 515 tempore
1311 447 1515 515 periret
1563 446 1743 501 omnis
1796 446 1884 500 in-

310 537 537 593 dustria.

378 628 507 693 Ista,
538 626 895 690 charissimae,
934 627 1129 681 decent
1160 629 1457 682 monaehas
1489 646 1504 687 ;
1542 645 1646 683 non
1679 630 1883 685 strictis

308 720 557 781 manicis,
587 718 841 786 pretiosis
864 718 1251 785 etcompositis
1271 720 1485 788 pannis,
1514 721 1700 775 subtili
1736 721 1880 774 vela-

305 810 455 864 mine
487 808 677 863 velatis
703 809 1033 887 superciliis,
1064 824 1161 864 cor
1198 812 1544 865 meretricum
1602 827 1708 866 non
1776 821 1881 867 tam

308 901 640 972 praetendere
657 916 820 970 quam
842 901 1062 955 habere.
1089 900 1206 954 Non
1241 902 1374 956 tales
1406 903 1662 956 existimo
1700 919 1884 959 moria-

306 995 459 1058 chas,
500 992 593 1046 sed
622 991 890 1061 pessimas
922 994 1259 1056 meretrices,
1300 1004 1354 1046 et
1387 1004 1629 1047 scortum
1679 995 1884 1050 vilissi-

307 1100 475 1138 mum.
503 1084 619 1138 Non
658 1093 736 1137 est
773 1085 915 1136 enim
945 1098 1082 1153 npus
1133 1084 1489 1139 cadaveribus
1544 1094 1880 1141 mortuorum

307 1175 557 1244 pretiosis
584 1181 639 1228 et
660 1174 975 1243 compositis
1007 1177 1348 1230 ornamentis
1376 1176 1426 1228 in
1459 1177 1743 1246 sepulcris.
1775 1177 1886 1232 Mo-

306 1276 565 1321 numenta
599 1282 703 1319 non
742 1266 985 1335 indigent
1034 1266 1249 1329 talibus,
1312 1267 1624 1321 monasterii
1674 1266 1882 1337 lapides

306 1374 411 1411 non
461 1365 719 1426 appetunt
750 1357 973 1426 gloriam
1012 1357 1268 1419 vestium,
1312 1372 1432 1425 quae
1479 1357 1596 1412 sine
1656 1370 1883 1427 peccato

307 1449 493 1518 grandi
526 1449 751 1502 minime
778 1458 1001 1515 possunt
1026 1446 1232 1501 haberi.
1261 1446 1634 1504 IIistrionibus
1656 1461 1707 1503 et
1732 1448 1883 1503 luso-

310 1540 461 1595 ribus
494 1555 680 1609 regum
716 1548 769 1593 et
803 1538 1106 1607 principum
1137 1539 1343 1605 steculi,
1385 1540 1562 1593 mollia
1614 1551 1743 1595 sunt
1793 1554 1883 1596 re-

310 1632 623 1702 linquenda.
653 1629 880 1685 Joannis
915 1627 1134 1697 de,pilis
1165 1629 1499 1683 camelorum
1533 1631 1759 1686 interest
1790 1647 1883 1687 ve-

1989 443 2188 498 nolenti
2224 453 2277 497 et
2316 445 2539 512 ignaviae
2569 442 2758 499 dediti.

2058 533 2413 602 Quapropter,
2440 534 2798 599 charissimae,
2837 533 2959 588 volo
2990 548 3085 588 vos
3109 532 3335 600 singulis
3385 535 3562 586 nocti—

1988 623 2086 678 bus
2114 623 2262 677 brevi
2303 611 2358 678 et
2392 623 2525 677 duro
2554 631 2726 677 strato
2758 622 2941 690 jacere
2971 622 3023 676 in
3069 620 3277 676 cellulis
3318 622 3556 688 vestris;

1988 728 2093 767 non
2119 714 2171 768 in
2188 715 2390 779 plumis
2410 722 2463 768 et
2492 715 2767 779 mollibus,
2787 715 2882 769 sed
2911 725 3006 767 aut
3033 717 3085 767 in
3115 711 3285 780 paleis
3306 721 3401 765 aut
3421 721 3562 765 stra-

1989 804 2245 870 minibus,
2265 805 2379 859 sive
2404 805 2456 858 iu
2477 804 2674 875 ligneis
2692 805 2874 874 potius
2899 804 3081 874 capsis
3110 817 3269 872 quam
3304 802 3516 857 lectulis
3545 822 3557 853 :

1988 905 2045 950 ut
2095 903 2149 949 et
2192 898 2429 951 membra
2490 898 2726 960 domata,
2792 897 2971 967 potius
3016 905 3248 950 stratum
3306 895 3563 949 horreant

1988 1003 2146 1056 quam
2177 989 2463 1050 affectent;
2497 991 2675 1059 potius
2710 990 2883 1044 somni
2940 987 3272 1042 imminentis
3323 986 3559 1053 quietem

1989 1078 2159 1147 magis
2193 1079 2480 1149 compellat
2514 1080 2818 1136 necessitas
2850 1094 3011 1150 quam
3040 1077 3313 1132 voluntas.
3360 1076 3450 1130 Sic
3493 1079 3564 1133 ob

1987 1169 2246 1224 duritiem
2268 1170 2449 1226 brevis
2479 1180 2529 1226 et
2564 1171 2696 1227 levis
2723 1179 2954 1241 occupet
2980 1185 3163 1241 sopor.
3186 1167 3328 1237 quod
3362 1183 3467 1221 non
3492 1169 3565 1223 sit

1985 1258 2067 1315 fas
2111 1261 2286 1317 solitis
2340 1262 2686 1319 illusionibus
2740 1262 3000 1327 noctium,
3044 1268 3281 1316 mentem
3330 1258 3562 1329 sopitam

1985 1361 2249 1421 torqueri.

2514 1423 2741 1479 CAPUT
2786 1422 3028 1479 XXXIII.

2095 1512 2167 1569 De
2183 1513 2446 1568 matutino
2468 1522 2516 1568 et
2539 1514 2694 1569 modo
2717 1515 2924 1569 dicendi
2951 1516 3190 1571 divinum
3214 1518 3457 1588 oﬂicium.

2057 1629 2139 1683 Ad
2172 1631 2466 1685 matutinas
2502 1631 2771 1686 excubias
2807 1632 2980 1687 media
3022 1646 3128 1688 nox
3155 1648 3251 1689 vos
3274 1643 3565 1703 praeparet.

309 1725 449 1781 stiri.
483 1724 691 1779 Pudeat
722 1723 886 1788 igitur
920 1723 1195 1793 religionis
1229 1739 1421 1777 nomen
1458 1725 1679 1789 habere,
1725 1734 1781 1781 et
1825 1741 1885 1783 se
1918 1714 1960 1772 Β
1990 1719 2202 1776 Nullam
2250 1738 2316 1777 ex
2366 1723 2520 1779 vobis
2566 1723 2928 1780 dormientem
2976 1726 3212 1795 reperiat
3240 1724 3567 1794 campanilis

310 1816 457 1871 cultu
485 1816 716 1870 vestium
757 1816 1078 1869 histrionem
1106 1816 1415 1871 ostendere.
1450 1817 1707 1888 ideoque,
1751 1819 1887 1875 cha-

307 1908 563 1970 rissimae,
627 1906 747 1961 volo
802 1920 898 1959 vos
945 1915 1185 1960 mortuas
1222 1907 1439 1971 saeculo,
1486 1923 1606 1977 qua:
1653 1910 1888 1966 letaliter

311 1996 573 2051 mundum
607 1995 880 2059 calcastis,
914 1996 1209 2063 procedere
1238 1997 1319 2050 sic
1342 1996 1572 2052 deformi
1601 2012 1652 2053 et
1676 2000 1885 2054 incom-

308 2087 485 2158 posita
514 2094 699 2139 veste:
728 2084 875 2153 quod
905 2086 946 2137 si
976 2084 1264 2152 impudicis
1282 2087 1453 2140 oculis
1472 2086 1662 2139 liceret
1690 2088 1886 2142 intueri

310 2191 427 2243 vos,
462 2175 605 2231 risus
628 2175 805 2243 potius
827 2186 1221 2243 provocaretur
1247 2190 1408 2243 quam
1439 2175 1697 2244 cogitatio
1722 2176 1885 2231 mala.

307 2267 511 2322 Fateor
538 2268 754 2336 quidem
790 2266 908 2320 illos
941 2265 1181 2329 mentiri,
1215 2267 1306 2336 qui
1337 2266 1638 2337 gloriantur
1675 2284 1734 2323 se
1770 2283 1889 2323 ser-

310 2373 438 2415 vare
466 2361 773 2415 castitatem
811 2378 823 2413 :
855 2371 909 2414 et
936 2358 991 2413 in
1024 2358 1644 2415 vestibuslubricitatem
1671 2370 1888 2416 sectati.

309 2463 421 2508 tur.
447 2452 665 2506 Pannus
688 2453 873 2520 itaque
905 2461 1107 2512 vester,
1134 2462 1187 2503 et
1215 2450 1260 2504 si
1306 2451 1457 2503 albus
1499 2463 1554 2505 et
1596 2453 1887 2517 candidus,

310 2560 491 2602 tamen
522 2561 744 2616 grcisus
768 2554 820 2597 et
845 2544 966 2598 vilis
991 2543 1057 2596 sit
1090 2560 1104 2597 :
1142 2554 1277 2597 utet
1306 2544 1454 2599 color
1476 2546 1772 2599 candorem
1799 2560 1889 2599 ca-

319 2638 521 2694 stitatis
545 2638 922 2698 intrinseeum,
950 2645 1003 2690 et
1028 2637 1207 2690 unitas
1235 2645 1602 2704 contemptum
1635 2646 1889 2692 terreno-

311 2746 433 2785 rum
462 2728 774 2783 exhibeant.
809 2727 934 2780 Ilaec
966 2727 1135 2796 gloria
1160 2729 1551 2782 monacharum
1588 2744 1604 2785 :
1641 2729 1744 2782 hoc
1773 2743 1890 2782 stu-

311 2824 460 2879 dium
498 2820 871 2891 religiosarum
902 2819 1162 2873 mentium
1193 2832 1208 2872 :
1246 2820 1348 2873 hoc
1373 2819 1633 2873 indicium
1661 2833 1890 2890 sponsa-

314 2930 431 2970 rum
459 2913 552 2968 Dei
583 2912 769 2967 aelerni
802 2928 817 2965 :
860 2913 961 2965 huc
987 2912 1198 2980 signum
1230 2922 1570 2967 mortuarum
1603 2912 1806 2966 saeculo
1834 2919 1889 2965 et

313 3008 649 3079 sepultarum
681 3018 804 3059 cum
846 3003 1088 3059 Christo.

772 3222 777 3227 ,
858 3161 1093 3218 CAPUT
1129 3161 1342 3217 XXXII.

527 3258 604 3315 De
635 3260 949 3313 austeritate
977 3258 1299 3326 exquirenda
1342 3257 1396 3310 in
1453 3265 1649 3311 strata.

382 3370 699 3440 C’onjugatae
723 3379 776 3423 et
804 3370 976 3423 viduae
1000 3383 1119 3437 qua:
1153 3376 1375 3421 manent
1407 3368 1461 3421 in
1491 3367 1710 3432 saeculo,
1747 3369 1891 3421 circa

312 3463 571 3535 plurima,
586 3463 731 3516 circa
748 3460 1019 3514 laboriosa
1040 3459 1290 3513 sollicitae
1311 3459 1423 3512 sint
1443 3475 1456 3511 ε
1479 3458 1726 3527 quotidie
1750 3459 1891 3512 circa

313 3555 568 3624 frequens
592 3552 956 3608 ministerium
988 3559 1267 3620 occupatae
1294 3566 1416 3603 eum
1442 3549 1647 3603 Martha
1679 3551 1893 3605 salven-

312 3658 402 3701 tur
433 3660 528 3716 per
546 3659 710 3715 opera
734 3642 973 3714 pietatis,
1005 3640 1129 3696 Jesu
1163 3642 1536 3695 ministrantes
1556 3640 1609 3692 in
1633 3654 1890 3710 paupere,

311 3739 567 3808 frangant
600 3734 970 3791 esurientibus
1000 3746 1192 3801 panem
1237 3746 1395 3784 suum
1432 3748 1447 3785 :
1480 3745 1681 3797 egenos
1705 3740 1761 3787 et
1801 3745 1896 3784 va-

311 3845 408 3901 gos
436 3830 655 3884 domum
699 3826 959 3880 inducant
992 3841 1005 3878 :
1042 3823 1358 3893 cooperiant
1401 3823 1591 3888 nudos,
1636 3823 1896 3876 insistant

311 3921 805 3977 misericoriliarum
825 3918 1079 3986 operibus
1106 3916 1623 3986 :‘proculdubiOtam
1653 3918 1892 3971 fructuo-

312 4016 390 4071 sis
423 4022 479 4067 et
509 4012 691 4075 bonis,
728 4013 869 4080 quod
908 4010 1245 4080 impossibile
1276 4020 1358 4063 est
1390 4010 1531 4077 quod
1566 4011 1731 4062 Deum
1785 4024 1891 4062 non

310 4103 529 4173 placent
559 4102 782 4155 iratum.
803 4098 1188 4166 Colligationes
1221 4097 1519 4166 impietatis
1546 4096 1847 4151 dissolvant
1872 4114 1890 4152 ε

314 4204 368 4251 et
405 4191 699 4249 fasciculos
747 4190 1129 4253 dissolventes,
1168 4202 1222 4245 et
1272 4204 1434 4245 omne
1486 4204 1625 4244 onus
1682 4190 1893 4244 dirum-

271 4292 277 4301 '
311 4290 459 4350 pani.

1989 1815 2223 1870 sonitus.
2248 1815 2365 1871 Non
2394 1816 2672 1885 ignoretur
2708 1833 2776 1870 an
2819 1816 3073 1871 fueritob
3135 1833 3423 1886 soporem;
3472 1817 3565 1869 sed

1987 1907 2168 1972 potius
2198 1905 2268 1960 ob
2286 1905 2762 1973 contemplationis
2791 1906 3072 1961 exstasint.
3102 1906 3174 1961 De
3207 1906 3414 1960 cellulis
3437 1919 3570 1958 ora-

1994 1995 2137 2048 tione
2165 1995 2465 2063 praemissa,
2500 1996 2687 2050 mediae
2713 1996 2890 2049 noctis
2920 2009 3126 2050 summa
3161 1995 3342 2064 quiete
3370 1994 3434 2048 ad
3481 2009 3572 2049 ec-

1988 2085 2211 2140 clesiam
2241 2086 2467 2156 singulae
2498 2102 2715 2142 sorores
2746 2086 3125 2153 advenientes,
3167 2102 3427 2156 sponsum
3485 2089 3569 2140 di-

1990 2177 2192 2230 lectum
2234 2177 2519 2231 matutinis
2550 2176 2795 2231 excitent
2819 2175 3091 2243 laudibus,
3127 2185 3468 2245 utexsurgat
3512 2177 3565 2227 in

1989 2282 2172 2321 earum
2216 2269 2500 2321 auxilium.
2524 2267 2611 2323 Sic
2657 2268 2916 2323 distincte
2939 2268 3245 2323 alternatim
3270 2268 3457 2336 psalmi
3490 2266 3571 2320 le-

1992 2361 2311 2429 ctionesque
2341 2375 2511 2415 sacrae
2549 2361 2916 2430 proferantur,
2961 2370 3016 2415 ut
3050 2360 3120 2414 ob
3165 2359 3471 2413 collisiones
3513 2370 3570 2412 et

1995 2451 2183 2507 hiatus
2216 2469 2279 2507 ac
2316 2453 2705 2520 barbarismos,
2735 2454 2802 2509 ad
2830 2453 2999 2508 risum
3045 2468 3152 2507 non
3209 2436 3575 2520 provocentur

1990 2544 2218 2613 angelici
2251 2544 2501 2614 spiritus.
2541 2543 2630 2599 Sic
2663 2558 2884 2611 semper
2926 2543 3257 2608 moderatus,
3300 2552 3567 2609 attentus,

1988 2636 2204 2703 quietus
2238 2645 2290 2690 et
2319 2636 2502 2690 suavis
2536 2650 2701 2689 sonus
2726 2634 2777 2688 in
2806 2633 3053 2701 vocibus,
3087 2643 3147 2689 ut
3172 2632 3318 2689 nulla
3347 2647 3506 2704 pomp
3528 2657 3563 2696 -,

1989 2726 2248 2797 nullaque
2270 2727 2504 2782 carnalis
2527 2726 2815 2781 delectatio
2845 2725 3048 2780 habeat
3076 2725 3258 2780 locum
3291 2726 3341 2778 in
3372 2725 3567 2779 divinis

1988 2820 2553 2889 prwconiisnumma
2592 2818 2839 2885 dev0tio,
2865 2820 3055 2875 crebra
3104 2819 3338 2887 suspiria
3387 2829 3443 2873 et
3488 2818 3565 2869 Ia-

1987 2928 2199 2982 crymas
2231 2910 2445 2966 fundat.

2062 3003 2154 3057 Sic
2194 3004 2502 3069 morositas,
2544 3004 2623 3059 sic
2661 3003 2920 3059 velocitas
2964 3012 3213 3057 teneatur
3244 3001 3297 3057 in
3342 3002 3502 3058 modo
3553 3014 3568 3061 t

1991 3098 2133 3166 quod
2154 3110 2252 3150 nec
2271 3096 2565 3160 fastidium,
2582 3110 2682 3150 nec
2699 3096 2981 3164 impeditio
2997 3096 3195 3165 lingua:
3220 3094 3389 3163 possit
3413 3095 3568 3149 oriri.

1992 3188 2144 3241 Nulla
2160 3204 2398 3258 unquam
2423 3188 2585 3242 verba
2602 3197 3101 3258 quantumcumque
3137 3186 3425 3243 utilissima
3450 3202 3573 3256 pro-

1992 3282 2235 3336 ferantur
2254 3280 2396 3335 inter
2415 3280 2710 3347 psallentes
2731 3296 2746 3334 :
2767 3281 2862 3337 sed
2894 3280 3024 3335 illud
3054 3281 3107 3335 in
3131 3283 3329 3336 mentis
3347 3294 3565 3346 arcano,

1993 3389 2204 3428 summa
2237 3390 2361 3429 eum
2394 3373 2666 3445 diligentia
2710 3375 3010 3429 ruminetur
3034 3374 3381 3438 intrinsecus,
3424 3374 3568 3444 quod

1995 3475 2356 3535 pertractatur
2383 3466 2745 3520 extrinsecus.
2789 3463 3000 3523 Nullius
3051 3476 3139 3521 est
3186 3466 3364 3520 meriti
3410 3482 3573 3521 orare

1993 3559 2176 3612 divina
2205 3558 2377 3613 oﬂicia
2420 3558 2754 3615 verbositate
2802 3573 2820 3618 :
2870 3570 2924 3614 et
2974 3561 3168 3615 misera
3220 3569 3403 3615 mente
3448 3574 3571 3629 qua:

1993 3648 2334 3703 extrinsecus
2368 3650 2674 3714 imminent,
2700 3648 2947 3719 vagando
2973 3649 3296 3704 circumire.
3330 3648 3571 3719 Expletis

1996 3756 2127 3796 vero
2156 3742 2405 3795 laudibus
2434 3742 2867 3805 matutinalibus,
2900 3757 2999 3796 nec
3019 3750 3146 3796 tunc
3177 3755 3402 3795 somnus
3433 3742 3573 3796 arri-

1996 3836 2105 3902 piat
2130 3850 2145 3888 :
2171 3850 2236 3889 ne
2267 3834 2548 3889 differatur
2574 3835 2701 3903 quid
2728 3834 3326 3905 sponsuspetitionihus
3345 3849 3575 3903 sponsa-

1996 3941 2113 3977 rum
2145 3927 2491 3995 respondeat.
2520 3928 2572 3979 ln
2610 3926 2852 3995 capitulo
2884 3944 3004 3981 mox
3034 3927 3255 3981 attentis
3283 3937 3336 3980 et
3363 3929 3573 3981 devotis

1996 4018 2295 4083 sororibus,
2361 4016 2672 4073 sanctorum
2731 4019 2991 4075 librorum
3051 4022 3243 4074 devota
3291 4020 3452 4074 lectio
3504 4022 3573 4074 de

1999 4108 2272 4163 voluntate
2314 4108 2520 4163 Domini
2572 4110 2654 4163 sui
2719 4109 2924 4180 pandat
2993 4110 3251 4179 quidquid
3297 4111 3569 4179 agendum

1997 4202 2087 4254 sit.
2134 4201 2197 4254 Et
2224 4200 2303 4255 sic
2322 4200 2518 4255 sedant
2566 4201 2847 4257 illusiones
2888 4216 2907 4256 :
2952 4210 3009 4256 et
3053 4203 3355 4256 daemonum
3398 4201 3573 4270 phan-

1998 4302 2248 4356 tasmata,
2284 4310 2405 4362 «iure
2427 4294 2764 4348 dormientes
2808 4294 3117 4349 illuderent.
3165 4293 3315 4350 Illico
3352 4294 3569 4350 lectioni

384 4374 494 4430 V08
530 4381 734 4438 autem.
771 4375 1130 4440 Charis-(tiniae,
1164 4388 1285 4445 (1ηεὲ
1323 4374 1602 4428 meliorem
1655 4383 1886 4441 Panem:
1922 4404 1966 4460 ι)
2000 4383 2099 4437 alia
2115 4385 2706 4441 succedatbrevissima
2726 4386 2907 4449 lectio,
2928 4386 3095 4441 dehis
3114 4402 3232 4455 qua:
3254 4387 3323 4441 ad
3351 4396 3575 4455 apostoo

313 4468 423 4522 imo
451 4468 712 4538 optimam
745 4468 986 4538 elegistis
1040 4483 1163 4523 cum
1205 4467 1396 4534 Maria,
1424 4468 1609 4522 sedete
1634 4468 1891 4523 continue

314 4571 471 4615 secus
492 4558 660 4628 pedes
685 4556 839 4621 Jcsu,
862 4572 1144 4612 sacrarum
1178 4557 1580 4628 Scripturarum
1612 4559 1888 4612 volumina

313 4650 488 4706 sacris
532 4650 856 4704 revolvendo
914 4650 1262 4705 lectionibus.
1323 4648 1525 4705 Lavate
1583 4652 1700 4722 ejus
1725 4651 1889 4721 pedes

314 4739 549 4795 assiduis
608 4740 1046 4809 cetupunctionis
1102 4749 1157 4792 et
1214 4740 1420 4810 gaudii,
1482 4740 1767 4795 charitatis
1828 4755 1889 4795 ac

313 4830 618 4887 devotionis
642 4831 917 4901 lacrymis,
948 4831 1426 4903 contemplationis
1455 4831 1679 4888 intentat
1709 4833 1892 4888 dulce-

309 4924 445 4979 dini.
489 4922 713 4992 Capillis
755 4923 1079 4991 extergatis,
1139 4930 1479 4977 terrenorum
1522 4925 1763 4979 omnium
1794 4942 1889 4980 su-

258 5089 260 5092 r
311 5014 672 5085 perfluitatem
697 5028 792 5083 per
824 5027 943 5067 eam
983 5011 1317 5081 expellentes
1358 5014 1424 5069 de
1458 5015 1643 5069 corde.
1691 5018 1891 5071 Audia-

313 5109 381 5162 tis
413 5108 477 5161 de
499 5122 595 5163 ore
620 5106 747 5161 Jesu
779 5106 1006 5160 verbum
1038 5106 1194 5175 quasi
1230 5106 1469 5175 gladium
1512 5123 1712 5178 anceps
1761 5126 1888 5179 per-

311 5198 582 5251 transiens
612 5198 776 5251 corda
817 5214 829 5250 :
862 5195 1119 5249 scindens
1157 5209 1474 5265 compagem
1516 5198 1885 5254 membrorum

308 5302 482 5355 usque
527 5289 593 5342 ad
633 5288 956 5343 divisionem
1002 5288 1248 5369 spiritus.
1304 5287 1418 5342 Hoc
1454 5289 1679 5344 verbum
1724 5291 1888 5347 dulce

306 5382 413 5433 erit
481 5377 731 5433 faucibus
790 5379 985 5433 vestris
1040 5392 1203 5445 super
1248 5379 1350 5433 mel
1402 5388 1456 5432 et
1516 5378 1720 5435 favum.
1775 5381 1889 5437 Hoc

307 5469 531 5526 verbum
562 5485 658 5540 per
688 5472 828 5539 quod
864 5471 1006 5525 facta
1042 5479 1168 5525 sunt
1219 5469 1402 5525 omnia
1451 5489 1464 5525 :
1510 5471 1614 5526 hoc
1663 5474 1886 5529 verbum

307 5559 452 5627 quod
513 5563 847 5617 centurionis
905 5563 1162 5632 poscebat
1208 5563 1443 5629 devotio,
1497 5573 1554 5619 ut
1602 5576 1889 5623 sanaretnr

308 5662 442 5717 puer
469 5648 611 5717 ejus.
653 5652 826 5717 Hujus
857 5653 1010 5707 verbi
1054 5652 1393 5707 dulcedinem
1436 5658 1613 5708 solum
1661 5674 1881 5729 norunt,

1996 4474 2111 4527 licae
2136 4475 2257 4528 vita:
2285 4475 2699 4530 instructionem
2720 4476 3016 4545 pertinent,
3046 4476 3406 4545 qualicunque
3431 4480 3569 4549 ston

1994 4567 2246 4635 praesenti
2282 4568 2543 4637 Opusculo
2565 4577 2893 4636 pertractate
2917 4584 2934 4622 :
2960 4569 3116 4623 utsic
3140 4569 3367 4638 singulis
3385 4570 3573 4624 diebus

1992 4659 2146 4728 quasi
2213 4659 2448 4727 quodam
2510 4660 2634 4714 bolo
2691 4660 2781 4729 pia
2851 4674 3006 4714 mens
3074 4662 3320 4728 depasta,
3384 4662 3573 4717 dulce-

1992 4746 2173 4800 dinem
2230 4758 2449 4818 appelat
2500 4765 2515 4805 :
2565 4764 2663 4804 nec
2724 4753 3030 4806 retardetur
3090 4750 3330 4817 fastidio,
3392 4763 3446 4808 et
3509 4759 3575 4809 de

1994 4842 2223 4895 modii-is
2253 4842 2453 4895 eximia
2490 4844 2712 4913 cogitet.
2751 4843 3063 4913 Sequantur
3090 4845 3377 4913 lectiones,
3439 4862 3575 4904 con-

1994 4924 2261 4990 fessiones
2304 4936 2600 4992 criminum
2649 4937 2702 4992 in
2747 4939 3089 5009 regularibus
3142 4941 3448 5013 disciplinis
3485 4959 3576 5003 eo-

1995 5041 2107 5080 ram
2143 5026 2418 5083 abbatissa
2453 5030 2645 5084 domus
2680 5040 2737 5085 et
2766 5033 2979 5087 caeteris
3018 5034 3325 5092 sororibus.

2067 5119 2374 5175 Prodantur
2423 5122 2475 5175 in
2528 5121 2802 5191 publicum
2854 5139 3210 5197 quaecumque
3253 5139 3407 5197 gesta
3450 5138 3578 5186 sunt

1992 5223 2182 5266 contra
2203 5213 2485 5281 regulares
2504 5216 2886 5270 observantias
2910 5226 2964 5273 et
2983 5217 3344 5289 obedientias,
3374 5232 3434 5277 ut
3454 5223 3570 5293 jam

1991 5305 2307 5360 nullatenus
2337 5307 2631 5378 quidquam
2667 5309 3073 5365 inemendatum
3098 5322 3153 5366 et
3184 5313 3407 5383 impune
3451 5331 3579 5384 per-

1996 5404 2260 5461 transeat,
2319 5414 2418 5453 nee
2469 5398 2634 5454 lateat
2686 5411 2913 5458 matrem
2960 5414 3014 5459 et
3060 5420 3280 5462 sorores
3324 5408 3584 5464 uniuscu-

1987 5488 2181 5557 jusque
2199 5491 2476 5546 conditio:
2504 5505 2773 5561 quatenus
2796 5507 2851 5550 et
2869 5500 3197 5554 verecundia
3216 5511 3272 5554 et
3293 5501 3579 5571 disciplina

1992 5594 2152 5647 quam
2176 5593 2347 5637 mater
2370 5584 2597 5652 imponit
2622 5586 2769 5641 circa
2802 5587 3043 5643 futurqu
3072 5599 3287 5661 tempus
3321 5610 3580 5661 umqum--

1993 5684 2096 5737 que
2137 5672 2390 5725 reddatur
2419 5686 2618 5730 :Istula.
2662 5678 2823 5731 Extra
2858 5694 2980 5734 vero
3039 5684 3332 5750 capitulum
3376 5686 3581 5752 aliquid
