3956 6196
347 430 462 494 433

1513 434 1822 498 REGULA
1879 430 2443 498 MONACHARUM.

3495 377 3606 495 434

341 547 410 597 de
459 545 543 598 bis
599 559 840 614 unquam
871 544 1231 614 qualia-imque
1265 544 1430 601 verbo
1477 548 1560 602 vel
1609 559 1742 602 nutu
1795 562 1923 618 pro-
1954 555 2001 616 Α
2029 554 2135 612 ως,
2167 556 2312 601 tanta
2345 545 2579 617 talisque
2606 543 2880 616 parcitas;
2916 553 2970 600 ut
3004 551 3196 600 venter
3254 544 3440 615 p0tius
3477 543 3644 602 con-ﬁ

341 641 510 699 terre,
557 636 629 688 sit
675 637 990 692 anathema.
1044 636 1158 692 Hoc
1212 637 1394 707 itaque
1435 638 1544 694 fine
1587 655 1694 694 nox
1741 649 1927 694 sancta

340 725 527 780 clausa
557 726 830 782 discedat.

879 881 1112 940 CAPUT
1151 883 1392 939 XXXIV.

417 995 496 1052 De
525 997 708 1052 ordine
735 997 1076 1051 dicendarum
1105 998 1356 1051 horarum
1391 996 1604 1064 Prima,
1641 998 1852 1064 Ter-lite,

909 1066 1086 1122 Sextio
1098 1079 1144 1122 et
1167 1066 1360 1122 Nonae.

415 1183 552 1240 Cum
584 1183 834 1238 laudibus
854 1183 1053 1238 Primae
1077 1185 1192 1239 dies
1217 1185 1473 1240 salutaris
1504 1186 1730 1257 incipiat
1761 1204 1778 1244 ι
1805 1205 1924 1256 qm-

347 1278 454 1330 bus
484 1277 733 1342 expletis,
761 1290 931 1330 sacrae
959 1273 1138 1330 Missa:
1165 1277 1423 1347 mysteria
1454 1279 1522 1332 ob
1558 1279 1744 1346 sponsi
1794 1295 1927 1348 pra:-

340 1367 603 1432 sentiam,
636 1381 960 1436 sponsarum
986 1367 1150 1423 corda
1173 1369 1472 1434 Iaetitiecnt,
1503 1370 1788 1424 charitatis
1818 1373 1930 1425 ine—

341 1461 526 1515 brient
554 1459 772 1528 populo,
813 1459 1121 1515 devotionis
1160 1471 1216 1516 et
1249 1463 1373 1515 fldei
1399 1463 1600 1516 satient
1628 1463 1828 1532 pabulo
1875 1447 1928 1518 in

341 1554 597 1608 convivio
631 1555 880 1610 saiutari.
913 1556 997 1610 Sit
1035 1555 1376 1624 postmodum
1427 1557 1720 1626 unicuique
1777 1574 1927 1611 com-

348 1647 592 1712 modum,
640 1657 733 1701 aut
788 1648 1005 1709 orandi,
1041 1659 1136 1702 aut
1167 1648 1376 1716 legendi
1423 1663 1579 1702 sacra
1635 1649 1928 1714 volumina,

343 1739 460 1792 sive
487 1739 646 1792 aliter
680 1741 949 1807 operandi.
973 1753 1095 1808 qua:
1125 1749 1316 1794 sancta
1346 1749 1493 1794 sunt.
1525 1740 1730 1795 Deinde
1761 1743 1930 1796 doctae

346 1829 620 1898 puellulas
650 1828 886 1882 novitias
916 1828 984 1882 de
1003 1827 1316 1897 evangelica
1347 1829 1480 1893 vita,
1501 1830 1567 1884 de
1587 1831 1793 1885 sanctis
1818 1849 1929 1885 n.0-

2028 648 2288 707 queratur
2311 653 2470 708 quam
2501 639 2755 708 gaudeat.
2781 636 2895 692 Non
2920 646 3076 708 egeat
3099 638 3153 691 in
3179 637 3478 707 digerendo
3501 646 3610 693 sto-

2029 731 2256 786 machus
2286 729 2574 785 medicinis
2598 746 2615 798 ;
2643 738 2831 785 ructus
2855 727 3037 798 potius
3060 728 3314 784 vacuatio
3338 744 3500 799 quam
3529 729 3613 784 ni-

2030 823 2134 876 mia
2173 822 2402 890 rcpletio
2445 822 2694 877 inducat.
2735 817 2860 876 Nec
2894 821 3098 892 cinguli
3144 820 3496 892 ampliationc
3541 823 3615 878 sit

2027 930 2166 985 opus
2208 931 2222 969 :
2249 923 2386 970 utet
2419 915 2498 972 sic
2527 930 2684 970 mens
2709 929 2738 968 a
2773 913 2869 969 Dei
2900 913 3345 969 meditationibus
3384 913 3612 970 minime

2029 1007 2335 1062 retardetur
2365 1022 2464 1076 per
2490 1006 2796 1077 crapulam,
2819 1015 2874 1061 et
2901 1020 3103 1074 corpus
3127 1021 3233 1060 non
3264 1015 3420 1074 egeat
3444 1006 3612 1062 medi-

2029 1097 2190 1152 cinis.
2217 1097 2301 1152 Sit
2327 1113 2544 1166 semper
2569 1098 2814 1153 ordinata
2846 1105 2900 1151 et
2923 1098 3224 1166 composita
3255 1097 3305 1150 in
3331 1111 3430 1151 suo
3451 1095 3612 1152 modo

2029 1189 2315 1244 comestio.
2346 1187 2463 1244 Non
2491 1189 2562 1244 sit
2592 1193 2646 1244 in
2681 1189 2952 1244 sumendo
2991 1185 3198 1242 ferculo
3236 1185 3378 1250 talis.
3410 1185 3611 1242 veloci-

2033 1288 2117 1334 tas
2157 1279 2416 1344 faucium,
2467 1288 2522 1334 ct
2583 1288 2692 1333 tam
2744 1279 2899 1334 velox
2945 1277 3250 1334 masticatio
3291 1277 3423 1343 boli,
3468 1277 3613 1347 quod

2031 1372 2231 1426 merito
2265 1371 2334 1426 de
2363 1371 2604 1442 ingluvie
2628 1371 2805 1440 aliqua
2835 1371 3004 1440 possit
3036 1369 3168 1424 oriri
3198 1367 3453 1439 suspicio.
3490 1366 3607 1422 Non

2035 1473 2140 1517 tam
2175 1464 2228 1517 in
2259 1465 2592 1519 comestione
2621 1463 2800 1524 cibus.
2853 1477 3016 1531 quam
3071 1462 3243 1531 turpis
3291 1459 3481 1515 modus
3525 1473 3612 1514 re-

2033 1555 2450 1622 prehendendus
2476 1564 2578 1609 est.
2615 1553 2770 1624 Saepe
2799 1553 2998 1607 etenim
3032 1552 3088 1606 in
3120 1553 3262 1608 fabis
3291 1561 3346 1605 et
3379 1549 3612 1621 panibus

2034 1645 2362 1701 hordeaceis
2394 1646 2561 1700 nimia
2595 1647 2832 1701 aviditas
2857 1645 3060 1714 grande
3090 1653 3376 1714 peccatum
3397 1653 3611 1698 causet.

2030 1735 2386 1807 Nequaquam
2419 1738 2564 1792 avidi
2621 1746 2676 1793 et
2722 1736 3028 1806 vagabundi
3079 1735 3222 1790 oculi
3250 1749 3345 1806 per
3375 1732 3616 1789 discum-

2035 1829 2228 1884 bentes
2265 1830 2368 1883 huc
2394 1829 2633 1900 illucque
2660 1829 2929 1899 vagando,
2965 1829 3106 1882 banc
3136 1825 3222 1881 vel
3262 1825 3408 1880 illam
3439 1824 3615 1898 magis

344 1923 521 1985 ribus,
561 1921 626 1973 de
655 1919 849 1975 officiis
878 1919 1100 1985 domus,
1133 1921 1202 1974 de
1235 1921 1575 1989 regularibus
1627 1922 1930 1986 disciplinis
1967 1903 2004 1956 Β
2031 1919 2114 1974 vel
2147 1922 2326 1975 minus
2349 1923 2607 1976 denotent
2645 1921 3048 1976 eotttedentem.
3077 1917 3194 1974 Non
3224 1916 3612 1988 prandentium

343 2025 518 2078 usque
552 2011 620 2064 ad
654 2011 969 2066 refectionis
1001 2011 1190 2065 horam
1224 2009 1519 2066 instruant.
1545 2013 1926 2081 Praeparentur

341 2111 396 2154 et
425 2102 647 2156 interim
675 2101 804 2168 cibi,
829 2101 1028 2172 quibus
1051 2117 1278 2172 corpora
1306 2101 1678 2158 refoeillentur
1707 2106 1774 2157 ad
1813 2117 1926 2174 poe-

340 2193 593 2247 nitentia!
616 2191 830 2263 jugum.

412 2282 576 2338 Nullo
614 2300 852 2355 unquam
888 2284 1048 2341 detur
1082 2287 1194 2340 otio
1219 2285 1456 2349 animus,
1497 2301 1568 2340 ne
1588 2289 1806 2357 quando
1837 2303 1932 2342 co~
2009 2281 2028 2298 ‘

344 2373 640 2442 gitationes
669 2384 726 2431 et
742 2388 937 2441 motus,
971 2377 1244 2434 mentibus
1277 2377 1497 2432 titillent
1527 2378 1716 2432 illicita
1749 2381 1929 2450 :quod

345 2468 392 2520 si
431 2466 750 2537 aliqualiter
779 2471 1066 2542 insurgere
1095 2469 1420 2538 inceperim,
1448 2469 1628 2525 statim
1655 2470 1932 2526 elidantur

344 2557 406 2612 in
438 2560 668 2623 semine,
704 2574 773 2615 ne
795 2571 1047 2615 crescant
1080 2561 1292 2614 zizania
1318 2575 1444 2615 cum
1471 2561 1692 2616 tritico:
1727 2571 1820 2616 aut
1853 2561 1932 2615 la-

344 2650 576 2705 boribus
605 2652 974 2721 autoperibus
1001 2667 1259 2708 manuum
1285 2653 1550 2723 quidquid
1583 2653 1726 2708 male
1748 2656 1934 2711 conci-

348 2743 516 2809 pitur,
547 2752 862 2798 evanescat.
897 2744 1072 2799 Adeat
1098 2755 1349 2800 sanetam
1386 2760 1633 2800 sororem
1679 2755 1737 2801 ut
1780 2749 1933 2802 locu-

348 2835 588 2890 tionibus
615 2838 792 2891 sacris
813 2836 1132 2906 projiciatur
1163 2837 1528 2894 immundum.
1563 2839 1930 2896 Tutissimum

351 2925 504 2978 valde
538 2934 621 2979 est
650 2926 860 2982 fidelem
907 2939 961 2981 et
1007 2927 1214 2996 justum
1261 2929 1461 2983 habere
1507 2930 1741 2984 amicum
1792 2946 1808 2986 :
1849 2931 1934 2986 cui

347 3015 617 3084 quidquid
649 3031 850 3070 arcano
877 3019 1060 3072 cordis
1089 3017 1208 3072 sinu
1241 3018 1393 3083 latet,
1422 3020 1670 3090 protinus
1719 3036 1935 3076 resere-

352 3119 464 3158 tur.
501 3103 614 3159 Non
645 3107 790 3160 cutim
820 3107 875 3160 in
917 3108 1032 3161 suis
1085 3122 1225 3178 saepe
1268 3117 1450 3178 potest
1496 3109 1665 3166 homo
1705 3111 1944 3182 nchtiis

351 3210 560 3256 rectum
590 3201 793 3257 habere
815 3202 1103 3273 judicium.

417 3294 758 3348 Adveniente
785 3310 913 3349 vero
962 3296 1282 3353 refectionis
1332 3297 1489 3363 hora,
1543 3312 1653 3367 qua
1706 3296 1939 3352 reddere

350 3387 568 3456 corpori
597 3388 840 3442 debitum
872 3397 1068 3443 natura
1105 3391 1418 3458 compellit:
1463 3390 1656 3445 diebus
1700 3405 1942 3445 commu—

355 3478 514 3532 nibus
543 3478 731 3533 laudes
758 3477 956 3534 Tertiae
981 3491 1034 3534 et
1052 3479 1228 3536 Sexta
1259 3483 1514 3538 horarum
1534 3483 1682 3552 prius
1708 3481 1818 3536 Deo
1848 3483 1941 3538 de-

356 3581 475 3626 vote
491 3573 794 3628 solvantur.
810 3572 1164 3628 Postmodum
1188 3591 1310 3630 cum
1331 3581 1480 3630 omni
1529 3579 1814 3643 modestia,
1855 3578 1939 3632 be.

355 3665 663 3720 nedictione
701 3666 772 3734 ab
805 3667 1080 3722 abbatissa
1124 3669 1430 3738 prauitissa,
1463 3672 1645 3724 cibum
1694 3681 1939 3733 sumant,

354 3771 590 3824 parsque
622 3755 912 3811 ministret.
954 3756 1247 3826 Postquam
1275 3773 1404 3813 vero
1432 3767 1643 3814 caetera:
1692 3759 1942 3814 eomede-

355 3849 486 3910 rint,
521 3855 575 3900 et
602 3845 730 3914 ipsa:
759 3860 883 3916 quae
915 3839 1386 3911 ministraverant,
1420 3851 1732 3914 comedam,
1761 3859 1814 3905 et
1837 3849 1940 3904 sibi

358 3937 706 3992 ministretur
729 3936 798 3992 ab
824 3938 968 3993 aliis.
999 3939 1133 3993 Cum
1158 3955 1292 3995 vero
1317 3940 1510 4010 jejunii
1535 3954 1750 4012 tempus
1789 3942 1938 3996 refe-

356 4031 594 4085 ctionem
626 4031 916 4087 tardiorem
950 4031 1216 4096 effecerit,
1248 4048 1401 4088 sacra
1438 4035 1692 4105 mysteria
1741 4035 1941 4102 Missas,

359 4122 541 4178 Tertia
571 4132 627 4178 et
656 4121 823 4179 Sexta
851 4135 906 4179 et
933 4123 1084 4179 Nona
1111 4127 1513 4194 praeveniantur
1543 4143 1556 4180 :
1591 4131 1808 4184 caeteris
1829 4130 1943 4184 die-

359 4214 460 4268 bus
502 4223 629 4284 post
682 4213 1030 4269 refectionem
1085 4213 1240 4269 Nona
1280 4215 1494 4286 dicatur
1539 4216 1672 4271 hora
1715 4227 1940 4282 statuta,

361 4321 482 4359 cum
535 4305 650 4376 jam
708 4305 790 4361 sol
849 4306 904 4361 in
955 4305 1133 4360 medio
1191 4322 1320 4377 gyro
1372 4307 1514 4362 diem
1556 4307 1776 4364 exhibet
1827 4323 1943 4364 me-

363 4399 530 4455 dium.

924 4465 1156 4524 CAPUT
1202 4464 1420 4524 XXXV.

716 4554 794 4611 De
818 4556 946 4611 cibis
965 4567 1014 4611 et
1037 4559 1222 4613 ordine
1262 4558 1588 4616 comedendi.

433 4666 664 4734 Quando
690 4671 834 4724 enim
861 4684 961 4726 vos
987 4673 1055 4726 ad
1093 4673 1450 4728 refectionem
1474 4675 1610 4729 hora
1642 4675 1822 4732 debita
1849 4675 1944 4731 ad-

365 4762 636 4822 nnaverit,
669 4762 720 4814 in
746 4761 886 4818 cibis
913 4764 1110 4819 vestris
1141 4765 1368 4821 minime
1395 4765 1660 4836 refulgeat
1681 4781 1942 4822 cocorum

365 4851 655 4907 industria.
684 4851 803 4908 Non
835 4855 1079 4910 ciborum
1105 4857 1359 4912 nobilitas
1389 4858 1686 4926 appetitum
1707 4867 1943 4924 moveat,

363 4948 456 4999 sed
487 4945 698 5014 fames;
743 4961 850 5002 non
898 4955 1241 5017 opponantur
1285 4949 1571 5005 incitativa
1630 4950 1943 5020 libidinum,

365 5039 460 5090 sed
495 5052 615 5103 qua:
646 5039 854 5107 possint
888 5038 1088 5093 famem
1114 5042 1507 5110 exstinguere;
1541 5043 1943 5112 autlegumina,

365 5140 457 5182 aut
483 5129 630 5183 olera
652 5132 980 5188 condiantur
1004 5132 1057 5186 in
1076 5132 1215 5188 oleo.
1245 5133 1452 5188 Carnes
1478 5149 1610 5190 vero
1635 5136 1812 5190 solum
1835 5139 1946 5193 sint

367 5236 429 5272 ex
469 5221 685 5273 licentia
720 5222 1012 5278 abbatissae
1041 5223 1262 5280 indultae
1293 5225 1563 5281 debilibus
1593 5235 1648 5280 et
1668 5226 1942 5295 infirmis;

368 5312 607 5380 alioquin
635 5312 791 5380 cujus
821 5315 932 5370 sint
960 5316 1190 5386 saporis,
1225 5318 1439 5386 ignoret
1464 5319 1798 5374 emnobium.
1832 5321 1944 5376 Ova

373 5415 422 5453 et
451 5402 699 5458 lactentia
734 5417 854 5472 post
876 5405 1079 5477 jejunia
1105 5407 1404 5462 debilitatis
1431 5409 1712 5465 sororibus
1737 5417 1791 5464 et
1812 5425 1948 5481 pra:-

374 5493 546 5558 cipuis
575 5492 959 5552 festivitatibus
990 5498 1384 5566 permittantur
1409 5515 1474 5554 ex
1506 5500 1705 5570 gratia.

446 5584 591 5637 ltaro
613 5586 856 5640 sciantur
874 5602 994 5658 quae
1021 5588 1073 5643 in
1091 5589 1248 5658 aquis
1269 5598 1520 5645 oriantur
1542 5601 1596 5647 et
1625 5596 1828 5659 vlvant,
1847 5594 1945 5648 nisi

377 5677 526 5744 parvi
569 5678 838 5746 pisciculi.
870 5680 1023 5734 Gulae
1049 5681 1328 5736 horridum
1353 5683 1556 5744 scelus.
1581 5684 1816 5754 genitrix
1865 5685 1949 5740 lu~

379 5769 564 5834 xmire,
595 5781 650 5824 et
671 5771 941 5826 castitatis
968 5771 1236 5840 carnifex,
1261 5789 1382 5830 cum
1404 5776 1496 5831 Dei
1515 5777 1725 5833 ancillis
1745 5777 1947 5832 nullam

382 5860 572 5914 habeat
603 5871 824 5918 sortem.
858 5861 1092 5934 Ideoque
1111 5874 1261 5922 tanta
1280 5868 1352 5924 sit
1374 5868 1427 5924 in
1453 5870 1719 5926 sumenda
1743 5871 1950 5927 sobrie-

2031 2027 2291 2067 numerus
2325 2012 2566 2067 animum
2601 2020 2830 2081 occupet
2863 2008 3318 2080 uniuscujusque.

2575 2168 2808 2225 CAPUT
2835 2167 3081 2223 XXXVI.

2454 2261 2527 2316 De
2557 2263 2842 2316 sobrietate
2872 2272 2920 2315 et
2944 2260 3178 2330 jejunio.

2106 2373 2304 2429 Vinum
2363 2390 2602 2446 quoque,
2674 2375 2890 2444 inquo
2957 2382 3042 2429 est
3106 2371 3342 2436 luxuria,
3397 2368 3616 2442 sponsis

2032 2464 2236 2521 Christi
2290 2477 2550 2535 tauquam
2600 2479 2868 2518 venenum
2925 2473 3236 2534 suspectum
3296 2462 3390 2516 sit.
3417 2461 3610 2516 Potius

2034 2559 2301 2613 stomachi
2335 2559 2592 2628 languor,
2628 2566 2684 2612 et
2723 2557 2933 2612 afﬂicta:
2959 2566 3166 2610 natura:
3205 2555 3461 2611 debilitas
3481 2568 3616 2609 con-

2038 2652 2200 2715 sulat,
2227 2667 2390 2719 quam
2425 2651 2724 2706 delectatio
2769 2659 2864 2705 aut
2911 2650 3200 2722 ingluvies.
3249 2648 3408 2716 Quod
3443 2648 3488 2704 si
3519 2662 3616 2703 su-

2036 2759 2184 2799 mere
2215 2744 2359 2815 cogit
2389 2759 2526 2813 pene
2557 2745 2675 2813 ipsa
2705 2741 3180 2810 necessitas,tunc
3207 2751 3308 2797 aut
3331 2743 3412 2797 sic
3441 2738 3619 2796 debile

2034 2838 2246 2902 vinum,
2274 2847 2368 2892 aut
2397 2839 2478 2894 sic
2526 2853 2666 2908 aqua
2705 2839 3026 2908 permistum
3077 2836 3386 2907 praebeatur
3430 2833 3484 2889 in
3524 2845 3621 2901 po-

2039 2940 2174 2995 ttnn,
2211 2933 2354 3000 quod
2389 2945 2732 3001 nequaquam
2772 2946 2838 2984 ex
2885 2928 3302 2984 fumositatibus
3345 2925 3617 2996 repletum

2036 3031 2218 3092 caput,
2254 3023 2555 3077 ridiculosa
2585 3032 2678 3076 aut
2712 3021 2939 3092 puerilia
2967 3022 3130 3076 verba
3170 3021 3481 3089 depromat.
3519 3014 3618 3072 Sa-

2037 3115 2321 3184 crilegium
2359 3125 2642 3187 reputatur
2687 3116 2946 3182 ebrietas,
2976 3115 3027 3168 in
3066 3113 3268 3169 femina
3310 3109 3609 3182 praecipue,

2039 3204 2134 3260 sed
2162 3206 2376 3260 infinito
2405 3206 2528 3274 plus
2562 3207 2616 3260 in
2643 3205 2859 3260 Domini
2901 3219 3127 3274 sponsa.
3160 3204 3280 3258 Noe
3323 3199 3620 3256 denudatio

2043 3299 2428 3362 verendornm,
2476 3305 2531 3352 ct
2577 3297 2676 3352 Lot
2717 3297 2956 3352 incestus
3003 3297 3075 3351 ob
3121 3295 3470 3360 ebrietatem,
3523 3305 3620 3347 vos

2043 3397 2233 3444 cautas
2274 3391 2544 3454 instituat,
2576 3405 2671 3444 vos
2723 3404 2939 3459 semper
2996 3389 3186 3444 reddat
3224 3387 3446 3441 timidas
3475 3398 3623 3440 sem-

2045 3497 2250 3550 perque
2276 3492 2584 3550 suspectas.
2617 3479 2757 3537 Vere
2783 3482 3022 3537 credatis
3055 3481 3200 3551 quod
3231 3481 3412 3552 ignem
3437 3485 3622 3549 portat

2044 3574 2096 3626 in
2131 3573 2360 3642 gremio,
2402 3574 2493 3642 qui
2531 3574 2751 3629 assiduo
2787 3576 2954 3628 utitur
2991 3573 3136 3628 vino.

2111 3663 2488 3733 Nequaquam,
2516 3681 2723 3735 quaeso,
2761 3665 2902 3719 inter
2937 3677 3186 3719 mortuas
3227 3647 3470 3734 corpori,
3499 3677 3622 3732 qua:

2043 3756 2297 3809 Omnibus
2331 3755 2698 3823 voluptatibus
2726 3773 2783 3810 se
2812 3757 3132 3810 abdicarunt
3165 3739 3262 3824 pro
3288 3753 3620 3821 Cltt‘isto,de

2043 3847 2184 3918 gula:
2233 3848 2508 3903 horrendo
2549 3846 2812 3908 facinore,
2841 3857 2894 3900 et
2935 3847 3219 3901 ebrietatis
3269 3844 3624 3900 immunditia

2042 3946 2224 3996 sermo
2275 3941 2438 3995 etiam
2486 3939 2744 3996 minimus
2775 3939 3059 3992 habeatur.
3091 3936 3310 3993 Ventris
3354 3935 3622 4006 ingluvies

2043 4044 2097 4089 et
2121 4033 2383 4096 ebrietas,
2412 4040 2520 4086 tam
2552 4031 2747 4086 animae
2780 4031 3134 4095 infirmitatis,
3155 4044 3318 4097 quam
3351 4026 3620 4098 corporis,

2044 4139 2266 4181 causam
2294 4134 2350 4180 et
2385 4123 2672 4178 materiam
2716 4122 2986 4178 tribuunt.
3024 4123 3261 4192 Ideoque
3295 4118 3622 4175 medicinale

2039 4216 2300 4288 jejunium
2322 4231 2539 4271 omnem
2569 4215 2778 4270 auferat
2812 4214 3386 4284 languorem,omnem
3414 4211 3624 4268 tribuat

2047 4311 2304 4364 virtutem
2350 4319 2405 4363 et
2455 4309 2708 4378 gratiam.
2754 4307 2864 4360 lloc
2900 4322 2996 4360 vos
3032 4306 3310 4375 legislator
3339 4306 3567 4360 edoceat
3607 4321 3622 4360 :

2046 4401 2134 4456 cui
2161 4399 2247 4455 lex
2277 4415 2383 4454 non
2416 4399 2580 4454 datur
2617 4400 2932 4467 priusquam
2961 4397 3232 4468 jejunium
3267 4395 3625 4467 quadragesi-

2047 4493 2192 4547 male
2242 4491 2550 4562 perficitur.
2589 4489 2736 4545 Elias
2794 4492 2845 4544 in
2904 4488 3226 4544 fortitudine
3274 4488 3623 4544 subcinericii

1973 4611 2020 4669 υ
2056 4582 2232 4652 panis,
2269 4582 2489 4652 jejunus
2553 4597 2650 4650 per
2689 4581 3052 4651 quadraginta
3097 4579 3219 4636 dies
3267 4580 3508 4649 perrexit
3557 4582 3625 4633 ad

2049 4689 2290 4731 montem
2344 4675 2438 4730 Dei
2498 4675 2660 4728 Oreb.
2696 4672 2835 4740 Quid
2905 4688 3038 4728 vero
3073 4673 3293 4728 virtutis
3349 4673 3627 4727 contineat

2047 4783 2263 4823 sacrum
2309 4766 2658 4836 jejunium,a
2710 4774 2896 4820 vestro
2931 4765 3334 4835 investigemini
3377 4778 3624 4836 sponso:

2047 4858 2141 4928 qui
2195 4859 2634 4928 quadragenario
2690 4868 2912 4927 peracto
2966 4857 3217 4928 jejunio,
3268 4859 3625 4913 tentationem

2048 4949 2256 5004 diaboli
2293 4951 2441 5004 vicit.
2479 4945 2591 5005 Vtri
2630 4947 2886 5005 Ninivitac
2935 4966 3042 5006 non
3090 4950 3311 5018 sileant,
3352 4949 3446 5020 qui
3481 4948 3628 5019 jeju-

2050 5041 2159 5096 niis
2183 5056 2476 5096 connnune
2504 5052 2798 5096 evaserunt
2832 5041 3089 5106 exitium,
3127 5049 3181 5096 et
3209 5039 3626 5095 irrevocabilem

2051 5132 2144 5187 Dei
2179 5141 2526 5187 rtttttuVerunl
2554 5133 2908 5188 sententiam.
2939 5131 3069 5186 Haec
3103 5146 3222 5196 vos,
3253 5128 3624 5195 charissima,

2057 5224 2347 5278 imitamini
2384 5241 2396 5278 :
2427 5226 2520 5279 sed
2564 5224 2940 5294 assequamini
2981 5224 3279 5293 sapienter,
3310 5237 3380 5279 ne
3413 5223 3626 5279 dicatur

2051 5333 2080 5370 a
2115 5316 2344 5370 Dotnino
2374 5335 2388 5370 :
2422 5315 2546 5371 Non
2586 5329 2660 5372 est
2690 5318 2788 5372 hoc
2827 5316 3096 5388 jejunium
3137 5316 3277 5387 quod
3327 5315 3457 5385 elegi
3489 5313 3624 5388 (Isa.

2053 5423 2204 5468 Lt'ttt.
2243 5409 2319 5480 5)-
3557 5414 3564 5421 ’

2124 5504 2401 5573 castigate
2430 5505 2672 5558 membra
2704 5513 2908 5571 vestra,
2936 5504 3031 5558 sed
3080 5502 3248 5558 nolite
3287 5501 3634 5560 interficere;

2053 5594 2168 5649 Non
2202 5605 2394 5650 causet
2432 5596 2700 5665 jejunium
2737 5597 3150 5661 verecundiam,
3188 5605 3248 5651 ut
3299 5597 3623 5652 scandalum

2054 5688 2122 5742 sit
2150 5689 2360 5744 caeteris
2388 5707 2401 5744 :
2434 5705 2537 5744 non
2568 5689 2756 5744 dolore
2779 5692 2974 5760 capitis
2992 5699 3045 5744 et
3062 5689 3347 5745 debilitate
3371 5689 3624 5760 corporis

2055 5797 2224 5834 sacra-
2249 5783 2574 5835 omittantur
2603 5783 2888 5847 lectiones,
2915 5799 3014 5838 nec
3037 5783 3314 5838 orationes
3340 5782 3621 5843 deficiant.

2055 5885 2124 5928 ne
2156 5888 2381 5928 necesse
2413 5873 2483 5927 sit
2512 5874 3001 5943 contemplationes
3039 5875 3310 5933 deserere.
3348 5874 3626 5944 Unaqua-
