3956 6196
379 365 486 432 435

1329 373 1386 434 S.
1434 372 1877 436 IIIERONYMI
1909 372 2229 437 OPERUM
2273 376 2689 442 MAN'I‘ISSA.

3519 372 3625 440 I36

379 480 483 551 que
512 495 623 536 sum
656 480 853 537 salutis
890 479 998 553 per
1027 481 1292 555 jejunium
1342 485 1445 539 sibi
1484 485 1750 543 medelam
1797 489 1953 543 adbi-
1981 495 2025 555 Α
2057 498 2192 549 inet.
2228 500 2322 546 aut
2351 489 2404 545 in
2443 491 2677 547 ecclesia
2713 491 2779 547 de
2813 490 2899 547 his
2927 476 3052 560 qua:
3078 488 3273 553 didicit
3297 487 3623 547 meditetur:

377 566 867 647 beat.'Frangatur
894 583 1094 640 corpus
1112 570 1339 644 jejuniis
1359 592 1373 629 :
1396 577 1701 643 castigetur
1723 574 1787 629 in'
1810 577 1947 631 cella

379 662 720 717 verberibus.
799 660 856 716 Si
913 662 1232 733 quidquam'
1266 666 1604 735 concupiscit
1655 668 1945 734 illicitum,

380 753 810 821 multiplicantur
826 755 1193 822 abstinentiae,
1223 756 1588 813 adhibeantur
1610 760 1949 827 gravissimte

380 844 677 919 disciplinae
712 864 729 900 :
763 844 939 901 donec
978 847 1059 902 sic
1103 849 1328 917 humile,
1361 850 1444 904 sie
1492 850 1786 922 benignum
1829 852 1945 921 flat,

379 940 523 1010 quod
552 938 687 993 nihil
722 940 823 995 sibi
875 940 1118 996 vindictet
1150 943 1395 1007 noxium,
1419 944 1555 999 nihil
1590 947 1772 1015 exigat
1802 947 1947 1016 quod

378 1049 486 1087 non
512 1032 694 1088 vultis.
735 1031 992 1105 Erigatur
1030 1036 1274 1101 domina,
1310 1036 1646 1108 principetur
1679 1038 1732 1092 in
1769 1039 1943 1094 omni-

379 1125 520 1188 bus;
559 1124 907 1193 subjiciatur,
943 1128 1319 1198 suppeditetur
1364 1140 1420 1184 et
1466 1129 1813 1186 conculcetur
1852 1147 1949 1187 an-

377 1216 525 1270 rilla.
545 1214 697 1282 Quod
718 1216 765 1272 si
785 1219 982 1272 iterum
1000 1219 1371 1289 atqueiterum
1391 1221 1623 1290 erigitse
1639 1231 1828 1278 contra
1855 1223 1951 1277 do-

381 1308 601 1371 ruinam,
621 1308 872 1379 ejiciatur
903 1310 1119 1377 ancilla,
1141 1310 1457 1379 denudetur,
1481 1311 1743 1384 fatigetur
1775 1322 1828 1368 et
1853 1313 1952 1368 hn-

378 1399 618 1453 uillelur
635 1400 699 1454 ad
721 1412 924 1459 votum.
944 1401 999 1456 Si
1018 1403 1397 1470 Veroquietum
1417 1419 1613 1469 corpus
1628 1406 1696 1456 ult
1711 1421 1764 1457 ra
1785 1405 1947 1471 vires,

381 1492 517 1546 ultra
545 1492 958 1549 condecentiam
1005 1493 1184 1548 velitis
1222 1509 1573 1561 exasi-erare,
1611 1496 1948 1566 indignatum

380 1601 476 1638 \os
505 1584 558 1639 in
598 1583 810 1640 foveam
850 1584 1071 1655 dejiciet
1107 1587 1456 1641 indiscretus.
1484 1586 1568 1642 Nil
1603 1588 1803 1659 quippe
1840 1604 1949 1659 po-

380 1684 489 1758 test
539 1675 743 1730 habere
785 1677 1029 1743 virtutis,
1055 1677 1203 1747 quod
1248 1679 1571 1734 indiscretio
1612 1677 1764 1758 facit,
1807 1681 1949 1750 quod

381 1752 744 1839 imprudentia
775 1768 1010 1843 iujiciat,
1039 1778 1095 1825 et
1119 1772 1442 1841 ttuprovisio
1468 1771 1685 1827 doceat.

1342 1861 1363 1890 \

902 1931 1138 1990 CAPUT
1167 1930 1431 1988 XXXVII.

764 2026 844 2082 De
869 2026 1179 2082 lectionibus
1205 2027 1273 2082 ad
1306 2043 1559 2082 mensam.

452 2138 549 2194 Sic
575 2137 752 2194 dulcia
779 2152 916 2194 sano
948 2137 1129 2208 palato
1149 2137 1365 2208 eloquia
1400 2137 1611 2194 Domini
1636 2149 1787 2209 sunt,
1809 2142 1952 2213 quod

387 2244 665 2298 nunquam
702 2228 988 2298 dcgustata
1026 2228 1354 2297 fastidiunt.,
1380 2228 1610 2299 Semper
1651 2245 1824 2286 novos
1854 2248 1952 2302 ge-

389 2323 586 2375 nerant
617 2330 726 2384 pra:
786 2317 1057 2371 suavitate
1085 2325 1141 2371 et
1185 2317 1471 2373 dulcedine
1515 2319 1808 2390 appetitus.
1840 2319 1952 2378 Vos

380 2421 596 2475 semper
622 2421 684 2461 ea
714 2407 1007 2478 degustare
1043 2409 1221 2465 decet.
1248 2407 1408 2465 Nullo
1448 2425 1685 2482 unquam
1711 2420 1955 2482 tempore

385 2498 538 2554 vobis
564 2508 647 2554 est
677 2501 1018 2556 ab'oratione
1045 2503 1396 2557 cessaudmn.
1417 2494 1647 2573 Semper
1676 2518 1770 2561 vos
1789 2519 1951 2562 orare

381 2591 675 2665 Apostolus
715 2592 958 2659 instruit,
1001 2609 1121 2664 qua:
1169 2609 1273 2649 non
1322 2609 1420 2662 pro
1454 2596 1639 2650 carnis
1680 2595 1952 2655 illecebris

385 2698 580 2739 vacare
604 2684 670 2741 ad
705 2695 916 2757 tempus
938 2685 1247 2757 obligantini
1277 2688 1424 2741 velut
1452 2687 1780 2758 conjugatze.
1799 2686 1952 2744 Ideo-

384 2789 492 2842 que
531 2789 747 2844 semper
772 2790 869 2845 pro
908 2790 1068 2851 posse
1092 2779 1259 2834 oretis
1286 2794 1301 2832 :
1332 2786 1390 2832 ut
1418 2780 1543 2834 dum
1576 2794 1780 2848 corpus
1805 2781 1951 2848 sagi-

382 2874 541 2918 natur
572 2863 718 2929 cibo,
745 2877 1026 2923 saturetur
1071 2866 1252 2949 anitua
1284 2868 1539 2924 lectione.
1570 2867 1690 2924 Non
1746 2879 1828 2925 est
1866 2869 1951 2925 fas

380 2955 546 3011 etiam
601 2958 955 3013 saecularibus
986 2957 1150 3014 simul
1199 2960 1383 3015 cibum
1429 2968 1627 3029 terere,
1658 2968 1715 3016 et
1769 2960 1952 3017 inania

383 3048 545 3101 verba
578 3059 814 3105 ructare.

2050 596 2334 650 quousque
2350 583 2512 639 simul
2538 582 2732 638 diebus
2748 582 3158 649 communibus,
3192 588 3312 652 post
3334 579 3621 651 prandium

2051 673 2199 728 horae
2246 671 2435 737 Noote,
2460 673 2517 729 in
2551 673 2795 730 Ecclesia
2839 672 3241 730 celebraverint
3280 673 3474 743 dignas
3510 672 3627 727 lau-

2050 764 2149 819 des
2181 775 2316 821 zaut
2352 765 2396 820 si
2431 764 2569 820 forte
2598 766 2880 836 prandium
2911 765 3242 836 praeverterit
3286 763 3422 819 hora
3475 762 3629 818 Nona

2050 853 2247 910 diebus
2273 854 2625 924 jejuniorum,
2655 869 2945 926 quousque
2988 853 3324 924 campanella
3371 853 3424 907 in
3447 852 3630 908 claus-

2053 955 2137 1001 tro
2198 946 2561 1016 pulsabitur:
2602 947 2823 1002 interim
2873 946 2921 1003 si
2977 945 3222 1005 brevitas
3281 946 3525 1003 noctium
3573 954 3630 1000 et

2052 1048 2355 1109 temporum
2384 1040 2625 1095 conditio
2652 1047 2708 1094 et
2750 1049 2963 1095 natura
2996 1038 3299 1094 necessitas
3342 1037 3623 1108 exegerit:

2051 1139 2176 1202 post
2216 1129 2456 1199 aliquam
2496 1130 2748 1185 borulatn
2785 1129 2840 1187 in
2894 1144 3000 1200 qua
3052 1128 3341 1199 legendum
3377 1137 3463 1182 est
3505 1138 3632 1199 post

2050 1221 2363 1291 prandium,
2393 1220 2479 1275 vel
2503 1220 2792 1287 orandum,
2820 1221 2984 1277 liceat
3012 1220 3287 1290 paulisper
3312 1219 3632 1277 volentibus

2049 1313 2231 1381 quiete
2280 1313 2460 1383 potius
2510 1329 2677 1384 quam
2725 1328 2919 1370 somno
2957 1327 3156 1383 corpus
3196 1309 3528 1379 refocillare,
3556 1319 3623 1367 ut

2054 1402 2248 1459 fortius
2281 1404 2539 1461 reddatur
2568 1403 2872 1460 laboribus.

2121 1494 2254 1551 Post
2304 1496 2543 1566 quietem
2600 1494 2735 1551 hora
2781 1495 2935 1553 Nona
2974 1495 3203 1561 decursa
3253 1497 3340 1553 vel
3411 1495 3631 1567 pulsata

2052 1585 2408 1653 campanella,
2455 1599 2556 1639 nec
2603 1586 2902 1655 quidquam
2946 1586 3187 1645 otiosum
3226 1586 3396 1657 possit
3432 1586 3632 1641 diabo-

2051 1671 2138 1727 lus
2198 1673 2441 1728 invenire
2482 1690 2497 1729 :
2547 1688 2616 1730 ne
2679 1673 2835 1730 vanis
2879 1675 3166 1732 desideriis
3219 1685 3404 1747 pateat
3446 1674 3633 1733 cordis

2054 1762 2231 1818 aditus
2264 1778 2280 1820 :
2316 1763 2488 1819 altera
2515 1766 2956 1823 sorormnlibros
2995 1767 3224 1838 scribat,
3257 1776 3318 1825 ut
3348 1776 3407 1823 et
3433 1778 3635 1822 manus

1985 1837 2025 1895 Β
2056 1851 2260 1920 labore,
2304 1860 2358 1907 et
2396 1869 2550 1910 mens
2591 1853 2778 1911 divino
2821 1855 3096 1925 repleatur
3121 1856 3342 1928 pabulo.
3371 1854 3508 1913 Suat
3555 1855 3638 1910 al-

2057 1952 2169 1997 tera
2229 1944 2469 2000 cucullas
2528 1960 2779 2005 sororum
2806 1986 2824 2011 ,
2883 1955 2940 2003 et
2992 1946 3212 2005 tunicas
3270 1957 3329 2006 et
3374 1947 3635 2005 melotas.

2053 2033 2272 2089 Plantas
2304 2034 2513 2090 olerum
2547 2036 2752 2106 plantct
2778 2039 2951 2095 altera
3013 2039 3073 2095 in
3128 2038 3370 2105 hortulo,
3399 2046 3462 2095 ut
3509 2052 3637 2097 cre-

2053 2134 2272 2181 scentes
2297 2128 2449 2182 vobis
2475 2129 2752 2197 przebeant
2784 2144 2959 2188 escas.
2978 2130 3162 2187 Altera
3193 2129 3405 2190 semina
3434 2124 3635 2202 iactet.

2052 2214 2357 2285 Irrigcntur
2407 2220 2625 2290 areolae,
2661 2230 2721 2278 ut
2760 2222 3066 2279 seminibus
3113 2237 3256 2293 apta
3295 2223 3450 2281 ﬁant.
3481 2223 3639 2279 luse-

2055 2320 2248 2365 rautur
2273 2309 2575 2368 fructiferae
2602 2313 2829 2372 arbores
2877 2314 3271 2385 iuft'ttctttosis;
3301 2323 3363 2375 ut
3387 2329 3482 2371 ars
3516 2314 3635 2370 vim

2053 2402 2280 2486 repellat
2307 2413 2534 2465 naturae.
2582 2403 2659 2461 Ex
2689 2405 2783 2463 his
2815 2416 3068 2483 resurgat
3096 2422 3255 2467 meus
3285 2416 3513 2481 propter
3546 2405 3637 2463 vi-

2045 2495 2291 2551 sibilium
2348 2497 2546 2555 borum
2610 2500 3013 2569 inspectiouem
3035 2502 3102 2559 ad
3132 2499 3511 2563 meditandum
3567 2499 3641 2556 de

2051 2588 2422 2647 invisibilibus
2453 2589 2547 2648 Dei
2583 2605 2601 2649 :
2631 2594 2847 2649 oriatur
2874 2591 3171 2651 admiratio
3198 2591 3401 2653 divina
3430 2602 3636 2663 poten-

2054 2680 2142 2737 tiae
2174 2683 2226 2736 in
2263 2682 2497 2751 semine,
2525 2683 2672 2754 quod
2703 2699 2771 2741 ex
2799 2685 2880 2742 sic
2912 2701 3099 2758 parvo,
3127 2684 3209 2745 sic
3257 2682 3438 2750 arido.
3467 2692 3641 2741 tanta

2055 2773 2448 2845 magnitudinis
2475 2784 2528 2835 et
2569 2776 2886 2843 viriditatis,
2917 2787 2973 2834 et
3013 2775 3451 2851 pulchritudinis
3477 2788 3641 2833 crea-

2055 2872 2176 2919 tura
2203 2862 2489 2921 formetur.
2516 2863 2595 2922 Ex
2625 2865 2991 2923 admiratione
3030 2876 3248 2927 crescat
3290 2864 3537 2930 devotio,
3569 2878 3639 2919 ex

2052 2957 2342 3013 devotione
2375 2956 2607 3014 elevatio
2654 2960 2855 3015 mentis
2900 2976 2917 3017 :
2955 2959 3029 3015 ita
3060 2968 3118 3015 ut
3147 2960 3263 3030 jam
3304 2959 3423 3030 ipse
3446 2958 3645 3014 hortu—

2054 3052 2138 3107 lus
2176 3050 2273 3106 liat
2294 3050 2621 3119 oratorium,
2649 3061 2707 3108 et
2730 3059 2992 3109 creatum
3020 3048 3375 3108 insensibiles
3404 3048 3642 3109 Creato-

386 3220 393 3231 1
453 3136 683 3195 Sacram
739 3140 806 3194 de
873 3137 1053 3196 Veteri
1108 3138 1484 3207 Testamento.
1536 3151 1591 3200 et
1657 3142 1726 3199 de
1775 3138 1951 3211 Novo,
1982 3167 2025 3228 ε
2062 3144 2143 3199 ris
2195 3144 2626 3211 magnitudinem
2673 3144 2997 3214 pradicent.
3038 3142 3145 3201 Sed
3197 3141 3499 3200 cavendum
3552 3146 3643 3196 est

378 3243 695 3288 sanctorum
740 3234 909 3302 διλειὶε
953 3247 1009 3290 et
1049 3235 1234 3298 dictis,
1258 3237 1493 3308 singulis
1525 3236 1955 3294 hebdomadibus
2059 3235 2361 3306 potissitue,
2394 3251 2462 3292 ne
2508 3251 2704 3292 manus
2751 3245 2951 3293 vestrae
2992 3236 3295 3308 quidquam
3318 3234 3641 3305 contingere

377 3326 635 3405 deputata
670 3341 827 3381 soror
866 3329 1274 3389 comedentibus
1305 3328 1593 3383 lectionem
1629 3329 1953 3396 legat.Tunc

390 3417 821 3488 uniuscujusque
874 3433 1026 3475 mens
1085 3419 1267 3479 Sobria
1332 3419 1536 3474 intenta
1581 3421 1652 3474 sit
1681 3420 1952 3476 dulcedini

382 3508 533 3564 verbi
587 3509 708 3576 Dei,
734 3510 972 3581 suspiret
1035 3511 1220 3578 anxia,
1283 3528 1405 3567 cum
1443 3513 1797 3583 propheticus
1857 3522 1954 3568 aut

390 3605 687 3665 historicus
720 3620 904 3662 sermo
929 3604 1025 3661 Dei
1049 3606 1314 3662 saevitiam
1347 3615 1606 3662 monstrat
1647 3608 1698 3661 iu
1736 3622 1953 3677 pravos.

389 3696 600 3771 Caudio
623 3698 896 3771 repleatur
928 3700 1221 3762 immenso,
1263 3714 1383 3753 cum
1408 3700 1713 3770 benignitas
1731 3698 1826 3756 Dei
1854 3714 1955 3755 an-

386 3770 675 3847 nuntiatur
717 3789 772 3847 in
813 3789 1008 3847 bonos.
1050 3788 1305 3858 Respiret
1340 3782 1492 3861 spes,
1527 3808 1649 3845 eum
1677 3806 1803 3862 erga
1843 3805 1959 3861 pm-

384 3882 618 3941 niteutcs
665 3872 1056 3955 indulgentiam
1114 3899 1276 3956 posse
1330 3885 1572 3941 t-xltibcri
1625 3892 1959 3939 manstratur

383 3975 657 4044 promisso
686 3977 773 4032 vel
797 3975 962 4032 facto.
1001 3975 1253 4048 Erigatnr
1293 3977 1453 4043 ﬁdes,
1486 3993 1609 4033 cum
1637 3976 1689 4031 in
1721 3975 1957 4048 promis-

382 4066 462 4120 sis
520 4067 662 4123 Dens
721 4059 893 4123 ﬁdelis
948 4069 1277 4123 ostenditur.
1312 4067 1568 4125 Charitas
1606 4067 1957 4132 accendatur,

382 4172 501 4207 cum
535 4166 614 4210 tot
646 4156 945 4227 privilegiis
972 4167 1029 4211 et
1071 4159 1386 4212 innueribus
1416 4148 1484 4213 ex
1514 4157 1721 4213 Cbristi
1750 4160 1956 4213 nativi-

384 4254 515 4310 tate,
581 4257 636 4300 et
691 4246 813 4316 ejus
838 4249 946 4301 vita
981 4255 1035 4301 et
1075 4248 1329 4317 passione
1391 4262 1456 4302 ac
1529 4250 1956 4317 resurrectione,

386 4349 575 4396 nostra
607 4339 827 4393 dotatur
864 4338 1205 4406 humanitas,
1243 4353 1408 4410 atque
1440 4350 1626 4396 nostra
1652 4342 1832 4399 vilitas
1866 4357 1962 4398 su-

386 4431 663 4487 btimatur.
692 4431 810 4485 Non
850 4440 1123 4495 resonent
1160 4433 1349 4498 verba,
1380 4435 1475 4489 sed
1527 4434 1761 4505 gemitus
1801 4450 1816 4489 :
1851 4449 1958 4491 non

2055 3328 2316 3394 audeant,
2354 3327 2499 3400 quod
2526 3327 2681 3384 vanis
2714 3328 2907 3387 usibus
2940 3328 3116 3401 possit
3135 3329 3337 3400 aptari.

2583 3490 2814 3549 CAPUT
2848 3488 3096 3549 XXXIX.

2273 3586 2350 3642 De
2397 3587 2541 3642 horis
2589 3587 2920 3655 vespertinis,
2952 3599 3001 3642 et
3041 3584 3419 3659 Completort'o.

2133 3702 2376 3772 Serpens
2407 3717 2644 3769 morum,
2671 3701 2852 3761 omnis
2872 3704 3088 3767 otiosus
3117 3717 3301 3765 sermo
3335 3700 3647 3774 expellatur

2059 3793 2130 3849 de
2184 3795 2363 3850 medio
2410 3795 2600 3851 vestri.
2639 3794 2927 3867 Nunquam
3001 3796 3171 3862 risus.
3214 3802 3493 3865 nunquam
3552 3809 3647 3852 ca-

2061 3883 2299 3940 chinnus
2332 3900 2428 3941 cor
2458 3901 2650 3941 vanum
2692 3888 3028 3957 pronuntiet.
3065 3887 3160 3947 Sic
3189 3888 3391 3953 sancti,
3420 3887 3502 3943 sic
3541 3902 3649 3959 pa:

2061 3976 2168 4036 dici
2205 3981 2315 4035 sint
2348 3990 2505 4035 actus
2535 3982 2784 4051 corporis
2812 3983 3021 4048 cuncti,
3060 3991 3118 4037 ut
3148 3980 3350 4038 mentis
3377 3981 3647 4037 sanctita-

2064 4076 2172 4124 tem
2235 4080 2532 4137 exponant.
2588 4069 2762 4125 Homo
2818 4085 3015 4141 nempe
3067 4071 3647 4138 exterior.iuterioris

2063 4158 2226 4215 iudex
2274 4173 2376 4216 est.
2427 4160 2632 4218 Sancto
2687 4177 2783 4218 vos
2827 4163 2881 4219 in
2934 4162 3144 4230 labore,
3195 4173 3389 4221 saneto
3431 4178 3532 4219 vos
3587 4163 3647 4219 in

2063 4268 2229 4324 Opere
2258 4238 2609 4311 debellantes‘
2639 4254 2937 4320 diabolum,
2968 4254 3278 4324 vespertina
3305 4255 3443 4313 hora
3482 4269 3651 4325 repe-

2062 4346 2206 4410 riat;
2238 4359 2347 4415 qua
2401 4346 2456 4399 itt
2500 4344 2742 4401 Ecclesia
2783 4346 2991 4401 sanctis
3026 4345 3173 4402 Deus
3215 4345 3467 4401 laudetur
3518 4342 3647 4403 Oﬁ-

2063 4452 2187 4494 CIIS.
3015 4456 3033 4485 Ι

383 4525 527 4579 risus
562 4531 616 4578 et
648 4525 972 4590 cachinnus,
1001 4526 1098 4581 sed
1140 4525 1411 4596 lacrynnr.
1457 4526 1577 4581 Non
1623 4538 1961 4596 occupentur
1995 4524 2040 4582 D
2139 4531 2196 4586 Si
2230 4528 2546 4586 festivitatis
2590 4528 2902 4596 celebritas,
2928 4530 2972 4586 si
3000 4530 3167 4584 nimia
3195 4527 3453 4584 debilitas
3477 4542 3649 4582 com-

386 4632 579 4672 nianus
609 4617 969 4675 incisionibus
1019 4619 1322 4683 inutilibus.
1352 4622 1447 4677 sed
1478 4637 1544 4677 ex
1584 4622 1960 4679 recordatione

384 4711 680 4765 rriminum
711 4713 1006 4769 tunduntur
1033 4724 1279 4783 pectora.
1317 4714 1413 4770 llis
1446 4717 1593 4771 enim
1629 4716 1798 4775 frenis
1840 4717 1958 4787 agi-

385 4813 494 4856 tata
533 4819 677 4859 saeva
703 4805 842 4879 gulae
872 4804 1145 4876 rapacitas
1173 4809 1487 4864 sobrietatis
1521 4825 1627 4866 non
1654 4810 1873 4865 excedit
1899 4810 1960 4865 li-

386 4894 583 4961 mites;
615 4895 822 4951 foribus
855 4900 1064 4955 ventris
1099 4914 1208 4955 non
1240 4902 1413 4955 aderit
1441 4903 1662 4972 cmpula
1694 4919 1709 4930 ο
1740 4903 1957 4959 demum

382 4998 625 5049 n-stuans
667 4989 836 5046 libido
863 5006 970 5047 non
1013 4992 1234 5051 nocebit
1267 4994 1588 5066 quidt'ptaut.

880 5150 1114 5208 CAPUT
1166 5152 1461 5210 XXXVIII.

625 5242 709 5298 De
730 5244 975 5316 operibus
1000 5261 1243 5301 sororum
1272 5257 1391 5317 post
1413 5249 1723 5318 prandium.

457 5359 686 5430 Sumpta
708 5360 945 5430 denique
981 5361 1130 5428 cibo,
1178 5377 1279 5417 nec
1335 5370 1467 5417 tunc
1515 5362 1824 5417 adeundum
1878 5373 1960 5417 est
1992 5372 2009 5381 '

384 5454 409 5510 l‘
425 5454 620 5525 ibulas,
648 5453 745 5510 sed
772 5452 980 5510 Christi
1012 5455 1283 5525 exemplo,
1309 5469 1433 5510 eum
1464 5455 1557 5510 Dei
1594 5450 1850 5511 laudibus
1895 5455 1963 5511 ad

389 5545 693 5613 gratiarum
723 5546 969 5603 actiones
994 5556 1348 5620 consurgant,
1375 5546 1596 5618 Denque
1634 5547 1688 5602 itt
1735 5546 1964 5601 ecclesia

391 5638 623 5705 hymnos
669 5638 1002 5704 persolvant.
1035 5639 1235 5694 Deinde
1278 5656 1405 5696 cum
1449 5640 1598 5694 omni
1631 5637 1876 5703 silentio,
1910 5648 1968 5693 ut

391 5740 550 5779 sacra
582 5727 742 5781 lectio
772 5728 915 5783 lecta
958 5732 1227 5798 proliciat,
1259 5742 1321 5788 ut
1373 5731 1542 5787 menti
1597 5710 1969 5786 inscribaiuur

397 5825 612 5870 narrata
653 5832 1034 5892 :unaquzeque
1083 5824 1356 5894 sigillatim
1404 5823 1621 5893 relegat.
1661 5829 1715 5879 et
1763 5822 1967 5876 coullr~

2065 4639 2285 4687 munem
2321 4623 2599 4680 coenulatu
2633 4623 2968 4692 brevemque
3018 4620 3481 4681 refotillatioaem
3510 4634 3648 4677 cora

2064 4716 2215 4786 poris
2244 4716 2421 4786 potius
2464 4730 2628 4786 quam
2676 4715 2748 4773 ad
2793 4714 3211 4777 delectationem
3260 4721 3509 4784 paratam
3557 4711 3651 4767 in-

2063 4806 2334 4864 dulserit:
2364 4807 2691 4875 vespertina:
2715 4805 2903 4863 laudes
2953 4803 3065 4865 Deo
3111 4806 3492 4874 tempeStivios
3524 4822 3654 4879 pcr-

2067 4901 2356 4957 solvantur
2385 4914 2549 4970 quam
2581 4900 2803 4959 emeris
2824 4899 3160 4972 ieiuniorum
3183 4899 3380 4959 diebus
3408 4916 3426 4960 :
3460 4910 3521 4955 ut
3545 4915 3653 4956 nee

2064 4994 2231 5048 etiam
2260 4993 2454 5051 debita:
2503 4992 2691 5051 laudes
2722 4992 2777 5046 in
2821 4992 3009 5046 ultima
3044 4991 3176 5049 hora
3211 4991 3341 5057 diei,
3369 4992 3457 5047 vel
3486 4992 3653 5047 omit-

2069 5095 2281 5151 tantur,
2309 5086 2393 5141 vel
2421 5086 2476 5141 in
2501 5084 2682 5156 aliquo
2712 5086 3121 5143 detrunceutur
3150 5084 3221 5140 ob
3264 5081 3655 5139 cenatiuPost

2069 5185 2346 5247 peractam
2399 5190 2640 5242 omnem,
2672 5175 2754 5235 vel
2806 5175 2854 5235 si
2910 5174 3185 5233 omittitur
3234 5183 3358 5245 post
3402 5173 3648 5243 aliquam

2069 5266 2340 5331 borulam,
2367 5266 2519 5336 juxta
2553 5265 2886 5336 esigentiatu
2941 5264 3207 5337 temporis
3253 5266 3322 5319 ad
3355 5263 3653 5321 ecclesiam

2068 5374 2291 5417 sorores
2339 5356 2678 5429 campanella
2723 5369 2881 5417 vocet
2909 5372 2927 5415 :
2958 5357 3050 5415 ubi
3103 5355 3189 5412 vel
3222 5356 3293 5412 de
3328 5364 3647 5413 sanctorum

2068 5454 2237 5523 gestis
2276 5452 2365 5509 vel
2412 5453 2483 5509 da
2537 5452 2665 5508 aliis
2723 5451 3066 5509 mirabilibus
3099 5447 3192 5506 Dei
3241 5449 3409 5506 lectio
3444 5448 3648 5504 devota

2077 5547 2315 5603 dicatur.
2349 5543 2447 5601 Cui
2483 5546 2785 5602 succedant
2830 5542 3189 5613 Completerii
3222 5541 3455 5599 laudes:
3487 5551 3550 5595 ιιι
3574 5554 3649 5596 ex

2082 5637 2167 5695 his
2224 5636 2495 5692 τουσι-δικ
2550 5644 2762 5691 mentes
2819 5634 3008 5690 divino
3065 5631 3313 5703 pabulo,
3364 5626 3654 5685 nocturnis

2036 5727 2380 5805 _.phautasiis
2423 5726 2771 5797 occultisque
2827 5724 3063 5783 fallaciis
3103 5722 3306 5783 diaboli
3358 5731 3659 5777 occurrere

2075 5833 2185 5875 non
2240 5819 2561 5887 fortnidcut,
2603 5833 2705 5877 uec
2756 5818 2985 5877 timeant
3030 5816 3345 5874 dimicare:
3375 5820 3431 5870 et
3479 5809 3567 5867 sic
3617 5824 3653 5866 a
