3934 6188
369 355 470 418 43⁸7

1523 361 1676 426 REG
1686 363 1833 424 ULA
1895 353 2462 428 MONACIIARUM.

3507 371 3614 434 433

367 466 566 520 divmis
619 465 899 536 obsequiis
951 476 1174 520 exortus
1217 463 1359 530 dies,
1388 467 1590 528 divinis
1636 471 1853 528 ﬁniatur
1890 471 1942 526 in

2058 478 2278 533 nobium
2316 489 2369 534 et
2401 479 2757 535 homicidam.
2795 481 3134 550 Deputentur
3160 481 3416 538 custodes
3463 482 3613 538 inﬁr-

372 561 650 612 laudibus.

437 652 568 706 Post
595 651 1025 722 Completorium
1058 667 1188 708 vero
1225 653 1364 709 nihil
1395 654 1544 710 aliud
1583 670 1745 726 quam
1774 658 1943 714 silen-

370 745 502 796 tium
533 743 831 810 sentiatur,
867 753 928 798 ut
963 759 1184 801 sorores
1218 748 1418 816 quietae
1457 757 1678 803 semotae
1713 749 1947 803 totaliter

368 836 653 903 corporeis
681 836 933 890 sensibus
959 851 1081 905 quae
1120 837 1172 890 in
1207 839 1498 908 prieterito
1521 849 1767 907 tempore
1803 842 1945 894 divi-

368 927 450 980 nis
517 925 810 981 attdieruut
872 926 1141 992 lectionis,
1171 930 1452 984 ruminent
1507 942 1710 995 mente,
1752 941 1808 985 et
1859 948 1947 986 re-

364 1027 642 1095 stringant
663 1028 716 1081 in
755 1026 942 1080 corde.
973 1024 1098 1080 llaec
1131 1026 1405 1080 meditans
1432 1041 1772 1097 unaquaque
1791 1043 1943 1082 suam

363 1119 620 1173 cellulam
667 1119 848 1182 adeat,
894 1117 1276 1172 benedictione
1327 1121 1516 1173 matris
1575 1131 1853 1192 suscepta,
1894 1129 1950 1176 et

367 1210 650 1281 religionis
682 1211 931 1268 habitum
963 1219 1208 1282 gestans,
1248 1210 1372 1266 utsi
1407 1221 1599 1266 natura
1627 1213 1948 1281 exegeritse

366 1303 421 1358 in
449 1312 634 1358 strato
670 1303 738 1358 ad
768 1303 1159 1372 quiescendum
1200 1314 1514 1374 componat.
1557 1302 1615 1357 Si
1649 1319 1775 1358 vero
1821 1305 1949 1358 dor-

366 1394 634 1450 mientem
663 1395 875 1450 daemon
925 1395 1140 1464 insequi
1187 1396 1417 1465 coeperit
1446 1409 1606 1466 quam
1636 1395 1946 1465 vigilantem

367 1496 663 1552 metuerat,
697 1486 742 1542 si
779 1487 1060 1543 illusiones
1092 1487 1406 1552 immiserit,
1442 1488 1486 1542 si
1520 1489 1697 1557 turpia
1740 1489 1947 1556 cogita-

371 1575 448 1628 tui
510 1577 855 1646 opposuerit,
891 1593 1014 1631 mox
1077 1588 1134 1632 ut
1192 1577 1287 1632 Dei
1337 1593 1539 1646 sponsa
1595 1578 1954 1647 persenserit,

365 1678 652 1732 exsurgat,
687 1669 951 1737 cedatque
985 1669 1212 1740 ignaviae
1239 1678 1294 1724 et
1327 1671 1510 1740 scpori
1541 1673 1698 1726 velox
1723 1672 1949 1726 excubi-

370 1763 478 1808 tus.
505 1754 634 1810 Inde
656 1759 905 1826 protinus
931 1759 1261 1813 horreudmu
1281 1769 1336 1812 et
1364 1760 1703 1814 tremendum
1729 1761 1948 1816 diabolo

368 1849 585 1916 signum
652 1849 833 1904 crucis
895 1859 1172 1920 opponat,
1234 1851 1424 1920 Sponsi
1489 1853 1672 1906 dilecti
1733 1853 1946 1906 invocet
1981 1874 2020 1925 Β

368 1940 658 2006 auxilium,
696 1952 752 1996 et
809 1957 1045 2012 sponsus
1087 1945 1393 2013 zelotypus,
1449 1944 1542 2012 qui
1612 1945 1779 1998 nimio
1831 1945 1949 1999 zelo

370 2046 630 2096 sponsam
685 2035 950 2099 custodit,
976 2045 1234 2105 exsurget
1265 2036 1516 2104 protinus
1569 2036 1620 2089 in
1685 2037 1948 2090 auxilium

369 2137 592 2190 sponsae
620 2139 751 2178 suae.
783 2125 950 2180 Scuto
973 2127 1334 2182 circumdabit
1360 2144 1503 2191 eam,
1531 2143 1596 2180 ne
1623 2127 1735 2196 jam
1765 2130 1948 2182 timeat

369 2233 399 2267 ει
430 2216 632 2270 timore
661 2228 952 2273 nocturno.
987 2219 1052 2274 Et
1083 2223 1277 2274 cadent
1330 2225 1514 2274 statim
1546 2235 1574 2272 a
1610 2222 1782 2275 latere
1833 2221 1951 2290 ejus

371 2309 542 2373 mille,
575 2318 632 2364 et
654 2311 840 2366 decem
877 2313 1041 2365 millia
1074 2328 1102 2365 a
1140 2313 1348 2367 dextris
1407 2314 1526 2382 ejus
1563 2329 1577 2369 :
1616 2329 1716 2367 nec
1763 2331 1948 2383 appro-

369 2403 713 2472 pinquabunt
739 2405 805 2459 ad
835 2419 979 2459 eam.
1007 2403 1292 2460 Postremo
1324 2405 1533 2474 angelis
1565 2406 1679 2460 suis
1716 2408 1946 2459 manda-

373 2492 471 2553 hit.
505 2502 563 2546 ut
593 2495 914 2550 custodiant
951 2510 1070 2549 eam
1137 2497 1189 2548 in
1249 2497 1505 2550 omnibus
1553 2497 1656 2550 viis
1711 2497 1850 2565 ejus,
1884 2511 1950 2550 ne

371 2584 515 2640 forte
540 2585 782 2642 offendat
821 2589 888 2641 ad
916 2587 1152 2658 lapidem
1182 2585 1374 2657 pedem
1409 2603 1590 2642 suum.

964 2745 1194 2802 CAPUT
1230 2746 1347 2801 XL.
1713 2811 1717 2815 I

440 2835 526 2890 De
556 2836 820 2890 cltaritate
873 2838 1136 2892 servanda
1172 2855 1298 2909 erga
1349 2837 1593 2908 inﬁrmas
1646 2855 1876 2894 sorores.

437 2950 772 3005 Balnearum
797 2951 1103 3015 mollitiem,
1129 2967 1258 3006 caro
1287 2967 1498 3020 sponsae
1521 2951 1613 3006 Dei
1640 2969 1747 3006 non
1779 2951 1954 3007 susci-

372 3043 510 3111 piat.
539 3042 741 3098 Harum
791 3061 922 3099 usus
956 3047 1124 3100 castis
1158 3046 1482 3114 corporibus
1525 3061 1629 3099 non
1665 3047 1950 3116 competit.

374 3135 527 3189 Satis
568 3151 668 3189 nos
691 3137 793 3203 ipsi
828 3138 1035 3206 experti
1067 3137 1314 3206 quotidie
1341 3146 1576 3207 quantus
1606 3137 1660 3191 in
1689 3139 1949 3192 membris

2051 571 2325 628 montibus
2358 573 2612 628 discreta:
2643 585 2698 627 et
2725 584 2928 627 sanctte
2955 589 3195 638 sorores,
3227 589 3348 644 qua:
3371 573 3618 630 sollicitae

2047 672 2391 732 praecaveant
2423 663 2684 730 pericula,
2715 679 2837 733 qua:
2862 664 3156 719 imminere
3195 673 3426 734 possunt
3462 664 3614 719 inlir-

2048 753 2148 806 mis
2177 767 2192 806 :
2226 768 2294 808 ne
2322 752 2452 822 quid
2485 754 2801 822 aliqualiter
2834 753 3114 822 contingat
3154 753 3388 810 adversi.
3413 754 3614 820 Onera,

2049 859 2274 914 quaeso,
2311 859 2418 900 non
2469 856 2762 917 aggravant
2809 847 3139 901 servitriccs.
3185 845 3413 915 Semper
3459 845 3618 903 Chri-

2047 948 2199 992 stum
2225 939 2463 1008 cogitent
2487 938 2540 991 in
2569 936 2782 991 inﬁrma
2835 951 3024 992 sorore
3055 936 3306 991 latentem
3343 952 3360 990 :
3399 951 3618 998 semper

2047 1045 2106 1084 se
2168 1030 2407 1099 cogitent
2459 1028 2718 1097 possein
2783 1027 3030 1083 futurum
3087 1028 3286 1083 talibus
3351 1027 3617 1100 indigere.

2053 1120 2279 1191 Semper
2309 1122 2392 1175 lex
2418 1121 2505 1176 illa
2538 1131 2741 1176 naturae
2775 1119 3000 1175 astricta
3035 1131 3282 1175 teneatur
3313 1119 3436 1175 sinu
3469 1135 3620 1176 men-

2051 1215 2138 1280 tis,
2161 1214 2435 1266 hominem
2461 1213 2660 1266 debere
2684 1213 2808 1266 aliis
2831 1211 2882 1264 id
2909 1211 3192 1275 exhibere,
3217 1211 3357 1280 quod
3381 1211 3459 1292 pb
3487 1210 3620 1280 ipsis

2051 1305 2166 1375 ipse
2199 1307 2542 1376 deposceret.
2576 1301 2693 1356 Non
2743 1303 2970 1369 inliciat,
3003 1317 3206 1369 quzeso,
3237 1300 3620 1370 hospitalitatis

2048 1413 2214 1467 Opera
2278 1413 2546 1461 murmur,
2593 1389 2688 1450 sed
2751 1393 2896 1464 quud
2957 1393 3070 1448 ﬁeri
3107 1395 3286 1459 decet,
3318 1410 3439 1448 cum
3471 1393 3618 1448 omni

2051 1489 2472 1544 mansuetudine
2531 1489 2624 1542 liat
2659 1527 2676 1550 ,
2721 1486 2875 1555 juxta
2917 1487 3233 1550 Apostoluu:
3302 1487 3618 1540 dicentem:

2051 1583 2490 1652 Hospitalitatem
2545 1591 2830 1644 sectantes,
2863 1582 3075 1634 invicem
3113 1582 3169 1634 in
3203 1581 3460 1634 citarilate
3510 1579 3624 1633 sine

2050 1681 2474 1730 murmuratione
2508 1675 2684 1745 (Rom.
2716 1692 2813 1742 xu,
2856 1676 2922 1729 15
2954 1691 2971 1744 ;
3000 1677 3032 1730 Ι
3060 1672 3204 1728 l’etr.
3241 1689 3315 1736 tv,
3349 1671 3426 1742 9).

2630 1833 2862 1890 CAPUT
2903 1834 3040 1889 XLI.

2052 1947 2127 2002 De
2159 1949 2484 2004 auctoritate
2517 1949 2746 2018 episcopi
2776 1957 2824 2003 et
2857 1949 3148 2018 propositi,
3199 1947 3344 2002 circa
3381 1947 3626 2004 observa-

2633 2022 2796 2073 tiones
2822 2021 3043 2073 ordinis.

2121 2134 2260 2190 Ecce
2291 2135 2466 2200 vobis,
2500 2151 2617 2189 mea
2651 2134 2871 2188 domina
2898 2133 3277 2200 Eustochium,
3305 2143 3361 2187 et
3409 2140 3622 2186 creterra

2050 2227 2419 2282 dilectissimae
2461 2226 2587 2281 [ilize
2638 2225 2866 2291 Christi,
2914 2225 3269 2293 apostolicam
3301 2225 3468 2279 vitam
3498 2224 3621 2278 rudi

2050 2331 2102 2375 et
2131 2336 2319 2375 crasso
2352 2319 2494 2391 stylo
2526 2319 2609 2374 his
2638 2318 2904 2373 chartulis
2943 2319 3225 2386 scriptam,
3268 2333 3433 2374 senes
3469 2328 3624 2387 pater

2050 2423 2106 2467 et
2148 2414 2486 2483 prOpinquus
2545 2411 2655 2480 jam
2711 2410 2890 2473 morti,
2925 2418 3109 2479 utpote
3173 2408 3516 2464 ccntenarius
3568 2407 3621 2462 iu

2050 2519 2229 2568 mtate,
2283 2505 2478 2558 devoto
2537 2501 2734 2556 aﬂ‘ectu
2794 2501 3114 2556 transmisit.
3192 2500 3306 2555 lioc
3345 2498 3620 2570 Speculum

2051 2609 2332 2660 aeternum,
2366 2612 2460 2666 per
2483 2601 2583 2650 hoc
2608 2595 2896 2664 aenigmate
2927 2595 2977 2647 in
3006 2591 3256 2663 ιιι-περιιίί
3293 2595 3423 2656 vita,
3453 2591 3626 2646 felici-

2054 2693 2179 2745 tatis
2207 2693 2345 2743 viam
2374 2703 2715 2758 unaquaeque
2743 2687 3003 2752 liliarum,
3033 2684 3254 2740 assidua
3277 2683 3626 2739 meditatione

2051 2794 2259 2840 cernat.
2316 2783 2431 2837 Non
2489 2791 2679 2836 eauset
2719 2779 3002 2848 grossities
3055 2776 3297 2842 corticis,
3335 2773 3622 2829 medullam

2053 2875 2362 2946 requirendi
2388 2882 2782 2941 contemptmn.
2818 2869 2936 2924 Non
2971 2869 3258 2942 imperitus
3303 2876 3358 2921 et
3389 2866 3622 2921 rustica-

2053 2983 2156 3023 nus
2186 2981 2366 3020 sermo
2405 2964 2683 3019 fastidium
2720 2972 2968 3031 generet.
3017 2959 3170 3014 Talia
3211 2957 3407 3013 decent
3451 2956 3625 3026 poeti-

2053 3073 2146 3113 cas
2180 3055 2416 3110 fabulas.
2446 3053 2560 3108 Non
2601 3063 2684 3109 est
2710 3067 2848 3122 opus
2877 3051 3096 3120 pit-tatis
3123 3058 3178 3103 et
3210 3049 3380 3103 totius
3431 3049 3628 3102 verita-

2059 3151 2126 3204 tis
2151 3148 2252 3218 lcgi
2285 3147 2564 3200 rhetorum
2595 3144 2831 3214 pompis.
2873 3141 2997 3196 llaec
3029 3139 3210 3193 omnia
3240 3137 3503 3211 juvenum
3538 3135 3625 3191 is:-

373 3229 581 3282 uostris
623 3228 874 3287 libidinis
927 3229 1066 3297 ignis
1109 3231 1642 3293 exurat,sentimus,
1683 3229 1852 3284 etiam
1902 3232 1945 3284 si

2058 3207 2289 3296 tersuiit.
2323 3238 2397 3292 Ex
2425 3239 2525 3292 hac
2562 3237 2793 3307 singulis
2824 3236 3012 3288 tliebtts
3043 3232 3187 3286 Vt-lttl.
3217 3245 3283 3284 ex
3314 3226 3628 3284 delectabili

373 3324 521 3391 ignis
567 3322 808 3375 fomenta
849 3322 1172 3376 auferantur
1213 3338 1312 3393 pro
1343 3336 1524 3392 posse.
1552 3321 1724 3376 Nimis
1748 3331 1830 3376 est
1853 3322 1950 3376 de-

374 3431 533 3470 mens
572 3423 628 3470 et
676 3414 883 3480 fatuus,
915 3418 1006 3483 qui
1041 3416 1328 3469 materiam
1359 3429 1672 3484 pra-parans
1723 3415 1832 3485 igni
1884 3416 1950 3469 ad

373 3509 718 3572 incendium,
751 3525 856 3560 non
885 3509 999 3561 vult
1025 3517 1080 3560 ut
1109 3509 1318 3562 ardeat.
1356 3508 1460 3562 Ista
1497 3513 1690 3562 decent
1714 3508 1956 3562 miserri-

376 3617 497 3655 mas
530 3601 904 3664 mulierculas,
933 3615 1054 3653 cum
1093 3600 1478 3669 periclitantur
1512 3600 1803 3669 naufragio
1831 3615 1957 3668 par-

376 3703 489 3745 tus.
516 3690 722 3744 Tamen
763 3690 808 3743 si
863 3697 1108 3743 extr-ctua
1146 3693 1448 3745 necessitas
1495 3690 1788 3743 inlirmanti
1829 3705 1958 3744 cort-

374 3779 631 3846 suluerit,
657 3790 878 3834 servato
904 3780 1080 3834 omnis
1100 3780 1376 3850 pudicitizr
1397 3780 1629 3842 honore.
1657 3796 1778 3834 cum
1805 3781 1956 3835 omni

377 3873 647 3927 modeStia
686 3875 798 3926 liat.
841 3871 992 3926 Alius
1031 3871 1086 3926 in
1122 3875 1299 3928 servis
1329 3871 1422 3926 Dei
1459 3874 1586 3926 talia
1616 3876 1861 3943 cogitare
1887 3873 1958 3927 sit

379 3965 560 4019 nefas.
594 3963 952 4034 Summopere
983 3974 1236 4018 servetur
1275 3965 1328 4018 in
1381 3965 1554 4028 vobis,
1593 3973 1652 4019 ut
1685 3981 1814 4036 erga
1870 3965 1958 4019 in-

378 4057 663 4110 ﬁrmantes
705 4069 948 4119 sorores,
992 4069 1116 4107 cum
1157 4054 1305 4108 omni
1356 4054 1742 4118 sollicitudine,
1780 4055 1958 4110 omnis

375 4153 704 4208 exhibeatur
732 4168 863 4208 cura
903 4151 1312 4220 hospitalitatis,
1345 4159 1398 4203 et
1435 4150 1780 4218 praebeantur
1807 4148 1960 4202 inte-

377 4263 495 4314 grze
532 4257 586 4302 et
617 4245 782 4300 totius
819 4245 1036 4315 pictatis
1071 4244 1358 4311 obsequia.
1397 4242 1452 4295 Si
1501 4240 1800 4308 periculmn
1830 4255 1960 4294 exe-

377 4339 543 4407 gerit,
573 4338 842 4392 medicum
877 4338 1122 4390 sobrium
1175 4345 1220 4388 et
1259 4335 1540 4404 pudicum,
1565 4343 1620 4386 et
1657 4332 1804 4386 omni
1841 4346 1963 4386 sus-

379 4431 601 4499 picione
658 4439 961 4495 carentem,
996 4427 1248 4497 pretinus
1310 4426 1605 4479 consulant
1663 4440 1679 4480 :
1725 4432 1781 4479 et
1841 4439 1963 4494 quat

2053 3333 2286 3395 ferculo,
2331 3331 2672 3396 singulorum
2731 3327 2884 3379 vobis
2949 3323 3148 3376 sumite
3207 3319 3409 3376 bolum.
3473 3317 3631 3372 Hunc

2057 3441 2165 3478 non
2218 3421 2670 3491 transglutinudo,
2721 3418 2815 3472 sed
2861 3430 3052 3484 magna
3084 3411 3402 3468 morositate
3448 3409 3635 3464 masti-

2057 3514 2258 3579 caudo,
2295 3513 2420 3565 hinc
2462 3511 2588 3565 inde
2620 3508 2913 3563 trauslerle
2944 3521 3038 3574 per
3065 3521 3187 3569 ora,
3221 3513 3280 3557 ttt
3307 3501 3511 3557 sentire
3539 3517 3635 3556 va-

2058 3605 2214 3658 leatis
2247 3599 2849 3657 dulcedinem.'Fateor
2895 3599 3037 3652 enim
3075 3597 3230 3650 vobis
3255 3594 3400 3665 quod
3427 3608 3493 3648 ex
3548 3592 3635 3646 his

2058 3712 2180 3766 qua:
2209 3695 2541 3760 scribuntur,
2580 3693 2624 3747 si
2666 3692 2852 3747 sedula
2891 3691 2962 3744 sit
2999 3688 3300 3752 meditatio,
3338 3691 3637 3754 exsurgent

2058 3787 2213 3842 vobis
2241 3786 2387 3850 talia,
2419 3784 2601 3854 qualia
2629 3783 2807 3852 lingua
2845 3781 3085 3835 humana
3114 3794 3219 3833 non
3262 3777 3430 3842 novit,
3464 3791 3637 3844 quan-

2061 3891 2223 3944 quam
2253 3884 2308 3929 et
2343 3875 2445 3929 hoc
2475 3871 2854 3941 imperlectum
2889 3869 2958 3924 sit
2987 3883 3145 3937 opus.
3178 3865 3332 3921 Nulla
3358 3866 3503 3922 enim
3521 3874 3635 3920 tant

2060 3977 2273 4031 sancta,
2308 3977 2414 4020 tam
2441 3967 2614 4037 iusta,
2650 3973 2704 4017 et
2737 3961 2827 4018 diu
2860 3963 3073 4030 provisa
3127 3970 3210 4015 est
3281 3957 3627 4023 constitutio,

2060 4061 2266 4132 quain
2320 4059 2559 4114 futurum
2597 4056 2860 4123 plurimos
2915 4069 3021 4107 non
3073 4051 3312 4122 patiatur
3365 4049 3634 4114 delectus,

2063 4168 2186 4224 qua:
2221 4152 2515 4220 aliquando
2545 4147 2893 4203 correctione
2928 4160 3034 4198 non
3063 4151 3238 4214 egeat.
3269 4141 3568 4211 PrOpterea
3586 4139 3635 4196 si

2063 4245 2195 4316 quid
2228 4245 2282 4300 in
2314 4244 2416 4298 hac
2452 4241 2696 4297 normula
2729 4238 3045 4309 apostolica:
3089 4237 3213 4289 vitae
3242 4244 3298 4288 et
3337 4234 3634 4303 religionis.

2064 4336 2491 4404 dispensatione,
2520 4331 2886 4393 correctione,
2919 4328 3005 4382 vel
3050 4326 3434 4381 immutatione
3497 4323 3640 4379 indi-

2067 4439 2178 4499 get,
2210 4429 2470 4499 episcopo
2495 4434 2703 4488 vestro,
2734 4430 2829 4477 aut
2861 4420 3157 4490 praeposito
3190 4429 3376 4473 vestro
3413 4416 3640 4487 presby-

381 4522 726 4576 matulam!“
753 4521 978 4592 sallilali
1005 4535 1270 4588 congrua.
1307 4517 1456 4572 omni
1491 4517 1684 4570 domlls
1711 4515 1958 4569 necessi-
1989 4549 2040 4610 υ
2068 4531 2187 4575 tero
2229 4529 2419 4574 sancto
2463 4517 2768 4582 committo,
2803 4523 2859 4568 ut
2878 4511 3182 4568 secundum
3241 4508 3638 4578 plenitudinem

384 4623 496 4667 tate
537 4611 862 4680 postposita,
895 4610 1125 4677 benigne
1183 4609 1332 4661 fiant.
1383 4606 1440 4660 Si
1476 4622 1603 4662 vero
1641 4609 1834 4659 tlesuut
1868 4619 1962 4658 ne-

383 4707 622 4760 cessaria
656 4721 672 4758 :
705 4706 1009 4759 vendantur
1039 4717 1159 4771 qua:
1193 4700 1513 4754 monasterii
1546 4709 1695 4763 sunt,
1729 4713 1796 4750 ne
1826 4706 1965 4752 tem-

384 4797 576 4865 porale
605 4795 827 4864 aliquod
870 4793 1374 4848 misericordiarmu
1408 4791 1666 4858 impediat
1692 4804 1879 4858 opera.

457 4884 619 4940 Nulla
657 4889 740 4940 lex
775 4899 938 4948 εδοξε,
975 4885 1058 4940 rel
1118 4893 1279 4954 potus
1313 4892 1406 4936 aut
1461 4892 1666 4934 stratus
1697 4883 1964 4949 astringat

387 4979 662 5032 inﬁrmam
705 4975 788 5030 vel
835 4976 1095 5030 debilem.
1145 4974 1350 5026 Tamen
1387 4971 1621 5026 sollicite
1661 4973 1963 5024 cavendum

386 5081 474 5126 est
507 5085 576 5126 ne
613 5070 882 5140 ingluvies
908 5067 1214 5138 gulositatis
1243 5067 1346 5120 sob
1373 5064 1709 5118 inlirmitatis
1735 5063 1963 5116 velami-

352 5163 482 5226 ‘ue,
513 5180 612 5218 sua
681 5161 972 5217 commoda
1016 5170 1247 5230 quierat,
1277 5167 1334 5213 et
1396 5174 1465 5212 ne
1529 5157 1816 5210 inﬁrmitas
1865 5157 1966 5209 sub

387 5256 573 5323 specie
599 5254 933 5318 sanctitatis,
971 5267 1171 5321 corpus
1224 5250 1575 5305 abstinentiis
1610 5257 1860 5302 conterat
1888 5247 1968 5300 ul-

389 5357 478 5400 tra
509 5348 673 5412 vires,
707 5361 775 5400 ne
795 5359 997 5413 corpus
1022 5343 1223 5413 duplici
1262 5342 1495 5396 fractum
1545 5341 1790 5407 stimulo,
1820 5339 1966 5409 apud

387 5441 594 5508 justum
623 5439 862 5510 judicem
897 5435 1182 5503 deﬁciens,
1219 5435 1438 5506 impium
1485 5434 1813 5490 criminetur
1850 5447 1966 5488 co:-

2067 4613 2302 4680 Spiritus
2363 4611 2540 4665 sant-ti
2589 4609 2887 4696 dispenset,
2925 4615 3096 4659 mutet
3149 4611 3202 4657 et
3231 4602 3494 4681 corrigat.
3547 4597 3639 4654 Sic

2076 4707 2277 4774 itaque,
2321 4703 2660 4757 charissima:
2705 4689 2851 4762 ﬁliai,
2897 4705 3114 4752 sanctos
3169 4695 3334 4750 vivite
3379 4693 3516 4748 dies.
3550 4689 3641 4746 Sic

2065 4797 2282 4852 Christo
2333 4792 2557 4862 nuptiali
2617 4790 2824 4845 findere
2873 4787 3164 4857 cepulatze,
3200 4793 3259 4841 ut
3311 4800 3418 4839 non
3470 4798 3640 4838 vacua

2068 4889 2320 4956 lampade
2363 4895 2583 4954 paratas
2634 4897 2732 4937 vos
2762 4897 2980 4950 semper
3023 4872 3199 4933 media
3232 4876 3287 4931 in
3321 4884 3479 4929 nocte
3515 4888 3640 4929 cum

2068 4981 2283 5036 venerit
2308 4991 2542 5048 sponsus
2579 4984 2872 5028 vacaturus
2902 4972 2965 5026 ad
2995 4971 3208 5040 nuptias
3237 4966 3503 5029 inveniat,
3534 4979 3637 5019 ne-

2070 5083 2340 5141 quaquam
2384 5067 2534 5122 vobis
2574 5081 2670 5136 per
2704 5065 2978 5120 exteriora
3023 5058 3392 5132 qtttereutibus
3437 5053 3638 5120 oleum,

2075 5176 2138 5213 ne
2168 5169 2428 5226 tanquam
2488 5155 2652 5210 fatuis
2699 5169 2767 5209 ex
2819 5153 3096 5214 tarditate,
3137 5147 3362 5202 thalami
3414 5151 3643 5215 negetur

2074 5251 2356 5306 introitus.
2424 5247 2775 5303 Senectutem
2834 5243 3002 5298 vt-stri
3075 5240 3257 5296 devoti
3333 5233 3645 5307 Hieronymi

2077 5342 2280 5397 sanctis
2305 5340 2500 5396 vestris
2520 5338 2706 5409 juvate
2729 5333 3097 5392 orationibus.
