3956 6196
280 277 386 340 4189

1214 277 1277 338 S.
1318 276 1764 340 HIERONYMI
1798 275 2123 339 OPERUM
2163 274 2574 351 MANTISSA,

3413 266 3513 330 ιιο

265 439 3514 482 W

884 618 1472 697 ADMONITIO
1548 619 1677 695 DE
1745 613 2260 711 SEQUENTI
2338 613 2919 694 OPUSCULO.

352 929 563 984 Primus
588 928 939 997 supposititiis
975 926 1290 997 Hieronymi
1320 928 1535 997 scriptis
1570 925 1812 983 Canones
1839 927 1990 997 istos
2012 925 2405 980 Paznitentiales
2442 921 2791 997 Martiantsus
2813 923 3065 997 adjunxit
3114 942 3180 981 ex
3213 943 3311 984 ms.
3346 928 3524 985 codice

278 1002 339 1055 S.
376 1000 596 1053 Andrete
627 994 790 1064 prope
821 994 1281 1065 Avenionem,'qui
1307 994 1501 1057 annos.
1535 1009 1594 1051 ut
1626 998 1735 1063 ipse
1767 997 1860 1054 ait.
1892 995 2000 1050 400
2028 997 2206 1065 refert.
2233 994 2486 1062 Excerpti
2510 1004 2688 1065 autem
2718 1004 2860 1053 sunt.
2887 996 3028 1062 quod
3048 1012 3196 1051 nemo
3219 1000 3398 1052 statim
3418 1016 3521 1054 non

274 1074 485 1126 sentiet.
524 1085 588 1123 ex
620 1061 780 1121 uariis
811 1083 1082 1120 canonum
1114 1061 1575 1134 compilationibus
1605 1082 1623 1121 :
1648 1061 2361 1136 conveniuntqueinterdum
2393 1061 2533 1114 κατὰ
2554 1062 2702 1120 λέξιν
2725 1081 2840 1117 cum
2874 1061 2941 1136 iis
2967 1067 3212 1133 decretis,
3249 1084 3367 1136 quc
3385 1069 3522 1134 [also

276 1136 433 1192 etiam
470 1138 803 1208 Eutychiano
830 1154 980 1206 papa:
1021 1138 1380 1199 ascribuntur,
1408 1149 1520 1189 tum
1544 1138 1624 1190 his
1650 1151 1768 1208 qum
1803 1136 1925 1189 aliis
1975 1134 2455 1197 Pwnitentialibus,
2488 1147 2617 1201 quos
2668 1134 3057 1208 vocant,_iib_r_is
3092 1134 3350 1206 complexi
3379 1149 3521 1191 sunt.

278 1208 402 1286 ιγοη
426 1202 605 1286 ρεηΙᾲ
625 1202 853 1286 oper-ain
892 1202 1108 1286 qni/ws
1138 1222 1451 1286 comparare
1473 1202 1751 1286 camilla,
1778 1221 2003 1286 quorum
2034 1214 2365 1286 sanetngens
2388 1212 2463 1255 est
2496 1218 2766 1267 numerus,
2793 1202 2936 1285 velit.
2959 1202 3306 1286 Martiqnieus
3333 1209 3521 1276 inquit,

272 1274 519 1333 (Iunones
548 1280 635 1332 isti
662 1277 841 1331 multis
894 1274 1133 1345 indigent
1172 1276 1716 1329 animaduersionibus
1753 1286 1798 1327 et
1834 1275 2270 1343 castigationibus
2296 1291 2310 1326 :
2332 1274 2437 1345 ﬁlios
2470 1287 2611 1345 vero,
2635 1282 2788 1340 prout
2821 1275 2872 1325 in
2906 1291 3005 1327 ms.
3040 1277 3219 1345 codice
3243 1274 3521 1345 inveniun-

280 1361 386 1411 tur,
414 1347 785 1413 descripsimus
816 1349 909 1398 hoc
937 1342 1074 1411 loco,
1109 1346 1383 1409 castigatis
1403 1345 1732 1397 solummodo
1766 1342 2105 1410 exscriptoris
2135 1342 2644 1413 antiquirerroribns
2674 1359 2776 1395 non
2811 1346 3013 1410 paucis.
3048 1343 3231 1412 Neque
3276 1362 3391 1399 vero
3416 1343 3524 1400 Ca-

266 1435 439 1472 nones
462 1420 514 1471 id
538 1412 698 1487 genus
728 1427 850 1469 sunt
887 1418 1024 1469 tanti
1076 1416 1345 1480 momenti,
1377 1424 1434 1467 ut
1468 1414 1771 1484 diligentius
1800 1430 1832 1465 a
1862 1414 2017 1468 nobis
2055 1412 2379 1481 expendendi
2412 1427 2472 1465 ac
2504 1413 2640 1466 notis
2670 1413 2977 1467 illustrandi
3004 1415 3152 1485 digni
3196 1416 3514 1472 habeantur.

1074 1724 1613 1816 CANONES
1685 1723 2725 1813 PENITENTIALES.

352 1926 425 1979 De
455 1925 656 1978 ebrioso
688 1926 932 1992 episcopo
963 1922 1095 1976 etde
1127 1920 1430 1990 presbytero
1455 1929 1501 1973 et
1532 1920 1778 2003 diacono.
1880 1924 1923 1980 Α
1957 1917 2190 1973 alterum
2233 1921 2382 1985 odio,
2443 1920 2486 1973 si
2524 1935 2628 1976 non
2667 1922 2802 1977 .vult
2859 1939 3011 1979 arma
3069 1925 3396 1996 relinquere,
3451 1940 3526 1981 vn

354 2015 409 2069 Si
452 2016 573 2083 quis
604 2016 919 2084 cpiscopus,
941 2023 1032 2066 aut
1060 2012 1255 2081 aliquis
1291 2011 1602 2074 ordinatus,
1637 2011 1687 2062 in
1719 2025 1849 2063 con-

282 2107 781 2164 suetudinevitinm
840 2104 1089 2158 habuerit
1124 2103 1409 2157 ebrietatis
1448 2120 1460 2156 :
1496 2112 1589 2155 aut
1617 2103 1849 2169 desinat,

283 2212 374 2253 :inl
400 2203 719 2269 «inponatur.
755 2198 811 2252 Si
870 2196 1163 2250 monachus
1197 2210 1289 2263 per
1334 2195 1654 2249 ebrietatem
1715 2194 1846 2248 facit

284 2293 497 2364 ιὸιῳιι.
556 2288 867 2360 vomitum],
899 2305 969 2343 xx
1006 2288 1123 2341 dies
1155 2287 1436 2356 pcrniteat.
1472 2286 1527 2340 Si
1566 2287 1851 2357 presbyter

283 2403 311 2437 ει
338 2394 373 2434 ιι
407 2385 668 2437 diaconus
701 2397 793 2447 per
815 2381 1130 2433 ebrietatem
1171 2364 1427 2431 vomitum
1460 2379 1489 2431 fa
1513 2382 1606 2438 cit,
1644 2395 1706 2431 ιι,
1739 2380 1853 2431 dies

284 2477 572 2544 pu‘nileat,
607 2474 884 2527 abstinens
920 2488 1011 2525 scx
1040 2473 1155 2524 dies
1196 2473 1477 2538 pwnileal.
1514 2470 1567 2523 Si
1606 2485 1734 2523 vero
1758 2487 1852 2538 pro

285 2568 621 2627 infirmitate,
659 2575 750 2617 aut
785 2566 910 2634 quia
946 2566 1104 2631 longo
1137 2574 1382 2633 tempore
1415 2580 1471 2617 se
1501 2564 1850 2629 abstinuerit,

282 2672 333 2712 et
369 2660 425 2713 in
459 2657 853 2711 consuetudine
907 2671 1015 2709 non
1046 2656 1148 2707 erit
1176 2656 1221 2707 ei
1262 2656 1486 2709 multum
1522 2654 1732 2715 bibere,
1770 2658 1849 2709 vel

286 2771 316 2803 u
343 2752 635 2813 auducare,
669 2760 766 2803 aut
797 2765 904 2818 pra:
936 2750 1132 2819 gaudio
1167 2750 1217 2803 in
1251 2746 1438 2803 Natale
1487 2747 1723 2814 Domini,
1760 2758 1855 2802 aut

286 2846 337 2896 in
371 2842 599 2907 Pascha,
630 2852 720 2895 aut
754 2858 851 2910 pro
883 2842 1117 2911 alienius
1155 2852 1469 2895 sanctorum
1519 2855 1849 2893 commento-

288 2940 520 2999 ratione,
551 2943 600 2987 et
631 2943 760 2986 tunc
794 2933 913 3003 plus
956 2947 1059 2985 non
1100 2932 1309 3001 accepit
1370 2946 1529 2999 quant
1573 2929 1853 2984 decretum

285 3039 366 3078 est
391 3042 418 3079 a
453 3025 781 3090 Senioribus,
826 3034 1008 3079 nocet.
1048 3024 1104 3078 Si
1154 3023 1711 3094 episeopusjnsst‘rit,
1747 3038 1853 3075 non

285 3128 444 3173 navet
476 3115 575 3182 illi,
612 3116 712 3169 nisi
739 3116 853 3181 ipse
884 3116 1134 3169 similiter
1166 3116 1348 3169 iaciat.
1379 3113 1434 3167 Si
1470 3112 1639 3167 laicus
1683 3112 1856 3166 ﬁdelis

288 3225 385 3278 per
435 3208 748 3261 ebrietatem
785 3208 1044 3263 vomitum
1107 3205 1257 3271 facit,
1312 3222 1377 3259 xv
1417 3204 1534 3259 dies
1567 3204 1854 3273 ptenitcat.

287 3303 387 3365 Qui
427 3316 555 3353 vero
614 3299 917 3355 inebriatus
968 3308 1154 3353 contra
1221 3298 1430 3351 Domini
1484 3298 1854 3361 interdictum,

289 3396 334 3445 si
369 3393 628 3446 vomitum
662 3390 933 3445 satietatis
964 3389 1238 3453 habuerit,
1276 3405 1327 3443 vr
1353 3389 1471 3443 dies
1511 3389 1777 3454 pwniteat
1802 3387 1854 3440 in

290 3499 451 3551 aqua,
482 3482 561 3537 vel
609 3497 673 3535 xx
706 3481 825 3535 dies
877 3482 996 3535 sine
1029 3480 1377 3550 pinguedine.
1441 3477 1496 3532 Si
1537 3477 1708 3531 laicus
1739 3475 1858 3530 sine

290 3578 419 3629 \iuo
456 3590 549 3644 per
583 3573 879 3641 nequitiam
914 3571 1149 3626 inebriat
1207 3571 1399 3633 alium,
1441 3584 1506 3622 ιι.
1531 3568 1650 3623 dies
1685 3568 1859 3636 ραιιιί-

291 3677 425 3721 teat.
449 3666 549 3732 Qui
584 3682 679 3736 per
707 3665 1017 3720 satietatem
1062 3664 1324 3717 vomitum
1351 3664 1514 3717 facit:
1555 3663 1632 3715 in.
1668 3661 1855 3729 posuit.

288 3763 428 3813 sicut
460 3758 747 3822 sacriﬁcio,
786 3772 856 3810 vn
882 3757 1015 3812 dies.
1062 3756 1119 3811 Si
1159 3756 1496 3809 infirmitatis
1527 3769 1712 3817 causa,
1743 3754 1861 3807 sine

287 3850 454 3907 enisa
485 3863 587 3906 est.
642 3850 698 3905 Si
744 3851 866 3920 qnis
898 3849 1256 3904 homicidium
1296 3847 1488 3902 feCt'l‘il
1539 3845 1854 3915 cpiscopus,

258 3944 358 3999 ἄν
394 3944 554 3999 annis
603 3943 867 4012 pmniteat
895 3952 949 3994 ct
988 3942 1319 4009 deponatur,
1355 3949 1407 3993 et
1431 3938 1643 3994 eunetis
1671 3936 1862 3990 diebus

286 4034 413 4093 vitae
441 4053 571 4104 snzr,
611 4035 1004 4105 peregrinando
1036 4035 1185 4087 tiniat
1214 4033 1382 4085 vitam
1400 4045 1596 4085 suam.
1630 4028 1862 4095 Presby-

289 4124 377 4183 ter
416 4144 485 4182 xu
520 4129 677 4181 annis
709 4126 995 4195 pceniteat,
1032 4140 1087 4177 Ill
1121 4138 1185 4177 ex
1228 4123 1314 4177 his
1368 4123 1419 4175 in
1453 4136 1589 4190 pane
1619 4131 1671 4173 ct
1720 4133 1861 4186 aqua

296 4220 558 4289 pwniteat
619 4226 671 4270 et
707 4215 1031 4285 deponatur.
1067 4213 1335 4268 Diaconns
1363 4228 1415 4274 ιι,
1456 4229 1513 4266 ιιι
1552 4226 1614 4263 ex
1676 4211 1760 4263 his
1811 4211 1864 4262 in

290 4296 431 4383 pane
460 4321 514 4365 et
548 4325 709 4379 aqua.
747 4308 994 4364 Clericus
1029 4307 1108 4361 vel
1140 4308 1313 4361 laicus
1338 4322 1410 4361 vn
1440 4306 1600 4359 annis
1644 4305 1694 4357 in
1728 4318 1865 4373 pane

290 4416 346 4459 ‘ct
385 4420 547 4473 aqua,
576 4412 629 4457 et
655 4402 721 4456 ad
760 4401 1023 4454 honorem
1075 4398 1364 4455 sacerdotii
1417 4399 1707 4451 asrendcre
1760 4413 1864 4450 non

296 4503 615 4571 prtesnmat.
686 4492 742 4547 Si
772 4508 901 4547 vero
940 4492 1080 4547 bene
1128 4493 1295 4561 egerit
1334 4487 1734 4560 pmnitentiam,
1784 4505 1867 4542 rc-

1954 2012 2110 2064 annis
2164 2013 2423 2079 pmniteat
2484 2013 2603 2068 sine
2639 2030 2807 2069 carne
2861 2025 2917 2071 et
2946 2016 3093 2071 vino.
3130 2018 3184 2071 Si
3248 2019 3368 2085 quis
3401 2033 3525 2073 cum

1954 2119 2079 2171 rege
2115 2103 2168 2156 in
2207 2104 2394 2172 pra'liu
2445 2104 2717 2160 hominem
2777 2107 3061 2172 occiderit,
3099 2125 3164 2163 st.
3194 2109 3310 2163 dies
3338 2110 3526 2177 paeni-

1956 2201 2066 2247 teat
2121 2194 2178 2247 Si
2210 2204 2383 2248 mater
2415 2194 2583 2248 lilinm
2615 2211 2771 2250 suum
2836 2197 3123 2265 occiderit,
3155 2214 3221 2252 xv
3256 2199 3430 2261 annis,
3472 2209 3528 2252 et

1954 2302 2235 2357 nunquam
2265 2289 2438 2342 mittet
2490 2288 2591 2343 nisi
2631 2290 2717 2344 die
2769 2289 3071 2346 Dominica.
3108 2292 3163 2345 Si
3198 2292 3524 2362 paupercula

1955 2381 2219 2433 occiderit
2247 2381 2416 2434 lilium
2452 2396 2635 2447 suum,
2672 2398 2745 2437 vu
2782 2383 2938 2437 annis
2978 2385 3264 2453 poeniteat.
3316 2382 3371 2438 Si
3401 2386 3527 2454 quis

1955 2473 2188 2542 aliquem
2227 2490 2321 2544 per
2348 2476 2482 2527 itam
2512 2475 2862 2542 percusserit,
2897 2488 2950 2530 et
2994 2475 3316 2545 sanguinem
3376 2474 3529 2530 inde-

1957 2565 2046 2626 rit,
2081 2574 2171 2616 aut
2203 2564 2590 2629 debilitaverit,
2622 2564 2797 2620 solvat
2826 2566 2874 2618 ei
2900 2580 3089 2635 Opera,
3141 2578 3195 2620 et
3255 2567 3525 2621 medicum

1954 2664 2183 2726 quaerat.
2248 2657 2309 2710 Et
2344 2657 2385 2710 si
2423 2658 2594 2711 laicus
2622 2666 2727 2720 est,
2759 2673 2824 2711 st.
2860 2658 2975 2711 dies
3003 2658 3263 2725 paeniteat
3289 2660 3340 2712 in
3388 2674 3527 2728 pane

1955 2761 2009 2804 et
2045 2765 2206 2817 aqua.
2245 2748 2301 2804 Si
2335 2750 2590 2815 clericus,
2625 2752 2759 2805 duas
2812 2751 3285 2822 quadragesimas.
3324 2752 3379 2806 Si
3410 2751 3529 2805 dia-

1956 2858 2149 2908 conus,
2178 2858 2250 2896 vn
2287 2858 2523 2898 menses.
2569 2841 2625 2898 Si
2660 2844 2966 2915 presbyter,
3001 2859 3169 2898 unum
3206 2859 3405 2897 annum
3441 2842 3527 2895 in-

1960 2945 2190 3004 tegrum.
2223 2932 2445 2988 Parvuli
2497 2949 2555 2990 se
2582 2936 2816 2989 invicem
2866 2937 3259 3005 percntientes,
3297 2950 3367 2989 ιιι
3414 2934 3529 2989 dies

1957 3027 2282 3097 pmniteaut.
2317 3024 2373 3079 Si
2406 3042 2534 3081 vero
2584 3026 2985 3091 adolescentes,
3019 3042 3086 3080 ιι.
3118 3027 3253 3081 dies.
3292 3026 3350 3080 Si
3406 3026 3528 3093 quis

1960 3119 2219 3172 infantem
2275 3133 2433 3173 suum
2496 3118 2852 3186 oppresserit,
2906 3131 2967 3173 ιιι
3028 3116 3189 3171 annis
3245 3115 3529 3185 poeniteat,

1958 3221 2124 3260 unum
2159 3222 2224 3260 ex
2259 3207 2343 3261 his
2396 3207 2450 3261 in
2488 3222 2629 3277 pane
2690 3217 2746 3262 et
2780 3223 2946 3278 aqua,
2990 3217 3045 3263 et
3077 3209 3350 3263 abstineat
3400 3222 3459 3261 se
3491 3221 3523 3260 a

1960 3297 2177 3352 luxuria
2229 3306 2474 3368 tempore
2521 3299 2883 3368 pcenitenlire.
2948 3298 3007 3354 Si
3053 3300 3177 3369 quis
3207 3307 3529 3368 conceptum

1960 3390 2203 3446 mulieris
2226 3391 2521 3460 deceperit,
2558 3391 2716 3447 annis
2740 3392 2999 3461 paeniteat
3026 3407 3087 3455 ιι.
3118 3407 3287 3445 ιιιιυιη
3308 3391 3360 3444 in
3393 3405 3534 3459 pane

1959 3494 2013 3537 et
2048 3499 2209 3551 aqua.
2255 3483 2310 3539 Si
2338 3499 2439 3553 qua
2473 3483 2665 3537 mulier
2695 3485 2946 3538 abortum
2979 3483 3287 3539 voluntarie
3311 3482 3527 3547 iecerit,

1961 3589 2024 3628 ιιι
2063 3588 2236 3627 annos
2294 3573 2572 3640 pwltilt‘at.
2610 3570 2665 3626 Si
2708 3571 2921 3637 uolens,
2955 3587 3015 3627 tu
3063 3573 3528 3642 quadragesimus.

1961 3663 2218 3717 Mulieres
2248 3677 2371 3731 qua:
2425 3661 2782 3728 fornicamur,
2820 3673 2875 3717 et
2909 3674 3099 3729 partus
3151 3678 3279 3718 suos
3313 3671 3531 3725 necant,

1962 3767 2014 3811 et
2055 3757 2155 3809 illm
2178 3772 2296 3824 quin
2327 3766 2515 3826 agunt,
2571 3765 2629 3809 ut
2660 3765 2952 3820 conceptos
2986 3757 3285 3819 excutiant,
3326 3754 3537 3825 antiqui

1962 3850 2365 3904 constituerunt
2391 3863 2560 3918 usque
2587 3850 2653 3903 ad
2677 3850 2884 3905 exitum
2909 3849 3033 3904 vitae
3054 3865 3071 3916 ;
3093 3864 3236 3903 nunc
3267 3863 3395 3903 vero
3426 3849 3534 3903 hu-

1965 3942 2184 3996 manias
2239 3940 2520 3995 deﬁnitum
2576 3951 2706 4005 est,
2764 3949 2823 3995 ut
2894 3956 2930 3995 ι
2992 3941 3151 3995 annis
3206 3941 3532 4010 pteniteant.

1970 4036 2160 4091 Mulier
2198 4050 2317 4103 qua:
2343 4034 2600 4103 concipit,
2625 4030 2679 4089 et
2703 4034 2908 4091 occidit
2927 4034 3093 4087 tilium
3122 4049 3281 4089 suum
3308 4034 3360 4088 in
3384 4041 3541 4087 utero

1968 4137 2093 4180 ante
2125 4141 2190 4180 χι.
2213 4126 2348 4190 dies,
2391 4140 2555 4179 unum
2593 4140 2795 4179 annum
2828 4124 3105 4192 paeniteat.
3158 4122 3213 4178 Si
3240 4134 3360 4191 post
3405 4138 3540 4193 qna-

1968 4218 2219 4288 draginta
2256 4219 2475 4283 dies,-ut
2516 4217 2873 4272 homicidium
2908 4217 3071 4272 debet
3101 4217 3387 4286 pmnitere.
3443 4215 3542 4269 Pa-

1969 4321 2052 4367 ter
2091 4319 2183 4364 aut
2214 4320 2391 4365 mater
2443 4310 2535 4380 qui
2591 4318 2748 4363 necat
2789 4309 2958 4363 tilium
2996 4324 3155 4364 suum
3185 4315 3314 4364 ante
3371 4310 3545 4378 bapti-

1971 4419 2171 4465 smum,
2206 4418 2256 4457 ιι
2286 4416 2460 4457 attuos
2489 4402 2772 4471 pmniteat.
2805 4402 2900 4457 sed
2925 4416 3048 4456 cum
3092 4402 3347 4457 consilio.
3376 4402 3545 4471 Cujus

1972 4497 2180 4568 parvuli
2213 4510 2307 4565 per
2335 4494 2717 4562 negligentiam
2751 4484 2871 4548 sine
2904 4494 3177 4561 baptismo
3210 4495 3543 4561 moriuntur,

290 4580 639 4641 concilietur.
678 4586 811 4640 item
852 4585 895 4639 si
931 4585 1054 4655 quis
1087 4585 1152 4638 ad
1180 4584 1529 4638 homicidam
1559 4581 1864 4636 iaciendum
1897 4587 1939 4644 ο
1978 4590 2033 4645 in
2072 4604 2208 4656 pane
2236 4598 2288 4641 ei
2316 4602 2453 4656 aqua
2491 4601 2549 4639 ιη
2586 4586 2763 4640 annis.
2797 4586 3005 4652 Infans,
3045 4586 3320 4651 inﬁrmus,
3363 4596 3420 4640 ει
3453 4601 3548 4647 pa-

295 4678 660 4750 consrnsptit,
692 4687 745 4731 et
790 4677 989 4731 factum
1044 4676 1230 4740 fuerit,
1265 4691 1333 4730 vn
1391 4674 1548 4729 annis
1581 4674 1864 4743 pmiiiteat,

295 4782 404 4825 tres
429 4786 492 4825 ex
521 4770 600 4825 eis
654 4774 703 4824 in
736 4786 875 4841 pane
898 4781 951 4825 et
984 4785 1142 4841 aqua.
1176 4770 1231 4823 Si
1285 4778 1463 4822 autem
1500 4768 1753 4831 voluerit,
1814 4776 1870 4820 et

297 4883 401 4918 non
464 4865 726 4935 potuerit,
773 4864 1026 4918 mannis
1069 4866 1351 4934 poeniteat.
1416 4863 1473 4919 Si
1505 4864 1625 4932 quis
1679 4861 1868 4916 nolens

300 4958 649 5012 homicidium
684 4957 909 5022 fecerit,
940 4972 970 5009 v
1007 4957 1167 5011 annis
1205 4958 1487 5025 pmniteat,
1525 4971 1585 5010 tu
1613 4970 1675 5008 ex
1712 4953 1865 5008 hisin

296 5068 435 5120 pane
460 5063 694 5120 ctaqua.
738 5050 795 5104 Si
826 5050 949 5119 quis
982 5050 1248 5105 occiderit
1278 5050 1596 5120 episeOpum
1629 5049 1710 5101 vel
1742 5062 1868 5115 pre-

296 5146 603 5211 sbyterum,
625 5142 736 5212 regi
770 5142 1156 5197 dimittendum
1190 5152 1274 5198 est
1300 5142 1570 5210 judicare.
1604 5138 1866 5205 Quiocci~

300 5235 381 5286 dit
414 5233 739 5288 monachum
771 5234 855 5289 vel
881 5234 1163 5299 clericum,
1189 5235 1453 5304 judicium
1492 5233 1733 5302 episcopi
1761 5241 1866 5286 est.

297 5332 463 5382 Arma
494 5328 762 5396 relinquat
795 5337 851 5381 et
884 5325 997 5381 Deo
1036 5328 1262 5391 serviat,
1293 5327 1375 5381 vel
1412 5343 1485 5381 xu
1512 5326 1673 5380 anuis
1699 5323 1873 5394 paeni-

302 5431 429 5474 teat.
466 5421 522 5472 Si
556 5422 680 5488 quis
711 5420 977 5475 occiderit
1006 5421 1283 5475 hominem
1319 5435 1416 5487 per
1442 5421 1598 5483 iram,
1630 5435 1659 5472 ιι
1704 5432 1876 5472 annos

300 5513 580 5580 paeniteat.
612 5510 715 5577 Qui
775 5528 901 5568 vero
938 5523 1159 5581 propter
1220 5512 1515 5566 vindictam
1578 5513 1746 5580 patris
1792 5510 1875 5564 vel

306 5601 515 5659 fratris.
545 5616 605 5654 tu
633 5604 792 5655 annis
832 5605 1120 5672 paeniteat.
1155 5603 1211 5660 Si
1249 5606 1620 5671 composuerit
1676 5620 1873 5673 paren-

308 5691 482 5753 tibus,
530 5691 813 5745 dimidium
873 5695 1051 5763 spatii.
1113 5695 1168 5749 Si
1231 5696 1356 5767 quis
1401 5696 1569 5750 laicus
1616 5697 1877 5751 occiderit

1974 4695 2147 4750 ganns
2201 4677 2614 4734 conunentlatns
2674 4677 2999 4749 presbytero
3051 4677 3095 4732 si
3143 4678 3376 4732 moritur
3427 4679 3547 4733 sine

1975 4772 2264 4839 baptismo,
2300 4770 2586 4840 presbyter
2636 4769 2962 4839 deponatur.
3005 4770 3073 4825 Et
3108 4772 3155 4824 si
3211 4769 3542 4840 negligentia

1972 4873 2259 4935 parentum
2322 4862 2501 4920 inierit.
2532 4878 2546 4915 ι
2584 4878 2726 4918 anno
2788 4863 3069 4931 pmniteat.
3103 4861 3160 4916 Si
3216 4863 3341 4933 quis
3366 4863 3544 4933 quod-

1974 4957 2109 5012 libet
2172 4955 2475 5009 mcmbrnm
2506 4955 2607 5010 sibi
2642 4954 2951 5010 voluntarie
2974 4954 3232 5017 abscidit.
3272 4971 3333 5010 ιιι
3368 4956 3549 5026 pmni-

1979 5059 2113 5111 teat,
2145 5065 2159 5104 I
2193 5051 2245 5102 in
2278 5063 2415 5118 pane
2448 5057 2500 5102 et
2556 5061 2718 5115 aqua.
2761 5045 3031 5109 Euanthi,
3060 5048 3104 5102 si
3138 5047 3208 5101 ab
3237 5047 3361 5101 aliis
3407 5048 3549 5101 facta

1978 5144 2204 5205 fuerint,
2240 5150 2667 5208 promoveantur
2698 5138 2750 5192 in
2787 5139 2935 5194 clero
2964 5156 2977 5193 :
3009 5140 3053 5193 si
3081 5149 3230 5194 certe
3282 5154 3342 5194 se
3364 5139 3549 5194 absci-

1980 5236 2183 5296 derint,
2221 5235 2532 5287 nullatenus
2580 5242 3025 5303 promoveantur.
3076 5231 3141 5286 Et
3173 5234 3219 5288 si
3267 5235 3554 5307 presbyter

1981 5328 2297 5389 absciderit,
2322 5329 2641 5395 deponatur.
2680 5323 2736 5378 Si
2764 5326 2892 5394 quis
2916 5324 3172 5379 ducatum
3202 5328 3408 5395 praibet
3431 5328 3556 5381 bar-

1983 5421 2152 5483 baris,
2193 5434 2281 5472 xw
2305 5419 2464 5473 annis
2497 5418 2780 5487 paeniteat.
2826 5419 2881 5471 Si
2928 5428 3103 5473 tamen
3143 5432 3250 5472 non
3291 5420 3555 5476 acciderit

1984 5523 2195 5580 strages
2242 5510 2680 5565 Christianorum
2714 5529 2727 5564 :
2756 5511 2838 5563 sin
2866 5519 3068 5573 autem,
3101 5510 3310 5567 relictis
3337 5513 3553 5577 armis,

1985 5622 2155 5675 usque
2182 5604 2249 5657 ad
2313 5614 2541 5657 mortem
2600 5603 2801 5655 nmndo
2830 5611 3080 5657 mortuus
3139 5601 3247 5657 Deo
3279 5603 3448 5657 vivat.
3495 5603 3551 5659 Si

1988 5697 2107 5767 quis
2135 5692 2483 5749 fornicaverit
2518 5692 2657 5747 sicut
2686 5689 2978 5749 Sodomitas
3033 5693 3306 5761 iecerunt,
3335 5696 3551 5767 episco-
