3934 6188
691 266 771 279 .,,,-

263 318 348 386 lii

1335 332 1686 397 CANONES
1745 335 2410 403 PCENITENTIALES.

3391 351 3506 416 442

264 449 365 526 pus
415 445 482 485 xv
535 432 696 526 annis
731 435 1013 506 pmniteat,
1039 453 1071 492 ν
1102 453 1166 494 ex
1197 441 1284 498 his
1309 444 1362 498 in
1395 460 1536 516 pane
1565 456 1623 501 et
1658 461 1820 517 aqua,
1854 457 1899 511 Α
1927 446 2301 515 l‘ornicaverit,
2329 449 2620 520 episcopus
2655 449 2717 506 iu
2745 453 2904 509 annis
2931 456 3214 526 paeniteat,
3249 475 3269 516 t
3301 477 3365 517 ex
3416 465 3499 520 Ιιίς

257 525 389 578 etab
411 525 556 578 omni
602 525 780 581 oﬂicio
832 531 1131 598 deponatur
1173 550 1188 586 :
1221 537 1622 606 peregrinando
1665 540 1816 592 liuiat

258 617 362 672 dies
395 617 517 672 vitae
563 633 696 672 suae.
731 617 788 674 Si
843 633 1026 678 autem
1059 639 1221 681 senex
1280 626 1464 696 fuerit,
1519 639 1612 684 aut
1651 646 1814 700 aeger,

257 709 585 774 carceribus,
646 711 887 767 tenebris
929 714 1180 772 reclusus
1237 721 1501 787 poeniteat
1562 725 1815 776 omnibus

256 798 429 854 diebus
463 803 584 855 vita
621 816 754 856 suae.
793 801 1084 876 Presbyter
1118 822 1194 864 xu
1235 824 1410 864 annos
1446 813 1726 880 paeniteat,
1774 828 1810 866 ιι

255 906 311 946 ex
337 892 422 948 bis
486 892 538 946 in
592 909 733 964 pane
789 906 844 950 et
881 912 1041 966 aqua,
1069 907 1121 953 et
1151 901 1477 971 deponatur.
1546 903 1811 959 Diaconus

253 997 297 1040 et
327 987 632 1042 monachus
664 1003 734 1042 ru
771 1003 945 1045 annos
973 975 1257 1060 poeniteat,
1290 1011 1328 1048 ιι
1360 1010 1423 1048 ex
1465 994 1548 1048 his
1589 997 1638 1048 in
1671 1011 1810 1063 pane

251 1089 297 1134 et
326 1093 489 1149 aqua,
521 1089 576 1135 et
603 1080 923 1150 deponatur.
983 1083 1386 1152 Peregrinando
1418 1085 1610 1141 finiant
1641 1086 1808 1140 vitam

252 1186 416 1222 suam.
456 1169 706 1226 Clericus
765 1181 818 1226 et
874 1172 1046 1227 laicus
1079 1191 1106 1227 ιι
1143 1176 1300 1230 annis
1345 1177 1708 1245 poeniteant,1
1745 1193 1808 1231 ex

251 1259 323 1313 his
374 1259 434 1314 in
491 1275 631 1330 pane
661 1271 715 1317 et
762 1279 924 1333 aqua.
981 1263 1042 1318 lli
1079 1281 1240 1334 supra
1293 1269 1482 1337 scripti
1535 1283 1807 1336 nunquam

250 1363 356 1400 tum
379 1349 512 1404 aliis
551 1350 848 1419 dormiant,
883 1361 937 1406 et
963 1353 1031 1407 ad
1060 1355 1353 1408 sacerdotii
1387 1356 1613 1422 gradum
1647 1371 1812 1410 acce-

248 1440 363 1494 dtre
413 1457 692 1511 nunquam
730 1453 1080 1512 praesumant.
1131 1446 1304 1498 Annis
1335 1449 1666 1516 ptenitcntite
1699 1464 1811 1502 sua:

249 1551 272 1585 a
305 1534 426 1586 vino
457 1544 514 1588 et
535 1549 700 1589 earne
754 1535 1088 1592 abstineant.
1149 1536 1389 1606 Excepto
1411 1539 1454 1592 si
1520 1540 1808 1593 iulirmitas

249 1625 518 1686 acciderit,
563 1630 734 1694 usque
772 1627 837 1680 ad
889 1629 1288 1696 reparationem
1325 1628 1594 1684 solvatur.
1639 1629 1805 1684 Come

250 1717 548 1771 munionem
590 1717 640 1770 in
673 1719 831 1773 linem
859 1719 980 1772 vita:
1009 1729 1337 1774 mereantur.
1369 1722 1424 1775 Si
1454 1735 1632 1775 autem
1669 1721 1805 1776 bene

1926 539 1979 593 itt
2016 556 2153 608 pane
2188 551 2243 596 et
2266 557 2426 610 aqua.
2468 542 2740 601 Diaconus
2767 556 2822 602 et
2863 549 3164 607 monachus
3197 568 3236 618 ι,
3277 558 3498 629 presby-

1918 639 2002 684 ter
2033 647 2096 696 ιι,
2131 631 2420 686 dimidium
2449 647 2515 687 ex
2543 633 2626 688 his
2659 636 2710 688 in
2738 650 2876 705 pane
2903 647 2956 693 et
2987 654 3150 708 aqua.
3175 641 3423 701 Clericus
3442 658 3498 702 et

1916 722 2090 779 laicus
2131 724 2438 780 dimidium.
2472 725 2538 780 Et
2589 726 2633 782 si
2681 729 2878 783 iterum
2939 741 3102 800 atque
3157 735 3356 791 iterum
3415 743 3496 794 eis

1915 815 2224 884 contigerit,
2254 830 2283 868 a
2310 819 2692 872 communione
2720 820 2999 887 priventnr
3029 839 3173 879 anno
3219 843 3345 881 uno.
3390 828 3491 896 Qui

1913 920 2035 958 cum
2059 906 2348 973 pecoribus
2373 909 2588 974 coierit,
2622 925 2653 963 x
2680 924 2855 965 annos
2879 913 3162 981 paeniteat.
3193 915 3489 976 Monachus

1910 993 2325 1051 fornicationem
2381 997 2610 1068 faciens,
2669 1016 2744 1055 vu
2793 1017 2968 1057 annos
2999 1005 3289 1073 pmniteat.
3345 1007 3402 1063 Si
3436 1011 3488 1066 in

1908 1084 2226 1152 femoribus,
2287 1102 2348 1142 ιιι
2379 1091 2520 1158 quod
2559 1103 2745 1162 agunt.
2776 1092 2830 1147 Si
2887 1095 3146 1162 parvulus
3177 1111 3478 1165 oppressus

1913 1179 2034 1230 talia
2068 1179 2293 1243 patitur,
2327 1195 2394 1234 xi.
2429 1182 2545 1236 dies
2597 1183 2880 1250 pmniteat.
2943 1182 3040 1239 Vel
3102 1187 3348 1256 psalmis,
3401 1189 3487 1244 vel

1910 1269 2250 1322 continentia
2282 1271 2604 1339 castigatur.
2634 1272 2690 1324 Si
2726 1275 2850 1342 quis
2885 1289 3109 1329 uxorem
3141 1292 3294 1330 suam
3330 1279 3488 1334 inve-

1911 1361 2054 1414 nerit
2085 1361 2468 1427 adulteratam,
2494 1371 2546 1416 et
2581 1378 2686 1418 non
2726 1365 2836 1418 vult
2887 1367 3159 1422 dimittere
3189 1384 3330 1436 eam,
3359 1369 3486 1427 "sed
3575 1393 3580 1436 ;

1909 1450 1962 1502 in
2001 1451 2351 1506 matrimonio
2400 1453 2621 1521 habere,
2659 1457 2694 1508 it
2725 1458 2882 1510 annis
2916 1459 3204 1526 pmniteat,
3235 1465 3489 1518 etdimit-

1911 1541 1972 1594 tit
2008 1557 2104 1611 pro
2134 1558 2192 1597 se
2223 1557 2467 1607 servum,
2497 1553 2593 1598 aut
2619 1547 2873 1600 ancillam
2904 1549 3216 1617 ingenuam.
3291 1553 3356 1606 Et
3390 1569 3489 1622 pro

1909 1633 2030 1685 aliis
2063 1635 2272 1688 duobus
2304 1636 2465 1689 annis
2502 1637 2878 1707 eleemosynas
2912 1639 3100 1693 faciat.
3135 1641 3201 1695 Et
3235 1652 3358 1711 post
3410 1660 3484 1698 vu

1910 1725 2088 1788 annis,
2115 1723 2320 1793 judicio
2349 1717 2651 1782 sacerdotis
2674 1731 3062 1785 communicet.
3084 1733 3190 1785 Aut
3238 1736 3482 1804 qaandiu

246 1809 441 1875 egerint
477 1808 878 1878 ptenitentiam,
926 1813 1346 1868 reconcilientur
1371 1823 1424 1866 et
1455 1814 1521 1867 ad
1557 1827 1802 1867 commu-
1836 1791 1880 1851 Β
1909 1815 1998 1872 illa
2031 1791 2312 1888 pmiiitcal’,
2348 1835 2376 1873 a
2408 1821 2755 1874 matrimonio
2788 1835 2846 1876 se
2878 1822 3169 1878 abstineat.

247 1899 478 1957 nionem.
531 1900 587 1955 Si
651 1903 776 1972 quis
819 1917 942 1958 cum
1003 1903 1113 1958 Deo
1175 1916 1387 1960 sacrata
1432 1905 1799 1971 l'ornicaverit,

246 1994 528 2061 episcopus
553 2007 619 2045 xv
656 1994 814 2048 annis
867 1997 1154 2063 poeniteat,
1194 2013 1226 2051 ν
1255 2012 1321 2051 ex
1352 1997 1436 2051 his
1467 1996 1520 2050 in
1581 2011 1722 2066 pane
1747 2007 1803 2052 et

244 2097 389 2150 aqua,
423 2094 480 2136 et
506 2085 830 2152 deponatur,
883 2095 939 2140 et
995 2101 1271 2165 nunquam
1323 2087 1387 2142 ad
1421 2087 1684 2141 honorem
1714 2102 1803 2141 sa-

246 2174 453 2226 cerdotii
493 2185 820 2230 revertatur.
879 2177 1172 2248 Presbyter
1212 2191 1289 2231 xu
1325 2178 1482 2232 annis
1517 2177 1800 2244 poeniteat,

245 2275 298 2314 ιιι
317 2276 377 2316 ex
399 2263 493 2318 bis
521 2263 574 2316 in
603 2279 742 2334 pane
763 2275 817 2320 et
845 2280 1004 2336 aqua,
1032 2277 1085 2320 et
1107 2266 1425 2333 deponatur.
1453 2267 1716 2321 Diaconus
1747 2276 1802 2321 et

245 2355 534 2409 monachus
559 2369 631 2409 vu
653 2370 824 2410 annos
847 2359 1162 2424 pmoiteant,
1193 2373 1249 2411 ιιι
1277 2373 1343 2412 ex
1377 2359 1462 2413 his
1483 2358 1536 2412 in
1574 2372 1710 2427 pane
1741 2365 1800 2411 et

241 2459 390 2514 aqua,
415 2458 469 2500 et
503 2447 569 2499 ad
599 2447 858 2502 honorem
890 2449 1179 2504 sacerdotii
1203 2465 1479 2517 nunquam
1516 2451 1800 2504 accedant.

246 2537 358 2591 l’ost
380 2548 560 2590 actam
590 2539 966 2606 paenitentiam
993 2542 1058 2593 ad
1081 2541 1513 2594 communionem
1561 2539 1806 2595 reconcio

245 2625 461 2680 lientnr.
490 2627 546 2682 Si
579 2630 703 2696 quis
725 2644 844 2682 cum
873 2642 1044 2684 matre
1074 2630 1326 2694 fornicat,
1354 2631 1603 2685 xuanuis
1631 2631 1804 2700 patui-

244 2727 361 2783 teat,
375 2718 546 2770 etiam
571 2733 842 2789 nunquam
865 2719 1251 2786 communicet,
1273 2721 1372 2774 nisi
1393 2729 1594 2774 tantum
1615 2719 1804 2774 diebus

247 2810 557 2864 Dominicis.
597 2810 652 2864 Si
683 2812 805 2880 quis
831 2828 952 2870 cum
988 2825 1157 2865 uxore
1190 2813 1418 2866 alterius
1450 2812 1828 2867 fornicaverit'

241 2901 544 2968 cpiscopus,
578 2918 656 2956 sti
690 2903 846 2957 annis
871 2905 1153 2972 paeniteat,
1189 2918 1252 2958 ιιι
1299 2917 1364 2958 ex
1395 2903 1479 2958 his
1503 2903 1556 2958 in
1579 2920 1716 2974 pane
1749 2914 1804 2960 et

239 3007 387 3059 aqua.
423 2994 491 3046 lli
526 3011 687 3066 supra
716 2996 930 3066 scripti,
971 3012 1000 3050 a
1031 2998 1422 3052 communione
1471 2998 1751 3068 priventur
1784 3013 1800 3054 :

2503 1976 2580 2031 De
2619 1978 2872 2048 perjurt'o.

1979 2089 2036 2146 Si
2068 2092 2190 2162 quis
2243 2089 2545 2160 periurium
2610 2091 2819 2156 iecerit,
2873 2091 3162 2164 episcopus
3193 2109 3271 2148 xtl
3325 2095 3486 2150 annis

1903 2185 2187 2255 poeniteat,
2221 2199 2280 2238 ιιι
2304 2197 2370 2238 es
2414 2183 2498 2238 his
2534 2182 2588 2237 in
2619 2199 2760 2253 pane
2792 2194 2846 2239 et
2869 2199 3033 2254 aqua.
3085 2185 3376 2258 Presbyter
3427 2201 3482 2252 x,

1904 2292 1964 2332 ιιι
1989 2292 2055 2330 ex
2085 2277 2169 2330 his
2198 2275 2250 2328 in
2285 2290 2424 2344 pane
2446 2284 2499 2330 et
2525 2290 2691 2345 aqua,
2715 2284 2770 2330 et
2806 2275 3115 2345 deponatur
3151 2292 3324 2345 usque
3349 2280 3481 2331 dum

1905 2366 2174 2436 compleat
2206 2367 2605 2436 paenitentiam,
2639 2373 2696 2421 et
2728 2367 3140 2422 reconcilietur.
3182 2369 3425 2424 Clericus
3450 2385 3484 2422 ν

1905 2461 2088 2523 annis,
2115 2475 2152 2514 ιι
2176 2473 2242 2513 ex
2275 2459 2360 2513 bis
2388 2458 2439 2513 in
2465 2474 2601 2529 pane
2630 2467 2684 2512 et
2735 2473 2896 2528 aqua.
2947 2459 3149 2514 Laicus
3201 2475 3266 2514 ιιι
3298 2461 3478 2520 anuis,

1904 2566 1968 2606 ex
2004 2550 2086 2604 bis
2121 2549 2174 2603 in
2200 2563 2338 2616 pane
2371 2561 2423 2602 et
2451 2562 2614 2617 aqua,
2638 2563 2678 2603 t.
2710 2546 2766 2602 Si
2797 2549 2918 2616 quis
2948 2559 3174 2603 coactus
3239 2550 3485 2618 qualibet

1906 2638 2230 2694 necessitate
2247 2648 2339 2689 ant
2358 2637 2605 2691 nesciens
2632 2637 3016 2707 perjnraverit,
3037 2653 3096 2691 ιιι
3127 2637 3284 2692 annis
3307 2638 3484 2705 pceni-

1908 2741 2037 2794 teat,
2067 2746 2084 2784 t
2111 2746 2176 2784 ex
2210 2729 2292 2783 his
2323 2729 2374 2782 iu
2401 2744 2538 2799 pane
2560 2737 2614 2782 et
2634 2743 2794 2797 aqua.
2833 2728 2892 2782 Si
2928 2728 3098 2782 laicus
3147 2743 3244 2798 per
3271 2729 3478 2796 cupidi-

1911 2829 2076 2875 tatcm
2140 2819 2400 2889 perjurat,
2481 2829 2624 2874 totas
2683 2835 2770 2874 res
2813 2834 2943 2874 snas
2993 2822 3214 2882 vendat,
3272 2830 3322 2874 et
3382 2824 3473 2874 det

1904 2914 2250 2984 pauperibus,
2299 2922 2353 2964 et
2386 2927 2684 2966 conversus
2721 2911 2774 2966 in
2814 2911 3148 2965 monasterio
3180 2925 3351 2978 usque
3410 2911 3476 2962 ad

1905 3014 2132 3059 mortem
2165 3003 2372 3057 serviat
2406 3002 2535 3055 Deo.
2578 3000 2633 3054 Si
2665 3001 2790 3054 dum
2821 3015 2916 3068 per
2943 3000 3322 3070 cupiditatem,
3355 3000 3477 3050 ani-

239 3094 350 3148 Ινοεῐ
412 3096 592 3140 aClam
644 3089 1022 3156 pmnilenliam
1079 3089 1526 3144 reconcilienlur.
1555 3089 1688 3143 Nam
1735 3091 1800 3143 ad
1828 3121 1872 3177 ο
1907 3111 2006 3150 inte
2037 3111 2128 3149 seu
2167 3093 2362 3147 mortis
2411 3093 2708 3159 periculum
2735 3093 2986 3153 incurrit,
3019 3107 3068 3145 tv
3131 3091 3288 3145 annis
3336 3091 3481 3144 iner-

240 3181 524 3234 Saeerdotii
559 3182 760 3250 gradus
805 3182 1067 3236 accedere
1124 3197 1398 3252 nunquam
1453 3191 1798 3250 prtesumaut.

242 3271 292 3322 Si
323 3273 445 3342 quis
473 3287 596 3326 cum
623 3271 807 3336 vidua,
828 3283 920 3326 aut
949 3287 1146 3342 spoiisa
1170 3273 1394 3327 alterius
1424 3273 1800 3336 fornicaverit,

242 3363 526 3431 νίψει-υνυς
562 3377 637 3416 xu
671 3365 827 3417 annis
861 3365 1144 3432 pteniteat,
1197 3379 1255 3418 Ill
1287 3378 1352 3418 ex
1383 3365 1467 3417 his
1501 3364 1552 3416 in
1585 3379 1722 3432 pane
1747 3373 1802 3416 et
1833 3365 1838 3372 '

245 3469 427 3520 aqua:
473 3463 527 3507 et
576 3455 880 3522 deponatur
930 3464 986 3508 et
1038 3457 1324 3523 episcopus
1375 3465 1430 3508 et
1488 3455 1794 3522 presbyter.

236 3546 481 3600 Clericus
509 3555 560 3600 et
589 3545 758 3600 laicus
787 3562 820 3599 v
841 3547 996 3601 annis
1021 3548 1300 3616 pmaiteat,
1332 3561 1368 3598 ιι
1402 3561 1464 3599 ex
1493 3547 1644 3600 hisin
1667 3560 1802 3612 pane

232 3649 282 3690 et
307 3653 467 3706 aqua,
503 3648 556 3694 et
583 3653 613 3690 a
649 3639 1031 3692 communione
1065 3638 1322 3707 privetur,
1356 3651 1409 3690 et
1439 3654 1466 3690 a
1504 3653 1663 3690 sacro
1709 3653 1802 3692 or-

230 3730 376 3784 dine.
441 3729 501 3784 Si
531 3731 656 3800 quis
692 3747 816 3786 cum
842 3743 1100 3801 cognata,
1135 3743 1228 3784 aut
1257 3745 1472 3793 sorore,
1504 3733 1586 3784 vel
1628 3741 1802 3785 matre

230 3813 607 3880 fornicaverit,
637 3820 931 3888 episcopus
963 3835 1031 3872 xv
1051 3821 1208 3874 anuis
1235 3822 1492 3886 paeniteat
1525 3837 1540 3885 ;
1571 3825 1801 3890 presby-

230 3914 309 3959 ter
340 3923 418 3963 xu
476 3910 654 3972 annis,
691 3910 954 3964 diaconus
981 3921 1033 3964 et
1056 3913 1355 3964 monachus
1405 3927 1458 3975 x,
1488 3911 1721 3967 clericus
1751 3923 1806 3966 et

229 4001 402 4057 laicus
421 4017 498 4056 vn
543 4018 559 4057 :
591 4018 784 4057 omnes
817 4005 868 4058 bi
896 4005 948 4058 in
987 4022 1124 4073 pane
1153 4016 1207 4059 et
1230 4022 1392 4074 aqua,
1419 4017 1473 4058 et
1514 4022 1540 4057 a
1564 4021 1806 4058 commu-

228 4095 393 4144 nione
420 4093 722 4162 priventur,
751 4106 804 4148 et
834 4113 860 4146 a
885 4112 1042 4150 sai-ro
1076 4097 1284 4152 ordine.
1327 4095 1384 4150 Si
1421 4097 1544 4165 quis
1574 4113 1694 4149 cum
1740 4113 1802 4151 ea

222 4197 388 4251 quam
422 4187 688 4242 dominus
709 4188 928 4256 reliquit
965 4205 1135 4244 uxore
1179 4189 1552 4254 loruicaverit,
1587 4193 1802 4260 episco-

226 4291 325 4339 pus
359 4292 441 4330 xu
488 4279 645 4332 annis
687 4291 965 4348 paeniteat,
1026 4296 1082 4334 ιιι
1146 4283 1196 4334 in
1245 4297 1384 4349 pane
1410 4292 1463 4335 et
1500 4298 1658 4350 aqua,
1687 4292 1742 4336 et
1773 4299 1802 4335 ει

224 4370 622 4423 communione
671 4372 935 4438 privetur.
967 4371 1258 4443 Presbyter
1293 4388 1390 4435 xu,
1431 4389 1489 4427 ιιι
1532 4389 1594 4427 ex
1627 4375 1709 4427 his
1748 4374 1801 4427 in

1907 3187 2009 3239 mis
2037 3186 2192 3238 exsul
2223 3185 2480 3252 paeniteat
2520 3183 2749 3251 in'pane
2781 3192 2836 3236 et
2889 3197 3055 3251 aqua,
3107 3191 3162 3236 et
3212 3182 3484 3236 abStineat

1904 3290 1962 3329 se
1986 3291 2012 3327 a
2048 3290 2213 3328 carne
2233 3286 2289 3326 et
2336 3273 2482 3329 vino.
2538 3270 2593 3325 Si
2631 3273 2760 3341 quis
2795 3271 3060 3339 virginem
3095 3269 3367 3338 rapuerit,
3420 3285 3481 3323 ιιι

1904 3365 2065 3417 annis
2096 3354 2378 3431 paeniteat,
2415 3377 2428 3415 t
2457 3379 2519 3416 ex
2552 3363 2634 3416 his
2672 3365 2723 3416 in
2750 3377 2888 3430 pane
2950 3371 3004 3416 et
3040 3377 3203 3430 aqua.
3261 3360 3317 3415 Si
3351 3363 3478 3431 quis

1905 3470 2052 3508 more
2105 3471 2356 3523 pecorum
2428 3469 2550 3507 eum
2627 3456 2930 3522 propinqua
3027 3453 3314 3522 sanguinis
3383 3469 3479 3506 sua

1904 3549 2122 3600 incestis
2182 3547 2386 3613 nuptiis
2441 3545 2717 3613 coniuncti
2771 3555 2899 3598 sunt
2937 3555 3063 3596 ante
3141 3543 3469 3598 vicesimum

1903 3639 2076 3690 aetatis
2108 3650 2220 3688 sua:
2245 3650 2468 3698 annum,
2505 3650 2537 3687 x
2568 3635 2726 3689 annis
2762 3636 3062 3702 pmniteat;
3095 3635 3306 3688 exactis
3342 3649 3473 3686 ora-

1903 3731 2143 3785 tionibus
2182 3739 2392 3783 tantum
2419 3730 2642 3798 incipiat
2698 3731 3122 3783 communit-ari.
3173 3729 3303 3783 Post
3332 3730 3480 3783 vice~

1903 3823 2099 3876 simnnt
2130 3837 2330 3875 annum
2389 3835 2538 3882 vero,
2565 3821 2631 3874 ad
2669 3820 3107 3872 communionem
3165 3835 3289 3874 cum
3313 3820 3468 3873 obla-

1905 3913 2051 3966 tione
2093 3913 2442 3980 suscipiatur.
2499 3910 2830 3965 Discutiatur
2862 3921 3039 3963 autem
3073 3920 3126 3964 et
3151 3910 3257 3964 vita
3286 3927 3476 3964 eorum

1902 4022 2022 4076 qua:
2053 4004 2211 4059 fuerit
2265 4012 2508 4072 tempore
2562 4003 2922 4074 paenitentiae.
2954 4002 3018 4055 Et
3064 4003 3135 4054 ita
3178 4001 3320 4056 hanc
3378 4003 3482 4055 liti-

1905 4099 2164 4149 inanitate
2189 4105 2580 4158 consequatur.
2623 4093 2774 4159 Quod
2801 4094 2845 4148 si
2880 4095 2970 4164 qui
3008 4095 3161 4147 abusi
3213 4105 3340 4148 sunt
3377 4093 3481 4147 hoc

1909 4189 2160 4250 crimine,
2195 4189 2488 4258 prolixiore
2521 4198 2764 4255 tempore
2799 4197 2918 4254 post
2951 4203 3016 4239 xx
3051 4201 3228 4240 annos
3254 4202 3479 4240 uxorem

1907 4276 2190 4352 habentes,
2221 4281 2320 4329 hoc
2378 4279 2584 4329 crimen
2622 4275 2934 4339 incurrerit,
2964 4289 3051 4338 ,ιν
3099 4285 3262 4344 atque
3316 4290 3479 4327 unum

1905 4368 2188 4436 paeniteat.
2209 4367 2274 4421 Et
2295 4376 2414 4436 post
2436 4375 2609 4420 actam
2631 4367 3027 4435 pmnitentiam,
3050 4367 3116 4418 ad
3138 4367 3482 4420 communio-

223 4473 367 4523 pane
401 4469 458 4511 et
487 4473 651 4527 aqua.
686 4459 959 4516 Diaconos
987 4471 1040 4516 et
1062 4463 1360 4516 monachus
1399 4477 1470 4516 vti
1505 4464 1660 4515 annis
1681 4476 1798 4532 pce-
1834 4451 1878 4504 ι)
1909 4473 2030 4510 nem
2086 4459 2398 4512 orationum
2455 4456 2832 4509 admittantur.
2891 4456 2956 4508 Et
3015 4457 3087 4513 ita
3150 4466 3269 4526 post
3312 4458 3478 4510 alium

223 4547 423 4610 niteat,
455 4563 518 4602 ιιι
544 4565 608 4604 ex
635 4551 718 4603 his
739 4549 791 4602 iu
819 4565 962 4620 pane
990 4563 1043 4606 et
1075 4567 1237 4621 aqua.
1267 4552 1514 4607 Clericus
1547 4563 1600 4606 et
1629 4555 1800 4607 laicus

222 4653 292 4698 νς
334 4654 374 4692 ιι
403 4653 470 4693 ex
505 4640 587 4709 his
615 4642 666 4694 in
717 4656 854 4711 pane
887 4652 940 4696 et
975 4657 1138 4710 aqua,
1177 4655 1232 4695 et
1257 4645 1324 4696 ab
1359 4645 1567 4697 honore
1619 4658 1802 4695 sacer-

219 4733 357 4784 dotii
399 4733 710 4800 priveutur.
756 4734 811 4788 Si
841 4735 965 4802 quis
995 4733 1522 4802 cutngquadrupedia
1562 4733 1803 4788 fornica-

217 4826 392 4886 verit,
450 4827 741 4894 episeopus
791 4841 886 4902 xtt_
919 4827 1077 4879 annis
1102 4827 1387 4893 paeniteat,
1423 4841 1480 4878 ιιι
1526 4841 1590 4879 ex
1627 4826 1712 4878 his
1747 4827 1799 4879 itt

217 4936 364 4985 pane
397 4929 456 4975 et
493 4935 659 4991 aqua,
691 4932 748 4976 et
766 4923 1098 4991 deponatur.
1145 4919 1437 4989 Presbyter
1469 4937 1500 4975 x
1535 4920 1717 4982 annis,
1745 4934 1801 4972 Ill

211 5031 280 5067 ex
306 5012 406 5067 his
437 5013 490 5067 in
523 5029 660 5082 pane
689 5020 745 5068 et
784 5027 947 5083 aqua,
979 5020 1033 5065 et
1084 5011 1410 5080 deponatur.
1450 5010 1718 5064 Diacouus
1748 5018 1804 5064 et

217 5107 534 5162 iuonachus
559 5121 634 5160 ut
667 5123 683 5173 ;
716 5120 864 5162 utex
896 5105 981 5160 his
1011 5105 1061 5160 in
1087 5120 1230 5174 pane
1261 5115 1314 5157 et
1342 5120 1506 5173 aqua,
1535 5111 1590 5156 et
1639 5106 1805 5172 depo-

213 5209 417 5254 natur.
453 5199 698 5255 Clericus
750 5201 814 5254 et‘
836 5199 1006 5254 laicus
1055 5213 1141 5259 ut.
1178 5212 1284 5252 tex
1342 5197 1428 5249 bis
1467 5196 1518 5249 in
1558 5210 1696 5262 pane
1748 5204 1804 5248 et

213 5306 394 5362 aqua,
449 5300 501 5346 et
552 5292 619 5344 ad
651 5290 944 5347 sacerdotii
998 5289 1223 5359 gradum
1276 5303 1380 5344 non
1419 5288 1704 5341 accedant.
1744 5285 1800 5338 Si

209 5386 353 5452 quis
392 5384 794 5452 concupiscens
828 5381 1113 5447 fornicari,
1159 5393 1214 5436 et
1273 5397 1381 5434 non
1415 5381 1672 5449 potuerit,
1711 5387 1802 5432 aut

213 5475 438 5528 mulier
463 5488 567 5527 non
587 5471 879 5538 dimiserit,
913 5473 1197 5543 episcopus
1226 5469 1297 5524 vit
1321 5469 1482 5524 anuis
1507 5469 1800 5538 pmniteat:

207 5571 521 5636 presbyter
554 5582 588 5619 v
619 5583 635 5622 :
663 5565 927 5621 diaconus
955 5573 1010 5620 et
1028 5563 1346 5626 monachus,
1409 5576 1469 5615 ιιι
1506 5575 1523 5625 ;
1558 5575 1571 5612 ι
1599 5573 1666 5613 ex
1716 5557 1804 5612 his

206 5660 268 5716 in
299 5671 466 5728 parte
495 5667 550 5711 et
583 5673 745 5726 aqua.
795 5656 1036 5712 Clericus
1064 5664 1119 5710 et
1158 5654 1329 5708 laicus
1351 5667 1390 5706 ιι
1418 5652 1578 5704 annis
1629 5648 1805 5712 pteni-

205 5762 412 5811 team.
459 5750 512 5804 Si
543 5749 666 5820 quis
715 5765 806 5820 per
835 5749 1183 5818 semetipsum
1208 5756 1551 5816 quocumque
1585 5740 1804 5808 ingenio

1906 4547 2338 4617 quinquennium
2412 4547 2478 4598 ad
2550 4546 2760 4615 plenam
2832 4549 3270 4601 communionem
3351 4563 3476 4602 cuni

1904 4641 2177 4694 oblatione
2209 4640 2606 4706 suscipiantur.
2642 4637 2794 4702 Quod
2836 4638 2882 4691 si
2929 4638 3096 4707 aliqui
3142 4653 3339 4693 uxores
3386 4641 3484 4692 ha-

1906 4734 2095 4786 bentes
2131 4740 2184 4786 et
2223 4742 2344 4801 post
2390 4730 2779 4800 quinquaginta
2830 4733 3004 4785 aetatis
3043 4747 3153 4786 sua:
3200 4748 3376 4787 annos
3425 4733 3478 4784 in

1905 4823 2006 4876 bne
2037 4822 2268 4890 prolapsi
2300 4831 2447 4883 sunt,
2487 4821 2552 4874 ad
2584 4821 2790 4874 exitum
2827 4829 3034 4874 tantum
3078 4821 3200 4876 vita:
3237 4836 3480 4875 commn-

1907 4915 2126 4967 niuuem
2195 4921 2526 4965 mereantur.
2584 4909 2777 4964 Mulier
2842 4911 2887 4964 si
2955 4911 3164 4966 duobus
3225 4911 3479 4964 fratribus

1907 5004 2168 5071 nupserit,
2206 5002 2364 5071 abjici
2396 5015 2514 5054 eam
2544 5001 2741 5055 debere
2773 5016 2948 5070 usque
2979 5005 3049 5054 ad
3081 5004 3222 5056 diem
3261 5002 3472 5064 mortis,
3529 5037 3534 5044 ι

1907 5097 2001 5150 sed
2034 5105 2253 5164 propter
2296 5095 2688 5148 humanitatem
2723 5096 3100 5149 communione
3137 5107 3255 5147 eant
3293 5091 3345 5145 in
3378 5106 3476 5146 ex-
3523 5093 3534 5130 ⁸

1908 5190 2096 5242 tremis
2128 5187 2493 5242 reconciliari.
2526 5187 2600 5240 Ita
2637 5195 2902 5241 tamen’ut
2931 5189 2976 5240 si
3014 5187 3149 5238 forte
3183 5184 3475 5238 sanitatem

1908 5278 2195 5346 receperit,
2233 5277 2575 5331 matrimonio
2618 5277 2815 5340 soluto,
2850 5277 2914 5330 ad
2963 5275 3333 5346 pmnitentiam
3381 5276 3478 5329 ad-

1907 5371 2174 5425 mittatur.
2207 5371 2358 5436 Quod
2399 5373 2444 5426 si
2485 5372 2744 5426 defuncta
2785 5372 2979 5426 mulier
3017 5371 3178 5425 fuerit
3213 5369 3474 5439 hujusce-

1904 5465 2049 5518 modi
2090 5464 2364 5518 consortio
2407 5463 2648 5534 alligata,
2684 5464 2967 5518 dissimilis
3002 5463 3107 5518 erit
3143 5461 3464 5530 poenitentia

1905 5555 2226 5608 remanenti.
2277 5553 2447 5619 Quam
2509 5554 2836 5610 sententiam
2897 5563 3006 5606 tam
3061 5553 3255 5607 mulier
3301 5567 3464 5621 quam

1903 5648 1988 5700 vir
2015 5657 2200 5702 tenere
2225 5646 2404 5701 debet.
2437 5645 2493 5700 Si
2525 5646 2647 5715 quis
2676 5645 2890 5717 gentilis
2921 5644 3190 5698 dimiserit
3242 5657 3466 5697 uxorem

1906 5737 2182 5810 gentilem,
2225 5737 2275 5792 in
2326 5745 2590 5808 potestate
2635 5737 2756 5809 ejus
2806 5738 2911 5792 erit
2963 5744 3080 5807 μυδι
3133 5735 3464 5805 baptismum
