3934 6188
510 383 543 444 ι
562 385 619 447 ἱ)

1455 383 1518 445 S.
1556 383 2007 444 HIERONYMI
2049 384 2367 446 OPERUM
2409 384 2814 448 MANTISSA.

3622 392 3713 458 iii

514 502 717 551 habere
744 512 887 562 eam,
919 504 1012 548 aut
1049 508 1152 548 nou
1188 493 1411 549 habere.
1456 494 1632 549 Simili
1670 494 1829 551 modo
1860 497 1903 550 si
1947 510 2088 551 unus
2118 503 2163 555 Α
2192 496 2509 567 neglexerit,
2554 514 2620 552 ιι,
2671 498 2785 551 dies
2842 496 3121 567 poeniteat.
3167 497 3346 552 Prima
3389 500 3498 556 vice
3532 506 3572 560 si
3612 514 3718 577 quis

514 591 817 659 baptizatus
845 595 948 651 est,
982 597 1037 640 et
1071 586 1211 640 alter
1252 587 1492 657 gentilis.
1540 585 1597 641 Si
1641 587 1799 655 cujus
1834 602 1969 640 uxor
2002 586 2084 640 inv

517 683 689 733 tidelis
730 688 814 732 est
848 679 926 732 vel
962 678 1201 747 gentilis,
1235 689 1287 732 et
1326 694 1430 731 non
1470 686 1649 745 potest
1688 692 1808 730 eam
1857 692 2088 731 conver-

515 787 645 836 tere,
682 772 921 823 dimittat
947 784 1089 825 eam.
1117 769 1306 823 Mulier
1330 769 1609 822 mensibus
1639 784 1693 823 ιιι
1727 769 1892 822 debet
1925 768 2091 822 absti-

514 876 644 915 nere
689 876 720 913 a
768 862 885 916 viro
939 876 1061 925 suo,
1116 860 1337 929 quando
1385 860 1656 927 concepit,
1701 860 1755 913 et
1793 869 2087 925 antequam

514 955 710 1021 pariat.
762 952 890 1005 Post
936 960 1147 1019 partum
1201 960 1378 1003 autent
1423 966 1488 1003 χι.
1539 952 1656 1004 dies
1692 952 1783 1019 qui
1828 951 2089 1017 nupserit,

515 1060 584 1097 xx
628 1044 744 1097 dies
782 1043 1064 1112 paeniteat.
1094 1041 1195 1109 Qui
1258 1043 1498 1110 nupserit
1552 1044 1638 1097 die
1700 1043 1979 1097 dominico
2039 1058 2089 1096 tv

513 1136 636 1189 dies
666 1136 955 1204 paeniteat.
994 1134 1050 1189 Si
1087 1136 1156 1188 ab
1185 1134 1367 1202 aliquo
1420 1150 1515 1187 sua
1565 1134 1881 1189 discesserit
1933 1150 2091 1194 uxor,

517 1236 569 1278 et
614 1228 811 1280 itenttn
849 1242 1070 1281 reversa
1107 1226 1294 1288 fuerit,
1339 1226 1602 1294 suseipiat
1648 1241 1767 1280 eam
1814 1236 1991 1280 nocte.
2020 1222 2098 1280 Et

518 1318 632 1384 ipsa
671 1334 684 1370 t
726 1333 869 1371 anno
905 1318 1190 1386 pmniteat.
1233 1316 1500 1369 Similiter
1540 1318 1799 1385 paeniteat
1831 1327 1883 1369 et
1916 1318 2015 1382 vir,
2050 1318 2095 1371 si

515 1419 570 1462 ιιι
612 1408 728 1477 ipse
762 1410 924 1462 aliant
963 1410 1195 1463 duxerit.
1234 1408 1403 1474 Cujus
1434 1407 1645 1461 sterilis
1677 1418 1780 1470 cst,
1814 1415 1867 1461 et
1898 1408 2006 1470 ille,
2043 1416 2098 1463 et

518 1500 607 1553 illa
661 1501 1005 1554 continentes
1056 1508 1203 1553 sunt.
1253 1497 1445 1553 Mulier
1488 1514 1609 1553 cum
1656 1500 1880 1553 muliere
1927 1500 2097 1552 forni-

518 1593 716 1652 cando.
754 1606 816 1645 ιιι
865 1592 1021 1646 annis
1075 1591 1337 1658 pmnitcat
1386 1606 1491 1643 una
1537 1592 1874 1659 paenitentia.
1922 1591 2101 1645 Vidua:

524 1693 575 1734 et
606 1684 796 1751 puella:
823 1684 1082 1752 majorem
1116 1683 1491 1749 paenitentiam
1532 1682 1753 1741 faciant.
1778 1684 1818 1736 si
1850 1686 1947 1735 hoc
1980 1699 2102 1749 pce-

522 1786 697 1829 catum
731 1777 1185 1844 perpetraverint.
1237 1775 1367 1841 Quae
1399 1775 1569 1828 virum
1608 1775 1816 1837 habuit,
1852 1774 1896 1828 si
1933 1773 2101 1828 forni-

2193 586 2413 642 bortare
2462 589 2692 642 voluerit
2745 587 2998 643 haeresim
3055 603 3285 653 eorutn,
3336 603 3388 646 et
3437 608 3531 648 non
3574 602 3716 668 egerit

2192 681 2587 750 pmnitcntiam,
2618 680 3077 735 exterminabitur
3125 681 3376 736 similiter
3417 694 3467 738 et
3506 687 3605 750 ille,
3636 690 3719 744 Dos

2192 770 2339 824 mino
2379 770 2596 824 dicente
2630 786 2645 825 :
2683 770 2785 835 Qui
2825 787 3029 824 mecum
3077 788 3179 826 non
3220 781 3318 835 est,
3355 784 3526 828 contra
3557 796 3625 833 me
3653 791 3717 835 est

2194 860 2400 927 (Matth.
2433 877 2531 921 xit,
2554 862 2669 930 30).
2702 861 2757 915 Si
2785 862 2906 931 quis
2932 862 3239 932 baptizatus
3269 866 3336 919 ab
3363 865 3617 935 heretico,
3640 872 3719 941 qui

2194 962 2340 1005 recte
2374 952 2693 1007 Trinitatem
2728 969 2831 1007 non
2866 954 3060 1020 credit,
3098 956 3293 1009 iterum
3327 955 3627 1025 baptizelur.
3672 964 3719 1019 Si

2194 1044 2317 1113 quis
2351 1045 2557 1097 dederit
2592 1055 2684 1097 aut
2719 1046 2994 1115 acceperit
3028 1046 3461 1101 communionem
3503 1052 3561 1103 de
3589 1068 3720 1108 manu

2198 1135 2459 1196 haeretici,
2493 1145 2547 1187 et
2584 1135 2756 1188 nescit
2785 1137 2926 1205 quod
2962 1137 3202 1191 Ecclesia
3239 1135 3331 1208 ιΑι
3363 1148 3458 1191 tac.
3494 1140 3721 1216 Ecclesia]

2196 1224 2463 1277 catholica
2514 1225 2857 1288 contradicit,
2895 1234 2947 1279 et
2995 1236 3181 1294 postea
3234 1227 3568 1293 intellexerit,
3604 1246 3724 1286 anno

2199 1313 2408 1375 integro
2452 1315 2735 1383 pmnitent.
2789 1315 2844 1369 Si
2900 1316 2987 1369 hic
3037 1313 3150 1380 ΙΑΙ.
3193 1316 3400 1389 autem]
3442 1321 3536 1372 scit
3569 1330 3614 1374 et
3648 1337 3728 1375 ne-

2200 1407 2460 1473 glexerit,
2511 1418 2563 1460 et
2611 1417 2797 1475 postea
2844 1407 3217 1476 p'nnitentiam
3261 1410 3461 1478 egerit,
3502 1427 3532 1465 x
3578 1428 3722 1468 annos

2201 1498 2480 1564 pceniteat.
2514 1497 2615 1550 Alii
2651 1497 2901 1565 jndicant
2932 1514 3005 1554 Vlt
3038 1510 3087 1551 et
3119 1499 3407 1554 humanius
3436 1517 3467 1555 v
3490 1504 3647 1559 annis.
3678 1502 3727 1558 Si

2202 1588 2322 1655 quis
2353 1589 2658 1655 permiserit
2694 1591 3004 1644 btercticum
3057 1592 3274 1645 missam
3316 1606 3462 1646 suam
3494 1594 3728 1649 celebrare

2204 1678 2256 1730 in
2315 1679 2543 1731 ecclesia
2591 1682 2881 1745 catholica,
2924 1693 2977 1735 et
3016 1684 3206 1743 nescit,
3242 1699 3311 1736 η
3345 1685 3454 1738 dies
3485 1687 3726 1752 poeniteat.

2207 1762 2261 1815 Si
2290 1781 2415 1816 tero
2443 1781 2537 1832 pro
2564 1771 2864 1820 reverentia
2897 1769 3035 1837 ejus,
3064 1784 3080 1823 ι
3106 1786 3249 1823 anno
3283 1776 3553 1839 ptenileat.
3578 1773 3625 1825 Si
3654 1788 3733 1842 pro

522 1870 744 1927 caverit.
782 1878 835 1920 et
870 1868 960 1936 qui
1002 1883 1187 1922 semen
1224 1868 1276 1921 iit
1310 1883 1370 1921 ea
1409 1867 1640 1929 miserit,
1671 1856 1746 1919 vit
1781 1882 1950 1919 annos
1985 1882 2100 1933 pte.

2220 1855 2551 1909 lantnatione
2588 1857 2837 1912 Ecclesia:
2876 1861 3180 1922 catholica},
3216 1864 3529 1931 projieiatur
3557 1863 3616 1917 ab
3651 1864 3734 1917 Ec-

525 1959 715 2011 niteat.
761 1954 874 2011 Hoc
921 1957 1218 2025 pessimum
1266 1956 1465 2009 tnalum
1503 1972 1518 2011 :
1556 1957 1688 2009 alias
1731 1956 1797 2010 ab
1840 1972 1904 2007 eo
1948 1956 2104 2007 aliter

518 2049 820 2119 judicatum
864 2057 970 2111 est,
1009 2058 1067 2100 ut
1120 2047 1291 2100 ambae
1335 2062 1504 2115 usque
1548 2047 1599 2099 in
1636 2048 1795 2100 tinent
1833 2048 1953 2098 vitm
1994 2062 2105 2099 sua:

525 2140 843 2207 poeniteant.
886 2136 979 2190 Vel
1013 2153 1088 2191 xtt
1121 2152 1312 2199 annos,
1345 2138 1428 2191 vel
1464 2152 1536 2189 vtt
1568 2137 1657 2205 qui
1690 2151 1831 2206 sazpe
1866 2136 2105 2189 fornica-

525 2231 662 2283 verit
696 2249 708 2282 :
748 2231 958 2298 primus
1006 2245 1181 2283 canon
1228 2229 1496 2297 judicavit
1533 2245 1562 2281 x
1602 2230 1787 2293 annis,
1829 2230 2107 2282 secundus

526 2337 698 2375 canon
751 2337 863 2387 vn;
919 2321 1013 2375 sed
1071 2336 1168 2389 pro
1216 2320 1528 2373 infirmitate
1580 2320 1839 2383 hominis,
1877 2320 1961 2373 vel
2014 2334 2109 2386 per

528 2414 842 2474 consilium,
894 2412 1146 2465 dixerunt
1196 2422 1288 2462 aut
1339 2427 1400 2464 ιιι
1449 2420 1661 2464 auum
1716 2413 1997 2479 pmniteat.
2050 2408 2107 2463 Si

530 2506 653 2575 quis
705 2520 827 2557 cum
882 2503 1050 2556 fratre
1102 2502 1339 2556 naturali
1401 2501 1752 2555 fornicaverit
1812 2519 1907 2570 per
1961 2516 2111 2554 com-

532 2595 842 2649 tnistionem
889 2594 1092 2656 carnis,
1130 2608 1194 2645 xv
1241 2594 1396 2645 annis
1445 2592 1706 2660 pmniteat
1743 2602 1795 2645 et
1841 2594 1909 2646 ab
1956 2593 2104 2645 omni

533 2702 700 2738 carne
731 2700 789 2739 se
821 2684 1113 2737 abstini-at.
1146 2683 1202 2736 Si
1237 2692 1410 2736 mater
1440 2699 1561 2735 cum
1605 2682 1714 2736 filio
1747 2697 1848 2736 suo
1883 2684 2111 2750 parvulo

540 2776 895 2830 fornicatione
935 2775 1329 2839 immisceatur,
1365 2790 1420 2827 ιιι
1463 2775 1619 2828 anuis
1654 2774 1914 2843 poeniteat
1944 2774 2112 2827 absti-

537 2870 713 2921 nendo
740 2884 800 2921 se
837 2883 865 2920 a
897 2882 1081 2926 carne,
1109 2876 1162 2919 et
1195 2882 1362 2919 unttttt
1405 2866 1546 2919 diem
1575 2864 1783 2932 jejunet
1816 2865 1869 2918 itt
1905 2864 2113 2918 hebdo-

538 2960 691 3014 mada
739 2974 909 3029 usque
953 2959 1020 3013 ad
1070 2974 1378 3025 vesperum.
1410 2958 1510 3023 Qui
1546 2956 1806 3012 illudetur
1852 2957 2111 3011 fornicari

536 3068 566 3107 a
615 3053 981 3120 cogitatione,
1029 3051 1290 3121 praeniteat
1339 3064 1511 3118 usque
1560 3049 1626 3102 ad
1674 3049 1802 3103 dum
1856 3049 2114 3119 cogitatio

2205 1945 2366 1997 clesia
2401 1946 2539 2000 sicut
2572 1948 2879 2009 haereticus,
2916 1949 3015 2002 nisi
3054 1952 3389 2018 pmuitnerit.
3433 1949 3485 2003 Si
3527 1964 3733 2005 recesse-

2208 2039 2277 2089 rit
2304 2038 2369 2089 ab
2404 2038 2640 2092 Ecclesia
2670 2040 2937 2093 catholica
2972 2042 3024 2094 itt
3058 2044 3526 2110 congregationem
3557 2041 3737 2096 haereti-

2206 2144 2421 2193 corum,
2450 2141 2503 2185 et
2536 2135 2625 2201 qui
2659 2134 2779 2186 aliis
2813 2137 3173 2202 persuaserit,
3209 2149 3284 2189 xtl
3320 2134 3470 2189 annis
3498 2136 3739 2204 poeniteat,

2210 2236 2259 2274 tv
2297 2226 2455 2275 annis
2484 2233 2635 2276 extra
2670 2223 2987 2290 Ecclesiattt,
3025 2237 3075 2279 et
3106 2242 3177 2280 vn
3216 2225 3362 2280 inter
3394 2227 3670 2291 auditores,
3697 2234 3740 2278 ct

2208 2324 2245 2363 tt
2276 2321 2426 2363 extra
2474 2313 2929 2365 cautmuniouent.
2967 2311 3044 2367 De
3076 2314 3159 2369 his
3200 2314 3256 2367 in
3296 2313 3512 2383 Synodo
3543 2313 3639 2385 [ΑΙ.
3664 2328 3742 2365 ca-

2211 2400 2370 2471 nooe]
2411 2401 2613 2454 dicitur
2643 2417 2659 2455 :
2695 2417 2724 2455 ι
2760 2418 2902 2455 anno
2932 2406 3370 2457 communionem
3400 2405 3511 2458 sive
3546 2403 3741 2457 oblatio-

2211 2510 2329 2546 nem
2363 2493 2472 2564 [ΑΙ.
2503 2495 2619 2547 sine
2647 2494 2949 2567 oblatione]
2981 2496 3263 2565 recipiant.
3296 2494 3355 2550 Si
3387 2498 3650 2565 episcOpus
3672 2504 3745 2546 aut

2211 2587 2377 2639 abbas
2400 2586 2623 2652 jusserit
2658 2589 2925 2642 monacho
2956 2603 3056 2643 suo
3100 2605 3195 2657 pro
3253 2590 3518 2644 haereticis
3554 2586 3747 2640 mortuis

2213 2678 2429 2731 missam
2463 2688 2703 2745 cantare,
2735 2695 2839 2732 non
2872 2682 3086 2747 expedit
3126 2680 3176 2735 ei
3211 2680 3457 2735 obedire.
3490 2680 3542 2733 Si
3567 2680 3750 2748 presby-

2214 2777 2327 2821 tero
2355 2770 2663 2837 contigerit,
2693 2780 2746 2825 ct
2778 2771 2848 2825 ibi
2881 2774 3101 2826 missam
3133 2774 3462 2838 cantavcrit,
3487 2782 3537 2826 et
3563 2771 3748 2825 nomina

2217 2870 2575 2924 mortuorum,
2616 2872 2669 2916 et
2709 2862 2870 2916 simul
2918 2866 3288 2918 ttominaverit
3336 2865 3605 2918 haereticus
3651 2878 3751 2917 cunt

2215 2951 2518 3017 catholicis,
2545 2960 2662 3019 post
2689 2952 2909 3007 missam
2940 2954 3029 3024 qui
3066 2956 3418 3016 intellexerit,
3452 2952 3747 3007 bebdomada

2213 3046 2438 3114 jejunet.
2475 3045 2532 3098 Si
2568 3044 2880 3114 frequenter
2922 3047 3133 3111 fecerit,
3164 3063 3371 3101 annum
3418 3057 3577 3101 totum
3611 3044 3756 3115 pinni-

539 3159 850 3217 superetur.
909 3145 1011 3210 Qui
1068 3142 1241 3211 diligit
1294 3140 1551 3195 feminam
1575 3178 1591 3203 ,
1662 3151 1840 3193 tuente
1905 3141 2111 3192 veniam
2142 3180 2184 3235 ϐ
2221 3149 2351 3193 teat.
2382 3140 2435 3193 Si
2472 3140 2594 3207 quis
2626 3139 2716 3192 hic
2761 3153 2859 3208 pro
2904 3152 3077 3194 morte
3111 3141 3357 3195 lueretici
3392 3143 3600 3195 missam
3629 3136 3753 3192 ordia

540 3249 687 3309 petat
718 3255 745 3289 a
774 3238 904 3291 Deo.
937 3236 991 3290 Si
1041 3237 1128 3289 ltle
1172 3234 1368 3287 dixerit
1398 3244 1451 3285 ct
1490 3232 1556 3286 de
1584 3247 1770 3285 amore
1801 3241 1855 3284 et
1886 3234 1946 3284 de
1978 3234 2117 3284 ami-

539 3331 690 3392 citia,
727 3331 820 3382 sed
853 3343 956 3379 non
998 3336 1082 3379 est
1116 3335 1430 3393 susceptum
1477 3326 1544 3377 ab
1572 3340 1655 3388 ea,
1687 3340 1759 3377 vn
1792 3324 1906 3376 dies
1937 3325 2115 3393 poeni-

540 3429 672 3474 teat.
701 3422 911 3472 Annum
936 3418 1205 3484 integrum
1232 3426 1287 3469 et
1319 3430 1408 3470 sex
1442 3431 1676 3479 menses,
1707 3416 1749 3467 si
1780 3415 1859 3468 sic
1885 3416 2119 3470 voluerit

540 3510 817 3576 fornicari,
844 3520 897 3563 et
923 3524 1026 3562 non
1053 3509 1245 3576 potuit.
1275 3507 1329 3560 Si
1353 3508 1473 3573 quis
1499 3505 1669 3559 laicus
1692 3508 1755 3560 de
1783 3506 2114 3559 monasterio

455 3644 463 3651 .
542 3605 863 3659 monacham
898 3604 1112 3657 duxerit
1142 3602 1348 3665 furtim,
1386 3609 1480 3653 aut
1507 3601 1746 3654 intretin
1768 3603 2115 3667 monasterio,

543 3697 653 3749 Deo
690 3696 913 3756 servire,
948 3703 1039 3746 aut
1085 3694 1384 3746 humanum
1432 3695 1626 3746 subeat
1667 3692 1974 3746 servitium.
2015 3692 2118 3747 Pe-

544 3787 702 3840 cunia
749 3785 1000 3838 Ecclesia:
1035 3782 1207 3837 furata
1244 3798 1338 3837 seu
1393 3796 1548 3851 rapta
1589 3782 1845 3837 reddatur
1877 3784 2118 3849 quadru-

543 3879 712 3944 plum,
749 3876 1100 3931 saecularibus
1130 3875 1387 3943 duplicet.
1428 3875 1529 3940 Qui
1561 3890 1703 3942 saape
1734 3875 1934 3928 furtum
1976 3875 2118 3929 fece-

542 3973 631 4033 rit,
664 3985 735 4022 vtt
762 3984 931 4021 annos
967 3968 1249 4036 poeniteat,
1281 3968 1366 4021 vel
1400 3967 1672 4035 quomodo
1702 3970 1956 4021 sacerdos
1977 3968 2121 4037 judi-

539 4061 762 4114 caverit.
818 4058 961 4111 ldcnt
1012 4058 1165 4127 juxta
1213 4058 1358 4125 quod
1413 4058 1660 4124 componi
1710 4059 1868 4112 debet
1918 4059 2119 4128 quibus

543 4149 743 4202 nocuit.
776 4149 837 4201 Et
872 4147 962 4217 qui
1008 4146 1212 4200 furtum
1251 4147 1505 4209 faciebat,
1542 4149 1863 4216 paenitentia
1896 4150 2113 4215 ductus,

544 4254 758 4307 semper
794 4239 953 4292 debet
999 4240 1342 4294 reconciliari
1396 4240 1444 4293 ei
1495 4255 1655 4307 quem
1709 4239 2032 4306 ollendebat,
2066 4250 2121 4295 et

547 4334 833 4383 restituere
864 4327 1017 4395 juxta
1051 4328 1194 4397 quod
1230 4342 1352 4382 eum
1391 4331 1595 4393 nocuit,
1628 4340 1681 4382 et
1728 4331 1952 4383 multum
1991 4331 2120 4384 bre-

546 4420 711 4473 viabit
762 4422 1075 4487 Ittllltilt‘ltlia
1123 4420 1261 4489 ejus.
1308 4418 1364 4473 Si
1406 4434 1533 4474 vero
1584 4421 1840 4485 noluerit,
1872 4431 1968 4475 aut
2013 4436 2120 4474 non

2226 3235 2454 3297 nat-erit,
2484 3244 2534 3287 et
2569 3251 2662 3303 pro
2696 3237 2955 3306 religione
3001 3251 3095 3289 sua
3144 3236 3407 3305 reliquias
3438 3234 3502 3289 de
3531 3234 3615 3287 illo
3641 3231 3756 3285 feceo

2225 3324 2312 3389 rit,
2346 3327 2470 3394 quia
2528 3326 2753 3380 multum
2798 3327 3085 3398 jejunavit,
3118 3336 3173 3381 et
3220 3338 3409 3396 postea
3453 3322 3755 3385 intellexerit,

2224 3418 2595 3486 pmnitcntiam
2643 3420 2850 3488 egerit,
2902 3419 3153 3488 reliquias
3200 3420 3368 3473 debet
3414 3420 3532 3489 igne
3572 3430 3758 3471 concrc-

2225 3519 2479 3573 mare,ct
2536 3526 2700 3564 unum
2754 3527 2954 3564 annum
3004 3513 3296 3581 poenitere.
3359 3510 3415 3564 Si
3470 3512 3553 3564 hic
3593 3508 3680 3561 scit
3718 3513 3761 3558 et

2225 3603 2467 3671 ttegligil,
2507 3603 2824 3669 paenitentia
2872 3614 3180 3657 counnotus
3218 3620 3285 3657 χι.
3326 3603 3487 3658 annis
3522 3600 3759 3671 poeniteat.

2226 3692 2280 3746 Si
2314 3695 2435 3762 quis
2471 3711 2500 3747 a
2538 3694 2639 3747 fide
2675 3695 2764 3747 Dei
2811 3695 3123 3749 discesserit
3154 3697 3274 3749 sine
3310 3695 3419 3749 ulla
3456 3691 3760 3749 necessitate,

2223 3795 2276 3838 et
2315 3795 2432 3852 pust
2471 3801 2536 3839 ex
2582 3792 2694 3838 toto
2729 3786 2911 3838 animo
2948 3786 3329 3855 ptenitentiam
3368 3784 3654 3853 acceperit,
3683 3777 3763 3833 tri-

2225 3878 2325 3931 btts
2356 3879 2513 3932 annis
2543 3889 2694 3930 extra
2733 3878 3052 3940 Ecclesium,
3082 3888 3136 3931 et
3168 3894 3243 3932 vn
3277 3878 3439 3932 annis
3466 3878 3525 3930 in
3560 3870 3761 3928 Ecclesia

2226 3969 2488 4037 pteniteat
2534 3970 2674 4021 inter
2706 3968 3073 4036 pocniteutes;
3106 3976 3159 4022 et
3190 3969 3406 4023 duobus
3440 3967 3587 4021 annis
3617 3961 3763 4016 adhuc

2226 4072 2378 4113 extra
2425 4058 2887 4123 communionem,
2930 4075 3092 4112 unum
3139 4060 3285 4114 inter
3329 4059 3609 4114 audientes
3636 4054 3765 4123 juxta

2226 4149 2502 4204 Nicaenum
2528 4150 2841 4203 concilium.
2866 4150 2966 4217 Qui
2994 4150 3295 4221 perjurium
3335 4151 3468 4205 facit
3493 4150 3543 4205 in
3566 4142 3767 4201 Ecclesia

2227 4255 2282 4295 xt
2313 4255 2485 4295 annos
2519 4241 2823 4309 poeniteat:
2856 4242 2946 4309 qui
2980 4257 3107 4296 vero
3138 4243 3192 4295 in
3226 4244 3555 4297 necessitate
3585 4242 3769 4291 coactus

2226 4331 2297 4384 sit
2339 4339 2519 4383 autem
2572 4330 2844 4399 quoddam
2901 4346 3134 4399 agere.t
3185 4347 3356 4389 anno.
3402 4332 3504 4397 Qui
3555 4330 3601 4383 in
3634 4336 3770 4380 manu

2228 4422 2459 4476 hominis
2486 4422 2655 4491 jurat,
2696 4423 2830 4476 nihil
2862 4433 2963 4477 est.
2996 4425 3051 4477 Si
3081 4439 3209 4479 vero
3248 4424 3523 4495 juraverit
3554 4423 3603 4476 in
3635 4430 3772 4472 manu

545 4520 718 4580 potest
776 4512 1127 4565 Constitntuut
1183 4523 1391 4579 tempus
1440 4514 1702 4581 paenitere
1751 4528 1846 4582 per
1898 4514 2080 4567 omnia
2105 4552 2119 4577 ,
2156 4530 2196 4583 ι)
2227 4518 2462 4584 episcopi
2501 4519 2581 4569 vel
2616 4518 2919 4587 presbyteri
2967 4528 3059 4570 aut
3103 4517 3348 4583 diacOni,
3385 4533 3481 4571 seu
3522 4518 3569 4569 itt
3606 4511 3766 4571 altare,

549 4603 644 4671 qtti
676 4603 821 4655 furat
868 4605 1212 4656 admonetur.
1248 4602 1345 4655 Det
1374 4604 1540 4655 ctiattt
1570 4604 1919 4671 pauperibus.
1958 4601 2119 4657 Jura-

551 4708 636 4751 tus
669 4683 1064 4761 consecratam,
1107 4712 1165 4750 nt
1225 4696 1383 4750 annis
1419 4696 1700 4765 poeniteat,
1738 4695 1856 4748 sine
1903 4696 2125 4764 pingue-

543 4790 691 4852 dine,
751 4798 805 4842 et
853 4798 982 4841 tunc
1036 4789 1423 4843 communicet.
1502 4786 1558 4841 Si
1594 4787 1718 4856 quis
1759 4788 1825 4839 ab
1860 4786 2126 4841 haereticis

546 4881 836 4934 ordinatus
867 4880 1051 4943 fuerit,
1084 4882 1280 4932 iterum
1315 4878 1479 4934 debet
1508 4878 1776 4943 ordinari,
1804 4879 1850 4932 si
1898 4878 2128 4945 irrepre-

550 4974 830 5028 ltensibilis
860 4971 1058 5037 fuerit;
1092 4972 1288 5041 deponi
1333 4978 1569 5039 oportet.
1606 4968 1661 5022 Si
1694 4970 1817 5038 quis
1858 4985 1888 5023 a
1931 4973 2127 5023 catbo-

548 5067 655 5118 lica
695 5064 935 5118 Ecelesia
974 5066 1042 5116 ad
1084 5064 1331 5117 Itazresim
1382 5062 1680 5120 transierit.
1717 5070 1771 5113 et
1818 5071 2001 5129 postea
2047 5078 2131 5116 re-

548 5173 744 5213 versus
773 5158 956 5221 fuerit,
989 5172 1094 5210 non
1142 5165 1319 5225 potest
1360 5154 1601 5209 ordinari
1640 5154 1741 5207 nisi
1781 5169 1873 5223 per
1917 5155 2130 5221 longam

551 5250 955 5320 pmnitentiam,
991 5258 1044 5301 et
1086 5264 1183 5318 pro
1225 5263 1414 5318 magna
1450 5249 1795 5303 necessitate.
1829 5245 1987 5299 Hunc
2032 5248 2132 5299 ln—

556 5347 839 5397 ttocctttius
893 5358 1066 5412 papa,
1123 5357 1222 5396 nec
1268 5352 1389 5409 post
1443 5340 1821 5409 ptenitentiam
1871 5340 2132 5393 clericum

560 5435 714 5501 ﬁeri,
761 5451 1031 5489 canonum
1082 5435 1409 5488 auctoritate
1460 5432 1654 5487 asserit
1715 5431 1975 5498 permitti.
2034 5430 2135 5494 Qui

560 5525 749 5581 fecerit
782 5528 980 5596 pascha
1013 5542 1136 5580 cum
1164 5525 1365 5581 Iudaeis
1402 5536 1597 5593 quarta
1628 5524 1837 5578 decima
1870 5522 2018 5587 luna,
2046 5538 2139 5574 cx-

559 5619 947 5673 terminabitur
997 5620 1065 5672 ab
1109 5618 1259 5673 omni
1304 5616 1545 5672 Ecclesia
1604 5615 1703 5669 nisi
1763 5614 2140 5682 pcenitentiam

565 5710 738 5777 egerit
786 5718 913 5762 ante
965 5718 1214 5765 mortem.
1266 5709 1323 5763 Si
1381 5707 1619 5761 oraverit
1667 5721 1789 5759 cum
1838 5704 1928 5759 illo
1983 5706 2140 5774 quasi

568 5815 697 5857 cum
729 5802 927 5858 clerico
958 5804 1246 5869 catholico,
1281 5805 1582 5874 septimana
1615 5800 1890 5871 pamitcat.
1923 5800 1978 5855 Si
2019 5816 2142 5855 vero

2226 4607 2340 4661 sive
2370 4606 2423 4661 in
2456 4622 2616 4661 cruce
2650 4618 2991 4670 consecrata,
3022 4624 3033 4661 ι
3067 4623 3196 4661 ann.
3226 4610 3532 4677 paeniteat;
3567 4603 3774 4675 pcrjura-

2231 4700 2434 4754 toribus
2472 4716 2568 4754 vn.
2606 4699 2678 4752 De
2713 4700 2795 4753 his
2824 4701 2914 4768 qui
2950 4702 3116 4753 multa
3160 4700 3300 4753 mala
3342 4699 3591 4763 fecerint,
3618 4695 3663 4748 id
3691 4699 3774 4751 εει,

2230 4789 2581 4842 homicidium
2606 4830 2621 4853 ,
2672 4790 2997 4841 adulterium
3038 4804 3160 4843 cnnt
3197 4790 3435 4845 muliere
3472 4799 3525 4841 et
3558 4796 3776 4855 peccam-

2229 4891 2283 4935 et
2316 4881 2542 4945 furtum,
2578 4892 2704 4933 eant
2737 4884 2789 4934 itt
2829 4882 3236 4942 monasterium,
3273 4889 3331 4933 et
3386 4879 3672 4950 pmniteant
3711 4884 3780 4921 use

2231 4992 2338 5044 que
2385 4976 2450 5028 ad
2503 4985 2751 5028 mortem.
2794 4973 2924 5040 Quae
2976 4975 3031 5028 in
3076 4973 3179 5026 alia
3229 4973 3547 5042 provincia,
3582 4981 3689 5038 qua:
3731 4960 3782 5014 ab

2235 5068 2390 5118 hoste
2434 5074 2744 5132 Superatur,
2800 5074 2956 5133 rapta
3012 5063 3238 5126 fuerint,
3292 5064 3347 5116 id
3401 5071 3507 5128 est,
3545 5060 3643 5111 alio
3684 5063 3783 5117 rege

2234 5168 2509 5223 snperato,
2546 5158 2704 5208 tertia
2743 5171 2865 5225 pars
2899 5155 3018 5223 ejus
3059 5155 3125 5208 ad
3177 5154 3490 5209 Ecclesium
3529 5150 3783 5205 tribuatur,

2237 5251 2320 5301 vel
2367 5249 2716 5318 pauperibus.
2766 5248 2829 5301 Et
2879 5263 2946 5302 xx.
2996 5248 3183 5303 diebus
3226 5259 3431 5315 agatur
3481 5237 3781 5312 paenitendi:

2236 5342 2363 5410 quia
2396 5342 2572 5409 jussio
2614 5340 2755 5409 regis
2794 5347 2935 5393 erat.
2986 5338 3085 5405 Qui
3128 5342 3457 5407 sanguinem
3504 5343 3593 5388 aut
3633 5339 3784 5386 semen

2240 5434 2456 5497 biberit,
2496 5447 2556 5486 ιιι
2604 5431 2760 5484 annis
2809 5430 3091 5501 pmniteal.
3131 5428 3399 5482 Maiarum
3442 5423 3787 5496 cogitationum

2243 5522 2577 5591 indulgentia
2613 5531 2699 5575 est
2734 5521 2776 5574 si
2830 5535 2997 5589 opere
3051 5534 3158 5573 non
3206 5518 3527 5588 impleatur,
3562 5527 3652 5569 nec
3686 5521 3790 5564 con-

2244 5616 2504 5671 senserit.
2545 5612 2838 5666 Duodecim
2880 5613 3145 5667 triduana:
3179 5625 3281 5681 pro
3316 5626 3464 5665 anno
3502 5626 3517 5664 t
3556 5599 3790 5676 pensanda

2248 5717 2395 5763 sttnt.
2430 5705 2752 5760 Theodorus
2787 5703 3047 5758 laudavit.
3085 5702 3457 5756 Pusillanimis
3480 5699 3568 5771 qui
3597 5690 3792 5750 manda-

2248 5808 2332 5856 cat
2380 5812 2596 5853 carnem
2642 5797 2975 5851 immundam
3030 5803 3123 5849 aut
3177 5794 3530 5849 ItiOt‘liCiltattt
3570 5787 3795 5843 dilacerr
