3956 6196
271 361 391 426 443

1383 373 1472 434 CA
1483 376 1636 440 NON
1645 377 1738 438 ES
1801 379 1976 441 P(EN
1987 380 2294 443 lTENTlA
2305 385 2459 449 LE5.

3445 389 3552 456 446

267 487 392 532 tam
429 492 458 530 a
500 477 713 541 bestiis,
770 497 836 534 xi.
879 479 998 538 dies
1039 484 1322 554 paeniteat.
1372 488 1431 542 Si
1479 490 1626 544 enim
1677 506 1864 548 neces-
1893 497 1942 556 Α
1969 492 2052 548 vel
2091 493 2142 548 in
2175 495 2516 566 profectione
2563 497 2780 554 itineris
2823 499 2942 556 sine
2979 499 3249 570 baptismo
3292 504 3546 572 moritur,

269 571 415 626 sitas
450 574 614 643 cogit,
643 573 782 628 nihil
815 586 919 630 est.
969 577 1036 630 Et
1071 579 1160 648 qui
1203 596 1304 648 pro
1339 585 1672 639 necessitate
1703 600 1860 639 mau-

272 665 445 718 dncat
477 665 678 719 animal
712 668 859 737 quod
900 667 1238 726 immundum
1281 674 1512 744 videtur,
1551 677 1632 732 vel
1681 693 1858 744 avem,

274 757 366 811 vel
406 758 671 823 bestiam,
739 776 844 815 non
904 773 1084 817 nocet.
1158 763 1327 819 Pulex
1379 769 1424 821 si
1488 769 1750 824 ceciderit
1804 769 1858 822 in

271 847 572 920 liquorem,
607 853 832 907 tollatur
869 855 1012 922 inde,
1041 867 1097 912 et
1131 869 1450 929 aspergatur
1494 877 1634 931 aqua
1669 871 1856 917 sancta

277 943 331 995 si
362 943 554 1000 vivens
584 946 674 999 sit.
709 945 764 1000 Si
800 962 926 1002 vero
961 961 1234 1016 mortuus,
1266 953 1446 1007 omnis
1481 953 1658 1022 liquor
1690 951 1861 1020 proji-

269 1034 452 1090 cietur
494 1035 660 1093 foras.
697 1038 806 1094 Nec
852 1041 1057 1098 homini
1104 1043 1284 1109 detur,
1316 1054 1371 1099 et
1413 1046 1705 1100 mandetur
1739 1061 1856 1102 vas.

267 1125 542 1183 Similiter
569 1129 726 1187 cibus
765 1131 855 1188 ille
897 1133 1160 1202 liquidus,
1199 1135 1253 1190 in
1294 1153 1402 1206 quo
1435 1153 1575 1204 mus,
1605 1139 1692 1193 vel
1733 1156 1854 1192 mu-

269 1219 433 1274 stella
494 1221 752 1278 immersa
814 1227 1068 1290 moritur,
1111 1240 1376 1298 purgetur
1423 1241 1478 1284 et
1532 1240 1858 1302 aspergatur

269 1328 411 1382 aqua
463 1321 681 1380 sancta,
716 1325 770 1370 et
823 1326 1072 1372 sumatur
1119 1319 1164 1374 si
1213 1324 1508 1376 necessitas
1561 1321 1746 1378 fuerit.
1793 1323 1848 1378 Si

267 1420 401 1460 aves
442 1416 820 1463 stercorantur
863 1410 914 1463 in
955 1426 1340 1481 quemcunque
1375 1412 1662 1482 liquorem,
1703 1416 1858 1470 tolla-

271 1504 358 1547 tar
391 1497 459 1548 ab
483 1511 550 1550 eo
580 1507 793 1552 stercus
833 1509 884 1552 et
925 1501 1297 1556 sanctificetur
1327 1519 1490 1571 aqua,
1533 1515 1585 1556 et
1620 1505 1856 1562 Ittttndtts

267 1585 374 1640 erit
414 1590 589 1643 cibus.
625 1590 954 1662 Sanguinem
1005 1595 1208 1649 inscius
1260 1597 1488 1650 sorbere
1525 1613 1647 1652 cum
1681 1599 1852 1652 saliva

268 1693 378 1732 ι.οιι
411 1691 496 1735 est
527 1692 832 1749 peccatum.
859 1684 961 1750 Qui
991 1689 1303 1757 sanguinet,
1335 1705 1662 1760 quocunque
1692 1694 1852 1748 modo

269 1772 568 1839 polluetur.
605 1775 944 1832 lmmundum
981 1781 1114 1834 nihil
1159 1793 1266 1844 est,
1314 1783 1356 1836 si
1399 1785 1502 1837 scit
1537 1801 1550 1837 :
1588 1788 1855 1853 pteniten-

268 1865 338 1916 tia
372 1865 537 1919 detur
563 1867 722 1937 justa
753 1872 972 1926 modum
1009 1875 1347 1943 pollutionis.

393 2023 473 2078 De
504 2029 868 2085 sacerdotibus
901 2034 992 2102 qui
1021 2036 1496 2105 concupiscentiam
1533 2039 1746 2095 habent.

337 2139 613 2196 Sacerdos
665 2143 710 2198 si
766 2147 1035 2215 tangendo
1095 2149 1376 2204 mulierem
1439 2167 1501 2206 ac
1559 2155 1856 2207 osculando

267 2231 736 2301 coinquinabitur.
774 2251 842 2290 xx.
887 2237 1004 2292 dies
1059 2240 1343 2308 pteniteat.
1393 2243 1457 2296 Et
1491 2244 1536 2297 si
1574 2246 1854 2300 osculatus

265 2331 352 2376 est
385 2325 644 2379 feminam
687 2343 785 2396 per
825 2330 1177 2399 desiderium,
1217 2350 1284 2388 xx
1319 2335 1437 2390 dies
1472 2339 1756 2404 pmniteat.
1793 2340 1851 2393 Si

268 2429 366 2482 per
399 2417 788 2485 c03itationem
839 2421 1038 2476 fuderit
1077 2441 1287 2492 semen,
1326 2428 1664 2482 hebdomada
1705 2430 1853 2498 jeju-

263 2517 392 2572 net;
432 2509 680 2565 irritante
712 2529 896 2578 manu,
919 2531 970 2567 χι
991 2515 1125 2581 dies,
1151 2518 1228 2570 vcl
1255 2535 1397 2572 annu
1425 2538 1480 2575 u.
1509 2523 1564 2576 Si
1589 2523 1847 2592 pollutus,

264 2614 321 2651 tu
349 2599 717 2656 bebdmnadas
733 2603 964 2669 jeinnet.
1039 2607 1092 2660 Si
1125 2609 1248 2676 quis
1274 2610 1557 2682 presbyter
1579 2615 1856 2680 paeniten-

266 2694 396 2747 tiam
425 2693 792 2751 morientihus
825 2697 1194 2768 abnegaverit,
1222 2717 1350 2757 reus
1376 2705 1479 2757 erit
1508 2710 1700 2760 anima:
1718 2723 1849 2769 stire,

263 2786 389 2852 quia
441 2785 706 2842 Dominus
735 2789 910 2846 dicit:
949 2788 1012 2846 In
1052 2809 1361 2864 quacunque
1393 2797 1524 2850 liora
1571 2815 1850 2853 conversus

262 2875 423 2942 fuerit
463 2887 732 2941 peccatur,
768 2880 871 2932 vita
908 2881 1063 2946 vivet,
1096 2892 1148 2938 et
1187 2901 1292 2938 non
1339 2887 1596 2939 morietur
1628 2889 1846 2954 (Ezeelt.

265 2981 458 3029 sum,
493 2967 604 3036 12).
639 2967 777 3024 Vera
808 2973 952 3025 enim
985 2974 1260 3029 confessio
1294 2975 1346 3029 in
1385 2976 1574 3032 ultimo
1609 2989 1850 3048 tempore

261 3069 442 3126 potest
475 3075 596 3114 esse
629 3079 643 3114 :
678 3067 804 3131 quia
832 3064 1092 3121 Dominus
1125 3076 1312 3122 noster
1345 3085 1447 3122 non
1484 3071 1666 3126 solum
1711 3083 1852 3126 tent-

261 3152 428 3217 poris,
454 3156 552 3208 sed
579 3165 630 3209 et
658 3157 833 3210 cordis
859 3158 1132 3227 inspector
1151 3171 1256 3217 est.
1292 3161 1382 3217 Sic
1413 3163 1595 3232 (latro)
1624 3165 1677 3218 in
1717 3165 1845 3218 hora

259 3245 475 3312 ultima,
511 3247 856 3303 confessione
899 3264 1008 3304 uno
1058 3262 1333 3308 momento
1384 3255 1585 3309 meruit
1631 3272 1754 3312 esse
1793 3259 1844 3310 in

259 3342 533 3409 paradiso.
566 3339 624 3392 Si
653 3341 950 3398 monachus
975 3360 1097 3398 cum
1126 3353 1389 3401 monacha
1419 3348 1834 3406 fornicationem

257 3433 495 3496 faciens.
533 3449 609 3488 vtt
659 3449 833 3490 annos
893 3436 1178 3504 poeniteat.
1225 3438 1326 3505 Qui
1381 3455 1478 3507 per
1524 3441 1838 3496 violentiam

257 3525 610 3598 cogitationis
659 3540 845 3581 semen
901 3528 1123 3593 fuderit,
1167 3546 1226 3582 Ill
1279 3531 1394 3585 dies
1449 3532 1730 3600 paeniteat.
1780 3534 1838 3588 Si

255 3622 498 3674 sccumla
553 3619 670 3676 vice
721 3619 769 3673 ei
828 3620 1141 3692 contigerit,
1186 3640 1253 3677 ιιι,
1306 3625 1445 3690 dies,
1487 3636 1581 3679 aut
1630 3643 1834 3682 annutn

256 3714 548 3780 pauitant.
584 3712 638 3766 Si
673 3712 796 3782 plus
827 3715 1122 3776 addantur,
1151 3714 1366 3784 jejunet
1403 3718 1486 3770 vel
1523 3733 1630 3772 uno
1664 3733 1833 3784 anno,

256 3807 336 3857 v.-l
364 3803 817 3873 quadragesimas
849 3819 928 3859 ιτι.
962 3809 1061 3874 Qui
1098 3823 1158 3862 se
1185 3809 1358 3878 ipsum
1391 3811 1707 3881 coinquinat
1733 3828 1835 3868 cst.

256 3897 372 3951 dies
408 3897 692 3961 praeniteat.
730 3895 785 3949 Si
837 3913 969 3966 puer
1019 3909 1126 3960 est,
1164 3915 1232 3953 xx
1279 3900 1396 3954 dies
1433 3901 1742 3969 vapuletur.
1775 3899 1834 3956 Si

255 4005 378 4041 cum
428 3987 644 4047 ordine,
690 4001 764 4040 nt
807 3989 1251 4058 quadragesimus
1302 3991 1382 4044 vel
1432 4005 1449 4043 ι
1493 4007 1730 4052 annum.
1787 3993 1834 4047 si

254 4080 710 4150 frequentaverit.
750 4079 808 4132 Si
849 4081 972 4148 quis
1021 4083 1414 4138 renuntiaverit
1464 4087 1745 4148 saeculum,
1782 4090 1836 4139 et

259 4183 446 4239 postea
479 4185 732 4224 reversus
763 4171 814 4224 in
845 4172 1104 4226 sa'culum
1135 4183 1194 4229 et
1221 4175 1430 4235 habitu.
1459 4177 1505 4230 si
1539 4179 1834 4232 monachus

255 4272 360 4326 est,
381 4270 440 4316 et
465 4273 592 4330 post
621 4263 736 4318 haec
761 4251 1140 4332 paenitentiam
1167 4267 1358 4334 egerit,
1390 4282 1420 4320 ι
1451 4283 1624 4322 annos
1657 4267 1836 4336 poeni-

259 4363 388 4408 teat.
425 4352 482 4408 Si
517 4355 775 4425 probatus
815 4356 978 4410 fuerit
1024 4357 1076 4411 in
1111 4360 1256 4412 omni
1291 4359 1632 4428 poenitentia,
1664 4360 1718 4413 in
1755 4360 1834 4414 la-

257 4449 486 4519 crymis,
519 4449 574 4504 in
605 4451 970 4516 orationibus,
1007 4452 1280 4507 humanus
1329 4462 1573 4508 curatum
1617 4453 1834 4523 episco-

1969 586 2292 654 deponatnr.
2336 590 2604 646 Similiter
2644 593 2735 662 qui
2767 585 2970 648 occidit
3005 594 3302 660 hominem,
3333 597 3420 652 vel
3451 601 3542 668 qui

1967 676 2597 752 fornicationemfacit,
2655 687 2984 756 deponatur.
3043 687 3100 741 Si
3152 689 3276 756 quis
3322 691 3541 746 viduam

1967 773 2263 839 acceperit,
2296 788 2402 826 non
2431 785 2608 842 potest
2632 777 2900 842 ordinari,
2921 777 3065 833 sicut
3094 777 3313 848 bigami.
3334 778 3390 834 Si
3417 783 3542 851 quis

1963 859 2203 928 baptizat
2236 879 2332 932 per
2367 869 2756 933 temeritatem,
2788 884 2895 924 non
2932 871 3242 937 ordinatus,
3277 873 3540 939 abjicien«

1963 953 2063 1009 dus
2089 967 2172 1010 cst
2203 962 2274 1010 ab
2301 957 2565 1026 Ecclesia,
2599 972 2654 1016 et
2687 978 2965 1032 nunquam
2996 963 3304 1018 ordinetur.
3332 963 3542 1030 Quibus

1961 1045 2226 1114 baptimti
2261 1062 2392 1104 sunt
2422 1052 2708 1122 ignoratis,
2738 1070 2844 1110 non
2878 1056 3118 1126 indigent
3148 1071 3245 1127 pro
3273 1071 3340 1111 eo
3369 1059 3544 1125 posui-

1963 1143 2153 1206 tentia,
2197 1143 2296 1196 nisi
2349 1145 2491 1212 quod
2539 1150 2836 1202 secundum
2878 1164 3120 1204 canones
3161 1165 3270 1203 non
3309 1159 3540 1220 possunt

1959 1233 2226 1301 ordinari,
2261 1237 2364 1290 nisi
2407 1253 2597 1307 magna
2647 1239 2951 1294 necessitas
2985 1249 3167 1309 cogat.
3201 1241 3301 1308 Qui
3340 1241 3537 1295 iterum

1958 1323 2215 1394 baptizati
2249 1337 2375 1380 sunt
2408 1346 2422 1384 :
2453 1330 2608 1399 quasi
2646 1330 2843 1384 iterum
2880 1331 3158 1386 Christum
3191 1335 3536 1402 cruciﬂgant,

1961 1429 2030 1466 vn
2079 1415 2238 1468 annis
2294 1420 2618 1486 poeniteanl,
2659 1435 2707 1473 tv
2758 1431 2814 1474 et
2865 1434 3019 1476 sexta
3073 1421 3206 1476 feria
3259 1425 3311 1476 in
3364 1422 3540 1478 tribus

1958 1507 2412 1576 quadragesimis.
2442 1509 2496 1562 Si
2525 1525 2624 1578 pro
2652 1510 2782 1564 vitio
2813 1512 2998 1582 aliquo
3029 1514 3212 1577 fuerit,
3245 1515 3288 1568 si
3319 1514 3408 1568 hic
3439 1527 3540 1583 pro

1958 1600 2230 1655 munditia
2267 1601 2478 1656 licitum
2512 1607 2805 1673 putaverit,
2842 1623 2903 1661 ιιι
2937 1608 3098 1662 annis
3126 1609 3407 1677 pauiteat.
3440 1607 3544 1674 Qui

1957 1701 2217 1758 operatur
2239 1691 2328 1746 die
2355 1693 2656 1758 Dominico,
2683 1711 2755 1750 vn
2783 1697 2900 1752 dies
2925 1701 3212 1766 paeniteat,
3249 1711 3344 1754 aut
3377 1715 3549 1769 vapu-

1959 1780 2124 1835 letttr.
2176 1781 2230 1835 Si
2283 1784 2408 1852 quis
2453 1785 2505 1838 in
2555 1788 2641 1841 die
2685 1789 2968 1843 Dominico
3016 1805 3112 1858 per
3160 1790 3543 1860 negligentiam

1883 1861 1930 1922 Β
1953 1872 2309 1942 jejunaverit,
2339 1873 2679 1931 hebdomada
2710 1888 2819 1933 tcta
2849 1879 3081 1947 jcjunet.
3110 1881 3176 1935 Et
3206 1881 3250 1936 si
3281 1880 3542 1943 secunda,

1960 1981 2031 2018 xx
2079 1965 2197 2022 dies
2249 1969 2530 2037 pwniteat.
2588 1969 2645 2024 Si
2701 1971 2890 2042 quinta
2947 1971 3274 2036 Dominica,
3315 1989 3383 2027 ιι
3425 1973 3544 2027 dies

1959 2061 2243 2126 pmniteat.
2290 2059 2344 2114 Si
2393 2061 2518 2129 quis
2571 2077 2670 2130 pro
2719 2063 3074 2117 damnatione
3120 2065 3208 2118 die
3259 2064 3541 2120 Dominico

1953 2150 2188 2219 jrjnnat,
2223 2152 2371 2206 sicut
2404 2151 2624 2206 Judaeus
2651 2154 2994 2208 abominetur
3020 2155 3088 2209 ab
3117 2155 3263 2208 omni
3299 2153 3539 2209 Ecclesia

1957 2241 2251 2296 catboiica.
2295 2241 2352 2296 Si
2403 2245 2822 2314 contempserit,
2862 2254 2916 2299 et
2966 2245 3228 2300 indicavit
3267 2244 3536 2314 jejunium

1958 2331 2222 2394 Ecclesia,
2251 2343 2305 2386 et
2347 2343 2538 2387 contra
2583 2334 2800 2389 decreta
2849 2336 3130 2390 seniorum
3173 2336 3364 2391 fecerit
3395 2351 3536 2405 qua.

1957 2423 2312 2492 dragesimas,
2350 2439 2415 2476 st.
2446 2425 2564 2478 dies
2599 2426 2881 2493 poeniteat.
2916 2424 2975 2481 Si
3011 2426 3152 2481 intra
3184 2427 3539 2496 quadragesi-

1958 2527 2124 2575 mum,
2151 2528 2318 2565 unum
2348 2529 2548 2566 annum
2581 2516 2865 2584 paeniteat.
2896 2514 2950 2569 Si
2979 2513 3246 2584 frequent.
3271 2533 3296 2568 r
3321 2514 3533 2578 ficerit,

1956 2617 2011 2660 et
2045 2607 2098 2659 in
2131 2609 2586 2662 consuetudinem
2624 2606 2820 2663 fecerit
2857 2610 2930 2673 ei,
2970 2609 3428 2664 exterminabitur
3465 2609 3534 2660 ab

1957 2697 2227 2764 Ecclesia,
2251 2698 2482 2753 Domino
2506 2701 2756 2755 dicente:
2779 2699 2881 2764 Qui
2901 2701 3346 2758 seandalizavert’t
3371 2714 3537 2753 unum

1954 2790 2018 2842 de
2045 2789 2254 2859 pusillis
2283 2790 2424 2857 istis,
2453 2792 2544 2862 qui
2575 2793 2628 2846 in
2659 2809 2737 2846 me
2768 2793 2987 2846 credunt
3020 2791 3243 2865 (Matth.
3271 2807 3430 2856 svnt,
3456 2790 3534 2860 6),

1954 2893 2063 2936 etc.

2095 2974 2170 3028 De
2207 2978 2572 3030 communione
2607 2976 2984 3044 Eucltaristite,
3016 2988 3071 3029 ut
3103 2975 3392 3042 sacriﬁcio.

2023 3066 2360 3122 Poeniteutes
2395 3067 2698 3123 secundum
2735 3083 2974 3123 canones
3007 3083 3112 3121 non
3146 3067 3345 3121 debent
3383 3081 3537 3122 com-

1954 3157 2235 3210 municare
2283 3167 2411 3212 ante
2457 3157 2984 3212 consummationem
3035 3156 3398 3227 paenitentiae.
3438 3154 3534 3210 His

1955 3262 2052 3316 pro
2089 3248 2464 3303 misericordia
2507 3265 2602 3319 per
2635 3265 2838 3304 annum
2872 3249 2959 3304 vel
2990 3265 3084 3304 sex
3117 3263 3332 3304 menses
3365 3249 3536 3302 licem-

1957 3341 2085 3394 tiatn
2136 3341 2350 3395 damus.
2403 3340 2716 3396 Secundum
2759 3341 2930 3410 culpae
2966 3340 3185 3395 modum
3219 3348 3529 3409 temperan-

1949 3436 2079 3489 dum
2111 3445 2212 3497 est,
2249 3435 2380 3498 cito,
2417 3437 2497 3488 Vel
2554 3437 2729 3488 tarde.
2780 3434 2882 3501 Qui
2941 3434 3154 3505 accepit
3197 3431 3532 3488 sacriﬁcium.

1948 3539 2068 3595 pOSt
2097 3528 2299 3590 cibum,
2334 3542 2404 3580 vn
2435 3526 2625 3580 diebus
2662 3527 2940 3596 pinniteat.
2975 3525 3154 3580 Omne
3193 3523 3523 3579 sacrificium

1946 3619 2165 3673 sordida
2221 3629 2490 3672 Vetustate
2543 3630 2884 3686 corruptum,
2925 3619 3032 3688 igni
3089 3617 3523 3672 comburendum

1943 3721 2048 3766 est.
2087 3711 2143 3765 Si
2175 3726 2328 3776 casu,
2371 3712 2498 3766 fera:
2535 3715 2616 3765 vel
2648 3727 2774 3766 aves
2819 3713 3102 3774 devorant,
3136 3726 3197 3764 ιιι
3231 3709 3528 3762 hebdoma-

1941 3801 2040 3856 das
2061 3802 2288 3870 jejunet.
2319 3803 2376 3856 Si
2407 3803 2709 3872 negligens,
2740 3819 2798 3856 ιιι
2824 3801 3290 3871 quadragesimas.
3322 3799 3378 3852 Si
3402 3803 3528 3866 quis

1941 3899 2026 3948 vir
2060 3896 2310 3961 maritus,
2343 3896 2425 3949 vel
2468 3895 2666 3950 mulier
2709 3904 2898 3949 votum
2943 3895 3152 3948 habens
3190 3890 3526 3961 virginitatis

1935 3986 2186 4056 jungitur
2236 3988 2614 4052 matrimonio,
2668 3996 2774 4040 non
2824 3988 3066 4040 dimittat
3111 3985 3286 4048 illum,
3328 3985 3424 4037 sed
3462 3997 3522 4036 ιιι

1945 4093 2121 4134 annos
2173 4081 2458 4148 paeniteat.
2515 4078 2706 4133 Mulier
2757 4094 2866 4133 non
2917 4079 3043 4132 licet
3090 4086 3275 4132 votmn
3325 4088 3526 4130 vovere

1943 4171 2064 4224 sine
2099 4184 2372 4224 consensu
2406 4169 2507 4221 viri
2539 4186 2553 4222 :
2589 4169 2681 4222 sed
2729 4171 2774 4224 si
2817 4169 3068 4234 voluerit,
3100 4167 3300 4222 dimitti
3339 4175 3524 4234 potest

1935 4261 2145 4333 judicio
2180 4260 2505 4316 sacerdotis.
2544 4260 2736 4315 Mulier
2766 4275 2886 4330 quae
2917 4277 2975 4315 se
3009 4275 3163 4314 more
3198 4257 3521 4312 fornicatio-

1941 4354 2031 4408 nis
2078 4352 2382 4407 adulteram
2434 4351 2808 4421 conjnnxeiit,
2840 4363 2936 4406 aut
2981 4368 3052 4406 vu
3097 4359 3195 4404 aut
3244 4363 3304 4404 tu
3349 4362 3524 4402 annos

1941 4448 2226 4516 paeniteat,
2253 4446 2397 4500 sicut
2433 4443 2754 4500 fornicator.
2795 4445 2950 4498 Sicut
2978 4455 3030 4498 et
3064 4443 3155 4496 illa
3187 4457 3309 4512 qua
3335 4455 3523 4495 semen

259 4556 358 4610 pus
402 4551 588 4611 poles],
627 4540 832 4598 Licere,
881 4543 937 4597 Si
991 4546 1293 4600 monachus
1335 4560 1442 4599 non
1483 4543 1583 4598 fuit
1616 4546 1833 4615 quando
1867 4545 1910 4602 ο
1939 4539 2020 4592 sui
2061 4539 2114 4593 ἰιι
2150 4538 2277 4593 cibo
2317 4539 2528 4602 miscet,
2564 4547 2621 4592 ιιι
2671 4540 2810 4592 idem
2859 4538 2980 4606 plus
3028 4537 3233 4591 amoris
3265 4533 3518 4604 accipiat.

259 4633 486 4687 recessit
533 4634 601 4686 ab
650 4632 917 4699 Ecclesia,
949 4649 1025 4689 vn
1073 4635 1232 4690 annis
1281 4637 1564 4704 pmuiteat.
1606 4637 1662 4692 Si
1704 4639 1834 4708 quis

257 4726 550 4794 episcopus
573 4725 656 4779 vel
685 4727 976 4797 presbyter
997 4735 1089 4784 aut
1117 4726 1384 4781 diaconus
1415 4726 1828 4783 fornicationem

258 4819 504 4884 faciens,
552 4819 839 4888 degradari
893 4821 1127 4884 debent,
1173 4831 1228 4875 et
1275 4821 1562 4888 paenitere.
1605 4822 1663 4874 Si
1714 4820 1837 4890 quis

256 4921 547 4978 postquam
574 4925 634 4963 se
657 4911 891 4977 voverit,
920 4911 1234 4964 saecularem
1265 4913 1505 4966 habitum
1539 4913 1837 4981 acceperit,

259 5004 384 5056 item
439 5002 507 5056 ad
561 5002 796 5070 aliquem
853 5003 1078 5072 gradum
1139 5004 1400 5058 accedere
1451 5005 1676 5059 omnino
1725 5019 1833 5058 non

256 5098 436 5151 debet.
491 5095 551 5150 Si
609 5098 732 5164 quis
791 5097 1268 5166 presbyterorum,
1323 5107 1417 5150 aut
1481 5096 1834 5150 diaconorum

259 5203 481 5241 uxorem
527 5196 844 5241 extraneam
896 5186 1138 5248 duxerit,
1176 5187 1230 5239 in
1275 5185 1606 5241 conscientia
1647 5184 1833 5254 populi

258 5283 580 5346 deponatur.
631 5277 687 5332 Si
737 5277 1064 5330 adulterium
1113 5279 1510 5348 perpetraverit
1558 5292 1680 5331 cum
1720 5275 1832 5341 illa,

257 5383 305 5423 et
332 5372 385 5424 in
414 5371 747 5425 conscientia
775 5371 955 5440 populi
989 5371 1294 5434 devenerit,
1323 5369 1644 5441 projiciatur
1677 5378 1830 5424 extra

257 5462 581 5526 Ecclesium,
619 5471 678 5516 et
713 5464 972 5532 patuiteat
1010 5463 1156 5517 inter
1187 5462 1377 5528 laicus,
1408 5463 1648 5531 quandiu
1689 5462 1838 5514 vixe-

259 5557 346 5608 rit.
378 5555 435 5610 Si
471 5556 594 5622 quis
635 5555 971 5610 concubinas
1006 5555 1279 5618 habuerit,
1313 5569 1420 5608 non
1473 5553 1638 5608 debet
1683 5554 1836 5608 ordi-

256 5649 398 5702 nari.
445 5647 766 5718 Quicunque
815 5649 958 5702 enim
1004 5647 1288 5719 presbyter
1337 5648 1388 5700 in
1438 5646 1654 5715 propria
1706 5661 1833 5714 pro-

261 5740 462 5805 vincia,
494 5751 586 5794 aut
631 5741 683 5794 in
722 5741 848 5802 alia,
879 5749 933 5795 et
973 5740 1283 5808 ubicunque
1335 5737 1498 5794 fuerit
1558 5740 1646 5792 inv
1685 5745 1831 5801 ntus,

255 5835 694 5890 commendatum
750 5834 852 5890 sibi
913 5832 1189 5890 inﬁrmum
1245 5829 1523 5901 baptizare
1576 5827 1831 5892 noluerit,

1945 4630 2095 4686 Uxor
2121 4645 2244 4699 qua:
2269 4645 2368 4698 pro
2397 4631 2634 4684 remedio
2665 4630 2988 4698 sanguinem
3019 4628 3119 4681 viri
3154 4626 3236 4682 sui
3268 4635 3524 4696 gustave-

1946 4718 2037 4786 rit,
2066 4733 2196 4772 xvnt
2224 4719 2339 4772 dies
2365 4720 2648 4788 poeniteat.
2680 4719 2933 4772 Mulieres
2961 4726 3248 4772 utenstruo
3279 4728 3528 4782 tempore

1943 4826 2049 4865 non
2082 4810 2284 4865 intrent
2312 4811 2365 4864 in
2394 4811 2707 4874 ecclesiam,
2739 4825 2916 4880 neque
2949 4808 3378 4869 communicent,
3418 4818 3530 4859 nec.

1945 4905 2096 4959 laicae
2141 4918 2243 4961 nec
2289 4905 2604 4970 monachae;
2648 4914 2704 4959 et
2749 4905 2796 4959 si
2841 4903 3020 4974 ipsum
3069 4901 3421 4970 sumpserint,
3458 4911 3528 4953 ut

1945 4997 2313 5051 hebdomadas
2332 4997 2598 5066 jejunent.
2629 4997 2894 5052 Similiter
2920 4996 3183 5067 paeniteat
3206 5008 3324 5061 quae
3351 4993 3532 5044 intrat

1945 5090 1997 5142 in
2022 5090 2308 5144 ecclesiam
2337 5100 2464 5144 ante
2488 5092 2748 5144 murtdnm
2775 5089 3095 5158 sanguinem
3127 5096 3247 5155 post
3273 5091 3519 5153 partum,

1945 5195 2012 5234 χι.
2045 5181 2160 5235 dies
2192 5181 2474 5250 pamiteat.
2503 5182 2604 5248 Qui
2635 5182 2884 5251 nupserit
2912 5179 2996 5234 bis
3028 5177 3380 5244 temporibus,
3410 5187 3520 5227 xu

1943 5276 2062 5328 dies
2107 5275 2398 5343 paeniteat.
2427 5275 2532 5337 Qui
2593 5275 2854 5344 nupserit}
2881 5274 2969 5327 die
2998 5269 3308 5330 Dominico,
3344 5266 3527 5319 tribus
3570 5265 3576 5269 ⁷

1943 5365 2130 5421 diebus
2155 5367 2433 5436 paeniteat.
2467 5365 2522 5420 Si
2555 5367 2638 5421 vir
2668 5381 2790 5421 cum
2826 5377 2996 5418 uxore
3029 5375 3126 5417 sua
3153 5371 3300 5414 retro
3321 5371 3526 5427 nupse-

1944 5459 2033 5525 rit,
2066 5475 2132 5514 ιι.
2150 5460 2265 5516 dies
2295 5461 2575 5531 paeniteat.
2593 5457 2649 5512 Si
2679 5459 2732 5512 in
2765 5469 2913 5525 tergo
2947 5454 3212 5524 nupserit,
3247 5449 3522 5516 pmnitere

1942 5553 2103 5606 debet
2129 5551 2288 5622 quasi
2321 5551 2412 5606 ille
2437 5553 2529 5621 qui
2564 5566 2687 5605 cum
2717 5548 3044 5603 animalibus
3067 5544 3282 5600 coierit.
3305 5541 3361 5596 Si
3395 5541 3526 5610 quis

1943 5643 2143 5696 furtum
2204 5643 2434 5713 capitale
2493 5641 2722 5704 fecerit,
2779 5639 2830 5694 id
2887 5651 3012 5703 est,
3095 5633 3520 5705 quadrupedia,

1943 5732 2025 5784 vel
2076 5731 2294 5785 domum
2345 5731 2653 5801 effregerit.
2698 5747 2727 5784 v
2782 5731 2942 5786 annis
2999 5728 3293 5800 pmuiteat,
3336 5740 3393 5780 ιιι
3447 5738 3524 5782 ex

1945 5821 2127 5876 bis....
