3956 6196
246 283 354 344 ιιι

1403 281 2077 343 MARTYROLOGIUM
2113 283 2377 344 VETUS.

3390 284 3500 350 1.50

249 393 502 467 antiquae
527 391 605 448 rei
655 391 1138 467 peritissimus._a_c
1186 390 1416 467 diligens
1451 396 1758 467 indagator,
1803 411 1832 450 e
1881 397 2296 467 membranaceo
2348 395 2536 451 codice
2587 396 2910 467 ῥεκτήριος,
2963 406 3016 451 ιιι
3069 398 3240 465 ipsum
3293 398 3496 455 litteiis

250 463 769 544 interpellaverain,
835 461 1137 544 transvehi
1177 464 1244 544 ad
1288 461 1400 519 _me
1465 461 1668 536 quanta
1734 466 1908 537 potuit
1969 466 2243 544 diligentia
2310 468 2538 544 curavit.
2594 461 2807 544 _V_ern{n
2873 470 2994 535 quia
3062 461 3494 544 Martyrologium

247 542 641 656 rrgpeastomm
675 536 802 602 ,jain
841 536 1145 604 typisrerat
1199 536 1524 605 impressum
1565 552 1690 590 cum
1741 536 1958 592 menses
2011 536 2132 591 illos
2185 538 2392 606 accepi,
2442 536 2658 591 nonnisi
2709 553 3007 605 perpaucas
3047 536 3212 605 po.ui’
3244 538 3497 608 supplere

270 622 300 656 ι
341 620 416 656 un
483 638 500 656 .

270 618 500 658 acunas.

869 824 1206 880 EPISTULA

246 935 543 975 CIBOIA'I'II
572 936 638 974 ιτ
667 933 949 973 ιιειλοοοιιι
985 933 1344 974 εριεεοροιιιιιι
1379 938 1446 974 AD
1475 938 1684 976 ιιελτυιι
1713 937 1829 975 ΙΙΙΕο

335 1005 608 1051 ιοιιῐιιυι,
649 1006 717 1042 DE
756 1003 923 1042 OPBRE
963 1005 1355 1045 ιιλιιττιιυιυςιι
1396 1005 1747 1046 (ῖοιιιοιιιοο.

1851 841 1894 897 Α
1931 830 2429 886 Christianissimus
2488 831 2738 896 princeps
2805 830 2862 885 S.
2915 831 3236 902 Gregorium
3288 833 3498 888 Conlu-

1925 923 2111 976 bensis
2151 921 2406 976 Ecclesiae
2456 921 2506 974 in
2562 935 2628 974 eo
2671 905 2926 990 pra-ferre
2971 923 3305 988 antistitem,
3358 927 3499 991 quod

1930 1015 2076 1068 omni
2107 1014 2214 1077 die,
2247 1014 2358 1067 sive
2392 1027 2497 1066 non
2525 1011 2801 1080 jejunans,
2838 1013 3135 1065 matutinas
3166 1028 3180 1068 :
3213 1015 3326 1068 sive
3355 1013 3500 1081 jeju—

247 1102 485 1157 Domino
534 1117 720 1157 sancto
768 1102 912 1156 Patri
970 1102 1326 1174 Hieronymo.
1382 1104 1730 1159 Chromatius
1775 1117 1832 1160 et
1927 1120 2082 1170 natis,
2128 1104 2467 1171 vespertinas
2495 1103 2782 1171 ,explicans
2827 1103 3044 1161 missas,
3077 1119 3263 1156 eorum
3300 1099 3499 1174 marty-

416 1174 738 1227 Heliodorus
768 1173 1033 1242 episc0pi,
1071 1177 1125 1227 in
1158 1173 1384 1229 Domino
1415 1180 1666 1228 salutem.

321 1285 456 1340 Cum
489 1284 929 1354 religiosissimus
956 1285 1227 1355 Augustus
1259 1284 1592 1342 Theodosius
1627 1287 1832 1342 Medio-

241 1377 358 1430 iani
415 1375 604 1431 urbem
657 1385 802 1430 esset
852 1375 1160 1446 ingressus,
1219 1377 1609 1446 universosque
1661 1376 1825 1432 lialite

244 1469 538 1536 episcopos
565 1470 632 1521 ad
664 1483 724 1522 se
761 1468 1062 1530 invitasset,
1089 1477 1142 1521 et
1167 1468 1236 1522 ob
1263 1484 1480 1522 causam
1515 1471 1828 1539 aliquantu-

237 1563 425 1616 lornm
452 1561 853 1630 episcoporum,
878 1561 966 1630 qni
997 1577 1059 1616 ex
1086 1561 1281 1616 Ariana
1316 1560 1444 1616 faece
1471 1578 1594 1616 suas
1615 1563 1826 1618 animas

245 1655 654 1722 inquinassent,
691 1653 996 1720 inquireret
1029 1668 1045 1707 :
1076 1652 1300 1720 contigit
1332 1663 1387 1707 et
1426 1664 1668 1707 nostram
1703 1669 1829 1721 par-

246 1747 471 1798 vitatem
523 1747 576 1798 in
624 1746 814 1799 eodem
878 1745 1069 1799 adesse
1136 1744 1390 1798 concilio.
1445 1731 1660 1814 ln’qno
1705 1761 1826 1800 cum

241 1837 484 1891 dicenda
524 1837 668 1892 dicta
699 1846 902 1903 essent,
935 1847 991 1892 et
1035 1837 1344 1892 deﬁnienda
1393 1837 1636 1903 deﬁnita,
1667 1838 1830 1907 cmpit

1925 1211 2068 1259 rum,
2105 1211 2330 1265 quorum
2368 1195 2606 1248 natalitia
2639 1203 2846 1260 essent,
2881 1196 3236 1263 plurimorum
3282 1196 3500 1249 nomina

1931 1297 2281 1343 memoraret.
2319 1285 2652 1355 Factumque
2687 1299 2769 1342 est
2815 1298 2866 1340 ut
2915 1304 3104 1342 onmes
3137 1299 3502 1342 statueremus

1934 1380 1998 1433 ad
2026 1389 2172 1433 tuam
2201 1380 2441 1434 scribere
2466 1379 2808 1445 charitatem,
2841 1390 2898 1435 ut
2928 1381 3319 1435 l'aniosissimos
3344 1381 3505 1435 lcrizi-

1929 1473 2009 1526 les
2042 1475 2107 1526 de
2136 1473 2378 1524 arebivio
2414 1470 2470 1524 S.
2509 1471 2723 1526 Eusebii
2757 1472 3019 1527 Casarere
3053 1470 3356 1526 Palaestina:
3387 1473 3505 1540 epi-

1933 1564 2081 1631 scopi
2114 1564 2420 1633 inquirens,
2456 1575 2757 1634 martyrum
2786 1564 2851 1616 ad
2881 1580 2981 1617 nos
3010 1565 3212 1632 dirigas
3241 1564 3371 1618 festa
3408 1580 3423 1620 :
3449 1575 3508 1618 ut

1933 1656 2204 1726 possimus
2229 1656 2332 1709 hoc
2353 1655 2586 1710 cilicium
2617 1671 2712 1725 per
2741 1667 2884 1708 tuam
2912 1666 3151 1708 sanctam
3189 1657 3504 1708 industriam

1936 1748 2126 1798 melius
2163 1746 2565 1815 perfectiusque
2603 1745 2670 1799 ad
2721 1746 2982 1799 honorem
3037 1743 3129 1799 Dei
3179 1745 3507 1813 martyribus

1933 1839 2213 1894 exhibere.

321 2002 600 2056 Hactenus
630 1997 732 2050 illi.
769 1994 1021 2066 Sequitur
1052 1993 1363 2065 Hieronymi
1394 1995 1604 2050 nomine
1632 1995 1852 2064 epistola
1883 1994 2186 2064 Itujusntodi
2218 1997 2575 2065 inscriptionis
2620 1998 2772 2049 titulo
2803 1997 3149 2065 consignata:

235 2137 404 2177 διατι
433 2134 724 2175 ιιιειιοιιιικι
757 2132 917 2172 SUPER
949 2130 1018 2170 εο
1048 2129 1160 2169 IPSO
1187 2131 1250 2169 Αἰ)
1281 2129 1482 2169 EOSDBI
1521 2127 1826 2167 ιιεειιοιιειο.

1937 2128 2119 2167 eorum
2172 2116 2390 2168 nomina
2449 2117 2821 2170 meminissent
2862 2130 2878 2171 :
2921 2113 3230 2179 studentes,
3284 2116 3372 2184 qui
3421 2117 3508 2170 die

235 2236 569 2293 Cbromatio
613 2243 668 2288 et
716 2230 1005 2285 Heliodoro
1048 2227 1254 2282 sanctis
1299 2227 1596 2296 episcopis,
1630 2227 1830 2280 Hiero-

779 2315 972 2370 nymus
1007 2300 1310 2368 presbyter.

311 2371 584 2461 Constat,
650 2393 938 2448 Dominum
1007 2398 1248 2443 nostrqu
1319 2386 1500 2442 Jesum
1555 2386 1829 2440 Christum

247 2498 402 2547 annui
443 2492 532 2547 die
581 2498 882 2557 martyrum
932 2497 1156 2537 suorum
1215 2481 1518 2549 triumphos
1560 2479 1828 2546 excipere,

250 2599 489 2655 quorum
542 2580 831 2651 passiones
887 2592 914 2626 a
969 2582 1160 2627 sancto
1223 2571 1454 2624 Eusebio
1506 2568 1830 2624 Ctesariensi

247 2679 516 2746 episcopo
567 2671 800 2739 scriptas
862 2665 1183 2734 reperimus.
1239 2663 1376 2716 Nam
1439 2659 1830 2716 COItstantiuus

253 2769 535 2832 Angustus
563 2773 682 2810 cum
718 2754 1018 2809 Caesaream
1048 2751 1240 2806 fuisset
1274 2752 1574 2820 ingressus,
1606 2761 1660 2802 et
1689 2749 1832 2803 diee-

257 2866 337 2908 ret
379 2857 682 2906 memorato
711 2846 962 2910 antistiti,
995 2854 1049 2897 ut
1084 2851 1291 2913 peteret
1338 2843 1516 2912 aliqua
1564 2840 1828 2895 beneﬁcia

247 2941 581 3000 Caesariensi
617 2937 868 2992 Ecclesiae
897 2935 1206 3003 profutura,
1233 2933 1450 3004 legitur,
1482 2933 1832 3001 respondisse

258 3033 556 3088 Eusebium
591 3044 607 3083 :
637 3027 842 3095 Opibus
885 3025 998 3079 suis
1046 3023 1340 3076 Ecclesiam
1393 3022 1640 3084 ditatam,
1681 3019 1831 3075 nulla

255 3125 474 3198 petendi
512 3120 768 3175 beneﬁcia
806 3117 1127 3172 necessitate
1172 3115 1420 3184 compelli
1455 3132 1470 3169 :
1501 3114 1604 3168 sibi
1653 3123 1830 3167 tamen

251 3217 588 3276 desiderium
617 3210 889 3268 immobile
915 3207 1216 3270 exstitisse,
1247 3221 1302 3260 ut
1326 3205 1584 3274 quidquid
1603 3206 1654 3258 in
1677 3220 1835 3274 repu-

253 3313 392 3366 blica
429 3308 677 3361 Romana
711 3311 924 3372 gestum
949 3300 1018 3354 sit
1047 3312 1176 3368 erga
1206 3305 1426 3352 sanctos
1459 3298 1578 3362 Dei,
1622 3296 1833 3364 jndiees

246 3401 532 3473 iudicibus
581 3395 938 3451 succedentes
977 3392 1033 3446 in
1081 3391 1337 3445 universo
1384 3388 1516 3442 orbe
1565 3388 1830 3449 llomano,

1933 2207 2080 2274 ipso,
2130 2221 2238 2274 quo
2281 2207 2604 2260 sacriﬁcium
2652 2207 2977 2270 oﬁ‘erretur,
3023 2211 3257 2261 victores
3304 2209 3504 2263 diaboli

1930 2297 2292 2362 exstitissent,
2347 2308 2398 2352 et
2453 2299 2696 2368 martyrii
2755 2299 2840 2352 sui
2895 2299 3173 2366 triumpho
3220 2299 3505 2369 pollentes,

1933 2394 2098 2454 atque
2129 2398 2350 2441 ovantes
2395 2390 2460 2440 ad
2510 2404 2687 2457 regem
2725 2405 2880 2442 suum
2923 2390 3293 2458 pervenissent
3342 2389 3505 2445 Chri-

1932 2485 2099 2532 stum.
2131 2475 2242 2531 Hac
2271 2478 2337 2532 de
2367 2494 2528 2532 causa
2572 2481 2906 2550 singulorum
2946 2484 3233 2550 mensium,
3265 2485 3506 2555 singulo-

1934 2583 2163 2637 rumque
2218 2569 2428 2622 dierum
2503 2569 2639 2625 festa
2693 2573 3160 2642 conscripsimus.
3215 2585 3276 2627 ut
3317 2576 3510 2643 jubere

1933 2659 2320 2728 dignabamini,
2373 2675 2664 2729 perennem
2720 2674 2920 2716 nostra:
2967 2664 3248 2732 parvitatis
3296 2682 3508 2721 memo-

1934 2750 2068 2802 riam
2107 2749 2219 2804 lore
2271 2750 2560 2804 credentes
2611 2765 2731 2803 cum
2769 2752 2958 2804 diebus
2992 2767 3088 2818 per
3133 2763 3209 2806 tot
3245 2771 3507 2810 annormu

1934 2841 2108 2908 spatia
2142 2850 2329 2894 sancta
2360 2851 2674 2895 sanctorum
2707 2843 2927 2895 nomina
2961 2843 3164 2896 fuerint
3193 2843 3388 2898 festive
3415 2861 3509 2900 ce-

1935 2931 2165 2986 lebrata.
2203 2931 2269 2986 Et
2299 2934 2553 3002 quoniam
2587 2947 2684 2999 per
2714 2933 2958 3002 singulos
2998 2932 3136 2997 dies,
3173 2935 3506 2990 diversarum

1934 3023 2380 3092 provinciarum,
2443 3022 2891 3090 diversarumque
2950 3023 3162 3076 urbium
3223 3024 3507 3093 plusquam

1935 3115 2404 3184 octingentorum,
2461 3124 2516 3170 et
2572 3124 2973 3184 nongenlorutn
3031 3123 3328 3186 martyrum
3382 3129 3508 3170 sunt

1938 3209 2159 3261 nomina
2192 3208 2468 3260 nominata
2503 3223 2518 3263 :
2551 3215 2608 3260 ιιι
2635 3208 2820 3261 nullus
2847 3209 2961 3261 dies
2987 3208 3078 3268 sit,
3109 3209 3198 3274 qui
3228 3224 3332 3262 non
3365 3209 3507 3262 intra

1939 3302 2360 3369 quingcnmrum
2404 3315 2685 3354 numermn
2737 3299 2961 3368 reperiri
3010 3300 3180 3368 possit
3218 3301 3508 3370 ascriptus.

1938 3400 2193 3460 exempto
2223 3390 2309 3444 die
2334 3388 2685 3443 kalendarum
2711 3386 3130 3451 Ianuariarum;
3158 3390 3511 3443 considerans

250 3465 492 3550 sollicita
531 3487 981 3562 perscrutatione,
1018 3494 1364 3538 monumenta
1398 3482 1610 3551 publica
1647 3482 1824 3534 discu-
1857 3465 1900 3522 ε
1937 3481 2079 3534 inter
2127 3481 2550 3535 innumerabiles
2601 3482 2788 3534 turbas
2825 3483 3042 3536 lectoris
3082 3481 3319 3535 animum
3371 3483 3510 3536 intra

249 3587 467 3650 tiendo,
501 3584 904 3654 perquirerent;
935 3588 991 3632 et
1035 3577 1129 3646 qui
1180 3583 1500 3646 martyrum,
1533 3589 1561 3627 a
1606 3589 1712 3644 quo
1737 3573 1828 3640 ju-

247 3680 398 3744 dice,
432 3678 489 3730 in
520 3691 620 3744 qua
657 3672 956 3743 provincia,
986 3669 1069 3724 vel
1104 3669 1344 3734 civitate,
1377 3683 1483 3736 qua
1513 3666 1622 3729 die,
1655 3675 1830 3734 quave

249 3767 685 3842 perseverantia,
717 3764 987 3836 passionis
1019 3775 1132 3816 suae
1176 3760 1524 3814 obtinuerunt
1571 3759 1829 3826 palmam,

247 3867 322 3918 de
367 3862 508 3930 ipsis
536 3857 772 3913 archivis
802 3855 1011 3910 sublata
1049 3855 1148 3922 ipsi
1184 3851 1439 3916 Eusebio,
1477 3851 1624 3919 regio
1648 3848 1827 3919 jussu,

247 3956 579 4025 dirigerent.
631 3947 784 4005 Unde
833 3948 1034 4002 laetum
1083 3953 1203 4006 est,
1252 3954 1308 3996 ιιι
1355 3944 1580 3996 idoneus
1629 3941 1830 3994 relator

245 4050 523 4112 existens,
559 4055 612 4100 et
640 4043 1064 4098 ecclesiasticam
1113 4038 1401 4094 historiam
1458 4044 1746 4098 retexeret,
1775 4041 1832 4086 et

244 4141 501 4195 omnium
561 4151 698 4205 pene
760 4144 1052 4202 martyrum
1119 4130 1520 4198 provinciarum
1585 4127 1826 4180 omnium

246 4232 628 4285 Romanarum
659 4239 860 4293 tropea
895 4227 1124 4294 diligens
1153 4222 1621 4286 luistiiriograpbus
1650 4219 1828 4271 dei-la-

247 4329 409 4376 raret
431 4329 732 4388 :quatenus
754 4318 898 4371 omni
928 4317 1012 4369 die
1035 4311 1362 4366 sacriﬁcium
1385 4309 1494 4362 Deo
1516 4307 1829 4370 oﬂerentes,

1934 3587 2101 3626 unum
2156 3587 2399 3625 mensem
2449 3587 2610 3642 posse
2668 3573 3010 3628 lassescere:
3045 3589 3113 3628 ne
3162 3575 3214 3628 id
3260 3576 3506 3640 eveniat,

1934 3662 2174 3715 breviter
2195 3673 2249 3715 et
2275 3663 2552 3716 suocincte
2574 3677 2786 3724 eorum,
2815 3663 2906 3731 qui
2935 3672 3063 3716 sum
3091 3664 3142 3714 in
3170 3665 3505 3732 amplissima

1932 3751 2232 3807 festivitate
2262 3753 2314 3806 in
2343 3753 2454 3806 suis
2484 3753 2617 3806 locis
2647 3761 2854 3805 tantum
2889 3769 2999 3821 pra:
3025 3755 3274 3806 omnibus
3305 3770 3509 3807 memo-

1934 3859 2082 3901 ratus
2113 3863 2255 3910 sum,
2305 3855 2364 3900 ut
2394 3855 2670 3914 amputato
2699 3844 2940 3910 fastidio,
2976 3861 3118 3900 unus
3161 3846 3226 3900 de
3256 3831 3509 3901 omnibus

1932 3939 2160 3993 sutiiciat
2218 3939 2432 3992 libellus
2479 3937 2764 4008 ascriptus.
2817 3936 2961 3991 Sane
3016 3937 3070 3990 in
3125 3943 3295 4006 prima
3357 3949 3508 4006 parte

1935 4032 2122 4094 libelli,
2159 4030 2402 4084 oninium
2453 4029 2734 4084 beatorum
2785 4031 3156 4098 apostolorum
3195 4035 3325 4082 testa
3371 4047 3506 4084 con-

1933 4124 2278 4190 scripsimus,
2329 4133 2387 4175 ut
2434 4121 2551 4176 dies
2585 4119 2718 4174 varii
2771 4135 2876 4173 non
2927 4123 3210 4174 videantur
3245 4122 3506 4181 dividere.

1935 4231 2074 4283 quos
2125 4229 2228 4267 una
2286 4214 2522 4282 dignitas
2575 4212 2912 4282 apostolatus
2968 4214 3022 4266 in
3081 4213 3286 4267 coeli-sti
3338 4214 3508 4282 gloria

1938 4303 2068 4359 fecit
2096 4319 2218 4358 esse
2249 4303 2532 4358 sublimes.

253 4503 3488 4542 _____________________________________._._.

829 4672 1711 4769 MARTYROLOGI
1739 4671 1898 4763 U‘M
1978 4670 2770 4762 VETUSTISSIM
2799 4672 2964 4761 UM

1045 4854 1103 4913 S.
1139 4852 1521 4910 HIERONYMI
1564 4848 1994 4906 PRESBYTER]
2031 4848 2292 4905 NOMINE
2331 4847 2752 4905 INSIGNITUM.

618 5185 856 5246 FESTA
903 5181 1480 5244 APOSTOLORUM.

755 5282 818 5336 In
861 5283 1023 5334 vicem
1064 5278 1334 5335 Proamii.

321 5372 516 5426 Tertio
567 5367 697 5423 Kal.
747 5367 904 5422 Julii.
957 5368 1139 5422 Romae
1199 5369 1399 5423 natalis
1458 5367 1832 5439 apostolorum

235 5467 404 5523 Petri
433 5475 485 5518 et
515 5462 694 5518 Pauli.

1866 5181 1914 5238 ῡ

2013 5196 2048 5234 ιι
2083 5179 2210 5235 Kal.
2243 5178 2562 5235 Decembris.
2596 5175 2802 5234 Natalis
2830 5181 2910 5233 An
2935 5181 3058 5231 lrea:
3085 5172 3312 5244 apostoli
3351 5173 3404 5227 in
3433 5173 3510 5229 ci-

1945 5276 2109 5329 vitate
2144 5276 2329 5328 Patras
2371 5272 2660 5342 provincia:
2688 5272 2926 5325 Achaiae.

2011 5367 2135 5423 Kal.
2175 5365 2328 5420 Maii.
2367 5365 2422 5418 In
2465 5365 2685 5419 civitate
2723 5361 2996 5432 Hierapoli
3026 5361 3316 5432 provinciae
3343 5361 3509 5425 Asiae,

1941 5462 2210 5530 depositio
2241 5459 2468 5528 l’hilippi
2508 5457 2736 5528 apostoli
2771 5463 2808 5510 '.

315 5631 338 5664 ι
385 5627 568 5696 Philip
609 5628 625 5680 i
675 5628 918 5696 apostoli.
973 5626 1144 5679 Aliter
1198 5639 1328 5679 sane
1390 5625 1686 5694 Eusebius;
1745 5623 2052 5697 Philippum
2103 5625 2278 5691 enim,
2329 5639 2433 5680 non
2483 5623 2822 5695 apostolum,
2875 5620 2969 5677 sed
3017 5634 3180 5676 unum
3225 5632 3257 5672 e
3304 5625 3511 5685 septem

315 5718 532 5752 scortis.
569 5646 835 5752 iiieraooli
870 5699 1166 5752 decessisse
1201 5698 1352 5752 dicit.

232 5706 532 5760 diaconus.
569 5698 835 5768 Hierapoli
870 5699 1166 5752 decessisse
1201 5698 1352 5752 dicit.
