3934 6188
433 325 541 387 455

1389 312 1445 371 S.
1491 302 1941 369 IIIEHONYMI
1981 300 2303 363 GPEHUM
2347 293 2751 359 MANTISSA.

3591 281 3690 347 λῖοῖῖ

438 435 707 510 Majuliui,
776 428 1059 493 Honorati,
1128 422 1409 490 Marcusii,
1469 424 1731 488 Secundi,
1785 422 2014 489 Castini,
2050 426 2091 484 Α
2122 420 2212 489 Iyti
2248 418 2521 489 martyris.
2566 414 2622 467 In
2666 412 2869 510 Africa,
2899 405 3691 510 .Pclliani,Cleri._l7elippian?,

437 529 596 599 Gagi,
626 522 932 586 Ctelestiui,
996 519 1175 571 Ermis
1220 518 1485 586 episcopi,
1539 524 1587 567 et
1650 514 1845 569 Publii.
1879 512 2012 565 Item

438 622 669 677 Leontii.
698 615 914 675 Trecas,
939 611 1117 677 passio
1142 609 1203 663 S.
1241 607 1478 660 Patrocli
1517 605 1791 675 martyris.
1824 605 2018 657 Arver-

442 716 544 779 nis,
567 709 824 775 depositio
853 704 1003 759 Beati
1040 703 1179 756 Aviti
1200 701 1450 769 episwpi.

511 822 565 860 ιι
616 801 743 856 Kal.
791 796 953 851 Febr.
1012 795 1071 849 In
1122 791 1418 862 Hispaniis,
1473 791 1691 843 civitate
1748 789 2014 848 Valentia,

445 897 626 968 passio
657 890 832 947 sancti
868 887 1065 941 Valerii
1095 883 1362 956 episcopi.
1396 882 1667 935 Vincentii
1711 882 1922 933 diaconi
1965 886 2018 930 et

444 984 721 1055 martyris,
751 988 1122 1048 martyresque
1142 975 1444 1031 octodecim
1478 990 1598 1027 cum
1625 974 1789 1026 sociis
1807 988 2013 1023 corum.

442 1074 789 1144 Quintiliani,
854 1069 1143 1133 Cassiani,
1198 1066 1483 1127 Matulitti,
1535 1066 1727 1127 Publii,
1790 1064 2015 1127 Urbani,

447 1166 731 1231 Martialis,
779 1163 993 1225 Fausti,
1053 1158 1223 1224 Pauli,
1286 1157 1552 1214 Successi.
1591 1155 1760 1216 Petri.
1796 1156 2013 1227 Felicis,

445 1259 711 1321 Januarii,
738 1253 1028 1317 Primitivi,
1070 1251 1251 1315 Eboti,
1279 1248 1480 1316 Optati,
1518 1238 1817 1306 Caieiliaui,
1852 1246 2020 1301 Fron-

447 1350 608 1414 tonis,
646 1347 794 1413 Julii,
857 1343 1121 1406 Januarii,
1160 1342 1412 1409 Luperci,
1465 1341 1738 1410 Apodimi,
1779 1340 2015 1402 Orionis,

443 1440 747 1501 Mennonis,
788 1434 1083 1497 Hermetis,
1109 1431 1402 1485 Januariae.
1441 1431 1504 1485 Et
1537 1434 1588 1484 in
1629 1432 1833 1489 Africa,
1864 1430 2016 1495 Qniri

443 1547 564 1584 cum
612 1530 779 1584 sociis
810 1528 942 1593 suis,
973 1523 1222 1586 Gemelli,
1254 1522 1459 1587 Saturi,
1488 1520 1760 1586 Januarii,
1793 1523 2015 1586 Felicis,

446 1618 605 1685 Ticii,
632 1620 797 1682 Flori,
832 1617 1073 1674 Orionis.
1108 1615 1188 1668 Ad
1215 1612 1505 1680 Gemellas,
1556 1615 1876 1679 Clementis,
1914 1614 2018 1667 St-

446 1713 673 1775 turuini,
704 1710 987 1778 Municipi.

514 1818 551 1856 x
583 1800 710 1855 Kal.
742 1799 902 1855 Febr.
927 1800 979 1853 In
1010 1798 1358 1864 Mauritania,
1393 1798 1611 1852 civitate
1649 1795 2010 1859 Neocaesaria,

447 1897 629 1967 passio
649 1896 823 1951 sancti
852 1895 1228 1959 Severiani,et
1256 1891 1461 1963 Aquilae
1482 1892 1665 1945 uxoris
1687 1891 1827 1960 ejus,
1863 1888 2015 1951 Belli,

447 1988 669 2052 Munici,
700 1986 931 2053 Castuli,
954 1986 1126 2053 Flori,
1148 1984 1451 2051 Saturnini,
1479 1983 1713 2043 Basillae,
1738 1978 2016 2033 Anastasii

448 2082 724 2152 martyris.
755 2080 819 2134 Et
853 2081 961 2135 alio
978 2081 1118 2147 loco,
1136 2078 1373 2135 Cornelii
1400 2077 1710 2131 exorcistte.
1734 2074 1786 2127 In
1804 2074 2017 2143 Ancyra

2122 524 2173 565 et
2211 512 2442 564 aliorum
2476 517 2693 563 centum
2725 504 2912 572 viginti
2952 513 3210 573 quatuor.
3246 502 3410 555 (.‘ald.
3439 512 3694 555 monaste-

2122 603 2217 655 rio.
2245 602 2507 668 depositio
2529 596 2873 652 Badecltildt's
2899 596 3111 664 regitur.
3141 594 3322 650 Corbet'
3364 595 3692 658 monasterio,

2119 693 2382 746 dedicatio
2409 689 2653 743 Basilica:
2679 687 2848 740 sancti
2877 684 3105 737 Joannis
3137 682 3495 751 ernngrlisttt'.

2194 782 2376 835 Pridie
2406 781 2530 834 Kal.
2569 777 2729 832 Febr.
2762 778 2820 830 In
2864 774 3211 838 Alexandria,
3241 772 3475 835 Tarsici,
3502 772 3687 836 Zotiri,

2120 873 2418 933 Ammonii,
2454 871 2747 934 Commini,
2789 868 3028 939 Cyriaci,
3062 866 3299 922 Gemini.
3336 865 3547 927 Gelasi,
3572 862 3695 931 Hip~

2123 966 2313 1037 polyli,
2363 963 2569 1026 Ursini,
2602 961 2783 1032 Tyrsi.
2814 962 2879 1015 Et
2923 961 3105 1029 passio
3143 968 3455 1010 sanctorum
3498 969 3694 1027 marty-

2123 1073 2243 1110 rum
2281 1054 2560 1116 Galliniei,
2596 1062 2651 1106 et
2687 1053 2915 1105 aliorum
2968 1049 3280 1116 quindecim
3328 1047 3692 1101 sacerdouim.

2123 1148 2176 1202 In
2213 1147 2416 1213 Africa,
2449 1144 2710 1208 Victoris,
2737 1144 2934 1207 Publii,
2969 1141 3269 1204 Saturnini,
3305 1148 3361 1194 et
3390 1139 3689 1209 Polycarpi,

2121 1237 2241 1292 Gn"
2537 1303 2792 1359 MENSIS
2824 1300 3293 1358 FEBHDAIllUS.

2636 1397 2815 1451 Habet
2845 1398 2960 1450 dies
2993 1409 3187 1450 xxvut.

2196 1510 2326 1566 Kal.
2370 1510 2523 1565 Febr.
2548 1511 2600 1563 In
2626 1510 2859 1575 Gut-cia,
2895 1518 3209 1563 sanctorum
3261 1506 3549 1580 Polycarpi
3581 1510 3691 1578 epl~

2122 1608 2295 1673 scopi,
2329 1604 2537 1665 Pieriis,
2570 1602 2834 1672 Dionysii.
2864 1601 2994 1655 Item
3022 1600 3265 1671 Dionysii
3296 1616 3311 1657 :
3341 1602 3468 1655 item
3495 1601 3690 1665 Poenis.

2120 1713 2173 1753 et
2208 1701 2436 1752 aliorum
2474 1698 2784 1767 quindecim
2820 1707 3146 1765 martyrum.
3177 1695 3235 1749 In
3265 1695 3471 1757 Africa,
3500 1696 3694 1762 Publii,

2125 1791 2432 1853 Saturnini,
2453 1790 2801 1849 Maut'iniani,
2821 1786 3029 1849 Libosi,
3061 1784 3376 1849 Vincenlim,
3404 1797 3459 1841 et
3477 1788 3693 1839 aliorum

2121 1884 2316 1952 viginti
2359 1893 2611 1950 quatuor.
2640 1880 2698 1934 In
2755 1880 3037 1943 Ravenna,
3072 1879 3260 1933 Severi
3313 1879 3578 1947 episcopi,
3610 1876 3696 1929 Vi-

2119 1978 2307 2041 ctoris,
2343 1974 2587 2038 Luciani,
2615 1972 2969 2040 Apollinaris,
3001 1970 3223 2031 Helarii,
3245 1973 3470 2035 Amani,
3505 1972 3693 2031 Ζιιιίςὶ.

2119 2068 2356 2140 Cyriaci.
2387 2068 2516 2120 Item
2552 2065 2741 2120 Severi
2785 2064 3142 2118 confessoris.
3171 2062 3238 2116 Et.
3265 2064 3531 2133 depositio
3564 2064 3690 2118 Picti

442 2173 693 2237 Galatiae,
718 2172 933 2236 Donati,
967 2172 1196 2237 Castuli,
1235 2170 1470 2235 Popicte,
1509 2168 1715 2221 Demati
1752 2181 1872 2220 cum
1904 2165 2019 2217 suis
2055 2194 2090 2223 .
2122 2161 2424 2232 presbyteri
2458 2177 2472 2213 :
2525 2169 2579 2210 ct
2626 2158 2808 2227 passio
2867 2171 3183 2211 sanctorum
3240 2157 3614 2218 Vindemialis,
3651 2168 3695 2210 ct

447 2262 727 2316 omnibus.
757 2260 822 2315 Et
863 2260 968 2314 alio
1003 2260 1143 2325 loco,
1189 2261 1371 2329 passio
1411 2267 1723 2313 sanctorum
1762 2255 2014 2323 Eugenii.

448 2352 860 2415 Emerentiante,
891 2360 945 2404 et
971 2349 1214 2413 Macarii,
1247 2348 1419 2403 Pulvii
1445 2358 1768 2417 martyrum.

517 2460 566 2497 Ix
624 2442 751 2497 Kal.
809 2440 962 2495 Febr.
995 2440 1051 2495 In
1113 2440 1423 2503 Antiochia,
1452 2440 1638 2506 passio
1695 2438 1753 2491 S.
1804 2436 2020 2507 Babylte

445 2531 685 2601 episcopi
718 2546 839 2585 cum
892 2532 1066 2583 tribus
1130 2528 1391 2598 parvulis.
1421 2527 1488 2581 Et
1533 2528 1587 2582 iu
1622 2528 1841 2581 civitate
1883 2526 2021 2581 Neo-

449 2624 693 2685 casaria,
719 2619 991 2683 Marduni,
1020 2618 1269 2689 Eugeuii.
1294 2619 1351 2673 ln
1374 2617 1578 2681 Africa,
1600 2617 1821 2688 Epiteti,
1848 2616 2015 2688 Rupi.

447 2712 799 2782 υςιιιιιειςίιιθ,
837 2709 1027 2765 Gclici.
1063 2709 1273 2776 Romae,
1318 2708 1642 2764 Felicissimi
1680 2724 1804 2765 cum
1853 2710 2019 2764 sociis

448 2820 588 2859 1⁵1118.

521 2912 608 2950 vm
646 2893 771 2949 Kal.
816 2893 974 2949 Febr.
1003 2893 1357 2958 Nicomediae,
1386 2893 1516 2948 Diti.
1547 2892 1750 2958 Romae,
1787 2892 2019 2947 transla-

452 2988 525 3040 tio
559 2987 730 3041 sancti
772 2984 919 3039 Pauli
983 2987 1239 3055 apostoli.
1294 2986 1647 3055 Carthagine,
1681 2985 1893 3049 Douati,
1920 2985 2018 3038 Se-

2131 2254 2377 2324 I'Iugeuii.
2406 2254 2468 2308 In
2494 2251 2676 2307 Scotia
2712 2251 2750 2305 S
2785 2251 3014 2321 Brigidte
3060 2251 3295 2321 virginis.

2194 2362 2244 2399 tv
2274 2345 2417 2400 Non.
2450 2346 2606 2398 Febr.
2643 2343 2957 2398 Purilicatin
2993 2343 3051 2396 Β.
3104 2342 3307 2405 Mariae,
3339 2345 3557 2411 quando
3612 2361 3692 2396 re.

2122 2447 2484 2508 prrsentatus
2510 2449 2592 2491 est
2627 2436 2784 2490 Jesus
2819 2437 2870 2489 in
2922 2434 3141 2504 templo.
3177 2434 3235 2488 In
3272 2435 3476 2497 Africa,
3503 2436 3692 2488 natalis

2121 2527 2380 2592 Victoris,
2408 2526 2623 2587 Marini,
2672 2526 2964 2589 Honorati,
2996 2522 3227 2587 Urbani,
3261 2524 3456 2589 Hilari,
3500 2522 3694 2592 Perpe-

2123 2629 2253 2682 tua‘,
2307 2617 2553 2681 Julianus,
2606 2618 2920 2679 Brivatulw,
2972 2627 3026 2671 et
3065 2620 3294 2671 aliorum
3356 2606 3691 2689 septuagintrt

2121 2722 2358 2781 quatuor
2390 2724 2707 2780 martyrum.
2752 2709 2957 2773 Romae,
2984 2710 3104 2765 foro
3138 2710 3429 2772 Sinl'ronii.
3460 2712 3541 2764 via
3580 2712 3693 2766 Fla-

2122 2804 2311 2868 minia,
2353 2803 2610 2857 milliario
2641 2803 2710 2857 ab
2754 2803 2888 2857 urbe
2936 2812 3153 2858 centum
3190 2802 3529 2872 septuaginta
3558 2818 3691 2872 qua-

2123 2907 2265 2960 tuor,
2298 2895 2601 2959 Laurentii,
2630 2894 2929 2965 Hippolyti.
2962 2894 3027 2946 Et
3066 2896 3268 2948 natalis
3304 2894 3360 2947 S.
3392 2895 3688 2954 Fortunali,

2128 2987 2410 3051 Feliciaui,
2444 2987 2634 3051 Firmi,
2664 2986 2913 3047 Candidi,
2951 2983 3209 3047 Castulre.
3243 2984 3527 3048 Secundae.
3550 2985 3685 3052 Cap-

448 3078 631 3143 cundi,
665 3077 863 3146 Papiae.
897 3077 955 3132 In
991 3078 1191 3144 Africa,
1217 3076 1445 3147 Epiteti,
1476 3077 1779 3141 Publicani,
1811 3077 2012 3131 Saturi.
2044 3117 2089 3175 Ε
2124 3092 2221 3144 pa).
2257 3076 2594 3146 Rogatiante,
2645 3075 2771 3134 Gai.
2804 3074 3053 3143 Gregori,
3088 3074 3411 3136 Felicitatis,
3467 3075 3689 3129 Placidi.

452 3168 515 3221 Et
547 3169 797 3238 Pra'jecti
830 3172 1102 3239 martyris.

520 3278 591 3316 vn
629 3261 755 3315 Kal.
792 3259 949 3315 Febr.
984 3261 1043 3315 In
1090 3260 1266 3316 Nicaea
1321 3260 1592 3332 Smyrnm,
1626 3262 1807 3331 passio
1842 3263 2019 3315 sancti

448 3353 732 3423 Polycarpi
783 3353 1042 3422 episcopi.
1095 3354 1154 3408 In
1202 3354 1519 3425 Campania,
1552 3353 1804 3408 Picteolis
1841 3354 1880 3418 ¹,
1913 3356 2018 3409 Ar-

454 3445 730 3509 tltematis,
756 3455 808 3499 et
838 3445 1096 3511 Armataz,
1118 3444 1361 3502 Donatte.
1391 3447 1449 3501 In
1498 3446 1785 3510 Laodicea,
1819 3445 2018 3500 Arthe-

451 3538 568 3604 mii,
607 3536 851 3600 Fabiani,
899 3536 1109 3599 Sabini,
1144 3536 1386 3601 Sidonis,
1433 3537 1675 3592 Macarii.
1725 3536 2020 3601 Ravennae,

450 3632 775 3694 Autemasii.
810 3631 1013 3695 Savini,
1038 3629 1321 3694 Leodocii,
1352 3633 1678 3702 Theogenis.
1718 3643 1772 3685 et
1799 3631 2019 3701 triginta

451 3740 540 3780 sex
573 3737 894 3795 martyrum,
927 3722 1267 3789 Betltlehetu,
1299 3725 1551 3779 dormitio
1594 3723 1649 3778 S.
1687 3723 1891 3777 Paulw.

520 3832 573 3870 vr
605 3814 728 3869 Kal.
757 3814 915 3870 Febr.
938 3813 991 3868 In
1011 3815 1217 3880 Africa,
1244 3814 1457 3881 Donati,
1489 3815 1683 3877 Dativi,
1713 3813 2015 3882 Misnriani,

452 3909 652 3974 Publii,
691 3907 942 3971 Victoris,
984 3907 1253 3974 Quintilli,
1285 3907 1556 3973 Puliliani,
1595 3906 1762 3969 Festi,
1799 3906 2018 3971 Felicis,

452 3994 695 4064 Voso;iii,
758 3997 1029 4061 Processi,
1085 3995 1354 4063 Venerias,
1416 3997 1656 4063 Marium,
1708 3996 2016 4063 Fortunati,

451 4088 701 4152 Thoosae,
754 4088 1017 4159 Egoditis,
1088 4087 1375 4153 Secundae,
1431 4088 1669 4158 Epictili,
1726 4090 2015 4157 Vincentii,

455 4180 665 4243 Rogati,
706 4178 891 4242 Primi,
929 4180 1155 4245 Aurelii,
1186 4178 1407 4244 Hclarii,
1446 4178 2017 4247 Perpetute,Iuliaua:,

451 4279 505 4325 et
541 4271 768 4322 aliorum
797 4271 1154 4341 quadraginta
1185 4280 1439 4339 quatuor.
1470 4268 1816 4335 Nicomediae.
1838 4273 2018 4331 Leaci.

456 4362 508 4416 In
567 4361 854 4430 Apolonia.
906 4358 1176 4426 Gallinici,
1228 4359 1404 4421 Lucii,
1454 4360 1734 4423 Honorati,
1796 4362 2015 4427 Marusi,

2124 3170 2257 3225 Item
2316 3168 2572 3231 Victoris,
2625 3168 2904 3231 Martialis,
2943 3170 3276 3231 Corneliani,
3306 3168 3549 3231 Salustii,
3586 3169 3690 3221 Ma-

2121 3266 2243 3327 rici,
2285 3262 2496 3328 Urbici,
2526 3259 2714 3323 Puliis.
2748 3263 3104 3326 Secuudiani,
3156 3265 3401 3334 Ingenui,
3433 3266 3691 3326 Mustul-e,

2122 3356 2402 3417 Victoriae.
2445 3356 2715 3419 Houoriae,
2772 3356 2981 3418 Forosi,
3031 3359 3218 3412 Pruni.
3268 3357 3399 3411 Item
3435 3359 3689 3420 Victoris.

2120 3448 2345 3512 Natalis,
2391 3448 2579 3512 Primi,
2634 3446 2856 3511 Helarii,
2890 3446 3142 3517 Rogata,
3173 3448 3476 3503 Saturnini.
3522 3452 3691 3505 Aure-
3730 3434 3745 3438 ⁶

2122 3542 2303 3605 lianis,
2333 3540 2591 3603 depositio
2622 3540 2793 3592 sancti
2825 3538 3042 3592 Fusculi
3076 3541 3325 3608 episcopi,
3362 3551 3411 3594 et
3439 3541 3695 3607 depositio

2121 3634 2345 3689 Sicarite
2378 3631 2483 3685 Deo
2510 3644 2758 3692 saeratae.
2789 3647 2905 3699 quae
2936 3632 3126 3685 ibidem
3164 3632 3311 3686 obiit.

2194 3742 2253 3780 ιιι
2288 3723 2433 3779 Non.
2465 3722 2622 3777 Febr.
2649 3722 2707 3776 In
2749 3724 2955 3785 Africa,
2992 3724 3211 3789 Felicis,
3243 3725 3529 3788 Celerinzr,
3560 3725 3697 3779 Feli-

2121 3815 2325 3871 citatis.
2389 3813 2687 3883 Vappingo,
2743 3812 3012 3881 Depositio
3044 3812 3382 3883 Eporteredi,
3432 3814 3694 3870 Remedii.

2121 3906 2367 3978 Lugduni
2398 3907 2656 3973 depositio
2688 3906 2749 3959 Β.
2783 3905 3028 3975 Lupicini
3064 3910 3311 3978 episcopi.

2196 3999 2378 4052 Pridie
2417 3994 2565 4051 Non.
2612 3996 2772 4050 Febr.
2806 3994 2947 4051 Foro
2980 3998 3337 4066 Simplirouii,
3364 4002 3567 4057 natalis
3594 4000 3697 4056 Ge-

2122 4090 2283 4156 mini,
2337 4089 2541 4152 Gelari,
2594 4088 2795 4159 Magni,
2853 4090 3097 4154 Donatze,
3151 4091 3415 4162 Aquilini,
3455 4094 3695 4149 Gemini.

2102 4182 2257 4237 'Item
2314 4181 2551 4246 Donatae,
2604 4179 2952 4251 Themopliili
2999 4183 3240 4253 episcopi
3274 4200 3395 4239 cum
3429 4187 3539 4241 lilia
3577 4201 3694 4240 sua.

2199 4271 2344 4331 Non.
2397 4274 2553 4328 Febr.
2605 4274 2664 4327 In
2720 4273 2927 4338 Sicilia,
2963 4276 3169 4330 Catana
3224 4278 3467 4343 civitate,
3517 4282 3697 4347 passio

2126 4377 2330 4421 sancta
2366 4368 2591 4436 Agalltm
2625 4368 2869 4437 virginis,
2901 4368 3104 4432 Saturi,
3154 4369 3430 4435 “evocati,
3468 4371 3691 4434 Gelasii,

452 4450 711 4514 δεευυιην
765 4449 937 4517 θυεῑίο
971 4450 1095 4515 θειίν
1155 4450 1454 4505 (ἶωίεειίυῖο
1519 4450 1741 4521 διειρὶεέε
1793 4455 2021 4523 episcopi
2054 4462 2095 4517 D
2127 4459 2344 4522 Felicis,
2376 4457 2679 4513 Saturnini.
2726 4460 2781 4513 In
2837 4450 3296 4516 Orientcxl’atras
3323 4465 3574 4525 civitate.
3609 4481 3697 4516 or-

449 4553 500 4598 et
557 4542 893 4613 σουιίιδδονὶε.
936 4544 1004 4598 Et
1050 4544 1311 4599 dedicatio
1358 4544 1591 4599 basilica?
1623 4545 1792 4600 sancti
1842 4544 2017 4599 Victo-

452 4655 548 4693 rts.

521 4746 554 4784 v
594 4728 720 4783 Kal.
796 4728 953 4783 Febr.
998 4730 1206 4794 Romae,
1261 4740 1461 4784 sanctae
1518 4729 1761 4798 Agnetis.
1794 4728 2018 4793 Juliani,

451 4820 697 4888 Telliani,
725 4820 929 4885 Reotti,
960 4821 1205 4888 Teliptas,
1240 4818 1561 4886 Vincentite,
1597 4818 1891 4883 Victorini,
1919 4821 2019 4875 Se-

452 4914 638 4977 cundi,
691 4913 1005 4981 Papecanti,
1044 4912 1303 4979 Victoris,
1335 4911 1639 4980 Emiliani,
1693 4921 1748 4966 et
1788 4913 2016 4967 aliorum

449 5001 670 5073 triginta
704 5004 943 5074 quinque
974 5012 1297 5075 martyrum.

524 5108 575 5148 tv
591 5092 719 5148 Kal.
750 5091 911 5147 Febr.
936 5093 992 5147 In
1013 5092 1176 5148 Galba
1193 5094 1433 5159 civitate,
1456 5090 1514 5148 S.
1539 5091 1713 5147 Pauli.
1748 5093 1804 5147 In
1830 5094 2015 5150 Africa

450 5184 703 5249 Perusiae,
744 5184 995 5250 Victoris,
1040 5182 1326 5239 Honorati.
1356 5185 1417 5237 In
1454 5182 1671 5248 Tursia,
1707 5184 2014 5252 Constanti,

450 5275 714 5345 Hippolyti
775 5279 1011 5345 episcopi
1042 5279 1107 5330 de
1137 5279 1392 5346 antiquis.
1444 5276 1718 5344 Treveris,
1745 5281 2008 5349 depositio

448 5368 509 5424 B.
546 5367 737 5421 Valerii
781 5371 1020 5439 episcopi
1053 5379 1105 5423 et
1140 5372 1377 5425 confess.

516 5478 569 5516 ιιι
609 5460 737 5516 Kal.
767 5461 919 5516 Febr.
953 5462 1010 5516 lu
1042 5464 1355 5531 Antiochia,
1392 5468 1576 5537 passio
1601 5466 1776 5521 sancti
1811 5465 2014 5537 Hippo-

515 5661 531 5737 ξ
557 5660 617 5714 In
648 5662 963 5729 Campania,
1005 5662 1273 5737 Picteolis.
1304 5663 1401 5718 Hic
1427 5674 1672 5720 sanctum
1696 5667 2008 5737 quemdam,

444 5732 596 5799 Cttjtts
626 5748 817 5786 nonien
857 5745 1003 5788 esset
1037 5731 1330 5799 Pictcolus,
1381 5737 1672 5790 memorari
1712 5731 2010 5792 arbitratus

2125 4548 2336 4605 dinatio
2368 4550 2711 4618 episcopatus
2741 4553 2916 4605 sancti
2943 4552 3172 4605 Andretc
3197 4555 3434 4624 episcopi
3471 4567 3526 4610 et
3553 4572 3697 4609 mar-

2124 4641 2280 4711 tyris.
2320 4638 2554 4707 Vienna,
2594 4636 2845 4712 depasitio
2870 4630 2873 4631 ν
2898 4644 3037 4697 Aviti
3094 4646 3323 4713 episcopi
3350 4657 3398 4699 et
3433 4649 3698 4716 confesso-

2125 4747 2198 4784 ηε
2206 4768 2221 4785 ο

2197 4837 2288 4875 vttt
2318 4820 2444 4875 Idus
2482 4821 2638 4876 Febr.
2674 4821 2858 4875 Romae
2896 4822 2979 4876 via
3011 4824 3180 4893 Appia
3221 4824 3275 4877 in
3308 4823 3561 4893 ejusdem
3589 4840 3699 4879 cm-

2123 4916 2373 4978 meterio,
2425 4918 2607 4985 passio
2660 4915 2872 4971 Soteris
2920 4917 3144 4987 virginis
3191 4926 3246 4971 et
3303 4920 3590 4987 martyris.
3642 4918 3698 4969 In

2118 5012 2325 5068 Achaia
2356 5011 2661 5073 Saturnini,
2711 5010 3021 5074 Revocatte,
3056 5011 3332 5066 Victurite.
3358 5012 3415 5066 lu
3450 5008 3699 5067 Caesarea

2117 5104 2495 5175 Cappadociae,
2526 5103 2711 5173 passio
2737 5111 3052 5158 sanctorum
3086 5102 3393 5161 Dorntlicte.
3431 5114 3487 5158 et
3518 5102 3701 5157 Theo-

2119 5197 2252 5266 phili
2306 5195 2653 5251 Scholastiei.
2688 5194 3011 5265 Syracusiae,
3040 5197 3221 5264 passio
3267 5208 3470 5250 sanctae
3512 5195 3695 5251 Lucia:

2121 5288 2370 5357 virginis,
2411 5286 2709 5349 Antoliani,
2750 5284 3053 5339 Saturnini.
3114 5284 3321 5340 Elnone
3351 5289 3694 5348 monasterio.

2115 5381 2371 5450 depositio
2397 5379 2456 5435 S.
2481 5379 2709 5433 Amandi
2738 5380 2967 5447 episcopi
2989 5390 3036 5431 et
3067 5379 3404 5445 confessoris.
3447 5380 3697 5435 Attrebco

2116 5472 2204 5537 tis,
2227 5472 2481 5540 depositio
2516 5470 2577 5526 S.
2620 5470 2831 5525 Vedasti
2871 5471 3098 5539 episcopi
3131 5481 3181 5523 et
3211 5473 3550 5541 confessoris.

2113 5685 2197 5797 Est
2230 5673 2534 5755 Acherius;
2580 5685 2633 5730 at
2668 5675 2950 5746 legendum
2999 5677 3252 5739 Puteolis,
3288 5669 3580 5747 qttze'nrbs
3611 5682 3697 5728 est

2160 5759 2439 5797 alillitllIIiP.

2160 5759 2439 5811 ampanne.
