3934 6188
246 339 346 402 ἕδὲ

1368 344 2053 412 MARTYROLOGIUM
2107 348 2369 412 VETUS.

3391 350 3494 415 468

241 449 416 516 scopi,
451 446 716 514 Ilimnari,
741 450 1031 521 Solutoris,
1053 452 1318 522 Quiriaci,
1349 455 1537 528 Moysi,
1559 459 1810 525 Romani,
1843 468 1890 526 Α
1924 462 2222 526 Donatulre,
2253 459 2510 528 Victuris,
2540 460 2805 532 Agutinzn,
2832 471 2886 518 et
2915 461 3134 529 Tertiae,
3163 461 3411 518 Mameri.
3439 461 3496 532 In

242 541 457 606 Donati,
501 541 662 608 Sitti,
695 541 954 611 Victoris,
983 545 1142 616 Cagi,
1169 547 1357 604 Satiri.
1389 547 1457 603 Et
1489 551 1540 604 in
1573 549 1808 620 Syrmia,

239 633 468 696 Retine,
504 631 814 701 Moderatte,
850 639 1132 705 Romanae,
1159 639 1392 694 Secundi
1421 655 1544 695 cum
1581 641 1701 695 aliis
1727 654 1813 694 se-

239 733 402 792 ptem.
461 723 784 790 Florentini,
835 724 1166 794 Geminiani,
1224 727 1428 785 Saturi.
1485 729 1544 785 In
1598 730 1809 794 Africa,

237 815 432 868 natalis
455 826 770 871 sanctorum
804 817 1089 888 Epiphanii
1115 822 1379 891 episcopi,
1409 821 1629 885 Donati,
1649 821 1814 900 Sixti,

237 905 442 970 Ruﬁni,
472 905 749 975 Modestis,
768 920 823 962 et
844 909 1074 964 aliorum
1101 911 1370 966 undecim.
1401 911 1455 965 lu
1474 910 1812 975 Macedonia,

237 994 534 1060 Timothei,
575 997 852 1068 Diogenis.
911 1001 970 1055 In
1010 1001 1362 1066 Alexandria,
1407 1001 1601 1058 natalis
1635 1005 1812 1058 sancti

237 1087 384 1140 Clusi
405 1088 723 1157 presbyteri.
750 1089 1052 1161 Pentapoli,
1073 1092 1369 1154 Timothei,
1392 1091 1656 1158 Macarize,
1677 1091 1817 1146 Mar-

238 1181 345 1240 tiae,
407 1179 676 1234 Maxime.
723 1180 906 1252 Libya:
958 1183 1283 1250 superioris,
1320 1183 1514 1238 natalis
1547 1182 1813 1256 Superize,

237 1267 512 1324 Theodori
555 1273 819 1341 episcopi,
877 1272 1109 1328 Herenei
1167 1273 1408 1340 diaconi,
1476 1275 1813 1345 Serapionis,

235 1363 489 1416 Ammoni
526 1363 768 1428 lectoris,
803 1363 1136 1430 Summistze,
1185 1368 1412 1436 Aprieii,
1445 1368 1699 1423 Vieloris.
1749 1367 1818 1421 Et

236 1453 390 1517 alibi,
427 1454 623 1509 natalis
654 1468 858 1510 sancta:
885 1456 1132 1522 Marium,
1154 1470 1208 1511 et
1245 1457 1546 1528 Teguliani,
1591 1459 1814 1515 Urbani.

303 1559 380 1598 vn
411 1543 571 1614 Iduss
598 1546 729 1613 Apr.
767 1547 822 1599 In
847 1549 1136 1609 Antiochia
1161 1545 1350 1619 Syriae,
1379 1551 1572 1604 natalis
1601 1561 1818 1604 sancto-

237 1649 358 1685 rum
415 1633 710 1699 Timothei,
763 1633 1040 1702 Diogenis,
1077 1634 1396 1702 Machariaa,
1447 1635 1716 1688 Maxima).
1751 1635 1819 1690 Et

239 1727 394 1790 alibi,
435 1725 596 1780 Lensi
635 1726 959 1795 presbyteri.
993 1725 1163 1798 Libya
1203 1728 1507 1796 superiore,
1547 1727 1814 1796 COpI‘iCtB,

1925 553 2131 622 Capua,
2191 552 2386 606 natalis
2417 562 2734 605 sanctorum
2765 550 3046 622 Cypriani,
3095 551 3368 618 Musculte,
3397 551 3498 605 Do-

1926 653 2086 705 natze,
2125 640 2354 707 Novelli,
2393 641 2661 705 Januarii,
2715 640 2944 708 Silvani,
2995 639 3257 705 Pluriani,
3293 641 3494 705 Saturi,

1923 732 2071 789 Julii.
2105 733 2170 787 Et
2213 732 2364 796 alibi,
2397 732 2584 795 Primi,
2617 731 2806 798 Chari,
2839 731 3043 801 Cyrilli,
3092 731 3351 796 Machari,
3387 731 3496 785 Sti-

1928 825 2047 889 lari,
2098 825 2343 879 Venusti.
2387 824 2520 879 Item
2570 823 2813 885 Venusti,
2852 821 3027 886 Julian,
3062 822 3278 888 Felicis,
3328 822 3499 876 Vere-

1926 917 2137 979 enudae,
2167 929 2294 968 cum
2330 915 2450 969 aliis
2506 930 2720 970 novem.
2765 914 2988 983 Eocapi,
3036 913 3294 976 'l'ertulze,
3329 912 3495 966 Anto-

1925 1009 2049 1072 nize,
2071 1006 2338 1072 Mnstulze,
2366 1006 2572 1074 Migini.
2600 1005 2728 1059 Item
2752 1004 3101 1059 Donasne.Et
3121 1005 3268 1068 alibi,
3297 1003 3497 1071 Euphi-

1925 1097 2065 1162 tniw,
2105 1095 2364 1160 Machari,
2413 1095 2602 1159 Primi,
2645 1107 2699 1150 et
2734 1097 2964 1149 aliorum
3009 1111 3223 1150 novem.
3286 1094 3347 1149 In
3390 1093 3495 1147 Va-

1925 1188 2079 1255 pingo
2116 1187 2347 1250 civitate,
2387 1189 2642 1256 depositio
2671 1187 2737 1240 B.
2768 1185 3106 1243 Constantini
3144 1188 3391 1257 episcopi.

1997 1276 2127 1330 Idus
2155 1277 2379 1344 Aprilis.
2403 1279 2459 1331 In
2481 1277 2814 1341 Calcedone,
2843 1279 3040 1333 natalis
3064 1288 3262 1332 sanctae
3291 1277 3497 1342 Euphe-

1925 1367 2070 1429 mite,
2103 1377 2155 1420 et
2180 1367 2410 1434 Evapiae,
2435 1366 2733 1422 Secutoris.
2766 1368 2826 1420 Et
2857 1365 3294 1431 alibi,Januarii,
3323 1368 3491 1430 Pauli,

1925 1457 2128 1522 Passm,
2172 1459 2379 1523 Caroli,
2415 1461 2633 1524 Caritae,
2670 1461 2858 1525 Arobi,
2904 1462 3232 1524 Azatonicw,
3266 1461 3493 1512 Decimi.

1925 1549 2189 1620 Pergamo
2230 1551 2392 1616 Asiae,
2449 1551 2731 1623 Polycarpi
2789 1552 3048 1620 episcopi,
3081 1562 3136 1606 et
3192 1550 3344 1605 Pauli
3381 1551 3497 1603 tlia-
3591 1551 3594 1554 ’

1925 1659 2070 1698 CCIII.

1965 1753 2129 1790 sxvnt
2173 1736 2301 1790 Kal.
2335 1736 2493 1791 Maii.
2531 1730 2739 1798 Romae,
2776 1738 2856 1791 via
2887 1739 3074 1804 Appia,
3100 1738 3151 1790 in
3188 1735 3501 1790 coemeterio

243 1816 502 1879 Victoris,
561 1818 780 1872 Donati.
847 1816 902 1872 In
962 1817 1318 1886 Alexandria,
1367 1820 1571 1875 natalis
1643 1817 1899 1883 sanctis
1933 1825 2268 1888 Praetextati,
2322 1827 2516 1879 natalis
2547 1837 2859 1880 sanctorum
2913 1824 3166 1888 Tiburtii,
3209 1823 3498 1886 Valeriani,

238 1908 438 1962 Pelusii
457 1909 785 1982 presbyteri.

311 2015 361 2052 vi
402 1997 533 2053 Idus
555 2000 688 2070 Apr.
716 2001 772 2056 In
793 2000 1000 2070 Africa,
1025 2003 1223 2057 natalis
1242 2009 1553 2057 sanctorum
1584 2000 1816 2064 'I'imori,

247 2088 531 2155 Mmchari,
567 2091 796 2159 Concxi,
821 2091 1062 2148 Maximi.
1087 2093 1151 2147 Et
1173 2093 1321 2162 alibi,
1353 2091 1631 2158 Concessi,
1663 2092 1822 2146 Salu-

244 2184 395 2240 toris.
427 2184 677 2248 Pinnari,
709 2184 986 2252 Ammoni,
1023 2186 1297 2249 Successi,
1337 2186 1578 2240 Donata.

308 2289 340 2325 ν
373 2271 504 2327 Idus
532 2275 664 2342 Apr.
699 2275 753 2328 In
775 2274 1013 2346 Syrmia,
1040 2277 1239 2332 natalis
1267 2286 1503 2346 quatuor
1530 2275 1822 2342 virginum,

241 2380 470 2434 quarum
520 2366 738 2438 nomina
775 2367 913 2422 Dens
952 2371 1078 2423 scit.
1135 2367 1197 2420 Et
1233 2369 1389 2434 alibi,
1421 2368 1656 2423 Demetri
1703 2369 1821 2422 dia-

243 2457 387 2520 c0ni,
416 2454 630 2518 Iiilarii,
669 2456 952 2523 Concessi,
986 2457 1143 2512 Mari.
1183 2459 1480 2529 Syrmium,
1513 2460 1822 2524 Fortunati,

245 2549 437 2603 Donati
477 2558 532 2604 et
558 2552 791 2605 aliorum
821 2568 936 2608 sex.
973 2553 1038 2607 Et
1085 2555 1282 2608 natalis
1328 2562 1525 2622 septem
1569 2555 1824 2623 virginum

241 2643 639 2697 canonicarum.
683 2638 748 2695 In
785 2641 1052 2709 Ravenna,
1091 2642 1354 2698 dedicatio
1391 2642 1617 2697 oratorii
1651 2642 1823 2696 sancti

243 2729 467 2784 I’alicti.
1535 2789 1540 2794 .

310 2839 363 2876 iv
387 2822 521 2878 Idus
543 2825 713 2891 April.
737 2827 795 2881 In
820 2827 1170 2892 Alexandria,
1195 2825 1822 2898 Apollonislpresbyteri,

237 2917 692 2994 Caia_ni,IIi|arii,
734 2920 920 2974 Donati
953 2919 1236 2987 Concessi,
1275 2920 1582 2985 Saturnini,
1618 2917 1822 2974 Saturi.

239 3010 296 3063 In
324 3009 586 3073 Thracia,
607 3013 804 3065 natalis
834 3012 1049 3068 Gaiani.
1091 3012 1149 3066 In
1181 3011 1369 3067 Africa
1401 3021 1700 3081 martyrum
1735 3024 1824 3064 se-

239 3101 591 3168 ptemdecim,
627 3119 864 3172 quorum
903 3105 1124 3159 nomina
1187 3105 1328 3159 Deus
1376 3104 1500 3159 scit.
1539 3103 1607 3156 Et
1665 3101 1818 3165 alibi,

1921 1920 2164 1983 Maximi,
2200 1918 2464 1985 Qniriaci,
2492 1919 2694 1985 Optati,
2758 1917 2894 1982 Pati,
2935 1918 3235 1978 Saturnini,
3269 1914 3496 1976 Martia;

1921 2010 2219 2074 Frontina},
2255 2009 2530 2074 Coi-uilite,
2573 2008 2906 2071 Conditoris,
2942 2006 3130 2060 Tituli.
3162 2006 3496 2065 Interamna,

1922 2103 2162 2168 Proculi,
2219 2099 2516 2166 Valentini,
2574 2099 2895 2162 Prunsduei,
2938 2097 3182 2162 Laurini,
3217 2095 3498 2148 Domninae

1921 2194 2154 2263 virginis
2198 2207 2321 2246 cum
2373 2192 2492 2245 suis
2535 2189 2838 2259 virginibus
2892 2188 3052 2242 simul
3087 2195 3384 2248 coronatae,
3447 2195 3499 2239 et

1923 2283 2096 2337 sancti
2120 2280 2414 2336 Valeriani.
2433 2281 2500 2334 Et
2516 2279 2666 2346 alibi,
2685 2278 2882 2350 Optati,
2908 2279 3212 2344 Saturnini,
3233 2277 3496 2336 Archilai.

1925 2373 2280 2443 Simphronii,
2325 2372 2594 2439 Frontini,
2665 2371 2910 2434 Maximi,
2967 2370 3220 2434 Decimae,
3267 2370 3492 2432 Martias,

1923 2464 2198 2522 Cornilize.
2229 2464 2284 2517 In
2309 2463 2660 2530 Alexandria,
2693 2463 2983 2517 Frontonis
3017 2462 3286 2516 monachi.

1997 2575 2105 2612 xvn
2139 2556 2267 2610 Kal.
2294 2556 2447 2611 Maii.
2483 2555 2701 2617 Piceno,
2750 2556 2800 2608 in
2833 2570 2997 2609 aureo
3031 2564 3214 2608 monte
3241 2552 3498 2616 Maronis,

1926 2650 2203 2714 Messoris,
2233 2647 2521 2711 Proclinte,
2562 2646 2793 2713 Mositis,
2818 2645 3074 2701 J0cundi.
3105 2645 3163 2699 In
3189 2643 3497 2712 Mesopota-

1929 2741 2032 2794 mia
2070 2739 2306 2801 Arcelai,
2352 2737 2631 2807 Cypriani,
2669 2735 2904 2801 Comati,
2962 2734 3251 2800 Vironicac,
3290 2736 3497 2798 Acutae,

1930 2829 2182 2900 Diogenis
2219 2829 2438 2888 diaconi
2487 2843 2609 2882 cum
2659 2829 2872 2884 duobus
2906 2827 3181 2882 fratribus.
3216 2826 3274 2881 In
3313 2827 3503 2880 Antio-

1927 2922 2048 2976 chia
2084 2921 2277 2991 Syriae,
2317 2919 2602 2982 Prosduci,
2641 2917 2940 2984 Veronicn',
3000 2927 3056 2988 et
3101 2917 3341 2972 Dioninte
3379 2916 3501 2970 ﬁliae

1926 3013 2067 3082 ejus.
2096 3009 2360 3077 Octavim,
2407 3009 2693 3072 Potamite,
2728 3008 3017 3075 Prudenti,
3057 3008 3207 3073 Fuci,
3257 3008 3403 3078 Syri.
3443 3009 3498 3061 lu

1928 3102 2134 3157 Taudia
2172 3099 2434 3167 Callicire,
2467 3099 2775 3167 Quoamali,
2803 3099 3041 3165 Arcelal,
3073 3099 3304 3164 Potaini,
3329 3097 3502 3153 Dona-

237 3188 482 3255 Pinnati,
526 3190 804 3259 Successi,
854 3193 1119 3250 Marcelli.
1156 3193 1214 3250 In
1259 3195 1572 3260 Antiochia,
1623 3191 1822 3247 natalis
1851 3163 1895 3223 θ
1932 3196 2090 3252 tellze.
2118 3196 2173 3250 In
2203 3193 2505 3264 Ilispaniis,
2529 3194 2800 3260 Czesarite,
2831 3195 3020 3264 passio
3045 3204 3362 3248 sanctorum
3399 3191 3504 3245 Lu-

234 3283 420 3336 sancti
455 3281 733 3338 Theodori
782 3286 1111 3356 presbyteri.

313 3388 373 3428 nt
420 3371 554 3427 Idus
610 3375 782 3444 April.
834 3375 892 3429 In
952 3374 1302 3441 Mauritania,
1359 3375 1556 3430 natalis
1609 3373 1822 3438 Saloni,

235 3461 485 3525 Maximi,
531 3464 753 3532 lIelarii,
787 3466 1045 3523 Concessi
1096 3485 1220 3523 cum
1255 3469 1470 3523 caeteris
1501 3469 1728 3532 sanctis,
1767 3477 1822 3520 et

236 3556 497 3613 Domnini
542 3561 806 3628 episcopi.
852 3559 909 3612 In
957 3560 1155 3616 Salona
1204 3559 1508 3621 Dalmatiae.
1573 3557 1820 3612 Domioni

232 3649 584 3716 episeopi,et
617 3651 847 3704 militum
903 3667 1116 3716 novem,
1147 3660 1202 3705 et
1231 3651 1506 3704 Dalmatae.
1540 3649 1594 3704 In
1613 3650 1821 3715 Africa,

235 3739 560 3808 Fortunati,
596 3743 814 3806 Donati,
849 3755 902 3798 et
935 3745 1163 3798 aliorum
1195 3745 1550 3798 ducentorum
1588 3740 1822 3812 quadra-

230 3833 413 3902 ginta.
450 3833 506 3887 In
532 3833 869 3899 Nicomedia,
897 3837 1091 3890 natalis
1125 3845 1438 3890 sanctorum
1462 3834 1643 3888 Eustoi
1673 3848 1823 3900 prcs-

233 3926 442 3993 byteri,
473 3925 742 3992 Nestoris,
777 3925 974 3994 Filoni,
1009 3927 1376 3984 Caremoniae.
1405 3927 1665 3996 Lugdune
1693 3924 1822 3981 Gal—

229 4014 351 4080 Iiz,
377 4019 646 4086 depositio
674 4019 868 4089 Siagrii
893 4027 946 4074 et
979 4019 1221 4075 Patricii.

313 4109 506 4166 Pridie
533 4111 662 4165 Idus
689 4112 859 4180 April.
894 4111 949 4166 In
972 4114 1121 4178 Asia,
1146 4111 1428 4180 Pergamo,
1463 4110 1664 4165 natalis
1691 4125 1822 4164 san-

228 4215 462 4258 ctorum
501 4203 661 4274 Carpi
708 4205 974 4276 epist-api,
1029 4203 1203 4270 Pauli,
1245 4205 1458 4270 Isaach,
1503 4204 1821 4273 Agathonis.

231 4296 442 4349 Romae
467 4294 523 4348 in
544 4297 859 4350 cmmetcrio
889 4295 1190 4366 Calepodii,
1228 4294 1498 4365 Lupicini.
1529 4293 1626 4348 Via
1655 4295 1827 4348 Aure-

227 4389 346 4449 lia,
372 4386 536 4440 tertio
562 4386 838 4450 milliario,
861 4387 1129 4456 depositio
1152 4385 1279 4440 Julii
1299 4386 1561 4456 episc0pi.
1590 4385 1655 4439 Et
1675 4385 1824 4449 alibi,

1929 3287 2098 3352 bcrri,
2139 3285 2390 3356 Aponiidi
2447 3301 2572 3340 cum
2633 3285 2844 3340 duobus
2897 3285 3177 3350 fratribus,
3230 3283 3500 3338 Martiani.

1930 3380 2062 3434 Item
2095 3378 2375 3442 Martiani,
2427 3377 2643 3445 Felicis,
2683 3377 2888 3443 Fausti,
2932 3377 3238 3441 Fortunati,
3275 3375 3501 3440 Silvani,

1928 3470 2172 3525 Luciani.
2208 3469 2438 3536 Gomali,
2479 3467 2728 3534 Parcilai,
2757 3469 3016 3534 Eonedis,
3044 3468 3215 3534 Mica),
3245 3465 3502 3529 Gallieni,

1929 3559 2202 3626 Fausnni,
2242 3557 2614 3616 Luciani......
2657 3559 2898 3629 episcopi
2929 3568 2984 3614 et
3006 3559 3364 3625 confessoris,
3404 3558 3498 3612 ubi

1929 3663 2058 3707 sunt
2085 3653 2316 3706 conditae
2335 3651 2574 3719 reliquis:
2592 3652 2764 3706 sancti
2789 3651 3017 3706 Joannis
3042 3653 3404 3720 evangelistze.
3430 3649 3502 3702 Et

1929 3744 2192 3798 dedicatio
2217 3744 2402 3797 altaris
2428 3744 2597 3796 sancti
2622 3743 2831 3796 Juliani
2854 3743 3127 3812 martyris,
3161 3743 3250 3812 qui
3275 3741 3504 3796 Brivafa'

1929 3853 2118 3905 pastus
2146 3845 2244 3888 (’8‘.

2006 3943 2093 3982 xrt
2129 3925 2257 3980 Kal.
2289 3925 2445 3981 Maii.
2465 3924 2522 3980 In
2546 3927 2772 3989 Achaia,
2797 3926 3061 3982 Corintho
3076 3927 3319 3992 civitate,
3349 3937 3500 3982 nata-

1933 4017 1998 4072 lis
2063 4027 2376 4070 sanctorum
2433 4016 2656 4081 Calesti,
2709 4014 2937 4080 Carissi,
2985 4015 3266 4082 Leonidis,
3329 4015 3497 4080 Laur,

1932 4106 2150 4171 Tertiae,
2212 4107 2560 4174 Christiana},
2647 4105 2837 4168 Gallae,
2911 4105 3207 4170 Theodori,
3271 4105 3502 4168 Carissi,

1931 4203 2177 4255 omnium
2219 4199 2272 4253 in
2320 4215 2468 4254 mare
2525 4213 2694 4254 mers.
2725 4199 3022 4262 Caritonis,
3077 4199 3322 4254 CtBIestte
3381 4193 3505 4253 cuni

1931 4293 2076 4356 aliis,
2109 4291 2315 4354 Unica,
2367 4291 2634 4356 Galliniat,
2686 4290 2951 4356 Mouicite,
2985 4290 3174 4360 Nigim.
3231 4289 3295 4342 Et
3350 4292 3504 4352 alibi,

1934 4387 2208 4452 Martiani,
2248 4385 2464 4450 Eniani,
2532 4385 2751 4452 Felicis,
2785 4385 3160 4453 Hermogenis,
3213 4382 3504 4445 Vincenti.

223 4477 490 4545 Agapiti,
533 4474 706 4540 Bassi,
735 4476 955 4544 Juliani,
993 4475 1216 4542 Felicis,
1256 4474 1432 4543 Pauli,
1463 4475 1660 4542 Mauri,
1691 4475 1825 4529 ller-
1857 4511 1903 4566 Β
1934 4478 2124 4541 Tertii,
2183 4478 2409 4532 Calesti.
2456 4477 2514 4530 In
2551 4475 2900 4542 Mauritania,
2942 4479 3139 4532 natalis
3187 4479 3412 4535 Basiliam
3449 4479 3504 4532 In

223 4572 414 4635 cule,
457 4569 809 4635 Verecundm,
849 4579 906 4627 et
939 4572 1176 4627 aliorum
1207 4587 1434 4627 numero
1460 4570 1823 4641 quadraginta

216 4665 386 4728 duo,
436 4660 652 4727 Quarti,
707 4661 1009 4727 Saturnini,
1061 4663 1326 4729 Secundi,
1381 4663 1605 4726 Decimi,
1658 4661 1826 4714 Darii.

221 4757 390 4809 Item
418 4751 675 4808 Secundi.
697 4752 829 4808 Item
849 4755 1148 4822 Saturnini,
1171 4755 1380 4822 Quinti,
1414 4753 1621 4819 Dextri,
1649 4751 1833 4808 Victo-

215 4849 348 4913 ris,
387 4844 602 4914 Donati,
651 4846 855 4913 Varici,
902 4846 1071 4914 Butti,
1135 4847 1381 4913 Vcnusti,
1414 4846 1642 4903 'I‘itiani.
1695 4848 1827 4902 Item

215 4937 515 5001 Victoris,
533 4938 756 5008 Sytillae,
776 4937 930 5003 Luci,
960 4937 1126 5006 Justi,
1149 4938 1404 4995 Orbante.
1424 4939 1556 4994 Itetn
1578 4937 1828 5004 Orbanze,

210 5030 442 5095 Marti,
512 5029 782 5096 Januarii,
831 5031 1041 5102 Cittini,
1095 5032 1340 5099 Paterui,
1396 5031 1605 5098 Pacini,
1663 5031 1829 5098 Putti,

213 5123 474 5190 Hurici,
513 5121 713 5193 Optati.
777 5122 911 5178 Item
975 5122 1203 5190 Victori,
1266 5125 1501 5198 Migoue,
1565 5124 1828 5189 Demetri,

205 5216 448 5278 Marci,
473 5215 737 5279 Flaviani,
763 5213 971 5281 Vitalis,
1004 5217 1253 5283 Dinaliw,
1278 5217 1615 5281 Cletiietitim,
1651 5215 1834 5271 Victu-

203 5316 370 5374 riae,
413 5309 647 5372 Felicia,
679 5307 948 5375 Maxima,
984 5309 1195 5364 Mustze.
1239 5308 1370 5366 Item
1417 5309 1608 5376 Marci,
1645 5309 1832 5366 lIono-

199 5405 384 5467 rati,
425 5401 706 5468 Laurenti,
737 5402 963 5466 Arburi,
1002 5403 1258 5471 Crispini,
1308 5404 1504 5468 Tertii,
1536 5403 1830 5470 Quintulaa,

197 5495 536 5558 Restituti,
559 5494 842 5560 Revocati,
881 5493 1124 5559 Paterni,
1162 5495 1390 5562 Buttasi,
1425 5496 1627 5563 Varici,
1657 5494 1831 5560 Pauli,

192 5587 461 5660 optati,
481 5588 667 5656 Spcni,
695 5585 929 5653 Valenti,
951 5587 1164 5653 Donati,
1188 5587 1394 5653 Manili,
1420 5589 1588 5650 Petri,
1615 5588 1830 5653 Felicis,

193 5679 499 5740 Proculi.
546 5680 676 5735 Item
738 5681 956 5746 Donati,
1007 5680 1288 5744 Gemellm,
1343 5682 1558 5747 Evanti,
1614 5683 1830 5746 Lazari,

193 5773 506 5837 Venusti,
529 5771 763 5838 Fluvini,
785 5773 984 5841 Ruﬁni,
1008 5773 1268 5846 CriSpini,
1292 5773 1516 5843 Naburi,
1546 5773 1742 5831 Victori
1790 5775 1825 5841 i,

1933 4571 2128 4634 Ponto,
2192 4567 2518 4634 Insclacclli,
2578 4567 2865 4634 Martialis,
2922 4568 3144 4635 Felicis,
3194 4569 3502 4629 Fortunati,

1933 4663 2161 4727 Silvani,
2189 4663 2432 4728 Lnriani,
2461 4661 2728 4723 Coamali,
2749 4661 3003 4728 Parcilai,
3027 4661 3310 4725 Leonedis,
3335 4661 3503 4723 Mica‘,

1932 4754 2188 4817 Gallieni,
2221 4754 2494 4820 Martiani,
2517 4751 2760 4808 Faustini
2788 4762 2844 4808 et
2874 4751 3124 4817 Luciani.
3157 4753 3407 4808 Jocuudi.

2004 4863 2070 4902 xv
2094 4849 2221 4902 Kal.
2263 4845 2422 4900 Maii.
2465 4846 2520 4900 In
2555 4845 2877 4911 Antiochia,
2914 4845 3114 4901 natalis
3143 4846 3317 4901 sancti
3361 4842 3503 4898 Petri

1935 4942 2172 5005 diaconi,
2216 4950 2274 4996 et
2309 4939 2669 5009 Hermogenis
2703 4939 2962 5000 ministri.
3001 4937 3170 5005 Petri,
3200 4936 3502 5000 Fortunati,

1935 5033 2211 5087 Martiani.
2275 5029 2334 5085 In
2386 5030 2591 5097 Africa,
2655 5030 2878 5096 Buruci,
2939 5029 3148 5096 Quinti,
3200 5028 3503 5096 Mappalici,

1935 5123 2222 5189 Victurici,
2251 5121 2755 5189 Donati,Januarii,
2781 5121 3005 5184 Macori,
3035 5119 3503 5187 Calli,Theodori,

1934 5215 2143 5271 Juliani
2206 5213 2538 5284 presbyteri,
2570 5221 2624 5268 et
2657 5211 2925 5280 Meceoni,
2964 5210 3167 5280 Migini,
3207 5209 3504 5270 Diomedis,

1935 5308 2243 5379 Filippiani.

2006 5417 2096 5456 xw
2130 5400 2259 5456 Kal.
2284 5400 2436 5457 Maii.
2470 5398 2527 5454 In
2558 5400 2758 5455 Salona
2778 5400 3021 5463 civitate,
3055 5397 3255 5452 natalis
3287 5406 3508 5452 sancto-
3555 5399 3570 5404 ’

1936 5511 2055 5550 rum
2086 5494 2314 5563 Septimi
2343 5494 2582 5560 diaconi,
2615 5492 2890 5549 Victurici.
2925 5492 2990 5546 Et
3024 5490 3174 5554 alibi,
3208 5489 3508 5558 Hermoge-

1939 5590 2046 5654 nis,
2084 5587 2342 5658 Dionysii.
2377 5586 2436 5641 In
2458 5586 2663 5651 Africa,
2689 5585 2946 5649 Victoris,
2971 5583 3264 5653 Pamphili,
3290 5583 3510 5647 Donati,

1936 5680 2202 5744 Januarii,
2237 5679 2509 5742 Micionis,
2562 5678 2776 5743 Domni,
2825 5675 3130 5739 Tarentini,
3165 5677 3361 5748 Syrici,
3397 5679 3513 5730 Pri-

1938 5774 2132 5842 stiani,
2169 5771 2421 5828 Joundi.
2477 5770 2681 5837 linum,
2726 5780 3038 5827 sanctorum
3105 5769 3408 5836 Eleuthrri,
3457 5783 3514 5824 ει.
