3956 6196
1529 188 1551 217 ο

427 269 532 335 i6?

1355 282 1422 341 'S.
1467 283 1914 369 HIEBONYMI
1951 288 2274 355 OPERUM
2315 289 2727 373 MANTISSA.

3547 285 3660 350 ιδε

425 383 643 459 Anthiae
673 386 1032 463 matrisejus,
1056 386 1356 454 Parthenii,
1388 391 1652 457 Coioceri,
1680 393 1831 459 Febi,
1862 395 1992 448 Pro-
2027 404 2065 457 Α
2100 395 2328 460 iiisach,
2366 400 2682 468 Abttenago,
2706 398 2904 453 iterato
2927 393 3166 459 nomine,
3191 391 3281 461 qui
3316 402 3369 448 et
3396 392 3659 459 Ananias,

424 476 554 541 culi,
586 476 888 553 Aputlmtis,
920 478 1223 546 Fortunati,
1254 479 1509 551 Crispini,
1544 482 1809 551 Expediti,
1844 485 1989 553 Map-

422 564 604 633 palici,
636 548 934 633 ’Victurini,
971 579 1024 621 et
1071 568 1225 635 Gagi.
1274 548 1739 643 Autissiodoroin
1785 548 1982 644 Callia,

421 655 683 709 dedicatio
712 656 1143 731 altarissenioris
1181 658 1461 716 Ecclesiae.

493 740 756 821 xin'Kul.
811 750 965 821 Maii.
1024 751 1077 806 In
1133 752 1375 809 Militana
1425 755 1647 812 civitate
1688 758 1985 825 Armenia,

420 837 797 917 liertnlogenis,
823 832 944 907 Gai,
966 842 1107 910 Ruit,
1145 845 1419 915 Expediti,
1445 847 1761 914 Aristonici,
1787 848 1986 905 Galatae

417 944 525 983 una
584 931 671 985 die
712 945 1116 989 coronatorum.
1172 934 1414 992 Militinai
1492 939 1787 1005 Armeniae,
1840 928 1999 1007 Boii,

417 1021 609 1087 Hilari,
654 1010 968 1092 Aristonici,
1008 1026 1315 1097 Fortunati,
1357 1030 1571 1096 Donati,
1604 1032 1761 1099 διιεῖ.
1811 1031 1983 1102 Maio.

414 1115 527 1169 iini.
558 1114 615 1168 in
642 1106 1145 1185 At‘ricaSereciani,
1178 1120 1388 1185 Donati,
1417 1120 1647 1177 Heladii.
1671 1124 1802 1178 item
1824 1126 1981 1180 Sere-

412 1200 603 1271 ciani,‘
630 1217 682 1262 et
731 1200 1087 1281 Hermogenis
1132 1226 1255 1265 cum
1293 1212 1412 1266 aliis
1448 1213 1685 1269 duobus.
1722 1214 1983 1269 chi-oli-

413 1295 552 1362 heri,
588 1300 783 1369 natalis
817 1297 875 1353 S.
902 1298 1204 1358 Vincentii.

482 1402 558 1440 xii
584 1385 717 1467 Kal.
748 1382 905 1445 .llaii.
941 1390 997 1444 in
1035 1391 1241 1456 Africa,
1278 1393 1476 1447 natalis
1508 1403 1822 1449 sanctorum
1851 1396 1981 1451 Ser-

411 1478 582 1543 viani,
609 1480 847 1547 Arajaci,
868 1478 1188 1548 Silvaniani,
1228 1483 1536 1547 Fortunati,
1574 1485 1821 1553 Joannis,
1841 1488 1976 1542 Ora-

409 1568 503 1631 cii,
533 1568 746 1635 Donati,
772 1562 1000 1638 Martiae,
1027 1574 1229 1641 Gemaa,
1253 1577 1526 1640 Corneliae,
1551 1578 1809 1647 Geminte,
1844 1581 1978 1635 Cor-

408 1659 569 1721 nilite,
594 1658 899 1729 Fortunati,
923 1664 1239 1720 Vincentize.
1275 1667 1482 1731 Romae,
1505 1670 1773 1739 depositio
1798 1672 1971 1727 sancti

412 1747 643 1806 Victoris
669 1754 931 1824 episcopi,
960 1756 1181 1820 Felicis,
1216 1758 1530 1827 Alexandri,
1573 1761 1774 1829 Papiae.
1807 1762 1971 1818 Ever-

404 1841 574 1906 tiuno,
609 1844 876 1914 depositio
910 1848 1081 1903 sancti
1117 1848 1419 1905 Marcellini
1449 1852 1712 1922 episcopi,
1745 1864 1799 1909 et
1847 1870 1978 1909 con-

407 1931 654 2000 fessoris,
702 1934 951 2005 Silviani,
981 1938 1207 2004 Tiriaci,
1246 1934 1465 2008 Donati,
1495 1944 1703 2010 Quinti.
1732 1944 1973 2001 Autisio-

408 2024 543 2079 dero
559 2026 801 2093 civitate,
829 2031 1100 2100 depositio
1131 2031 1308 2087 sancti
1333 2031 1549 2088 Martini
1577 2035 1889 2108 presbyteri
1919 2045 1974 2092 et

404 2114 757 2173 confessoris.
870 2114 871 2117 K

476 2221 527 2279 xi
580 2206 708 2265 Kal.
738 2211 889 2279 Maii.
944 2213 1002 2270 in
1061 2217 1384 2274 Alexandria
1436 2219 1630 2275 natalis
1659 2228 1969 2277 sanctorum

402 2294 710 2366 Fortunati,
742 2302 986 2359 Aratoris
1021 2292 1352 2378 presbyteri,
1396 2307 1591 2365 Felicis
1628 2310 1743 2375 ﬁlii,
1779 2296 1972 2367 Vitatis

400 2390 453 2438 in
485 2404 707 2445 carcere
724 2394 1078 2461 quiescentis.
1109 2396 1316 2463 Romae,
1348 2401 1399 2454 in
1427 2402 1740 2456 remeterio
1770 2403 1966 2459 Calein

400 2480 483 2531 via
514 2480 682 2551 Appia
712 2479 919 2542 natalis
946 2498 1260 2544 sanctorum
1288 2492 1584 2555 Valeriani,
1611 2493 1851 2561 Maximi,
1879 2498 1970 2552 'i'i-

400 2571 583 2639 burtii,
639 2574 855 2631 Donati.
907 2577 972 2631 Et
1000 2579 1051 2633 in
1084 2580 1376 2637 Terracina
1410 2584 1736 2654 Campaniae,
1771 2591 1967 2645 natalis

397 2664 567 2751 sancti
601 2665 921 2735 Amphriici,
947 2668 1199 2728 iocundi.
1231 2674 1296 2729 Et
1322 2675 1449 2730 alibi
1479 2675 1734 2743 Victoris,
1766 2678 1963 2751 Papiae,

399 2749 616 2810 Felicis.
653 2756 715 2809 Et
742 2758 868 2813 alibi
901 2758 1165 2828 depositio
1196 2766 1495 2836 Apruncnli
1534 2769 1793 2839 cpisc0pi.

466 2857 495 2895 x
527 2842 648 2898 Kal.
689 2844 841 2904 Maii.
877 2848 935 2905 in
962 2851 1168 2919 Africa,
1220 2854 1470 2912 Silviani.
1501 2858 1733 2914 Civitate
1766 2860 1960 2916 Hiera-

394 2934 520 3001 poli,
581 2939 779 2994 natalis
833 2932 1025 2997 sancti
1076 2943 1307 3015 Philippi
1356 2950 1605 3018 apostoli.
1672 2950 1855 3006 iiomai
1905 2953 1960 3007 in

393 3028 707 3084 cmmeterio
737 3030 960 3097 Caiesti,
984 3034 1068 3088 via
1115 3036 1309 3105 Appia,
1353 3040 1621 3109 depositio
1652 3041 1746 3097 Gai
1781 3059 1956 3112 papae.

392 3114 609 3174 Pritnoii
645 3118 943 3179 Tterdiani.
990 3125 1256 3197 Lugduno
1288 3129 1497 3195 Galliae,
1552 3136 1734 3200 passio
1782 3136 1958 3190 sancti

391 3206 619 3276 Epoiidi.
683 3210 748 3266 Et
814 3215 967 3287 al-bi,
1034 3204 1307 3284 Leonidis,
1361 3223 1631 3287 Aratoris,
1688 3223 1953 3289 Quiriaci.

391 3296 621 3354 Basiliam
655 3298 728 3355 1η
767 3301 992 3358 Senonis
1052 3307 1282 3371 civitate,
1318 3306 1573 3378 depositio
1626 3307 1817 3363 Leonis
1854 3312 1962 3380 epi-

390 3404 552 3445 813091.

463 3500 514 3539 ix
563 3485 682 3540 Kal.
716 3488 863 3543 Maii.
905 3488 963 3544 in
988 3488 1197 3557 Africa,
1225 3492 1420 3548 natalis
1446 3504 1758 3571 sanctorum
1791 3495 1958 3551 Catu-

389 3577 504 3642 lini,
544 3577 850 3644 Saturnini,
885 3581 1079 3648 Ghori,
1107 3583 1327 3651 Felicis,
1359 3584 1620 3651 'i‘lieonai,
1662 3585 1956 3651 Theodori,

392 3667 671 3734 Victorini,
710 3670 958 3739 Vennsti,
998 3671 1231 3743 Victori,
1266 3666 1487 3740 Nabori,
1536 3676 1735 3741 Soiuti,
1779 3677 1954 3743 Pleni,

391 3757 566 3824 Silvii,
596 3761 815 3827 Felicis,
857 3764 1070 3829 Vitatis,
1100 3764 1393 3833 Theodori,
1423 3767 1692 3837 Faustini,
1734 3768 1955 3837 Valerii,

389 3848 537 3905 Ursi.
589 3851 799 3919 Romae,
860 3854 1116 3912 Naboris.
1156 3856 1289 3913 item
1339 3858 1521 3915 Silvii.
1560 3861 1689 3927 Item
1740 3860 1952 3921 Vitatis.

389 3944 520 3999 item
555 3943 774 4012 Felicis,
808 3947 1037 4003 Nonne.
1077 3950 1133 4004 in
1178 3950 1530 4015 Alexandria,
1558 3952 1810 4008 Coronte.
1846 3953 1955 4008 Va-

388 4034 554 4087 lentia
590 4037 810 4090 civitate
842 4039 893 4090 in
920 4036 1114 4103 Gallia,
1162 4038 1362 4095 natalis
1391 4040 1589 4099 Felicis
1618 4041 1954 4115 Presbyteri,

391 4124 671 4180 Fortunati
721 4127 957 4194 diaconi,
1004 4127 1215 4184 Acbilei
1248 4130 1488 4201 diaconi,
1533 4142 1590 4190 et
1622 4148 1957 4191 commemo-

393 4220 529 4274 ratio
558 4217 773 4289 Georgii
811 4221 1089 4290 martyris.
1677 4286 1701 4296 ρ

462 4327 557 4365 rm
592 4311 718 4367 Kal.
753 4311 912 4375 Maii.
952 4313 1010 4369 in
1038 4314 1395 4384 Alexandria,
1415 4317 1617 4374 natalis
1639 4330 1952 4375 sanctorum

2090 489 2340 553 Azarias,
2387 502 2444 563 et
2488 489 2739 553 Misaltel,
2775 488 2831 543 in
2864 486 3158 558 Babylonia
3204 484 3272 539 ab
3305 485 3428 555 igne
3452 484 3659 538 ardenti

2091 578 2305 634 liberati
2328 590 2456 635 sunt
2489 595 2509 635 τ
2540 581 2858 635 benedictus
2885 579 3048 635 Deus.
3087 578 3143 633 in
3170 577 3430 647 Lugtinno
3457 575 3668 641 Galliae,

2088 671 2271 736 passio
2302 682 2617 726 sanctorum
2645 670 2932 726 Alexandri
2980 685 3106 727 cum
3143 668 3264 724 aliis
3312 683 3539 722 numero
3569 668 3664 719 tri-

2089 760 2235 827 ginta
2275 772 2557 832 quatuor:
2595 762 2660 817 Et
2704 762 2973 817 dedicatio
3020 770 3244 833 cryptae,
3297 759 3385 815 ubi
3434 773 3666 825 corpora

2087 865 2274 906 eorum
2309 853 2680 923 requiescunt.
2695 917 2709 923 _

2161 958 2230 997 vn
2270 942 2398 1000 Kal.
2444 944 2599 1001 Maii.
2635 947 2692 1001 in
2742 946 3007 1015 Syracusa
3044 945 3266 999 civitate
3297 941 3518 1005 Siciliae,
3560 956 3657 994 na-

2090 1033 2212 1087 talis
2264 1046 2580 1091 sanctorum
2644 1038 2856 1101 Evodii,
2918 1036 3275 1104 liermogenis
3308 1035 3547 1103 npassio
3599 1031 3661 1087 S.

2084 1124 2321 1205 Georgii,
2347 1126 2597 1184 Calestte.
2642 1128 2696 1182 In
2744 1128 2947 1208 Africa,
3003 1128 3241 1190 Nobilis,
3277 1127 3489 1189 Marcze,
3524 1126 3653 1179 lier-

2085 1215 2334 1285 menphi,
2394 1215 2700 1285 Fortunati,
2755 1217 3010 1272 iocundi.
3067 1217 3348 1288 Lagduno,
3404 1218 3655 1285 depositio

2084 1307 2224 1359 beati
2249 1304 2453 1360 Rustici
2484 1309 2732 1377 episcopi.
2774 1308 2998 1362 Letam'a
3025 1308 3218 1375 major.

2150 1412 2202 1451 vr
2260 1395 2388 1453 Kal.
2430 1397 2587 1453 Maii.
2655 1399 2709 1453 In
2761 1399 3035 1468 Axiopoli,
3090 1398 3316 1454 Aurelii.
3357 1396 3414 1451 in
3467 1397 3655 1452 Antio-

2082 1486 2224 1553 chio,
2284 1488 2565 1556 Leonidis,
2617 1490 2841 1553 Ventiei,
2898 1490 3073 1545 Marii.
3139 1492 3198 1543 in
3254 1488 3457 1551 Africa,
3497 1488 3653 1550 Julii,

2082 1577 2311 1645 Victuri,
2348 1579 2549 1650 Syrici,
2580 1577 2865 1643 Honorati,
2912 1579 3134 1645 Felicis,
3178 1578 3353 1645 Pauli,
3408 1576 3651 1638 Maximi,

2079 1669 2342 1735 Victoris,
2374 1668 2644 1741 Simplici,
2670 1670 2956 1737 Pollionis,
2989 1668 3119 1735 vni,
3149 1667 3452 1732 Calendini,
3487 1665 3652 1734 Apol-

2075 1759 2205 1821 loni,
2242 1758 2544 1826 Martianai,
2581 1759 2957 1824 Feiicissimae,
2986 1768 3053 1837 et
3093 1756 3327 1822 Herniea,
3377 1756 3649 1819 Martiani,

2078 1850 2398 1918 Lictissimi,
2422 1850 2634 1917 Finita,
2672 1850 2890 1915 Felicis,
2926 1836 3207 1915 Gertriani,
3239 1847 3475 1913 Feliciae,
3512 1847 3651 1901 Eva-

2077 1941 2193 2008 εἰει,
2227 1941 2539 1997 Gemellinae
2566 1957 2690 1997 cum
2728 1941 2896 1999 sociis
2927 1955 3139 2006 eorum,
3170 1937 3395 1993 Silvani.
3427 1936 3651 1991 Centulo

2076 2028 2398 2085 monasterio
2437 2032 2495 2085 in
2534 2028 2738 2095 Gallia,
2770 2030 3031 2100 depositio
3056 2029 3229 2083 sancti
3256 2027 3520 2081 Richarii.

2146 2138 2178 2176 v
2215 2120 2341 2176 Kal.
2375 2122 2527 2178 Maii.
2577 2120 2635 2175 in
2694 2121 2914 2177 civitate
2970 2120 3143 2175 Tarso
3192 2118 3418 2178 Ciliciae.
3453 2115 3649 2170 natalis

2071 2214 2244 2268 sancti
2287 2213 2527 2279 Castori,
2573 2213 2853 2271 Germani.
2904 2210 2958 2266 in
3014 2209 3351 2273 Nicomedia,
3394 2207 3643 2262 Anthimi

2070 2303 2337 2373 episcopi,
2370 2302 2634 2374 Stephani
2665 2302 2930 2374 episcopi,
2969 2301 3191 2358 Antonii
3233 2299 3552 2369 presbyteri.
3588 2297 3645 2351 in

2069 2393 2261 2465 Lydia,
2316 2393 2537 2459 Genesi,
2604 2392 2839 2461 Sodaiis,
2900 2392 3097 2460 ZOtici,
3167 2389 3384 2454 Marini,
3431 2388 3645 2449 Zetoni,

2068 2482 2327 2555 Helpidii,
2367 2484 2626 2549 Euthicii,
2674 2484 2944 2556 Lupicini.
2996 2484 3055 2539 in
3104 2483 3385 2551 Armenia,
3421 2481 3653 2533 civitate

2066 2574 2332 2643 Militum,
2385 2575 2722 2643 iieremitis,
2775 2575 3033 2645 Hilpidii,
3089 2573 3258 2645 Eppei
3316 2570 3643 2642 presbyteri,

2065 2665 2438 2737 Hermogenis.
2493 2667 2559 2722 Et
2610 2667 2763 2734 alibi,
2828 2665 3026 2729 Mauri,
3092 2675 3148 2719 et
3196 2665 3339 2733 capti
3392 2663 3642 2724 Diaconi,

2065 2756 2325 2824 Husandi,
2379 2757 2587 2820 Priani,
2633 2756 2817 2828 Cypri.
2883 2755 2942 2810 in
2980 2752 3234 2824 Egypto,
3289 2750 3641 2817 Nicomediae,

2063 2830 2328 2921 Victoris,
2380 2847 2628 2915 Maximi,
2692 2848 2966 2913 Martiani,
3030 2845 3208 2911 Pauli,
3232 2844 3487 2900 Germani
3515 2857 3639 2897 cum

2060 2940 2181 2994 aliis
2198 2955 2312 3003 sex,
2341 2939 2675 3007 Gcmeliinte,
2699 2938 3055 3007 Lactissimaz,
3076 2935 3309 3002 Feliciae,
3334 2934 3637 2996 Germana,

2061 3029 2283 3094 Felicis,
2338 3030 2605 3096 Evantiae,
2660 3028 2974 3095 Victurini,
3030 3026 3307 3092 Nicoiori,
3368 3025 3639 3088 Dioscori,

2061 3119 2260 3192 Papiae,
2314 3120 2652 3192 Serapionis,
2703 3119 2955 3186 Joannis,
3008 3119 3164 3175 Julii.
3219 3119 3277 3173 in
3325 3118 3640 3183 Antiochia,

2061 3213 2315 3277 Τὴίιιιίω,
2340 3212 2534 3279 Mauri,
2565 3212 2691 3267 Arri
2726 3211 2961 3277 diaconi,
2989 3210 3250 3275 Gettonsi,
3292 3208 3525 3263 Sodalis.

2132 3317 2185 3357 tv
2220 3301 2349 3357 Kal.
2378 3302 2532 3357 Maii.
2588 3303 2648 3357 in
2684 3300 2987 3368 Pannonia,
3024 3300 3224 3356 Eusebi
3274 3300 3531 3367 episcopi,
3581 3306 3641 3351 et

2059 3395 2289 3460 Vitalis,
2345 3393 2643 3451 Pollionis.
2698 3394 2759 3449 in
2815 3393 3177 3457 Alexandria,
3247 3391 3526 3447 Victorini.
3578 3390 3634 3444 In

2059 3487 2232 3542 Tarso
2264 3486 2493 3550 Ciliciae,
2552 3486 2766 3542 Matinae
2824 3501 2947 3541 cum
3003 3485 3126 3540 aliis
3159 3493 3376 3539 centum
3413 3491 3635 3551 septua-

2058 3580 2231 3649 ginta,
2274 3576 2484 3644 Afrosi,
2526 3577 2807 3649 Cariliippi
2857 3576 3183 3649 presbyteri,
3237 3576 3406 3645 Agapi
3466 3575 3638 3627 lecto-

2060 3684 2138 3726 r.s
2173 3670 2212 3735 ⁸,
2246 3670 2442 3725 Eusebi
2489 3669 2748 3724 eunuchi.
2793 3668 2854 3723 in
2906 3666 3115 3732 Africa,
3170 3665 3461 3736 provincia:
3512 3664 3639 3717 Dio-

2058 3765 2272 3832 mediae,
2312 3762 2510 3818 natalis
2546 3771 2863 3818 sanctorum
2904 3761 3129 3829 Manilii,
3159 3759 3373 3826 Donati,
3398 3757 3635 3824 Maurili,

2057 3853 2308 3921 Luciani,
2349 3854 2638 3921 Victorini,
2689 3854 2858 3909 Nician
2910 3852 3162 3922 virginis,
3190 3862 3246 3906 et
3274 3851 3503 3906 aliorum
3534 3851 3636 3903 du-

2058 3956 2340 4001 centorum
2369 3934 2645 4016 octoginta
2673 3946 2858 4001 trium.
2886 3946 2947 4000 in
2980 3944 3233 4001 Betorive
3265 3941 3511 4006 civitate,
3534 3940 3636 3994 de-

2055 4040 2253 4112 positio
2278 4039 2337 4096 S.
2373 4038 2572 4097 Eusebi
2597 4039 2924 4111 presbyteri.

2130 4148 2187 4188 iii
2229 4131 2361 4187 Kal.
2389 4132 2546 4186 Maii.
2582 4132 2643 4187 in
2672 4132 3030 4197 Alexandria,
3054 4131 3253 4185 natalis
3282 4130 3339 4184 S.
3373 4127 3631 4182 Germani

2057 4227 2384 4297 presbyteri,
2426 4226 2685 4281 Prosduci
2736 4226 2977 4280 diaconi.
3015 4225 3069 4279 In
3117 4222 3454 4283 Nicomedia,
3494 4219 3641 4273 Pru-

2058 4316 2249 4383 dentii,
2297 4314 2584 4384 Martialis,
2622 4315 3225 4391 Sabatii,Eodomoni,
3255 4311 3456 4368 Bareli.
3497 4310 3633 4366 item

385 4401 616 4458 Coloniae
647 4405 893 4477 virginis,
913 4403 1174 4472 Victoris,
1195 4405 1435 4475 Zoticite,
1464 4407 1710 4473 Fortuni,
1733 4409 1948 4477 Donati,
1982 4431 2027 4488 θ
2059 4402 2339 4472 Germani,
2366 4403 2611 4473 Filicosi,
2634 4406 2890 4475 Budenti,
2921 4405 3152 4472 Urbani,
3182 4413 3236 4460 et
3275 4404 3497 4473 Pigatm,
3525 4398 3636 4455 Sil-

385 4494 604 4561 Felicis,
638 4495 946 4564 Saturnini,
970 4496 1230 4563 Secundi,
1254 4498 1501 4555 Silviani.
1533 4501 1665 4555 item
1698 4500 1948 4569 Silviani,

384 4585 613 4651 iiutinae,
643 4586 927 4655 Liberalis,
957 4587 1173 4665 Meturi,
1202 4588 1410 4658 Toniti,
1442 4580 1669 4659 Firiani,
1698 4592 1945 4660 Barachi,

390 4679 602 4745 .‘iabori,
646 4679 829 4746 Fusci,
862 4681 1115 4747 Naventi,
1149 4682 1365 4748 Sarani,
1400 4680 1649 4738 Fortoni.
1680 4683 1810 4738 item
1836 4684 1944 4738 Do-

382 4776 515 4841 nati,
544 4773 804 4840 Fioriani,
830 4774 1041 4829 Theoni
1087 4775 1413 4849 presbyteri.
1437 4775 1495 4830 in
1524 4776 1731 4843 Africa,
1754 4777 1948 4833 natalis

388 4877 707 4939 sant-torum
758 4865 1030 4933 Faustini,
1084 4868 1372 4935 Victurini,
1430 4866 1644 4939 Saiuni,
1684 4869 1943 4935 Theonae,

388 4961 632 5023 Valeriaa,
657 4958 902 5025 Fortuni,
937 4960 1112 5027 Publi,
1136 4960 1379 5029 Foriani,
1410 4942 1709 5029 Menimeri,
1734 4961 1939 5026 Fausti,

387 5040 602 5117 tlartite,
635 5054 935 5117 Saubaciai,
978 5053 1341 5115 Theudestiie,
1375 5051 1674 5123 valeriani,
1709 5052 1942 5119 Urbani,

378 5145 573 5207 iterus,
632 5142 783 5208 Luci,
838 5140 1103 5199 Victoris.
1156 5141 1224 5196 Et
1280 5141 1336 5197 in
1397 5142 1502 5197 hoc
1534 5140 1938 5212 die,Sydrach,

441 5345 456 5375 ¹
503 5344 691 5412 Agapi.
730 5342 841 5397 Etsi
869 5359 896 5396 a
933 5340 1086 5399 nobis
1128 5347 1586 5412 nemogcxspectet
1649 5348 1707 5392 nt
1742 5340 1937 5412 menda

370 5408 570 5488 quibus
620 5410 1064 5488 Martyrologium
1118 5412 1220 5466 hoc
1282 5408 1643 5469 deformatur,
1686 5410 1939 5488 tollamus

369 5483 575 5545 omnia,
627 5484 712 5559 vel
763 5483 1935 5559 saltemhpleraque;_tatiit-ti_occasiottetii,

375 5555 462 5603 niti
491 5567 549 5604 se
591 5553 770 5613 oliert,
814 5553 1017 5621 aliquid
1079 5551 1354 5613 monendi,
1410 5550 1935 5621 qnmiiectoripro.

372 5624 527 5672 desse
557 5632 738 5687 queat,
777 5618 972 5675 nullam
1026 5621 1437 5689 praetermittere
1474 5618 1756 5689 nolumus.
1792 5619 1933 5683 Qua-

376 5694 616 5743 ntoLrt-m
649 5700 897 5747 notamus
938 5688 1039 5747 hoc
1066 5692 1186 5746 loco
1220 5704 1433 5746 errasse
1456 5688 1770 5753 Achctium,
1808 5696 1930 5743 dum

2055 4495 2205 4561 vani,
2231 4490 2373 4552 Joci.
2396 4500 2457 4552 in
2482 4497 2695 4565 Africa,
2748 4496 2951 4562 Gtacti,
2994 4506 3049 4553 et
3096 4496 3329 4550 aliorum
3362 4509 3453 4549 sex
3484 4508 3635 4546 mar-

2056 4597 2257 4658 tyrum.
2297 4587 2375 4645 Et
2438 4589 2661 4645 Perusio
2712 4588 2943 4653 Tusciae,
2999 4587 3291 4649 Valentini,
3345 4582 3629 4648 Martiani,

2048 4677 2283 4744 Bononi,
2340 4680 2556 4747 Vitatis,
2608 4681 2873 4753 Augusti,
2935 4678 3220 4743 Victurini,
3277 4675 3480 4741 Manili,
3513 4675 3633 4730 Me-

2051 4779 2219 4825 tronae
2276 4772 2528 4844 virginis,
2596 4774 2817 4838 Maculi,
2872 4773 3091 4845 Megini.
3148 4772 3205 4826 in
3268 4770 3623 4835 Alexandria,

2046 4865 2298 4933 Pudenti,
2359 4867 2640 4932 Martiani,
2692 4865 2982 4936 Filocnsz,
3016 4864 3336 4943 Theodosia:
3367 4863 3627 4933 virginist

2047 4957 2210 5013 Pariis
2238 4976 2361 5014 cum
2398 4960 2521 5015 aliis
2547 4961 2775 5016 duobus.

2119 5049 2304 5105 Pridie
2325 5050 2455 5107 Kal.
2485 5053 2641 5109 Maii.
2668 5053 2729 5110 in
2749 5053 3101 5117 Alexandria,
3123 5052 3377 5109 Dorotbei
3394 5052 3623 5123 presby-

2049 5143 2172 5208 teri,
2203 5143 2502 5201 Rodociani
2528 5144 2767 5212 diaconi,
2792 5142 3049 5213 Victoris,
3080 5145 3325 5209 Terenti,
3376 5143 3619 5215 Martini,

2042 5345 2179 5400 tinos
2201 5358 2418 5420 sanctos
2442 5348 2673 5416 eiiinxit,
2714 5364 2961 5420 quorum
2988 5349 3134 5420 alter
3167 5349 3427 5420 lectores,
3474 5349 3615 5420 alter

2040 5418 2323 5491 eunuchus
2370 5420 2649 5491 diceretur
2682 5434 2697 5472 :
2733 5418 2854 5491 nam
2888 5430 2944 5473 ut
2984 5419 3351 5491 Martyrologii
3381 5419 3615 5486 scriptor

2039 5485 2375 5559 Gai-ilippom
2406 5488 2803 5559 presbyterum,
2839 5490 2911 5543 ita
2957 5485 3220 5557 Agapiitm
3250 5485 3531 5559 lectorem,
3559 5497 3612 5542 et

2037 5553 2323 5627 [inscitiam
2369 5553 2679 5627 eunuchum
2738 5553 2905 5616 fuisse
2953 5553 3179 5625 notavit.
3235 5558 3432 5619 Statim
3492 5560 3610 5627 iege

2038 5624 2331 5682 Pravincire
2371 5619 2422 5679 Ν
2428 5628 2661 5682 ιιυιὶιιὶα.
2684 5696 2685 5699 η
