3956 6196
345 258 451 320 4τᾶ

1465 267 2138 362 ιιιιιτινιιοιοςιιυιι
2191 281 2462 356 veroat

3471 294 3580 360 474

335 374 571 439 Elonici,
631 374 858 444 Christi,
915 375 1205 448 Calonicae,
1256 378 1435 439 Jolize.
1486 385 1618 442 Item
1671 388 1898 456 Urbani,

2012 401 2112 464 cia,
2137 403 2334 460 natalis
2367 416 2682 462 sanctorum
2717 405 3060 476 Felicissimi,
3107 405 3304 478 Eracli,
3336 411 3574 479 Paulini,

331 467 608 566 ξομιξυς.
665 466 916 566 δήια-ηιξ
949 469 1005 522 ιιι
1060 471 1408 566 ᾼιθξθιιιιπία.
1472 478 1670 533 natalis
1717 484 1898 536 sancti
1931 466 1972 470 ⁷⁷
2009 490 2326 560 Menedime,
2379 498 2586 560 Saturi,
2653 497 2882 565 Victori,
2941 466 3250 566 Saturnini,
3290 466 3570 560 ἰιειυτίιιιί

329 557 499 611 Areni
527 556 764 612 diaconi.
794 557 850 612 ln
876 557 1114 615 Caesaria
1141 562 1517 634 Cappadociae,
1542 571 1740 624 natalis
1771 587 1903 626 san-

333 648 406 700 cti
442 647 706 702 Poliocbl.
747 646 806 702 ln
856 648 1061 716 Africa,
1113 655 1308 708 natalis
1339 668 1656 712 sanctorum
1687 661 1873 726 Quinti

335 736 584 800 Primuli,
648 737 875 805 Salusti,
926 739 1233 810 Fortunali,
1269 747 1498 802 duorum
1549 747 1902 815 Douatorum,

329 827 522 891 Primi,
548 829 768 896 ludicre,
787 830 1060 901 Lugustaa,
1085 833 1324 903 Ilogatae,
1345 837 1600 904 Urbane,
1623 839 1902 898 Romanae.

335 916 393 972 ln
417 917 654 985 Getulia,
673 923 870 977 natalis
895 935 1209 982 sanctorum
1234 929 1432 997 Emeli,
1452 930 1652 1002 Baseli,
1669 932 1906 991 Praetex-

334 1019 485 1076 tata,
529 1010 769 1078 Basiliaa,
801 1013 1090 1074 Parthitni.

403 1117 500 1156 xm
520 1102 642 1158 Kal.
673 1101 802 1159 Jun.
835 1107 892 1160 In
926 1107 1129 1175 Africa,
1154 1113 1352 1169 natalis
1375 1123 1694 1171 sanctorum
1721 1116 1904 1172 Victo-

335 1192 457 1256 riae,
506 1194 856 1259 Ilartellosaa,
884 1197 1072 1256 Salsae.
1135 1201 1339 1270 Roman,
1373 1205 1456 1260 via
1504 1208 1733 1273 Salaria,
1758 1209 1907 1265 Basi-

332 1282 505 1350 lissae,
531 1288 719 1350 Aorei,
748 1285 968 1354 Nostiaa,
997 1290 1244 1358 Nemavi,
1284 1293 1508 1350 Baudeli
1537 1301 1815 1369 martyris.
1841 1300 1907 1354 Et

333 1375 490 1441 alibi,
559 1378 753 1432 natalis
805 1388 1118 1463 sanctorum
1177 1399 1560 1453 germanorum
1631 1389 1899 1460 Gervasii,

328 1463 589 1529 Protasii,
625 1479 677 1522 et
702 1471 964 1540 depositio
1001 1473 1190 1529 Vellesi
1223 1486 1277 1531 et
1302 1475 1488 1534 Fausti
1510 1481 1900 1550 episcoporum.

404 1571 482 1610 ιιι
531 1555 659 1613 Kal.
717 1559 848 1614 Jun.
887 1561 942 1614 In
1014 1563 1362 1635 Mauritania,
1419 1569 1714 1637 TimOthei,
1762 1573 1900 1639 Pali,

332 1641 537 1709 Eutici,
577 1649 814 1704 diaconi.
860 1649 917 1704 In
954 1651 1238 1708 Provincia
1277 1656 1537 1723 Caesaria,
1566 1659 1742 1727 Epoli,
1797 1661 1901 1716 Eu-

2006 583 2138 638 Item
2173 587 2378 653 Saturi,
2409 588 2713 675 Forkunati,
2746 589 3034 645 Thomedi.
3059 589 3113 644 In
3154 593 3432 647 territorio
3461 595 3574 648 Au-
3643 634 3646 638 ι

1884 705 1900 729 ι
2007 675 2373 744 tisioderensi,
2411 681 2529 735 loco
2560 681 2846 746 Quotiaco,
2875 683 3056 750 passio
3084 681 3142 736 S.
3175 681 3346 738 Prisci
3374 696 3577 757 marty-

2007 765 2081 819 ris
2121 783 2244 820 cutn
2291 770 2575 823 innumera
2609 773 2972 826 multitudine.

2077 871 2128 910 vr
2186 857 2312 913 Kal.
2345 858 2474 913 Jun.
2509 860 2568 914 In
2605 859 2952 923 Alexandria,
3011 863 3209 917 natalis
3253 873 3574 920 sanctorum

2005 943 2185 1015 Aquili
2221 949 2543 1019 presbyteri,
2602 948 2904 1020 Evangelii,
2937 961 2992 1006 et
3032 953 3260 1007 aliorum
3308 947 3572 1023 quatuor-

2007 1037 2204 1093 decim.
2239 1039 2294 1093 In
2329 1039 2534 1106 Tantis,
2587 1041 2739 1104 Elian
2777 1043 3023 1108 Lociani,
3061 1044 3254 1106 Zotici,
3287 1044 3569 1112 Martialis,

2009 1127 2244 1196 Victori,
2290 1141 2344 1185 et
2383 1132 2660 1198 Mauriuae,
2705 1133 2942 1189 Servuli.
2996 1136 3054 1190 In
3114 1135 3316 1201 Africa,
3375 1139 3575 1192 natalis

2007 1230 2321 1278 sanctorum
2356 1223 2533 1288 Sacci,
2569 1222 2719 1289 Julii,
2758 1223 2996 1290 Vnama',
3052 1225 3288 1296 Carpite.
3323 1227 3382 1281 In
3435 1226 3570 1281 Sare

2007 1313 2178 1377 dinia,
2256 1313 2552 1382 Salutiani,
2625 1316 2854 1383 Eutrici,
2928 1318 3290 1386 Crescentini,
3346 1319 3567 1388 Titiani,

2007 1403 2214 1471 Quinti,
2261 1405 2493 1460 Stabuli.

2079 1507 2108 1544 v
2141 1492 2267 1547 Kal.
2301 1492 2432 1549 Jun.
2459 1492 2523 1550 In
2546 1493 2866 1564 Pamphilia,
2897 1495 3091 1562 Zetuli,
3149 1497 3337 1563 Primi,
3369 1497 3567 1560 Nonni,

2007 1581 2218 1646 Eoresi,
2249 1583 2401 1638 Julii.
2444 1585 2501 1638 In
2538 1586 2742 1651 Africa,
2777 1586 3022 1648 Portuni,
3053 1590 3335 1654 Aritninie,
3367 1589 3569 1643 Secun-

2009 1674 2141 1727 dini.
2174 1673 2232 1727 ln
2287 1674 2561 1740 Sardinia,
2599 1676 2779 1740 Emili,
2817 1676 3030 1741 Felicis,
3063 1679 3342 1744 Primiani,
3381 1680 3573 1734 Lucia-

334 1736 452 1800 tici,
483 1734 738 1791 Jocundi.
791 1740 846 1792 lu
880 1741 1084 1803 Africa,
1127 1746 1322 1800 natalis
1375 1761 1685 1802 sanctormn
1750 1751 1899 1806 Mau-

2012 1765 2085 1828 ni,
2117 1765 2464 1833 Jocundiani,
2495 1766 2668 1820 Lucii.
2702 1767 2904 1833 Bonam,
2932 1770 3012 1821 via
3051 1769 3412 1834 Nomentana,
3445 1772 3572 1824 mil-

329 1827 499 1896 relIa-,
523 1827 733 1893 Quinti,
763 1831 1015 1898 Primuli,
1048 1835 1276 1902 Salusti,
1327 1837 1636 1904 Fortunati,
1669 1839 1896 1909 Nirillaa,

321 1917 521 1974 Primi.
552 1920 612 1975 In
645 1919 878 1976 Caesaria
907 1925 1282 1994 Cappadociae,
1312 1928 1605 1994 Polieurti,
1649 1931 1891 2000 Victori,

329 2011 549 2078 Donati,
583 2013 790 2079 Quinti.
822 2017 878 2070 ln
905 2015 1205 2083 Britannia,
1235 2021 1431 2075 natalis
1482 2019 1750 2079 Timothei
1782 2027 1900 2078 dia-

325 2105 474 2159 coni.
511 2103 577 2158 Et
601 2106 751 2172 alibi,
781 2106 1013 2161 Mattliaei
1041 2110 1294 2176 apostoli.
1323 2110 1381 2164 In
1406 2113 1628 2168 civitate
1667 2115 1900 2170 Autisio«

327 2196 484 2260 dero,
517 2196 781 2264 depositio
821 2198 962 2253 beati
1015 2199 1164 2256 Valis
1228 2202 1535 2273 presbyteri
1570 2215 1626 2260 et
1680 2206 1897 2262 confes-

330 2301 497 2342 δοΙΊΒ.

400 2392 456 2430 ιιι
485 2374 615 2430 Kal.
649 2378 775 2444 Jun,
810 2377 1020 2445 Romae,
1049 2382 1244 2438 natalis
1284 2395 1594 2442 sanctorum
1623 2387 1894 2459 Faustini,

327 2467 624 2532 Timothei,
676 2471 924 2537 Venusti,
969 2471 1148 2542 Casti,
1203 2476 1386 2543 Emili,
1441 2480 1613 2548 Gotti,
1676 2484 1894 2554 Rogati,

329 2559 589 2625 Maxenti,
615 2560 832 2632 Felicis,
860 2563 1124 2633 Januarii,
1159 2565 1444 2635 Concessi,
1479 2571 1686 2638 Albini,
1719 2573 1898 2644 [loga-

337 2653 490 2709 tiani.
535 2653 666 2708 Item
699 2654 868 2711 Casti.
929 2659 1063 2712 Item
1101 2657 1294 2715 Plassi.
1352 2661 1410 2715 In
1445 2662 1662 2718 Corsica
1696 2665 1895 2729 insula,

332 2748 514 2814 passio
548 2746 605 2800 S.
639 2746 794 2802 Julize
847 2749 1075 2818 virginis
1106 2761 1159 2804 et
1220 2755 1499 2824 martyris.
1548 2754 1606 2809 lu
1661 2754 1896 2809 Caesaria

333 2835 707 2904 Cappadocia,
743 2839 935 2892 natalis
966 2837 1024 2893 Β.
1059 2839 1304 2896 Poliocti.

403 2943 440 2981 ι
471 2927 599 2982 Kal.
635 2929 766 2982 Jun.
799 2929 1020 2999 Spanis,
1053 2933 1251 2987 natalis
1300 2943 1612 2987 sanctorum
1657 2933 1896 3004 Epictiti,

332 3021 569 3086 Aplonii,
606 3021 789 3076 Basilii
819 3024 1082 3092 episcopi.
1113 3025 1243 3080 Item
1274 3027 1520 3096 Aptonii,
1549 3025 1798 3084 Jocundi.
1834 3028 1894 3082 In

336 3111 536 3176 Africa,
568 3113 778 3179 Quinti,
808 3113 963 3180 Luci,
992 3128 1046 3171 et
1075 3119 1255 3186 passio
1281 3093 1454 3174 sancti
1490 3117 1756 3174 Desiderii
1785 3119 1897 3188 epi-
1923 3093 1972 3156 ο

331 3206 502 3273 scopi,
533 3203 754 3269 Juliani,
787 3205 1004 3270 Felicis,
1041 3207 1328 3273 Montanae,
1353 3209 1646 3274 Januariaz,
1669 3210 1896 3277 Emiliae,

329 3296 554 3362 Nonnm,
588 3298 904 3366 Alemeridi,
955 3299 1094 3363 Asti,
1130 3299 1326 3356 Basilei
1373 3303 1633 3373 episeOpi,
1665 3301 1894 3368 Victori,

331 3387 524 3454 Firmi,
562 3389 824 3449 Montani.
862 3389 1088 3455 Juliani,
1115 3391 1403 3455 Victurici,
1439 3393 1632 3455 Fideli,
1680 3394 1895 3457 Donati,

332 3476 524 3541 Niciae,
552 3477 762 3544 Fausti,
791 3477 1082 3546 Timothei,
1109 3482 1340 3548 Silvani,
1392 3482 1544 3537 Foei.
1584 3482 1651 3537 In
1687 3485 1898 3540 civitate

329 3569 690 3635 Autisiodero,
709 3573 962 3640 depositio
979 3575 1324 3641 etjtranslatio
1344 3575 1404 3630 S.
1426 3574 1471 3628 Η
1479 3575 1637 3630 ειεηω
1660 3577 1896 3646 virginis.

408 3679 458 3716 rx
495 3661 623 3717 Kal.
671 3661 800 3717 Jun.
837 3664 894 3718 In
933 3663 1157 3732 Histria,
1214 3667 1408 3721 natalis
1454 3679 1764 3722 sanctorum
1801 3669 1900 3722 Ze-

333 3759 481 3821 ltelli,
517 3758 754 3818 Servuli,
789 3756 1104 3812 Secundini.
1137 3758 1194 3812 In
1232 3759 1435 3824 Africa,
1471 3761 1668 3814 natalis
1721 3759 1898 3814 sancti

335 3849 644 3909 Saturnini,
677 3861 728 3904 et
759 3849 986 3904 aliorum
1024 3867 1115 3904 sex
1152 3860 1471 3920 martyrum.
1509 3852 1562 3905 In
1607 3863 1764 3921 portu
1792 3851 1900 3906 Ro-

333 3957 518 4003 mano.
566 3943 762 3997 natalis
813 3943 986 3996 sancti
1026 3942 1319 3996 Vincentii.
1383 3942 1440 3996 In
1491 3943 1669 4014 Syria,
1726 3943 1896 4012 Zoeli,

335 4032 546 4099 Saturi,
578 4033 799 4095 Titnini,
831 4035 1135 4099 Saturnini,
1161 4034 1382 4100 Servili,
1412 4033 1628 4099 Felicis,
1665 4034 1893 4099 Silvani,

337 4125 588 4182 Fortnni.
633 4124 763 4179 Item
815 4123 986 4186 Zoeli,
1025 4123 1207 4189 Striaz,
1260 4132 1316 4179 et
1353 4125 1543 4188 Diocli,
1593 4125 1894 4180 Maximini.

332 4221 392 4274 In
431 4218 628 4285 Gallia,
685 4217 903 4272 civitate
963 4214 1267 4280 Namnetis,
1333 4217 1524 4271 natalis
1580 4228 1896 4272 sanctorum

339 4308 648 4379 Bogatiani,
678 4305 964 4360 Donatiani
998 4320 1402 4374 germanorum.

2000 1855 2160 1909 liario
2213 1857 2374 1910 tertio
2428 1857 2664 1920 decimo,
2701 1859 2900 1913 natalis
2955 1869 3268 1913 sanctorum
3332 1861 3565 1929 Epit'ali,

2005 1931 2268 2010 Eustasip
2298 1947 2504 2010 Vit-tiae,
2551 1947 2806 2004 Castnlte.
2858 1948 2986 2002 Item
3028 1950 3261 2018 Epicati,
3321 1952 3566 2014 Octobri,

2001 2034 2229 2100 Uroriaa,
2291 2037 2613 2106 Vippiapill,
2677 2041 2932 2105 Homini,
2998 2041 3244 2106 Marcili,
3301 2042 3565 2110 Ciconite,

1998 2127 2238 2190 Maximi,
2297 2127 2569 2194 Filomini,
2626 2131 2842 2194 Aviciae,
2899 2132 3244 2196 Commieni,
3294 2132 3564 2196 Martiani,

1998 2219 2253 2283 Flumini,
2291 2219 2538 2284 Mariani,
2600 2221 2833 2276 Castulie
2887 2237 3009 2276 cum
3051 2222 3171 2276 aliis
3233 2239 3447 2279 novem.
3497 2224 3566 2277 In

1998 2311 2206 2364 civitate
2251 2311 2501 2378 Parisiis,
2551 2314 2806 2382 depositio
2864 2313 2924 2369 S.
2958 2313 3210 2368 Germani
3261 2315 3488 2384 episcopi
3513 2325 3564 2368 et

1997 2402 2329 2470 confessoris.

2066 2509 2116 2547 Iv
2147 2491 2276 2550 Kal.
2308 2493 2439 2550 Jun.
2473 2493 2531 2548 In
2560 2495 2800 2558 Ciballis,
2828 2497 3026 2551 natalis
3063 2496 3124 2560 S,
3156 2495 3417 2552 Pollionis
3481 2494 3562 2549 leo

1997 2588 2166 2640 ctoris
2196 2593 2249 2639 et
2285 2587 2560 2657 martyris.
2593 2587 2650 2642 ιιι
2685 2587 3021 2653 Nicomedia,
3051 2590 3225 2643 sancti
3252 2589 3462 2659 Cyrilli.
3497 2589 3554 2643 In

1995 2675 2202 2750 Africa,
2237 2677 2432 2732 natalis
2459 2688 2771 2732 sanctorum
2828 2679 3021 2744 Primi,
3055 2681 3347 2746 Aaccidia',
3378 2679 3564 2735 Passi-

1997 2767 2166 2829 moni,
2198 2777 2252 2822 et
2276 2769 2505 2822 aliorum
2543 2780 2761 2823 centum
2793 2771 3184 2841 quinquaginta
3215 2772 3399 2826 trium.
3429 2773 3566 2826 Tre-

1999 2859 2163 2922 veris,
2193 2859 2461 2926 depositio
2480 2859 2752 2913 Maximini
2776 2862 3015 2930 episcopi
3048 2863 3116 2915 de
3151 2866 3414 2932 antiquis.
3449 2862 3563 2917 Ro-

1998 2964 2098 3002 ma:
2123 2951 2204 3001 via
2239 2950 2481 3009 Aurelia.
2529 2951 2726 3005 natalis
2755 2955 2927 3006 sancti
2979 2952 3243 3007 Restituti
3285 2954 3562 3023 martyris.

2001 3038 2098 3093 Via
2119 3038 2424 3104 Tiburtina,
2460 3049 2666 3106 septem
2711 3055 3120 3108 germanorum.
3168 3042 3225 3094 ln
3261 3041 3564 3108 Hispaniis,

2005 3129 2198 3184 natalis
2241 3130 2412 3184 sancti
2451 3128 2654 3184 Gentii.
2711 3131 3029 3194 Antiochiae,-
3069 3130 3354 3195 Sicimodi,
3390 3131 3564 3196 Bassi,

1999 3219 2251 3288 Venusti,
2281 3219 2514 3284 Victori,
2547 3223 2802 3276 Pullieni.
2831 3224 2891 3277 In
2923 3223 3156 3278 CaeSaria
3188 3225 3564 3293 Cappadociae,

2001 3308 2218 3373 Carclli,
2254 3307 2503 3374 Primuli,
2558 3309 2774 3376 Finodi,
2815 3311 3069 3376 ‘Venosti,
3127 3311 3442 3376 Tretleutei,
3475 3309 3568 3365 Jo-

2000 3400 2186 3454 cundi.
2219 3400 2276 3454 In
2302 3401 2544 3454 Anaunia
2571 3412 2887 3456 sanctorum
2921 3403 3153 3465 Sisinni,
3185 3415 3238 3457 et
3272 3403 3565 3456 Alexandri

2002 3494 2276 3560 martyris.
2305 3490 2511 3557 Romae,
2538 3493 2735 3549 natalis
2759 3503 2961 3549 sanetae
2981 3494 3308 3560 Petronillze,
3331 3494 3566 3549 Alexan-

2000 3581 2104 3644 dri,
2141 3580 2406 3652 Martyrii.

2073 3687 2134 3726 ιιι
2179 3671 2310 3728 Kal.
2362 3672 2494 3728 Jun.
2544 3675 2601 3728 In
2658 3674 2978 3740 Antiochia,
3025 3675 3221 3728 natalis
3252 3684 3564 3728 sanctorum

2001 3763 2136 3828 Sici,
2163 3763 2396 3818 Palatini
2427 3765 2698 3819 Turribus
2718 3765 3007 3830 Sardiniae,
3036 3767 3236 3819 natalis
3255 3775 3563 3818 sanctorum

2000 3854 2219 3920 Gabini,
2273 3857 2532 3927 Crispoli.
2571 3857 2627 3911 In
2673 3855 2990 3910 Nicomedia
3023 3857 3222 3910 natalis
3275 3857 3563 3910 multorum

1999 3956 2254 4001 8300101³11
2264 3964 2340 4002 III.

2071 4034 2252 4090 Pridie
2278 4034 2406 4090 Kal.
2449 4034 2579 4090 Jun.
2615 4036 2672 4090 In
2719 4037 2992 4104 Aquileia,
3027 4036 3219 4091 natalis
3253 4045 3564 4091 sanctorum

2000 4125 2178 4190 Canti,
2207 4109 2490 4192 cantiani,
2547 4127 2714 4192 Proti,
2747 4127 3057 4196 Crisogoni,
3092 4140 3148 4182 et
3197 4127 3562 4182 Catttianillte.

1999 4216 2350 4288 Carthagine,
2409 4217 2680 4273 Dacianae.
2715 4218 2980 4272 Turribus
3017 4219 3034 4250 ²
3087 4218 3566 4280 Ξετιιὶιιὶω,’(ὶιεε-

1999 4310 2260 4374 centiani,
2344 4309 2605 4364 Mennnii.
2674 4310 2734 4363 In
2791 4309 3015 4364 civitate
3068 4309 3252 4378 Syrta,
3287 4309 3560 4366 .Daciani.

409 4415 507 4454 vni
531 4397 662 4453 Kal.
695 4397 825 4452 Jun.
854 4397 914 4452 lo
939 4397 1056 4452 solo
1079 4396 1310 4458 Tuscia,
1341 4396 1562 4452 civitate
1586 4397 1768 4460 Blera,
1799 4413 1893 4450 na-
1927 4421 1972 4477 ι)
2002 4397 2210 4464 Romae,
2244 4401 2331 4455 via
2383 4402 2625 4464 Aurelia,
2659 4400 2852 4456 natalis
2907 4413 3222 4456 sanctorum
3285 4401 3562 4463 Processi.

342 4491 464 4544 talis
521 4500 836 4544 sanctorum
876 4485 1250 4551 Sententiata‘,
1286 4484 1517 4541 Vicentii
1578 4495 1632 4541 et
1690 4495 1893 4542 sancta

335 4580 589 4634 Julianze.
651 4577 978 4643 Mediolano,
1014 4576 1282 4646 depositio
1347 4575 1586 4646 Dionysii
1633 4577 1896 4644 episcopi,

333 4671 628 4740 Polegrati,
650 4680 705 4724 et
721 4670 950 4723 aliorum
979 4679 1210 4740 quatuor
1229 4678 1636 4731 coronatorum,
1663 4665 1898 4722 Vincen-

335 4763 420 4829 tii,
450 4761 696 4828 Joannis,
724 4759 902 4814 Marii.
929 4759 985 4814 In
1007 4757 1252 4825 Oriente,
1278 4758 1516 4812 Eusebii.
1539 4756 1632 4812 Via
1653 4756 1898 4814 Nomen-

334 4865 482 4916 tana,
529 4850 783 4905 milliario
823 4863 992 4914 nono,
1035 4849 1232 4903 natalis
1283 4847 1482 4902 Urbani
1515 4849 1778 4919 episcopi.
1840 4849 1896 4904 In

333 4943 653 5001 cmineterio
681 4939 1322 5005 Practextati,Dorostoli.
1349 4941 1404 4994 In
1423 4939 1630 5007 Africa,
1649 4940 1898 5006 Fabiani,

331 5036 584 5107 Septimi,
617 5035 771 5092 Julii.
810 5035 870 5090 ιιι
915 5032 1154 5102 Epheso,
1209 5032 1432 5087 Joannis
1479 5034 1745 5103 Apostoli,
1803 5035 1902 5088 Sa-

335 5130 560 5186 turnini.
621 5127 888 5192 Tomuni,
949 5125 1199 5190 Victori,
1251 5123 1438 5191 lstiali,
1464 5124 1743 5194 Victoriae,
1774 5127 1903 5182 Fla-

334 5222 406 5277 vii
425 5261 443 5289 ,
470 5229 527 5278 et
570 5219 836 5290 depositio
869 5217 929 5272 S.
954 5215 1212 5270 Marcelli.

404 5328 478 5367 vn
506 5310 633 5367 Kal.
661 5310 788 5364 Jun.
817 5307 1028 5362 Natalis
1059 5311 1230 5362 sancti
1264 5306 1511 5375 Eraclii,
1549 5308 1727 5376 Pauli,
1756 5310 1898 5366 Min-

332 5403 498 5468 dina',
557 5399 812 5456 Jocundi.
878 5399 934 5453 In
969 5398 1178 5460 Africa,
1234 5399 1364 5452 item
1421 5399 1596 5464 Pauli,
1658 5403 1892 5468 Auteon,

331 5491 614 5562 Quadrati,
642 5491 848 5556 Rolini,
885 5490 1132 5555 Valeriae,
1174 5487 1374 5562 Magni.
1408 5491 1466 5547 In
1499 5493 1719 5552 civitate
1752 5496 1897 5554 Tus-

411 5678 428 5710 ί
462 5677 734 5736 Turribus.
770 5679 910 5751 Lege
935 5676 1235 5734 Calaribua.

2003 4492 2337 4556 Martiniani,
2377 4492 2627 4546 Frimini.
2661 4493 2868 4546 Natalis
2924 4503 3238 4546 sanctorqu
3287 4492 3562 4553 Gaulieni.

2000 4583 2281 4644 Germani,
2321 4581 2554 4648 Victori,
2607 4583 2836 4648 Silvani,
2897 4581 3228 4648 Thclesl‘ori,
3271 4583 3568 4650 Victorini,

2002 4675 2216 4740 Donati,
2251 4674 2448 4739 Istiali,
2481 4675 2655 4740 Terti,
2688 4675 2901 4744 Rogati.
2944 4678 3078 4732 item
3110 4675 3390 4732 Germani.
3437 4676 3566 4732 Item

2003 4765 2236 4832 Silvani,
2259 4765 2488 4831 Honori,
2511 4765 2736 4831 Ciliciae,
2764 4767 3021 4822 Tertolaa.
3057 4768 3260 4832 Lauta,
3284 4765 3565 4831 Victoriae,

2006 4855 2308 4921 Fortunati,
2365 4857 2640 4924 Maximte,
2691 4858 2933 4927 Rogata,
2988 4857 3266 4921 Pauliciae,
3323 4857 3566 4926 Agapiaa,
3614 4862 3627 4882 ‘

2007 4949 2512 5014 Castulae,Atnella:.
2541 4950 2673 5004 Item
2694 4947 2946 5012 Tertulae,
2981 4949 3146 5018 Lupi,
3172 4948 3334 5014 Josti,
3371 4947 3567 5012 Tectae,
3611 4995 3618 5004 .

2006 5042 2198 5098 Firmi.
2231 5041 2292 5095 In
2327 5040 2642 5106 Antiochia,
2683 5039 2897 5096 Paulini
2937 5051 2993 5096 et
3017 5041 3161 5096 Isici.

2493 5131 2750 5187 MENSIS
2805 5131 3074 5190 JUNIUS.

2528 5224 2700 5280 Habet
2754 5224 2870 5279 dies
2916 5241 3044 5278 nx.

2077 5316 2204 5371 Kal.
2237 5315 2408 5372 Junii.
2443 5317 2654 5372 Litania
2688 5318 2998 5371 indicenda.
3039 5315 3098 5370 In
3157 5313 3568 5379 Thes-alouica,

2009 5409 2219 5464 Octavi.
2261 5409 2322 5464 In
2372 5409 2681 5473 Antiochia,
2723 5408 2947 5474 Zosimi,
2981 5418 3040 5463 et
3093 5409 3274 5463 Tecla:
3314 5407 3566 5475 virginis.

2005 5498 2064 5556 In
2090 5498 2296 5567 Africa,
2323 5497 2592 5570 Crispini.
2620 5501 2830 5567 Romae,
2854 5498 3102 5566 iuvenci,
3137 5497 3376 5570 Cyriaci,
3400 5495 3567 5550 Nico-
