3934 6188
430 233 539 301 479

1401 237 1465 299 5.
1504 234 1949 298 HIERONYMI
1991 229 2307 295 OPEBUM
2351 232 2745 299 MANTISSA.

3570 233 3681 307 480

424 348 595 401 ventio
613 357 916 401 sanctorum
950 362 1228 415 corporum
1257 345 1529 413 Fusciani,
1562 345 1830 409 l’iotorici,
1857 357 2010 416 atque
2038 359 2085 413 Α
2184 360 2237 399 iv
2268 343 2411 399 Non.
2443 343 2558 399 Jul.
2588 346 2643 400 In
2665 346 2870 410 Africa,
2891 344 3207 403 Jocuudiaui
3237 349 3292 405 in
3318 330 3483 405 altum
3506 353 3676 416 missi,

427 437 672 491 (.‘entiani
709 448 1023 507 martyrum.
1075 438 1171 493 Oia
1200 440 1398 504 insula,
1432 440 1716 495 translatio
1763 443 1996 509 corporis

427 526 485 579 S.
522 527 805 583 Florentii.

497 636 547 671 tv
584 620 707 674 Kal.
731 620 846 674 Jul.
884 619 942 674 ln
975 621 1182 686 Africa,
1210 622 1456 685 Sabiani,
1507 622 1727 688 Felicis,
1780 623 1995 692 Elaphi,

432 707 675 775 Venusti,
719 713 983 778 Eunuchi,
1040 714 1353 779 Crescenti,
1395 716 1709 779 Alexandri,
1759 712 1993 780 Theoni,

425 799 666 863 Arionis,
713 800 954 869 Plnenis,
1008 806 1234 870 Asteiri,
1283 807 1555 877 Apolloni,
1603 807 1994 875 Amphimonii,

428 892 700 959 Philosisi,
734 893 936 962 Melvii,
962 897 1228 968 Dionysii,
1260 935 1278 952 .
1312 939 1326 953 .
1349 936 1363 951 .
1382 897 1796 962 nnus,Pannus,
1822 897 1999 952 Plchi-

422 999 538 1048 eus,
566 985 832 1050 Dioscuri,
860 985 1106 1053 Tribani,
1139 988 1453 1058 Capitolini,
1479 989 1644 1056 Nicae,
1669 990 1991 1047 Gurdini.ln

423 1078 770 1142 Alexandria,
798 1089 1108 1133 sanctorum
1152 1079 1365 1146 Sereni,
1407 1081 1702 1148 Theodori,
1755 1082 1990 1147 Pastusi,

421 1168 602 1232 Titiri,
658 1170 981 1239 Dionysium,
1040 1171 1291 1236 Passimi,
1365 1172 1581 1237 Plesici,
1616 1212 1632 1227 .
1668 1214 1682 1228 .
1723 1213 1738 1227 .
1773 1215 1788 1228 .
1823 1183 1991 1237 astte,

421 1259 756 1325 Ambeniari,
814 1261 1086 1327 Dioscuri,
1142 1261 1345 1329 Orion,
1396 1264 1645 1328 Treban,
1692 1265 1989 1332 Captuliui,

421 1350 612 1413 Oriuu,
647 1353 867 1418 Seueri,
903 1353 1162 1417 Plutarci,
1190 1354 1416 1409 Herenei
1465 1359 1727 1426 episcopi,
1756 1357 1989 1424 Ileracli,

424 1440 629 1505 llcruti,
668 1442 960 1509 Putamini,
992 1443 1255 1511 Marcelli,
1281 1445 1522 1511 Basilidi,
1553 1447 1797 1509 Leonidi,
1826 1448 1987 1501 Pam-

419 1532 569 1594 boni,
631 1530 780 1597 Orio,
834 1533 1126 1601 Panuheri,
1188 1535 1398 1602 Tilinze,
1449 1538 1726 1603 Nonnicae,
1792 1538 1991 1608 Sinidi,

419 1622 677 1683 Memmii,
707 1622 836 1678 Juli.
867 1623 1132 1695 Lugdune
1192 1627 1402 1693 Galliae,
1437 1630 1666 1685 llerenei
1724 1633 1985 1701 episcopi,

2100 445 2153 490 et
2184 437 2461 506 martyris.
2520 437 2577 492 in
2615 437 2830 509 Syrmia
2904 438 3164 506 Sabatia,
3214 439 3514 497 Innocentii
3551 459 3672 498 cum

2099 527 2220 581 aliis
2250 541 2366 581 xu.
2396 527 2461 581 In
2490 527 2664 582 Gallia
2721 529 2968 598 Turonis,
3002 532 3271 586 ordinatio
3320 535 3673 603 episcopatus,

2096 628 2143 670 et
2175 620 2458 673 translatio
2509 623 2746 690 corporis
2776 623 2853 677 'S.
2891 618 3116 677 Martini
3153 624 3312 694 episc.
3364 636 3410 678 et
3443 626 3582 692 conf.
3625 635 3675 678 et

2096 709 2358 763 dedicatio
2398 711 2629 765 basilica:
2678 710 2861 780 ipsius.
2922 712 3198 780 Beturino,
3254 712 3452 769 natalis
3501 718 3676 770 sancti

2094 797 2356 854 Lauriani
2389 802 2619 871 episeopi
2652 812 2700 856 et
2728 804 3068 872 confessoris.

2167 906 2226 945 ιιι
2272 891 2407 946 Non.
2470 893 2585 965 Jul.
2645 896 2703 949 ln
2763 893 2978 960 Sicilia,
3046 898 3304 967 Agatoni,
3355 896 3672 966 TriphOnis.

2091 981 2255 1037 Justi.
2292 984 2356 1038 Et
2391 985 2443 1038 in
2473 986 2680 1049 Tomis,
2732 987 3029 1051 Stratonis,
3086 988 3375 1056 Theodoti,
3416 989 3668 1053 Meronm,

2097 1072 2350 1140 Rudente,
2386 1075 2650 1143 Secundi,
2685 1078 2902 1141 Thomi,
2935 1080 3182 1151 Magrini.
3224 1082 3358 1135 [tem
3383 1080 3672 1135 Theodoti.

2094 1166 2152 1221 ιιι
2182 1167 2529 1232 Alexandria,
2569 1169 2766 1223 natalis
2799 1170 2855 1223 S.
2893 1172 3110 1238 Arpotis
3138 1172 3494 1226 confessoris.

2167 1254 2343 1309 Pridie
2364 1254 2508 1310 Non.
2538 1258 2650 1311 Jul.
2684 1257 2738 1312 In
2771 1258 3121 1321 Alexandria,
3142 1262 3341 1328 Artoti,
3376 1262 3513 1328 Zeti,
3548 1265 3669 1319 Pal-

2092 1347 2208 1410 lati,
2232 1348 2488 1418 Philippi,
2527 1348 2734 1415 Severi,
2779 1351 3001 1407 Juliani.
3029 1352 3085 1407 in
3146 1354 3327 1425 Syria,
3354 1355 3669 1423 Neveduno,

2092 1436 2288 1501 Zotici,
2342 1439 2608 1503 Amandi,
2663 1442 2887 1496 Arietis.
2939 1443 3340 1512 Augustiduno,
3392 1447 3665 1514 depositio

2091 1526 2336 1593 Legontii
2362 1527 2597 1596 episcopi
2632 1538 2686 1581 et
2710 1530 3063 1584 confessoris.
3087 1530 3355 1600 Dcpositio
3387 1533 3444 1588 S.
3473 1536 3665 1590 Coaris

2091 1619 2378 1687 presbyteri
2403 1629 2452 1671 et
2506 1620 2840 1688 confessoris.
2898 1622 2968 1676 Et
3021 1620 3238 1677 OctaVae
3294 1626 3663 1693 apostolorum

416 1728 537 1764 cum
577 1711 698 1767 aliis
721 1728 838 1775 sex,
870 1713 1144 1779 Leonidis,
1177 1714 1437 1783 Plutarci,
1468 1718 1685 1784 Sereui,
1711 1697 1988 1776 Pontami-
2020 1697 2062 1751 Β
2091 1709 2235 1763 ΡθΙΓῘ
2260 1721 2314 1764 ει
2355 1710 2522 1765 Pauli-

417 1817 520 1866 nae,
557 1801 815 1858 Marcelli.
838 1804 1043 1870 Romae,
1072 1806 1259 1862 Leonis
1284 1823 1458 1876 papaz.

485 1906 543 1947 ιιι
570 1893 838 1953 Καωαι.
871 1895 1079 1962 Romae,
1116 1900 1313 1956 natalis
1369 1910 1683 1958 sanctorum
1734 1902 1881 1959 Petri
1933 1911 1989 1960 et

414 1985 565 2041 Pauli
597 1989 993 2058 apostolorum,
1024 1998 1079 2044 et
1109 1990 1340 2045 aliorum
1383 2005 1781 2064 nongentarum
1837 2007 1988 2051 octo-

412 2081 561 2150 ginta
591 2094 645 2136 et
679 2093 884 2151 septem
924 2092 1242 2154 martyrum.
1274 2084 1342 2139 Et
1370 2085 1642 2143 dedicatio
1682 2087 1986 2160 haptisterii

412 2173 647 2241 antiqui.

485 2262 664 2318 Pridie
697 2263 819 2318 Kal.
843 2264 958 2319 Jul.
988 2264 1192 2335 Romae,
1224 2269 1422 2324 natalis
1446 2279 1762 2326 sanctorum
1797 2270 1985 2327 Timo-

415 2356 551 2422 thei,
579 2356 763 2420 ltalize,
800 2356 996 2421 Gelati,
1023 2357 1405 2426 Zoil,'ltalic;e,
1425 2362 1630 2416 Corsici
1660 2362 1983 2433 presbyteri,

419 2447 615 2501 Leonis
644 2447 988 2502 subdiaconi.
1026 2449 1081 2502 lu
1118 2452 1435 2519 Agrippina.
1467 2453 1693 2519 Asclivi,
1729 2442 1986 2526 Pamphi-

413 2539 490 2592 lii.
521 2537 855 2604 Lemovicas,
876 2541 1142 2609 depositio
1168 2541 1227 2596 S.
1249 2541 1513 2601 Martialis
1545 2545 1809 2616 episcopi.

926 2700 1175 2759 MENSIS
1219 2704 1481 2762 JULIUS.

959 2797 1135 2852 liabet
1151 2800 1266 2853 dies
1283 2813 1429 2852 xxxi.

480 2903 607 2959 Kal.
644 2902 760 2959 Jul.
787 2903 1001 2973 Litania
1036 2908 1314 2963 indicitur.
1353 2907 1409 2963 In
1467 2908 1804 2979 Nicomedia,
1838 2911 1984 2966 Zoeli

412 2996 688 3066 martyris.
724 2998 930 3062 Romte,
965 2998 1086 3053 Gaii
1119 3015 1287 3069 papas,
1319 3012 1372 3056 et
1424 3002 1621 3057 natalis
1667 3013 1983 3059 sanctorum

414 3087 629 3149 Luceia:
662 3091 909 3160 virginis,
947 3098 1001 3144 et
1025 3090 1239 3145 Aucela;
1267 3092 1429 3162 regis,
1463 3108 1581 3147 cum
1612 3094 1733 3148 aliis
1763 3104 1906 3150 octo.
1927 3095 1985 3150 lu

408 3187 599 3239 eadem
625 3185 758 3238 urbe
775 3182 946 3249 Esici,
976 3184 1241 3248 Processi,
1262 3184 1500 3249 Marium,
1518 3185 1741 3250 Antoni,
1776 3185 1985 3252 Sereni,

414 3276 665 3330 Victoris.
687 3275 743 3329 In
775 3274 1181 3343 Mesopotamia,
1206 3274 1353 3330 Zoeli
1382 3290 1503 3328 cum
1525 3276 1647 3330 aliis
1667 3291 1792 3340 sex;
1819 3276 1983 3330 Orion

411 3384 535 3421 cum
575 3367 696 3420 aliis
728 3378 872 3421 ueto.
910 3368 976 3421 Et
1024 3368 1254 3420 aliorum
1302 3366 1655 3421 ducentorum
1700 3371 1982 3435 sexaginta

410 3468 558 3513 octo.
593 3457 647 3511 In
680 3460 985 3520 Antiochia,
1009 3458 1309 3523 Severiani,
1338 3458 1474 3524 Zeli,
1507 3457 1685 3526 Epasi.
1715 3459 1770 3511 ln
1804 3471 1983 3514 monte

407 3549 504 3613 Or,
536 3550 801 3621 depositio
830 3550 1012 3604 Aaron
1052 3549 1343 3618 pontiﬁcis.
1383 3550 1451 3605 Et
1480 3551 1748 3620 depositio
1792 3548 1982 3614 Primi,

411 3643 561 3697 ldoni
588 3658 709 3696 cum
735 3642 876 3696 aliis.
900 3642 1297 3712 Angustiduuo,
1320 3642 1585 3712 depositio
1608 3642 1749 3696 beati
1774 3640 1981 3696 Leontii

412 3736 679 3803 episcopi.
708 3734 760 3787 In
784 3734 1032 3797 Persida,
1069 3733 1251 3803 passio
1277 3746 1586 3789 sanctorum
1615 3735 1980 3803 apostolorum

410 3825 645 3880 Simonis
673 3825 987 3891 Chananati,
1004 3833 1060 3878 et
1092 3823 1247 3880 Judae
1278 3823 1503 3880 Zelotis.
1558 3825 1828 3891 Egolt'snta
1852 3827 1986 3880 civi-

410 3927 533 3977 tate,
565 3917 824 3983 depositio
875 3915 1014 3971 beati
1051 3914 1246 3983 Ερατοὶ
1280 3918 1534 3985 episcopi.
1603 3916 1983 3972 Cinomannico

408 4006 624 4057 Anisola
655 4008 1000 4071 monasterio,
1030 4005 1294 4074 depositio
1325 4005 1383 4060 S.
1418 4004 1487 4060 P.
1521 4006 1746 4075 Karilcﬁ
1774 4008 1976 4078 presby-

407 4095 504 4147 teri
528 4106 573 4146 et
598 4097 927 4163 canfessoris.

476 4200 524 4236 Vl
551 4181 734 4237 Nonas
758 4184 953 4237 Julias.
983 4176 1187 4250 Romus,
1223 4185 1458 4248 Damasi,
1484 4197 1536 4241 et
1571 4187 1797 4241 militum
1833 4189 1981 4243 dno-

405 4291 548 4338 rum,
573 4273 845 4337 Processi,
866 4274 1197 4344 Martiuiani,
1220 4277 1443 4331 Calesti.
1477 4277 1544 4332 Et
1579 4280 1757 4334 natale
1782 4281 1975 4334 Eutici.

2163 1802 2306 1858 Non.
2340 1803 2453 1859 Jul.
2490 1804 2545 1857 In
2574 1804 2925 1875 Alexandria,
2961 1808 3263 1876 Parthenii,
3289 1809 3518 1877 Eraclei,
3558 1810 3667 1865 Eu-

2088 1894 2330 1957 domoni,
2381 1893 2553 1958 llelei,
2595 1894 2912 1964 Apolloniae,
2959 1898 3114 1965 Novi,
3172 1900 3349 1965 Publi,
3381 1915 3506 1955 cum
3545 1902 3669 1955 aliis

2089 1986 2275 2040 decem
2321 1995 2376 2038 et
2438 2000 2654 2040 novem.
2726 1985 2793 2039 Et
2846 1988 2996 2053 alibi,
3044 1988 3340 2055 Parthemi,
3394 1991 3663 2058 Auimasi,

2087 2074 2338 2145 Pyvidui,
2370 2089 2492 2129 cum
2513 2076 2635 2130 aliis
2658 2086 2890 2146 septem.
2918 2077 2981 2131 Et
3013 2079 3142 2133 alibi
3194 2079 3511 2147 Alexandri,
3538 2080 3668 2136 Par-

2090 2166 2274 2221 tbinti.

2128 2274 2252 2332 _vm
2292 2257 2424 2314 Idus
2450 2258 2562 2314 Jul.
2594 2260 2650 2315 In
2698 2260 2897 2326 Nicaea,
2949 2263 3206 2329 Sustrati,
3244 2264 3424 2334 Speri,
3460 2264 3663 2318 Eracli.

2087 2349 2143 2404 lu
2170 2349 2406 2420 Syrmia,
2446 2362 2759 2405 sanctorum
2811 2354 3051 2419 Pereuti,
3083 2356 3360 2423 Cazcyrim.
3394 2357 3453 2410 In
3485 2356 3667 2412 Caesa-

2085 2442 2165 2495 ria
2194 2442 2569 2511 Cappadociae,
2612 2442 2860 2509 Procohi,
2915 2443 3135 2511 Quarti,
3173 2445 3388 2503 Felicis.
3424 2448 3482 2501 In
3519 2436 3667 2502 Sici-

2087 2533 2180 2598 lia,
2200 2533 2471 2588 Prancati.
2492 2533 2940 2602 lnTaurominio,
2967 2535 3179 2605 Seperi,
3197 2536 3506 2592 Corneliani
3539 2554 3664 2592 cum

2086 2628 2208 2681 aliis
2261 2630 2562 2696 sexaginta,
2599 2627 2655 2680 In
2698 2626 2876 2682 Nucaza
2928 2628 3100 2694 Pladi,
3146 2628 3317 2683 Emmi
3369 2632 3667 2696 senatoris,

2088 2717 2268 2787 Alphi,
2320 2717 2530 2781 Severi,
2588 2716 2893 2785 Honorati,
2945 2719 3376 2784 Eucoli,Elcnti,
3414 2723 3664 2785 Straton,

2085 2806 2350 2872 Arthemi,
2408 2806 2733 2871 Eudomoni,
2774 2807 2959 2875 Heliae,
3005 2810 3230 2876 Novasi,
3284 2812 3498 2882 Apolivi
3530 2827 3658 2867 cum

2087 2899 2209 2954 aliis
2243 2901 2560 2954 octodecim.
2590 2901 2646 2953 In
2677 2898 2957 2966 Heraclea,
2985 2901 3236 2970 Joannis,
3271 2905 3425 2974 Apri,
3452 2905 3664 2960 Anteo-

2091 2991 2213 3057 luci,
2240 2990 2485 3056 Glieteri,
2521 2989 2763 3057 Pereuti,
2796 2990 3093 3050 Stratonis.
3149 2995 3218 3049 Et
3249 2996 3398 3062 alibi,
3423 2997 3663 3067 Agresti,

2090 3082 2339 3137 Priutuli.

2160 3187 2233 3225 vn
2262 3171 2391 3225 Idus
2412 3171 2528 3227 Jul.
2555 3175 2876 3240 Mediolano,
2910 3175 3107 3231 Mochi.
3133 3176 3189 3230 In
3208 3176 3418 3242 'l‘umis,
3443 3188 3665 3235 sancto-

2088 3280 2206 3319 rum
2235 3263 2460 3328 Zeuoni,
2480 3267 2657 3332 Minae,
2685 3266 2898 3331 Vitalis,
2925 3267 3155 3333 Ruﬁna),
3184 3268 3458 3337 Evangeli,
3487 3268 3662 3334 Urisi,

2086 3357 2331 3421 Agnetis,
2388 3356 2555 3424 Cyrili
2616 3358 2853 3427 episcopi
2902 3359 3009 3426 igni
3070 3360 3278 3411 traditi.
3328 3357 3384 3412 In
3441 3358 3662 3419 Sicilia,

2086 3443 2364 3501 Feliciani.
2396 3444 2599 3512 Romae,
2640 3449 2834 3502 natalis
2888 3450 3152 3519 virginum
3195 3449 3482 3515 Florianaz,
3518 3450 3664 3505 Fau-

2085 3537 2260 3597 stinte,
2296 3537 2579 3603 Anatolize,
2614 3546 2671 3593 et
2699 3537 2946 3593 Fraterni
2971 3542 3230 3609 episcopi.

2155 3643 2207 3680 νι
2239 3627 2365 3681 Idus
2380 3626 2495 3682 Jul.
2524 3628 2733 3696 Romae,
2760 3628 3037 3695 Priscillae,
3062 3640 3114 3683 et
3135 3632 3328 3686 natalis
3347 3642 3661 3688 sanctorum

2085 3733 2288 3788 septem
2322 3735 2726 3788 germanorum,
2765 3721 2816 3774 id
2846 3731 2951 3783 est,
2978 3720 3196 3786 Felicis,
3221 3721 3478 3794 Philippi,
3518 3724 3665 3777 Vita-

2085 3811 2175 3875 lis,
2217 3810 2494 3877 Martialis,
2540 3812 2859 3877 Alexandri,
2905 3814 3101 3877 Silani,
3137 3813 3407 3888 Januarii,
3435 3824 3488 3869 et
3522 3816 3663 3870 mili-

2086 3912 2194 3956 tum
2226 3914 2474 3970 quatuor,
2514 3903 2745 3965 Rulime,
2778 3902 3063 3969 Secunda,
3090 3904 3310 3960 Lucini.
3336 3904 3390 3958 ln
3415 3906 3658 3968 Sabinis,

2083 3992 2369 4057 Anatoliae,
2428 3991 2706 4048 Victuriw.
2748 3994 2803 4047 In
2866 3996 3090 4050 civitate
3142 3995 3349 4059 Tomis,
3382 3995 3659 4059 Martiani,

2085 4083 2303 4149 Domni,
2357 4084 2644 4150 Trumedi,
2697 4085 2951 4153 Joannis,
3017 4086 3217 4150 Scsini,
3276 4088 3657 4151 Aurilianidis,

2086 4178 2360 4242 Emiliani,
2385 4189 2439 4230 et
2474 4178 2702 4232 aliorum
2736 4180 2953 4246 triginta
3012 4194 3126 4231 sex.
3184 4176 3239 4231 ln
3293 4179 3651 4239 Alexandria.

2087 4270 2317 4333 Leontii,
2353 4269 2619 4332 Mauricii,
2651 4268 2838 4333 Meliti,
2875 4269 3123 4333 Achillei,
3164 4268 3375 4329 Daneli.
3412 4269 3657 4330 Coriuni,

407 4367 473 4422 Et
507 4370 772 4437 depositio
800 4368 1066 4423 Meltiadis
1117 4383 1284 4439 papae,
1329 4369 1520 4426 llisici.
1572 4372 1797 4438 Amida',
1824 4374 1975 4427 Ami-

2095 4365 2279 4429 ittuni,
2318 4361 2537 4423 Zesoni.
2570 4361 2803 4425 Enstasi,
2839 4364 3047 4421 Actavi,
3080 4361 3319 4422 Aniceti,
3357 4359 3651 4423 Theodori,

404 4458 666 4525 gradinze,
721 4459 893 4524 Arixi,
956 4458 1391 4516 Jocnudianillaa.
1442 4462 1677 4519 Turonis
1729 4465 1972 4532 civitate,

406 4558 607 4603 sanctae
638 4548 1007 4620 Monegunda.

477 4655 510 4694 ν
547 4640 689 4695 Νοη.
728 4640 840 4697 Jul.
886 4642 944 4696 lu
1003 4643 1204 4698 Edessa
1248 4644 1667 4714 Mesopotamia,
1705 4649 1897 4702 natalis
1923 4656 1977 4702 et

406 4733 694 4786 translatio
725 4734 972 4801 corporis
1003 4731 1061 4787 S.
1097 4732 1320 4789 Thoante
1359 4736 1613 4803 apostoli,
1648 4737 1737 4806 qui
1784 4752 1974 4803 passus

406 4824 573 4879 estin
610 4825 778 4879 ludia.
841 4824 899 4878 ln
929 4820 1278 4891 Alexandria,
1340 4825 1657 4896 Triphonis,
1718 4827 1971 4893 Menelai,

405 4915 657 4979 Curionis,
694 4914 907 4986 Cyrilli,
953 4953 969 4970 .
1014 4955 1028 4970 .
1074 4956 1089 4970 .
1130 4915 1371 4980 forferis,
1415 4917 1620 4987 Aprici,
1657 4918 1785 4983 Juli,
1816 4919 1976 4974 Chri-

406 5007 493 5071 sti,
531 5005 752 5069 Juliani,
789 5004 1057 5068 Hccracli,
1087 5007 1297 5078 Eulogi,
1341 5007 1664 5072 Emerionis,
1697 5008 1971 5079 Cyrionis,

407 5094 669 5149 Hui-estis.
704 5096 759 5150 In
791 5095 983 5160 Tarso,
1023 5096 1230 5162 Severi,
1263 5096 1529 5162 Heliouis,
1558 5099 1793 5161 Stracei,
1824 5100 1972 5153 Mon-

406 5189 535 5252 tani,
568 5187 810 5253 Adriani,
845 5227 859 5242 .
898 5228 912 5241 .
948 5226 962 5241 .
996 5188 1116 5250 sici,
1167 5187 1444 5249 Germani,
1485 5190 1765 5256 Partheni,
1802 5190 1973 5244 Pauli.

404 5276 890 5346 Constantinopoli,
909 5277 1185 5343 Euietniae,
1212 5278 1707 5345 Acaci,Ammouis,
1728 5280 1971 5346 Tlmmaa,

406 5369 911 5435 'l'ripon,Menelai,
946 5370 1198 5434 Cerialis,
1264 5370 1520 5432 Baraclae,
1587 5371 1796 5442 Eologi,
1852 5373 1978 5427 Cio-

408 5459 535 5526 nic,
569 5457 792 5524 Juliani,
819 5459 1080 5525 Demetri,
1106 5460 1372 5530 Horestis,
1399 5462 1696 5527 Heliodori,
1718 5465 1975 5533 Strategi,

410 5553 668 5648 «mundi,
700 5551 953 5616 Jucuudi,
988 5552 1232 5623 Martyri,
1262 5553 1461 5621 Animi,
1501 5554 1763 5624 Snstrati,
1788 5556 1976 5611 Timu-

418 5641 550 5709 t'uei,
589 5641 821 5709 Chiunii,
845 5646 1082 5714 Cyriaui.

1948 5842 1983 5857 Ι

2077 4454 2309 4518 Christi,
2341 4453 2594 4517 Candidi,
2630 4452 2910 4521 Gorgonii,
2962 4452 3196 4516 Arcelai,
3229 4452 3435 4521 Cyrini,
3467 4451 3655 4503 Eutro-

2077 4549 2202 4610 disi,
2231 4546 2441 4610 Gelani,
2475 4544 2679 4607 Autici,
2711 4544 2885 4605 Azeli,
2937 4542 3173 4605 Attenei,
3203 4542 3356 4613 Gagi,
3400 4545 3655 4602 Sisionc.

2076 4638 2328 4701 Anxenti,
2353 4636 2640 4698 Valentini,
2675 4634 2908 4698 Droditi,
2943 4633 3216 4698 Faustasi,
3249 4635 3455 4700 Aureli,
3512 4634 3653 4688 Gor-

2078 4725 2321 4794 godiani,
2355 4723 2581 4794 Cyrion,
2606 4723 2814 4785 Coruli,
2837 4722 3072 4790 Nostini,
3108 4723 3362 4787 Sisinnae,
3385 4722 3654 4787 Castrini,

2076 4815 2371 4883 Apollonii.
2410 4815 2467 4869 ιιι
2501 4814 2810 4879 Antiochia,
2840 4813 3082 4875 Maximi,
3112 4812 3343 4883 Rodogi,
3384 4811 3650 4878 Vir0nici,

2079 4907 2377 4968 DOllllliIIZB,
2426 4906 2689 4971 Masitnaz,
2726 4905 3001 4977 Diogenis,
3048 4906 3310 4972 Macltari,
3351 4905 3653 4968 Timothei,

2078 4998 2329 5061 Zurchei,
2356 4999 2498 5062 Isici,
2536 4998 2762 5052 Moenis.
2788 4998 2841 5054 Ιιι
2872 4997 3077 5065 Africa,
3104 5008 3415 5053 sanctorum
3446 4999 3647 5053 Janua-

2078 5092 2166 5155 rii,
2210 5090 2451 5156 Marium,
2496 5090 2725 5146 Naboris
2758 5104 2813 5146 et
2867 5092 3087 5147 Felicis.
3125 5092 3187 5145 Et
3220 5093 3373 5153 alibi,
3416 5095 3650 5146 militum

2080 5181 2384 5235 duodecim.
2416 5182 2468 5235 lu
2496 5184 2777 5247 Armenia,
2828 5184 3050 5237 civitate
3091 5181 3359 5252 Nicopoli,
3389 5182 3652 5243 Miliunis,

2083 5276 2370 5337 Diomedis,
2393 5276 2633 5338 Antonii,
2667 5275 2889 5338 Anitici,
2915 5275 3200 5336 Theodoti.
3229 5277 3403 5337 tleSsi,
3434 5274 3651 5335 Gaiam,

2078 5366 2292 5429 Clerici,
2336 5366 2390 5418 Si
2429 5367 2588 5428 iunae,
2627 5366 2872 5435 Nigdoni,
2904 5366 3187 5433 Theodoti,
3229 5360 3434 5435 Cyrilli'.

2152 5474 2180 5510 ν
2218 5457 2346 5510 ldus
2374 5456 2485 5510 Jul.
2521 5459 2578 5510 in
2609 5459 2814 5522 Africa,
2870 5457 3118 5523 Mariani,
3156 5472 3209 5514 et
3239 5460 3502 5521 Januarii,
3550 5459 3649 5512 Ju-

2080 5552 2227 5604 liani.
2260 5550 2316 5603 Ιιι
2356 5552 2631 5616 Armenia,
2665 5552 2887 5607 civitate
2910 5552 3173 5623 Nicopoli,
3200 5552 3461 5615 Januarii,
3491 5553 3651 5606 Pela-

2082 5648 2200 5716 εξω.
2234 5643 2441 5711 Retine,
2472 5658 2781 5700 sanctorum
2839 5646 3119 5719 Stephani,
3174 5648 3408 5715 Leontii,
3441 5646 3646 5703 Mauri-
