3934 6188
261 275 352 338 liii
1388 275 1591 336 MAR’I
1608 273 2068 336 YROLOGIUM
2106 275 2376 338 VETUS.

3400 280 3511 352 492

255 385 350 446 cii,
387 382 608 449 Domni,
658 381 941 449 Militonis,
984 381 1238 444 Achillei,
1274 380 1500 450 Danilac,
1534 381 1832 449 Diomedis,
1864 382 1910 445 Α
1940 397 2250 448 manorum,
2287 400 2407 454 quae
2440 399 2562 440 cum
2597 385 2728 456 ipsis
2759 395 2840 442 est
2891 402 3074 456 passa,
3129 402 3361 459 quorum
3409 408 3504 447 no-

251 475 454 544 Cyrici,
507 476 760 536 Antonii.
824 474 1014 545 lason,
1049 472 1298 535 Joannis,
1347 473 1584 538 Eustasi,
1616 473 1827 539 Octavi,

251 564 530 627 Einiliani,
587 563 823 627 Sisinni,
856 566 1033 631 Anici,
1089 564 1372 628 Theodoli,
1426 565 1832 630 Cessi,Candi-

251 655 588 710 diani.ltem
620 655 897 719 Archelai,
952 654 1242 724 Gurgonii,
1300 655 1513 726 Cyrini,
1567 656 1828 722 Al‘rodisi,

249 745 471 809 (iaiani,
505 745 726 810 Clerici,
774 747 997 809 Antoni,
1029 746 1188 815 Gagi,
1241 748 1502 810 Anxenti,
1536 745 1826 814 Valentini,

250 840 446 906 Flavii,
483 838 728 901 NicaOni,
766 835 1060 894 Theodori.
1104 837 1374 900 Faustasi,
1407 838 1628 903 gAureli,
1691 837 1831 892 Gor-

247 934 420 996 diani,
470 932 712 1002 Cyrioni,
766 928 975 1000 Cyrilli,
1042 929 1244 994 Castri,
1308 930 1514 994 Sancti,
1573 929 1831 993 Eutichii,

247 1023 292 1076 Π
313 1023 457 1092 ijuli,
476 1021 650 1078 Silvii.
675 1022 733 1075 In
756 1020 995 1090 Syrtnia,
1023 1021 1196 1075 sancti
1222 1019 1491 1074 Martiani.
1518 1020 1829 1085 Antiochia,

248 1116 522 1177 Prodisa,
565 1113 868 1178 Veronicre,
900 1113 1195 1182 Speciosa.
1224 1113 1277 1190 In
1303 1111 1655 1178 Mauritania,
1684 1111 1830 1166 Mar—

249 1206 406 1260 tiani.
467 1205 528 1259 In
576 1204 929 1265 Alexandria,
987 1203 1186 1257 Eutici.
1227 1203 1294 1256 Et
1348 1204 1515 1257 beata:
1564 1201 1830 1256 memoria:

245 1296 520 1350 Benedicti
546 1297 780 1350 abbatis.

314 1403 371 1442 tv
402 1387 536 1440 Idus
569 1387 676 1440 Jul.
713 1388 768 1442 In
802 1387 1070 1456 Aquileia,
1105 1384 1408 1450 Fortunati,
1435 1385 1741 1452 Armageri.
1772 1383 1830 1437 In

249 1481 460 1542 Sicilia,
504 1483 702 1536 natalis
751 1481 999 1546 Naboris,
1052 1480 1271 1540 Felicis,
1308 1479 1550 1546 Eustasi,
1587 1480 1827 1546 Antonii.

251 1572 582 1639 Mediolano,
650 1566 897 1634 Nehoris.
953 1573 1171 1636 Felicis.
1220 1572 1512 1639 Prltuitivi,
1567 1571 1717 1627 Julii.
1771 1571 1830 1625 In

248 1665 507 1729 C:esaria,
573 1671 744 1721 sancti
799 1668 939 1730 Divi,
976 1665 1253 1720 Corninsi.
1312 1665 1565 1734 Lugdune
1614 1662 1824 1731 Galliis,

251 1760 512 1826 depositio
555 1757 830 1813 Viuentioli
856 1760 1106 1828 episwpi.

319 1863 378 1901 ιιι
415 1847 546 1900 ldus
602 1847 714 1903 Jul.
748 1849 806 1903 ln
837 1849 1186 1914 Alexandria,
1241 1849 1554 1920 Seraponis,
1607 1847 1825 1918 Tropii-

255 1941 376 2002 mei,
407 1939 589 2004 Melei,
626 1939 924 2009 Evangelii,
960 1954 1014 1995 et
1046 1943 1283 2012 Propoli.
1339 1943 1532 2007 Attali,
1581 1940 1821 2009 Gelonis,

235 2031 417 2086 ’Μειιεί
462 2034 789 2102 presbyteri,
824 2033 1114 2102 Tropimia:
1157 2034 1401 2101 virginis,
1435 2033 1716 2088 Macrohii.

317 2125 500 2180 Pridie
546 2126 673 2180 ldus
701 2125 816 2181 Jul.
850 2127 908 2182 lu
926 2129 1130 2192 Africa,
1152 2129 1367 2182 Donati.
1390 2128 1448 2182 lu
1467 2127 1820 2191 Alexandria,

251 2219 518 2281 Anthioti,
548 2219 726 2274 Marii.
765 2219 1028 2287 Dagiona,
1061 2219 1381 2287 Menosidei,
1419 2219 1692 2280 Namoris.
1717 2217 1817 2272 Pe-

250 2311 530 2381 uigutnni.
561 2314 628 2364 At
658 2312 811 2374 alibi,
858 2313 1030 2366 sancti
1062 2311 1188 2367 Foci
1220 2313 1462 2380 episcopi
1496 2321 1552 2364 et
1594 2310 1816 2365 confes-

251 2402 404 2456 sOl‘lS.
447 2400 712 2470 Lugduno
737 2401 950 2460 Galliae.
977 2404 1173 2456 natalis
1207 2402 1265 2456 S.
1301 2401 1441 2456 Justi
1474 2401 1718 2469 episcopi
1766 2408 1823 2455 et

252 2492 605 2558 confessoris,
637 2495 810 2546 Amici
834 2494 1073 2562 episcopi
1105 2502 1160 2547 et
1182 2493 1535 2547 confessoris.

315 2584 445 2640 Idus
469 2584 587 2639 Jul.
632 2585 688 2638 ln
724 2586 1077 2650 Alexandria,
1112 2585 1310 2640 natalis
1339 2596 1653 2640 sanctorum
1687 2585 1819 2640 Phi-

250 2680 401 2746 lippi,
435 2675 694 2742 ZeuOnis,
721 2675 902 2740 Nasci,
943 2685 996 2728 et
1019 2679 1204 2730 decem
1263 2675 1572 2730 infantium.
1601 2675 1658 2728 ln
1691 2675 1819 2745 Syr-

251 2771 371 2832 inis,
404 2768 604 2822 natalis
639 2776 951 2821 Sanctorum
991 2766 1310 2835 Agrippini,
1356 2765 1615 2828 Secundi,
1653 2765 1817 2819 Maxi-

251 2864 343 2924 mi,
379 2861 691 2926 Fortunati,
738 2859 1024 2913 Martialis.
1059 2857 1247 2913 Jacobi
1284 2859 1525 2928 episcopi
1559 2858 1814 2922 Nisibini,

247 2955 334 3023 ιιιιί
383 2955 438 3007 in
494 2967 724 3022 corpore
758 2954 922 3005 multa
974 2965 1167 3019 passus
1197 2960 1302 3014 est,
1343 2961 1396 3004 et
1421 2951 1605 3004 anulla
1655 2951 1810 3019 signa

1937 473 2082 526 mina
2137 478 2252 529 ha2c
2307 486 2458 538 sunt,
2517 475 2733 544 Petrus,
2761 477 3157 540 Marcellianus,
3186 477 3506 546 Januarius,

1931 561 2250 634 Dionysius,
2329 565 2748 634 Snzphronius,
2803 568 3056 624 Clemens
3089 607 3106 634 ,
3160 570 3504 636 Germanus;

1936 652 2402 725 llircnei.Magni.
2456 658 2511 711 ln
2567 659 2883 725 Dorostoro,
2941 660 3137 715 natalis
3191 674 3504 716 sanctorum

1932 740 2210 807 Emiliani,
2255 744 2432 810 Bassi,
2467 746 2709 811 Maximi,
2740 747 2916 816 Pauli,
2941 749 3226 814 Secundae,
3259 752 3505 814 Donattr.

1931 832 2145 896 Marini.
2174 835 2333 890 Justi.
2362 837 2427 890 lu
2457 837 2662 904 Africa,
2691 841 2886 895 natalis
2903 851 3218 897 sanctorum
3238 843 3505 912 Aquilini,

1933 923 2165 992 Sperati,
2200 923 2401 991 Civini,
2435 927 2648 993 Felicis,
2685 929 3094 998 Crescentiani,
3136 933 3366 996 Lactati,
3403 933 3502 986 Na-

1931 1016 2086 1078 zarii,
2126 1015 2371 1080 Verusaa,
2415 1018 2726 1078 Generosa.
2780 1024 2938 1087 item,
2971 1023 3244 1089 Januarii,
3281 1025 3502 1092 Titiani,

1933 1105 2136 1170 llessae,
2183 1118 2236 1162 et
2271 1110 2450 1164 Falvei
2507 1111 2770 1184 episcopi,
2816 1114 3073 1170 Jocundi.

2002 1215 2091 1252 xw
2123 1199 2251 1255 Kal.
2288 1205 2425 1269 Aug.
2474 1203 2530 1256 In
2561 1205 2912 1273 Alexandria,
2947 1209 3148 1264 natalis
3178 1221 3382 1267 sancta:
3408 1211 3499 1268 Si-

1931 1290 2122 1346 sinme.
2167 1293 2222 1346 la
2253 1294 2567 1359 Antiochia,
2590 1307 2906 1352 sanctorum
2939 1299 3218 1364 Mat-harii.
3273 1303 3498 1374 Lampa-

1932 1383 2028 1446 dii,
2089 1382 2340 1449 Luciani,
2382 1387 2640 1455 Philippi,
2707 1389 2871 1453 Petri,
2927 1391 3210 1459 Torquati,
3260 1393 3498 1460 Tinuini,

1931 1473 2067 1527 .loci.
2127 1478 2624 1546 Constantinopoli,
2687 1480 2885 1534 natalis
2952 1495 3158 1536 sanctae
3216 1485 3404 1538 Darius.
3447 1487 3500 1539 In

1934 1563 2228 1633 Hispaniis,
2285 1569 2476 1621 natalis
2521 1579 2728 1624 sancta:
2771 1569 2963 1624 Justa.
2998 1571 3262 1640 Lugdnno
3295 1575 3500 1640 Galliae,

1935 1658 2130 1712 natalis
2154 1660 2327 1712 sancti
2359 1659 2566 1713 llustici
2611 1663 2912 1730 presbyteri
2957 1673 3009 1716 et
3031 1667 3382 1720 confessoris.

2006 1763 2102 1801 χιιι
2138 1747 2264 1802 Καί.
2299 1751 2434 1819 Aug.
2467 1751 2524 1805 In
2569 1752 2780 1816 Africa,
2829 1754 3026 1809 natalis
3056 1767 3366 1812 sanctorum
3403 1758 3501 1812 Sa-

1935 1838 2068 1902 bini,
2101 1839 2522 1909 Luciani,Petri,
2547 1845 2830 1908 Amabilis,
2855 1845 3080 1910 Nounze,
3107 1849 3290 1917 Savoi,
3315 1852 3500 1919 Agrip-

1933 1935 2099 2002 piani,
2136 1935 2411 2002 Medatuli,
2447 1937 2757 2008 Respectati
2783 1957 2907 1996 cum
2939 1943 3062 1997 aliis
3082 1944 3269 2012 viginti
3301 1947 3500 2000 tribus.

1929 2023 1988 2081 In
2020 2028 2319 2094 Thebaida,
2366 2029 2562 2085 natalis
2596 2033 2771 2086 sancti
2821 2033 3082 2102 ViCtoris,
3140 2034 3383 2106 Sylvani.
3439 2038 3498 2092 In

1929 2119 2216 2187 Damasco,
2274 2123 2471 2176 natalis
2531 2132 2844 2178 sanctorum
2887 2125 3197 2182 Sabini.....
3243 2127 3497 2192 Maximi.

1927 2209 2144 2276 Juliani,
2181 2211 2468 2283 Magrobii,
2504 2212 2681 2278 Cassi,
2709 2213 2858 2268 Pauli
2902 2233 3019 2270 cum
3045 2218 3166 2271 aliis
3201 2220 3411 2274 decem.
3439 2219 3497 2274 ln

1928 2303 2216 2368 Corintho,
2242 2305 2439 2359 natalis
2460 2315 2771 2360 sanctorum
2795 2307 3034 2378 Cyriaci,
3059 2310 3275 2372 Donati,
3299 2309 3496 2378 Tertii,

1931 2397 2134 2464 Appiae,
2193 2396 2410 2461 Felicis,
2459 2395 2714 2462 Neratiaa,
2763 2397 2970 2462 Fructi,
3006 2398 3172 2462 Celsi,
3208 2400 3493 2468 Theodoli,

1927 2487 2149 2552 Calori,
2205 2485 2521 2551 Parthemi,
2583 2488 2864 2558 Spectati,
2927 2489 3183 2556 Victoris,
3241 2491 3493 2557 Maximi,

1927 2579 2162 2646 Pastori,
2208 2579 2454 2645 Nostine,
2489 2579 2668 2645 Pauli,
2695 2579 2950 2646 Romani,
2983 2581 3277 2647 Valeriani,
3316 2583 3496 2651 litnili,

1925 2671 2098 2736 Cassi,
2114 2671 2311 2742 Magni.
2331 2674 2536 2737 Romae,
2557 2666 2836 2738 Passeriae,
2853 2675 3124 2735 Macrine.
3143 2673 3384 2741 Nestitte,
3403 2675 3498 2730 Sa~

1929 2767 2054 2828 turi,
2076 2766 2331 2828 Amirini,
2353 2766 2529 2819 Emili.
2555 2764 2612 2820 Et
2635 2766 2786 2828 alibi,
2807 2765 3062 2822 Secundi.
3083 2766 3298 2822 Corbeia
3314 2783 3498 2820 mona-

1925 2859 2109 2922 sterio,
2125 2858 2388 2912 dedicatio
2402 2858 2634 2911 basilica:
2649 2856 2801 2911 Beati
2811 2857 3061 2928 Stephani
3070 2863 3497 2931 protomartyris.

1999 2968 2072 3005 sn
2113 2950 2244 3008 Kal.
2280 2953 2416 3021 Aug.
2468 2951 2523 3004 In
2579 2951 2800 3018 Africa,
2852 2962 3165 3006 sanctorum
3225 2953 3494 3015 Victoris,

249 3046 394 3108 fecit,
433 3055 488 3099 et
511 3059 694 3098 arcam
731 3042 846 3098 Noe
890 3044 1038 3098 solus
1095 3043 1223 3096 vidit
1277 3043 1329 3095 in
1369 3053 1581 3104 monte,
1638 3041 1818 3095 nullus
1849 3067 1894 3129 ο
1929 3042 2188 3097 Stercorii
2213 3086 2227 3109 ,
2278 3044 2524 3097 Emiliani
2555 3084 2570 3108 ,
2605 3043 2796 3114 Hugali
2826 3085 2840 3108 ,
2889 3044 3055 3112 Suphi
3081 3086 3095 3109 ,
3134 3043 3397 3099 Montani.
3438 3044 3496 3101 lu

248 3140 384 3192 alius
429 3137 584 3200 vidit,
610 3137 701 3204 qui
733 3150 856 3189 cum
888 3151 956 3188 eo
1005 3142 1186 3197 erant,
1220 3147 1319 3187 nec.
1369 3133 1700 3201 pertnissutn
1735 3143 1820 3185 est

251 3227 455 3284 videre.
495 3229 551 3282 In
579 3236 738 3298 portu
771 3227 1038 3287 Romano,
1067 3227 1167 3279 hoc
1201 3233 1314 3288 est,
1344 3227 1395 3278 in
1428 3225 1632 3288 Hiscla,
1670 3235 1825 3277 nata-

248 3323 312 3374 hs
345 3331 665 3376 sauctorutn
699 3317 973 3385 Eutropii,
1003 3317 1227 3383 Zosimi,
1262 3327 1314 3371 et
1345 3315 1569 3370 Bonosa:
1610 3315 1823 3368 sororis

248 3416 382 3484 ejus.
420 3414 477 3468 ιιι
509 3413 697 3467 Africa
731 3413 952 3466 civitate
984 3411 1336 3480 Carthagine,
1377 3409 1573 3462 natalis
1595 3419 1821 3462 sancto-

247 3522 366 3559 tutn
423 3503 699 3560 Catholini
729 3503 967 3566 diaconi,
998 3512 1055 3556 et
1109 3502 1444 3571 reliquorum
1485 3512 1818 3572 martyrum,

242 3600 330 3667 qui
359 3598 720 3667 requiescunt
753 3595 806 3650 in
840 3593 1064 3650 basilica
1093 3591 1306 3648 Sancta:
1335 3594 1552 3649 Faustae
1577 3612 1588 3647 :
1615 3591 1821 3646 Janua-

245 3691 356 3754 ria,
397 3688 688 3754 Florentii,
737 3685 1064 3748 Pullutame,
1120 3683 1276 3738 Julia:
1330 3685 1495 3738 simul
1542 3693 1594 3738 et
1625 3683 1815 3738 iustae.

240 3781 465 3835 Carteia
511 3778 878 3839 monasterio,
938 3777 1174 3844 exceptio
1227 3772 1575 3843 reliquiarum
1640 3776 1812 3828 sancti

241 3870 484 3940 Dionysii
513 3879 562 3923 et
585 3869 851 3923 sociorum
893 3869 1033 3937 ejus.

309 3976 422 4016 xvn
455 3959 585 4014 Kal.
609 3960 747 4030 Aug.
783 3957 838 4012 lu
873 3961 1094 4014 civitate
1123 3956 1297 4022 Ostia,
1330 3956 1525 4012 natalis
1559 3956 1615 4010 S.
1664 3954 1816 4010 illla-

244 4054 372 4106 rini.
396 4053 728 4116 Mediolano,
760 4053 958 4106 natalis
993 4051 1167 4105 sancti
1212 4049 1497 4107 Macharii.
1532 4049 1590 4102 In
1626 4050 1815 4102 Antio-

239 4144 381 4207 rhia,
401 4142 602 4196 natalis
615 4152 928 4195 sanctorum
949 4141 1268 4202 Theodosre.
1288 4139 1522 4202 Eustasi,
1573 4139 1814 4209 Dionysi,

241 4234 531 4295 Theodoti,
573 4232 815 4286 Maximi.
863 4232 919 4285 In
949 4231 1210 4289 Ctesaria.
1262 4233 1460 4284 natalis
1495 4241 1807 4284 sanctorum

241 4329 417 4392 Pauli,
451 4327 781 4389 Mammetis,
813 4335 868 4380 et
900 4325 1150 4380 Floridae.
1190 4323 1253 4378 Et
1282 4325 1429 4388 alibi,
1459 4323 1654 4377 natalis
1687 4337 1812 4376 s..n-

239 4433 452 4477 ctorutn
483 4419 777 4483 Valentini,
806 4418 1038 4482 Theoni,
1079 4417 1354 4471 Diocletis.

309 4528 404 4566 xvt
463 4510 601 4564 Kal.
660 4509 800 4580 Aug.
855 4510 914 4563 In
971 4507 1179 4581 Africa,
1242 4508 1440 4562 natalis
1499 4516 1815 4561 sanctorqu

235 4603 504 4673 Aquilini.
546 4602 786 4668 Sperate,
813 4601 1095 4664 Chindini,
1146 4598 1340 4664 Bituri,
1380 4602 1603 4661 Azardi,
1639 4599 1820 4651 Mene-

237 4695 430 4764 lampi,
473 4691 705 4749 Zosimi.
739 4691 1060 4755 Mediolano,
1097 4692 1296 4744 natalis
1332 4693 1506 4744 sancti
1549 4688 1818 4750 Marcelli,

232 4786 489 4851 Justini,
559 4784 761 4840 Nonni.
818 4784 1174 4853 Carthagine.
1230 4783 1430 4837 natalis
1500 4789 1817 4834 sanctorum

234 4881 551 4945 Generosa,
603 4877 882 4932 ianuarias
947 4886 1002 4930 et
1065 4875 1498 4929 Scillilauorutu.
1555 4873 1619 4926 Et
1663 4872 1816 4936 alibi,

239 4972 441 5026 natalis
465 4977 672 5024 sancta:
697 4967 966 5022 Mannum.
999 4965 1060 5019 In
1092 4966 1240 5029 Asia,
1299 4963 1534 5029 Nazarii,
1585 4961 1816 5027 Veturii,

237 5060 538 5124 Januarii,
603 5059 911 5120 Secundae,
971 5058 1214 5120 Donata,
1285 5054 1519 5120 Bessi-aa,
1574 5053 1816 5115 Maximi,

241 5155 419 5216 i'auli,
449 5151 711 5222 Aquilini,
730 5151 1053 5214 Felicitatis,
1085 5149 1302 5208 Cutato,
1328 5145 1580 5208 Titiante,
1609 5145 1812 5208 Bessus,

239 5247 528 5316 Syrianat,
579 5246 789 5308 Entati,
842 5243 1069 5298 Justini.
1127 5241 1498 5304 Autisiadero,
1561 5238 1816 5306 depositio

231 5338 371 5388 beati
407 5335 686 5388 Theodosii
719 5337 964 5403 epistola.

301 5445 370 5481 xv
437 5426 556 5481 Kal.
605 5429 743 5498 Aug.
809 5424 1127 5490 Roma},via
1189 5425 1499 5489 Tiburtina,
1553 5421 1815 5478 milliaria

223 5536 398 5586 nono,
445 5520 640 5576 natalis
690 5519 749 5574 S.
780 5517 1160 5588 Symphorosa:
1207 5517 1398 5572 matris
1453 5529 1654 5585 septem
1687 5529 1814 5586 ger-

304 5702 324 5734 ⁵
362 5698 435 5792 lit
469 5699 858 5754 Hilitanorum.
909 5713 1046 5771 .ege,
1084 5707 1126 5750 et
1150 5695 1414 5750 Militaua.

1927 3135 2150 3189 civitate
2189 3134 2418 3198 Cescna,
2457 3137 2654 3190 natalis
2690 3144 3004 3190 sanctorum
3058 3136 3305 3202 Adriani,
3345 3136 3489 3202 Heli,

1934 3226 2192 3292 Victorii,
2231 3227 2502 3291 Patrocli,
2536 3227 2879 3290 (Σωειιι-ἱειιιιιι,
2917 3229 3236 3286 Adrianitis.
3273 3228 3495 3294 Ditncli,

1928 3317 2162 3387 Felicis,
2219 3321 2447 3384 Auribi,
2499 3320 2870 3392 'l‘ypogratis,
2920 3321 3126 3385 Fausti,
3191 3319 3494 3388 Theodoti,

1925 3410 2146 3467 Juliani.
2168 3413 2224 3467 ln
2263 3412 2460 3478 Gallia,
2483 3414 2722 3468 Massilia
2776 3415 3020 3478 civitate,
3048 3415 3245 3468 natalis
3271 3425 3495 3470 sancto-

1928 3520 2047 3558 rum
2112 3505 2368 3566 Victoris,
2423 3506 2741 3569 Alexandri,
2806 3504 3045 3569 Deoteri,
3101 3505 3383 3572 Fcliciani,
3440 3513 3498 3562 et

1927 3596 2184 3666 Longini.
2216 3595 2282 3650 Et
2319 3596 2515 3651 natalis
2539 3609 2744 3652 sancta:
2777 3597 3035 3654 Praxcdis
3066 3599 3314 3669 virginis.

2003 3703 2054 3740 χι
2079 3684 2211 3741 Kal.
2245 3686 2380 3757 Aug.
2421 3686 2630 3742 Natalis
2656 3699 2966 3742 sanetorutn
2996 3688 3202 3759 Cyrilli,
3241 3689 3492 3757 Androm,

1927 3779 2156 3842 Tehelli,
2213 3779 2440 3842 Auri,...
2500 3777 2731 3848 SiIVani.
2782 3777 2994 3833 Donati.
3048 3778 3114 3832 Et
3170 3779 3225 3832 in
3275 3779 3492 3849 Ancyra

1928 3871 2173 3935 Galatiae,
2228 3870 2424 3924 natalis
2466 3871 2641 3925 sancti
2691 3869 2956 3933 Platonis,
2991 3879 3046 3924 et
3095 3869 3492 3936 Militanorutn,

1924 3964 2178 4026 Andreaz,
2239 3961 2436 4024 Eliani,
2494 3961 2739 4030 Ajobosi.
2795 3960 3066 4032 DepOsitio
3115 3960 3491 4032 Waudregisili

1923 4051 2128 4104 abbatis
2157 4063 2203 4104 et
2234 4051 2576 4116 confessoris.

1996 4160 2028 4196 χ
2061 4145 2188 4198 Kal.
2210 4144 2348 4212 Aug.
2377 4143 2685 4209 llomr,via
2715 4141 3026 4208 Tiburtina,
3059 4144 3313 4198 milliario
3347 4161 3491 4200 nono

1921 4237 2156 4300 ducitno,
2193 4237 2393 4290 natalis
2417 4239 2590 4290 sancti
2622 4236 2887 4291 Vincentti
2913 4240 3189 4306 martyris.
3210 4240 3490 4304 Ravenna,

1925 4329 2122 4382 natalis
2158 4329 2335 4382 sancti
2387 4328 2748 4403 Apollinaris.
2783 4327 2841 4380 ln
2899 4328 3169 4383 Laodicea
3217 4329 3399 4400 Phryg
3423 4347 3487 4396 ω,

1853 4403 2124 4474 Dnatalis
2173 4429 2489 4473 sanctorum
2553 4419 2788 4482 Minisei,
2848 4419 3038 4474 'l‘isici.
3099 4420 3194 4474 vn
3259 4423 3487 4484 Accola,

1922 4511 2118 4566 natalis
2154 4521 2354 4565 sancta
2383 4509 2637 4575 Privatae,
2664 4510 3042 4565 Alexandrini.

1991 4617 2044 4655 lx
2077 4599 2204 4659 Kal.
2254 4601 2390 4670 Aug.
2452 4603 2507 4654 In
2565 4602 2906 4656 Atniternina
2957 4604 3203 4666 civitate,
3236 4605 3491 4658 tnilliario

1919 4693 2254 4760 octogesimo
2309 4693 2469 4746 tertio
2529 4696 2599 4748 ab
2655 4695 2788 4746 urbe
2843 4693 3036 4759 Roma,
3101 4698 3185 4747 via
3254 4693 3487 4761 Salaria,

1919 4785 2119 4838 natalis
2177 4784 2353 4837 sancti
2417 4783 2680 4838 Victorini
2743 4785 3024 4854 martyris.
3098 4788 3155 4840 lu
3230 4789 3484 4841 Armenia

1921 4875 2169 4939 civitate,
2219 4874 2418 4928 natalis
2470 4885 2787 4927 sanctorum
2845 4875 3141 4941 Sabbatim,
3184 4876 3482 4939 Theozoni,

1923 4964 2178 5029 Victoris,
2210 4963 2491 5030 Militaris,
2526 4967 2778 5019 Emerita:
2809 4981 2932 5019 cum
2957 4966 3216 5021 fratribus
3249 4970 3484 5033 duobus,

1923 5059 2175 5121 Staliani,
2206 5058 2512 5128 Capitonis,
2549 5058 2780 5122 Silvani,
2821 5060 3075 5123 Stercati,
3104 5059 3478 5127 Athenoginm,

1923 5148 2214 5202 Daritonis.
2247 5147 2300 5202 In
2324 5147 2466 5219 Tyro
2493 5151 2737 5214 civitate,
2760 5151 2955 5203 natalis
2979 5162 3178 5204 sancta:
3196 5151 3476 5203 Christum.

1922 5243 2168 5311 virginis.
2220 5267 2230 5284 ι

1993 5353 2080 5390 un
2121 5335 2240 5389 Kal.
2281 5336 2419 5404 Aug.
2467 5335 2674 5391 Natalis
2711 5336 2896 5390 sancti
2915 5334 3100 5390 Jacobi
3134 5335 3388 5404 apostoli.
3425 5336 3477 5387 In

1919 5440 2075 5498 portu
2129 5431 2278 5481 urbis
2316 5427 2520 5486 Romae.
2566 5429 2761 5484 natalis
2805 5429 2974 5482 sancti
3021 5428 3238 5494 Aconti,
3279 5427 3480 5494 Nouui,

1916 5518 2126 5582 Jacobi,
2153 5520 2446 5590 Agathoui,
2473 5519 2746 5585 Donativi,
2781 5518 2969 5574 Suavi.
2999 5518 3065 5575 Et
3100 5521 3251 5591 alibi,
3285 5521 3482 5577 natalis
