3934 6188
16 5342 23 5459 ξ

463 285 570 348 483
1420 282 1483 343 S.
1525 280 1817 342 HIERON
1834 283 1959 344 H11
2002 281 2326 346 OPERUM
2378 284 2789 352 MANTISSA.
3599 292 3712 356 484

464 401 748 467 Stercorii,
781 401 1078 458 Clementis
1099 438 1115 464 ,
1154 394 1352 453 iuliani
1377 437 1392 460 ,
1442 395 1789 452 Cariathonis
1816 438 1830 460 ,
1867 397 2030 451 Eine-
2054 400 2103 465 Α
2132 398 2350 463 ιιςιηυτί,
2375 440 2390 454 .
2420 438 2433 451 .
2460 438 2477 455 .
2510 393 2645 466 funi,
2669 396 2898 464 Silvani,
2928 398 3143 455 Donati.
3165 397 3221 453 In
3246 399 3420 465 Italia,
3446 400 3712 458 Vercellis

464 496 577 562 riti,
626 493 865 557 'Stercei,
930 489 1218 545 Suticiani.
1279 488 1335 542 lu
1395 486 1607 553 Sicilia,
1665 488 1886 543 civitate
1924 490 2029 543 Sa-

464 601 612 647 tnou,
660 581 984 638 Christol‘ori
1022 619 1038 645 ,
1093 578 1371 649 martyris.
1422 577 1480 631 lit
1534 576 1835 644 Hispania,
1899 578 2031 633 Bar-

463 676 659 731 cilloua
688 676 934 737 civitate,
965 672 1153 741 passio
1190 669 1368 725 sancti
1396 670 1680 723 Cucusatis
1714 672 1993 741 martyris.

533 781 610 822 vti
641 765 772 820 Kal.
810 765 943 835 Aug.
975 763 1028 816 ln
1067 761 1331 817 Laodicea
1363 759 1583 828 Frigiae,
1626 762 1825 814 natalis
1871 777 2029 813 sanc-

466 867 643 909 torum
695 855 929 917 Joviani,
979 853 1200 915 Juliani,
1258 850 1439 915 Emili,
1478 850 1694 914 Felicis,
1754 851 2028 916 Martiani,

469 947 738 1011 Maximis,
794 944 1085 1007 Saturnia},
1137 942 1424 1008 Gloriosus,
1474 940 1659 996 Etuili.
1714 939 1780 993 Et
1835 944 2032 997 natalis

466 1048 779 1094 sanctorum
810 1035 1082 1099 Mutiauat,
1125 1034 1397 1087 Laudaiaa.

540 1147 587 1183 vt
623 1129 917 1196 Kal.Aug.
984 1127 1037 1180 lu
1101 1127 1231 1180 Nola
1296 1126 1535 1191 civitate,
1595 1124 1793 1180 natalis
1855 1127 2031 1181 sancti

467 1224 667 1277 Felicis
700 1222 770 1276 de
808 1220 1153 1274 ordinatione
1183 1219 1549 1287 episc0patus.
1587 1217 1642 1270 ltt
1690 1218 2026 1284 Nicmucdia,

463 1314 659 1370 natalis
713 1322 1025 1367 sanctarum
1073 1311 1251 1375 iuliae,
1298 1308 1579 1379 Jocuudaa,
1636 1309 1937 1364 Ianuarias.
1973 1309 2030 1363 In

463 1408 645 1462 Sicilia
668 1445 685 1471 ,
720 1407 911 1459 natalis
938 1404 1107 1458 sancti
1145 1402 1405 1455 Simonis.
1436 1404 1503 1455 In
1531 1401 1866 1455 Autisiodero
1905 1402 2033 1455 ciui-

463 1509 591 1564 tate,
617 1499 866 1565 depositio
894 1496 1063 1549 sancti
1092 1494 1294 1547 Etherii
1325 1494 1551 1561 δρεπορὶ
1583 1505 1631 1546 et
1654 1494 1994 1561 confessoris.

533 1608 564 1645 v
595 1590 721 1645 Kal.
750 1589 885 1658 Aug.
922 1587 980 1641 In
1032 1586 1283 1641 Laodicia
1331 1586 1550 1641 civitate
1587 1585 1802 1655 Frisia,
1835 1586 2032 1641 natalis

461 1694 773 1738 sanctorum
794 1679 1104 1748 Theophili,
1131 1678 1408 1744 Ausentii,
1428 1676 1739 1741 Prudentii,
1769 1676 2026 1746 Philippi,

2135 492 2374 558 civitate,
2400 491 2663 562 depositio
2716 493 2890 547 sancti
2918 492 3138 548 Eusebii
3192 493 3431 562 episcopi
3485 503 3545 549 et
3574 508 3706 549 cou-

2134 582 2381 637 lessoris.
2427 582 2485 635 ln
2539 582 2812 652 llispaniis
2842 624 2859 649 ,
2888 583 3145 641 Gerunda
3203 586 3445 649 civitate,
3512 587 3710 638 natalis

2132 673 2307 727 sancti
2337 671 2532 727 Felicis
2557 677 2834 744 martyris.
2859 674 2914 729 in
2939 674 3135 741 Gallia,
3170 676 3391 731 civitate
3414 675 3708 739 Bituricas.

2135 762 2278 817 beati
2315 764 2561 817 Arceladi
2614 768 2878 834 episcopi.
2910 763 2967 819 lu
2998 766 3274 822 territorio
3321 765 3707 837 Parisiacensi,

2136 852 2189 906 in
2226 856 2342 920 ipso
2373 855 2493 909 loco
2535 858 2625 923 qui
2658 859 2856 911 dicitur
2906 856 3138 927 Lupera,
3171 861 3351 927 passio
3385 867 3557 915 sancti
3615 865 3709 916 Ju-

2132 944 2256 996 stini
2292 945 2563 1015 martyris.

2207 1050 2259 1088 tv
2292 1034 2433 1088 Non.
2453 1040 2593 1105 Aug.
2620 1035 2801 1090 Romae
2832 1038 2882 1089 in
2926 1041 3240 1093 cmtueierio
3288 1040 3501 1104 Calisti,
3530 1044 3707 1095 saurti

2135 1124 2398 1193 Stephani
2434 1126 2713 1195 martyris.
2752 1127 2808 1179 lu
2862 1128 3175 1192 A-triocltia,
3208 1130 3403 1185 natalis
3456 1131 3714 1199 reliquia~

2134 1228 2253 1267 l‘lllll
2288 1216 2546 1284 Stephani
2580 1218 2997 1285 protomartyris
3034 1228 3086 1269 et
3121 1220 3361 1284 diaconi,
3391 1222 3480 1286 qui
3514 1217 3709 1271 Ηιειυο

2133 1307 2358 1375 solymis
2385 1319 2469 1362 est
2492 1310 2792 1363 translatus
2823 1325 2891 1361 ex
2940 1310 3272 1363 revelatioue
3302 1310 3524 1363 Luciaui
3558 1325 3709 1379 pre...

2134 1398 2330 1465 liytcri.
2361 1397 2420 1451 ltt
2434 1399 2667 1452 Ca'saria
2691 1399 3046 1461 Mauritaniae,
3070 1399 3383 1464 Theodotze,
3406 1411 3459 1453 et
3498 1413 3708 1468 tsi-ptent

2133 1487 2367 1540 tiliorum
2398 1489 2538 1557 ejus.
2565 1488 2631 1543 Et
2670 1492 2719 1541 iu
2754 1488 2928 1548 Italia.
2960 1492 3180 1543 civitate
3209 1488 3475 1553 Romana,
3504 1494 3707 1543 natalis

2131 1588 2442 1630 sanctorum
2507 1577 2709 1632 Felicis
2764 1588 2821 1632 et
2876 1576 3070 1633 Niceti.
3118 1576 3455 1643 Nicomedia,
3507 1579 3707 1634 natalis

2134 1682 2430 1742 martyrum
2457 1688 2681 1727 numero
2712 1685 2917 1743 septem
2934 1690 3055 1727 cum
3074 1676 3233 1728 sociis
3252 1688 3461 1727 eorum.

461 1772 783 1837 Alexandri,
813 1769 1009 1833 Zotici,
1060 1768 1272 1835 Bissiae,
1310 1766 1603 1835 Secundae,
1640 1767 1928 1823 Macbarii.
1966 1770 2030 1824 Et
2061 1757 2103 1813 Β
2203 1781 2264 1819 tit
2288 1764 2429 1821 Non.
2476 1766 2613 1837 Aug.
2672 1766 2995 1821 Sanctorum
3038 1767 3314 1836 Metropoli
3348 1765 3585 1836 episcopi
3654 1777 3711 1817 et

461 1869 615 1932 alibi,
633 1868 809 1921 natale
827 1866 1139 1920 sanctorum
1166 1862 1465 1934 Septimius,
1491 1870 1751 1930 Angusta:
1772 1864 2024 1932 virginis,

463 1961 654 2023 Celse,
689 1955 931 2010 Nazarii.
990 1956 1045 2008 lu
1101 1953 1441 2020 Nicomedia,
1479 1954 1673 2007 natalis
1716 1967 2028 2009 sanctarum

460 2050 641 2111 Julia,
672 2045 959 2113 Secundae,
989 2044 1282 2100 Januaria.
1310 2046 1376 2099 Et
1413 2045 1615 2099 natalis
1652 2044 2030 2111 Pantaleonis,

462 2157 516 2195 et
568 2118 834 2196 Salisonis
892 2138 1159 2209 episcOp‘i,
1198 2135 1428 2191 Silvani.
1476 2135 1801 2201 Mediolano,
1834 2138 2032 2190 natalis

462 2243 778 2287 sanctorum
851 2229 1122 2294 Gervasii,
1178 2228 1437 2291 Protasii,
1504 2224 1721 2281 Nazarii
1775 2237 1829 2281 ct
1887 2226 2027 2280 Celsi

461 2329 634 2396 pueri.
674 2323 893 2380 Corbeia
919 2324 1261 2386 monasterio,
1293 2318 1554 2374 dedicatio
1584 2319 1816 2373 basilicis
1843 2316 2030 2372 Sancti

463 2416 608 2470 Petri
646 2415 891 2483 apostoli.

535 2520 585 2558 tv
628 2503 758 2559 Kal.
819 2504 958 2571 Aug.
1026 2502 1233 2564 Romae,
1298 2499 1383 2553 via
1455 2498 1765 2564 Portnensi,
1836 2499 2031 2554 natalis

464 2610 780 2648 saucwrum
827 2593 1084 2655 Abseodi,
1134 2591 1276 2658 liuli,
1308 2593 1469 2658 Abdi,
1522 2593 1797 2660 Pontiani,
1833 2592 2028 2647 Niceti.

466 2683 563 2737 Via
598 2682 887 2737 Portuensi
947 2683 1103 2745 inibi,
1160 2683 1403 2752 ejusdem
1470 2685 1723 2737 milliario
1774 2686 2027 2753 septimo,

465 2777 662 2829 natalis
719 2783 1028 2827 sanctorum
1081 2772 1374 2843 Simplicii,
1427 2774 1697 2839 Faustini,
1746 2773 2030 2837 Beatritis,

468 2868 669 2939 Magni,
706 2866 946 2922 llouatte.
988 2865 1043 2919 ln
1083 2866 1287 2930 Africa,
1320 2866 1514 2920 natalis
1549 2865 1767 2931 Felicis,
1809 2866 2026 2933 Niticw,

464 2956 835 3023 Postiniauize,
870 2956 1123 3027 Philippi.
1170 2956 1236 3011 Et
1262 2958 1433 3024 ,alibi,
1469 2959 1665 3011 natalis
1710 2971 2029 3014 sanctorum

464 3049 787 3114 Anastasis»,
818 3047 1074 3117 Philippi,
1118 3048 1420 3113 Saturnini,
1459 3048 1681 3115 Calesti,
1719 3050 2024 3113 Palruiute,

466 3142 713 3210 l‘elagite,
765 3139 1073 3195 Jucundini.
1132 3140 1438 3194 Aurelianis
1497 3143 1733 3207 civitate,
1772 3144 2026 3210 depOaitlo

463 3235 601 3287 beati
654 3235 902 3304 Prosperi
962 3234 1432 3303 episcopt.'l‘recas
1483 3234 1717 3300 civitate,
1771 3237 2027 3304 depositio

463 3330 631 3383 sancti
654 3326 789 3396 Lupi
824 3328 1052 3395 episcOpi
1090 3327 1431 3396 confessoris.

538 3436 595 3473 Ill
628 3418 755 3473 Kal.
796 3424 934 3489 Aug.
971 3419 1028 3473 ιιι
1074 3421 1387 3475 εωιιιειειίο
1431 3419 1680 3475 Pontiani
1728 3421 1794 3473 ad
1840 3435 2027 3476 ursum

465 3510 709 3581 pilatum,
763 3512 960 3564 natalis
1009 3521 1322 3566 sanctorum
1370 3513 1566 3566 Abdon
1612 3522 1666 3565 et
1718 3512 1935 3566 Setinis.
1970 3512 2027 3564 lu

464 3603 683 3667 Africa,
716 3604 937 3667 ,uatalis
1010 3612 1322 3682 sanctorum
1392 3603 1639 3657 Maxima
1661 3646 1675 3670 ,
1727 3601 1987 3657 Secundae
2008 3643 2025 3668 ,

469 3694 797 3760 Douatellae,
868 3693 1027 3761 Rufi,
1089 3693 1301 3759 Prisci,
1345 3692 1664 3759 Pateruicac,
1727 3698 2029 3766 Septinnae,

464 3786 731 3858 Optionis,
778 3786 996 3853 Antoni,
1048 3786 1208 3854 Justi,
1252 3785 1431 3854 Julia,
1483 3789 1803 3853 Poatamiai,
1836 3791 2026 3856 Abdis,

464 3879 688 3933 Acenei.
728 3878 883 3941 Item,
921 3877 1188 3942 Maxitnte,
1218 3881 1439 3949 Hospis,
1466 3878 1763 3944 Donalulae,
1795 3878 2025 3945 Silvani,

464 3971 700 4042 blagttili.
752 3972 1085 4027 Aulisiodcro
1132 3975 1362 4039 civitate,
1403 3974 1658 4039 depositio
1710 3972 1848 4027 beati
1908 3970 2029 4026 Ursi

463 4065 712 4132 episcopi.

536 4152 720 4204 Pridie
746 4151 970 4205 Kalend.
1013 4154 1260 4221 Augusti.
1305 4155 1367 4207 ιιι
1400 4152 1607 4218 Africa,
1649 4157 1869 4212 civitate
1903 4157 2030 4212 Cin-

466 4244 628 4304 uatla,
662 4245 853 4298 natalis
886 4255 1195 4299 sanctorum
1233 4244 1553 4313 Democriti,
1598 4248 1863 4315 Secundi,
1901 4250 2029 4305 Dio-

466 4336 627 4404 nysii,
672 4336 849 4404 Tyrsi.
907 4339 1261 4403 Autisiodero,
1300 4344 1471 4391 sancti
1513 4342 1759 4395 Germani
1802 4345 2027 4411 episcopi

465 4520 647 4585 nioris,
679 4529 726 4571 et
782 4521 1063 4573 translatio
1113 4524 1399 4578 multorum
1468 4535 1777 4580 sanctorum
1828 4540 2030 4596 marty-

466 4629 606 4668 ’Μ’
919 4684 1171 4741 MENSIS
1204 4687 1574 4744 AUGUSTUS

987 4778 1161 4833 liabet
1188 4784 1303 4835 dies
1330 4797 1479 4835 xui.

530 4892 661 4950 Kal.
699 4896 833 4964 Aug.
873 4892 1085 4950 Lilania
1124 4895 1494 4952 indicentlaJn
1518 4896 2030 4969 Antiochia,passio

460 4998 769 5042 sanctorum
801 4990 1231 5043 Machabacorum
1268 4998 1471 5057 septem
1500 4988 1727 5043 fratrum
1768 5007 1888 5045 cum
1921 5009 2033 5045 ina-

468 5098 544 5135 tre
577 5096 696 5145 sua,
735 5082 826 5150 qui
858 5086 1004 5151 passi
1036 5093 1161 5136 sunt
1192 5082 1292 5135 sub
1322 5080 1592 5135 Antiocho
1637 5097 1781 5150 rege.
1817 5081 2026 5151 Romae,

462 5172 731 5226 dedicatio
797 5175 980 5241 priinze
1044 5173 1309 5236 ccclesite,
1377 5188 1405 5225 a
1470 5175 1629 5228 beato
1674 5172 1835 5228 Petro
1902 5192 2029 5241 apo-

464 5263 601 5314 stolo
625 5276 947 5316 constructa:
974 5271 1030 5314 et
1073 5270 1423 5315 consecratae.
1451 5262 1509 5315 lu
1561 5262 1781 5327 Arabia,
1813 5264 2031 5316 civitate

465 5353 857 5425 Philadelphia,
922 5356 1157 5425 synodus
1214 5366 1512 5423 martyrum
1569 5355 1926 5409 celebratur:
1976 5365 2032 5409 et

464 5446 659 5498 natalis
689 5459 997 5501 sanctorum
1020 5447 1227 5518 Cyrilli,
1259 5446 1488 5515 Aquilia,
1519 5444 1685 5510 Petri,
1719 5447 2031 5516 Domitiani,

464 5536 603 5600 ‘lnll,
641 5538 901 5591 Miuandri
935 5554 1036 5592 una
1070 5542 1155 5593 die
1181 5548 1580 5594 coronatorum.
1610 5537 1812 5603 Rome,
1840 5539 2035 5593 millia-

468 5628 544 5679 κιο
603 5630 879 5698 trigesimo
922 5633 988 5683 ab
1032 5632 1184 5693 urbe,
1218 5629 1411 5683 natalis
1466 5638 1778 5682 sanctorum
1830 5630 2034 5682 Secun-

463 5718 630 5786 dinis,
661 5721 954 5787 Donatultc,
1019 5720 1361 5785 Secundula’,
1404 5720 1671 5786 Masiuia‘,
1706 5720 1888 5786 διεξίω,
1922 5719 2033 5775 Me-

2132 1854 2367 1913 Hermeli
2386 1859 2654 1929 martyris.
2690 1858 2744 1912 In
2782 1858 3271 1926 Constantinopoli,
3306 1859 3503 1912 natalis
3523 1858 3709 1913 sancti

2130 1947 2380 2016 Achillei,
2414 1947 2576 2003 Justi.
2622 1949 2687 2002 Et
2716 1950 2916 2001 natalis
2932 1959 3133 2007 sanctae
3158 1986 3175 2003 .
3197 1987 3210 2000 .
3231 1983 3247 2000 .
3280 1947 3470 2001 adenis
3494 1953 3705 2015 marty-

2130 2040 2229 2093 ris.
2253 2039 2459 2105 Romae,
2485 2040 2682 2095 natalis
2700 2049 3014 2095 sanctorum
3040 2038 3303 2108 Drogenis
3325 2050 3378 2092 et
3400 2038 3702 2107 Stephani.

2131 2130 2544 2203 Hierosolymis,
2596 2134 2838 2186 inventio
2887 2146 3132 2201 corporis
3185 2128 3485 2184 beatissimi
3538 2129 3702 2198 primi

2133 2225 2405 2294 martyris.
2441 2233 2501 2278 et
2570 2235 2881 2280 sanctorum
2933 2222 3272 2286 Gamalielis,
3313 2218 3616 2283 Nicodemi,
3648 2228 3707 2273 et

2128 2316 2407 2371 Abibonis.
2429 2315 2496 2369 In
2558 2317 2945 2384 Augusttduno,
2978 2315 3235 2383 depositio
3283 2310 3536 2382 Eufronii
3590 2310 3707 2382 epi-

2128 2411 2267 2475 scopi
2297 2420 2343 2463 et
2362 2410 2704 2477 confessoris.

2200 2500 2382 2555 Pridie
2436 2500 2584 2555 Non.
2641 2503 2885 2573 Augusti.
2945 2500 3152 2568 Bonna,
3185 2502 3271 2557 via
3305 2500 3611 2567 Tiburtina,
3644 2501 3700 2554 in

2131 2597 2464 2658 ccemete’rio,
2499 2596 2692 2649 natalis
2736 2605 3051 2649 sanctorum
3113 2606 3407 2663 ntartyrum
3435 2591 3706 2647 Cresceno

2132 2687 2312 2750 tianaa,
2345 2697 2397 2739 et
2426 2685 2613 2739 iustae.
2643 2686 2705 2739 Et
2766 2686 2964 2740 natalis
2993 2686 3168 2741 sancti
3224 2686 3483 2739 Secincti.
3518 2684 3573 2735 In
3606 2682 3703 2735 Ni-

2132 2779 2396 2842 comedia,
2431 2780 2625 2831 natalis
2674 2787 2982 2831 sanctorum
3030 2776 3202 2846 Segne,
3238 2788 3294 2831 et
3326 2776 3705 2829 Bartliolomai

2134 2871 2410 2938 martyris.
2442 2868 2696 2938 Lugduno
2743 2869 2954 2936 Gallice,
2985 2873 3236 2924 adcentus
3273 2870 3505 2937 corporis
3530 2872 3705 2923 sancti

2131 2957 2268 3014 Iulii
2292 2962 2355 3013 tte
2380 2976 2574 3015 eremo.

2205 3051 2372 3107 Nonis
2398 3054 2532 3121 Aug.
2564 3052 2769 3107 Natalis
2815 3062 3129 3108 sanctorum
3180 3052 3422 3116 llerenti,
3465 3052 3701 3115 Heracli,

2087 3134 2103 3155 ¹
2136 3144 2445 3207 Dassi,sive
2465 3146 2635 3203 Bassi.
2666 3146 2933 3214 Axiopoli,
2964 3144 3217 3209 llerenet,
3260 3144 3494 3209 llerocli,
3526 3144 3701 3198 DaSsi.

2135 3234 2341 3301 Roma,
2365 3238 2631 3291 dedicatio
2660 3239 2903 3291 ecclesia:
2930 3235 3143 3291 Sancta:
3170 3235 3374 3291 Mariae.
3404 3236 3459 3289 lit
3484 3237 3704 3290 civita:e

2134 3330 2394 3399 Augusta,
2432 3329 2608 3395 passio
2651 3337 2857 3383 sancta:
2887 3326 3050 3382 Afrae.
3076 3327 3474 3396 Augustiduno,
3501 3326 3700 3381 natalis

2135 3418 2191 3471 S.
2228 3416 2476 3471 Cassiani
2535 3418 2796 3485 episcopi.
2839 3417 3151 3470 Gatalauuis
3211 3421 3452 3481 civitate,
3505 3422 3702 3470 natalis

2133 3508 2308 3560 sancti
2328 3506 2541 3560 Memmi
2567 3510 2806 3575 episcopi
2850 3518 2904 3562 et
2933 3507 3288 3562 confessoris.
3324 3501 3389 3561 Et
3417 3507 3568 3571 alibi,
3603 3523 3702 3561 na-

2138 3602 2261 3654 talis
2316 3612 2626 3655 sauctorutu
2677 3601 2914 3655 Floriaui
2964 3613 3017 3655 et
3070 3599 3330 3655 Filistinae
3378 3612 3696 3671 martyrum.

2209 3710 2301 3749 vttt
2347 3692 2474 3749 ldus
2507 3696 2621 3765 Aug
2646 3737 2658 3750 .
2690 3695 2894 3761 Roma,
2928 3696 2983 3750 in
3032 3698 3344 3752 cwtneleriu
3372 3696 3595 3763 Calesti,
3620 3700 3701 3750 via

2135 3789 2333 3858 Appia,
2369 3788 2565 3843 natalis
2618 3788 2753 3841 Sixti
2784 3789 3044 3857 episcopi,
3095 3794 3150 3842 et
3194 3787 3535 3852 Felicissimi,
3562 3784 3704 3855 Aga-

2137 3888 2253 3950 plll,
2290 3880 2594 3945 Douatiani,
2629 3879 2833 3945 Fausti,
2857 3877 3193 3941 Praetextati,
3224 3879 3524 3947 Laurentii,
3568 3879 3700 3947 Ilip-

2136 3973 2321 4041 pulyti,
2363 3982 2415 4023 et
2458 3970 2689 4024 militum
2741 3974 2961 4025 centum
3011 3972 3293 4040 sexaginta
3350 3971 3605 4025 duorum.
3635 3972 3702 4025 Et

2135 4065 2318 4132 passio
2350 4074 2545 4117 sancta:
2573 4061 2738 4117 Afrae.

2209 4170 2279 4209 vti
2309 4154 2437 4209 ldus
2495 4154 2632 4223 Aug.
2668 4155 2727 4209 ln
2761 4155 3076 4219 Antiochia,
3129 4156 3330 4211 natalis
3387 4160 3696 4211 Sanctorum

2139 4242 2507 4317 Symphruuii,
2564 4246 2827 4312 Venerit»,
2862 4257 2915 4301 et
2966 4251 3197 4301 aliorum
3239 4256 3444 4318 septem
3484 4254 3698 4319 germao

2138 4353 2349 4397 nurum.
2382 4343 2437 4395 lu
2476 4340 2696 4408 Tuscia,
2746 4344 2963 4397 civitate
3020 4346 3231 4409 Arecia,
3285 4344 3479 4398 natalis
3526 4347 3698 4399 sancti

457 4439 510 4483 et
558 4428 900 4497 confessoris;
950 4433 1340 4498 Augusliduno,
1374 4433 1641 4488 dedicatio
1682 4434 1914 4488 ecclesia
1948 4450 2026 4487 se~
2060 4436 2106 4503 Ῑ)
2136 4435 2323 4489 Donati
2364 4436 2599 4505 episcopi
2635 4445 2688 4489 et
2746 4435 3102 4490 confessoris.
3157 4430 3476 4503 Mediolano,
3511 4438 3702 4490 natalis

2135 4527 2193 4581 S.
2228 4525 2469 4579 Faustini
2507 4529 2787 4597 martyris.
2820 4527 3030 4590 Retine,
3064 4533 3243 4597 passio
3274 4532 3570 4598 martyrum
3600 4545 3703 4597 pu-

2134 4638 2279 4677 mero
2310 4624 2492 4691 viginti
2528 4624 2783 4691 quinque.
2819 4622 2874 4675 lu
2935 4623 3212 4690 provincia
3276 4621 3454 4685 Retia,
3488 4625 3703 4675 civitate

2133 4700 2395 4784 Angusta,
2431 4716 2620 4767 natalis
2652 4725 2965 4767 sanctorum
2997 4712 3136 4776 Afri,
3174 4723 3225 4767 et
3259 4712 3526 4767 Veneriae.

2203 4822 2253 4858 vi
2274 4806 2403 4861 Idus
2432 4808 2568 4874 Aug.
2595 4804 2801 4871 Romae,
2822 4807 3020 4861 natalis
3047 4816 3353 4861 sanctorum
3384 4805 3701 4869 Secundini,

2133 4895 2433 4960 Severiani,
2478 4895 2783 4964 Carpolo'ri,
2820 4896 3100 4960 Victorini,
3129 4907 3181 4951 et
3212 4895 3412 4949 Albini.
3449 4897 3513 4950 Et
3540 4900 3589 4951 in
3615 4899 3701 4949 via

2135 4988 2367 5053 Salaria,
2426 4986 2662 5051 Osteusi,
2724 4988 3119 5050 Crescentiani,
3177 4988 3357 5055 Largi,
3420 4986 3703 5053 Metnmiae,

2131 5076 2380 5143 Julianzc,
2403 5080 2710 5149 Cyriacitis.
2736 5092 2788 5134 et
2815 5080 3124 5151 Smaragdi,
3150 5078 3470 5143 Secundini,
3496 5083 3698 5144 Albini,

2134 5165 2747 5235 Victuriaui,Fadstiui,
2802 5171 3047 5235 Donatzc,
3099 5171 3315 5237 Felicis,
3370 5172 3600 5225 Silvani.
3641 5171 3701 5222 ln

2133 5257 2484 5323 Nicomedia,
2541 5262 2735 5314 natalis
2794 5273 3104 5315 sanctorum
3167 5261 3405 5326 Nazari,
3454 5260 3701 5321 JUilalltl’,

2134 5353 2327 5421 Agapa:
2387 5352 2675 5421 virginum,
2711 5352 3003 5416 Euticiani,
3040 5351 3370 5415 Coriutonis,
3404 5351 3697 5409 Diomedis,

2135 5442 2457 5498 Metrodorae
2516 5446 2758 5513 virginis,
2812 5444 2999 5503 iustae.
3054 5446 3459 5516 Philadelphite,
3505 5446 3699 5498 natalis

2138 5533 2196 5588 S.
2231 5533 2503 5601 Leonidis,
2530 5536 2761 5606 Agapiti.

2209 5641 2237 5679 v
2277 5627 2403 5681 ldus
2432 5628 2570 5697 Aug.
2598 5628 2654 5681 In
2683 5629 2922 5690 Oriente.
2954 5633 3149 5686 natalis
3172 5640 3480 5687 sanctorum
3513 5627 3697 5691 Firmi,

2137 5718 2368 5786 Rustici,
2388 5712 2571 5785 Primi,
2594 5719 2985 5788 Crescentiani,
3011 5723 3081 5779 La
3093 5721 3507 5796 rgi,Tybcriani,
3532 5720 3696 5785 Antii,
