3934 6188
411 243 518 307 ιετ

1325 238 1390 302 S.
1433 233 1877 300 IIIERONYMI
1920 234 2240 298 OPERUM
2282 237 2688 300 MANTlSSA.

3537 231 3642 293 ait"?!

402 365 522 406 cum
554 349 718 405 sociis
749 347 886 405 suis.
920 345 978 401 In
1007 345 1181 408 Ostia.
1215 346 1410 400 natatis
1458 353 1774 398 sanctorum
1825 341 1970 409 Qui-
2002 349 2047 406 Α
2077 345 2328 415 discipuli
2355 347 2530 400 sancti
2564 347 2696 402 Elim
2750 343 3046 412 prophetia.
3094 340 3154 396 in
3187 339 3426 407 Syr-mia,
3451 341 3594 392 natztl
3621 349 3646 385 ε

405 443 557 507 riaci,
579 441 851 496 Archelai.
887 439 943 493 In
966 437 1242 506 provincia
1270 436 1495 502 Ciliciae,
1536 437 1728 489 natalis
1755 446 1978 489 sancto-

407 551 522 588 rum
552 534 716 601 Agim,
745 531 988 596 Claudii,
1020 529 1240 588 Asterii,
1280 527 1502 591 Nconis,
1536 527 1792 581 Domnini
1852 540 1978 580 cum

407 625 568 678 sociis
598 638 811 678 eorum.
853 620 1119 691 Lugduno
1141 620 1351 682 Galliae,
1402 619 1602 673 natalis
1661 626 1977 672 sanctorum

408 717 672 782 Minervii,
696 716 943 770 Eleazari
967 729 1092 769 cum
1123 714 1247 768 (iliis
1266 722 1389 767 octo
1409 711 1758 782 martyribus.
1795 707 1980 763 Rantis

407 809 645 873 civitate,
679 808 876 861 natalis
917 817 1232 862 sanctorum
1285 803 1554 858 Timothei
1591 811 1646 857 ct
1699 803 1980 870 Apollina-

409 903 506 954 ris.
542 899 944 970 Augustiduno,
979 899 1254 967 depositio
1294 897 1536 952 Flaviani
1581 894 1840 963 episcopi.
1879 896 1982 948 Ar-

410 991 612 1055 Ventis,
645 990 842 1044 natalis
873 989 1046 1044 sancti
1073 987 1282 1043 Sidonii
1332 1003 1453 1040 cum
1516 986 1676 1040 sociis
1704 986 1839 1040 suis.
1873 985 1980 1037 An-

407 1080 712 1150 gustiduno,
737 1080 993 1146 depositio
1020 1077 1266 1133 Flaviani
1301 1079 1551 1147 episcopi.

477 1185 528 1222 tx
559 1169 688 1222 Kal.
736 1169 887 1236 Sept.
923 1169 983 1223 lit
1044 1168 1354 1232 Antiochia,
1413 1167 1608 1221 natalis
1668 1173 1980 1218 sanctorum

407 1261 648 1325 Lenobii,
717 1260 1056 1330 Capitolini,
1116 1261 1382 1316 Emeritm.
1449 1259 1664 1319 Italicas,
1722 1255 1979 1318 JUvittti,

408 1352 556 1406 Julii.
593 1352 651 1406 In
678 1352 856 1418 India,
884 1354 1084 1406 natalis
1117 1353 1290 1405 sancti
1324 1349 1700 1404 Bartltolomati
1727 1347 1980 1414 apostoli.

411 1443 617 1508 Romae,
673 1445 872 1498 natalis
920 1444 1091 1498 sancti
1134 1444 1353 1497 Genesii
1417 1442 1689 1510 martyris.
1741 1440 1982 1492 Neverno

409 1535 627 1588 civitate
651 1578 666 1600 ,
707 1535 971 1602 depositio
1023 1534 1240 1589 Patricii
1273 1535 1503 1586 abbatis.
1557 1531 1622 1584 In
1658 1530 1983 1598 Rothomago

410 1625 643 1690 civitate,
678 1625 932 1689 depositio
964 1624 1134 1678 sancti
1190 1624 1428 1677 Aadoeni
1483 1621 1708 1690 episcopi
1771 1629 1822 1672 et
1855 1635 1980 1672 con-

2081 445 2282 489 sanctat
2308 435 2585 490 Basilissae
2615 435 2856 502 virginis.
2895 435 2950 484 ln
2973 433 3254 484 Antiorliia
3278 429 3467 502 Syrire,
3496 443 3648 484 nata-
3691 481 3710 488 __

2082 527 2146 582 lis
2193 540 2503 586 sanctorum
2543 527 2742 585 Nicena.
2784 524 2958 579 Pauli.
2995 524 3196 587 Boium,
3254 524 3338 576 via
3377 521 3645 585 Ostiensi,

2083 617 2282 671 natalis
2336 627 2646 671 sanctorum
2681 615 2898 679 Felicis,
2933 614 3188 667 Candida:
3217 611 3466 681 virginis,
3499 612 3649 666 Fori-

2081 709 2200 770 cie,
2231 708 2507 771 Adansizn,
2537 707 2852 761 Gemellina:
2874 721 2995 760 cum
3028 706 3195 760 sociis
3218 719 3428 759 eorum.
3457 702 3651 757 Passio

2082 810 2284 854 sanctas
2310 798 2526 852 Sabina:
2559 797 2838 867 martyris.

2155 903 2212 942 ιιι
2252 886 2382 942 Kal.
2415 886 2565 955 Sept.
2609 885 2818 950 Romae,
2849 885 3046 940 natalis
3093 893 3296 940 sancta)
3329 882 3652 939 Gaudentiat

2081 977 2311 1048 virginis
2341 992 2461 1030 cum
2497 975 2722 1045 reliquis
2741 975 2933 1030 tribus.
2963 976 3019 1030 ln
3044 975 3325 1030 Provincia
3347 974 3653 1029 Palaestinas

1989 1099 1992 1102 ~
2083 1068 2306 1122 civitate
2331 1067 2609 1131 Sabastia,
2634 1069 2820 1136 passio
2840 1068 3015 1123 sancti
3041 1065 3266 1121 Joannis
3285 1065 3563 1134 Baptistae.
3585 1064 3653 1118 Et

2083 1159 2234 1222 alilti,
2284 1160 2485 1212 natalis
2516 1168 3256 1227 sanctorumnongentorutn
3322 1169 3651 1228 martyrum,

2083 1249 2175 1317 qui
2212 1249 2399 1303 eadem
2435 1248 2521 1300 die
2547 1249 2688 1316 passi
2720 1258 2866 1301 sunt.

2155 1338 2337 1392 Pridie
2354 1339 2484 1396 Kal.
2515 1339 2660 1406 Sept.
2695 1340 2974 1403 Treveris,
2997 1339 3272 1408 depositio
3296 1341 3472 1394 sancti
3497 1339 3649 1393 Pauli

2083 1429 2322 1496 epiSt'opi
2353 1441 2406 1482 et
2438 1427 2779 1482 confessoris
2817 1446 2830 1482 :
2871 1429 2958 1482 hic
3009 1429 3063 1482 in
3109 1429 3301 1483 exsilio
3359 1430 3652 1499 requievit.

2086 1521 2295 1589 Ancyra
2317 1519 2563 1585 Galatiae,
2593 1520 2787 1573 natalis
2819 1531 3130 1573 sanctorum
3155 1521 3371 1586 Gaiani,
3399 1519 3654 1587 Luciani,

2087 1611 2288 1675 Ruliui,
2365 1612 2662 1676 Vincentii,
2715 1612 2948 1675 Silvani,
3007 1612 3268 1688 Vitalian.
3327 1614 3654 1681 Antiquira',

411 1718 642 1786 fenoris.
696 1715 759 1770 In
820 1717 1084 1770 territorio
1148 1716 1381 1784 ejusdem
1412 1755 1425 1773 ,
1477 1717 1586 1767 vico
1639 1712 1979 1782 Luperciaco,
2017 1694 2055 1750 θ
2089 1703 2336 1765 Ειιιειὶιιί,
2367 1703 2688 1767 Florentini,
2714 1701 2903 1768 Justze,
2937 1701 3371 1771 Julize,Anlinei,
3408 1703 3654 1760 Maximi.

411 1809 672 1876 depositio
694 1808 860 1861 sancti
883 1806 1140 1878 Gyldardi
1206 1806 1493 1874 presbyteri
1543 1813 1593 1858 et
1650 1805 1986 1858 confessoris.

412 1897 478 1950 lit
529 1899 582 1952 in
640 1899 912 1951 territorio
967 1899 1134 1964 ipsius
1196 1897 1448 1959 civitatis,
1499 1895 1758 1964 depositio
1814 1895 1985 1947 sancti

413 1988 597 2058 Eptati
624 1990 913 2060 presbyteri
936 1999 984 2042 et
1021 1988 1339 2056 confessoris

479 2095 578 2134 vnt
606 2080 736 2136 Kal.
768 2079 916 2150 Sept.
946 2081 998 2134 lu
1033 2079 1310 2150 provincia
1344 2078 1532 2150 Syriae,
1570 2077 1764 2132 natalis
1811 2086 1988 2130 sancit

413 2172 632 2226 Juliani.
664 2172 720 2224 Ιιι
757 2174 962 2241 Capua,
990 2172 1214 2226 civitate
1241 2169 1573 2238 Campaniae,
1609 2169 1806 2223 natalis
1859 2183 1989 2222 san-

411 2278 620 2318 ctorum
657 2263 856 2328 Ruﬁni,
892 2265 1067 2318 Eutici
1103 2279 1224 2318 cum
1289 2264 1452 2317 sociis
1485 2276 1689 2316 eorum.
1745 2260 1986 2328 Arelate,

412 2357 607 2411 natalis
640 2367 956 2410 sanctorum
993 2355 1209 2410 Geuesii
1257 2355 1533 2432 martyris,
1563 2351 1714 2417 Julii,
1762 2350 1986 2405 Herme-

412 2448 501 2513 tis,
538 2446 774 2500 Joviani.
811 2448 868 2500 ln
907 2446 1182 2516 Hispania,
1221 2431 1415 2501 natalis
1478 2453 1790 2498 sanctorum
1845 2457 1986 2496 mar-

411 2548 587 2608 tyrum
609 2535 751 2590 Justi
786 2547 840 2588 et
866 2534 1108 2590 Pastoris
1139 2549 1544 2605 germanorum.

482 2645 558 2683 vti
598 2626 725 2681 Kal.
777 2627 921 2697 Sept.
986 2628 1216 2682 Civitate
1285 2629 1508 2690 Salona,
1562 2624 1758 2679 natalis
1811 2622 1985 2680 sancti

411 2720 686 2774 Anastasii
704 2720 1012 2791 martyris,.
1031 2756 1046 2772 .
1075 2757 1090 2774 .
1114 2759 1128 2774 .
1147 2721 1223 2774 sia
1249 2721 1486 2780 civitate,
1510 2727 1822 2773 sanctorum
1850 2715 1988 2771 Poe-

411 2809 578 2876 clani,
633 2809 882 2865 Mercurii
948 2822 1266 2878 martyrum.
1306 2809 1491 2863 Romae
1545 2811 1596 2861 in
1647 2808 1984 2872 coemeterio,

414 2902 613 2958 natalis
668 2911 981 2957 sanctorum
1039 2902 1250 2955 Basilla:
1283 2940 1298 2963 ,
1335 2900 1683 2958 Μειχίιηὶιίδηί
1717 2937 1732 2963 ,
1795 2899 1980 2965 Quinti

417 3003 741 3064 martyrum.
781 2993 875 3047 Via
905 2991 1262 3054 Praenestina,
1292 2991 1522 3043 militum
1575 2989 1764 3061 viginti
1820 2992 1972 3059 quin-

416 3100 542 3155 que.
573 3085 792 3139 Arelato
851 3083 1090 3148 civitate,
1134 3085 1328 3137 natalis
1360 3093 1672 3137 sanctorum
1725 3083 1873 3146 Sevi,
1897 3081 1986 3137 Vt-

414 3174 605 3240 ctoris,
662 3173 852 3229 Primi.
881 3173 1016 3228 item
1065 3173 1310 3226 Victoris.
1371 3174 1705 3226 Autisiodero
1759 3173 1985 3238 civitate,

413 3265 668 3332 depositio
717 3267 888 3318 sancti
945 3263 1463 3334 Eleutheriepiscopi‘
1503 3280 1621 3319 cum
1664 3265 1820 3319 sociis
1876 3268 1985 3319 suis

415 3373 509 3412 con
519 3356 824 3410 'essoribus.

489 3463 541 3502 vt
575 3447 704 3502 Kal.
753 3447 919 3518 Sept.
955 3447 1012 3504 lu
1061 3451 1370 3515 Antiochia,
1427 3449 1619 3504 natalis
1669 3460 1981 3506 sanctorum

424 3539 663 3604 Sabasti,
698 3541 1290 3607 Alexandriabbatum,
1321 3541 1594 3596 Emeritae.
1638 3542 1698 3596 In
1722 3543 1980 3607 Lucania,

419 3629 663 3685 Polentia
695 3633 934 3698 civitate,
965 3634 1160 3687 natalis
1191 3627 1498 3689 Sanctorum
1519 3633 1739 3699 Felicis,
1770 3635 1980 3700 Aronti,

420 3723 722 3790 Sabiniani,
762 3723 1046 3778 Honorati.
1085 3725 1149 3778 Et
1173 3723 1230 3778 in
1279 3724 1490 3794 Capua,
1516 3728 1711 3780 natalis
1764 3739 1982 3780 sancto-

416 3829 532 3866 rum
565 3813 708 3878 Ruli,
749 3814 946 3882 Magni.
991 3813 1197 3881 Romae,
1235 3816 1434 3870 natalis
1481 3829 1792 3871 sanctorum
1846 3817 1982 3870 Uer-

417 3910 694 3972 metis,et
749 3906 983 3973 Basilina,
1029 3909 1175 3963 Julii.
1245 3908 1732 3978 Constantinopoli,
1788 3911 1981 3963 natalis

414 4009 726 4050 sanctorum
758 3997 864 4051 Otii
889 4009 944 4052 et
992 3999 1252 4068 Stephani
1305 3999 1550 4053 mart.ln
1609 3999 1795 4053 Tomis
1850 4000 1978 4054 civi-

413 4099 567 4148 tate,
632 4088 826 4141 natalis
891 4102 1198 4142 sanctorum
1274 4087 1571 4143 Marcellini
1637 4089 1880 4155 tribuni,
1929 4100 1982 4145 et

417 4177 633 4232 Mannis
656 4182 839 4231 uxoris
867 4179 1006 4247 ejus,
1039 4195 1161 4233 cum
1197 4180 1319 4234 liliis
1351 4181 1468 4246 ejus
1495 4181 1704 4235 Joanne
1735 4189 1788 4234 et
1823 4181 1982 4235 Sera-

424 4272 585 4338 pione
610 4287 623 4323 :
655 4270 874 4334 Elerici,
900 4282 953 4324 et
983 4271 1121 4325 Petri
1157 4273 1360 4326 militis.
1381 4273 1448 4325 Et
1471 4273 1595 4326 alibi
1626 4271 1979 4343 quadraginta

2087 1794 2236 1858 Item,
2271 1793 2532 1848 Vitalirae.
2563 1795 2626 1848 Et
2649 1795 2917 1863 depositio
2959 1795 3130 1848 sancti
3167 1795 3358 1850 Elladii
3388 1797 3656 1866 episcOpi,

2089 1885 2268 1954 Syrgi,
2295 1886 2592 1942 Florentini
2634 1901 2758 1940 cum
2793 1888 2996 1942 sanctis
3029 1887 3195 1942 sociis
3233 1902 3444 1945 eorum.
3499 1890 3658 1942 Auti-

2083 1980 2314 2042 siodero,
2365 1981 2624 2046 depositio
2669 1980 2842 2034 sancti
2871 1979 3055 2048 Optati
3089 1980 3318 2049 episcopi
3347 1990 3396 2034 et
3451 1980 3660 2048 confes-

2083 2087 2240 2126 ‘°"“
2507 2138 2758 2195 MENSIS
2784 2139 3218 2196 SEPTEMBER.

2623 2231 2800 2286 Habet
2841 2232 2956 2288 dies
3005 2249 3137 2287 xxx.

2156 2347 2283 2401 Kal.
2341 2345 2677 2414 Septembris.
2731 2345 2947 2401 Litania
2997 2347 3310 2403 indicenda.
3363 2349 3417 2402 In
3457 2347 3648 2420 Capua

2077 2420 2343 2518 .Aquaria,
2388 2439 2584 2493 natalis
2635 2437 2812 2494 sancti
2842 2439 3012 2495 Prisci
3047 2442 3327 2510 martyris,
3371 2439 3650 2509 Magnilis.

2083 2533 2138 2587 lu
2169 2531 2486 2586 Tuderdana
2513 2529 2746 2596 Tusciae,
2777 2531 2972 2586 natalis
2996 2540 3308 2586 sanctorum
3333 2532 3654 2586 ’l’crentiani

2083 2625 2345 2694 episcopi,
2400 2623 2621 2690 Felicis,
2667 2622 2884 2688 Donati,
2943 2623 3172 2678 Silvani.
3216 2623 3274 2677 In
3327 2623 3454 2678 villa
3520 2622 3654 2688 Her,

2087 2715 2301 2770 Donati.
2355 2713 2412 2768 In
2463 2713 2682 2784 Apulia,
2755 2713 3054 2786 Syracusa,
3087 2715 3284 2770 natalis
3325 2729 3648 2770 sanctorum

2088 2807 2262 2872 Evoti,
2287 2804 2663 2874 Hermogenis,
2695 2807 2947 2874 Calestae,
2983 2806 3210 2862 Juliani.
3237 2808 3292 2861 In
3326 2807 3541 2871 Africa,
3575 2811 3650 2861 ci-

2083 2899 2249 2953 vitate
2281 2897 2472 2962 Toniz,
2512 2898 2706 2952 natalis
2760 2908 3074 2954 sanctorum
3108 2898 3339 2964 Tusciae,
3385 2898 3654 2960 Dubitati.

2090 2991 2337 3055 Valentii,
2361 2990 2599 3045 Donat-ae.
2633 2989 2687 3044 In
2721 2991 3073 3061 Carthagine,
3108 2991 3304 3046 natalis
3329 3003 3651 3046 sanctorum

2088 3081 2395 3144 Fortunati,
2430 3081 2644 3146 Donati,
2674 3081 2892 3137 Felicis.
2918 3084 2985 3136 Et
3015 3083 3167 3149 alibi,
3204 3083 3402 3137 natalis
3433 3094 3655 3136 sancto-

2091 3189 2206 3228 rum
2242 3173 2458 3228 Martiui
2481 3173 2745 3244 episcopi,
2779 3174 3007 3239 Sisinni,
3039 3173 3282 3228 Amavis.
3333 3172 3657 3228 (iinomanis

2087 3264 2326 3330 civitate,
2356 3264 2620 3335 depositio
2649 3265 2824 3318 sancti
2868 3263 3099 3319 Victoris
3134 3263 3393 3334 episcopi.
3427 3264 3658 3319 Ambia-

2086 3358 2171 3411 nis
2195 3358 2432 3424 civitate,
2451 3357 2717 3426 depositio
2745 3359 2918 3411 sancti
2945 3355 3174 3411 Firmini
3194 3355 3500 3426 episcopiet
3523 3371 3659 3411 con-

2084 3448 2326 3506 lcssoris.
2359 3449 2536 3520 Egitlii
2557 3448 2784 3504 abbatis.

2156 3557 2208 3594 tv
2260 3541 2400 3596 Non.
2445 3539 2592 3609 Sept.
2632 3543 2691 3594 in
2720 3539 3054 3607 Nicomedia,
3090 3539 3293 3596 natalis
3328 3549 3652 3595 sanctorum

2085 3630 2341 3698 Zenonis,
2392 3632 2672 3703 Gorgonii,
2721 3632 3044 3702 Monolappi,
3088 3632 3400 3696 Tlteodotat,
3434 3647 3562 3686 cum
3595 3632 3656 3685 ti-

2086 3727 2172 3780 lits
2203 3726 2355 3780 suis:
2390 3737 2443 3779 et
2475 3727 2724 3782 Cosconi.
2759 3726 2815 3780 in
2854 3728 3102 3797 partibus
3130 3729 3391 3796 Apamim,
3451 3724 3654 3778 natalis

2085 3827 2389 3873 sanctorum
2418 3818 2635 3870 Antonii
2682 3828 2738 3870 et
2779 3818 3038 3871 Antonini
3089 3829 3249 3871 utart.
3315 3817 3368 3869 lu
3412 3815 3650 3870 Cartha-

2082 3909 2227 3979 gine,
2257 3908 2448 3961 natalis
2470 3919 2780 3963 sanctorum
2811 3909 3074 3974 Dubitati,
3093 3909 3323 3973 Tusciae,
3351 3908 3650 3962 Valentini.

2083 4001 2142 4055 lu
2185 3998 2390 4067 Sicilia,
2433 4001 2626 4053 natalis
2674 4014 2985 4055 sanctorum
3018 3999 3199 4069 Eupli,
3233 3999 3477 4067 Joseplti,
3503 3998 3648 4052 Feli-

2082 4093 2182 4158 cis,
2213 4093 2532 4159 Secunduli,
2569 4093 2711 4146 lttlli.
2751 4093 2808 4146 ltt
2851 4092 3199 4158 Alexandria,
3237 4091 3434 4144 natalis
3470 4091 3648 4145 sancti

2083 4183 2352 4248 Theodori
2398 4184 2672 4255 martyris.
2729 4185 2789 4238 ln
2839 4183 3152 4246 Antiochia,
3215 4182 3413 4236 natalis
3473 4182 3650 4236 sancti

2084 4277 2352 4331 Timothei
2436 4278 2714 4346 martyris.
2773 4274 3039 4344 Lugduno
3096 4273 3304 4338 Galliae,
3374 4274 3650 4342 depositio

421 4373 738 4432 martyrum,
761 4363 851 4432 qui
873 4361 941 4417 de
957 4363 1148 4418 Graeco
1183 4365 1233 4417 itt
1256 4362 1505 4418 Latinum
1537 4365 1782 4417 translati
1833 4373 1978 4418 sunt.
2011 4369 2254 4428 D‘sancti
2309 4367 2468 4432 Jasti,
2517 4378 2572 4423 et
2629 4366 2900 4422 dedicatio
2927 4367 3170 4422 basilicae
3221 4361 3424 4436 ipsius‘
3447 4368 3647 4420 sancti.

416 4455 628 4508 Arelato
680 4455 908 4519 ciuitate,
951 4455 1205 4524 depositio
1247 4457 1418 4510 sancti
1471 4455 1694 4512 Cwsarii
1751 4455 1980 4526 episcopi

412 4557 460 4597 et
492 4545 823 4611 confessoris.
860 4545 1248 4615 Augustiduno,
1294 4545 1489 4598 natalis
1541 4545 1716 4598 sancti
1771 4543 1984 4613 Syagrii

415 4638 662 4703 episeopi.

489 4745 520 4780 v
554 4729 681 4783 Kal.
711 4729 858 4799 Sept.
894 4728 1100 4796 Romae,
1144 4729 1232 4784 via
1259 4726 1468 4784 Salaria
1523 4738 1728 4792 vetere,
1762 4727 1816 4781 in
1872 4739 1985 4782 cm-

421 4823 667 4883 nteterio,
735 4821 930 4875 natalis
991 4831 1304 4876 sanctorum
1371 4819 1679 4883 Hermetis,
1743 4818 1980 4882 Basdlei,

420 4910 606 4977 tleliw,
643 4911 900 4980 Stephani
925 4910 1160 4974 diaconi,
1195 4909 1476 4965 Pollionis.
1511 4908 1571 4963 In
1627 4909 1980 4972 Alexandria,

418 5006 611 5059 natalis
673 5016 983 5060 sanctorum
1033 5002 1272 5068 Polieni,
1311 5003 1626 5072 Seraponis
1655 5043 1671 5068 ,
1729 5000 1976 5054 Justillae.

416 5097 906 5164 Constantinttpoli,
959 5094 1223 5164 depositio
1283 5097 1460 5148 sancti
1513 5094 1811 5147 Alexandri
1865 5093 1982 5160 epi-

416 5193 663 5261 scopi,et
717 5187 924 5242 Viviani
977 5188 1238 5256 episcopi.
1269 5185 1323 5240 In
1388 5186 1666 5240 territorio
1719 5186 1979 5240 Arvernis

418 5284 584 5342 urbis,
609 5284 728 5335 vico
751 5280 984 5343 Brivate,
1019 5280 1216 5334 natalis
1247 5279 1420 5332 sancti
1467 5277 1668 5330 Juliani
1705 5279 1977 5346 martyris.

419 5374 684 5427 Santonas
720 5377 956 5434 civitate,
989 5369 1254 5440 depositio
1277 5374 1448 5423 san'cti
1479 5370 1570 5422 νιν
1593 5370 1684 5422 atii
1738 5369 1981 5438 episcopi

414 5475 468 5516 ost
495 5464 839 5518 c0nl'essoris.
878 5461 943 5516 Ῑη
975 5465 1182 5532 Africa,
1227 5465 1462 5525 civitate,
1520 5459 1759 5526 Hippone
1808 5460 1975 5528 regio,

413 5557 666 5622 depositio
695 5561 862 5611 sancti
891 5556 1406 5627 AugustituepiscOpi
1431 5567 1475 5606 ct
1501 5551 1835 5620 confessoris.

486 5663 536 5700 tv
574 5646 698 5700 Kal.
747 5645 890 5718 Sept.
936 5652 1184 5706 Pausatio
1215 5647 1388 5704 sancti
1434 5645 1633 5700 Helisei
1669 5645 1972 5714 prophetae,

2083 4456 2394 4512 Stabulatus
2422 4459 2592 4512 sancti
2647 4458 2881 4511 Remacli
2950 4460 3179 4526 episcopi
3203 4467 3252 4510 et
3312 4456 3648 4524 confessoris.

2083 4548 2304 4604 Corbeia
2334 4549 2671 4615 monasterio,
2721 4549 2978 4602 dedicatio
3011 4549 3246 4601 basilica:
3275 4547 3461 4600 Sancti
3501 4547 3650 4624 Alar-

2084 4643 2182 4696 tini
2204 4642 2492 4711 pontiﬁcis.

2155 4747 2214 4786 ιιι
2278 4731 2422 4786 Non.
2449 4729 2595 4801 Sept.
2626 4731 2682 4785 ln
2708 4729 3062 4796 Alexandria,
3104 4729 3302 4784 natalis
3328 4730 3503 4784 sancti
3528 4730 3652 4784 Ari-

2085 4823 2345 4893 stonippi.
2373 4824 2440 4877 Et
2467 4825 2520 4877 in
2554 4824 2776 4893 regione
2807 4823 3067 4892 Apamiae,
3119 4822 3402 4892 provincia
3455 4821 3647 4892 Syrias,

2085 4914 2283 4970 natalis
2309 4913 2488 4970 sancti
2537 4913 2765 4969 Antonii
2812 4914 2990 4983 pueri,
3025 4914 3204 4968 Aresti
3261 4913 3528 4983 episcopi.
3591 4913 3646 4965 In

2082 5007 2352 5077 Aquileia,
2391 5005 2665 5076 ingressio
2696 5007 3052 5074 reliquiarum
3077 5014 3390 5060 sanctorum
3416 5004 3647 5058 Andreas

2083 5101 2334 5167 apostoli,
2368 5099 2548 5160 Lucae,
2577 5097 2808 5153 Joannis
2857 5098 3343 5168 evangelistarum.
3382 5097 3446 5148 Et
3483 5095 3640 5156 alibi,

2081 5191 2282 5245 natalis
2303 5201 2621 5245 sanctorum
2663 5189 2998 5260 Euphemize,
3028 5190 3228 5259 Syrici,
3262 5187 3472 5242 Aritoni
3518 5201 3643 5241 cum

2083 5279 2249 5334 sociis
2283 5293 2492 5334 eorum.

2159 5372 2334 5425 Pridie
2357 5371 2500 5427 Non.
2542 5372 2685 5440 Sept.
2712 5374 2766 5426 In
2793 5372 2999 5442 Ancyra
3019 5369 3266 5435 Galatia,
3296 5371 3493 5424 natalis
3518 5383 3643 5424 san-

2083 5454 2296 5518 ctorum
2333 5463 2539 5526 llulini,
2594 5462 2824 5528 Silvani,
2861 5461 3125 5523 Marcelli,
3153 5460 3365 5525 Gaiani,
3402 5459 3636 5527 Helpidi,

2082 5556 2363 5620 Antonini,
2396 5554 2623 5622 Eustici,
2679 5553 2918 5619 Maximi,
2961 5553 3199 5609 Eusebii.
3237 5554 3392 5617 Item,
3423 5549 3637 5611 Gaiani,

2084 5647 2345 5713 V’italicac,
2393 5647 2615 5713 Gaison,
2653 5648 2848 5717 Magni,
2889 5647 3054 5713 Casti,
3090 5647 3392 5709 Saturnini,
3423 5644 3635 5713 Donati,
