3956 6196
257 323 369 388 483

1387 311 2064 380 MARTYROLOGIUM
2107 317 2382 382 VETUS.

3415 320 3524 388 490

254 445 447 503 Eleusi
507 455 631 499 cum
685 441 850 499 sociis
879 455 1096 497 eorum.
1153 440 1358 506 Romae,
1397 441 1451 494 in
1513 440 1835 496 cmmeterio
1865 449 1911 503 Α
1942 439 2083 493 beati
2113 439 2281 493 Hilari
2340 452 2511 508 papae.
2580 431 2640 493 In
2673 438 2878 506 Africa,
2937 440 3143 497 natalis
3197 451 3518 496 sanctorum

249 538 500 598 Maximi,
538 537 620 590 via
654 533 891 600 Salaria,
935 531 1206 604 depositio
1231 530 1502 588 Bonifacii
1553 533 1826 603 episcoiii.

247 625 332 686 Ad
357 641 604 684 sanctam
643 611 998 692 Felicitatem,
1049 625 1246 680 natalis
1277 625 1824 696 sanetorumMagni,

247 723 433 783 Cesti,
465 719 767 782 Saturnini,
810 717 1058 771 Firmini.
1097 715 1155 771 In
1200 715 1396 782 Gallia,
1439 717 1658 773 civitate
1704 717 1824 773 Ca-

245 813 481 874 billono,
512 810 705 865 natalis
735 811 904 864 sancti
939 808 1177 864 Marcelli
1222 809 1500 880 martyris.
1550 810 1827 873 Treveris,

247 906 530 977 depositio
555 903 730 957 sancti
763 901 971 956 Paulini
997 902 1264 971 episcopi.

318 996 471 1051 Non.
511 993 658 1062 Sept.
692 991 750 1046 in
788 999 946 1061 portu
981 990 1252 1055 Romano,
1286 990 1484 1046 natalis
1509 996 1827 1044 sanctorum

247 1087 521 1154 Daurini,
555 1085 743 1149 lleroi,
775 1081 1078 1146 Heraliani,
1110 1081 1369 1139 Aristosi.
1409 1083 1473 1136 Et
1498 1083 1681 1150 passio
1713 1096 1836 1136 san-

247 1191 471 1235 ctorum
512 1175 892 1240 Thothabelis,
920 1184 975 1229 et
1007 1175 1217 1228 sororis
1245 1174 1364 1245 ejus
1383 1174 1598 1227 nomine
1620 1165 1832 1227 Bebcae.

249 1276 312 1327 In
329 1273 525 1342 Capua
556 1269 889 1339 Campania},
922 1266 1120 1321 natalis
1151 1274 1470 1320 sanctorum
1491 1263 1702 1330 Quinti,
1733 1266 1838 1316 Ar-

247 1364 433 1429 conti,
467 1361 687 1424 Donati,
715 1360 914 1428 Magni,
945 1357 1216 1414 Januarii.
1256 1357 1315 1410 In
1347 1355 1695 1417 Alexandria,
1723 1369 1835 1408 na-

249 1459 380 1512 talis
415 1467 731 1511 sanctorutn
763 1452 1025 1518 Hemt‘tdi,
1061 1451 1391 1506 Saturnium.
1415 1450 1689 1519 Depositio
1711 1449 1839 1502 bea-

250 1553 287 1604 ti
323 1548 564 1619 lngenui
593 1561 717 1600 cum
748 1545 912 1599 sociis
962 1542 1101 1606 suis,
1145 1551 1380 1611 quorutn
1411 1541 1634 1594 nomina
1688 1536 1834 1592 Deus

251 1641 373 1694 scit.
423 1636 479 1689 In
504 1635 766 1705 Egypto.
798 1631 994 1685 natalis
1025 1637 1344 1686 sanctOrum
1367 1626 1616 1690 Taurini,
1637 1624 1838 1678 Nemo-

251 1732 361 1787 sati
403 1727 721 1791 Saturnini,
792 1723 1130 1794 Arapolloni.
1163 1723 1220 1775 in
1254 1719 1454 1784 Gallia,
1486 1718 1708 1774 civitate
1733 1715 1839 1770 Ve-

1948 537 2247 600 martyrnm
2291 530 2603 596 Doletatuli,
2636 530 2870 596 Tusciae,
2905 534 3140 602 Magari,
3177 533 3471 589 Valentini.

2023 637 2083 676 tu
2123 621 2255 676 Idus
2289 621 2434 687 Sept.
2467 618 2676 689 Romae,
2715 625 2800 678 via
2854 625 3064 680 Salaria
3097 627 3294 688 veteri,
3331 627 3382 680 iu
3414 642 3528 683 cte-

1948 717 2179 770 mcterio
2234 714 2471 783 Basillae,
2507 717 2704 772 natalis
2759 727 3075 773 sanctorum
3125 719 3300 782 Proti,
3351 719 3528 775 etJa-

1947 803 2140 869 cincti,
2179 803 2414 874 Didymi.
2445 805 2501 858 In
2535 815 2696 875 portu
2733 805 2884 862 urbis
2916 805 3124 872 Romae,
3169 809 3366 863 natalis
3395 826 3522 864 sail-

1947 902 2159 948 ctorum
2191 893 2439 962 ingenui,
2486 907 2543 950 et
2583 895 2859 966 Hippolyti
2921 909 3250 970 martyrum.
3294 899 3349 955 in
3388 901 3517 958 Ale-

1948 987 2197 1054 xandria,
2234 987 2434 1042 natalis
2465 979 2781 1043 sanctorum
2823 987 2971 1058 Syri,
3007 997 3064 1046 et
3093 989 3439 1060 Serapionis.
3463 995 3522 1048 ln

1947 1078 2166 1148 Apulia,
2205 1080 2403 1135 natalis
2440 1089 2758 1134 sanctorum
2802 1078 3022 1147 Felicis,
3057 1091 3115 1137 et
3134 1081 3525 1159 DgnatiJnlii.

1947 1169 2204 1240 Lugduno
2238 1170 2456 1235 Gallia',
2497 1173 2752 1238 depositio
2781 1175 2951 1226 sancti
2981 1173 3238 1230 Patientis
3273 1179 3523 1248 episcopi.

2023 1260 2210 1316 Pridie
2244 1261 2370 1318 ldus
2429 1261 2574 1330 Sept.
2608 1261 2670 1317 In
2721 1264 2933 1330 Sicilia,
2977 1265 3199 1322 civitate
3229 1267 3526 1331 Catltenas.

1950 1353 2156 1408 natalis
2214 1364 2530 1408 sanctorum
2587 1353 2766 1423 Enpli,
2797 1365 2852 1410 et
2885 1355 3206 1426 Serapionis
3260 1363 3526 1434 episcopi,

1951 1445 2151 1515 Magni.
2187 1443 2393 1510 Romae,
2419 1446 2618 1501 natalis
2665 1457 2981 1503 sanctorum
3041 1448 3214 1516 Proti,
3257 1449 3521 1522 Sanctini,

1956 1538 2254 1608 Hippolyti.
2302 1537 2657 1604 Nicomediae,
2688 1539 2892 1592 natalis
2925 1540 3228 1598 Ammonis.
3270 1542 3525 1601 lectoris.

1945 1632 2005 1688 in
2032 1632 2186 1699 Asia,
2248 1633 2448 1688 natalis
2505 1634 2683 1689 sancti
2752 1633 2970 1699 Dlofoli,
3011 1634 3297 1703 Matronae,
3351 1639 3530 1695 Tecla

1947 1724 2199 1795 virginis,
2242 1722 2526 1779 Heraclia.
2555 1722 2620 1778 Et
2648 1724 2802 1787 alibi,
2831 1724 3104 1795 depositio
3153 1727 3376 1782 Eusebii
3415 1731 3530 1799 epi-

251 1823 536 1885 sontione,
573 1819 769 1873 natalis
807 1826 1125 1873 sanctorum
1167 1811 1434 1878 Ferreoli,
1469 1821 1526 1868 et
1579 1808 1842 1866 Ferusiov
1872 1815 1914 1872 Β
1943 1816 2122 1887 scopi.
2187 1816 2434 1886 Lugduni
2485 1815 2701 1882 Gallice,
2751 1819 3017 1888 depositio
3047 1819 3188 1874 beati
3235 1821 3528 1875 sacerdotis

255 1914 338 1968 nis
364 1929 495 1968 cum
534 1911 698 1966 sociis
745 1922 959 1962 eorum.

326 2020 429 2062 viii
465 2005 597 2060 Idus
625 2003 768 2072 Sept.
805 1999 1013 2062 Romae,
1056 1996 1146 2051 via
1177 1995 1410 2062 Salaria,
1466 1995 1720 2051 milliario
1773 1995 1841 2050 ab

255 2101 420 2162 uibe,
450 2097 650 2151 natalis
685 2093 856 2150 sancti
892 2089 1195 2147 Eleutherii
1225 2090 1492 2159 episcOpi.
1528 2089 1588 2143 In
1624 2089 1845 2143 territo.

257 2195 343 2248 rio
377 2187 770 2259 Cappadociae,
799 2183 1026 2240 civitate
1076 2182 1358 2245 Readden,
1412 2182 1612 2236 natalis
1662 2181 1840 2236 sancti

254 2283 466 2341 Cottidi
501 2296 622 2334 cum
654 2279 818 2334 sociis
853 2276 991 2330 suis.

328 2388 413 2429 vti
449 2372 584 2428 Idus
634 2369 781 2439 Sept.
801 2369 1114 2424 Benevento
1135 2367 1378 2432 civitate,
1407 2365 1607 2420 natalis
1626 2374 1844 2419 sancto-

257 2479 387 2522 rum
425 2463 639 2528 Senoti,
671 2459 940 2526 Januarii,
970 2457 1127 2523 Fisti,
1188 2457 1370 2519 Acuti,
1425 2455 1715 2510 Desiderii.
1776 2453 1842 2507 Et

257 2553 450 2622 passio
501 2551 677 2606 sancti
730 2548 1008 2604 Anastasii
1039 2563 1163 2604 cuin
1221 2546 1384 2600 sociis
1434 2546 1571 2600 suis.
1611 2545 1838 2599 Arelato

255 2645 512 2710 civitate,
540 2642 807 2712 depositio
837 2641 1014 2697 sancti
1049 2639 1368 2710 Augustalis
1399 2639 1666 2707 episcopi.
1721 2637 1834 2690 Au-

257 2736 490 2791 relianis
519 2735 758 2801 civitate,
793 2733 1064 2803 depositio
1103 2732 1278 2788 sancti
1339 2729 1543 2786 Evortii
1593 2729 1837 2800 episcopi

256 2833 314 2878 et
346 2823 705 2880 confessoris.
742 2824 1122 2894 Angustiduno
1146 2823 1393 2886 civitate,
1432 2823 1552 2876 loco
1583 2823 1678 2891 qui
1711 2823 1845 2876 dici-

257 2927 350 2972 tur
400 2917 596 2982 Alisia,
655 2918 856 2972 natalis
909 2924 1113 2972 sancta:
1165 2916 1385 2986 Reginae
1453 2917 1726 2986 martyris.
1771 2914 1840 2967 In

261 3013 544 3065 territorio
577 3010 930 3074 Parisiorum,
963 3010 1075 3062 vico
1103 3007 1385 3070 Novieitto,
1415 3009 1671 3072 depositio
1702 3007 1841 3061 beat‘

257 3102 550 3158 Clodoaldi
577 3102 735 3172 regis,
777 3109 955 3167 postea
986 3100 1276 3170 presbyteri
1327 3109 1376 3153 et
1401 3099 1735 3168 confessoris.

1942 1910 2172 1979 episcopi
2199 1920 2248 1964 et
2277 1909 2620 1980 confessoris.
2656 1909 3060 1980 Augustiduno,
3085 1910 3359 1981 depositio
3378 1915 3526 1968 beati

1943 1996 2138 2056 Evanti
2171 2000 2416 2070 episcopi
2449 2010 2506 2056 et
2559 1999 2920 2056 confessoris.

2013 2089 2145 2145 ldus
2177 2089 2322 2160 Sept.
2360 2093 2417 2146 ln
2447 2091 2661 2162 Apulia,
2700 2093 2897 2148 natalis
2934 2101 3252 2149 sanctorum
3299 2093 3527 2151 Felicis-

1942 2184 2092 2247 simi,
2110 2193 2164 2236 et
2187 2183 2516 2247 Secundini;
2549 2182 2774 2238 Justini.
2796 2183 3292 2254 Constantinopoli,
3312 2186 3527 2254 deposi-

1941 2274 2020 2328 tio
2045 2275 2220 2328 sancti
2245 2273 2479 2328 Joannis
2517 2275 2793 2344 episcOpi.
2829 2273 2885 2328 ln
2911 2274 3265 2342 Alexandria,
3326 2276 3526 2332 natalis

1942 2367 2120 2420 sancti
2198 2365 2467 2420 Tlieodoli
2521 2365 2788 2436 episcOpi.
2849 2366 2910 2421 in
2962 2366 3278 2434 Antiochia,
3332 2367 3527 2422 natalis

1941 2463 2256 2510 sanctorum
2308 2455 2605 2519 Timothei,
2658 2455 2955 2512 Theodori.
2988 2457 3048 2512 ln
3079 2451 3315 2514 Turonis
3336 2459 3531 2513 civita~

1943 2558 2016 2608 te,
2050 2547 2314 2614 depositio
2343 2549 2517 2601 sancti
2553 2548 2757 2602 Lidorii
2801 2549 3068 2619 episcopi.
3101 2549 3412 2622 Andegavis
3445 2551 3528 2606 ci-

1943 2639 2135 2700 vitate,
2189 2639 2459 2708 depositio
2510 2639 2658 2695 beati
2711 2638 3055 2695 Maurilionis
3109 2642 3371 2712 episcopi.
3419 2642 3530 2696 Au-

1942 2727 2253 2794 gustiduno.
2286 2729 2542 2792 depositio
2572 2730 2716 2784 beati
2754 2727 3000 2784 Nectarii
3042 2733 3293 2802 episcopi.

2015 2835 2147 2874 xvttt
2187 2821 2318 2874 Kal.
2351 2820 2468 2876 Oct.
2507 2820 2783 2878 Exaltatio
2816 2836 3021 2878 sanctas
3056 2824 3260 2880 crucis.
3314 2825 3524 2893 Romae,

1941 2913 2029 2966 via
2061 2913 2256 2982 Appia,
2297 2914 2351 2966 in
2380 2915 2696 2969 cmmeterio
2728 2914 2956 2982 Calesti,
2981 2917 3183 2972 natalis
3208 2928 3528 2973 sanctorum

1943 3001 2184 3060 Cornelii
2217 3003 2458 3072 episcopi
2488 3012 2543 3059 et
2569 3005 2935 3062 confessoris.
2961 3006 3023 3062 In
3050 3006 3260 3072 Africa,
3303 3007 3529 3064 civitate
3571 3047 3574 3050 .

1942 3094 2292 3166 Carthagine,
2338 3096 2540 3150 natalis
2593 3098 2770 3152 sancti
2825 3098 3086 3168 Cypriani
3139 3099 3408 3170 episcopi,
3472 3111 3530 3156 et

329 3210 388 3248 vi
427 3192 560 3248 Idus
600 3167 747 3262 Sept.
783 3167 1055 3248 Nativitas
1079 3167 1282 3248 sancta:
1313 3167 1717 3248 Maritematris
1737 3188 1842 3243 Do-
1867 3167 1913 3224 (ἶ
1947 3184 2166 3251 Felicis,
2201 3187 2428 3250 Honori,
2465 3185 2756 3255 Demetrii,
2799 3167 2942 3245 Zeti.
2975 3189 3046 3246 Et
3067 3167 3220 3257 alibi,
3253 3192 3527 3263 depositio

260 3288 402 3343 mini
442 3285 614 3340 nostri
655 3283 780 3339 Jesu
847 3284 1053 3340 Christi
1115 3285 1414 3340 secundum
1470 3299 1712 3338 carnem.
1779 3281 1845 3335 Et

258 3380 450 3448 passio
482 3379 656 3432 sancti
696 3377 921 3432 Adriani
952 3378 1229 3448 martyris.
1268 3377 1325 3431 ln
1363 3377 1716 3439 Alexandria,
1748 3391 1846 3429 na-

260 3470 393 3524 talis
432 3477 749 3523 sanctorum
786 3468 1084 3531 Ammoitti,
1115 3468 1290 3534 Justi,
1342 3468 1678 3539 Serapionis,
1736 3467 1840 3524 Pii.

259 3563 402 3617 Item
435 3559 542 3627 Pii,
595 3559 911 3630 Theophili,
952 3553 1198 3630 Neo‘teri,
1256 3572 1312 3617 et
1359 3563 1589 3618 aliorum
1645 3563 1841 3634 viginti

256 3656 522 3714 duorum,
567 3649 802 3716 Nemesi,
833 3650 1045 3720 Arioni,
1073 3647 1532 3708 Ammon.Passio
1553 3655 1728 3710 sancti
1749 3653 1846 3708 Pe-

258 3746 358 3810 tri,
395 3742 608 3808 Sabini,
643 3742 934 3799 Demetrici
961 3759 1085 3800 cum
1132 3746 1258 3814 aliis
1302 3747 1666 3817 quadraginta
1698 3764 1713 3813 ;
1759 3747 1844 3800 Di-

255 3835 438 3907 dymi,
471 3834 721 3896 Mitisori,
749 3836 958 3900 Parieti;
990 3835 1212 3902 Achilli,
1247 3837 1469 3904 Isidori,
1496 3837 1840 3906 Serapionis,

255 3933 509 4002 Magitzr,
568 3929 778 3996 Orosei,
844 3928 1075 3995 Silvani,
1135 3930 1446 3999 Arepionis,
1501 3939 1556 3986 et
1606 3931 1840 3984 aliorum

255 4026 734 4096 septingentorum
791 4031 1048 4091 quatuor.
1115 4019 1251 4074 Item
1310 4022 1555 4089 Denetri,
1629 4021 1842 4084 Severi,

255 4131 392 4171 cum
425 4115 548 4168 aliis
574 4114 850 4168 undecim.
885 4113 1018 4168 item
1052 4112 1238 4168 Severi
1273 4128 1397 4169 cum
1454 4114 1577 4168 aliis
1608 4117 1842 4184 quadra-

253 4212 436 4280 ginta.
471 4205 530 4260 in
562 4221 624 4260 ea
657 4206 746 4260 die
779 4205 1032 4260 collectio
1062 4206 1356 4260 multorum
1389 4217 1694 4276 martyrum
1720 4220 1842 4260 cor-

254 4315 482 4368 porum.
509 4297 566 4352 in
605 4297 918 4364 Antiochia,
948 4297 1147 4353 natalis
1185 4307 1499 4353 sanctorum
1544 4297 1841 4362 Timothei,

259 4392 636 4446 Faustiniani.

1948 3277 2142 3348 Eparci
2175 3279 2438 3348 episcopi.

1946 3387 1984 3434 is
2019 3385 2131 3425 xvii
2161 3368 2291 3425 Kal.
2333 3368 2453 3426 Oct.
2484 3371 2540 3426 In
2568 3371 2926 3439 Alexandria,
2963 3375 3166 3431 natalis
3194 3385 3519 3433 sanctorum

1948 3464 2112 3518 trium
2144 3463 2396 3529 fratrum,
2429 3464 2637 3536 Cyrini,
2669 3464 2904 3534 Leontii,
2941 3467 3283 3538 Serapionis,
3339 3469 3524 3530 Croci.

1948 3553 2004 3608 In
2051 3557 2268 3626 Ancyra
2321 3555 2572 3621 Galatiae,
2597 3557 2795 3612 natalis
2825 3564 3145 3614 sanctorum
3189 3557 3430 3627 Seleuci,
3472 3573 3530 3617 et

1950 3647 2172 3702 Valerii.
2207 3647 2265 3701 In
2299 3647 2485 3705 Tomis
2515 3651 2762 3714 civitate,
2798 3653 2996 3708 natalis
3032 3663 3346 3710 sanctorum
3373 3656 3530 3710 Stra-

1949 3738 2092 3804 torii,
2130 3738 2352 3804 Valerii,
2390 3739 2616 3805 Merobi,
2650 3750 2706 3796 et
2755 3741 3042 3811 Gordiani,
3102 3753 3158 3800 et
3211 3743 3526 3800 Nicomedis

1946 3833 2224 3904 martyris.
2259 3831 2317 3887 ln
2352 3831 2692 3900 Nicomedia,
2738 3835 2936 3890 natalis
2997 3845 3316 3891 sanctorum
3351 3837 3523 3901 Areii,

1948 3923 2223 3981 Archeon.
2283 3925 2352 3979 Et
2409 3925 2466 3979 in
2531 3923 2760 3980 Nuceria
2813 3923 3152 3996 Campaniae,
3202 3929 3406 3984 natalis
3462 3929 3521 3984 S.

1947 4014 2275 4070 Constantii.
2313 4016 2375 4070 In
2423 4017 2694 4087 Anquira,
2751 4017 3019 4089 depositio
3053 4018 3204 4076 Pauli
3253 4023 3523 4092 episcopi.

1950 4108 2018 4162 Et
2043 4110 2096 4162 in
2129 4109 2408 4164 territorio
2445 4109 2834 4176 Cabillonensi,
2881 4125 3066 4168 castro
3095 4111 3390 4184 Ternocio,
3431 4130 3527 4170 na-

1947 4203 2073 4256 talis
2096 4203 2268 4257 sancti
2302 4201 2577 4259 Valeriani
2602 4205 2878 4275 martyris.
2905 4204 3170 4276 Lugduno
3188 4205 3399 4273 Galliae,
3434 4207 3529 4264 de-

1947 4295 2148 4364 positio
2180 4295 2360 4350 Albini
2386 4297 2653 4366 episcopi.
2697 4295 2918 4352 Natalis
2947 4294 3006 4352 S.
3046 4297 3268 4354 Aicadri
3294 4299 3522 4355 abbatis.

2020 4401 2110 4440 xvi
2145 4385 2272 4442 Kal.
2306 4386 2424 4442 Oct.
2445 4387 2810 4453 Chalcedone,
2839 4389 3043 4444 natalis
3074 4403 3282 4447 sanctas
3305 4391 3527 4464 Euphc-

334 4499 370 4536 v
405 4481 538 4536 Idus
576 4482 724 4549 Sept.
771 4477 981 4548 Romm,
1034 4481 1122 4536 via
1159 4481 1452 4548 Lavicana,
1511 4483 1654 4538 inter
1705 4485 1840 4538 duas
1874 4496 1917 4551 ι)
1949 4481 2070 4532 mia:
2105 4479 2355 4548 virginis.
2417 4481 2620 4542 Romae,
2663 4480 2860 4534 natalis
2901 4483 3229 4536 sanctorum
3271 4480 3526 4549 Victoris,

253 4576 478 4638 lauros,
506 4573 703 4628 natalis
736 4574 909 4628 sancti
930 4573 1216 4644 Gargonii.
1246 4571 1314 4627 Et
1343 4574 1398 4627 in
1436 4572 1690 4640 Sabinis,
1720 4576 1841 4629 mil-

255 4668 428 4722 liario
459 4667 528 4720 ab
557 4667 718 4729 urbe,
773 4667 975 4721 natalis
1005 4676 1321 4721 sanctorum
1359 4665 1678 4737 Hyacinthi,
1713 4668 1843 4722 Ale-

255 4758 486 4820 xandri,
517 4755 775 4820 Tiburtii,
805 4754 1018 4823 Juvini,
1053 4757 1288 4813 Silvani.
1323 4757 1382 4812 In
1415 4757 1656 4814 Cassaria
1687 4757 1846 4828 Cap-

256 4849 510 4918 padocia:
533 4847 730 4902 natalis
759 4855 1075 4902 sanctorum
1127 4847 1346 4914 Donati,
1377 4848 1608 4912 Eleassi,
1642 4847 1843 4904 Fortu-

255 4941 408 5004 nati,
461 4939 756 4993 Ammonii.
829 4939 888 4993 in
951 4939 1193 5004 Partitis,
1265 4941 1466 4996 natalis
1527 4951 1842 4998 sanctorum

253 5031 462 5094 Marci,
491 5031 748 5095 Libratis,
782 5029 936 5085 Julii.

337 5140 397 5180 tv
427 5123 559 5177 ldus
592 5122 740 5192 Sept.
805 5123 863 5177 in
911 5123 1147 5179 Caesaria
1202 5123 1582 5194 Cappadociae,
1645 5125 1843 5181 natalis

253 5226 587 5275 sanctorum
621 5215 843 5284 Enplize,
872 5215 1457 5285 Alexandri,Cirosici,
1496 5217 1686 5285 Hisici,
1711 5219 1843 5272 Ala-

255 5325 403 5382 pon,
449 5307 680 5373 Silvani,
717 5325 839 5362 cum
894 5310 1016 5365 aliis
1073 5311 1339 5381 quinque.
1396 5309 1454 5364 ln
1483 5311 1841 5379 Alexandria,

255 5403 470 5460 natalis
521 5412 838 5456 sanctorum
901 5403 1137 5470 Nemesi,
1187 5404 1498 5472 Ammonis,
1579 5405 1840 5476 Originis,

255 5494 490 5557 Hei-osi,
533 5503 584 5546 et
615 5495 845 5548 aliorum
915 5495 1352 5567 octingentorum
1401 5513 1546 5565 sex;
1605 5498 1843 5570 Didymi,

256 5585 1110 5657 Meresori,Panepsi,.Acbillei,
1146 5589 1344 5645 Niceti.
1375 5590 1508 5646 item
1532 5590 1840 5657 Ammonis,

252 5681 452 5744 Orosi,
498 5679 724 5743 Silvani,
755 5680 1006 5750 Oripion,
1037 5683 1206 5751 Nimi,
1241 5682 1380 5747 Sitti,
1410 5693 1462 5739 et
1486 5683 1718 5738 aliorum
1745 5699 1842 5738 no-

253 5787 415 5840 vem,
450 5771 766 5833 Panemodi,
804 5773 1004 5838 Niceti,
1036 5773 1252 5832 Silvini.
1307 5775 1518 5844 Romae,
1575 5777 1842 5848 depositio

587 5866 858 5928 PATROL.
903 5869 1094 5933 XXX.

1950 4575 2167 4639 Felicis,
2201 4577 2522 4641 Alexandri,
2553 4577 2758 4645 Papini,
2815 4575 3018 4646 Magni.
3055 4576 3114 4631 ln
3157 4579 3245 4631 via
3281 4576 3527 4634 Nomen-

1947 4676 2076 4720 tana
2104 4667 2173 4720 ad
2209 4667 2340 4735 Cap.
2383 4667 2437 4720 in
2473 4666 2790 4720 coemeterio
2834 4666 3043 4732 Marte,
3110 4668 3313 4723 natalis
3344 4671 3525 4724 sancti

1947 4756 2338 4814 Emerentiani.
2367 4759 2433 4812 Et
2459 4759 2656 4814 natalis
2696 4771 3012 4813 sanctorum
3071 4757 3267 4829 Palles,
3297 4757 3522 4824 Felicis,

1947 4847 2209 4912 Victoris,
2253 4847 2488 4918 Sperati,
2524 4848 2742 4914 Navini,
2773 4850 3046 4917 Chorinti,
3075 4850 3362 4920 Secundae,
3413 4853 3525 4908 Do-

1949 4945 2085 5009 nati,
2115 4944 2426 4999 Generosac.
2451 4943 2584 4998 item
2605 4943 2899 5012 Secunda,
2928 4943 3152 5016 Lupati.
3176 4945 3233 4998 In
3264 4943 3522 5010 Nuceria,

1948 5037 2242 5102 Prisciani,
2281 5035 2524 5092 Maximi.
2589 5037 2797 5101 Romae,
2833 5041 3019 5108 passio
3048 5049 3252 5094 sanctas
3291 5037 3523 5093 Caecilia:

1948 5132 2197 5202 virginis,
2233 5131 2431 5196 Saluti,
2465 5130 2647 5202 Tyrsi.

2019 5241 2084 5277 xv
2119 5221 2250 5276 Kal.
2305 5222 2422 5279 Oct.
2485 5223 2543 5278 ln
2587 5223 2904 5290 Neveduno,
2947 5224 3148 5279 natalis
3206 5234 3521 5280 sanctorum

1947 5319 2242 5386 Valeriani,
2275 5317 2526 5395 Magri‘ni,
2574 5316 2864 5374 Gordiani.
2908 5319 2964 5374 in
3009 5318 3269 5384 Nuceria,
3319 5317 3521 5372 natalis

1947 5416 2258 5460 sanctorum
2292 5401 2624 5472 Cons'tantii,
2653 5403 2920 5462 Sanctini.
2968 5407 3313 5464 Chalcedone
3337 5407 3522 5477 Bithy-

1946 5499 2070 5563 niae,
2129 5497 2326 5552 natalis
2371 5479 2689 5569 sanietorum
2729 5500 3062 5569 Euphemiaz,
3105 5497 3343 5556 Saleosi.
3397 5499 3525 5556 Sui-

1945 5593 2145 5662 portio,
2199 5563 2681 5662 depositio'sancti
2737 5563 2883 5647 Pauli
2939 5563 3203 5664 episcOpt,
3244 5594 3514 5659 Macrobi,

1943 5684 2236 5752 Gaudiani,
2295 5685 2416 5741 [sici
2454 5695 2618 5775 otiart.
2666 5683 2733 5739 In
2768 5683 3118 5752 Gallia,eico
3175 5688 3265 5758 qui
3328 5689 3528 5742 dicitur

1945 5778 2194 5846 Leodius,
2209 5780 2388 5847 passio
2409 5777 2585 5835 amicti
2610 5779 2925 5836 Landebertt'
2945 5784 3173 5851 episcopi
3190 5792 3236 5836 et
3256 5785 3526 5855 martyris,

3106 5879 3180 5938 16
