  <div class='ocr_page' id='page_1' title='image "/cluster/home/n/w/nwhite01/storage/ocr_20150623/30/hvd.32044096580527/251.png"; bbox 0 0 3956 6196; ppageno 0'>
   <div class='ocr_carea' id='block_1_1' title="bbox 375 384 476 452">
    <p class='ocr_par' dir='ltr' id='par_1_1' title="bbox 375 384 476 452">
     <span class='ocr_line' id='line_1_1' title="bbox 375 384 476 452; baseline -0.02 0"><span class='ocrx_word' id='word_1_1' title='bbox 375 384 476 452; x_wconf 71' lang='grc'><strong>491</strong></span> 
     </span>
    </p>
   </div>
   <div class='ocr_carea' id='block_1_2' title="bbox 1300 375 2658 445">
    <p class='ocr_par' dir='ltr' id='par_1_2' title="bbox 1300 375 2658 445">
     <span class='ocr_line' id='line_1_2' title="bbox 1300 375 2658 445; baseline -0.002 -3"><span class='ocrx_word' id='word_1_2' title='bbox 1300 381 1354 445; x_wconf 89' lang='lat' dir='ltr'><strong>S.</strong></span> <span class='ocrx_word' id='word_1_3' title='bbox 1397 376 1842 442; x_wconf 83' lang='lat' dir='ltr'><strong>HIERONYMI</strong></span> <span class='ocrx_word' id='word_1_4' title='bbox 1885 377 2209 440; x_wconf 82' lang='lat' dir='ltr'><strong>OPERUM</strong></span> <span class='ocrx_word' id='word_1_5' title='bbox 2249 375 2658 439; x_wconf 85' lang='lat' dir='ltr'><strong>MANTISSA.</strong></span> 
     </span>
    </p>
   </div>
   <div class='ocr_carea' id='block_1_3' title="bbox 3537 375 3639 439">
    <p class='ocr_par' dir='ltr' id='par_1_3' title="bbox 3537 375 3639 439">
     <span class='ocr_line' id='line_1_3' title="bbox 3537 375 3639 439; baseline 0 0"><span class='ocrx_word' id='word_1_6' title='bbox 3537 375 3639 439; x_wconf 64' lang='grc'><strong>432</strong></span> 
     </span>
    </p>
   </div>
   <div class='ocr_carea' id='block_1_4' title="bbox 415 482 3642 560">
    <p class='ocr_par' dir='ltr' id='par_1_4' title="bbox 415 482 3642 560">
     <span class='ocr_line' id='line_1_4' title="bbox 415 482 3642 560; baseline -0.005 -3"><span class='ocrx_word' id='word_1_7' title='bbox 415 482 418 486; x_wconf 41' lang='grc'><em>’</em></span> <span class='ocrx_word' id='word_1_8' title='bbox 449 517 537 557; x_wconf 81' lang='lat' dir='ltr'><strong>xtv</strong></span> <span class='ocrx_word' id='word_1_9' title='bbox 580 500 707 556; x_wconf 86' lang='lat' dir='ltr'><strong>Kal.</strong></span> <span class='ocrx_word' id='word_1_10' title='bbox 745 501 862 557; x_wconf 86' lang='lat' dir='ltr'><strong>Oct.</strong></span> <span class='ocrx_word' id='word_1_11' title='bbox 895 495 1541 560; x_wconf 76' lang='lat' dir='ltr'><strong>lnAlexandria,natalis</strong></span> <span class='ocrx_word' id='word_1_12' title='bbox 1574 497 1747 552; x_wconf 77' lang='lat' dir='ltr'><strong>sancti</strong></span> <span class='ocrx_word' id='word_1_13' title='bbox 1777 495 1951 550; x_wconf 84' lang='lat' dir='ltr'><strong>Tbro-</strong></span> <span class='ocrx_word' id='word_1_14' title='bbox 1982 501 2028 559; x_wconf 79' lang='grc' dir='ltr'><strong>Α</strong></span> <span class='ocrx_word' id='word_1_15' title='bbox 2056 503 2109 547; x_wconf 89' lang='lat' dir='ltr'><strong>et</strong></span> <span class='ocrx_word' id='word_1_16' title='bbox 2137 491 2401 546; x_wconf 66' lang='lat' dir='ltr'><strong>Bardonit</strong></span> <span class='ocrx_word' id='word_1_17' title='bbox 2440 507 2564 547; x_wconf 87' lang='lat' dir='ltr'><strong>cum</strong></span> <span class='ocrx_word' id='word_1_18' title='bbox 2606 485 2727 544; x_wconf 88' lang='lat' dir='ltr'><strong>aliis</strong></span> <span class='ocrx_word' id='word_1_19' title='bbox 2779 489 3000 559; x_wconf 80' lang='lat' dir='ltr'><strong>viginti.</strong></span> <span class='ocrx_word' id='word_1_20' title='bbox 3044 489 3096 540; x_wconf 88' lang='lat' dir='ltr'><strong>In</strong></span> <span class='ocrx_word' id='word_1_21' title='bbox 3135 486 3328 555; x_wconf 85' lang='lat' dir='ltr'><strong>Gallia,</strong></span> <span class='ocrx_word' id='word_1_22' title='bbox 3358 488 3642 547; x_wconf 73' lang='lat' dir='ltr'><strong>Ambianis</strong></span> 
     </span>
    </p>
   </div>
   <div class='ocr_carea' id='block_1_5' title="bbox 374 586 1951 667">
    <p class='ocr_par' dir='ltr' id='par_1_5' title="bbox 374 586 1951 667">
     <span class='ocr_line' id='line_1_5' title="bbox 374 586 1951 667; baseline -0.008 -17"><span class='ocrx_word' id='word_1_23' title='bbox 374 595 570 667; x_wconf 89' lang='lat' dir='ltr'><strong>pbimi.</strong></span> <span class='ocrx_word' id='word_1_24' title='bbox 601 592 667 646; x_wconf 85' lang='lat' dir='ltr'><strong>Et</strong></span> <span class='ocrx_word' id='word_1_25' title='bbox 701 593 752 646; x_wconf 92' lang='lat' dir='ltr'><strong>in</strong></span> <span class='ocrx_word' id='word_1_26' title='bbox 770 588 1108 652; x_wconf 83' lang='lat' dir='ltr'><strong>Nicomedia,</strong></span> <span class='ocrx_word' id='word_1_27' title='bbox 1133 588 1330 642; x_wconf 76' lang='lat' dir='ltr'><strong>natalis</strong></span> <span class='ocrx_word' id='word_1_28' title='bbox 1361 596 1679 643; x_wconf 86' lang='lat' dir='ltr'><strong>sanctorum</strong></span> <span class='ocrx_word' id='word_1_29' title='bbox 1719 586 1951 652; x_wconf 85' lang='lat' dir='ltr'><strong>Oceani,</strong></span> 
     </span>
    </p>
   </div>
   <div class='ocr_carea' id='block_1_6' title="bbox 380 675 1954 759">
    <p class='ocr_par' dir='ltr' id='par_1_6' title="bbox 380 675 1954 759">
     <span class='ocr_line' id='line_1_6' title="bbox 380 675 1954 759; baseline -0.008 -17"><span class='ocrx_word' id='word_1_30' title='bbox 380 686 554 759; x_wconf 76' lang='lat' dir='ltr'><strong>Xysti,</strong></span> <span class='ocrx_word' id='word_1_31' title='bbox 583 683 812 740; x_wconf 86' lang='lat' dir='ltr'><strong>Medaci.</strong></span> <span class='ocrx_word' id='word_1_32' title='bbox 851 681 906 736; x_wconf 93' lang='lat' dir='ltr'><strong>In</strong></span> <span class='ocrx_word' id='word_1_33' title='bbox 927 680 1262 747; x_wconf 79' lang='lat' dir='ltr'><strong>Mediolano,</strong></span> <span class='ocrx_word' id='word_1_34' title='bbox 1291 679 1566 750; x_wconf 72' lang='lat' dir='ltr'><strong>depositio</strong></span> <span class='ocrx_word' id='word_1_35' title='bbox 1622 676 1800 732; x_wconf 87' lang='lat' dir='ltr'><strong>sancti</strong></span> <span class='ocrx_word' id='word_1_36' title='bbox 1847 675 1954 730; x_wconf 87' lang='lat' dir='ltr'><strong>Eu-</strong></span> 
     </span>
    </p>
   </div>
   <div class='ocr_carea' id='block_1_7' title="bbox 369 773 1105 848">
    <p class='ocr_par' dir='ltr' id='par_1_7' title="bbox 369 773 1105 848">
     <span class='ocr_line' id='line_1_7' title="bbox 369 773 1105 848; baseline -0.01 -14"><span class='ocrx_word' id='word_1_37' title='bbox 369 777 570 848; x_wconf 36' lang='lat' dir='ltr'><strong>‘storgii</strong></span> <span class='ocrx_word' id='word_1_38' title='bbox 595 775 862 844; x_wconf 82' lang='lat' dir='ltr'><strong>episcopi,</strong></span> <span class='ocrx_word' id='word_1_39' title='bbox 900 773 1105 842; x_wconf 85' lang='lat' dir='ltr'><strong>Satyri.</strong></span> 
     </span>
    </p>
   </div>
   <div class='ocr_carea' id='block_1_8' title="bbox 447 865 1957 930">
    <p class='ocr_par' dir='ltr' id='par_1_8' title="bbox 447 865 1957 930">
     <span class='ocr_line' id='line_1_8' title="bbox 447 865 1957 930; baseline -0.007 -4"><span class='ocrx_word' id='word_1_40' title='bbox 447 885 544 926; x_wconf 80' lang='lat' dir='ltr'><strong>xm</strong></span> <span class='ocrx_word' id='word_1_41' title='bbox 599 867 728 923; x_wconf 88' lang='lat' dir='ltr'><strong>Kal.</strong></span> <span class='ocrx_word' id='word_1_42' title='bbox 754 867 871 922; x_wconf 89' lang='lat' dir='ltr'><strong>Oct.</strong></span> <span class='ocrx_word' id='word_1_43' title='bbox 907 866 961 920; x_wconf 92' lang='lat' dir='ltr'><strong>lu</strong></span> <span class='ocrx_word' id='word_1_44' title='bbox 1010 865 1366 930; x_wconf 85' lang='lat' dir='ltr'><strong>Alexandria,</strong></span> <span class='ocrx_word' id='word_1_45' title='bbox 1406 865 1606 920; x_wconf 75' lang='lat' dir='ltr'><strong>natalis</strong></span> <span class='ocrx_word' id='word_1_46' title='bbox 1639 877 1957 920; x_wconf 83' lang='lat' dir='ltr'><strong>sanctorum</strong></span> 
     </span>
    </p>
   </div>
   <div class='ocr_carea' id='block_1_9' title="bbox 357 955 1958 1027">
    <p class='ocr_par' dir='ltr' id='par_1_9' title="bbox 357 955 1958 1027">
     <span class='ocr_line' id='line_1_9' title="bbox 357 955 1958 1027; baseline -0.005 -9"><span class='ocrx_word' id='word_1_47' title='bbox 357 961 672 1027; x_wconf 49' lang='lat' dir='ltr'><strong>&#39;Demetrii,</strong></span> <span class='ocrx_word' id='word_1_48' title='bbox 714 957 888 1018; x_wconf 82' lang='lat' dir='ltr'><strong>Palei,</strong></span> <span class='ocrx_word' id='word_1_49' title='bbox 945 956 1196 1026; x_wconf 87' lang='lat' dir='ltr'><strong>Nilipaci,</strong></span> <span class='ocrx_word' id='word_1_50' title='bbox 1234 955 1492 1020; x_wconf 87' lang='lat' dir='ltr'><strong>Madielii,</strong></span> <span class='ocrx_word' id='word_1_51' title='bbox 1529 956 1813 1020; x_wconf 80' lang='lat' dir='ltr'><strong>Castoris,</strong></span> <span class='ocrx_word' id='word_1_52' title='bbox 1853 957 1958 1011; x_wconf 88' lang='lat' dir='ltr'><strong>Sa-</strong></span> 
     </span>
    </p>
   </div>
   <div class='ocr_carea' id='block_1_10' title="bbox 377 1047 1959 1122">
    <p class='ocr_par' dir='ltr' id='par_1_10' title="bbox 377 1047 1959 1122">
     <span class='ocr_line' id='line_1_10' title="bbox 377 1047 1959 1122; baseline -0.004 -14"><span class='ocrx_word' id='word_1_53' title='bbox 377 1054 570 1118; x_wconf 89' lang='lat' dir='ltr'><strong>turini,</strong></span> <span class='ocrx_word' id='word_1_54' title='bbox 605 1052 738 1106; x_wconf 73' lang='lat' dir='ltr'><strong>Caeli</strong></span> <span class='ocrx_word' id='word_1_55' title='bbox 770 1050 1038 1122; x_wconf 85' lang='lat' dir='ltr'><strong>episc0pi,</strong></span> <span class='ocrx_word' id='word_1_56' title='bbox 1075 1048 1251 1113; x_wconf 84' lang='lat' dir='ltr'><strong>Casti,</strong></span> <span class='ocrx_word' id='word_1_57' title='bbox 1280 1047 1434 1104; x_wconf 91' lang='lat' dir='ltr'><strong>Julii.</strong></span> <span class='ocrx_word' id='word_1_58' title='bbox 1461 1050 1526 1104; x_wconf 65' lang='grc' dir='ltr'><strong>ΔΙιι</strong></span> <span class='ocrx_word' id='word_1_59' title='bbox 1573 1050 1825 1119; x_wconf 84' lang='lat' dir='ltr'><strong>Neapoli,</strong></span> <span class='ocrx_word' id='word_1_60' title='bbox 1861 1065 1959 1102; x_wconf 87' lang='lat' dir='ltr'><strong>na-</strong></span> 
     </span>
    </p>
   </div>
   <div class='ocr_carea' id='block_1_11' title="bbox 380 1129 1962 1212">
    <p class='ocr_par' dir='ltr' id='par_1_11' title="bbox 380 1129 1962 1212">
     <span class='ocr_line' id='line_1_11' title="bbox 380 1129 1962 1212; baseline -0.005 -12"><span class='ocrx_word' id='word_1_61' title='bbox 380 1145 504 1201; x_wconf 85' lang='lat' dir='ltr'><strong>talis</strong></span> <span class='ocrx_word' id='word_1_62' title='bbox 535 1129 850 1199; x_wconf 69' lang='lat' dir='ltr'><strong>sanctorum</strong></span> <span class='ocrx_word' id='word_1_63' title='bbox 884 1141 1132 1197; x_wconf 76' lang='lat' dir='ltr'><strong>Januarii</strong></span> <span class='ocrx_word' id='word_1_64' title='bbox 1170 1150 1225 1196; x_wconf 93' lang='lat' dir='ltr'><strong>et</strong></span> <span class='ocrx_word' id='word_1_65' title='bbox 1249 1141 1485 1196; x_wconf 78' lang='lat' dir='ltr'><strong>Aniceti.</strong></span> <span class='ocrx_word' id='word_1_66' title='bbox 1549 1141 1616 1196; x_wconf 86' lang='lat' dir='ltr'><strong>Et</strong></span> <span class='ocrx_word' id='word_1_67' title='bbox 1652 1141 1707 1194; x_wconf 90' lang='lat' dir='ltr'><strong>in</strong></span> <span class='ocrx_word' id='word_1_68' title='bbox 1749 1140 1962 1212; x_wconf 82' lang='lat' dir='ltr'><strong>Synna-</strong></span> 
     </span>
    </p>
   </div>
   <div class='ocr_carea' id='block_1_12' title="bbox 361 1231 2011 1307">
    <p class='ocr_par' dir='ltr' id='par_1_12' title="bbox 361 1231 2011 1307">
     <span class='ocr_line' id='line_1_12' title="bbox 361 1231 2011 1307; baseline -0.004 -15"><span class='ocrx_word' id='word_1_69' title='bbox 361 1238 448 1293; x_wconf 88' lang='lat' dir='ltr'><strong>da</strong></span> <span class='ocrx_word' id='word_1_70' title='bbox 482 1235 756 1307; x_wconf 75' lang='lat' dir='ltr'><strong>Phrygiae,</strong></span> <span class='ocrx_word' id='word_1_71' title='bbox 791 1234 988 1289; x_wconf 87' lang='lat' dir='ltr'><strong>natalis</strong></span> <span class='ocrx_word' id='word_1_72' title='bbox 1015 1233 1193 1287; x_wconf 83' lang='lat' dir='ltr'><strong>sancti</strong></span> <span class='ocrx_word' id='word_1_73' title='bbox 1223 1231 1456 1302; x_wconf 83' lang='lat' dir='ltr'><strong>Trophi.</strong></span> <span class='ocrx_word' id='word_1_74' title='bbox 1486 1232 1691 1287; x_wconf 86' lang='lat' dir='ltr'><strong>Vienna</strong></span> <span class='ocrx_word' id='word_1_75' title='bbox 1715 1233 1958 1298; x_wconf 79' lang='lat' dir='ltr'><strong>civitate,</strong></span> <span class='ocrx_word' id='word_1_76' title='bbox 2007 1301 2011 1304; x_wconf 19' lang='grc' dir='ltr'>ι</span> 
     </span>
    </p>
   </div>
   <div class='ocr_carea' id='block_1_13' title="bbox 352 1324 1959 1394">
    <p class='ocr_par' dir='ltr' id='par_1_13' title="bbox 352 1324 1959 1394">
     <span class='ocr_line' id='line_1_13' title="bbox 352 1324 1959 1394; baseline -0.002 -12"><span class='ocrx_word' id='word_1_77' title='bbox 352 1349 363 1365; x_wconf 63' lang='grc' dir='ltr'><em>τ</em></span> <span class='ocrx_word' id='word_1_78' title='bbox 378 1329 580 1382; x_wconf 87' lang='lat' dir='ltr'><strong>natalis</strong></span> <span class='ocrx_word' id='word_1_79' title='bbox 602 1326 778 1382; x_wconf 90' lang='lat' dir='ltr'><strong>sancti</strong></span> <span class='ocrx_word' id='word_1_80' title='bbox 830 1325 1072 1381; x_wconf 81' lang='lat' dir='ltr'><strong>Ferreoli</strong></span> <span class='ocrx_word' id='word_1_81' title='bbox 1107 1335 1161 1378; x_wconf 91' lang='lat' dir='ltr'><strong>et</strong></span> <span class='ocrx_word' id='word_1_82' title='bbox 1185 1324 1456 1379; x_wconf 82' lang='lat' dir='ltr'><strong>dedicatio</strong></span> <span class='ocrx_word' id='word_1_83' title='bbox 1485 1324 1732 1380; x_wconf 75' lang='lat' dir='ltr'><strong>Basilicce</strong></span> <span class='ocrx_word' id='word_1_84' title='bbox 1764 1325 1959 1394; x_wconf 89' lang='lat' dir='ltr'><strong>ipsius,</strong></span> 
     </span>
    </p>
   </div>
   <div class='ocr_carea' id='block_1_14' title="bbox 376 1395 1962 1484">
    <p class='ocr_par' dir='ltr' id='par_1_14' title="bbox 376 1395 1962 1484">
     <span class='ocr_line' id='line_1_14' title="bbox 376 1395 1962 1484; baseline -0.005 -8"><span class='ocrx_word' id='word_1_85' title='bbox 376 1430 431 1476; x_wconf 92' lang='lat' dir='ltr'><strong>et</strong></span> <span class='ocrx_word' id='word_1_86' title='bbox 449 1419 738 1476; x_wconf 85' lang='lat' dir='ltr'><strong>translatio</strong></span> <span class='ocrx_word' id='word_1_87' title='bbox 772 1418 1069 1473; x_wconf 89' lang='lat' dir='ltr'><strong>multorum</strong></span> <span class='ocrx_word' id='word_1_88' title='bbox 1103 1431 1420 1484; x_wconf 85' lang='lat' dir='ltr'><strong>corporum,</strong></span> <span class='ocrx_word' id='word_1_89' title='bbox 1455 1395 1579 1472; x_wconf 72' lang='grc' dir='ltr'>ἕιιιιι</span> <span class='ocrx_word' id='word_1_90' title='bbox 1615 1417 1796 1484; x_wconf 85' lang='lat' dir='ltr'><strong>capite</strong></span> <span class='ocrx_word' id='word_1_91' title='bbox 1829 1432 1962 1471; x_wconf 85' lang='lat' dir='ltr'><strong>san-</strong></span> 
     </span>
    </p>
   </div>
   <div class='ocr_carea' id='block_1_15' title="bbox 337 1507 1960 1581">
    <p class='ocr_par' dir='ltr' id='par_1_15' title="bbox 337 1507 1960 1581">
     <span class='ocr_line' id='line_1_15' title="bbox 337 1507 1960 1581; baseline -0.003 -16"><span class='ocrx_word' id='word_1_92' title='bbox 337 1515 450 1567; x_wconf 60' lang='lat' dir='ltr'><strong>»cti</strong></span> <span class='ocrx_word' id='word_1_93' title='bbox 482 1511 681 1568; x_wconf 86' lang='lat' dir='ltr'><strong>Juliani</strong></span> <span class='ocrx_word' id='word_1_94' title='bbox 729 1511 983 1581; x_wconf 83' lang='lat' dir='ltr'><strong>martyris</strong></span> <span class='ocrx_word' id='word_1_95' title='bbox 1043 1509 1112 1564; x_wconf 88' lang='lat' dir='ltr'><strong>de</strong></span> <span class='ocrx_word' id='word_1_96' title='bbox 1163 1508 1380 1563; x_wconf 89' lang='lat' dir='ltr'><strong>Brivate</strong></span> <span class='ocrx_word' id='word_1_97' title='bbox 1413 1507 1515 1563; x_wconf 88' lang='lat' dir='ltr'><strong>sub</strong></span> <span class='ocrx_word' id='word_1_98' title='bbox 1555 1507 1725 1562; x_wconf 89' lang='lat' dir='ltr'><strong>altare</strong></span> <span class='ocrx_word' id='word_1_99' title='bbox 1763 1508 1960 1579; x_wconf 86' lang='lat' dir='ltr'><strong>posito.</strong></span> 
     </span>
    </p>
   </div>
   <div class='ocr_carea' id='block_1_16' title="bbox 381 1597 1966 1670">
    <p class='ocr_par' dir='ltr' id='par_1_16' title="bbox 381 1597 1966 1670">
     <span class='ocr_line' id='line_1_16' title="bbox 381 1597 1966 1670; baseline -0.003 -14"><span class='ocrx_word' id='word_1_100' title='bbox 381 1606 440 1658; x_wconf 85' lang='grc' dir='ltr'><strong>ιιι</strong></span> <span class='ocrx_word' id='word_1_101' title='bbox 474 1603 698 1659; x_wconf 77' lang='lat' dir='ltr'><strong>civitate</strong></span> <span class='ocrx_word' id='word_1_102' title='bbox 744 1599 1014 1666; x_wconf 74' lang='lat' dir='ltr'><strong>Treviris,</strong></span> <span class='ocrx_word' id='word_1_103' title='bbox 1069 1599 1340 1670; x_wconf 85' lang='lat' dir='ltr'><strong>depositio</strong></span> <span class='ocrx_word' id='word_1_104' title='bbox 1391 1598 1549 1652; x_wconf 84' lang='lat' dir='ltr'><strong>Militi</strong></span> <span class='ocrx_word' id='word_1_105' title='bbox 1601 1597 1864 1669; x_wconf 87' lang='lat' dir='ltr'><strong>episc0pi.</strong></span> <span class='ocrx_word' id='word_1_106' title='bbox 1899 1597 1966 1652; x_wconf 86' lang='lat' dir='ltr'><strong>Et</strong></span> 
     </span>
    </p>
   </div>
   <div class='ocr_carea' id='block_1_17' title="bbox 381 1687 1963 1761">
    <p class='ocr_par' dir='ltr' id='par_1_17' title="bbox 381 1687 1963 1761">
     <span class='ocr_line' id='line_1_17' title="bbox 381 1687 1963 1761; baseline -0.003 -13"><span class='ocrx_word' id='word_1_107' title='bbox 381 1695 533 1759; x_wconf 87' lang='lat' dir='ltr'><strong>alibi,</strong></span> <span class='ocrx_word' id='word_1_108' title='bbox 567 1692 769 1747; x_wconf 87' lang='lat' dir='ltr'><strong>natalis</strong></span> <span class='ocrx_word' id='word_1_109' title='bbox 802 1701 1124 1747; x_wconf 83' lang='lat' dir='ltr'><strong>sanctorum</strong></span> <span class='ocrx_word' id='word_1_110' title='bbox 1161 1689 1326 1761; x_wconf 76' lang='lat' dir='ltr'><strong>&#39;l‘rogi</strong></span> <span class='ocrx_word' id='word_1_111' title='bbox 1348 1689 1612 1758; x_wconf 87' lang='lat' dir='ltr'><strong>episcopi,</strong></span> <span class='ocrx_word' id='word_1_112' title='bbox 1641 1699 1698 1746; x_wconf 85' lang='lat' dir='ltr'><strong>et</strong></span> <span class='ocrx_word' id='word_1_113' title='bbox 1727 1687 1812 1744; x_wconf 88' lang='lat' dir='ltr'><strong>Pii</strong></span> <span class='ocrx_word' id='word_1_114' title='bbox 1846 1690 1963 1746; x_wconf 87' lang='lat' dir='ltr'><strong>dia-</strong></span> 
     </span>
    </p>
   </div>
   <div class='ocr_carea' id='block_1_18' title="bbox 382 1781 1962 1853">
    <p class='ocr_par' dir='ltr' id='par_1_18' title="bbox 382 1781 1962 1853">
     <span class='ocr_line' id='line_1_18' title="bbox 382 1781 1962 1853; baseline -0.005 -11"><span class='ocrx_word' id='word_1_115' title='bbox 382 1787 531 1852; x_wconf 88' lang='lat' dir='ltr'><strong>coni,</strong></span> <span class='ocrx_word' id='word_1_116' title='bbox 584 1783 816 1853; x_wconf 85' lang='lat' dir='ltr'><strong>Capilei,</strong></span> <span class='ocrx_word' id='word_1_117' title='bbox 850 1782 980 1847; x_wconf 82' lang='lat' dir='ltr'><strong>Nili,</strong></span> <span class='ocrx_word' id='word_1_118' title='bbox 1017 1784 1255 1848; x_wconf 74' lang='lat' dir='ltr'><strong>l’aterni,</strong></span> <span class='ocrx_word' id='word_1_119' title='bbox 1282 1781 1474 1849; x_wconf 86' lang='lat' dir='ltr'><strong>Musei,</strong></span> <span class='ocrx_word' id='word_1_120' title='bbox 1515 1796 1638 1836; x_wconf 91' lang='lat' dir='ltr'><strong>cum</strong></span> <span class='ocrx_word' id='word_1_121' title='bbox 1672 1782 1795 1836; x_wconf 89' lang='lat' dir='ltr'><strong>aliis</strong></span> <span class='ocrx_word' id='word_1_122' title='bbox 1826 1795 1962 1836; x_wconf 89' lang='lat' dir='ltr'><strong>cen-</strong></span> 
     </span>
    </p>
   </div>
   <div class='ocr_carea' id='block_1_19' title="bbox 2061 579 3644 654">
    <p class='ocr_par' dir='ltr' id='par_1_19' title="bbox 2061 579 3644 654">
     <span class='ocr_line' id='line_1_19' title="bbox 2061 579 3644 654; baseline -0.001 -14"><span class='ocrx_word' id='word_1_123' title='bbox 2061 585 2301 650; x_wconf 78' lang='lat' dir='ltr'><strong>civitate,</strong></span> <span class='ocrx_word' id='word_1_124' title='bbox 2343 589 2528 654; x_wconf 86' lang='lat' dir='ltr'><strong>passio</strong></span> <span class='ocrx_word' id='word_1_125' title='bbox 2556 583 2616 637; x_wconf 91' lang='lat' dir='ltr'><strong>S.</strong></span> <span class='ocrx_word' id='word_1_126' title='bbox 2645 581 2870 637; x_wconf 86' lang='lat' dir='ltr'><strong>Firmini</strong></span> <span class='ocrx_word' id='word_1_127' title='bbox 2896 579 3161 649; x_wconf 70' lang='lat' dir='ltr'><strong>episcopi,</strong></span> <span class='ocrx_word' id='word_1_128' title='bbox 3183 589 3238 634; x_wconf 87' lang='lat' dir='ltr'><strong>et</strong></span> <span class='ocrx_word' id='word_1_129' title='bbox 3268 583 3548 651; x_wconf 83' lang='lat' dir='ltr'><strong>martyris.</strong></span> <span class='ocrx_word' id='word_1_130' title='bbox 3576 581 3644 638; x_wconf 82' lang='lat' dir='ltr'><strong>Et</strong></span> 
     </span>
    </p>
   </div>
   <div class='ocr_carea' id='block_1_20' title="bbox 2061 673 2945 746">
    <p class='ocr_par' dir='ltr' id='par_1_20' title="bbox 2061 673 2945 746">
     <span class='ocr_line' id='line_1_20' title="bbox 2061 673 2945 746; baseline -0.003 -15"><span class='ocrx_word' id='word_1_131' title='bbox 2061 678 2211 744; x_wconf 87' lang='lat' dir='ltr'><strong>alibi,</strong></span> <span class='ocrx_word' id='word_1_132' title='bbox 2241 673 2514 746; x_wconf 82' lang='lat' dir='ltr'><strong>depositio</strong></span> <span class='ocrx_word' id='word_1_133' title='bbox 2545 677 2723 730; x_wconf 90' lang='lat' dir='ltr'><strong>sancti</strong></span> <span class='ocrx_word' id='word_1_134' title='bbox 2757 673 2945 728; x_wconf 88' lang='lat' dir='ltr'><strong>Marci.</strong></span> 
     </span>
    </p>
   </div>
   <div class='ocr_carea' id='block_1_21' title="bbox 2135 764 3648 836">
    <p class='ocr_par' dir='ltr' id='par_1_21' title="bbox 2135 764 3648 836">
     <span class='ocr_line' id='line_1_21' title="bbox 2135 764 3648 836; baseline 0.002 -14"><span class='ocrx_word' id='word_1_135' title='bbox 2135 787 2186 826; x_wconf 69' lang='grc' dir='ltr'>γι</span> <span class='ocrx_word' id='word_1_136' title='bbox 2220 768 2344 825; x_wconf 96' lang='lat' dir='ltr'><strong>Kal.</strong></span> <span class='ocrx_word' id='word_1_137' title='bbox 2367 769 2488 824; x_wconf 81' lang='lat' dir='ltr'><strong>Oct.</strong></span> <span class='ocrx_word' id='word_1_138' title='bbox 2517 767 2726 832; x_wconf 67' lang='lat' dir='ltr'><strong>Romae,</strong></span> <span class='ocrx_word' id='word_1_139' title='bbox 2750 767 2836 821; x_wconf 85' lang='lat' dir='ltr'><strong>via</strong></span> <span class='ocrx_word' id='word_1_140' title='bbox 2865 764 3062 836; x_wconf 88' lang='lat' dir='ltr'><strong>Appia,</strong></span> <span class='ocrx_word' id='word_1_141' title='bbox 3092 767 3146 820; x_wconf 91' lang='lat' dir='ltr'><strong>in</strong></span> <span class='ocrx_word' id='word_1_142' title='bbox 3174 768 3491 823; x_wconf 74' lang='lat' dir='ltr'><strong>cmmeterio</strong></span> <span class='ocrx_word' id='word_1_143' title='bbox 3519 767 3648 825; x_wconf 75' lang='lat' dir='ltr'><strong>Cm-</strong></span> 
     </span>
    </p>
   </div>
   <div class='ocr_carea' id='block_1_22' title="bbox 2064 857 3647 930">
    <p class='ocr_par' dir='ltr' id='par_1_22' title="bbox 2064 857 3647 930">
     <span class='ocr_line' id='line_1_22' title="bbox 2064 857 3647 930; baseline 0 -14"><span class='ocrx_word' id='word_1_144' title='bbox 2064 863 2210 926; x_wconf 85' lang='lat' dir='ltr'><strong>lesti,</strong></span> <span class='ocrx_word' id='word_1_145' title='bbox 2231 860 2500 930; x_wconf 91' lang='lat' dir='ltr'><strong>depositio</strong></span> <span class='ocrx_word' id='word_1_146' title='bbox 2525 859 2583 914; x_wconf 91' lang='lat' dir='ltr'><strong>S.</strong></span> <span class='ocrx_word' id='word_1_147' title='bbox 2610 857 2834 914; x_wconf 78' lang='lat' dir='ltr'><strong>Eusebii</strong></span> <span class='ocrx_word' id='word_1_148' title='bbox 2853 857 3097 928; x_wconf 89' lang='lat' dir='ltr'><strong>episcopi</strong></span> <span class='ocrx_word' id='word_1_149' title='bbox 3117 866 3170 912; x_wconf 89' lang='lat' dir='ltr'><strong>et</strong></span> <span class='ocrx_word' id='word_1_150' title='bbox 3197 857 3554 916; x_wconf 83' lang='lat' dir='ltr'><strong>confessoris.</strong></span> <span class='ocrx_word' id='word_1_151' title='bbox 3583 862 3647 916; x_wconf 87' lang='lat' dir='ltr'><strong>Et</strong></span> 
     </span>
    </p>
   </div>
   <div class='ocr_carea' id='block_1_23' title="bbox 2064 950 3638 1020">
    <p class='ocr_par' dir='ltr' id='par_1_23' title="bbox 2064 950 3638 1020">
     <span class='ocr_line' id='line_1_23' title="bbox 2064 950 3638 1020; baseline -0.001 -11"><span class='ocrx_word' id='word_1_152' title='bbox 2064 957 2118 1010; x_wconf 89' lang='lat' dir='ltr'><strong>in</strong></span> <span class='ocrx_word' id='word_1_153' title='bbox 2151 956 2382 1020; x_wconf 81' lang='lat' dir='ltr'><strong>Albano,</strong></span> <span class='ocrx_word' id='word_1_154' title='bbox 2413 953 2614 1008; x_wconf 82' lang='lat' dir='ltr'><strong>natalis</strong></span> <span class='ocrx_word' id='word_1_155' title='bbox 2642 951 2701 1008; x_wconf 92' lang='lat' dir='ltr'><strong>S.</strong></span> <span class='ocrx_word' id='word_1_156' title='bbox 2736 950 3042 1006; x_wconf 87' lang='lat' dir='ltr'><strong>Senatoris.</strong></span> <span class='ocrx_word' id='word_1_157' title='bbox 3075 951 3318 1017; x_wconf 87' lang='lat' dir='ltr'><strong>Et-aiibi,</strong></span> <span class='ocrx_word' id='word_1_158' title='bbox 3351 954 3549 1008; x_wconf 86' lang='lat' dir='ltr'><strong>natalis</strong></span> <span class='ocrx_word' id='word_1_159' title='bbox 3583 954 3638 1008; x_wconf 78' lang='lat' dir='ltr'><strong>S.</strong></span> 
     </span>
    </p>
   </div>
   <div class='ocr_carea' id='block_1_24' title="bbox 2067 1043 3646 1118">
    <p class='ocr_par' dir='ltr' id='par_1_24' title="bbox 2067 1043 3646 1118">
     <span class='ocr_line' id='line_1_24' title="bbox 2067 1043 3646 1118; baseline -0.001 -16"><span class='ocrx_word' id='word_1_160' title='bbox 2067 1047 2331 1118; x_wconf 78' lang='lat' dir='ltr'><strong>Migigno,</strong></span> <span class='ocrx_word' id='word_1_161' title='bbox 2360 1047 2612 1115; x_wconf 82' lang='lat' dir='ltr'><strong>Naboris,</strong></span> <span class='ocrx_word' id='word_1_162' title='bbox 2641 1045 2916 1102; x_wconf 84' lang='lat' dir='ltr'><strong>Faustini.</strong></span> <span class='ocrx_word' id='word_1_163' title='bbox 2947 1045 3016 1098; x_wconf 86' lang='lat' dir='ltr'><strong>Et</strong></span> <span class='ocrx_word' id='word_1_164' title='bbox 3057 1045 3111 1098; x_wconf 89' lang='lat' dir='ltr'><strong>in</strong></span> <span class='ocrx_word' id='word_1_165' title='bbox 3135 1043 3408 1108; x_wconf 81' lang='lat' dir='ltr'><strong>Sardinia,</strong></span> <span class='ocrx_word' id='word_1_166' title='bbox 3450 1049 3646 1101; x_wconf 76' lang='lat' dir='ltr'><strong>natalis</strong></span> 
     </span>
    </p>
   </div>
   <div class='ocr_carea' id='block_1_25' title="bbox 2064 1133 3652 1208">
    <p class='ocr_par' dir='ltr' id='par_1_25' title="bbox 2064 1133 3652 1208">
     <span class='ocr_line' id='line_1_25' title="bbox 2064 1133 3652 1208; baseline -0.003 -14"><span class='ocrx_word' id='word_1_167' title='bbox 2064 1141 2238 1194; x_wconf 88' lang='lat' dir='ltr'><strong>sancti</strong></span> <span class='ocrx_word' id='word_1_168' title='bbox 2274 1139 2481 1193; x_wconf 80' lang='lat' dir='ltr'><strong>Lnxuri</strong></span> <span class='ocrx_word' id='word_1_169' title='bbox 2503 1138 2784 1208; x_wconf 82' lang='lat' dir='ltr'><strong>martyris.</strong></span> <span class='ocrx_word' id='word_1_170' title='bbox 2812 1136 3082 1198; x_wconf 83' lang='lat' dir='ltr'><strong>Arvernis,</strong></span> <span class='ocrx_word' id='word_1_171' title='bbox 3102 1133 3359 1202; x_wconf 80' lang='lat' dir='ltr'><strong>depositio</strong></span> <span class='ocrx_word' id='word_1_172' title='bbox 3377 1135 3652 1203; x_wconf 76' lang='lat' dir='ltr'><strong>Apollina-</strong></span> 
     </span>
    </p>
   </div>
   <div class='ocr_carea' id='block_1_26' title="bbox 2065 1233 2834 1303">
    <p class='ocr_par' dir='ltr' id='par_1_26' title="bbox 2065 1233 2834 1303">
     <span class='ocr_line' id='line_1_26' title="bbox 2065 1233 2834 1303; baseline 0.001 -17"><span class='ocrx_word' id='word_1_173' title='bbox 2065 1234 2138 1288; x_wconf 95' lang='lat' dir='ltr'><strong>ris</strong></span> <span class='ocrx_word' id='word_1_174' title='bbox 2157 1233 2390 1302; x_wconf 76' lang='lat' dir='ltr'><strong>episcopi</strong></span> <span class='ocrx_word' id='word_1_175' title='bbox 2419 1243 2466 1287; x_wconf 89' lang='lat' dir='ltr'><strong>et</strong></span> <span class='ocrx_word' id='word_1_176' title='bbox 2499 1234 2834 1303; x_wconf 78' lang='lat' dir='ltr'><strong>confessoris.</strong></span> 
     </span>
    </p>
   </div>
   <div class='ocr_carea' id='block_1_27' title="bbox 2139 1322 3648 1393">
    <p class='ocr_par' dir='ltr' id='par_1_27' title="bbox 2139 1322 3648 1393">
     <span class='ocr_line' id='line_1_27' title="bbox 2139 1322 3648 1393; baseline -0.001 -17"><span class='ocrx_word' id='word_1_177' title='bbox 2139 1324 2312 1378; x_wconf 90' lang='lat' dir='ltr'><strong>vKal.</strong></span> <span class='ocrx_word' id='word_1_178' title='bbox 2341 1322 2461 1378; x_wconf 87' lang='lat' dir='ltr'><strong>Oct.</strong></span> <span class='ocrx_word' id='word_1_179' title='bbox 2481 1323 2541 1378; x_wconf 89' lang='lat' dir='ltr'><strong>ln</strong></span> <span class='ocrx_word' id='word_1_180' title='bbox 2570 1323 2810 1378; x_wconf 64' lang='lat' dir='ltr'><strong>Caesaria</strong></span> <span class='ocrx_word' id='word_1_181' title='bbox 2837 1322 3221 1393; x_wconf 62' lang='lat' dir='ltr'><strong>Cappadocia,</strong></span> <span class='ocrx_word' id='word_1_182' title='bbox 3254 1323 3455 1380; x_wconf 88' lang='lat' dir='ltr'><strong>natalis</strong></span> <span class='ocrx_word' id='word_1_183' title='bbox 3472 1325 3648 1378; x_wconf 85' lang='lat' dir='ltr'><strong>sancti</strong></span> 
     </span>
    </p>
   </div>
   <div class='ocr_carea' id='block_1_28' title="bbox 2065 1413 3652 1480">
    <p class='ocr_par' dir='ltr' id='par_1_28' title="bbox 2065 1413 3652 1480">
     <span class='ocr_line' id='line_1_28' title="bbox 2065 1413 3652 1480; baseline -0.001 -9"><span class='ocrx_word' id='word_1_184' title='bbox 2065 1415 2388 1471; x_wconf 84' lang='lat' dir='ltr'><strong>Eleutherii.</strong></span> <span class='ocrx_word' id='word_1_185' title='bbox 2414 1414 2474 1471; x_wconf 88' lang='lat' dir='ltr'><strong>In</strong></span> <span class='ocrx_word' id='word_1_186' title='bbox 2503 1414 2677 1470; x_wconf 86' lang='lat' dir='ltr'><strong>Tarso</strong></span> <span class='ocrx_word' id='word_1_187' title='bbox 2695 1413 2932 1480; x_wconf 58' lang='lat' dir='ltr'><strong>Ciliciae,</strong></span> <span class='ocrx_word' id='word_1_188' title='bbox 2961 1415 3160 1470; x_wconf 88' lang='lat' dir='ltr'><strong>natalis</strong></span> <span class='ocrx_word' id='word_1_189' title='bbox 3189 1425 3503 1470; x_wconf 84' lang='lat' dir='ltr'><strong>sanctorum</strong></span> <span class='ocrx_word' id='word_1_190' title='bbox 3539 1413 3652 1469; x_wconf 84' lang='lat' dir='ltr'><strong>Ta-</strong></span> 
     </span>
    </p>
   </div>
   <div class='ocr_carea' id='block_1_29' title="bbox 2069 1507 3650 1574">
    <p class='ocr_par' dir='ltr' id='par_1_29' title="bbox 2069 1507 3650 1574">
     <span class='ocr_line' id='line_1_29' title="bbox 2069 1507 3650 1574; baseline -0.001 -11"><span class='ocrx_word' id='word_1_191' title='bbox 2069 1509 2206 1572; x_wconf 85' lang='lat' dir='ltr'><strong>raci,</strong></span> <span class='ocrx_word' id='word_1_192' title='bbox 2248 1508 2433 1572; x_wconf 80' lang='lat' dir='ltr'><strong>Probi,</strong></span> <span class='ocrx_word' id='word_1_193' title='bbox 2475 1517 2532 1562; x_wconf 86' lang='lat' dir='ltr'><strong>et</strong></span> <span class='ocrx_word' id='word_1_194' title='bbox 2555 1508 2879 1574; x_wconf 85' lang='lat' dir='ltr'><strong>Andronici,</strong></span> <span class='ocrx_word' id='word_1_195' title='bbox 2911 1507 3136 1562; x_wconf 88' lang='lat' dir='ltr'><strong>Justini.</strong></span> <span class='ocrx_word' id='word_1_196' title='bbox 3165 1508 3372 1562; x_wconf 70' lang='grc' dir='ltr'>Αιιιιυίίι</span> <span class='ocrx_word' id='word_1_197' title='bbox 3407 1510 3650 1574; x_wconf 77' lang='lat' dir='ltr'><strong>civitate,</strong></span> 
     </span>
    </p>
   </div>
   <div class='ocr_carea' id='block_1_30' title="bbox 2070 1598 3651 1672">
    <p class='ocr_par' dir='ltr' id='par_1_30' title="bbox 2070 1598 3651 1672">
     <span class='ocr_line' id='line_1_30' title="bbox 2070 1598 3651 1672; baseline -0.001 -16"><span class='ocrx_word' id='word_1_198' title='bbox 2070 1601 2270 1656; x_wconf 85' lang='lat' dir='ltr'><strong>natalis</strong></span> <span class='ocrx_word' id='word_1_199' title='bbox 2302 1610 2619 1655; x_wconf 88' lang='lat' dir='ltr'><strong>sanctorum</strong></span> <span class='ocrx_word' id='word_1_200' title='bbox 2649 1599 2836 1656; x_wconf 85' lang='lat' dir='ltr'><strong>Cosmi</strong></span> <span class='ocrx_word' id='word_1_201' title='bbox 2868 1610 2921 1652; x_wconf 90' lang='lat' dir='ltr'><strong>et</strong></span> <span class='ocrx_word' id='word_1_202' title='bbox 2955 1598 3199 1654; x_wconf 87' lang='lat' dir='ltr'><strong>Damiani</strong></span> <span class='ocrx_word' id='word_1_203' title='bbox 3233 1612 3561 1672; x_wconf 74' lang='lat' dir='ltr'><strong>martyrum.</strong></span> <span class='ocrx_word' id='word_1_204' title='bbox 3589 1600 3651 1655; x_wconf 88' lang='lat' dir='ltr'><strong>In</strong></span> 
     </span>
    </p>
   </div>
   <div class='ocr_carea' id='block_1_31' title="bbox 2068 1691 3656 1763">
    <p class='ocr_par' dir='ltr' id='par_1_31' title="bbox 2068 1691 3656 1763">
     <span class='ocr_line' id='line_1_31' title="bbox 2068 1691 3656 1763; baseline -0.002 -13"><span class='ocrx_word' id='word_1_205' title='bbox 2068 1695 2305 1763; x_wconf 85' lang='lat' dir='ltr'><strong>Epheso,</strong></span> <span class='ocrx_word' id='word_1_206' title='bbox 2347 1693 2552 1750; x_wconf 85' lang='lat' dir='ltr'><strong>natalis</strong></span> <span class='ocrx_word' id='word_1_207' title='bbox 2593 1693 2770 1749; x_wconf 84' lang='lat' dir='ltr'><strong>sancti</strong></span> <span class='ocrx_word' id='word_1_208' title='bbox 2832 1691 3130 1755; x_wconf 85' lang='lat' dir='ltr'><strong>Timothei,</strong></span> <span class='ocrx_word' id='word_1_209' title='bbox 3193 1693 3448 1760; x_wconf 79' lang='lat' dir='ltr'><strong>discipuli</strong></span> <span class='ocrx_word' id='word_1_210' title='bbox 3498 1691 3656 1747; x_wconf 83' lang='lat' dir='ltr'><strong>Pauli</strong></span> 
     </span>
    </p>
   </div>
   <div class='ocr_carea' id='block_1_32' title="bbox 2069 1773 3656 1857">
    <p class='ocr_par' dir='ltr' id='par_1_32' title="bbox 2069 1773 3656 1857">
     <span class='ocr_line' id='line_1_32' title="bbox 2069 1773 3656 1857; baseline -0.001 -15"><span class='ocrx_word' id='word_1_211' title='bbox 2069 1787 2324 1857; x_wconf 87' lang='lat' dir='ltr'><strong>apostoli.</strong></span> <span class='ocrx_word' id='word_1_212' title='bbox 2356 1785 2416 1840; x_wconf 71' lang='lat' dir='ltr'><strong>lit</strong></span> <span class='ocrx_word' id='word_1_213' title='bbox 2449 1785 2732 1842; x_wconf 89' lang='lat' dir='ltr'><strong>territorio</strong></span> <span class='ocrx_word' id='word_1_214' title='bbox 2774 1785 3156 1856; x_wconf 72' lang='lat' dir='ltr'><strong>Augustiduno</strong></span> <span class='ocrx_word' id='word_1_215' title='bbox 3193 1786 3436 1850; x_wconf 76' lang='lat' dir='ltr'><strong>civitate.</strong></span> <span class='ocrx_word' id='word_1_216' title='bbox 3476 1773 3656 1843; x_wconf 72' lang='lat' dir='ltr'><strong>Sancti</strong></span> 
     </span>
    </p>
   </div>
   <div class='ocr_carea' id='block_1_33' title="bbox 382 1863 2912 1948">
    <p class='ocr_par' dir='ltr' id='par_1_33' title="bbox 382 1863 2912 1948">
     <span class='ocr_line' id='line_1_33' title="bbox 382 1863 2912 1948; baseline -0.001 -15"><span class='ocrx_word' id='word_1_217' title='bbox 382 1891 496 1933; x_wconf 87' lang='lat' dir='ltr'><strong>tum</strong></span> <span class='ocrx_word' id='word_1_218' title='bbox 558 1875 978 1946; x_wconf 68' lang='lat' dir='ltr'><strong>quinquaginta.</strong></span> <span class='ocrx_word' id='word_1_219' title='bbox 1043 1873 1098 1929; x_wconf 89' lang='lat' dir='ltr'><strong>In</strong></span> <span class='ocrx_word' id='word_1_220' title='bbox 1160 1873 1442 1930; x_wconf 88' lang='lat' dir='ltr'><strong>territorio</strong></span> <span class='ocrx_word' id='word_1_221' title='bbox 1489 1874 1756 1938; x_wconf 88' lang='lat' dir='ltr'><strong>Biturino,</strong></span> <span class='ocrx_word' id='word_1_222' title='bbox 1841 1873 1960 1927; x_wconf 81' lang='lat' dir='ltr'><strong>vico</strong></span> <span class='ocrx_word' id='word_1_223' title='bbox 1993 1863 2036 1922; x_wconf 83' lang='grc' dir='ltr'>Β</span> <span class='ocrx_word' id='word_1_224' title='bbox 2069 1876 2391 1941; x_wconf 91' lang='lat' dir='ltr'><strong>Florentini,</strong></span> <span class='ocrx_word' id='word_1_225' title='bbox 2429 1877 2674 1948; x_wconf 83' lang='lat' dir='ltr'><strong>Sylvani,</strong></span> <span class='ocrx_word' id='word_1_226' title='bbox 2721 1877 2912 1932; x_wconf 83' lang='lat' dir='ltr'><strong>Firmi.</strong></span> 
     </span>
    </p>
   </div>
   <div class='ocr_carea' id='block_1_34' title="bbox 382 1964 1964 2034">
    <p class='ocr_par' dir='ltr' id='par_1_34' title="bbox 382 1964 1964 2034">
     <span class='ocr_line' id='line_1_34' title="bbox 382 1964 1964 2034; baseline -0.005 -8"><span class='ocrx_word' id='word_1_227' title='bbox 382 1971 666 2034; x_wconf 81' lang='lat' dir='ltr'><strong>Vellauno,</strong></span> <span class='ocrx_word' id='word_1_228' title='bbox 701 1969 902 2022; x_wconf 88' lang='lat' dir='ltr'><strong>natalis</strong></span> <span class='ocrx_word' id='word_1_229' title='bbox 936 1967 1113 2022; x_wconf 85' lang='lat' dir='ltr'><strong>sancti</strong></span> <span class='ocrx_word' id='word_1_230' title='bbox 1168 1966 1418 2022; x_wconf 86' lang='lat' dir='ltr'><strong>Mariani.</strong></span> <span class='ocrx_word' id='word_1_231' title='bbox 1443 1967 1500 2020; x_wconf 91' lang='lat' dir='ltr'><strong>ln</strong></span> <span class='ocrx_word' id='word_1_232' title='bbox 1535 1964 1794 2029; x_wconf 81' lang='lat' dir='ltr'><strong>Nuceria,</strong></span> <span class='ocrx_word' id='word_1_233' title='bbox 1827 1966 1964 2018; x_wconf 83' lang='lat' dir='ltr'><strong>lier-</strong></span> 
     </span>
    </p>
   </div>
   <div class='ocr_carea' id='block_1_35' title="bbox 381 2057 1960 2130">
    <p class='ocr_par' dir='ltr' id='par_1_35' title="bbox 381 2057 1960 2130">
     <span class='ocr_line' id='line_1_35' title="bbox 381 2057 1960 2130; baseline -0.005 -12"><span class='ocrx_word' id='word_1_234' title='bbox 381 2064 513 2128; x_wconf 89' lang='lat' dir='ltr'><strong>mei,</strong></span> <span class='ocrx_word' id='word_1_235' title='bbox 548 2061 700 2117; x_wconf 87' lang='lat' dir='ltr'><strong>Beati</strong></span> <span class='ocrx_word' id='word_1_236' title='bbox 731 2061 1000 2130; x_wconf 84' lang='lat' dir='ltr'><strong>episcopi,</strong></span> <span class='ocrx_word' id='word_1_237' title='bbox 1031 2058 1257 2122; x_wconf 86' lang='lat' dir='ltr'><strong>Felicis,</strong></span> <span class='ocrx_word' id='word_1_238' title='bbox 1310 2057 1664 2122; x_wconf 72' lang='lat' dir='ltr'><strong>Constantize,</strong></span> <span class='ocrx_word' id='word_1_239' title='bbox 1733 2057 1960 2123; x_wconf 80' lang='lat' dir='ltr'><strong>Privati,</strong></span> 
     </span>
    </p>
   </div>
   <div class='ocr_carea' id='block_1_36' title="bbox 359 2149 1964 2226">
    <p class='ocr_par' dir='ltr' id='par_1_36' title="bbox 359 2149 1964 2226">
     <span class='ocr_line' id='line_1_36' title="bbox 359 2149 1964 2226; baseline -0.006 -14"><span class='ocrx_word' id='word_1_240' title='bbox 359 2155 720 2226; x_wconf 41' lang='lat' dir='ltr'><strong>oEupbcmim,</strong></span> <span class='ocrx_word' id='word_1_241' title='bbox 775 2153 1028 2224; x_wconf 76' lang='lat' dir='ltr'><strong>Sygome.</strong></span> <span class='ocrx_word' id='word_1_242' title='bbox 1077 2150 1145 2204; x_wconf 79' lang='lat' dir='ltr'><strong>In</strong></span> <span class='ocrx_word' id='word_1_243' title='bbox 1176 2151 1444 2210; x_wconf 77' lang='lat' dir='ltr'><strong>territorio</strong></span> <span class='ocrx_word' id='word_1_244' title='bbox 1480 2149 1732 2221; x_wconf 81' lang='lat' dir='ltr'><strong>Lingonis</strong></span> <span class='ocrx_word' id='word_1_245' title='bbox 1776 2150 1964 2206; x_wconf 75' lang='lat' dir='ltr'><strong>civita-</strong></span> 
     </span>
    </p>
   </div>
   <div class='ocr_carea' id='block_1_37' title="bbox 380 2241 1964 2316">
    <p class='ocr_par' dir='ltr' id='par_1_37' title="bbox 380 2241 1964 2316">
     <span class='ocr_line' id='line_1_37' title="bbox 380 2241 1964 2316; baseline -0.005 -14"><span class='ocrx_word' id='word_1_246' title='bbox 380 2259 446 2316; x_wconf 86' lang='lat' dir='ltr'><strong>te,</strong></span> <span class='ocrx_word' id='word_1_247' title='bbox 483 2249 537 2301; x_wconf 88' lang='lat' dir='ltr'><strong>in</strong></span> <span class='ocrx_word' id='word_1_248' title='bbox 565 2246 884 2300; x_wconf 83' lang='lat' dir='ltr'><strong>monasterio</strong></span> <span class='ocrx_word' id='word_1_249' title='bbox 914 2241 1180 2313; x_wconf 80' lang='lat' dir='ltr'><strong>Segestro,</strong></span> <span class='ocrx_word' id='word_1_250' title='bbox 1210 2243 1268 2297; x_wconf 77' lang='lat' dir='ltr'><strong>S.</strong></span> <span class='ocrx_word' id='word_1_251' title='bbox 1301 2241 1556 2312; x_wconf 36' lang='lat' dir='ltr'><strong>Sigonis.‘</strong></span> <span class='ocrx_word' id='word_1_252' title='bbox 1590 2243 1878 2312; x_wconf 73' lang='lat' dir='ltr'><strong>presbyteri</strong></span> <span class='ocrx_word' id='word_1_253' title='bbox 1911 2251 1964 2296; x_wconf 83' lang='lat' dir='ltr'><strong>et</strong></span> 
     </span>
    </p>
   </div>
   <div class='ocr_carea' id='block_1_38' title="bbox 382 2339 721 2412">
    <p class='ocr_par' dir='ltr' id='par_1_38' title="bbox 382 2339 721 2412">
     <span class='ocr_line' id='line_1_38' title="bbox 382 2339 721 2412; baseline -0.006 -16"><span class='ocrx_word' id='word_1_254' title='bbox 382 2339 721 2412; x_wconf 75' lang='lat' dir='ltr'><strong>conlessoris.</strong></span> 
     </span>
    </p>
   </div>
   <div class='ocr_carea' id='block_1_39' title="bbox 451 2426 1960 2500">
    <p class='ocr_par' dir='ltr' id='par_1_39' title="bbox 451 2426 1960 2500">
     <span class='ocr_line' id='line_1_39' title="bbox 451 2426 1960 2500; baseline -0.003 -14"><span class='ocrx_word' id='word_1_255' title='bbox 451 2448 530 2486; x_wconf 82' lang='lat' dir='ltr'><strong>xu</strong></span> <span class='ocrx_word' id='word_1_256' title='bbox 561 2429 688 2484; x_wconf 77' lang='lat' dir='ltr'><strong>Kal.</strong></span> <span class='ocrx_word' id='word_1_257' title='bbox 733 2429 857 2484; x_wconf 86' lang='lat' dir='ltr'><strong>Oct.</strong></span> <span class='ocrx_word' id='word_1_258' title='bbox 906 2426 1458 2500; x_wconf 20' lang='lat' dir='ltr'><strong>SynnadavPhrygiaa,</strong></span> <span class='ocrx_word' id='word_1_259' title='bbox 1490 2428 1691 2482; x_wconf 84' lang='lat' dir='ltr'><strong>natalis</strong></span> <span class='ocrx_word' id='word_1_260' title='bbox 1735 2437 1960 2483; x_wconf 89' lang='lat' dir='ltr'><strong>sancto-</strong></span> 
     </span>
    </p>
   </div>
   <div class='ocr_carea' id='block_1_40' title="bbox 383 2519 1966 2586">
    <p class='ocr_par' dir='ltr' id='par_1_40' title="bbox 383 2519 1966 2586">
     <span class='ocr_line' id='line_1_40' title="bbox 383 2519 1966 2586; baseline -0.003 -6"><span class='ocrx_word' id='word_1_261' title='bbox 383 2542 506 2580; x_wconf 89' lang='lat' dir='ltr'><strong>rum</strong></span> <span class='ocrx_word' id='word_1_262' title='bbox 564 2521 905 2585; x_wconf 83' lang='lat' dir='ltr'><strong>Dormidoni,</strong></span> <span class='ocrx_word' id='word_1_263' title='bbox 937 2520 1217 2584; x_wconf 86' lang='lat' dir='ltr'><strong>Dorotbei,</strong></span> <span class='ocrx_word' id='word_1_264' title='bbox 1283 2519 1513 2584; x_wconf 80' lang='lat' dir='ltr'><strong>Privati,</strong></span> <span class='ocrx_word' id='word_1_265' title='bbox 1564 2520 1783 2586; x_wconf 80' lang='lat' dir='ltr'><strong>Felicis,</strong></span> <span class='ocrx_word' id='word_1_266' title='bbox 1813 2521 1966 2576; x_wconf 80' lang='lat' dir='ltr'><strong>.Con-</strong></span> 
     </span>
    </p>
   </div>
   <div class='ocr_carea' id='block_1_41' title="bbox 385 2609 1966 2686">
    <p class='ocr_par' dir='ltr' id='par_1_41' title="bbox 385 2609 1966 2686">
     <span class='ocr_line' id='line_1_41' title="bbox 385 2609 1966 2686; baseline -0.004 -12"><span class='ocrx_word' id='word_1_267' title='bbox 385 2617 618 2686; x_wconf 69' lang='lat' dir='ltr'><strong>stantiaa.</strong></span> <span class='ocrx_word' id='word_1_268' title='bbox 657 2615 790 2669; x_wconf 83' lang='lat' dir='ltr'><strong>item</strong></span> <span class='ocrx_word' id='word_1_269' title='bbox 824 2612 1051 2668; x_wconf 85' lang='lat' dir='ltr'><strong>Felicis.</strong></span> <span class='ocrx_word' id='word_1_270' title='bbox 1097 2611 1150 2666; x_wconf 90' lang='lat' dir='ltr'><strong>ln</strong></span> <span class='ocrx_word' id='word_1_271' title='bbox 1183 2609 1439 2677; x_wconf 85' lang='lat' dir='ltr'><strong>Nuceria,</strong></span> <span class='ocrx_word' id='word_1_272' title='bbox 1506 2614 1703 2668; x_wconf 86' lang='lat' dir='ltr'><strong>natalis</strong></span> <span class='ocrx_word' id='word_1_273' title='bbox 1750 2624 1966 2670; x_wconf 84' lang='lat' dir='ltr'><strong>sancto-</strong></span> 
     </span>
    </p>
   </div>
   <div class='ocr_carea' id='block_1_42' title="bbox 386 2704 1965 2775">
    <p class='ocr_par' dir='ltr' id='par_1_42' title="bbox 386 2704 1965 2775">
     <span class='ocr_line' id='line_1_42' title="bbox 386 2704 1965 2775; baseline -0.001 -11"><span class='ocrx_word' id='word_1_274' title='bbox 386 2725 505 2765; x_wconf 88' lang='lat' dir='ltr'><strong>rum</strong></span> <span class='ocrx_word' id='word_1_275' title='bbox 547 2706 766 2770; x_wconf 78' lang='lat' dir='ltr'><strong>Felicis,</strong></span> <span class='ocrx_word' id='word_1_276' title='bbox 794 2715 850 2761; x_wconf 88' lang='lat' dir='ltr'><strong>et</strong></span> <span class='ocrx_word' id='word_1_277' title='bbox 872 2704 1232 2774; x_wconf 63' lang='lat' dir='ltr'><strong>Constantia,</strong></span> <span class='ocrx_word' id='word_1_278' title='bbox 1269 2705 1358 2775; x_wconf 87' lang='lat' dir='ltr'><strong>qui</strong></span> <span class='ocrx_word' id='word_1_279' title='bbox 1399 2706 1543 2775; x_wconf 82' lang='lat' dir='ltr'><strong>passi</strong></span> <span class='ocrx_word' id='word_1_280' title='bbox 1578 2716 1710 2761; x_wconf 79' lang='lat' dir='ltr'><strong>sum</strong></span> <span class='ocrx_word' id='word_1_281' title='bbox 1729 2709 1830 2764; x_wconf 87' lang='lat' dir='ltr'><strong>sub</strong></span> <span class='ocrx_word' id='word_1_282' title='bbox 1858 2706 1965 2763; x_wconf 83' lang='lat' dir='ltr'><strong>Ne-</strong></span> 
     </span>
    </p>
   </div>
   <div class='ocr_carea' id='block_1_43' title="bbox 385 2817 540 2858">
    <p class='ocr_par' dir='ltr' id='par_1_43' title="bbox 385 2817 540 2858">
     <span class='ocr_line' id='line_1_43' title="bbox 385 2817 540 2858; baseline -0.006 0"><span class='ocrx_word' id='word_1_283' title='bbox 385 2817 540 2858; x_wconf 69' lang='grc' dir='ltr'>τοιιει.</span> 
     </span>
    </p>
   </div>
   <div class='ocr_carea' id='block_1_44' title="bbox 461 2889 1966 2958">
    <p class='ocr_par' dir='ltr' id='par_1_44' title="bbox 461 2889 1966 2958">
     <span class='ocr_line' id='line_1_44' title="bbox 461 2889 1966 2958; baseline -0.001 -10"><span class='ocrx_word' id='word_1_284' title='bbox 461 2908 517 2948; x_wconf 80' lang='lat' dir='ltr'><strong>xl</strong></span> <span class='ocrx_word' id='word_1_285' title='bbox 568 2891 697 2946; x_wconf 82' lang='lat' dir='ltr'><strong>Kal.</strong></span> <span class='ocrx_word' id='word_1_286' title='bbox 726 2892 847 2947; x_wconf 85' lang='lat' dir='ltr'><strong>Oct.</strong></span> <span class='ocrx_word' id='word_1_287' title='bbox 891 2891 948 2943; x_wconf 83' lang='lat' dir='ltr'><strong>In</strong></span> <span class='ocrx_word' id='word_1_288' title='bbox 983 2890 1233 2955; x_wconf 86' lang='lat' dir='ltr'><strong>Persida,</strong></span> <span class='ocrx_word' id='word_1_289' title='bbox 1280 2890 1502 2944; x_wconf 83' lang='lat' dir='ltr'><strong>civitate</strong></span> <span class='ocrx_word' id='word_1_290' title='bbox 1530 2889 1808 2958; x_wconf 82' lang='lat' dir='ltr'><strong>Tarrium,</strong></span> <span class='ocrx_word' id='word_1_291' title='bbox 1869 2907 1966 2946; x_wconf 85' lang='lat' dir='ltr'><strong>na-</strong></span> 
     </span>
    </p>
   </div>
   <div class='ocr_carea' id='block_1_45' title="bbox 387 2981 1964 3052">
    <p class='ocr_par' dir='ltr' id='par_1_45' title="bbox 387 2981 1964 3052">
     <span class='ocr_line' id='line_1_45' title="bbox 387 2981 1964 3052; baseline -0.003 -10"><span class='ocrx_word' id='word_1_292' title='bbox 387 2986 512 3042; x_wconf 85' lang='lat' dir='ltr'><strong>talis</strong></span> <span class='ocrx_word' id='word_1_293' title='bbox 540 2985 716 3042; x_wconf 88' lang='lat' dir='ltr'><strong>sancti</strong></span> <span class='ocrx_word' id='word_1_294' title='bbox 748 2983 971 3038; x_wconf 80' lang='lat' dir='ltr'><strong>Mattbei</strong></span> <span class='ocrx_word' id='word_1_295' title='bbox 1026 2981 1399 3052; x_wconf 79' lang='lat' dir='ltr'><strong>evangelistae.</strong></span> <span class='ocrx_word' id='word_1_296' title='bbox 1429 2983 1664 3038; x_wconf 61' lang='lat' dir='ltr'><strong>Piralice</strong></span> <span class='ocrx_word' id='word_1_297' title='bbox 1722 2983 1964 3051; x_wconf 86' lang='lat' dir='ltr'><strong>civitate,</strong></span> 
     </span>
    </p>
   </div>
   <div class='ocr_carea' id='block_1_46' title="bbox 386 3067 1968 3144">
    <p class='ocr_par' dir='ltr' id='par_1_46' title="bbox 386 3067 1968 3144">
     <span class='ocr_line' id='line_1_46' title="bbox 386 3067 1968 3144; baseline -0.001 -12"><span class='ocrx_word' id='word_1_298' title='bbox 386 3078 586 3138; x_wconf 85' lang='lat' dir='ltr'><strong>natalis</strong></span> <span class='ocrx_word' id='word_1_299' title='bbox 607 3077 784 3131; x_wconf 84' lang='lat' dir='ltr'><strong>sancti</strong></span> <span class='ocrx_word' id='word_1_300' title='bbox 815 3074 1168 3144; x_wconf 59' lang='lat' dir='ltr'><strong>evangelista:</strong></span> <span class='ocrx_word' id='word_1_301' title='bbox 1201 3067 1383 3129; x_wconf 74' lang='lat' dir='ltr'><strong>Lucae.</strong></span> <span class='ocrx_word' id='word_1_302' title='bbox 1413 3073 1741 3139; x_wconf 76' lang='lat' dir='ltr'><strong>Mediolano,</strong></span> <span class='ocrx_word' id='word_1_303' title='bbox 1771 3076 1968 3131; x_wconf 87' lang='lat' dir='ltr'><strong>natalis</strong></span> 
     </span>
    </p>
   </div>
   <div class='ocr_carea' id='block_1_47' title="bbox 385 3166 1968 3228">
    <p class='ocr_par' dir='ltr' id='par_1_47' title="bbox 385 3166 1968 3228">
     <span class='ocr_line' id='line_1_47' title="bbox 385 3166 1968 3228; baseline -0.006 0"><span class='ocrx_word' id='word_1_304' title='bbox 385 3173 564 3228; x_wconf 86' lang='lat' dir='ltr'><strong>saneti</strong></span> <span class='ocrx_word' id='word_1_305' title='bbox 590 3171 848 3227; x_wconf 83' lang='lat' dir='ltr'><strong>Victoris.</strong></span> <span class='ocrx_word' id='word_1_306' title='bbox 879 3168 1106 3224; x_wconf 82' lang='lat' dir='ltr'><strong>Corbeiu</strong></span> <span class='ocrx_word' id='word_1_307' title='bbox 1133 3169 1482 3228; x_wconf 84' lang='lat' dir='ltr'><strong>monasterio.</strong></span> <span class='ocrx_word' id='word_1_308' title='bbox 1509 3166 1780 3220; x_wconf 77' lang='lat' dir='ltr'><strong>dedicatio</strong></span> <span class='ocrx_word' id='word_1_309' title='bbox 1827 3168 1968 3222; x_wconf 78' lang='lat' dir='ltr'><strong>basi-</strong></span> 
     </span>
    </p>
   </div>
   <div class='ocr_carea' id='block_1_48' title="bbox 386 3259 1792 3327">
    <p class='ocr_par' dir='ltr' id='par_1_48' title="bbox 386 3259 1792 3327">
     <span class='ocr_line' id='line_1_48' title="bbox 386 3259 1792 3327; baseline -0.004 -7"><span class='ocrx_word' id='word_1_310' title='bbox 386 3268 503 3320; x_wconf 80' lang='lat' dir='ltr'><strong>lica:</strong></span> <span class='ocrx_word' id='word_1_311' title='bbox 538 3265 730 3318; x_wconf 86' lang='lat' dir='ltr'><strong>Domni</strong></span> <span class='ocrx_word' id='word_1_312' title='bbox 770 3262 950 3316; x_wconf 83' lang='lat' dir='ltr'><strong>Albini</strong></span> <span class='ocrx_word' id='word_1_313' title='bbox 982 3270 1030 3314; x_wconf 89' lang='lat' dir='ltr'><strong>et</strong></span> <span class='ocrx_word' id='word_1_314' title='bbox 1058 3259 1358 3316; x_wconf 70' lang='lat' dir='ltr'><strong>Marcellini</strong></span> <span class='ocrx_word' id='word_1_315' title='bbox 1405 3275 1792 3327; x_wconf 77' lang='lat' dir='ltr'><strong>eptrcoporum.</strong></span> 
     </span>
    </p>
   </div>
   <div class='ocr_carea' id='block_1_49' title="bbox 457 3336 1968 3418">
    <p class='ocr_par' dir='ltr' id='par_1_49' title="bbox 457 3336 1968 3418">
     <span class='ocr_line' id='line_1_49' title="bbox 457 3336 1968 3418; baseline -0.003 -8"><span class='ocrx_word' id='word_1_316' title='bbox 457 3373 490 3410; x_wconf 72' lang='grc' dir='ltr'>χ</span> <span class='ocrx_word' id='word_1_317' title='bbox 521 3354 650 3410; x_wconf 85' lang='lat' dir='ltr'><strong>Kal.</strong></span> <span class='ocrx_word' id='word_1_318' title='bbox 686 3336 808 3410; x_wconf 84' lang='lat' dir='ltr'><strong>Oet.</strong></span> <span class='ocrx_word' id='word_1_319' title='bbox 845 3352 1052 3418; x_wconf 67' lang='lat' dir='ltr'><strong>Bonna,</strong></span> <span class='ocrx_word' id='word_1_320' title='bbox 1081 3352 1168 3406; x_wconf 84' lang='lat' dir='ltr'><strong>via</strong></span> <span class='ocrx_word' id='word_1_321' title='bbox 1203 3349 1416 3405; x_wconf 88' lang='lat' dir='ltr'><strong>Salaria</strong></span> <span class='ocrx_word' id='word_1_322' title='bbox 1450 3361 1655 3414; x_wconf 87' lang='lat' dir='ltr'><strong>vetere,</strong></span> <span class='ocrx_word' id='word_1_323' title='bbox 1683 3351 1736 3406; x_wconf 90' lang='lat' dir='ltr'><strong>in</strong></span> <span class='ocrx_word' id='word_1_324' title='bbox 1769 3365 1968 3406; x_wconf 70' lang='lat' dir='ltr'><strong>cmme-</strong></span> 
     </span>
    </p>
   </div>
   <div class='ocr_carea' id='block_1_50' title="bbox 387 3441 1966 3517">
    <p class='ocr_par' dir='ltr' id='par_1_50' title="bbox 387 3441 1966 3517">
     <span class='ocr_line' id='line_1_50' title="bbox 387 3441 1966 3517; baseline -0.005 -13"><span class='ocrx_word' id='word_1_325' title='bbox 387 3449 530 3505; x_wconf 88' lang='lat' dir='ltr'><strong>terio</strong></span> <span class='ocrx_word' id='word_1_326' title='bbox 559 3446 828 3517; x_wconf 86' lang='lat' dir='ltr'><strong>ejusdem,</strong></span> <span class='ocrx_word' id='word_1_327' title='bbox 858 3443 1057 3498; x_wconf 83' lang='lat' dir='ltr'><strong>natalis</strong></span> <span class='ocrx_word' id='word_1_328' title='bbox 1105 3455 1309 3498; x_wconf 68' lang='lat' dir='ltr'><strong>sanctae</strong></span> <span class='ocrx_word' id='word_1_329' title='bbox 1349 3441 1583 3496; x_wconf 68' lang='lat' dir='ltr'><strong>Basillae.</strong></span> <span class='ocrx_word' id='word_1_330' title='bbox 1619 3441 1848 3497; x_wconf 81' lang='lat' dir='ltr'><strong>Sidonis</strong></span> <span class='ocrx_word' id='word_1_331' title='bbox 1883 3443 1966 3497; x_wconf 69' lang='lat' dir='ltr'><strong>cio</strong></span> 
     </span>
    </p>
   </div>
   <div class='ocr_carea' id='block_1_51' title="bbox 391 3534 1968 3604">
    <p class='ocr_par' dir='ltr' id='par_1_51' title="bbox 391 3534 1968 3604">
     <span class='ocr_line' id='line_1_51' title="bbox 391 3534 1968 3604; baseline -0.003 -12"><span class='ocrx_word' id='word_1_332' title='bbox 391 3541 580 3604; x_wconf 88' lang='lat' dir='ltr'><strong>vitate,</strong></span> <span class='ocrx_word' id='word_1_333' title='bbox 614 3538 667 3590; x_wconf 90' lang='lat' dir='ltr'><strong>in</strong></span> <span class='ocrx_word' id='word_1_334' title='bbox 699 3536 825 3591; x_wconf 87' lang='lat' dir='ltr'><strong>loco</strong></span> <span class='ocrx_word' id='word_1_335' title='bbox 857 3535 946 3604; x_wconf 90' lang='lat' dir='ltr'><strong>qui</strong></span> <span class='ocrx_word' id='word_1_336' title='bbox 973 3534 1175 3589; x_wconf 86' lang='lat' dir='ltr'><strong>dicitur</strong></span> <span class='ocrx_word' id='word_1_337' title='bbox 1211 3535 1500 3600; x_wconf 71' lang='lat' dir='ltr'><strong>Agaunus,</strong></span> <span class='ocrx_word' id='word_1_338' title='bbox 1533 3534 1729 3588; x_wconf 84' lang='lat' dir='ltr'><strong>natalis</strong></span> <span class='ocrx_word' id='word_1_339' title='bbox 1747 3543 1968 3589; x_wconf 81' lang='lat' dir='ltr'><strong>sancto-</strong></span> 
     </span>
    </p>
   </div>
   <div class='ocr_carea' id='block_1_52' title="bbox 390 3622 1973 3696">
    <p class='ocr_par' dir='ltr' id='par_1_52' title="bbox 390 3622 1973 3696">
     <span class='ocr_line' id='line_1_52' title="bbox 390 3622 1973 3696; baseline -0.003 -12"><span class='ocrx_word' id='word_1_340' title='bbox 390 3646 508 3685; x_wconf 86' lang='lat' dir='ltr'><strong>rum</strong></span> <span class='ocrx_word' id='word_1_341' title='bbox 538 3626 808 3692; x_wconf 82' lang='lat' dir='ltr'><strong>Mauricii,</strong></span> <span class='ocrx_word' id='word_1_342' title='bbox 855 3624 1142 3696; x_wconf 79' lang='lat' dir='ltr'><strong>Exuperii,</strong></span> <span class='ocrx_word' id='word_1_343' title='bbox 1201 3623 1456 3689; x_wconf 86' lang='lat' dir='ltr'><strong>Candidi,</strong></span> <span class='ocrx_word' id='word_1_344' title='bbox 1495 3622 1756 3690; x_wconf 86' lang='lat' dir='ltr'><strong>Victoris,</strong></span> <span class='ocrx_word' id='word_1_345' title='bbox 1813 3624 1973 3680; x_wconf 88' lang='lat' dir='ltr'><strong>lnuo—</strong></span> 
     </span>
    </p>
   </div>
   <div class='ocr_carea' id='block_1_53' title="bbox 387 3717 1967 3788">
    <p class='ocr_par' dir='ltr' id='par_1_53' title="bbox 387 3717 1967 3788">
     <span class='ocr_line' id='line_1_53' title="bbox 387 3717 1967 3788; baseline -0.005 -8"><span class='ocrx_word' id='word_1_346' title='bbox 387 3723 577 3785; x_wconf 87' lang='lat' dir='ltr'><strong>centii,</strong></span> <span class='ocrx_word' id='word_1_347' title='bbox 639 3719 830 3778; x_wconf 79' lang='lat' dir='ltr'><strong>Vitatis</strong></span> <span class='ocrx_word' id='word_1_348' title='bbox 858 3735 982 3775; x_wconf 88' lang='lat' dir='ltr'><strong>cum</strong></span> <span class='ocrx_word' id='word_1_349' title='bbox 1031 3718 1198 3774; x_wconf 87' lang='lat' dir='ltr'><strong>sociis</strong></span> <span class='ocrx_word' id='word_1_350' title='bbox 1224 3732 1315 3774; x_wconf 82' lang='lat' dir='ltr'><strong>sex</strong></span> <span class='ocrx_word' id='word_1_351' title='bbox 1361 3717 1599 3772; x_wconf 82' lang='lat' dir='ltr'><strong>millibus</strong></span> <span class='ocrx_word' id='word_1_352' title='bbox 1652 3717 1967 3788; x_wconf 80' lang='lat' dir='ltr'><strong>quingentis</strong></span> 
     </span>
    </p>
   </div>
   <div class='ocr_carea' id='block_1_54' title="bbox 387 3807 1972 3884">
    <p class='ocr_par' dir='ltr' id='par_1_54' title="bbox 387 3807 1972 3884">
     <span class='ocr_line' id='line_1_54' title="bbox 387 3807 1972 3884; baseline -0.007 -14"><span class='ocrx_word' id='word_1_353' title='bbox 387 3813 670 3884; x_wconf 72' lang='lat' dir='ltr'><strong>octoginta</strong></span> <span class='ocrx_word' id='word_1_354' title='bbox 725 3811 990 3882; x_wconf 74' lang='lat' dir='ltr'><strong>quinque.</strong></span> <span class='ocrx_word' id='word_1_355' title='bbox 1028 3846 1044 3862; x_wconf 95' lang='lat'><strong>.</strong></span> <span class='ocrx_word' id='word_1_356' title='bbox 1081 3847 1096 3862; x_wconf 93' lang='lat'><strong>.</strong></span> <span class='ocrx_word' id='word_1_357' title='bbox 1133 3846 1149 3864; x_wconf 91' lang='lat'><strong>.</strong></span> <span class='ocrx_word' id='word_1_358' title='bbox 1187 3807 1551 3874; x_wconf 82' lang='lat' dir='ltr'><strong>Autisiodero,</strong></span> <span class='ocrx_word' id='word_1_359' title='bbox 1612 3807 1868 3860; x_wconf 76' lang='lat' dir='ltr'><strong>adventus</strong></span> <span class='ocrx_word' id='word_1_360' title='bbox 1910 3817 1972 3861; x_wconf 79' lang='lat' dir='ltr'><strong>et</strong></span> 
     </span>
    </p>
   </div>
   <div class='ocr_carea' id='block_1_55' title="bbox 388 3899 1972 3980">
    <p class='ocr_par' dir='ltr' id='par_1_55' title="bbox 388 3899 1972 3980">
     <span class='ocr_line' id='line_1_55' title="bbox 388 3899 1972 3980; baseline -0.006 -19"><span class='ocrx_word' id='word_1_361' title='bbox 388 3908 622 3976; x_wconf 68' lang='lat' dir='ltr'><strong>exceptio</strong></span> <span class='ocrx_word' id='word_1_362' title='bbox 642 3904 883 3974; x_wconf 81' lang='lat' dir='ltr'><strong>corporis</strong></span> <span class='ocrx_word' id='word_1_363' title='bbox 916 3901 1088 3958; x_wconf 82' lang='lat' dir='ltr'><strong>sancti</strong></span> <span class='ocrx_word' id='word_1_364' title='bbox 1111 3899 1367 3957; x_wconf 80' lang='lat' dir='ltr'><strong>Germani</strong></span> <span class='ocrx_word' id='word_1_365' title='bbox 1395 3899 1628 3969; x_wconf 80' lang='lat' dir='ltr'><strong>episcopi</strong></span> <span class='ocrx_word' id='word_1_366' title='bbox 1683 3909 1730 3980; x_wconf 67' lang='lat' dir='ltr'><strong>et</strong></span> <span class='ocrx_word' id='word_1_367' title='bbox 1768 3899 1972 3969; x_wconf 73' lang='lat' dir='ltr'><strong>confes-</strong></span> 
     </span>
    </p>
   </div>
   <div class='ocr_carea' id='block_1_56' title="bbox 387 3995 847 4056">
    <p class='ocr_par' dir='ltr' id='par_1_56' title="bbox 387 3995 847 4056">
     <span class='ocr_line' id='line_1_56' title="bbox 387 3995 847 4056; baseline -0.011 -1"><span class='ocrx_word' id='word_1_368' title='bbox 387 4001 524 4056; x_wconf 81' lang='lat' dir='ltr'><strong>soris</strong></span> <span class='ocrx_word' id='word_1_369' title='bbox 554 3998 617 4051; x_wconf 86' lang='lat' dir='ltr'><strong>ab</strong></span> <span class='ocrx_word' id='word_1_370' title='bbox 660 3995 847 4050; x_wconf 82' lang='lat' dir='ltr'><strong>Italia.</strong></span> 
     </span>
    </p>
   </div>
   <div class='ocr_carea' id='block_1_57' title="bbox 461 4085 1968 4152">
    <p class='ocr_par' dir='ltr' id='par_1_57' title="bbox 461 4085 1968 4152">
     <span class='ocr_line' id='line_1_57' title="bbox 461 4085 1968 4152; baseline -0.006 -3"><span class='ocrx_word' id='word_1_371' title='bbox 461 4109 515 4150; x_wconf 79' lang='lat' dir='ltr'><strong>Ix</strong></span> <span class='ocrx_word' id='word_1_372' title='bbox 543 4089 670 4144; x_wconf 88' lang='lat' dir='ltr'><strong>Kal.</strong></span> <span class='ocrx_word' id='word_1_373' title='bbox 708 4088 826 4143; x_wconf 86' lang='lat' dir='ltr'><strong>Oct.</strong></span> <span class='ocrx_word' id='word_1_374' title='bbox 871 4089 929 4142; x_wconf 89' lang='lat' dir='ltr'><strong>lu</strong></span> <span class='ocrx_word' id='word_1_375' title='bbox 961 4086 1235 4152; x_wconf 80' lang='lat' dir='ltr'><strong>Seleucia,</strong></span> <span class='ocrx_word' id='word_1_376' title='bbox 1265 4087 1462 4144; x_wconf 84' lang='lat' dir='ltr'><strong>natalis</strong></span> <span class='ocrx_word' id='word_1_377' title='bbox 1519 4096 1728 4143; x_wconf 65' lang='lat' dir='ltr'><strong>sanctae</strong></span> <span class='ocrx_word' id='word_1_378' title='bbox 1790 4085 1968 4141; x_wconf 61' lang='lat' dir='ltr'><strong>Tecla:</strong></span> 
     </span>
    </p>
   </div>
   <div class='ocr_carea' id='block_1_58' title="bbox 390 4178 1973 4257">
    <p class='ocr_par' dir='ltr' id='par_1_58' title="bbox 390 4178 1973 4257">
     <span class='ocr_line' id='line_1_58' title="bbox 390 4178 1973 4257; baseline -0.005 -16"><span class='ocrx_word' id='word_1_379' title='bbox 390 4186 672 4257; x_wconf 83' lang='lat' dir='ltr'><strong>martyris.</strong></span> <span class='ocrx_word' id='word_1_380' title='bbox 722 4181 788 4234; x_wconf 87' lang='lat' dir='ltr'><strong>Et</strong></span> <span class='ocrx_word' id='word_1_381' title='bbox 831 4181 885 4234; x_wconf 91' lang='lat' dir='ltr'><strong>in</strong></span> <span class='ocrx_word' id='word_1_382' title='bbox 948 4179 1303 4243; x_wconf 79' lang='lat' dir='ltr'><strong>Alexandria,</strong></span> <span class='ocrx_word' id='word_1_383' title='bbox 1337 4178 1536 4234; x_wconf 89' lang='lat' dir='ltr'><strong>natalis</strong></span> <span class='ocrx_word' id='word_1_384' title='bbox 1583 4179 1761 4234; x_wconf 86' lang='lat' dir='ltr'><strong>sancti</strong></span> <span class='ocrx_word' id='word_1_385' title='bbox 1800 4179 1973 4236; x_wconf 81' lang='lat' dir='ltr'><strong>Marci</strong></span> 
     </span>
    </p>
   </div>
   <div class='ocr_carea' id='block_1_59' title="bbox 390 4265 1974 4344">
    <p class='ocr_par' dir='ltr' id='par_1_59' title="bbox 390 4265 1974 4344">
     <span class='ocr_line' id='line_1_59' title="bbox 390 4265 1974 4344; baseline -0.006 -13"><span class='ocrx_word' id='word_1_386' title='bbox 390 4274 762 4344; x_wconf 58' lang='lat' dir='ltr'><strong>evangelista.</strong></span> <span class='ocrx_word' id='word_1_387' title='bbox 806 4269 1022 4335; x_wconf 63' lang='lat' dir='ltr'><strong>Romae,</strong></span> <span class='ocrx_word' id='word_1_388' title='bbox 1074 4268 1344 4339; x_wconf 88' lang='lat' dir='ltr'><strong>depositio</strong></span> <span class='ocrx_word' id='word_1_389' title='bbox 1391 4268 1567 4323; x_wconf 88' lang='lat' dir='ltr'><strong>sancti</strong></span> <span class='ocrx_word' id='word_1_390' title='bbox 1624 4265 1828 4322; x_wconf 89' lang='lat' dir='ltr'><strong>Liberii</strong></span> <span class='ocrx_word' id='word_1_391' title='bbox 1861 4267 1974 4336; x_wconf 88' lang='lat' dir='ltr'><strong>epi-</strong></span> 
     </span>
    </p>
   </div>
   <div class='ocr_carea' id='block_1_60' title="bbox 391 4368 1214 4439">
    <p class='ocr_par' dir='ltr' id='par_1_60' title="bbox 391 4368 1214 4439">
     <span class='ocr_line' id='line_1_60' title="bbox 391 4368 1214 4439; baseline 0 -15"><span class='ocrx_word' id='word_1_392' title='bbox 391 4368 566 4439; x_wconf 84' lang='lat' dir='ltr'><strong>scopi.</strong></span> <span class='ocrx_word' id='word_1_393' title='bbox 1209 4419 1214 4424; x_wconf 83' lang='lat'><strong>.</strong></span> 
     </span>
    </p>
   </div>
   <div class='ocr_carea' id='block_1_61' title="bbox 465 4451 1973 4523">
    <p class='ocr_par' dir='ltr' id='par_1_61' title="bbox 465 4451 1973 4523">
     <span class='ocr_line' id='line_1_61' title="bbox 465 4451 1973 4523; baseline -0.002 -12"><span class='ocrx_word' id='word_1_394' title='bbox 465 4475 560 4517; x_wconf 76' lang='lat' dir='ltr'><strong>un</strong></span> <span class='ocrx_word' id='word_1_395' title='bbox 587 4457 716 4512; x_wconf 85' lang='lat' dir='ltr'><strong>Kal.</strong></span> <span class='ocrx_word' id='word_1_396' title='bbox 779 4455 901 4510; x_wconf 84' lang='lat' dir='ltr'><strong>Oct.</strong></span> <span class='ocrx_word' id='word_1_397' title='bbox 957 4452 1299 4508; x_wconf 80' lang='lat' dir='ltr'><strong>Machironta</strong></span> <span class='ocrx_word' id='word_1_398' title='bbox 1359 4451 1605 4517; x_wconf 87' lang='lat' dir='ltr'><strong>castello,</strong></span> <span class='ocrx_word' id='word_1_399' title='bbox 1673 4451 1973 4523; x_wconf 89' lang='lat' dir='ltr'><strong>Conceptio</strong></span> 
     </span>
    </p>
   </div>
   <div class='ocr_carea' id='block_1_62' title="bbox 2123 1969 3658 2036">
    <p class='ocr_par' dir='ltr' id='par_1_62' title="bbox 2123 1969 3658 2036">
     <span class='ocr_line' id='line_1_62' title="bbox 2123 1969 3658 2036; baseline 0 -11"><span class='ocrx_word' id='word_1_400' title='bbox 2123 1986 2188 2025; x_wconf 74' lang='grc' dir='ltr'><strong>τιν</strong></span> <span class='ocrx_word' id='word_1_401' title='bbox 2221 1969 2346 2026; x_wconf 87' lang='lat' dir='ltr'><strong>Kal.</strong></span> <span class='ocrx_word' id='word_1_402' title='bbox 2375 1970 2570 2024; x_wconf 84' lang='lat' dir='ltr'><strong>Oct.ln</strong></span> <span class='ocrx_word' id='word_1_403' title='bbox 2606 1969 3658 2036; x_wconf 76' lang='lat' dir='ltr'><strong>Africa,nataiissanctorumLaurcn-</strong></span> 
     </span>
    </p>
   </div>
   <div class='ocr_carea' id='block_1_63' title="bbox 2068 2060 3658 2128">
    <p class='ocr_par' dir='ltr' id='par_1_63' title="bbox 2068 2060 3658 2128">
     <span class='ocr_line' id='line_1_63' title="bbox 2068 2060 3658 2128; baseline 0.001 -14"><span class='ocrx_word' id='word_1_404' title='bbox 2068 2062 2149 2126; x_wconf 89' lang='lat' dir='ltr'><strong>tii,</strong></span> <span class='ocrx_word' id='word_1_405' title='bbox 2168 2061 2438 2126; x_wconf 80' lang='lat' dir='ltr'><strong>Faustini,</strong></span> <span class='ocrx_word' id='word_1_406' title='bbox 2459 2071 2512 2116; x_wconf 87' lang='lat' dir='ltr'><strong>et</strong></span> <span class='ocrx_word' id='word_1_407' title='bbox 2533 2060 2810 2128; x_wconf 67' lang='lat' dir='ltr'><strong>Victuriaa,</strong></span> <span class='ocrx_word' id='word_1_408' title='bbox 2828 2060 3108 2126; x_wconf 55' lang='lat' dir='ltr'><strong>Candida,</strong></span> <span class='ocrx_word' id='word_1_409' title='bbox 3136 2060 3658 2127; x_wconf 45' lang='lat' dir='ltr'><strong>Valeria-Donata,</strong></span> 
     </span>
    </p>
   </div>
   <div class='ocr_carea' id='block_1_64' title="bbox 2067 2151 3659 2222">
    <p class='ocr_par' dir='ltr' id='par_1_64' title="bbox 2067 2151 3659 2222">
     <span class='ocr_line' id='line_1_64' title="bbox 2067 2151 3659 2222; baseline 0.001 -14"><span class='ocrx_word' id='word_1_410' title='bbox 2067 2155 2244 2220; x_wconf 77' lang='lat' dir='ltr'><strong>Levze,</strong></span> <span class='ocrx_word' id='word_1_411' title='bbox 2279 2151 2545 2217; x_wconf 81' lang='lat' dir='ltr'><strong>Fuciosae,</strong></span> <span class='ocrx_word' id='word_1_412' title='bbox 2576 2151 2772 2222; x_wconf 80' lang='lat' dir='ltr'><strong>Gagili,</strong></span> <span class='ocrx_word' id='word_1_413' title='bbox 2799 2151 3032 2215; x_wconf 89' lang='lat' dir='ltr'><strong>Placidi,</strong></span> <span class='ocrx_word' id='word_1_414' title='bbox 3066 2163 3123 2208; x_wconf 89' lang='lat' dir='ltr'><strong>et</strong></span> <span class='ocrx_word' id='word_1_415' title='bbox 3155 2155 3391 2208; x_wconf 88' lang='lat' dir='ltr'><strong>aliorum</strong></span> <span class='ocrx_word' id='word_1_416' title='bbox 3449 2153 3659 2209; x_wconf 81' lang='lat' dir='ltr'><strong>multo-</strong></span> 
     </span>
    </p>
   </div>
   <div class='ocr_carea' id='block_1_65' title="bbox 2069 2242 3662 2316">
    <p class='ocr_par' dir='ltr' id='par_1_65' title="bbox 2069 2242 3662 2316">
     <span class='ocr_line' id='line_1_65' title="bbox 2069 2242 3662 2316; baseline -0.001 -16"><span class='ocrx_word' id='word_1_417' title='bbox 2069 2261 2208 2313; x_wconf 87' lang='lat' dir='ltr'><strong>rum,</strong></span> <span class='ocrx_word' id='word_1_418' title='bbox 2242 2244 2497 2316; x_wconf 75' lang='lat' dir='ltr'><strong>Longini,</strong></span> <span class='ocrx_word' id='word_1_419' title='bbox 2530 2242 2812 2308; x_wconf 75' lang='lat' dir='ltr'><strong>Victuritc,</strong></span> <span class='ocrx_word' id='word_1_420' title='bbox 2837 2244 3196 2300; x_wconf 87' lang='lat' dir='ltr'><strong>Prisciniani.</strong></span> <span class='ocrx_word' id='word_1_421' title='bbox 3230 2244 3438 2306; x_wconf 63' lang='lat' dir='ltr'><strong>Bonus,</strong></span> <span class='ocrx_word' id='word_1_422' title='bbox 3461 2246 3662 2299; x_wconf 82' lang='lat' dir='ltr'><strong>natalis</strong></span> 
     </span>
    </p>
   </div>
   <div class='ocr_carea' id='block_1_66' title="bbox 2067 2335 3657 2406">
    <p class='ocr_par' dir='ltr' id='par_1_66' title="bbox 2067 2335 3657 2406">
     <span class='ocr_line' id='line_1_66' title="bbox 2067 2335 3657 2406; baseline -0.002 -13"><span class='ocrx_word' id='word_1_423' title='bbox 2067 2337 2244 2394; x_wconf 86' lang='lat' dir='ltr'><strong>sancti</strong></span> <span class='ocrx_word' id='word_1_424' title='bbox 2287 2337 2508 2392; x_wconf 84' lang='lat' dir='ltr'><strong>Stactei.</strong></span> <span class='ocrx_word' id='word_1_425' title='bbox 2562 2335 2755 2390; x_wconf 85' lang='lat' dir='ltr'><strong>Genua</strong></span> <span class='ocrx_word' id='word_1_426' title='bbox 2815 2335 3059 2401; x_wconf 82' lang='lat' dir='ltr'><strong>civitate,</strong></span> <span class='ocrx_word' id='word_1_427' title='bbox 3117 2337 3388 2406; x_wconf 72' lang='lat' dir='ltr'><strong>depositio</strong></span> <span class='ocrx_word' id='word_1_428' title='bbox 3448 2336 3657 2391; x_wconf 87' lang='lat' dir='ltr'><strong>Salonii</strong></span> 
     </span>
    </p>
   </div>
   <div class='ocr_carea' id='block_1_67' title="bbox 2067 2425 3665 2497">
    <p class='ocr_par' dir='ltr' id='par_1_67' title="bbox 2067 2425 3665 2497">
     <span class='ocr_line' id='line_1_67' title="bbox 2067 2425 3665 2497; baseline -0.001 -15"><span class='ocrx_word' id='word_1_429' title='bbox 2067 2428 2309 2496; x_wconf 86' lang='lat' dir='ltr'><strong>episcopi</strong></span> <span class='ocrx_word' id='word_1_430' title='bbox 2334 2440 2389 2482; x_wconf 86' lang='lat' dir='ltr'><strong>et</strong></span> <span class='ocrx_word' id='word_1_431' title='bbox 2416 2425 2774 2482; x_wconf 83' lang='lat' dir='ltr'><strong>confessoris.</strong></span> <span class='ocrx_word' id='word_1_432' title='bbox 2804 2428 3164 2492; x_wconf 80' lang='lat' dir='ltr'><strong>Autisiodero,</strong></span> <span class='ocrx_word' id='word_1_433' title='bbox 3195 2430 3456 2497; x_wconf 75' lang='lat' dir='ltr'><strong>depositio</strong></span> <span class='ocrx_word' id='word_1_434' title='bbox 3479 2431 3665 2483; x_wconf 82' lang='lat' dir='ltr'><strong>sancti</strong></span> 
     </span>
    </p>
   </div>
   <div class='ocr_carea' id='block_1_68' title="bbox 2069 2520 2880 2590">
    <p class='ocr_par' dir='ltr' id='par_1_68' title="bbox 2069 2520 2880 2590">
     <span class='ocr_line' id='line_1_68' title="bbox 2069 2520 2880 2590; baseline 0.001 -18"><span class='ocrx_word' id='word_1_435' title='bbox 2069 2520 2225 2575; x_wconf 79' lang='lat' dir='ltr'><strong>Alodi</strong></span> <span class='ocrx_word' id='word_1_436' title='bbox 2236 2521 2461 2587; x_wconf 77' lang='lat' dir='ltr'><strong>episcopi</strong></span> <span class='ocrx_word' id='word_1_437' title='bbox 2474 2531 2523 2572; x_wconf 84' lang='lat' dir='ltr'><strong>et</strong></span> <span class='ocrx_word' id='word_1_438' title='bbox 2542 2521 2880 2590; x_wconf 79' lang='lat' dir='ltr'><strong>confessoris.</strong></span> 
     </span>
    </p>
   </div>
   <div class='ocr_carea' id='block_1_69' title="bbox 2141 2611 3654 2684">
    <p class='ocr_par' dir='ltr' id='par_1_69' title="bbox 2141 2611 3654 2684">
     <span class='ocr_line' id='line_1_69' title="bbox 2141 2611 3654 2684; baseline 0.003 -16"><span class='ocrx_word' id='word_1_439' title='bbox 2141 2629 2200 2668; x_wconf 91' lang='grc' dir='ltr'><strong>ιιι</strong></span> <span class='ocrx_word' id='word_1_440' title='bbox 2231 2611 2358 2666; x_wconf 90' lang='lat' dir='ltr'><strong>Kal.</strong></span> <span class='ocrx_word' id='word_1_441' title='bbox 2379 2611 2498 2668; x_wconf 89' lang='lat' dir='ltr'><strong>Oct.</strong></span> <span class='ocrx_word' id='word_1_442' title='bbox 2531 2613 2588 2667; x_wconf 88' lang='lat' dir='ltr'><strong>in</strong></span> <span class='ocrx_word' id='word_1_443' title='bbox 2621 2612 2882 2680; x_wconf 85' lang='lat' dir='ltr'><strong>Thracia,</strong></span> <span class='ocrx_word' id='word_1_444' title='bbox 2916 2612 3125 2682; x_wconf 89' lang='lat' dir='ltr'><strong>Eurici,</strong></span> <span class='ocrx_word' id='word_1_445' title='bbox 3159 2613 3367 2680; x_wconf 87' lang='lat' dir='ltr'><strong>Plauti,</strong></span> <span class='ocrx_word' id='word_1_446' title='bbox 3400 2615 3654 2684; x_wconf 81' lang='lat' dir='ltr'><strong>Planciti,</strong></span> 
     </span>
    </p>
   </div>
   <div class='ocr_carea' id='block_1_70' title="bbox 2068 2705 3659 2781">
    <p class='ocr_par' dir='ltr' id='par_1_70' title="bbox 2068 2705 3659 2781">
     <span class='ocr_line' id='line_1_70' title="bbox 2068 2705 3659 2781; baseline 0.004 -21"><span class='ocrx_word' id='word_1_447' title='bbox 2068 2705 2314 2770; x_wconf 83' lang='lat' dir='ltr'><strong>Ambuti,</strong></span> <span class='ocrx_word' id='word_1_448' title='bbox 2337 2706 2588 2772; x_wconf 60' lang='lat' dir='ltr'><strong>Aracliae,</strong></span> <span class='ocrx_word' id='word_1_449' title='bbox 2623 2705 2894 2772; x_wconf 65' lang='lat' dir='ltr'><strong>Thraciae,</strong></span> <span class='ocrx_word' id='word_1_450' title='bbox 2919 2708 3163 2764; x_wconf 59' lang='lat' dir='ltr'><strong>Donata.</strong></span> <span class='ocrx_word' id='word_1_451' title='bbox 3189 2708 3396 2781; x_wconf 65' lang='lat' dir='ltr'><strong>Romae,</strong></span> <span class='ocrx_word' id='word_1_452' title='bbox 3423 2712 3659 2766; x_wconf 82' lang='lat' dir='ltr'><strong>militum</strong></span> 
     </span>
    </p>
   </div>
   <div class='ocr_carea' id='block_1_71' title="bbox 2069 2797 3666 2870">
    <p class='ocr_par' dir='ltr' id='par_1_71' title="bbox 2069 2797 3666 2870">
     <span class='ocr_line' id='line_1_71' title="bbox 2069 2797 3666 2870; baseline 0.003 -17"><span class='ocrx_word' id='word_1_453' title='bbox 2069 2799 2349 2868; x_wconf 74' lang='lat' dir='ltr'><strong>sexaginta</strong></span> <span class='ocrx_word' id='word_1_454' title='bbox 2369 2809 2517 2853; x_wconf 80' lang='lat' dir='ltr'><strong>oeto.</strong></span> <span class='ocrx_word' id='word_1_455' title='bbox 2541 2798 2816 2853; x_wconf 83' lang='lat' dir='ltr'><strong>Dedicatio</strong></span> <span class='ocrx_word' id='word_1_456' title='bbox 2841 2797 3403 2870; x_wconf 69' lang='lat' dir='ltr'><strong>basilicazArchangeli</strong></span> <span class='ocrx_word' id='word_1_457' title='bbox 3421 2801 3666 2858; x_wconf 72' lang='lat' dir='ltr'><strong>Michae-</strong></span> 
     </span>
    </p>
   </div>
   <div class='ocr_carea' id='block_1_72' title="bbox 2070 2890 3664 2962">
    <p class='ocr_par' dir='ltr' id='par_1_72' title="bbox 2070 2890 3664 2962">
     <span class='ocr_line' id='line_1_72' title="bbox 2070 2890 3664 2962; baseline 0.004 -19"><span class='ocrx_word' id='word_1_458' title='bbox 2070 2890 2134 2943; x_wconf 83' lang='lat' dir='ltr'><strong>lis</strong></span> <span class='ocrx_word' id='word_1_459' title='bbox 2155 2891 2208 2943; x_wconf 86' lang='lat' dir='ltr'><strong>in</strong></span> <span class='ocrx_word' id='word_1_460' title='bbox 2233 2899 2405 2944; x_wconf 86' lang='lat' dir='ltr'><strong>monte</strong></span> <span class='ocrx_word' id='word_1_461' title='bbox 2429 2892 2521 2960; x_wconf 79' lang='lat' dir='ltr'><strong>qui</strong></span> <span class='ocrx_word' id='word_1_462' title='bbox 2546 2891 2746 2944; x_wconf 82' lang='lat' dir='ltr'><strong>dicitur</strong></span> <span class='ocrx_word' id='word_1_463' title='bbox 2779 2891 3084 2962; x_wconf 79' lang='lat' dir='ltr'><strong>Garganus.</strong></span> <span class='ocrx_word' id='word_1_464' title='bbox 3119 2891 3186 2946; x_wconf 86' lang='lat' dir='ltr'><strong>Et</strong></span> <span class='ocrx_word' id='word_1_465' title='bbox 3209 2892 3358 2958; x_wconf 87' lang='lat' dir='ltr'><strong>alibi,</strong></span> <span class='ocrx_word' id='word_1_466' title='bbox 3385 2892 3664 2960; x_wconf 77' lang='lat' dir='ltr'><strong>Januarii,</strong></span> 
     </span>
    </p>
   </div>
   <div class='ocr_carea' id='block_1_73' title="bbox 2069 2980 3666 3050">
    <p class='ocr_par' dir='ltr' id='par_1_73' title="bbox 2069 2980 3666 3050">
     <span class='ocr_line' id='line_1_73' title="bbox 2069 2980 3666 3050; baseline 0.004 -14"><span class='ocrx_word' id='word_1_467' title='bbox 2069 2980 2234 3047; x_wconf 84' lang='lat' dir='ltr'><strong>Snsii,</strong></span> <span class='ocrx_word' id='word_1_468' title='bbox 2265 2984 2523 3050; x_wconf 83' lang='lat' dir='ltr'><strong>Ampuni,</strong></span> <span class='ocrx_word' id='word_1_469' title='bbox 2556 2982 2838 3050; x_wconf 84' lang='lat' dir='ltr'><strong>Celedoni,</strong></span> <span class='ocrx_word' id='word_1_470' title='bbox 2875 2983 3103 3038; x_wconf 88' lang='lat' dir='ltr'><strong>Jostini.</strong></span> <span class='ocrx_word' id='word_1_471' title='bbox 3157 2984 3526 3050; x_wconf 82' lang='lat' dir='ltr'><strong>Autisiodero,</strong></span> <span class='ocrx_word' id='word_1_472' title='bbox 3565 2988 3666 3042; x_wconf 78' lang='lat' dir='ltr'><strong>de-</strong></span> 
     </span>
    </p>
   </div>
   <div class='ocr_carea' id='block_1_74' title="bbox 2071 3072 3312 3145">
    <p class='ocr_par' dir='ltr' id='par_1_74' title="bbox 2071 3072 3312 3145">
     <span class='ocr_line' id='line_1_74' title="bbox 2071 3072 3312 3145; baseline 0.001 -17"><span class='ocrx_word' id='word_1_473' title='bbox 2071 3073 2268 3142; x_wconf 87' lang='lat' dir='ltr'><strong>positio</strong></span> <span class='ocrx_word' id='word_1_474' title='bbox 2294 3072 2552 3128; x_wconf 84' lang='lat' dir='ltr'><strong>Fraterni</strong></span> <span class='ocrx_word' id='word_1_475' title='bbox 2585 3073 2825 3145; x_wconf 79' lang='lat' dir='ltr'><strong>cpiSCopi</strong></span> <span class='ocrx_word' id='word_1_476' title='bbox 2867 3084 2923 3128; x_wconf 90' lang='lat' dir='ltr'><strong>et</strong></span> <span class='ocrx_word' id='word_1_477' title='bbox 2953 3075 3312 3130; x_wconf 84' lang='lat' dir='ltr'><strong>confessoris.</strong></span> 
     </span>
    </p>
   </div>
   <div class='ocr_carea' id='block_1_75' title="bbox 2143 3165 3668 3235">
    <p class='ocr_par' dir='ltr' id='par_1_75' title="bbox 2143 3165 3668 3235">
     <span class='ocr_line' id='line_1_75' title="bbox 2143 3165 3668 3235; baseline 0.002 -15"><span class='ocrx_word' id='word_1_478' title='bbox 2143 3167 2330 3221; x_wconf 83' lang='lat' dir='ltr'><strong>Pridie</strong></span> <span class='ocrx_word' id='word_1_479' title='bbox 2367 3165 2498 3221; x_wconf 88' lang='lat' dir='ltr'><strong>Kal.</strong></span> <span class='ocrx_word' id='word_1_480' title='bbox 2537 3165 2657 3222; x_wconf 84' lang='lat' dir='ltr'><strong>Oct.</strong></span> <span class='ocrx_word' id='word_1_481' title='bbox 2702 3166 2764 3222; x_wconf 83' lang='lat' dir='ltr'><strong>In</strong></span> <span class='ocrx_word' id='word_1_482' title='bbox 2817 3165 3140 3222; x_wconf 78' lang='lat' dir='ltr'><strong>Placentina</strong></span> <span class='ocrx_word' id='word_1_483' title='bbox 3175 3169 3420 3235; x_wconf 83' lang='lat' dir='ltr'><strong>civitate,</strong></span> <span class='ocrx_word' id='word_1_484' title='bbox 3461 3168 3668 3224; x_wconf 81' lang='lat' dir='ltr'><strong>natalis</strong></span> 
     </span>
    </p>
   </div>
   <div class='ocr_carea' id='block_1_76' title="bbox 2071 3258 3668 3330">
    <p class='ocr_par' dir='ltr' id='par_1_76' title="bbox 2071 3258 3668 3330">
     <span class='ocr_line' id='line_1_76' title="bbox 2071 3258 3668 3330; baseline 0.001 -17"><span class='ocrx_word' id='word_1_485' title='bbox 2071 3261 2246 3314; x_wconf 88' lang='lat' dir='ltr'><strong>sancti</strong></span> <span class='ocrx_word' id='word_1_486' title='bbox 2287 3258 2555 3313; x_wconf 85' lang='lat' dir='ltr'><strong>Antonini</strong></span> <span class='ocrx_word' id='word_1_487' title='bbox 2597 3261 2880 3330; x_wconf 85' lang='lat' dir='ltr'><strong>martyris.</strong></span> <span class='ocrx_word' id='word_1_488' title='bbox 2911 3258 2970 3313; x_wconf 90' lang='lat' dir='ltr'><strong>ln</strong></span> <span class='ocrx_word' id='word_1_489' title='bbox 2999 3260 3331 3326; x_wconf 79' lang='lat' dir='ltr'><strong>Mediolano,</strong></span> <span class='ocrx_word' id='word_1_490' title='bbox 3376 3261 3668 3316; x_wconf 80' lang='lat' dir='ltr'><strong>translatio</strong></span> 
     </span>
    </p>
   </div>
   <div class='ocr_carea' id='block_1_77' title="bbox 2069 3352 3668 3424">
    <p class='ocr_par' dir='ltr' id='par_1_77' title="bbox 2069 3352 3668 3424">
     <span class='ocr_line' id='line_1_77' title="bbox 2069 3352 3668 3424; baseline 0.003 -21"><span class='ocrx_word' id='word_1_491' title='bbox 2069 3352 2316 3420; x_wconf 84' lang='lat' dir='ltr'><strong>corporis</strong></span> <span class='ocrx_word' id='word_1_492' title='bbox 2333 3354 2513 3407; x_wconf 86' lang='lat' dir='ltr'><strong>sancti</strong></span> <span class='ocrx_word' id='word_1_493' title='bbox 2541 3353 2774 3408; x_wconf 78' lang='lat' dir='ltr'><strong>Victoris</strong></span> <span class='ocrx_word' id='word_1_494' title='bbox 2790 3354 3073 3424; x_wconf 86' lang='lat' dir='ltr'><strong>martyris.</strong></span> <span class='ocrx_word' id='word_1_495' title='bbox 3102 3352 3401 3408; x_wconf 71' lang='lat' dir='ltr'><strong>Bethleltem</strong></span> <span class='ocrx_word' id='word_1_496' title='bbox 3421 3356 3668 3421; x_wconf 76' lang='lat' dir='ltr'><strong>civitate,</strong></span> 
     </span>
    </p>
   </div>
   <div class='ocr_carea' id='block_1_78' title="bbox 2071 3444 3080 3518">
    <p class='ocr_par' dir='ltr' id='par_1_78' title="bbox 2071 3444 3080 3518">
     <span class='ocr_line' id='line_1_78' title="bbox 2071 3444 3080 3518; baseline 0.006 -22"><span class='ocrx_word' id='word_1_497' title='bbox 2071 3444 2326 3514; x_wconf 80' lang='lat' dir='ltr'><strong>depositio</strong></span> <span class='ocrx_word' id='word_1_498' title='bbox 2352 3445 2411 3500; x_wconf 89' lang='lat' dir='ltr'><strong>S.</strong></span> <span class='ocrx_word' id='word_1_499' title='bbox 2441 3445 2752 3518; x_wconf 79' lang='lat' dir='ltr'><strong>Hieronymi</strong></span> <span class='ocrx_word' id='word_1_500' title='bbox 2765 3447 3080 3518; x_wconf 76' lang='lat' dir='ltr'><strong>presbyteri.</strong></span> 
     </span>
    </p>
   </div>
   <div class='ocr_carea' id='block_1_79' title="bbox 2539 3602 3204 3661">
    <p class='ocr_par' dir='ltr' id='par_1_79' title="bbox 2539 3602 3204 3661">
     <span class='ocr_line' id='line_1_79' title="bbox 2539 3602 3204 3661; baseline 0.005 -3"><span class='ocrx_word' id='word_1_501' title='bbox 2539 3603 2798 3659; x_wconf 82' lang='lat' dir='ltr'><strong>MENSIS</strong></span> <span class='ocrx_word' id='word_1_502' title='bbox 2838 3602 3204 3661; x_wconf 79' lang='lat' dir='ltr'><strong>OCTOBRIS.</strong></span> 
     </span>
    </p>
   </div>
   <div class='ocr_carea' id='block_1_80' title="bbox 2602 3697 3132 3755">
    <p class='ocr_par' dir='ltr' id='par_1_80' title="bbox 2602 3697 3132 3755">
     <span class='ocr_line' id='line_1_80' title="bbox 2602 3697 3132 3755; baseline 0.002 -2"><span class='ocrx_word' id='word_1_503' title='bbox 2602 3697 2777 3753; x_wconf 83' lang='lat' dir='ltr'><strong>liabet</strong></span> <span class='ocrx_word' id='word_1_504' title='bbox 2825 3697 2945 3753; x_wconf 91' lang='lat' dir='ltr'><strong>dies</strong></span> <span class='ocrx_word' id='word_1_505' title='bbox 2985 3715 3132 3755; x_wconf 77' lang='lat' dir='ltr'><strong>nu.</strong></span> 
     </span>
    </p>
   </div>
   <div class='ocr_carea' id='block_1_81' title="bbox 2145 3812 3671 3884">
    <p class='ocr_par' dir='ltr' id='par_1_81' title="bbox 2145 3812 3671 3884">
     <span class='ocr_line' id='line_1_81' title="bbox 2145 3812 3671 3884; baseline 0.001 -15"><span class='ocrx_word' id='word_1_506' title='bbox 2145 3813 2272 3869; x_wconf 86' lang='lat' dir='ltr'><strong>Kal.</strong></span> <span class='ocrx_word' id='word_1_507' title='bbox 2300 3813 2418 3868; x_wconf 86' lang='lat' dir='ltr'><strong>Oct.</strong></span> <span class='ocrx_word' id='word_1_508' title='bbox 2446 3812 3190 3880; x_wconf 73' lang='lat' dir='ltr'><strong>Litauiaindicenda.Prisci,</strong></span> <span class='ocrx_word' id='word_1_509' title='bbox 3206 3813 3454 3872; x_wconf 83' lang='lat' dir='ltr'><strong>Faustini</strong></span> <span class='ocrx_word' id='word_1_510' title='bbox 3472 3831 3671 3884; x_wconf 85' lang='lat' dir='ltr'><strong>mart.,</strong></span> 
     </span>
    </p>
   </div>
   <div class='ocr_carea' id='block_1_82' title="bbox 2073 3905 3670 3978">
    <p class='ocr_par' dir='ltr' id='par_1_82' title="bbox 2073 3905 3670 3978">
     <span class='ocr_line' id='line_1_82' title="bbox 2073 3905 3670 3978; baseline 0.006 -18"><span class='ocrx_word' id='word_1_511' title='bbox 2073 3906 2393 3969; x_wconf 80' lang='lat' dir='ltr'><strong>Alexandri,</strong></span> <span class='ocrx_word' id='word_1_512' title='bbox 2420 3908 2682 3978; x_wconf 85' lang='lat' dir='ltr'><strong>Eopropi,</strong></span> <span class='ocrx_word' id='word_1_513' title='bbox 2701 3906 3010 3971; x_wconf 79' lang='lat' dir='ltr'><strong>Saturnini,</strong></span> <span class='ocrx_word' id='word_1_514' title='bbox 3046 3905 3196 3976; x_wconf 87' lang='lat' dir='ltr'><strong>Spei,</strong></span> <span class='ocrx_word' id='word_1_515' title='bbox 3229 3909 3424 3972; x_wconf 85' lang='lat' dir='ltr'><strong>Primi.</strong></span> <span class='ocrx_word' id='word_1_516' title='bbox 3449 3913 3670 3969; x_wconf 82' lang='lat' dir='ltr'><strong>Donati.</strong></span> 
     </span>
    </p>
   </div>
   <div class='ocr_carea' id='block_1_83' title="bbox 2074 4000 3676 4072">
    <p class='ocr_par' dir='ltr' id='par_1_83' title="bbox 2074 4000 3676 4072">
     <span class='ocr_line' id='line_1_83' title="bbox 2074 4000 3676 4072; baseline 0.004 -17"><span class='ocrx_word' id='word_1_517' title='bbox 2074 4001 2208 4057; x_wconf 88' lang='lat' dir='ltr'><strong>Item</strong></span> <span class='ocrx_word' id='word_1_518' title='bbox 2239 4002 2440 4072; x_wconf 69' lang='lat' dir='ltr'><strong>Dignaa,</strong></span> <span class='ocrx_word' id='word_1_519' title='bbox 2475 4001 2694 4067; x_wconf 73' lang='lat' dir='ltr'><strong>Paﬁico,</strong></span> <span class='ocrx_word' id='word_1_520' title='bbox 2740 4000 2924 4071; x_wconf 87' lang='lat' dir='ltr'><strong>Prepi.</strong></span> <span class='ocrx_word' id='word_1_521' title='bbox 2959 4000 3016 4055; x_wconf 80' lang='lat' dir='ltr'><strong>In</strong></span> <span class='ocrx_word' id='word_1_522' title='bbox 3039 4002 3226 4058; x_wconf 81' lang='lat' dir='ltr'><strong>Tantis</strong></span> <span class='ocrx_word' id='word_1_523' title='bbox 3256 4001 3676 4062; x_wconf 78' lang='lat' dir='ltr'><strong>Julii.Autisio-</strong></span> 
     </span>
    </p>
   </div>
   <div class='ocr_carea' id='block_1_84' title="bbox 2075 4093 3674 4162">
    <p class='ocr_par' dir='ltr' id='par_1_84' title="bbox 2075 4093 3674 4162">
     <span class='ocr_line' id='line_1_84' title="bbox 2075 4093 3674 4162; baseline 0.004 -15"><span class='ocrx_word' id='word_1_524' title='bbox 2075 4096 2222 4157; x_wconf 86' lang='lat' dir='ltr'><strong>dero,</strong></span> <span class='ocrx_word' id='word_1_525' title='bbox 2237 4094 2492 4162; x_wconf 72' lang='lat' dir='ltr'><strong>depositio</strong></span> <span class='ocrx_word' id='word_1_526' title='bbox 2505 4093 2754 4150; x_wconf 78' lang='lat' dir='ltr'><strong>Germani</strong></span> <span class='ocrx_word' id='word_1_527' title='bbox 2771 4095 3022 4162; x_wconf 75' lang='lat' dir='ltr'><strong>episcopi.</strong></span> <span class='ocrx_word' id='word_1_528' title='bbox 3039 4093 3216 4148; x_wconf 83' lang='lat' dir='ltr'><strong>Remis</strong></span> <span class='ocrx_word' id='word_1_529' title='bbox 3231 4095 3674 4160; x_wconf 70' lang='lat' dir='ltr'><strong>cioitalis,‘sancti</strong></span> 
     </span>
    </p>
   </div>
   <div class='ocr_carea' id='block_1_85' title="bbox 2077 4184 3003 4257">
    <p class='ocr_par' dir='ltr' id='par_1_85' title="bbox 2077 4184 3003 4257">
     <span class='ocr_line' id='line_1_85' title="bbox 2077 4184 3003 4257; baseline 0.003 -19"><span class='ocrx_word' id='word_1_530' title='bbox 2077 4184 2325 4257; x_wconf 79' lang='lat' dir='ltr'><strong>Remigii.</strong></span> <span class='ocrx_word' id='word_1_531' title='bbox 2361 4185 2594 4250; x_wconf 79' lang='lat' dir='ltr'><strong>Treveri,</strong></span> <span class='ocrx_word' id='word_1_532' title='bbox 2621 4188 2789 4240; x_wconf 79' lang='lat' dir='ltr'><strong>sancti</strong></span> <span class='ocrx_word' id='word_1_533' title='bbox 2808 4184 3003 4241; x_wconf 87' lang='lat' dir='ltr'><strong>Niceti.</strong></span> 
     </span>
    </p>
   </div>
   <div class='ocr_carea' id='block_1_86' title="bbox 2149 4277 3674 4341">
    <p class='ocr_par' dir='ltr' id='par_1_86' title="bbox 2149 4277 3674 4341">
     <span class='ocr_line' id='line_1_86' title="bbox 2149 4277 3674 4341; baseline 0.005 -10"><span class='ocrx_word' id='word_1_534' title='bbox 2149 4294 2199 4333; x_wconf 81' lang='lat' dir='ltr'><strong>vr</strong></span> <span class='ocrx_word' id='word_1_535' title='bbox 2225 4277 2366 4332; x_wconf 83' lang='lat' dir='ltr'><strong>Non.</strong></span> <span class='ocrx_word' id='word_1_536' title='bbox 2407 4277 2526 4332; x_wconf 86' lang='lat' dir='ltr'><strong>Oct.</strong></span> <span class='ocrx_word' id='word_1_537' title='bbox 2560 4277 2616 4331; x_wconf 91' lang='lat' dir='ltr'><strong>In</strong></span> <span class='ocrx_word' id='word_1_538' title='bbox 2642 4277 2979 4341; x_wconf 85' lang='lat' dir='ltr'><strong>Nicomedia,</strong></span> <span class='ocrx_word' id='word_1_539' title='bbox 3019 4277 3425 4335; x_wconf 74' lang='lat' dir='ltr'><strong>EleutheriiJn</strong></span> <span class='ocrx_word' id='word_1_540' title='bbox 3468 4281 3674 4338; x_wconf 78' lang='lat' dir='ltr'><strong>Antio-</strong></span> 
     </span>
    </p>
   </div>
   <div class='ocr_carea' id='block_1_87' title="bbox 2077 4367 3671 4436">
    <p class='ocr_par' dir='ltr' id='par_1_87' title="bbox 2077 4367 3671 4436">
     <span class='ocr_line' id='line_1_87' title="bbox 2077 4367 3671 4436; baseline 0.003 -12"><span class='ocrx_word' id='word_1_541' title='bbox 2077 4371 2222 4436; x_wconf 88' lang='lat' dir='ltr'><strong>chia,</strong></span> <span class='ocrx_word' id='word_1_542' title='bbox 2255 4371 2446 4436; x_wconf 85' lang='lat' dir='ltr'><strong>Primi,</strong></span> <span class='ocrx_word' id='word_1_543' title='bbox 2486 4369 2726 4436; x_wconf 85' lang='lat' dir='ltr'><strong>Quirilli,</strong></span> <span class='ocrx_word' id='word_1_544' title='bbox 2758 4368 2944 4425; x_wconf 85' lang='lat' dir='ltr'><strong>Pitini.</strong></span> <span class='ocrx_word' id='word_1_545' title='bbox 2981 4367 3187 4433; x_wconf 81' lang='lat' dir='ltr'><strong>Romae,</strong></span> <span class='ocrx_word' id='word_1_546' title='bbox 3237 4373 3438 4428; x_wconf 80' lang='lat' dir='ltr'><strong>natalis</strong></span> <span class='ocrx_word' id='word_1_547' title='bbox 3489 4379 3671 4429; x_wconf 79' lang='lat' dir='ltr'><strong>sancti</strong></span> 
     </span>
    </p>
   </div>
   <div class='ocr_carea' id='block_1_88' title="bbox 2078 4461 3672 4534">
    <p class='ocr_par' dir='ltr' id='par_1_88' title="bbox 2078 4461 3672 4534">
     <span class='ocr_line' id='line_1_88' title="bbox 2078 4461 3672 4534; baseline 0.004 -18"><span class='ocrx_word' id='word_1_548' title='bbox 2078 4462 2324 4528; x_wconf 85' lang='lat' dir='ltr'><strong>Eusebii,</strong></span> <span class='ocrx_word' id='word_1_549' title='bbox 2347 4473 2402 4518; x_wconf 91' lang='lat' dir='ltr'><strong>et</strong></span> <span class='ocrx_word' id='word_1_550' title='bbox 2429 4463 2580 4530; x_wconf 90' lang='lat' dir='ltr'><strong>alibi,</strong></span> <span class='ocrx_word' id='word_1_551' title='bbox 2615 4461 2836 4528; x_wconf 84' lang='lat' dir='ltr'><strong>Leonis,</strong></span> <span class='ocrx_word' id='word_1_552' title='bbox 2870 4461 3086 4534; x_wconf 78' lang='lat' dir='ltr'><strong>Gaiani,</strong></span> <span class='ocrx_word' id='word_1_553' title='bbox 3118 4462 3380 4518; x_wconf 86' lang='lat' dir='ltr'><strong>Secundi.</strong></span> <span class='ocrx_word' id='word_1_554' title='bbox 3409 4464 3541 4520; x_wconf 81' lang='lat' dir='ltr'><strong>item</strong></span> <span class='ocrx_word' id='word_1_555' title='bbox 3568 4465 3672 4522; x_wconf 85' lang='lat' dir='ltr'><strong>Se-</strong></span> 
     </span>
    </p>
   </div>
   <div class='ocr_carea' id='block_1_89' title="bbox 389 4543 3674 4631">
    <p class='ocr_par' dir='ltr' id='par_1_89' title="bbox 389 4543 3674 4631">
     <span class='ocr_line' id='line_1_89' title="bbox 389 4543 3674 4631; baseline -0.003 -21"><span class='ocrx_word' id='word_1_556' title='bbox 389 4553 566 4610; x_wconf 86' lang='lat' dir='ltr'><strong>sancti</strong></span> <span class='ocrx_word' id='word_1_557' title='bbox 627 4549 856 4605; x_wconf 86' lang='lat' dir='ltr'><strong>Joannis</strong></span> <span class='ocrx_word' id='word_1_558' title='bbox 905 4547 1184 4615; x_wconf 72' lang='lat' dir='ltr'><strong>Baptistae.</strong></span> <span class='ocrx_word' id='word_1_559' title='bbox 1221 4544 1289 4598; x_wconf 84' lang='lat' dir='ltr'><strong>Et</strong></span> <span class='ocrx_word' id='word_1_560' title='bbox 1321 4544 1475 4610; x_wconf 84' lang='lat' dir='ltr'><strong>alibi,</strong></span> <span class='ocrx_word' id='word_1_561' title='bbox 1515 4543 1710 4600; x_wconf 86' lang='lat' dir='ltr'><strong>natalis</strong></span> <span class='ocrx_word' id='word_1_562' title='bbox 1757 4557 1976 4600; x_wconf 91' lang='lat' dir='ltr'><strong>sancto-</strong></span> <span class='ocrx_word' id='word_1_563' title='bbox 2007 4573 2051 4631; x_wconf 75' lang='grc' dir='ltr'>ο</span> <span class='ocrx_word' id='word_1_564' title='bbox 2079 4557 2266 4622; x_wconf 71' lang='lat' dir='ltr'><strong>eundi,</strong></span> <span class='ocrx_word' id='word_1_565' title='bbox 2309 4555 2574 4623; x_wconf 79' lang='lat' dir='ltr'><strong>Platonis,</strong></span> <span class='ocrx_word' id='word_1_566' title='bbox 2616 4556 2804 4626; x_wconf 75' lang='lat' dir='ltr'><strong>Longi.</strong></span> <span class='ocrx_word' id='word_1_567' title='bbox 2838 4555 2902 4610; x_wconf 89' lang='lat' dir='ltr'><strong>In</strong></span> <span class='ocrx_word' id='word_1_568' title='bbox 2927 4553 3323 4624; x_wconf 76' lang='lat' dir='ltr'><strong>Gallia,passio</strong></span> <span class='ocrx_word' id='word_1_569' title='bbox 3345 4557 3518 4611; x_wconf 74' lang='grc' dir='ltr'><strong>εαηειί</strong></span> <span class='ocrx_word' id='word_1_570' title='bbox 3546 4556 3674 4614; x_wconf 59' lang='lat' dir='ltr'><strong>Leo.</strong></span> 
     </span>
    </p>
   </div>
   <div class='ocr_carea' id='block_1_90' title="bbox 391 4633 1970 4709">
    <p class='ocr_par' dir='ltr' id='par_1_90' title="bbox 391 4633 1970 4709">
     <span class='ocr_line' id='line_1_90' title="bbox 391 4633 1970 4709; baseline -0.006 -10"><span class='ocrx_word' id='word_1_571' title='bbox 391 4661 512 4699; x_wconf 90' lang='lat' dir='ltr'><strong>rum</strong></span> <span class='ocrx_word' id='word_1_572' title='bbox 537 4639 688 4709; x_wconf 84' lang='lat' dir='ltr'><strong>Julii,</strong></span> <span class='ocrx_word' id='word_1_573' title='bbox 707 4636 1116 4706; x_wconf 85' lang='lat' dir='ltr'><strong>Cbristopliori,</strong></span> <span class='ocrx_word' id='word_1_574' title='bbox 1152 4636 1458 4702; x_wconf 86' lang='lat' dir='ltr'><strong>Laurentii,</strong></span> <span class='ocrx_word' id='word_1_575' title='bbox 1475 4633 1764 4704; x_wconf 82' lang='lat' dir='ltr'><strong>Martialis,</strong></span> <span class='ocrx_word' id='word_1_576' title='bbox 1788 4635 1970 4692; x_wconf 85' lang='lat' dir='ltr'><strong>Victo-</strong></span> 
     </span>
    </p>
   </div>
   <div class='ocr_carea' id='block_1_91' title="bbox 389 4727 1972 4806">
    <p class='ocr_par' dir='ltr' id='par_1_91' title="bbox 389 4727 1972 4806">
     <span class='ocr_line' id='line_1_91' title="bbox 389 4727 1972 4806; baseline -0.006 -12"><span class='ocrx_word' id='word_1_577' title='bbox 389 4739 488 4803; x_wconf 87' lang='lat' dir='ltr'><strong>ris,</strong></span> <span class='ocrx_word' id='word_1_578' title='bbox 518 4734 748 4806; x_wconf 78' lang='lat' dir='ltr'><strong>Gargili,</strong></span> <span class='ocrx_word' id='word_1_579' title='bbox 783 4731 976 4796; x_wconf 87' lang='lat' dir='ltr'><strong>Marci,</strong></span> <span class='ocrx_word' id='word_1_580' title='bbox 1031 4727 1262 4791; x_wconf 77' lang='lat' dir='ltr'><strong>Nobilis,</strong></span> <span class='ocrx_word' id='word_1_581' title='bbox 1301 4727 1579 4794; x_wconf 67' lang='lat' dir='ltr'><strong>Victoriae,</strong></span> <span class='ocrx_word' id='word_1_582' title='bbox 1632 4727 1972 4796; x_wconf 76' lang='lat' dir='ltr'><strong>Secundolae,</strong></span> 
     </span>
    </p>
   </div>
   <div class='ocr_carea' id='block_1_92' title="bbox 388 4821 2036 4895">
    <p class='ocr_par' dir='ltr' id='par_1_92' title="bbox 388 4821 2036 4895">
     <span class='ocr_line' id='line_1_92' title="bbox 388 4821 2036 4895; baseline -0.007 -8"><span class='ocrx_word' id='word_1_583' title='bbox 388 4831 691 4895; x_wconf 61' lang='lat' dir='ltr'><strong>Faustine,</strong></span> <span class='ocrx_word' id='word_1_584' title='bbox 727 4825 982 4892; x_wconf 63' lang='lat' dir='ltr'><strong>Valeriae,</strong></span> <span class='ocrx_word' id='word_1_585' title='bbox 1018 4823 1306 4889; x_wconf 69' lang='lat' dir='ltr'><strong>Celerinm,</strong></span> <span class='ocrx_word' id='word_1_586' title='bbox 1365 4821 1662 4877; x_wconf 64' lang='lat' dir='ltr'><strong>Donatulte.</strong></span> <span class='ocrx_word' id='word_1_587' title='bbox 1703 4821 1760 4877; x_wconf 89' lang='lat' dir='ltr'><strong>ln</strong></span> <span class='ocrx_word' id='word_1_588' title='bbox 1791 4823 1978 4892; x_wconf 75' lang='lat' dir='ltr'><strong>Augu-</strong></span> <span class='ocrx_word' id='word_1_589' title='bbox 2033 4831 2036 4834; x_wconf 78' lang='grc'><strong>’</strong></span> 
     </span>
    </p>
   </div>
   <div class='ocr_carea' id='block_1_93' title="bbox 388 4915 1975 4988">
    <p class='ocr_par' dir='ltr' id='par_1_93' title="bbox 388 4915 1975 4988">
     <span class='ocr_line' id='line_1_93' title="bbox 388 4915 1975 4988; baseline -0.004 -9"><span class='ocrx_word' id='word_1_590' title='bbox 388 4923 612 4980; x_wconf 85' lang='lat' dir='ltr'><strong>stiduno</strong></span> <span class='ocrx_word' id='word_1_591' title='bbox 657 4923 906 4988; x_wconf 79' lang='lat' dir='ltr'><strong>civitate,</strong></span> <span class='ocrx_word' id='word_1_592' title='bbox 945 4919 1382 4985; x_wconf 82' lang='lat' dir='ltr'><strong>vico-Scdiloco,</strong></span> <span class='ocrx_word' id='word_1_593' title='bbox 1417 4915 1614 4972; x_wconf 89' lang='lat' dir='ltr'><strong>natalis</strong></span> <span class='ocrx_word' id='word_1_594' title='bbox 1656 4928 1975 4973; x_wconf 85' lang='lat' dir='ltr'><strong>sanctorum</strong></span> 
     </span>
    </p>
   </div>
   <div class='ocr_carea' id='block_1_94' title="bbox 387 5008 1977 5084">
    <p class='ocr_par' dir='ltr' id='par_1_94' title="bbox 387 5008 1977 5084">
     <span class='ocr_line' id='line_1_94' title="bbox 387 5008 1977 5084; baseline -0.005 -12"><span class='ocrx_word' id='word_1_595' title='bbox 387 5015 642 5079; x_wconf 45' lang='lat' dir='ltr'><strong>An&#39;docii,</strong></span> <span class='ocrx_word' id='word_1_596' title='bbox 667 5013 846 5084; x_wconf 81' lang='lat' dir='ltr'><strong>Tyrsi,</strong></span> <span class='ocrx_word' id='word_1_597' title='bbox 875 5011 1098 5082; x_wconf 84' lang='lat' dir='ltr'><strong>Aprilis,</strong></span> <span class='ocrx_word' id='word_1_598' title='bbox 1141 5021 1196 5066; x_wconf 90' lang='lat' dir='ltr'><strong>et</strong></span> <span class='ocrx_word' id='word_1_599' title='bbox 1227 5008 1424 5066; x_wconf 84' lang='lat' dir='ltr'><strong>Felicis</strong></span> <span class='ocrx_word' id='word_1_600' title='bbox 1478 5017 1782 5080; x_wconf 86' lang='lat' dir='ltr'><strong>martyrum</strong></span> <span class='ocrx_word' id='word_1_601' title='bbox 1808 5027 1832 5065; x_wconf 89' lang='lat'><strong>-:</strong></span> <span class='ocrx_word' id='word_1_602' title='bbox 1874 5011 1977 5064; x_wconf 85' lang='lat' dir='ltr'><strong>Lu-</strong></span> 
     </span>
    </p>
   </div>
   <div class='ocr_carea' id='block_1_95' title="bbox 388 5103 1977 5177">
    <p class='ocr_par' dir='ltr' id='par_1_95' title="bbox 388 5103 1977 5177">
     <span class='ocr_line' id='line_1_95' title="bbox 388 5103 1977 5177; baseline -0.003 -12"><span class='ocrx_word' id='word_1_603' title='bbox 388 5124 584 5166; x_wconf 77' lang='lat' dir='ltr'><strong>crosae.</strong></span> <span class='ocrx_word' id='word_1_604' title='bbox 618 5107 900 5177; x_wconf 76' lang='lat' dir='ltr'><strong>Lugdune,</strong></span> <span class='ocrx_word' id='word_1_605' title='bbox 935 5105 1204 5177; x_wconf 86' lang='lat' dir='ltr'><strong>depositio</strong></span> <span class='ocrx_word' id='word_1_606' title='bbox 1253 5103 1428 5160; x_wconf 85' lang='lat' dir='ltr'><strong>sancti</strong></span> <span class='ocrx_word' id='word_1_607' title='bbox 1484 5103 1618 5173; x_wconf 88' lang='lat' dir='ltr'><strong>Lupi</strong></span> <span class='ocrx_word' id='word_1_608' title='bbox 1648 5103 1888 5174; x_wconf 80' lang='lat' dir='ltr'><strong>episcopi</strong></span> <span class='ocrx_word' id='word_1_609' title='bbox 1920 5113 1977 5160; x_wconf 88' lang='lat' dir='ltr'><strong>et</strong></span> 
     </span>
    </p>
   </div>
   <div class='ocr_carea' id='block_1_96' title="bbox 391 5197 1974 5270">
    <p class='ocr_par' dir='ltr' id='par_1_96' title="bbox 391 5197 1974 5270">
     <span class='ocr_line' id='line_1_96' title="bbox 391 5197 1974 5270; baseline -0.002 -14"><span class='ocrx_word' id='word_1_610' title='bbox 391 5201 752 5259; x_wconf 78' lang='lat' dir='ltr'><strong>confessoris.</strong></span> <span class='ocrx_word' id='word_1_611' title='bbox 815 5200 1100 5265; x_wconf 86' lang='lat' dir='ltr'><strong>Arvernis,</strong></span> <span class='ocrx_word' id='word_1_612' title='bbox 1165 5198 1440 5270; x_wconf 86' lang='lat' dir='ltr'><strong>depositio</strong></span> <span class='ocrx_word' id='word_1_613' title='bbox 1515 5198 1690 5254; x_wconf 88' lang='lat' dir='ltr'><strong>sancti</strong></span> <span class='ocrx_word' id='word_1_614' title='bbox 1763 5197 1974 5254; x_wconf 79' lang='lat' dir='ltr'><strong>Rustici</strong></span> 
     </span>
    </p>
   </div>
   <div class='ocr_carea' id='block_1_97' title="bbox 389 5291 651 5361">
    <p class='ocr_par' dir='ltr' id='par_1_97' title="bbox 389 5291 651 5361">
     <span class='ocr_line' id='line_1_97' title="bbox 389 5291 651 5361; baseline -0.008 -14"><span class='ocrx_word' id='word_1_615' title='bbox 389 5291 651 5361; x_wconf 88' lang='lat' dir='ltr'><strong>episcopi.</strong></span> 
     </span>
    </p>
   </div>
   <div class='ocr_carea' id='block_1_98' title="bbox 462 5381 1975 5455">
    <p class='ocr_par' dir='ltr' id='par_1_98' title="bbox 462 5381 1975 5455">
     <span class='ocr_line' id='line_1_98' title="bbox 462 5381 1975 5455; baseline 0 -17"><span class='ocrx_word' id='word_1_616' title='bbox 462 5398 538 5439; x_wconf 87' lang='lat' dir='ltr'><strong>vn</strong></span> <span class='ocrx_word' id='word_1_617' title='bbox 570 5381 693 5438; x_wconf 84' lang='lat' dir='ltr'><strong>Kal.</strong></span> <span class='ocrx_word' id='word_1_618' title='bbox 719 5381 836 5438; x_wconf 85' lang='lat' dir='ltr'><strong>Oct.</strong></span> <span class='ocrx_word' id='word_1_619' title='bbox 857 5383 916 5438; x_wconf 78' lang='lat' dir='ltr'><strong>in</strong></span> <span class='ocrx_word' id='word_1_620' title='bbox 951 5383 1101 5450; x_wconf 84' lang='lat' dir='ltr'><strong>Asia,</strong></span> <span class='ocrx_word' id='word_1_621' title='bbox 1133 5382 1334 5440; x_wconf 86' lang='lat' dir='ltr'><strong>natalis</strong></span> <span class='ocrx_word' id='word_1_622' title='bbox 1360 5392 1683 5440; x_wconf 87' lang='lat' dir='ltr'><strong>sanctorum</strong></span> <span class='ocrx_word' id='word_1_623' title='bbox 1717 5381 1975 5455; x_wconf 82' lang='lat' dir='ltr'><strong>Eucarpi,</strong></span> 
     </span>
    </p>
   </div>
   <div class='ocr_carea' id='block_1_99' title="bbox 466 5561 1978 5634">
    <p class='ocr_par' dir='ltr' id='par_1_99' title="bbox 466 5561 1978 5634">
     <span class='ocr_line' id='line_1_99' title="bbox 466 5561 1978 5634; baseline 0.002 -17"><span class='ocrx_word' id='word_1_624' title='bbox 466 5564 483 5594; x_wconf 74' lang='grc'>⁸</span> <span class='ocrx_word' id='word_1_625' title='bbox 532 5562 611 5634; x_wconf 34' lang='lat' dir='ltr'><strong>AS.</strong></span> <span class='ocrx_word' id='word_1_626' title='bbox 679 5562 918 5632; x_wconf 82' lang='lat' dir='ltr'><strong>Sigonis.</strong></span> <span class='ocrx_word' id='word_1_627' title='bbox 977 5561 1248 5634; x_wconf 85' lang='lat' dir='ltr'><strong>Acberius</strong></span> <span class='ocrx_word' id='word_1_628' title='bbox 1316 5571 1501 5634; x_wconf 83' lang='lat' dir='ltr'><strong>tuonet</strong></span> <span class='ocrx_word' id='word_1_629' title='bbox 1551 5561 1656 5630; x_wconf 75' lang='lat' dir='ltr'><strong>legi</strong></span> <span class='ocrx_word' id='word_1_630' title='bbox 1718 5573 1978 5634; x_wconf 84' lang='lat' dir='ltr'><strong>oportere</strong></span> 
     </span>
    </p>
   </div>
   <div class='ocr_carea' id='block_1_100' title="bbox 393 5631 1976 5703">
    <p class='ocr_par' dir='ltr' id='par_1_100' title="bbox 393 5631 1976 5703">
     <span class='ocr_line' id='line_1_100' title="bbox 393 5631 1976 5703; baseline 0.003 -18"><span class='ocrx_word' id='word_1_631' title='bbox 393 5632 454 5685; x_wconf 88' lang='lat' dir='ltr'><strong>S.</strong></span> <span class='ocrx_word' id='word_1_632' title='bbox 521 5631 803 5701; x_wconf 78' lang='lat' dir='ltr'><strong>Sequani:</strong></span> <span class='ocrx_word' id='word_1_633' title='bbox 887 5633 1034 5701; x_wconf 91' lang='lat' dir='ltr'><strong>quod</strong></span> <span class='ocrx_word' id='word_1_634' title='bbox 1101 5631 1234 5703; x_wconf 83' lang='lat' dir='ltr'><strong>mibi</strong></span> <span class='ocrx_word' id='word_1_635' title='bbox 1280 5633 1532 5703; x_wconf 87' lang='lat' dir='ltr'><strong>_quidem</strong></span> <span class='ocrx_word' id='word_1_636' title='bbox 1591 5649 1696 5688; x_wconf 93' lang='lat' dir='ltr'><strong>non</strong></span> <span class='ocrx_word' id='word_1_637' title='bbox 1756 5631 1976 5703; x_wconf 76' lang='lat' dir='ltr'><strong>placet;</strong></span> 
     </span>
    </p>
   </div>
   <div class='ocr_carea' id='block_1_101' title="bbox 395 5701 1978 5772">
    <p class='ocr_par' dir='ltr' id='par_1_101' title="bbox 395 5701 1978 5772">
     <span class='ocr_line' id='line_1_101' title="bbox 395 5701 1978 5772; baseline 0.004 -19"><span class='ocrx_word' id='word_1_638' title='bbox 395 5717 520 5753; x_wconf 82' lang='lat' dir='ltr'><strong>nam</strong></span> <span class='ocrx_word' id='word_1_639' title='bbox 589 5715 724 5756; x_wconf 83' lang='lat' dir='ltr'><strong>cum</strong></span> <span class='ocrx_word' id='word_1_640' title='bbox 764 5717 826 5772; x_wconf 76' lang='lat' dir='ltr'><strong>ex</strong></span> <span class='ocrx_word' id='word_1_641' title='bbox 887 5703 1093 5772; x_wconf 82' lang='lat' dir='ltr'><strong>vulgari</strong></span> <span class='ocrx_word' id='word_1_642' title='bbox 1152 5702 1212 5772; x_wconf 72' lang='grc' dir='ltr'><strong>δ.</strong></span> <span class='ocrx_word' id='word_1_643' title='bbox 1267 5701 1425 5756; x_wconf 81' lang='lat' dir='ltr'><strong>Scine</strong></span> <span class='ocrx_word' id='word_1_644' title='bbox 1461 5704 1576 5757; x_wconf 89' lang='lat' dir='ltr'><strong>lieri</strong></span> <span class='ocrx_word' id='word_1_645' title='bbox 1627 5701 1890 5772; x_wconf 82' lang='lat' dir='ltr'><strong>potuerit,</strong></span> <span class='ocrx_word' id='word_1_646' title='bbox 1919 5701 1978 5760; x_wconf 89' lang='lat' dir='ltr'><strong>ut</strong></span> 
     </span>
    </p>
   </div>
   <div class='ocr_carea' id='block_1_102' title="bbox 396 5771 1977 5844">
    <p class='ocr_par' dir='ltr' id='par_1_102' title="bbox 396 5771 1977 5844">
     <span class='ocr_line' id='line_1_102' title="bbox 396 5771 1977 5844; baseline 0.004 -21"><span class='ocrx_word' id='word_1_647' title='bbox 396 5774 633 5844; x_wconf 68' lang='lat' dir='ltr'><strong>imperiti</strong></span> <span class='ocrx_word' id='word_1_648' title='bbox 667 5771 1228 5844; x_wconf 10' lang='lat' dir='ltr'><strong>scriptores,rquales</strong></span> <span class='ocrx_word' id='word_1_649' title='bbox 1291 5774 1482 5828; x_wconf 67' lang='lat' dir='ltr'><strong>media.</strong></span> <span class='ocrx_word' id='word_1_650' title='bbox 1519 5771 1652 5828; x_wconf 74' lang='lat' dir='ltr'><strong>tetas</strong></span> <span class='ocrx_word' id='word_1_651' title='bbox 1708 5774 1977 5844; x_wconf 88' lang='lat' dir='ltr'><strong>plurimos</strong></span> 
     </span>
    </p>
   </div>
   <div class='ocr_carea' id='block_1_103' title="bbox 395 5838 1973 5908">
    <p class='ocr_par' dir='ltr' id='par_1_103' title="bbox 395 5838 1973 5908">
     <span class='ocr_line' id='line_1_103' title="bbox 395 5838 1973 5908; baseline 0.003 -14"><span class='ocrx_word' id='word_1_652' title='bbox 395 5838 606 5907; x_wconf 75' lang='lat' dir='ltr'><strong>cﬂ&#39;udit,</strong></span> <span class='ocrx_word' id='word_1_653' title='bbox 635 5838 994 5908; x_wconf 81' lang='lat' dir='ltr'><strong>opinarentur</strong></span> <span class='ocrx_word' id='word_1_654' title='bbox 1013 5838 1070 5896; x_wconf 81' lang='lat' dir='ltr'><strong>in</strong></span> <span class='ocrx_word' id='word_1_655' title='bbox 1093 5844 1181 5896; x_wconf 90' lang='lat' dir='ltr'><strong>illo</strong></span> <span class='ocrx_word' id='word_1_656' title='bbox 1220 5845 1558 5899; x_wconf 77' lang='lat' dir='ltr'><strong>monasterio</strong></span> <span class='ocrx_word' id='word_1_657' title='bbox 1590 5838 1973 5901; x_wconf 40' lang='lat' dir='ltr'><strong>coli’sanctum</strong></span> 
     </span>
    </p>
   </div>
   <div class='ocr_carea' id='block_1_104' title="bbox 2079 4649 2900 4718">
    <p class='ocr_par' dir='ltr' id='par_1_104' title="bbox 2079 4649 2900 4718">
     <span class='ocr_line' id='line_1_104' title="bbox 2079 4649 2900 4718; baseline 0.004 -17"><span class='ocrx_word' id='word_1_658' title='bbox 2079 4649 2282 4718; x_wconf 86' lang='lat' dir='ltr'><strong>degarii</strong></span> <span class='ocrx_word' id='word_1_659' title='bbox 2307 4649 2532 4717; x_wconf 77' lang='lat' dir='ltr'><strong>episcopi</strong></span> <span class='ocrx_word' id='word_1_660' title='bbox 2554 4658 2601 4702; x_wconf 86' lang='lat' dir='ltr'><strong>et</strong></span> <span class='ocrx_word' id='word_1_661' title='bbox 2625 4650 2900 4718; x_wconf 80' lang='lat' dir='ltr'><strong>martyris.</strong></span> 
     </span>
    </p>
   </div>
   <div class='ocr_carea' id='block_1_105' title="bbox 2153 4739 3666 4812">
    <p class='ocr_par' dir='ltr' id='par_1_105' title="bbox 2153 4739 3666 4812">
     <span class='ocr_line' id='line_1_105' title="bbox 2153 4739 3666 4812; baseline 0.003 -18"><span class='ocrx_word' id='word_1_662' title='bbox 2153 4755 2184 4794; x_wconf 88' lang='lat' dir='ltr'><strong>v</strong></span> <span class='ocrx_word' id='word_1_663' title='bbox 2217 4739 2364 4795; x_wconf 82' lang='lat' dir='ltr'><strong>Non.</strong></span> <span class='ocrx_word' id='word_1_664' title='bbox 2394 4739 2510 4795; x_wconf 90' lang='lat' dir='ltr'><strong>Oct.</strong></span> <span class='ocrx_word' id='word_1_665' title='bbox 2535 4740 2848 4804; x_wconf 73' lang='lat' dir='ltr'><strong>Antiochia,</strong></span> <span class='ocrx_word' id='word_1_666' title='bbox 2882 4740 3184 4812; x_wconf 75' lang='lat' dir='ltr'><strong>&#39;l‘beogeni.</strong></span> <span class='ocrx_word' id='word_1_667' title='bbox 3217 4743 3428 4808; x_wconf 80' lang='lat' dir='ltr'><strong>Africa,</strong></span> <span class='ocrx_word' id='word_1_668' title='bbox 3473 4741 3666 4798; x_wconf 80' lang='lat' dir='ltr'><strong>Victo-</strong></span> 
     </span>
    </p>
   </div>
   <div class='ocr_carea' id='block_1_106' title="bbox 2083 4829 3670 4904">
    <p class='ocr_par' dir='ltr' id='par_1_106' title="bbox 2083 4829 3670 4904">
     <span class='ocr_line' id='line_1_106' title="bbox 2083 4829 3670 4904; baseline 0.001 -18"><span class='ocrx_word' id='word_1_669' title='bbox 2083 4831 2178 4898; x_wconf 85' lang='lat' dir='ltr'><strong>ris,</strong></span> <span class='ocrx_word' id='word_1_670' title='bbox 2243 4829 2474 4897; x_wconf 88' lang='lat' dir='ltr'><strong>Urbani,</strong></span> <span class='ocrx_word' id='word_1_671' title='bbox 2523 4829 2776 4902; x_wconf 74' lang='lat' dir='ltr'><strong>Sapargi.</strong></span> <span class='ocrx_word' id='word_1_672' title='bbox 2828 4831 2896 4886; x_wconf 85' lang='lat' dir='ltr'><strong>Et</strong></span> <span class='ocrx_word' id='word_1_673' title='bbox 2942 4831 3092 4898; x_wconf 87' lang='lat' dir='ltr'><strong>alibi,</strong></span> <span class='ocrx_word' id='word_1_674' title='bbox 3135 4831 3353 4900; x_wconf 87' lang='lat' dir='ltr'><strong>Felicis,</strong></span> <span class='ocrx_word' id='word_1_675' title='bbox 3408 4835 3670 4904; x_wconf 87' lang='lat' dir='ltr'><strong>Amponi,</strong></span> 
     </span>
    </p>
   </div>
   <div class='ocr_carea' id='block_1_107' title="bbox 2079 4925 2256 4982">
    <p class='ocr_par' dir='ltr' id='par_1_107' title="bbox 2079 4925 2256 4982">
     <span class='ocr_line' id='line_1_107' title="bbox 2079 4925 2256 4982; baseline 0.011 -2"><span class='ocrx_word' id='word_1_676' title='bbox 2079 4925 2256 4982; x_wconf 85' lang='lat' dir='ltr'><strong>Casti.</strong></span> 
     </span>
    </p>
   </div>
   <div class='ocr_carea' id='block_1_108' title="bbox 2153 5015 3672 5093">
    <p class='ocr_par' dir='ltr' id='par_1_108' title="bbox 2153 5015 3672 5093">
     <span class='ocr_line' id='line_1_108' title="bbox 2153 5015 3672 5093; baseline 0.004 -23"><span class='ocrx_word' id='word_1_677' title='bbox 2153 5031 2205 5070; x_wconf 82' lang='lat' dir='ltr'><strong>tv</strong></span> <span class='ocrx_word' id='word_1_678' title='bbox 2223 5015 2365 5070; x_wconf 87' lang='lat' dir='ltr'><strong>Non.</strong></span> <span class='ocrx_word' id='word_1_679' title='bbox 2386 5016 2504 5072; x_wconf 84' lang='lat' dir='ltr'><strong>Oct.</strong></span> <span class='ocrx_word' id='word_1_680' title='bbox 2527 5015 2585 5070; x_wconf 90' lang='lat' dir='ltr'><strong>ln</strong></span> <span class='ocrx_word' id='word_1_681' title='bbox 2613 5015 2873 5087; x_wconf 61' lang='lat' dir='ltr'><strong>Egypto,</strong></span> <span class='ocrx_word' id='word_1_682' title='bbox 2902 5015 3094 5083; x_wconf 85' lang='lat' dir='ltr'><strong>Marci,</strong></span> <span class='ocrx_word' id='word_1_683' title='bbox 3115 5027 3172 5074; x_wconf 90' lang='lat' dir='ltr'><strong>et</strong></span> <span class='ocrx_word' id='word_1_684' title='bbox 3187 5017 3442 5074; x_wconf 74' lang='lat' dir='ltr'><strong>Martiani</strong></span> <span class='ocrx_word' id='word_1_685' title='bbox 3463 5035 3584 5076; x_wconf 82' lang='lat' dir='ltr'><strong>mar</strong></span> <span class='ocrx_word' id='word_1_686' title='bbox 3605 5037 3672 5093; x_wconf 82' lang='lat' dir='ltr'><strong>y-</strong></span> 
     </span>
    </p>
   </div>
   <div class='ocr_carea' id='block_1_109' title="bbox 2083 5107 3671 5178">
    <p class='ocr_par' dir='ltr' id='par_1_109' title="bbox 2083 5107 3671 5178">
     <span class='ocr_line' id='line_1_109' title="bbox 2083 5107 3671 5178; baseline 0 -16"><span class='ocrx_word' id='word_1_687' title='bbox 2083 5123 2223 5166; x_wconf 86' lang='lat' dir='ltr'><strong>rum.</strong></span> <span class='ocrx_word' id='word_1_688' title='bbox 2255 5109 2312 5163; x_wconf 84' lang='grc' dir='ltr'><strong>ιιι</strong></span> <span class='ocrx_word' id='word_1_689' title='bbox 2344 5107 2550 5175; x_wconf 84' lang='lat' dir='ltr'><strong>Africa,</strong></span> <span class='ocrx_word' id='word_1_690' title='bbox 2577 5107 2820 5175; x_wconf 84' lang='lat' dir='ltr'><strong>Marcisi,</strong></span> <span class='ocrx_word' id='word_1_691' title='bbox 2857 5109 3140 5176; x_wconf 84' lang='lat' dir='ltr'><strong>Restituti,</strong></span> <span class='ocrx_word' id='word_1_692' title='bbox 3190 5109 3343 5166; x_wconf 84' lang='lat' dir='ltr'><strong>Julii.</strong></span> <span class='ocrx_word' id='word_1_693' title='bbox 3399 5112 3467 5166; x_wconf 82' lang='lat' dir='ltr'><strong>Et</strong></span> <span class='ocrx_word' id='word_1_694' title='bbox 3515 5114 3671 5178; x_wconf 83' lang='lat' dir='ltr'><strong>alibi,</strong></span> 
     </span>
    </p>
   </div>
   <div class='ocr_carea' id='block_1_110' title="bbox 2082 5198 3670 5273">
    <p class='ocr_par' dir='ltr' id='par_1_110' title="bbox 2082 5198 3670 5273">
     <span class='ocr_line' id='line_1_110' title="bbox 2082 5198 3670 5273; baseline 0.004 -19"><span class='ocrx_word' id='word_1_695' title='bbox 2082 5200 2258 5254; x_wconf 86' lang='lat' dir='ltr'><strong>sancti</strong></span> <span class='ocrx_word' id='word_1_696' title='bbox 2293 5198 2461 5265; x_wconf 87' lang='lat' dir='ltr'><strong>Dasii,</strong></span> <span class='ocrx_word' id='word_1_697' title='bbox 2501 5199 2744 5271; x_wconf 83' lang='lat' dir='ltr'><strong>alibique</strong></span> <span class='ocrx_word' id='word_1_698' title='bbox 2792 5200 3033 5258; x_wconf 75' lang='lat' dir='ltr'><strong>Marcelli</strong></span> <span class='ocrx_word' id='word_1_699' title='bbox 3090 5202 3357 5273; x_wconf 84' lang='lat' dir='ltr'><strong>episcopi.</strong></span> <span class='ocrx_word' id='word_1_700' title='bbox 3416 5203 3670 5260; x_wconf 82' lang='lat' dir='ltr'><strong>Autisio-</strong></span> 
     </span>
    </p>
   </div>
   <div class='ocr_carea' id='block_1_111' title="bbox 2081 5291 3673 5372">
    <p class='ocr_par' dir='ltr' id='par_1_111' title="bbox 2081 5291 3673 5372">
     <span class='ocr_line' id='line_1_111' title="bbox 2081 5291 3673 5372; baseline 0.003 -24"><span class='ocrx_word' id='word_1_701' title='bbox 2081 5292 2234 5358; x_wconf 89' lang='lat' dir='ltr'><strong>dero,</strong></span> <span class='ocrx_word' id='word_1_702' title='bbox 2275 5291 2548 5363; x_wconf 83' lang='lat' dir='ltr'><strong>depositio</strong></span> <span class='ocrx_word' id='word_1_703' title='bbox 2579 5293 2754 5349; x_wconf 82' lang='lat' dir='ltr'><strong>sancti</strong></span> <span class='ocrx_word' id='word_1_704' title='bbox 2785 5293 2950 5372; x_wconf 78' lang='lat' dir='ltr'><strong>Marsi</strong></span> <span class='ocrx_word' id='word_1_705' title='bbox 2967 5293 3276 5364; x_wconf 83' lang='lat' dir='ltr'><strong>presbyteri</strong></span> <span class='ocrx_word' id='word_1_706' title='bbox 3304 5303 3362 5350; x_wconf 88' lang='lat' dir='ltr'><strong>et</strong></span> <span class='ocrx_word' id='word_1_707' title='bbox 3388 5295 3673 5353; x_wconf 79' lang='lat' dir='ltr'><strong>confesso-</strong></span> 
     </span>
    </p>
   </div>
   <div class='ocr_carea' id='block_1_112' title="bbox 2083 5401 2179 5441">
    <p class='ocr_par' dir='ltr' id='par_1_112' title="bbox 2083 5401 2179 5441">
     <span class='ocr_line' id='line_1_112' title="bbox 2083 5401 2179 5441; baseline 0 -1"><span class='ocrx_word' id='word_1_708' title='bbox 2083 5401 2179 5441; x_wconf 76' lang='lat' dir='ltr'><strong>l‘lS.</strong></span> 
     </span>
    </p>
   </div>
   <div class='ocr_carea' id='block_1_113' title="bbox 2083 5571 3676 5646">
    <p class='ocr_par' dir='ltr' id='par_1_113' title="bbox 2083 5571 3676 5646">
     <span class='ocr_line' id='line_1_113' title="bbox 2083 5571 3676 5646; baseline 0.005 -23"><span class='ocrx_word' id='word_1_709' title='bbox 2083 5571 2400 5646; x_wconf 77' lang='lat' dir='ltr'><strong>quemdam,</strong></span> <span class='ocrx_word' id='word_1_710' title='bbox 2443 5573 2560 5646; x_wconf 59' lang='lat' dir='ltr'><strong>qui</strong></span> <span class='ocrx_word' id='word_1_711' title='bbox 2593 5589 2792 5630; x_wconf 82' lang='lat' dir='ltr'><strong>nomen</strong></span> <span class='ocrx_word' id='word_1_712' title='bbox 2846 5573 3113 5646; x_wconf 68' lang='lat' dir='ltr'><strong>Sequanae</strong></span> <span class='ocrx_word' id='word_1_713' title='bbox 3159 5575 3369 5631; x_wconf 85' lang='lat' dir='ltr'><strong>ﬂumini</strong></span> <span class='ocrx_word' id='word_1_714' title='bbox 3438 5576 3676 5644; x_wconf 80' lang='lat' dir='ltr'><strong>dederit,</strong></span> 
     </span>
    </p>
   </div>
   <div class='ocr_carea' id='block_1_114' title="bbox 2085 5642 3678 5714">
    <p class='ocr_par' dir='ltr' id='par_1_114' title="bbox 2085 5642 3678 5714">
     <span class='ocr_line' id='line_1_114' title="bbox 2085 5642 3678 5714; baseline 0.004 -18"><span class='ocrx_word' id='word_1_715' title='bbox 2085 5643 2216 5696; x_wconf 88' lang='lat' dir='ltr'><strong>mihi</strong></span> <span class='ocrx_word' id='word_1_716' title='bbox 2251 5642 2476 5714; x_wconf 59' lang='lat' dir='ltr'><strong>videtur</strong></span> <span class='ocrx_word' id='word_1_717' title='bbox 2505 5642 2730 5714; x_wconf 68' lang='lat' dir='ltr'><strong>Sigonis</strong></span> <span class='ocrx_word' id='word_1_718' title='bbox 2764 5642 2962 5702; x_wconf 81' lang='lat' dir='ltr'><strong>nomen</strong></span> <span class='ocrx_word' id='word_1_719' title='bbox 2997 5648 3225 5702; x_wconf 92' lang='lat' dir='ltr'><strong>omnino</strong></span> <span class='ocrx_word' id='word_1_720' title='bbox 3273 5662 3396 5702; x_wconf 82' lang='lat' dir='ltr'><strong>esse</strong></span> <span class='ocrx_word' id='word_1_721' title='bbox 3431 5642 3678 5702; x_wconf 59' lang='lat' dir='ltr'><strong>retineo?-</strong></span> 
     </span>
    </p>
   </div>
   <div class='ocr_carea' id='block_1_115' title="bbox 2086 5710 3676 5786">
    <p class='ocr_par' dir='ltr' id='par_1_115' title="bbox 2086 5710 3676 5786">
     <span class='ocr_line' id='line_1_115' title="bbox 2086 5710 3676 5786; baseline 0.006 -22"><span class='ocrx_word' id='word_1_722' title='bbox 2086 5710 2607 5786; x_wconf 21' lang='lat' dir='ltr'><strong>dum.‘Et__quidem</strong></span> <span class='ocrx_word' id='word_1_723' title='bbox 2643 5729 2709 5769; x_wconf 90' lang='lat' dir='ltr'><strong>eo</strong></span> <span class='ocrx_word' id='word_1_724' title='bbox 2749 5716 2943 5786; x_wconf 79' lang='lat' dir='ltr'><strong>magis.</strong></span> <span class='ocrx_word' id='word_1_725' title='bbox 2980 5718 3125 5786; x_wconf 86' lang='lat' dir='ltr'><strong>quod</strong></span> <span class='ocrx_word' id='word_1_726' title='bbox 3156 5733 3262 5771; x_wconf 88' lang='lat' dir='ltr'><strong>non</strong></span> <span class='ocrx_word' id='word_1_727' title='bbox 3309 5714 3474 5771; x_wconf 86' lang='lat' dir='ltr'><strong>&#39;aliter</strong></span> <span class='ocrx_word' id='word_1_728' title='bbox 3527 5717 3676 5773; x_wconf 83' lang='lat' dir='ltr'><strong>scri-</strong></span> 
     </span>
    </p>
   </div>
   <div class='ocr_carea' id='block_1_116' title="bbox 2086 5782 3570 5861">
    <p class='ocr_par' dir='ltr' id='par_1_116' title="bbox 2086 5782 3570 5861">
     <span class='ocr_line' id='line_1_116' title="bbox 2086 5782 3570 5861; baseline 0.005 -25"><span class='ocrx_word' id='word_1_729' title='bbox 2086 5783 2227 5837; x_wconf 90' lang='lat' dir='ltr'><strong>bitor</strong></span> <span class='ocrx_word' id='word_1_730' title='bbox 2259 5782 2309 5837; x_wconf 90' lang='lat' dir='ltr'><strong>in</strong></span> <span class='ocrx_word' id='word_1_731' title='bbox 2333 5782 3083 5861; x_wconf 28' lang='lat' dir='ltr'><strong>Martyrologiis.Gelonensi,</strong></span> <span class='ocrx_word' id='word_1_732' title='bbox 3115 5797 3168 5843; x_wconf 86' lang='lat' dir='ltr'><strong>et</strong></span> <span class='ocrx_word' id='word_1_733' title='bbox 3197 5787 3382 5844; x_wconf 86' lang='lat' dir='ltr'><strong>Sancti</strong></span> <span class='ocrx_word' id='word_1_734' title='bbox 3403 5786 3570 5844; x_wconf 83' lang='lat' dir='ltr'><strong>Galli.</strong></span> 
     </span>
    </p>
   </div>
  </div>
