3934 6188
229 340 333 404 l9}

1336 343 1439 403 MA
1451 335 2021 400 RTYROLOGIUM
2059 333 2325 396 VETUS.

3395 335 3507 404 494

292 475 354 516 ιιι
374 455 522 514 Non,
542 457 660 514 οεε,
695 456 760 513 ιη
799 457 1008 526 Sicilia,
1031 458 1248 524 placiti,
1270 458 1474 522 Emici,
1501 468 1556 513 ει
1582 458 1810 512 aliorum
1843 464 1890 516 Α
1917 451 2145 506 Martiae.
2168 451 2226 505 In
2251 448 2645 518 Chalcedonia,
2674 452 2873 508 natalis
2899 455 3070 510 sancti
3103 455 3352 512 Adriani.
3372 456 3505 512 Item

227 553 468 621 triginta.
505 550 574 604 Et
604 550 975 625 alibi,~Barici,
1010 551 1301 618 Victorini,
1337 552 1548 614 Fausti,
1580 549 1814 618 Pelagii.

226 645 470 700 Valentia
497 645 744 706 civitate.
774 644 1046 712 depositio
1076 645 1422 714 Apollonaris
1456 645 1703 716 episcopi
1759 651 1818 696 et

227 736 590 792 confessoris.
619 735 997 802 Autisiodero,
1029 738 1303 808 depositio
1343 747 1658 794 sanctorum
1685 750 1813 806 ger-

228 829 513 886 manorum
538 829 766 885 Firmati
796 831 1036 894 diaconi,
1061 841 1118 886 et
1144 830 1418 888 Flavianas
1448 831 1554 886 Deo
1589 838 1818 885 sacratae

229 923 478 994 virginis.

293 1015 483 1070 Pridie
509 1015 656 1070 Non.
686 1015 808 1072 Oct.
835 1015 1048 1087 Capua,
1081 1015 1278 1071 natalis
1299 1026 1616 1070 sanctorum
1673 1013 1819 1069 Mar-

225 1109 558 1173 celli,Casti,
590 1109 786 1174 Emeli,
815 1109 1124 1176 Saturnini,
1147 1108 1435 1164 Donatelli.
1458 1109 1664 1170 Roma,
1693 1108 1818 1163 Bal-

225 1201 390 1267 binaz,
421 1211 479 1256 et
509 1202 785 1268 depositio
817 1202 993 1258 sancti
1009 1201 1174 1256 Marci
1205 1203 1467 1270 episcopi,
1501 1199 1727 1254 Juliani.
1755 1199 1816 1253 In

227 1291 429 1356 Africa,
471 1291 686 1361 Rogati,
719 1291 1030 1352 Saturnini,
1060 1288 1330 1354 Januarii,
1372 1289 1636 1354 Faustini,
1671 1288 1816 1342 Mar-

229 1381 391 1436 tialis.
425 1381 481 1434 1n
510 1381 728 1450 Apulia,
768 1379 942 1447 Casti,
977 1381 1172 1443 Emeli,
1203 1379 1510 1442 Saturnini,
1541 1379 1820 1432 Ammonii

229 1473 551 1544 presbyteri.
600 1477 824 1544 Agenno
873 1475 1117 1538 civitate,
1167 1455 1370 1527 natalis
1418 1482 1628 1528 sancta:
1669 1471 1819 1526 Fidis

230 1567 456 1637 virginis
469 1577 523 1620 et
543 1569 819 1636 martyris.
839 1565 903 1620 In
931 1567 1143 1620 civitate
1177 1563 1542 1628 Autisiodero,
1561 1563 1817 1631 depositio

230 1659 400 1711 sancti
436 1657 662 1710 Romani
691 1657 941 1726 episcopi.

302 1765 357 1805 ix
389 1749 520 1804 Idus
555 1749 676 1804 Oct.
722 1750 929 1814 lterum,
957 1749 1038 1802 via
1074 1749 1266 1816 Appia,
1295 1746 1572 1816 depositio
1598 1751 1819 1799 sancto-
1927 1749 2104 1790 torum
2178 1739 2518 1808 septuaginta
2575 1759 2589 1798 :

1923 541 2130 609 Fausti,
2160 543 2430 611 Januarii,
2456 543 2720 600 Marcelli.
2752 545 2810 599 In
2842 545 3197 615 Alexandria,
3222 547 3508 606 Athanasii

1918 633 2159 704 episcopi
2185 643 2244 688 et
2269 633 2625 690 confessoris.

1993 742 2028 780 ιι
2066 725 2196 782 Idus
2219 725 2338 783 Oct.
2369 727 2579 795 Romae,
2609 729 2699 784 via
2719 727 2963 793 Aurelia.
2997 731 3048 785 in
3073 735 3388 789 cosmeterio
3405 733 3511 788 Ca-

1919 820 2144 892 lapodii,
2169 823 2372 878 Calesti
2398 823 2662 893 episcopi,
2691 823 2893 880 Saturi.
2919 826 2976 880 In
3003 826 3370 897 Cappadocia,
3399 829 3511 884 Lu-

1919 911 2477 984 pranpodi,Modesti,
2503 914 2748 980 Luciaui,
2776 913 3084 982 Saturnini,
3113 918 3385 987 Simplici,
3411 915 3512 972 Sa-

1919 1003 2055 1070 turi,
2079 1003 2304 1060 Placidi.
2330 1007 2579 1061 Cordoba
2615 1007 2858 1072 civitate,
2899 1006 3058 1078 Lupi,
3101 1009 3357 1076 Aurelia,
3398 1007 3513 1063 Ma-

1920 1096 2072 1151 ximi.
2093 1095 2342 1167 Lugduni
2359 1096 2576 1165 Gallice,
2607 1099 2902 1154 translatio
2925 1102 3162 1166 corporis
3181 1102 3512 1157 sanctilusti

1920 1191 2150 1257 episcopi
2171 1198 2220 1242 et
2238 1189 2576 1258 confessoris.

1996 1278 2127 1332 Idus
2185 1277 2304 1335 Oct.
2357 1279 2585 1336 Colonia
2640 1283 2883 1349 civitate,
2949 1285 3144 1340 natalis
3195 1295 3512 1341 sanctorum

1923 1368 2237 1424 Maurorum
2265 1371 2333 1424 de
2363 1371 2629 1426 militibus
2673 1389 2687 1427 :
2721 1375 2778 1428 In
2797 1374 3008 1444 Capua,
3041 1374 3255 1444 Luplili.
3290 1376 3505 1430 VtaAu-

1921 1462 2076 1524 relia,
2097 1462 2151 1515 in
2183 1463 2500 1518 cmmeterio
2519 1455 3013 1534 ejusdem-sancta.-
3031 1469 3365 1525 Fortunatae.

1993 1568 2101 1607 xvn
2159 1552 2287 1608 Kal.
2320 1553 2459 1611 Nov.
2493 1557 2552 1610 In
2579 1557 2744 1624 Baiis,
2781 1561 2957 1614 saneti
2988 1561 3122 1615 Solii
3153 1564 3430 1632 martyris.
3455 1563 3509 1618 in

1921 1643 2127 1709 Africa,
2151 1643 2357 1709 Cecras,
2393 1657 2450 1701 et
2472 1647 2704 1702 aliorum
2741 1650 2950 1716 pariter
2986 1667 3274 1719 passorum
3309 1653 3514 1707 ducen-

2661 1739 2838 1807 Merii,
2923 1745 3128 1808 Aulidi,
3205 1744 3511 1811 Saturnini,

235 1859 350 1898 rum
379 1853 685 1912 martyrum
704 1841 918 1910 Apulei,
939 1850 994 1894 et
1012 1840 1251 1894 Marcelli
1276 1839 1537 1908 episcopi,
1568 1848 1623 1891 et
1640 1834 1812 1890 Marci
1846 1827 1892 1885 Β
1918 1829 2106 1885 Nerei.

232 1933 477 2002 episcopi
503 1944 560 1986 et
585 1930 934 1987 confessoris.
961 1929 1016 1983 In
1037 1930 1220 2000 Capua
1241 1929 1574 1998 Campaniae,
1597 1925 1811 1992 Quarti,

233 2033 282 2078 et
312 2022 640 2076 Marcellini.
678 2021 741 2075 Et
768 2020 922 2084 alibi,
955 2031 1159 2076 sancta:
1184 2018 1364 2086 Julizn,
1403 2017 1580 2092 Syrgi,
1623 2017 1810 2080 Bacei,

203 2123 284 2178 ,οι
329 2114 529 2169 natalis
582 2114 760 2170 sancti
822 2111 1066 2167 Matthaai
1119 2112 1488 2182 evangelistam
1543 2109 1816 2164 Bituricas

232 2205 468 2272 civitate,
517 2205 693 2260 sancti
739 2203 1028 2275 Augustini
1085 2201 1386 2272 presbyteri
1431 2213 1487 2256 et
1528 2198 1813 2256 αοιιῑςεδο-

233 2313 326 2355 ηε.

300 2406 392 2446 vtn
417 2392 548 2446 Idus
579 2389 697 2446 Oct.
717 2391 776 2443 ln
799 2388 1110 2453 Antiochia,
1134 2388 1377 2456 Dionysii
1424 2386 1685 2458 episcOpi,
1730 2383 1818 2438 Ja-

235 2483 432 2546 nuarii,
478 2481 723 2536 Faustini
768 2479 1268 2547 inart.,Marttalis,
1318 2479 1544 2545 Privati,
1595 2477 1816 2542 Eraclii,

231 2574 454 2639 Juliani,
491 2575 740 2645 Pelagia.

303 2682 376 2722 vn
395 2665 534 2720 Idas
570 2665 692 2720 Oct.
725 2666 784 2721 In
807 2667 1036 2722 civitate
1050 2664 1308 2720 Laodicia
1329 2661 1596 2732 Phrygiae,
1626 2660 1822 2715 natalis

233 2759 407 2813 sancti
432 2755 720 2813 Theodoti.
757 2758 826 2812 Et
853 2757 1010 2822 alibi,
1045 2758 1234 2823 Attici,
1269 2755 1532 2821 Ludduli,
1567 2749 1820 2823 Septimi,

232 2843 387 2900 Julii.
423 2845 646 2901 Colonia
669 2847 968 2918 Agrippina
1002 2848 1245 2913 civitate,
1269 2847 1468 2902 natalis
1505 2855 1822 2900 sanctorum

237 2947 609 2993 trecentorum
651 2940 1040 3008 septemdecim
1083 2951 1406 3010 martyrum.
1449 2938 1505 2992 In
1545 2937 1822 3007 provincia

233 3029 416 3096 Creta,
448 3031 668 3086 civitate
696 3033 964 3102 Angusta,
999 3032 1196 3087 natalis
1228 3031 1588 3087 sanctzeAlra:
1617 3040 1825 3099 marty-

233 3125 332 3178 ris.
361 3124 422 3180 In
457 3125 686 3180 civitate
714 3123 950 3188 Vienna,
976 3125 1274 3180 multorum
1306 3135 1633 3193 martyrum.
1667 3122 1823 3176 Pari-

231 3217 374 3279 sius.
411 3217 618 3273 natalis
657 3227 977 3273 sanctorum
1020 3217 1265 3288 Dionysii
1304 3215 1568 3286 episcopi,
1605 3213 1823 3270 Rustici

231 3310 559 3380 presbyteri,
579 3309 874 3365 Eleutherii
896 3311 1134 3364 diaconi.
1151 3309 1220 3364 In
1237 3307 1457 3364 Centqu
1477 3307 1820 3373 monasterio,

231 3403 518 3455 translatio
541 3403 776 3471 corporis
801 3401 1044 3457 Richarii
1072 3401 1418 3471 confessoris.
1449 3400 1658 3468 Romae,
1684 3399 1824 3454 Mar-

229 3493 380 3560 celli,
454 3493 714 3562 Genuiui,
764 3494 944 3562 Novii,
997 3494 1161 3550 Justi.
1223 3495 1372 3549 inter
1431 3493 1570 3548 duas
1619 3494 1824 3560 lauros,

227 3595 443 3640 sancta'
492 3585 766 3652 Primitiae,
819 3585 998 3652 Custi,
1042 3586 1193 3641 Julii.
1239 3587 1298 3640 In
1347 3584 1557 3651 Cilicia,
1606 3585 1824 3652 Taraci,

224 3675 421 3739 Probi,
441 3687 494 3732 et
521 3680 839 3734 Andronici.
863 3677 931 3732 In
950 3679 1174 3733 Centulo
1199 3679 1544 3746 monasterio,
1564 3678 1824 3747 depositio

226 3772 470 3841 corporis
501 3769 564 3825 Β.
589 3770 813 3824 Riehari
839 3770 1178 3840 confessoris.
1212 3769 1436 3825 Corbeia
1473 3771 1822 3832 monasterio,

223 3865 497 3934 depositio
526 3862 824 3934 Theofridis
854 3864 1089 3920 abbatis.
1331 3873 1344 3879 ‘
1719 3917 1734 3925 -

300 3974 357 4012 v1
385 3956 519 4011 Idus
541 3955 659 4011 Oct.
685 3955 741 4011 ln
765 3956 973 4023 Africa,
997 3954 1522 4026 AlracliLDionysii.
1548 3953 1826 4024 Septimio,

220 4053 524 4116 Secundae,
556 4051 750 4106 Salsa.
784 4049 851 4106 Et
882 4050 1033 4116 alibi,
1059 4049 1225 4116 Caiti,
1266 4047 1538 4116 Quintasi,
1579 4047 1826 4116 Septimi,

227 4145 492 4211 Venusti,
526 4143 700 4210 Beati,
734 4142 996 4208 Secundi,
1031 4142 1248 4208 Donati,
1279 4142 1498 4208 Sereni,
1524 4138 1826 4205 Crescenti,

219 4239 460 4303 Taraei,
494 4237 680 4302 Probi,
715 4235 1040 4300 Andronici,
1073 4235 1270 4290 Niceti.
1314 4233 1522 4288 Natalis
1574 4233 1828 4300 Firmini,

221 4332 479 4397 lleracli,
509 4331 693 4394 Cassi,
723 4328 969 4395 Eusebii,
1002 4329 1265 4392 Florenti,
1327 4325 1579 4382 Victoris.
1631 4327 1829 4397 Agrip-

218 4427 396 4494 pina,
437 4421 672 4477 Mallusti
703 4438 829 4476 cum
865 4421 990 4476 aliis
1025 4421 1289 4476 trecentis
1319 4421 1542 4490 triginta
1565 4420 1826 4489 martyri-

1990 1937 2079 1977 xvt
2111 1921 2240 1978 Kal.
2260 1923 2395 1980 Nov.
2433 1923 2772 1988 Nicomedia,
2805 1928 3122 1984 Alexandri.
3156 1928 3214 1984 in
3253 1927 3514 1986 Mauritao

1920 2014 2034 2078 nia,
2058 2011 2203 2082 Nini,
2236 2015 2520 2082 Victorias,
2551 2016 2871 2084 Nobilitani,
2901 2019 3212 2087 Mauritani,
3238 2021 3392 2089 Luci,
3423 2022 3516 2078 Ci-

1922 2107 2043 2172 tini,
2060 2105 2448 2174 Criscentiaui,
2477 2108 2714 2178 Ruliani,
2737 2112 2955 2177 Donati,
2972 2114 3316 2181 Delensoris,
3333 2117 3516 2172 [tosti-

1921 2197 2078 2264 tiaui,
2110 2197 2416 2265 Serviliani,
2451 2197 2686 2266 Sacrati,
2735 2200 2998 2267 Veneriae,
3049 2202 3316 2266 Januarii,
3368 2205 3516 2260 Mus-

1924 2291 2068 2354 tulae,
2096 2291 2366 2362 Quintasi,
2406 2289 2670 2358 Mammas,
2706 2292 2926 2361 Primae,
2971 2295 3213 2361 Donata,
3247 2297 3510 2364 Severiae,

1924 2382 2204 2448 Victoriae,
2238 2384 2474 2451 Basillaz,
2506 2386 2757 2458 Magnili.

1994 2491 2064 2530 xv
2083 2474 2211 2530 Kal.
2239 2474 2380 2532 Nov.
2411 2477 2470 2531 In
2495 2476 2738 2544 Oriente,
2767 2480 3054 2537 translatio
3075 2483 3322 2552 corporis
3337 2487 3510 2538 sancti

1925 2569 2084 2624 Lucae
2106 2571 2480 2640 evangelista.
2515 2571 2573 2626 In
2606 2569 2940 2639 Nicomedia,
2973 2573 3153 2640 Lucae,
3201 2574 3512 2636 Vicmrinae.

1923 2660 2146 2716 Justini.
2179 2658 2237 2714 lu
2276 2659 2546 2730 Axiopoli,
2588 2662 2883 2730 llermetis,
2916 2671 2970 2719 et
3000 2661 3208 2732 Taxis,
3243 2665 3393 2721 Julii.
3448 2667 3516 2722 Et

1922 2753 2078 2822 juxta
2106 2762 2317 2821 portum
2348 2753 2674 2820 Retnanum,
2705 2757 2896 2824 passio
2917 2757 2976 2813 S.
3004 2759 3230 2828 Agnetis
3267 2761 3511 2830 virginis.

1929 2843 1988 2898 In
2019 2844 2316 2914 Campania
2355 2845 2579 2902 civitate
2610 2847 2875 2916 Puteolis,
2904 2849 3166 2913 Januarii,
3203 2851 3421 2917 Felicis,
3463 2865 3518 2908 et

1928 2940 2198 3008 deposatio
2217 2939 2353 2994 Justi
2375 2941 2549 3008 pueri.
2584 2941 2642 2995 In
2665 2943 2870 3008 Africa,
2891 2943 3064 3012 Lucii,
3094 2945 3346 3010 Vicoris,
3365 2943 3513 3008 Dasi,

1929 3031 2116 3096 Leuci,
2152 3029 2913 3105 Victorici,Beresiepiscopi,
2946 3033 3216 3098 Victricis,
3239 3032 3515 3097 Faustini,

1932 3124 2212 3178 Martialis.
2280 3121 2516 3178 Ebrocas
2575 3125 2808 3190 ciuitate,
2881 3126 3078 3179 natalis
3153 3125 3216 3181 S.
3281 3127 3516 3197 Aquilini

1929 3217 2154 3286 episcopi
2193 3225 2242 3270 et
2265 3217 2600 3287 confessoris.

2001 3323 2095 3364 stv
2126 3307 2258 3366 Kal.
2289 3306 2428 3363 Nov.
2463 3309 2521 3364 ln
2553 3307 2729 3375 Ostia,
2765 3310 3005 3366 Austerii
3038 3311 3364 3383 presbyteri.
3383 3311 3520 3368 Nea-

1914 3401 2065 3472 'poli,
2092 3401 2268 3464 Sussi,
2301 3399 2572 3466 Januarii,
2599 3401 2769 3467 Festi,
2799 3402 3084 3458 Desiderii.
3113 3404 3170 3463 In
3202 3405 3524 3461 cmmeterio

1929 3491 2194 3558 Puteolis,
2235 3493 2504 3555 Prosculi,
2543 3493 2832 3558 Prosduei,
2865 3506 2920 3549 et
2960 3495 3108 3551 Nica-
3147 3499 3334 3554 matris
3373 3499 3517 3568 ejui.

1930 3585 2154 3643 Domntr
2185 3587 2434 3657 virginis,
2469 3587 2606 3652 Asti,
2636 3589 2799 3642 Bniti.
2829 3587 3194 3651 ln‘Antiocltia
3212 3589 3398 3660 Syriae,
3425 3607 3522 3645 na-

1933 3680 2056 3736 talis
2087 3693 2406 3736 sanctorum
2441 3679 2666 3752 Pelagii,
2700 3680 2975 3747 Beronici,
3008 3681 3258 3752 Pelagia),
3291 3676 3347 3740 et
3377 3687 3518 3739 alio-

1931 3789 2051 3829 rum
2083 3774 2439 3842 quadraginta
2466 3782 2592 3829 octo
2623 3785 2943 3844 martyrum.

2003 3882 2100 3922 xm
2132 3867 2257 3921 Kal.
2295 3865 2435 3920 Nov.
2469 3865 2526 3919 In
2561 3865 2801 3921 Puteolis
2831 3867 3074 3931 civitate,
3111 3869 3288 3932 Dasii,
3313 3871 3516 3924 Δηοςί-

1935 3959 2092 4024 nimi,
2122 3957 2392 4022 Januarii,
2415 3957 2696 4024 llorothei,
2725 3957 2972 4026 Susin‘tii,
3002 3958 3298 4016 Januariaz.
3331 3962 3392 4017 In
3419 3961 3518 4016 Ni-

1936 4047 2206 4115 comedia,
2238 4048 2493 4111 Eusticis,
2515 4048 2828 4116 Promachi,
2857 4049 3033 4115 Lucii,
3056 4049 3523 4118 Marcellini,Ber—

1936 4143 2102 4198 niaci.
2146 4140 2277 4196 Item
2311 4139 2537 4204 Susimi.
2565 4140 2832 4208 Januarii,
2857 4141 3005 4196 Julii.
3031 4144 3256 4214 Agenno
3279 4145 3522 4212 civitate,

1935 4235 2112 4291 sancti
2143 4235 2394 4305 Caprasii
2430 4235 2708 4305 martyris.

2007 4343 2084 4384 xu
2119 4327 2248 4384 Kal.
2281 4327 2420 4383 Nov.
2472 4327 2534 4382 lu
2582 4327 2920 4394 Nicomedia,
2973 4328 3140 4398 Dasii,
3189 4330 3380 4400 Zotici,
3424 4333 3524 4389 Gai

1936 4439 2060 4480 eum
2126 4421 2415 4479 duodecim
2487 4421 2734 4478 millibus.
2773 4423 3127 4493 martyribus.
3196 4427 3257 4480 In
3319 4426 3522 4493 Africa,

220 4521 354 4570 tius.
395 4514 607 4568 Eodem
649 4514 739 4569 die
772 4513 973 4569 natalis
1000 4513 1176 4569 sancti
1197 4512 1467 4568 .Cerbonii
1497 4511 1829 4567 confessoris
1861 4531 1907 4586 ι)
1935 4514 2190 4582 Modesti,
2216 4514 2416 4582 Eutici,
2445 4512 2656 4580 Hateri,
2687 4515 2886 4571 Dissei.
2919 4515 2982 4570 ιιι
3009 4513 3193 4572 Nirea
3238 4516 3525 4589 Bithyniae,

219 4609 273 4662 itt
301 4608 644 4676 Populonia.

287 4718 325 4756 ν
364 4701 505 4755 Idas
540 4701 662 4757 Oct.
693 4701 751 4755 In
786 4701 1004 4756 Acerno
1029 4702 1045 4731 ⁸
1077 4697 1298 4765 Sicilias,
1339 4697 1512 4752 sancti
1536 4695 1823 4752 Athanasii

207 4793 561 4865 presbyteri,
590 4795 844 4863 Ampodi,
875 4794 1105 4857 Placidi,
1134 4793 1345 4858 Fausti,
1377 4789 1645 4855 Jatmarii,
1680 4789 1825 4842 Mar-

209 4891 398 4952 tialis,
449 4886 714 4953 Marcelli,
760 4885 1062 4953 Juviniani,
1109 4889 1423 4950 Antiochia,
1469 4889 1644 4942 sancti
1687 4888 1824 4940 Era-

1935 4607 2157 4678 Al‘rigis,
2191 4606 2471 4668 Macharii.
2505 4606 2670 4674 Dicei,
2715 4605 2958 4664 Proculi.
2979 4607 3230 4680 Neapoli,
3272 4612 3525 4676 Madent,

1935 4711 1990 4755 et
2010 4702 2242 4756 aliorum
2268 4704 2547 4772 octoginta
2595 4711 2849 4772 quatuor.
2895 4702 3140 4761 Puteolis
3184 4704 3518 4776 Campaniae,

1937 4790 2174 4857 Proculi,
2242 4791 2472 4857 Euticis,
2538 4793 2819 4860 Macharii,
2880 4794 3196 4851 Donatellae.
3259 4797 3524 4867 Lugduno

1935 4880 2143 4949 Galliae,
2179 4885 2413 4941 Viatoris
2448 4887 2628 4957 pueri,
2677 4889 2933 4960 discipuli
2977 4891 3153 4946 sancti
3203 4889 3341 4944 Justi
3393 4890 3523 4957 epi-

1935 4991 2111 5046 scopi.

2014 5086 2069 5125 ιι
2105 5069 2235 5125 Kal.
2267 5073 2402 5128 Nov.
2459 5072 2518 5126 In
2569 5072 2922 5145 Adrianopoli
2971 5075 3234 5141 Thraciae,
3287 5074 3522 5144 Philippi

1937 5165 2207 5237 episcopi,
2242 5163 2460 5219 Eusebii
2495 5173 2551 5219 et
2599 5161 2892 5232 Hermetis,
2952 5161 3162 5220 Severi;
3217 5167 3277 5219 In
3317 5165 3520 5228 ‘Portu,

1939 5261 2116 5318 sancti
2145 5258 2350 5314 Valerii
2377 5258 2656 5330 martyris.
2686 5259 2748 5314 In
2778 5257 3030 5325 Thracia,
3061 5261 3189 5314 item
3221 5259 3428 5315 Severi.
3458 5260 3524 5314 Et

1938 5354 2090 5421 alibi,
2123 5353 2309 5424 passio
2340 5353 2514 5409 sancti
2547 5354 2792 5426 Leugati.
3341 5423 3349 5432 _

2011 5464 2043 5502 ι
2074 5446 2200 5501 Kal.
2238 5446 2374 5503 Nov.
2405 5447 2465 5502 In
2496 5447 2874 5518 Adrisnopoli,
2909 5444 3122 5511 Severi,
3154 5445 3434 5503 Domthei.
3465 5443 3524 5500 In

1939 5539 2172 5596 Caesaria
2194 5537 2580 5611 Cappadociae,
2606 5538 2853 5606 Seuresi,
2885 5539 3082 5612 Magni,
3116 5537 3278 5594 Justi.
3307 5539 3366 5594 In
3395 5537 3525 5596 Gal-

1943 5635 2032 5699 lia,
2063 5634 2334 5707 depositio
2359 5635 2532 5694 sancti
2555 5633 2802 5690 Gratiani
2831 5635 3106 5705 martyris.

205 4983 329 5036 dzi.
384 4980 594 5036 Eodem
637 4982 725 5036 die
765 4983 942 5039 sancti
982 4981 1208 5042 Nieasii.
1250 4993 1304 5038 et
1343 4983 1578 5038 aliorum
1620 4991 1826 5051 marty-

207 5092 364 5130 rum.

281 5185 344 5224 tv
379 5167 526 5223 ldus
558 5168 676 5226 Oct.
713 5167 772 5223 In
808 5167 1091 5238 provincia
1125 5167 1318 5239 Syriae,
1349 5177 1664 5223 sanctorum
1691 5168 1830 5222 Eva-

199 5265 321 5333 gri,
363 5262 654 5317 Prosirize.
692 5263 752 5316 In
791 5259 1049 5333 Egypto,
1083 5259 1323 5316 Eustasii
1373 5259 1708 5330 presbyteri.
1767 5259 1827 5314 ln

196 5354 557 5424 Campania,
588 5354 788 5408 natalis
815 5363 1130 5408 sanctorum
1168 5351 1462 5418 Eucaristi,
1505 5349 1823 5406 Fortunati.

196 5449 264 5504 ιιι
300 5448 614 5511 Ravenna,
651 5445 740 5500 via
765 5442 1122 5510 Laurentina,
1158 5444 1356 5499 natalis
1396 5443 1574 5499 sancti
1619 5443 1820 5508 Edicti,

195 5542 440 5605 Rom,
470 5538 697 5606 Calesti,
727 5538 934 5595 Saturi.
960 5538 1251 5604 Bituricas,
1283 5538 1458 5592 sancti
1479 5535 1730 5606 Opionis.

271 5651 345 5693 ιιι
377 5633 526 5689 Idus
541 5631 648 5689 αι.
666 5633 726 5689 In
749 5632 1044 5704 Hispaniis,
1066 5632 1320 5690 Corduba
1342 5633 1589 5699 civitate,
1617 5631 1828 5698 Fausti,

325 5819 413 5876 In
451 5815 680 5875 Accrno.
717 5819 931 5876 Editum
960 5827 1081 5876 erat
1125 5819 1180 5873 in
1225 5819 1444 5878 Acerra.
