3934 6188
438 352 546 418 495

1398 344 1457 405 S.
1503 338 1950 402 HIERONYMI
1968 328 1977 337 ’
1996 339 2319 401 OPERUM
2356 338 2773 399 MAN'l‘lSSA.
3593 333 3698 395 «lilii

509 486 561 524 ts
594 463 727 521 Kal.
757 463 891 520 Nov.
919 464 976 518 In
998 460 1328 523 Nicomedia,
1349 454 1779 519 Severi,Vitalis,
1794 454 2014 519 Felicis,

2158 458 2356 511 edonii.
2381 456 2446 509 Et
2476 457 2625 523 alibi,
2655 457 2848 511 natalis
2868 463 3190 511 sanctorum
3218 453 3490 517 Januarii,
3528 454 3693 517 Petri,

437 559 655 629 Rogati,
688 557 902 626 Paperi,
944 552 1221 618 Victoriae,
1251 547 1517 608 Flaviani,
1538 544 1798 601 Victoris.
1832 545 2017 600 Hiera-

436 652 545 718 poli
570 648 835 717 Phrygias,
863 643 1170 707 Claudiani,
1205 639 1450 705 Eutheri,
1478 635 1711 700 Flavini,
1755 635 1920 702 Justi,
1961 644 2018 690 et

440 744 671 800 Victoris

508 850 604 889 vnn
637 831 761 885 Kal.
784 829 915 885 Nov.
951 826 1158 893 Romae,
1190 821 1435 887 Masimi,
1464 828 1519 877 et
1535 819 1767 875 aliorum
1798 827 2018 874 Centum

437 929 623 998 \iginti
643 925 900 988 militum,
930 936 1161 991 quorum
1188 916 1415 972 nomina
1446 914 1589 969 Deus
1617 913 1739 967 scit.
1788 911 1845 964 In
1905 910 2020 964 Ga-

439 1020 598 1085 valis,
628 1016 903 1085 depositio
924 1014 1070 1069 beati
1094 1009 1284 1067 Hilarii
1314 1007 1556 1078 cpi:copi
1577 1012 1632 1061 et
1657 1002 2017 1059 confessoris.

444 1115 501 1167 In
548 1110 730 1164 Africa
774 1106 1078 1168 Saturnini,
1119 1101 1425 1168 Claudiani,
1472 1096 1719 1164 Primivi,
1749 1094 2021 1158 Flaviani,

410 1203 632 1258 .Zotici.
662 1201 715 1254 In
746 1198 1020 1263 Sardinia,
1054 1195 1271 1260 Savini,
1326 1190 1535 1257 Saturi,
1583 1188 1788 1254 Asteri,
1834 1187 2021 1242 Chari.

439 1292 763 1349 Suessionis
785 1292 1025 1356 civitate,
1064 1288 1260 1343 natalis
1294 1293 1612 1340 sanctorum
1665 1278 1909 1348 Crispini
1968 1288 2025 1331 et

436 1385 765 1455 Crispiniani
801 1392 1129 1452 martyrum;
1166 1374 1474 1438 Clandiani,
1527 1370 1743 1441 Rogati,
1800 1369 2025 1439 Papari,

410 1514 413 1517 ι
439 1478 657 1544 Felicis,
686 1487 746 1531 et
775 1473 988 1529 Vitalis.
1025 1470 1343 1532 Sanctonas,
1374 1464 1664 1520 translatio
1696 1463 1935 1530 corporis
1958 1460 2020 1515 S.

450 1568 660 1621 Vibiani
684 1564 1001 1634 confessoris
1029 1572 1077 1615 et
1106 1559 1357 1627 episwpi.

513 1676 588 1715 vn
619 1658 749 1713 Kal.
781 1659 914 1713 Nov.
952 1654 1009 1709 In
1048 1651 1388 1713 Nicomedia,
1425 1654 1736 1703 sanctorum
1762 1644 2025 1710 Luciani,

446 1753 736 1818 Mardiani,
771 1750 959 1813 Florii,
984 1747 1210 1809 Eraclii,
1245 1744 1397 1799 Tuti.

2117 546 2452 611 Crescentis,
2489 547 2852 610 Victnrini,et
2882 545 3118 599 aliorum
3150 560 3470 613 martyrum.
3505 543 3699 597 Castro

2120 640 2371 702 Divione,
2405 639 2590 708 passio
2616 639 2791 693 sancti
2816 637 3041 705 Benigni
3075 637 3377 707 presbyteri
3413 646 3469 690 et
3500 647 3706 705 marty-

2120 732 2219 798 ris,
2257 744 2311 786 et
2341 733 2516 786 sancti
2543 730 2789 786 Melanti.
2824 730 3519 801 Augustiduno,depos-nio
3536 731 3708 783 sancti

2122 824 2290 877 Primi
2353 824 2617 893 episcopi.
2691 822 2918 892 Bajocas
2980 822 3216 884 civitate,
3285 820 3456 873 sancti
3504 818 3714 888 Vigorio

2120 917 2348 985 episcopi
2402 926 2452 970 et
2489 916 2828 985 confessoris.
2876 915 3013 969 Sitio
3061 916 3409 977 monasterio,
3460 913 3715 978 depositio

2122 1011 2297 1063 sancti
2326 1009 2618 1062 Audomari
2640 1010 2873 1076 episcopi
2895 1017 2943 1061 et
2966 1007 3307 1075 confessoris.
3338 1005 3576 1057 Pictavis
3595 1004 3720 1057 civi-

2127 1112 2257 1168 tate,
2276 1103 2545 1156 dedicatio
2563 1102 2799 1155 basilica:
2830 1098 2891 1156 S.
2939 1100 3144 1154 Hilarii
3171 1099 3395 1166 episcopi
3422 1106 3475 1150 ct
3518 1098 3722 1166 confes-

2137 1198 2297 1251 saris.

2198 1305 2254 1344 ιιι
2290 1287 2436 1341 Non.
2491 1285 2747 1340 Novemb.
2794 1282 3074 1338 Dedicatio
3118 1281 3360 1337 basilicas
3390 1282 3573 1337 sancti
3606 1282 3722 1337 An-

2126 1384 2271 1438 dreae
2325 1381 2594 1451 Apostoli.
2660 1380 2717 1432 In
2760 1377 2995 1433 Caesaria
3054 1375 3450 1445 Cappadociae,
3521 1376 3718 1429 natalis

2129 1484 2441 1531 sanctorum
2495 1472 2776 1535 Germani,
2830 1469 3146 1538 Theophili,
3205 1469 3452 1531 Czesarii,
3516 1463 3708 1538 Egrili,

2128 1567 2345 1622 Vitalis.
2402 1566 2463 1618 Et
2504 1566 2658 1630 alibi,
2694 1564 2879 1632 passio
2922 1572 3130 1615 sancta:
3176 1561 3448 1630 Agriculre
3490 1562 3717 1631 virginis

2129 1670 2186 1716 et
2216 1660 2490 1730 martyris.
2519 1658 2682 1719 Item,
2712 1653 2932 1717 Felicis,
2960 1653 3265 1708 Crescenti.

2204 1751 2388 1804 Pridie
2427 1749 2572 1802 Non.
2624 1747 2880 1801 Novemb.
2926 1746 2982 1799 In
3014 1744 3223 1807 Africa,
3262 1744 3465 1799 natalis
3509 1755 3720 1799 sancto-

516 1861 570 1900 τι
604 1846 730 1899 Kal.
756 1842 894 1898 Nov.
917 1841 975 1896 in
1008 1839 1547 1902 Africa,sanctorum
1566 1830 1877 1895 Saturnini,
1902 1829 2029 1883 Fla-

2162 1861 2248 1898 um
2304 1842 2468 1896 Primi
2513 1841 2762 1903 Caesarii,
2826 1840 3101 1909 Gregorii,
3142 1837 3456 1907 Porphyrii,
3517 1837 3716 1899 Saturi,

443 1940 541 1994 vii.
572 1935 929 2007 lttPltrygia,
952 1932 1134 1998 Tarsi,
1165 1928 1472 2001 Pofyvarpi,
1502 1924 1623 1988 Gai,
1650 1922 1895 1986 Eumini,
1921 1920 2032 1976 N0-

445 2032 670 2097 comini,
710 2028 918 2099 Longi,
948 2023 1212 2087 Diodori,
1264 2020 1519 2084 Metrobi,
1568 2016 1834 2078 Euminaz,
1878 2013 2033 2069 Tuti.

446 2127 660 2191 Romae,
696 2121 948 2185 Mariani,
1015 2116 1192 2181 Lucii,
1231 2114 1425 2168 Vweti.
1464 2114 1521 2164 ln
1564 2109 1838 2173 Sardinia,
1890 2106 2035 2171 Poti,

443 2217 710 2281 Januarii,
752 2212 966 2277 'l‘arrci,
999 2210 1300 2273 Comuinae,
1335 2204 1587 2260 et-sancti
1618 2201 1907 2257 Florentii.

516 2327 549 2366 ν
570 2308 701 2363 Kal.
728 2299 1452 2371 Nov.lnAntiochia-Syrim,
1468 2295 1740 2361 Marandi,
1757 2294 2033 2356 Marianaa,

451 2401 749 2457 Arctlludi.
799 2397 857 2452 In
902 2394 1255 2463 Carthagine,
1300 2391 1475 2445 sancti
1530 2386 1913 2442 Sufronisteni.
1970 2386 2038 2438 Et

450 2496 601 2558 alibi,
626 2501 943 2547 sanctorum
965 2486 1343 2559 apostolorum
1374 2481 1616 2536 Simonis
1644 2478 1961 2542 Cltananari,
1985 2488 2039 2533 et

448 2586 599 2642 Iuda:
632 2583 855 2640 Zt-JOtis.
891 2578 1197 2641 Amaranti,
1231 2576 1444 2642 Quinti,
1476 2583 1531 2627 et
1560 2572 1729 2636 Justi,
1752 2570 1934 2626 Lucii.

521 2676 726 2735 "Kal.
758 2674 893 2729 Nov.
926 2672 986 2727 1n
1004 2668 1268 2733 Lucania,
1290 2665 1628 2721 Sacincti....
1662 2662 1874 2727 Quinti,
1896 2660 2040 2716 Feli-

448 2773 639 2835 t'ianaz,
674 2780 729 2825 et
760 2750 1365 2830 Lucianzcrmartirum.

543 2882 583 2920 ιι
615 2862 745 2917 Kal.
770 2860 991 2916 Nov..ln
1027 2855 1363 2916 Nicomedia,
1388 2850 1653 2915 Januarii,
1673 2848 2039 2909 Calendionis,

452 2958 743 3021 Martialis,
777 2952 1065 3015 Germani,
1106 2948 1293 3009 Marci,
1334 2944 1645 3014 Theophili,
1668 2941 1921 2996 Eusebii.
1977 2940 2042 2993 Et

451 3054 503 3106 in
532 3038 739 3113 Africa,
771 3046 959 3102 Passio
985 3053 1303 3098 sanctorum
1340 3052 1572 3092 numero
1602 3046 1820 3091 centum
1853 3034 2043 3103 viginti

452 3159 773 3214 martyrum.
812 3141 966 3205 Item,
1021 3136 1241 3200 Felicis,
1291 3132 1502 3198 Quinti,
1537 3128 1737 3193 ‘Lucm,
1788 3126 2038 3192 Luciani,

456 3237 708 3301 Victoris,
735 3233 947 3299 Vitalis,
985 3230 1202 3293 Donati,
1241 3227 1408 3286 Petri,
1444 3224 1621 3288 Mtrii,
1647 3220 2037 3284 Januarii,,Fi-

452 3334 569 3396 rite,
604 3327 894 3392 llermetis,
930 3323 1155 3386 Urbani,
1183 3321 1356 3375 Attiti.
1398 3318 1461 3372 Et
1491 3317 1677 3386 passio
1700 3315 1874 3369 sancti
1899 3312 2040 3366 Feli-

454 3424 596 3479 eiani
636 3436 763 3477 cum
792 3420 954 3474 sociis
980 3418 1113 3471 suis.
1150 3414 1207 3467 lu
1233 3411 1548 3474 Antiochia,
1575 3405 1840 3471 Januarii,
1884 3404 2042 3460 Mar-

455 3518 615 3578 tiani,
666 3511 908 3573 Nazarii,
958 3506 1227 3570 Gervasii,
1272 3503 1523 3567 Protasii,
1576 3511 1630 3554 et
1673 3498 1819 3553 Celsi
1867 3499 2041 3568 pueri.

457 3609 657 3664 Tolosa:
690 3603 972 3659 translatio
1001 3600 1240 3668 corporis
1269 3598 1441 3651 sancti
1472 3592 1781 3657 Saturnini,
1812 3591 2046 3661 episcopi

455 3712 503 3756 et
539 3698 812 3769 martyris.

526 3793 716 3848 Pridie
746 3789 873 3845 Kal.
900 3788 1036 3843 Nov.
1068 3786 1124 3839 In
1144 3782 1353 3847 Africa,
1380 3779 1880 3846 Clacovii,Juliani,
1912 3777 2043 3831 For—

459 3888 654 3953 tunati,
695 3884 927 3949 Silvani,
970 3880 1342 3943 Calendionis,
1386 3874 1703 3938 Bonifacize,
1749 3874 2042 3936 Casia...”

458 3981 701 4044 Gallica},
741 3977 934 4047 Agapi,
976 3974 1255 4036 Victoriae,
1290 3970 1507 4034 Felieis,
1553 3966 1784 4029 Simoni,
1832 3964 2046 4027 Donati,

463 4073 788 4135 llusticiani,
850 4067 1156 4130 Fortunati,
1210 4062 1479 4124 Romani,
1536 4059 1761 4125 Silvani,
1814 4058 2046 4120 Mimmi,

461 4164 730 4235 Angelali,
781 4159 1037 4222 Nuncini,
1084 4155 1431 4219 Felicissimi,
1476 4159 1532 4207 et
1577 4152 1812 4206 aliorum
1860 4151 2050 4219 viginti

466 4275 682 4323 novem,
724 4254 945 4319 Valerii,
980 4250 1250 4305 Vincenti.
1284 4248 1344 4302 lu
1376 4248 1657 4316 Hispania,
1686 4245 2049 4300 JanuariiJn

470 4351 807 4413 Macedonia,
844 4344 1250 4409 Vitalis,Petri,
1282 4342 1584 4406 Crescenti,
1626 4341 1877 4404 Alterini,
1926 4338 2050 4393 Vic-

474 4446 659 4500 torini.
693 4442 822 4496 Item
857 4438 1028 4503 Petri,
1059 4435 1589 4499 Mar...,Matnmari,
1622 4432 1930 4494 Saturnini,
1964 4430 2053 4485 Vi-

2137 1936 2377 1999 Amanti,
2433 1934 2628 1997 Publii,
2704 1932 2991 1993 Secundae,
3056 1930 3370 1991 Victorinae,
3416 1927 3717 1997 Perpetua,

2142 2027 2398 2092 Victoris,
2428 2024 2642 2091 Quarti.
2672 2023 2729 2077 lu
2755 2022 2969 2087 Nicaea,
3002 2020 3198 2075 natalis
3226 2021 3401 2073 sancti
3450 2019 3718 2092 Domnini.

2137 2080 2527 2190 Angustiduno.
2579 2117 2838 2183 depositio
2895 2080 3111 2168 Proculi
3162 2114 3411 2181 episcopi.
3472 2080 3716 2164 dothenis

2138 2215 2370 2278 civitate,
2396 2212 2648 2279 depositio
2678 2210 2849 2263 sancti
2881 2208 3119 2260 Amantii
3155 2205 3386 2274 episcOpi
3414 2212 3466 2257 et
3506 2202 3717 2272 confes-

2138 2306 2294 2359 soris.
2329 2303 2625 2369 Bituricas,
2660 2300 2933 2370 depositio
2969 2300 3147 2355 sancti
3183 2297 3413 2353 Lusoris
3462 2311 3641 2367 pueri,
3670 2301 3723 2348 et

2141 2398 2499 2454 confessoris.

2216 2491 2363 2545 Non.
2414 2489 2670 2544 Novemb.
2723 2488 2779 2542 In
2830 2487 3067 2541 Casaria
3112 2483 3489 2554 Cappadocia,
3531 2481 3724 2535 natalis

2142 2599 2456 2637 sanctorum
2494 2579 2772 2641 Domuini,
2804 2576 3053 2639 Caesar-ii,
3089 2574 3406 2644 Epipltanii,
3442 2572 3716 2643 Gregorii,

2142 2676 2363 2746 Appini,
2398 2673 2709 2737 Saturnini,
2743 2671 3005 2735 Amantii,
3042 2668 3241 2730 Publii,
3277 2667 3436 2720 Mart.
3465 2664 3525 2718 In
3562 2665 3721 2717 Caut-

2144 2768 2326 2839 pania,
2360 2765 2558 2821 natalis
2582 2777 2898 2819 sanctarum
2927 2760 3141 2814 Marcia:
3162 2769 3216 2814 et
3242 2758 3718 2823 Secundae.Capus

2146 2862 2392 2927 civitate,
2420 2860 2624 2913 natalis
2653 2866 2969 2914 sanctorum
3002 2853 3220 2918 Evrasi,
3253 2861 3306 2907 et
3333 2847 3552 2916 Quarti,
3583 2848 3718 2909 Joci.

2148 2953 2309 3007 Ludi.

2220 3063 2319 3102 Vlll
2360 3046 2491 3100 ldus
2536 3044 2672 3099 Nov.
2705 3044 2763 3099 In
2802 3042 3144 3107 Nicomedia,
3175 3039 3369 3095 natalis
3409 3046 3722 3094 sanctorum

2150 3143 2400 3206 Adriani,
2459 3138 2636 3203 Julize,
2694 3150 2747 3193 et
2810 3136 3087 3192 Eusebiae.
3144 3134 3201 3187 In
3269 3131 3474 3195 Africa,
3530 3128 3723 3183 natalis

2145 3246 2457 3290 sanctorum
2477 3233 2690 3295 Donati,
2710 3230 2883 3297 Pauli,
2920 3228 3175 3291 Balsami,
3194 3224 3468 3286 Domnini,
3494 3222 3723 3281 Primae,

2149 3329 2335 3394 Duliae,
2379 3327 2711 3392 Fortunam,
2736 3326 3030 3385 Januarim,
3065 3322 3309 3387 Quartae.
3343 3319 3406 3371 Et
3440 3320 3493 3370 in
3526 3314 3724 3368 Tonisa

2144 3423 2351 3487 Africa,
2391 3420 2589 3474 natalis
2617 3418 2795 3474 sanet-i
2828 3416 3047 3471 Felicis.
3088 3414 3155 3467 Et
3193 3416 3245 3467 in
3279 3411 3538 3481 Phrygia,
3572 3417 3724 3461 nata-

2147 3516 2212 3569 lis
2264 3525 2580 3569 sanctorum
2630 3509 2907 3573 Januarii,
2949 3508 3139 3569 Attici,
3181 3506 3385 3569 Barici,
3424 3503 3723 3566 Mammari,

2151 3605 2485 3669 Venerit-ini,
2544 3615 2599 3657 et
2659 3603 2921 3657 Veneriae.
2958 3600 3256 3670 Regidona.
3304 3598 3503 3651 natalis
3561 3597 3728 3650 sancti

2148 3699 2354 3753 Halani
2388 3699 2616 3768 episcopi
2648 3708 2696 3751 et
2738 3696 3081 3764 confessoris.

2220 3791 2451 3846 vnldus
2481 3789 2619 3844 Nov.
2676 3789 2735 3843 in
2779 3789 3115 3852 Nicomedia,
3166 3785 3367 3840 natalis
3401 3783 3575 3839 sancti
3625 3779 3729 3834 Eu-

2151 3886 2309 3951 sebii,
2344 3885 2552 3949 Pobisi,
2591 3883 2850 3947 Eustasii,
2882 3880 3059 3945 Marii,
3096 3878 3295 3942 Primi,
3327 3875 3729 3943 JulimJanua-

2154 3980 2269 4044 ria,
2303 3978 2647 4049 Rogatianaa,
2675 3974 2883 4045 Optati,
2923 3971 3179 4027 Adriani.
3216 3969 3284 4023 Et
3310 3972 3359 4023 in
3394 3970 3602 4031 Africa,
3634 3979 3728 4018 na-

2155 4073 2277 4127 talis
2300 4080 2617 4126 sanctorum
2647 4068 2862 4137 Rogati,
2897 4067 3113 4130 Donati,
3144 4065 3365 4128 Prinne,
3400 4061 3577 4116 Julias.

2223 4180 2274 4218 \u
2303 4163 2431 4217 ldus
2465 4161 2715 4217 Novemb.
2752 4158 2959 4226 Rom’m,
2986 4158 3185 4213 natalis
3223 4166 3540 4211 sanctorum
3586 4152 3731 4206 Sim-

2155 4256 2324 4326 plicii,
2363 4255 2704 4326 Sympronii,
2736 4252 2981 4315 Claudii,
3022 4250 3262 4314 Custori,
3313 4248 3634 4310 Nicostrati,
3680 4252 3733 4297 ct
3808 4259 3819 4270 ·

2144 4356 2478 4409 Sanctorum
2517 4358 2748 4418 quatuor
2779 4348 3203 4409 Coronatorum,
3241 4343 3454 4406 Severi,
3488 4340 3736 4396 Severia-

2159 4445 2236 4506 ui,
2270 4441 2630 4511 Carpopltori,
2676 4438 2966 4493 Victorini.
3025 4436 3080 4490 ltt
3122 4433 3330 4499 Africa,
3368 4432 3567 4485 natalis
3611 4445 3736 4484 san-

467 4539 701 4609 gilantii,
739 4535 995 4600 Noneini,
1031 4531 1269 4601 Magnili.
1304 4530 1364 4583 1n
1396 4528 1735 4593 Nicomedia,
1795 4525 2037 4594 Philippi.

2160 4551 2369 4591 olorum
2390 4536 2582 4600 Primi,
2605 4530 3065 4600 Maelnariiﬁusti,
3091 4526 3393 4592 Amaranti,
3419 4535 3478 4581 et
3501 4524 3734 4578 aliorum

469 4641 524 4683 et
556 4624 929 4684 Calendionis.
967 4624 1210 4692 Augusta
1248 4618 1703 4674 Viromandorum
1740 4618 1799 4671 in
1852 4615 2050 4680 Gallia,

473 4722 650 4779 sancti
686 4719 954 4786 Quintiui.

992 4918 1191 4977 ENSIS
1221 4915 1624 4974 NOVEMBER.

1013 5038 1189 5096 liabet
1227 5034 1343 5090 dies
1390 5050 1513 5088 xxx.

551 5184 678 5239 Kal.
717 5178 969 5236 Novemb.
1007 5173 1219 5229 Litania
1253 5171 1560 5227 indicenda.
1610 5166 1895 5222 Festivitas
1945 5181 2060 5218 om-

478 5285 626 5337 nium
642 5290 969 5335 sanctorum.
990 5272 1157 5338 Petri,
1180 5267 1501 5332 Mammerti,
1520 5263 1823 5329 Saturnini,
1850 5261 2058 5330 Magni.

483 5374 546 5427 iit
575 5370 761 5441 passio
793 5362 1069 5422 EuStachii
1097 5358 1353 5429 martyris
1385 5371 1508 5411 cum
1541 5367 1712 5408 uxore
1737 5362 1792 5407 et
1817 5352 1961 5405 tiliis.
1999 5349 2057 5404 In

481 5460 822 5522 Macedonia,
852 5457 1066 5521 Basilis,
1096 5451 1307 5514 Jacobi,
1342 5459 1396 5504 et
1427 5446 1604 5503 sancti
1634 5443 1865 5500 Joannis
1895 5459 2061 5499 evan-

482 5557 713 5627 gelista.
740 5551 796 5606 ιιι
830 5548 1147 5611 Terracina,
1177 5544 1373 5599 natalis
1404 5550 1721 5595 sanctorum
1750 5537 2059 5605 Meltlegasi,

485 5648 713 5713 Juliani,
754 5642 1011 5703 Victoris,
1046 5637 1270 5703 Felicis,
1303 5636 1439 5701 Sati,
1468 5634 1873 5697 Perseveranti,
1907 5630 2067 5686 Octa-

487 5746 611 5801 vim,
646 5737 866 5801 Cessiaa,
905 5733 1124 5796 Eristei,
1178 5728 1481 5793 Saturnini,
1529 5724 1820 5795 Simplicii,
1873 5722 2063 5784 Primi,

490 5830 721 5895 Cesatii,
747 5825 945 5896 Magni,
978 5822 1135 5878 Justi.
1164 5822 1220 5877 ln
1248 5819 1506 5884 Caesaria,
1534 5817 1730 5872 natalis
1761 5815 1934 5871 sancti
1958 5813 2067 5869 Ma-

2164 4631 2458 4698 nonaginta
2491 4636 2748 4695 quatuor.
2779 4624 2841 4676 Et
2889 4625 2941 4675 in
2974 4619 3312 4683 Nicomedia,
3364 4617 3573 4672 natalis
3610 4632 3739 4670 san-

2162 4731 2377 4775 ctorum
2410 4716 2674 4783 Damiaui,
2701 4713 2939 4779 Eusebii,
2959 4709 3457 4777 Calesti,Eustasii,
3482 4718 3538 4763 et
3559 4706 3738 4772 Marii,
3772 4746 3775 4749 η

2165 4808 2364 4877 Magni.

2238 4918 2268 4954 ν
2324 4901 2457 4956 Idus
2512 4900 2655 4954 Nov.
2695 4901 2753 4954 ln
2809 4896 3147 4961 Nicomedia,
3176 4895 3377 4950 natalis
3406 4905 3741 4964 sanctorum

2166 4997 2437 5061 Damiani,
2489 4996 2702 5059 Donati,
2762 4994 3043 5057 Restituti,
3111 4991 3394 5054 Victorini,
3445 4989 3742 5050 Salutaris,

2167 5092 2497 5154 Crescentis,
2544 5089 2801 5145 Demetrii
2836 5098 2890 5142 et
2930 5087 3216 5156 Exuorgii,
3248 5086 3488 5139 Eusebii.
3536 5083 3742 5143 Romae,

2170 5185 2368 5239 natalis
2413 5194 2727 5239 sanctorum
2771 5182 3097 5246 Clementis,
3139 5179 3513 5250 Symphrouii.
3552 5176 3615 5231 In
3653 5173 3744 5228 lli-

2172 5277 2398 5346 spaniis,
2439 5276 2633 5331 natalis
2681 5286 2999 5330 sanctorum
3052 5272 3263 5338 Fausti,
3291 5269 3566 5335 Januarii,
3608 5267 3747 5322 Mar-

2174 5368 2320 5422 tialis
2348 5378 2509 5422 mart.

2244 5473 2298 5512 tv
2340 5456 2471 5511 Idus
2521 5456 2661 5512 Nov.
2696 5456 2750 5512 In
2804 5456 3117 5521 Antiochia,
3182 5453 3383 5511 natalis
3424 5463 3745 5509 sanctorum

2176 5552 2364 5619 Primi,
2425 5551 2707 5619 Macltarii,
2775 5553 3024 5613 Diacoui,
3088 5550 3417 5615 Eustasi,et
3476 5549 3747 5603 sociorum

2174 5648 2317 5717 ejus,
2352 5645 2618 5709 Januarii,
2642 5645 2990 5700 Canditliani.
3020 5646 3075 5700 ln
3117 5643 3327 5706 Africa,
3394 5644 3595 5696 natalis
3627 5659 3752 5697 Sun-

2176 5750 2388 5796 ctorum
2424 5738 2728 5801 Saturnini,
2785 5737 2998 5804 Donati,
3047 5737 3373 5793 Annibonise
3410 5746 3467 5791 et
3517 5735 3753 5793 aliorum

2178 5833 2583 5906 septemdecim.
2621 5830 2827 5901 Rerum,
2864 5833 3129 5903 (lepOsilio
3161 5832 3333 5887 sancti
3382 5829 3582 5887 Leonis
3637 5829 3751 5900 epi-
