3956 6196
307 362 416 425 ἕξῆ

1426 353 2094 417 MAR'I‘YBULOGIUM
2141 357 2406 419 VETUS.

3463 364 3588 426 498:

308 477 478 541 scOpi.
503 473 800 527 Iri-civitate
822 469 1418 538 Aurelianis,depositiv
1444 469 1879 524 beatiilhmitoris
1909 478 1958 538 Α
1986 478 2196 523 ctorum
2241 469 2503 532 Diobidis,
2529 477 2583 524 ct
2632 469 2796 526 Didas.
2832 472 2892 526 Et
2926 474 2976 526 in
3030 471 3291 528 Heraclea
3326 475 3576 542 cititatc,

310 565 541 631 cpiscoiii
571 571 620 618 et
645 563 986 632 confessoris.

381 654 614 710 tit-Idus
656 653 796 709 Nov.
831 653 1093 707 Ravenna
1119 652 1317 709 natalis
1343 662 1658 708 sanctorum
1697 651 1892 706 Valen-

311 747 436 812 tini,
471 745 982 812 Feliciani,(lctavi,
1006 743 1222 808 Felicis,
1259 743 1529 809 Januarii,
1562 743 1889 810 Eurundini,

312 839 606 902 Victorini,
636 837 854 903 Felicis,
870 835 1042 902 Nisei,
1077 835 1303 904 Juliani,
1335 834 1609 900 Vincenti,
1641 833 1890 897 Januari,

310 931 558 997 Ciddini,
581 929 871 986 Bonifacia:
898 929 1179 998 martyris,
1198 928 1416 994 Minaci,
1443 927 1656 992 Domni,
1676 926 1889 991 Fit-mae,

312 1023 524 1086 Mariae,
557 1018 880 1084 Felicitatis,
913 1018 1155 1085 Felicia,
1191 1019 1541 1084 linitocentiae,
1577 1017 1891 1081 Fortunati,

312 1114 647 1183 Principiis,
708 1111 1091 1175 Domnicellaz,
1159 1109 1522 1176 Clementitti,
1579 1109 1891 1176 Januarias,

317 1207 603 1268 \‘ictnrize,
668 1203 891 1260 Juliani.
948 1201 1282 1257 Alexandria
1326 1199 1643 1270 Metropoli,
1698 1201 1895 1256 natalis

313 1299 497 1352 sancti
533 1294 701 1349 Mente
747 1295 1028 1364 martyris.
1058 1293 1298 1348 Turonis
1343 1293 1588 1358 civitate,
1626 1293 1896 1363 depositio

315 1389 496 1442 sancti
559 1386 776 1442 Martini
835 1387 1080 1455 episcopi
1128 1395 1186 1440 et
1235 1385 1591 1441 confessoris.
1639 1384 1896 1455 Lugduna

320 1480 536 1543 Calliw,
571 1479 831 1548 depositio
877 1477 1064 1531 Verani
1087 1477 1338 1546 episcopi.

396 1573 581 1626 Pridie
619 1571 748 1626 ldus
804 1569 948 1625 Nov.
1003 1570 1058 1624 lu
1107 1570 1311 1636 Africa,
1347 1571 1544 1625 natalis
1591 1580 1898 1626 sanctorum

322 1666 538 1730 Auruli,
573 1664 783 1729 Publii,
827 1663 1099 1719 Vincenti.
1132 1663 1188 1719 in
1241 1663 1478 1720 Cacsaria
1528 1664 1898 1732 Cappadociae,

331 1755 531 1809 natalis
562 1762 874 1808 sanctorum
918 1751 1198 1815 Germani,
1231 1753 1534 1817 Theophili,
1564 1753 1808 1820 Caesarii,
1848 1762 1902 1808 ct

326 1846 495 1899 Sancti
527 1843 766 1898 Eusebii.
1081 1903 1086 1910 θ

395 1934 531 1989 Idus
553 1934 685 1988 Nov.
713 1933 772 1988 In
798 1931 1053 1996 Thracia,
1099 1933 1297 1987 natalis
1328 1945 1642 1987 sanctorum
1674 1932 1899 1998 .r‘Edicti,

331 2025 528 2092 Eutici,
566 2024 787 2088 Felicis,
825 2022 1174 2092 llermogeni,
1199 2034 1254 2078 et
1299 2024 1532 2092 Agicstis
1580 2035 1896 2095 martyrum.

332 2117 392 2170 lit
423 2116 750 2178 in.C:csaria
792 2115 1174 2185 Cappadociae,
1207 2116 1406 2170 natalis
1438 2129 1750 2170 sanctorum
1790 2118 1897 2171 Att-

333 2207 487 2272 tottii,
513 2206 806 2272 Gebennas,
841 2205 1124 2273 Germani,
1165 2205 1450 2273 Mannicre,
1509 2207 1728 2261 Adriani
1775 2222 1898 2262 cum

330 2300 496 2352 sociis
540 2301 671 2352 suis.
718 2298 976 2352 Ravenna
1041 2299 1280 2364 civitate,
1327 2298 1526 2354 natalis
1583 2308 1895 2354 sanctorum

335 2389 633 2455 Valentini,
665 2389 961 2456 Solutoris,
991 2400 1044 2444 et
1087 2389 1342 2445 Victoris.
1387 2390 1456 2443 Et
1503 2389 1653 2455 alibi,
1689 2391 1904 2460 deposi-

335 2480 411 2533 tio
439 2479 615 2533 sancti
653 2479 846 2534 Jacobi
876 2481 1144 2548 Apostoli.
1171 2478 1400 2533 Rotenas
1432 2480 1663 2546 civitate,
1695 2481 1900 2550 deposi-

336 2575 410 2625 tio
435 2574 605 2627 sancti
647 2573 880 2628 Amantii
922 2573 1154 2643 episcopi
1193 2583 1242 2626 et
1285 2572 1620 2642 confessoris.
1655 2571 1905 2628 Turonis

335 2669 566 2734 civitate,
601 2667 856 2735 depositio
887 2666 1056 2720 sancti
1089 2663 1270 2717 Bricci
1305 2664 1531 2734 episcopi
1560 2674 1606 2719 et
1639 2664 1904 2732 confesso-

336 2765 436 2816 ris.
1391 2813 1406 2827 κ

415 2873 542 2910 svnt
566 2857 691 2911 Kal.
722 2856 1041 2911 Decembris.
1071 2855 1127 2910 In
1147 2855 1374 2911 Eraclea
1399 2855 1617 2910 civitate
1635 2853 1904 2918 Thraciae,

341 2951 539 3006 natalis
561 2961 869 3005 sanctorum
889 2949 1210 3015 Clementis,
1229 2947 1579 3014 Clementini,
1598 2947 1911 3011 Theodotw,

338 3043 656 3109 Philomini,
713 3054 768 3099 et
825 3044 1059 3098 aliorum
1115 3041 1433 3098 multorum.
1492 3042 1560 3096 Et
1621 3042 1737 3112 ipsa
1801 3041 1914 3104 die,

340 3135 537 3189 natalis
565 3136 739 3190 sancti
763 3136 986 3193 Eraclii.

417 3241 525 3280 xvn
562 3225 692 3282 Kal.
730 3227 939 3281 Decem.
967 3227 1028 3280 In
1059 3226 1270 3294 Africa,
1303 3234 1620 3282 sanctorum
1658 3225 1911 3290 Secundi,

341 3317 677 3385 Fidentiani,
709 3317 910 3384 Varici,
946 3319 1233 3375 Martialis.
1267 3319 1452 3373 Africa
1499 3320 1740 3383 civitate,
1767 3325 1916 3370 nata—

341 3410 412 3462 lis
457 3420 768 3464 sanctorum
803 3411 1039 3476 Siddini,
1068 3410 1375 3476 Saturnini,
1414 3409 1592 3475 Servi,
1627 3408 1913 3463 Calendio-

342 3501 453 3564 nis,
506 3500 718 3569 Galani,
781 3503 973 3557 Primi.
1040 3502 1238 3568 Genui,
1283 3501 1571 3567 Secundae,
1625 3500 1917 3566 Theodoti,

349 3596 610 3663 Demetri,
652 3593 923 3664 Parentis,
961 3596 1193 3660 Saturae,
1252 3593 1442 3648 Firmi.
1496 3593 1554 3648 ln
1608 3592 1919 3658 Antiochia,

351 3689 550 3744 natalis
610 3699 924 3745 sanctorum
995 3689 1210 3755 Donati,
1266 3687 1545 3753 Restituti,
1595 3685 1918 3748 Valerianus,

351 3778 640 3836 Fructuosi
694 3781 1000 3853 cum‘aliis
1055 3780 1363 3836 duodecim.
1420 3779 1690 3848 Deposilio
1749 3778 1922 3832 sancti

350 3869 592 3925 Maelzuti
618 3875 864 3941 episcOpi.

427 3980 514 4018 xvt
551 3967 680 4020 Kal:
721 3966 847 4020 Dec.
882 3967 937 4019 ln
973 3965 1180 4028 Africa,
1213 3964 1408 4020 natalis
1445 3975 1759 4020 sanctorum
1805 3964 1921 4018 Ru-

349 4060 502 4126 liani,
567 4060 758 4126 Marci,
817 4060 1046 4117 Valerii.
1091 4058 1347 4123 Victoris,
1403 4058 1579 4122 Pauli,
1632 4058 1922 4122 Honorati,

351 4152 568 4216 Donati,
596 4149 794 4217 Barici,
845 4151 1060 4216 Vitalis,
1099 4149 1366 4214 Januarii,
1417 4150 1583 4204 Josti.
1649 4150 1716 4204 Et
1771 4151 1923 4215 alibi,

349 4245 550 4299 natalis
600 4253 919 4299 sanctorum
973 4242 1304 4307 Fidentiani,
1367 4241 1652 4306 Martialis,
1707 4242 1922 4308 Donati,

351 4335 652 4403 Valeriani,
705 4337 976 4392 Poetiaui.
1029 4335 1096 4390 Et
1148 4335 1349 4389 natalis
1401 4343 1708 4389 sanctorum
1739 4333 1925 4398 Nerei,

354 4431 530 4496 l’auli,
597 4431 849 4495 Adriani,
911 4428 1262 4492 Secundiani,
1316 4425 1606 4492 Martialis,
1665 4427 1922 4489 Victoris,

1997 561 2194 616 natalis
2237 572 2553 616 sanctorum
2585 563 2885 638 Cregoriae,
2923 561 3183 628 Victoris.
3220 565 3454 621 Gemmi.
3510 569 3572 624 lu

1992 652 2253 726 Catsaria,
2307 655 2502 710 natalis
2563 643 2887 711 sanctorum
2969 657 3286 721 Thcodotaz,
3341 659 3569 730 Alpltazi.

1999 743 2254 826 Zachrei,
2317 743 2571 800 Romani.
2625 745 2958 818 Carthagine
3007 747 3248 814 Africae,
3312 749 3574 813 Dubitati,
3670 807 3674 816 _

2005 838 2192 906 Tusci,
2229 839 2487 907 Valentii,
2526 841 2584 896 S.
2619 841 2991 908 Calendionis,
3029 842 3288 898 Montani.
3333 842 3582 898 Aurelia-
3671 877 3674 880 ~

1999 933 2080 986 nis
2113 933 2349 998 civitate,
2388 935 2644 1002 depositio
2676 935 2872 988 Aniani
2899 935 3126 1004 episcopi
3157 944 3204 988 et
3237 935 3571 1004 confessoris.

2066 1039 2154 1077 xtv
2184 1023 2314 1078 Kal.
2353 1024 2594 1079 Decemb.
2623 1027 2680 1080 In
2732 1028 3017 1082 Antiochia
3056 1027 3298 1089 civitate,
3334 1025 3573 1081 Romani

1998 1117 2274 1182 monachi,
2327 1119 2551 1184 Baraltc,
2586 1129 2640 1172 et
2689 1119 2920 1190 llesychi
2968 1127 3128 1173 mart.
3181 1119 3242 1172 ln
3289 1119 3569 1188 Hispania,

1996 1207 2247 1264 Corduba
2281 1211 2538 1276 (civitate,
2587 1211 2818 1266 Asciclae
2847 1211 3142 1282 hnartyris.
3188 1211 3246 1264 In
3302 1211 3566 1273 Caesaris,

2003 1298 2220 1364 Bonuli,
2267 1300 2530 1366 Victoris,
2578 1302 2841 1368 Proximi,
2875 1303 3122 1369 Luciaui,
3173 1302 3471 1366 Cartherii,
3524 1309 3579 1355 et

1999 1388 2272 1445 Martiani.
2309 1392 2366 1446 In
2417 1393 2710 1460 Heraclea,
2749 1395 2876 1448 item
2913 1392 3219 1458 Cartlncrii,
3257 1402 3306 1447 et
3347 1392 3576 1447 aliorum

2005 1481 2390 1550 quadraginta.

2074 1591 2172 1630 xtu
2213 1578 2337 1632 Kal.
2379 1577 2588 1633 Decem.
2624 1579 2680 1633 ln
2723 1578 2986 1645 Cmsaria,
3036 1579 3280 1646 Maximi,
3307 1572 3577 1638 'Mutiani.

2004 1667 2253 1732 Neoseri,
2281 1669 2470 1736 Tobis,
2497 1670 2770 1737 Januarii,
2791 1671 3003 1739 Vitalis,
3027 1673 3280 1738 Carterii,
3308 1673 3580 1738 Martiani,

2007 1761 2242 1827 Dicenti,
2307 1761 2576 1831 Zcphori.
2626 1764 2682 1817 ln
2748 1762 3043 1830 llaaraclca,
3088 1775 3290 1842 sancta:
3342 1765 3584 1820 Mnlieris

1929 1835 1975 1893 Β
2004 1871 2127 1910 cum
2158 1871 2253 1911 sex
2307 1855 2421 1911 suis
2454 1856 2836 1926 quadraginta.
2869 1835 3275 1931 Augustiduno,
3318 1857 3581 1928 8ἰιιψ1ἰρίι

2010 1947 2272 2018 episcOpi.

2079 2055 2152 2093 xu
2190 2038 2321 2092 Kal.
2370 2038 2574 2094 Decem.
2627 2037 2683 2093 In
2736 2037 3017 2105 lleraclea,
3083 2040 3256 2107 Bassi,
3317 2042 3582 2114 DiOnysii,

2009 2128 2272 2194 Orlionis,
2296 2137 2352 2184 et
2401 2129 2554 2183 Dalii.
2593 2130 2650 2184 In
2686 2129 2948 2194 Caesaria,
2983 2131 3220 2201 Agapiti.
3255 2132 3312 2186 In
3366 2133 3583 2187 civitate
3624 2119 3642 2136 \

2011 2219 2270 2284 Missana,
2309 2220 2364 2274 in
2420 2221 2632 2284 Sicilia,
2677 2221 2951 2290 Ampheli,
3003 2221 3122 2277 Cai.
3162 2221 3218 2276 In
3287 2222 3600 2291 Hispaniis,._

2009 2311 2227 2367 Maximi
2277 2312 2602 2388 presbyteri,
2655 2313 3029 2382 Calendionis,
3083 2314 3277 2381 Marci,
3323 2315 3580 2381 Victoris,

2011 2404 2230 2473 Felicis,
2274 2417 2328 2460 et
2360 2406 2562 2472 Misini,
2593 2405 2799 2471 Fausti,
2836 2406 3098 2476 Crispini.
3155 2407 3213 2462 ln
3261 2408 3574 2472 Antiochia,

2016 2498 2338 2563 Basilii,‘ct
2407 2499 2670 2570 Dionysii,
2724 2498 2983 2554 Rusticii.
3051 2497 3310 2554 Taurinis
3365 2500 3590 2553 civitate

2019 2588 2231 2655 Oetavi,
2262 2588 2555 2652 Solutoris,
2604 2589 2958 2654 Adventoris,
2998 2599 3052 2646 et
3091 2590 3290 2659 Agapa:
3337 2589 3586 2659 virginis,

2015 2681 2256 2747 Basillci,
2288 2681 2596 2743 Saturnini,
2629 2681 2880 2745 Emeriti,
2915 2680 3180 2737 Secundi.

2083 2791 2135 2828 xt
2188 2775 2312 2829 Kal.
2353 2773 2598 2829 Decemb.
2660 2775 2970 2841 Antiochia,
3015 2773 3234 2839 Basilei,
3265 2783 3318 2828 et
3367 2774 3588 2838 Auxilii,

2016 2866 2322 2934 Saturnini,
2360 2865 2651 2936 Zeppheri,
2683 2877 2738 2921 et
2765 2864 3048 2930 Matronae,
3075 2863 3344 2930 Basiliczc,
3381 2857 3590 2926 Caroli,

2016 2958 2282 3024 Eutichis,
2341 2958 2714 3020 Calendionis,
2788 2957 3079 3026 Evelpisti.
3140 2956 3349 3022 Romae,
3392 2955 3608 3012 natalis

2017 3049 2076 3104 S.
2142 3049 2444 3104 Clementis
2505 3048 2863 3103 confessoris.
2939 3049 2996 3102 In
3078 3047 3303 3102 civitate
3368 3048 3587 3110 Austis,

2018 3142 2292 3204 Demetrii,
2317 3141 2569 3203 llonorii,
2590 3139 2832 3208 Maximi,
2852 3138 3152 3205 Quintiani,
3181 3137 3404 3202 Sisinni,
3423 3127 3598 3201 Siasi,

2019 3235 2168 3300 Tuti,
2225 3234 2510 3305 Stephani,
2554 3233 2709 3293 Pion.
2758 3233 3022 3300 lieraelii,
3074 3231 3397 3295 Macedonii,
3443 3231 3591 3296 Veri,

2021 3329 2308 3384 Theodoli.

2094 3418 2282 3474 xlt'al.
2329 3419 2574 3475 Decemb.
2627 3417 3090 3485 Ramtc,Ca3ciliaa
3141 3416 3387 3486 virginis,
3436 3413 3596 3469 Vale-

2026 3513 2189 3577 riani,
2211 3509 2472 3576 Tiburtii,
2497 3509 2736 3564 Maximi.
2766 3507 3120 3574 Alexandria,
3149 3505 3368 3571 Felicis,
3400 3505 3595 3559 Demc-

2025 3601 2136 3666 trii,
2161 3600 2299 3656 Zeti.
2322 3601 2386 3654 Et
2409 3603 2461 3656 in
2483 3600 2684 3664 Africa,
2703 3598 3064 3668 Chrysogoni,
3093 3598 3254 3661 Cleti,
3290 3595 3596 3650 Vcrociani.

2021 3693 2182 3758 item,
2201 3693 2488 3747 Demetrii.
2521 3692 2676 3754 Item,
2705 3690 2843 3744 Zeti.
2869 3690 2924 3742 In
2957 3688 3320 3758 Cappadocia,
3343 3685 3596 3756 Longini,

2023 3783 2284 3849 Euthici,
2343 3781 2581 3847 Leonti,
2633 3794 2689 3836 et
2746 3780 3112 3834 Faustiniani.
3185 3778 3595 3846 Augustiduno,

2031 3875 2306 3945 Pragmati
2339 3876 2587 3942 episcOpi.

2097 3983 2151 4022 tx
2216 3965 2345 4021 Kal.
2405 3967 2646 4020 Dccemb.
2711 3964 2916 4032 Romae,
2977 3963 3218 4028 Maximi,
3280 3961 3472 4016 natalis
3538 3961 3595 4014 8.

2026 4059 2321 4114 Cletnentis
2370 4059 2608 4128 episcopi
2665 4067 2720 4112 et
2782 4057 3059 4128 martyris,
3113 4053 3480 4127 ChrysogOni,
3537 4055 3598 4109 S.

2028 4149 2347 4216 Felicitatis,
2373 4150 2610 4204 Maximi.
2652 4147 2716 4203 Et
2745 4149 3012 4216 Cedecas,
3045 4146 3104 4203 8.
3143 4147 3310 4202 Marci
3335 4148 3599 4216 cpiscOpi.

2027 4242 2084 4297 in
2113 4242 2351 4298 Caesaria
2393 4241 2772 4312 Cappadociae,
2824 4239 3134 4302 Verociani,
3170 4249 3246 4293 er
3275 4238 3506 4294 Euticis.
3543 4229 3601 4292 lu

2030 4333 2412 4400 Alexandria,
2463 4333 2662 4388 natalis
2720 4331 2780 4388 8.
2822 4331 3087 4401 episcopi.
3141 4331 3198 4384 In
3269 4329 3488 4398 Tuscia,
3541 4329 3598 4384 S.

2033 4426 2309 4493 Musculac,
2357 4426 2576 4490 Felicis,
2645 4425 2857 4490 Vitalis,
2919 4423 3198 4487 Martiaui,
3248 4421 3600 4478 Bonifatiani.

353 4526 592 4592 Victori,
635 4524 928 4589 Anteconi,
972 4522 1267 4584 Auriliani,
1323 4519 1588 4585 Marcelli,
1643 4520 1924 4580 Marianae.
1956 4514 2007 4573 1)
2037 4520 2332 4587 Bituricas,
2355 4518 2412 4573 S.
2439 4517 2616 4573 Fateri
2643 4517 2973 4588 presbyteri.
2997 4515 3061 4570 In
3084 4513 3605 4580 Italia,monasterio

356 4619 621 4686 Secundi,
659 4615 949 4683 Frontoni,
975 4614 1244 4684 Majolini.
1282 4613 1346 4668 In
1398 4613 1708 4679 Antiochia,
1744 4615 1926 4682 Augu-

354 4713 506 4778 stini,
523 4711 978 4780 JustargAuriczc,
997 4708 1219 4773 Pontias,
1240 4707 1583 4773 Fructuostv,
1606 4704 1927 4770 Matrondae,

313 4797 316 4800 ’
355 4806 596 4870 Fructse,
628 4803 954 4866 Vincentitc,
988 4800 1180 4866 Marci,
1201 4798 1477 4868 Aruspici,
1514 4798 1719 4863 Marite,
1750 4797 1929 4865 Fistzr,

358 4899 636 4958 Fortunae,
672 4895 998 4959 Felicitatis,
1030 4891 1261 4946 Silvani.
1300 4891 1368 4944 Et
1413 4892 1464 4944 in
1498 4890 1709 4958 Capua,
1738 4889 1934 4944 natalis

357 5001 678 5046 Sanctorum
727 4985 944 5049 Vitalis,
979 4984 1244 5044 Januarii.
1289 4982 1456 5049 Justi,
1491 4984 1833 5051 Angustiani,
1880 4995 1937 5038 et

354 5086 542 5140 Justae.
597 5081 853 5150 Lugduno
912 5078 1126 5141 Gallice,
1157 5077 1413 5145 depositio
1460 5075 1630 5128 sancti
1683 5074 1935 5129 Eucherii

355 5179 592 5248 episcopi
619 5186 667 5230 et
689 5169 1034 5242 confessoris.

431 5288 499 5326 xv
565 5269 699 5325 Kal.
761 5269 1010 5323 Decemb.
1072 5266 1131 5320 ln
1190 5263 1374 5333 Capua
1433 5263 1676 5330 civitate,
1734 5261 1937 5316 natalis

359 5372 679 5419 sanctorum
712 5358 1026 5430 Augustini,
1055 5357 1296 5422 Eusurii,
1327 5355 1647 5411 Felicitatis.
1686 5356 1745 5408 1n
1780 5353 1937 5408 Nico-

359 5457 564 5518 media,
595 5454 789 5508 natalis
814 5451 874 5506 8.
921 5451 1200 5507 Ammoni.
1236 5449 1292 5504 lu
1324 5448 1476 5512 Asia,
1502 5448 1700 5502 natalis
1725 5457 1942 5502 sancto-

361 5565 484 5602 rum
531 5547 755 5613 l'hileat,
801 5544 1083 5609 Matronae,
1117 5541 1292 5598 Teclae
1325 5542 1576 5610 virginis.
1619 5541 1678 5594 in
1722 5539 1942 5594 civitate

363 5638 669 5708 Hierapoli,
721 5639 917 5693 natalis
964 5647 1280 5692 sanctorum
1349 5633 1583 5688 Vittoris
1628 5641 1683 5686 ct
1727 5632 1940 5702 Alphei,

369 5734 638 5790 Ilonmlae.
672 5732 856 5788 Roma:
903 5742 1056 5787 trans
1093 5730 1356 5795 Tiberim,
1393 5727 1588 5782 natalis
1638 5725 1696 5780 8.
1733 5725 1939 5781 Cccilii.

367 5827 446 5888 1n.
477 5826 818 5896 Nicomedia,
850 5827 1049 5888 natalis
1086 5824 1144 5881 S.
1178 5823 1475 5882 Ammonii.
1514 5820 1574 5875 in
1615 5821 1768 5885 Asia,
1827 5834 1940 5873 san»

2035 4611 2224 4676 Bobio,
2245 4613 2500 4680 depositio
2523 4611 2696 4663 sancti
2727 4608 3042 4662 Columbani
3066 4608 3293 4661 altbatis.
3318 4606 3381 4660 In
3407 4605 3602 4668 Gallia,

2035 4707 2143 4759 vico
2173 4703 2454 4773 Sarcingo,
2493 4702 2748 4771 depositio
2789 4701 2963 4754 sancti
3012 4697 3275 4752 Trudonis
3321 4698 3607 4766 presbyteri

2035 4805 2086 4850 et
2119 4795 2454 4863 confessoris.

2107 4902 2206 4941 vus
2236 4885 2366 4939 Kal.
2418 4883 2750 4940 Decemb.ln
2816 4881 3064 4952 Aquileia
3124 4880 3364 4944 civitate,
3429 4877 3606 4931 sancti

2038 4981 2405 5050 Chrysogoni,
2443 4981 2746 5043 E-leutheri,
2797 4989 2856 5034 et
2910 4975 3150 5028 Maximi.
3194 4971 3260 5025 Et
3311 4971 3366 5024 in
3413 4968 3609 5038 oppido

2038 5076 2304 5145 ejusdem,
2329 5070 2935 5142 Autiroditi-cpiscopi.
2972 5070 3032 5122 in
3058 5066 3267 5128 Africa,
3301 5061 3606 5124 Mammeri,

2041 5168 2248 5231 Saturi,
2263 5167 2488 5236 Rogati,
2505 5165 2724 5228 Donati,
2738 5176 2792 5218 et
2811 5163 3047 5217 aliorum
3066 5155 3280 5228 viginti.
3302 5154 3362 5208 ln
3385 5153 3609 5209 Perusia

2041 5260 2277 5320 Tusciae,
2311 5258 2370 5314 S.
2403 5257 2786 5313 Felicissimi..

2115 5366 2186 5404 vn
2220 5347 2347 5404 Kal.
2409 5346 2653 5402 Decemb.
2705 5343 2955 5408 Luciani,
3004 5338 3274 5404 Martiani,
3303 5325 3608 5402 Claudianii,

2041 5442 2324 5514 Cypriani,
2365 5440 2662 5500 Martialis,
2697 5439 2867 5502 Petri,
2896 5435 3117 5499 Felicis,
3143 5431 3359 5497 Vitalis,
3385 5429 3610 5494 Juliani,

2047 5536 2310 5600 Victoris,
2344 5533 2614 5599 Januarii,
2650 5533 2869 5598 Donati,
2904 5528 3166 5596 Quiriaoi.

2117 5647 2171 5686 vt
2247 5629 2377 5684 Kal.
2444 5628 2686 5681 Decemb.
2755 5623 2988 5688 Romae,
3053 5630 3363 5678 sanctorum
3431 5618 3615 5672 Siricii

2047 5722 2309 5793 episcopi,
2327 5731 2380 5773 ct
2399 5715 2705 5773 Saturnini.
2724 5715 2779 5768 lu
2801 5714 3068 5784 Aquileia,
3093 5710 3362 5766 Valeriani
3378 5709 3616 5778 episcopi

2050 5825 2102 5870 ct
2169 5809 2874 5878 conicssoris,-Ammonii,
2935 5808 3150 5876 Scrcni,
3208 5805 3485 5864 Romana.
3552 5801 3649 5858 lis.
