3956 6196
440 331 550 398 503
597 348 615 363 '

438 540 528 609 qui
559 542 578 612 (
612 543 657 597 si
683 543 798 599 fieri
826 546 1319 620 possit)quidquid
1362 551 1415 605 in
1454 551 1754 623 Scripturis
1811 556 2009 610 divinis

438 633 762 689 mirabiliter
793 634 982 707 fulget,
1016 638 1279 710 quidquid
1317 642 1367 695 in
1407 646 1691 712 praeceptis
1712 645 2009 704 moralibus

438 726 717 793 copiosum
742 737 845 792 est,
881 738 1052 785 totum
1085 747 1254 799 parvo
1323 735 1378 788 in
1425 751 1657 805 corpore
1711 739 2008 795 adunatum

437 816 712 873 desiderat
775 808 1018 889 habere,
1073 827 1406 893 paupertatis
1478 829 1856 883 necessitate:
1906 846 2009 901 ego

437 917 641 974 tamen,
669 909 892 978 juvante
915 911 1155 979 Christo,
1186 915 1402 985 ingenio
1429 933 1535 988 quo
1589 919 1757 986 potui,
1794 928 1848 972 et
1891 936 2007 974 ma-

440 997 587 1052 xime
619 1002 907 1055 occasione
937 1004 1143 1068 oblata,
1184 1021 1290 1073 qua
1335 1007 1441 1060 ida
1473 1023 1557 1062 tne
1592 1009 1704 1062 fieri
1767 1010 2004 1073 voluisti,

438 1088 721 1143 Constanti
754 1092 887 1146 mihi
920 1096 1250 1150 venerabilis
1282 1095 1473 1162 frater,
1507 1099 1579 1151 ita
1617 1101 1717 1153 hoc
1748 1116 1885 1169 opus
1907 1102 2010 1155 etsi

437 1182 616 1237 minus
640 1185 935 1240 instructus
964 1189 1253 1257 assumpsi,
1299 1199 1356 1243 ut
1424 1202 1570 1245 tanta
1628 1204 2008 1261 excerptorutn

438 1274 793 1342 intelligentia
819 1289 977 1347 caput
1007 1294 1340 1349 causamque
1400 1284 1775 1337 rationabilem
1812 1285 2011 1340 habere

342 1361 348 1367 ’
435 1364 706 1421 videatur.
742 1366 875 1422 Nam
907 1385 1029 1423 cum
1065 1372 1242 1426 omnis
1272 1372 1555 1442 Scriptura
1589 1376 1847 1432 divinitus
1894 1378 2007 1431 ins-

438 1458 639 1526 pirata,
693 1473 752 1514 ut
799 1463 874 1516 ait
909 1466 1202 1531 Apostolus
1235 1466 1322 1536 (11
1348 1466 1485 1524 Tim.
1513 1486 1593 1536 Ill,
1630 1470 1741 1539 16),
1772 1471 1916 1526 utilis
1941 1473 2010 1525 sit

432 1548 505 1602 ad
550 1551 860 1618 docendum,
896 1559 1335 1627 aderudiendum,
1373 1563 1443 1615 ad
1472 1563 1740 1631 justitiam
1768 1581 1783 1632 ;
1816 1575 2011 1634 utper—

434 1642 617 1700 fectus
654 1648 726 1701 sit
778 1648 943 1704 homo
977 1651 1068 1705 Dei
1100 1656 1165 1706 ad
1201 1669 1365 1709 Omne
1391 1672 1527 1725 opus
1555 1658 1757 1711 bonum
1808 1660 2011 1715 instru-

435 1742 579 1801 ctus,
610 1746 663 1790 et
686 1752 1021 1811 quaecunque
1046 1754 1172 1803 sunt
1202 1745 1475 1802 hactenus
1536 1749 1762 1819 scripta,
1797 1750 1865 1806 ad
1904 1768 2008 1809 nov

1374 344 1437 404 S.
1480 343 1931 419 IIIERONI’MI
1971 347 2291 414 OPEIiUM
2331 353 2737 420 MAN’FISSA.

340 454 353 461 '
437 447 669 520 scitur),
703 460 796 506 aut
822 461 968 508 certe
996 469 1094 524 pro
1128 455 1406 511 voluntate
1473 461 1703 516 studiosi
1762 462 2005 530 lectoris,
2038 473 2083 525 Α

3577 359 3683 424 504

2186 465 2461 538 Incipiens
2486 472 2729 540 itaquea
2760 470 3057 529 Nativitate
3110 473 3338 536 (.hristi,
3405 454 3547 543 quod
3597 487 3684 529 est

2112 576 2205 617 vni
2226 562 2487 619 kalendas
2509 563 2821 629 Ianuarias,
2855 565 2907 619 in
2960 564 3172 637 Vigiliis
3196 564 3263 620 ad
3313 564 3527 621 Nonam
3588 582 3683 633 per

2112 653 2382 721 ordinem,
2403 671 2561 724 quem
2590 657 2889 711 assiduein
2919 656 3163 715 Ecclesia
3193 658 3512 722 didiceram,
3573 660 3683 712 leo-

2111 741 2289 799 tiones
2317 743 2603 813 utriusque
2632 743 2966 801 Testameati
2987 747 3328 817 simplicibus
3353 749 3680 803 ministravi.

2114 832 2291 890 Porro
2315 836 2610 892 editionem
2642 838 2790 893 illam
2819 854 2985 909 quam
3019 856 3083 895 ex
3116 840 3399 898 liebraicis
3452 843 3685 895 νοιυιιιὶο

2113 926 2275 980 nibus
2301 926 2356 981 in
2388 926 2642 985 Latinum
2674 931 2992 987 translatam
3024 947 3144 987 esse
3177 942 3419 996 constat,
3450 933 3502 986 in
3537 935 3686 987 hunc

2112 1016 2311 1087 quippe
2336 1019 2579 1083 modum,
2613 1034 2733 1089 qua:
2757 1019 2840 1076 vel
2870 1023 3133 1092 cujusque
3174 1022 3475 1091 prophetiae
3521 1024 3682 1078 lectio

2112 1110 2362 1177 praesenti
2395 1110 2674 1166 festivitati
2708 1123 2995 1184 congruat,
3024 1114 3152 1183 quid
3169 1115 3398 1184 apostoli
3425 1115 3680 1182 doceant,

2112 1200 2196 1256 vel
2218 1202 2288 1257 ad
2317 1204 2565 1257 eumdem
2618 1203 2828 1258 titulum
2878 1205 3007 1275 quid
3061 1206 3335 1277 Evangelii
3396 1209 3687 1263 annuntiet

2112 1295 2437 1361 auctoritas,
2469 1295 2672 1349 dudum
2712 1305 2957 1351 vertente
2982 1297 3094 1367 jam
3148 1314 3294 1355 anno
3344 1315 3441 1371 per
3492 1315 3687 1355 omnes

2112 1387 2228 1441 dies
2252 1387 2422 1441 festos
2446 1385 2701 1442 Ecclesia:
2721 1399 3027 1458 opportune
3061 1390 3251 1444 censui
3285 1390 3467 1445 omnia
3489 1406 3689 1446 secun-

2110 1477 2239 1532 dum
2264 1489 2474 1546 tempus
2503 1494 2626 1534 esse
2654 1479 2902 1551 legenda.
2942 1479 3047 1537 Sed
3082 1482 3340 1537 nonnulla
3371 1482 3476 1539 alia
3509 1482 3688 1538 edifi-

2111 1570 2341 1625 cationis
2365 1586 2528 1625 causa
2564 1571 2733 1626 multa
2798 1572 2908 1627 illic
2974 1581 3265 1644 aggregata
3315 1583 3465 1639 sunt,
3519 1585 3687 1644 atque

2112 1662 2225 1715 suis
2261 1661 2722 1729 appellationibus
2760 1662 2987 1727 inserta,
3019 1664 3071 1718 id
3102 1673 3207 1730 est,
3244 1665 3299 1719 in
3321 1665 3505 1733 capite
3535 1664 3685 1733 Qua-

2112 1753 2436 1823 dragesimm
2457 1754 2523 1809 de
2557 1756 2891 1810 abstinentia
2950 1772 3200 1811 escarum
3235 1768 3289 1813 et
3335 1758 3686 1824 sobrietate;

437 1839 608 1884 stram
644 1831 948 1888 doctrinam
982 1839 1185 1907 scripta
1213 1848 1364 1905 sunt,
1398 1850 1456 1895 ut
1488 1857 1583 1915 per
1612 1844 1929 1913 patientiam
1955 1858 2009 1902 et
2040 1845 2085 1902 Β
2114 1844 2241 1898 item
2270 1843 2324 1897 in
2357 1844 2779 1914 Quadragesima
2802 1844 2870 1901 de
2902 1847 3256 1914 poenitentia,
3286 1848 3356 1903 de
3390 1848 3686 1917 pudicitia,

434 1924 863 1979 consolationem
893 1926 1293 1997 Scripturarum
1334 1949 1485 2004 spem
1516 1934 1847 1996 habeamus:
1878 1940 2007 2012 quid

436 2016 675 2083 brevius,
701 2019 831 2086 quid
863 2020 1047 2075 utilius
1077 2024 1287 2089 censui,
1316 2040 1477 2095 quam
1539 2037 1595 2082 ut
1627 2044 1694 2083 ex
1719 2039 1865 2086 tanta
1925 2033 2010 2086 di-

436 2109 687 2163 vinorum
717 2111 982 2168 librorum
1001 2115 1180 2185 copia,
1209 2115 1836 2188 singulisfestivitatibus
1862 2124 2008 2193 quod

435 2209 618 2269 aptum
655 2217 719 2256 ex
745 2203 830 2258 his
862 2205 951 2260 vel
1000 2217 1317 2276 competens
1355 2221 1522 2274 esset,
1556 2216 2009 2281 excerperem,’et

433 2294 669 2364 quodam
696 2295 861 2353 modo
882 2298 1294 2358 distinctissime
1323 2304 1646 2359 collocarent
1678 2305 1700 2365 ?

451 2483 505 2501 ἐε-

2116 1935 2185 1990 de
2230 1936 2552 1991 remissione
2582 1936 3014 2005 inimicitiarum,
3067 1939 3154 1994 vel
3188 1939 3292 1993 alia
3325 1940 3519 1994 multa.
3560 1940 3689 1996 Haec

2121 2028 2265 2084 enim
2302 2029 2483 2084 omnia
2508 2030 2572 2083 ad
2605 2028 2897 2084 multorum
2924 2033 3173 2102 equidem
3227 2033 3512 2089 utilitatem
3547 2034 3688 2102 peti-

2117 2122 2359 2178 tionibus
2390 2123 2498 2177 tuis
2526 2124 2788 2180 obediens
2818 2123 3058 2181 scribere
3088 2126 3299 2193 curavi,
3354 2126 3687 2183 venerabilis

2117 2217 2249 2273 mihi
2298 2224 2352 2272 et
2412 2217 2789 2274 amantissime
2815 2216 2997 2274 frater.

2202 2492 3670 2518 mm

1921 2644 2209 2706 INCIPIT

1421 2803 1893 2931 LIBER
1985 2803 2719 2969 COMITIS,

1986 3022 2124 3067 SIVE

920 3145 1818 3246 LECTIONABIUS
1888 3150 2111 3240 PER
2192 3150 2804 3242 CIRCULUM
2888 3149 3227 3241 ANNI.

502 3480 560 3534 In
589 3479 794 3537 Christi
821 3481 1065 3537 nomine.
1134 3480 1276 3537 Anni
1327 3483 1520 3538 circuli
1586 3481 1723 3538 liber
1774 3482 2077 3570 Comitisc
2186 3482 2531 3553 Evangelium
2586 3481 2890 3537 secundum
2937 3479 3276 3536 Matthacum.
3317 3480 3377 3534 In
3415 3479 3508 3534 illo
3546 3487 3690 3536 tem-

432 3574 648 3643 incipit,
700 3585 892 3630 auctus
944 3591 977 3629 a
1026 3574 1368 3632 Theatincho
1398 3576 1619 3646 indigno
1668 3579 2007 3647 presbytero,

433 3676 622 3736 rogatu
648 3668 748 3722 viri
802 3668 1129 3724 venerabilis
1179 3669 1469 3725 Hechiardi
1522 3669 1735 3725 comitis
1790 3669 2014 3724 Ambia-

434 3758 642 3824 nensis,
672 3758 743 3812 ita
772 3766 952 3813 tamen
996 3770 1056 3813 ut
1108 3767 1299 3818 sancta
1360 3758 1817 3829 evangelistarum
1867 3758 2009 3812 dicta

434 3867 652 3907 necnon
703 3861 759 3907 et
812 3852 1183 3922 apostolorum
1234 3865 1299 3908 ac
1343 3853 1731 3922 prOphetarum
1789 3852 2008 3906 immota

428 3957 605 4021 atque,
644 3950 968 4003 inconcussa
1020 3957 1393 4010 servarentur,
1446 3955 1499 4002 et
1546 3946 1741 4000 diebus
1808 3944 2010 4015 quibus

433 4040 657 4095 deerant
685 4039 916 4110 propriae
938 4050 1141 4125 sanctae
1170 4039 1431 4095 lcetiones
1462 4038 1869 4100 adhiberentur,
1901 4038 2010 4092 sic-

430 4140 492 4183 ut
520 4147 550 4184 a
603 4131 810 4186 sanctis
844 4131 1095 4201 patribus
1135 4142 1262 4185 sunt
1288 4132 1615 4187 coadunata.
1637 4131 1743 4185 Aut
1772 4132 1817 4185 si
1847 4129 2007 4185 alicui

434 4229 529 4274 aut
567 4221 619 4274 in
654 4220 808 4275 feriis
860 4221 1041 4274 autin
1101 4220 1491 4274 festivitatibus
1545 4228 1860 4274 sanctorum
1915 4217 2013 4271 ali-

436 4313 564 4382 quid
596 4313 777 4371 minus
800 4312 1168 4378 cssevidetur,
1204 4321 1452 4368 recurrat
1480 4312 1549 4367 ad
1608 4310 2007 4367 hebdomadam

435 4420 598 4472 quam
630 4404 885 4469 voluerit,
914 4401 1222 4471 etreperiet
1274 4416 1494 4469 semper
1540 4416 1705 4470 super
1743 4408 1867 4454 octo
1918 4407 2009 4451 aut

433 4511 598 4549 unam
618 4506 712 4550 aut
742 4496 881 4550 duas
902 4504 996 4548 aut
1021 4510 1088 4550 eo
1111 4494 1346 4563 amplius
1380 4493 1597 4559 feriam,
1631 4507 1795 4561 quam
1830 4491 2008 4559 legere

436 4589 657 4656 poterit,
693 4596 787 4642 aut
815 4587 918 4642 sibi
944 4586 1078 4640 nihil
1110 4587 1271 4641 desit.
1311 4586 1562 4657 (Propter
1587 4584 1843 4654 frequens
1877 4596 2009 4637 vero

436 4683 694 4751 temporis
726 4683 1003 4737 incursum
1029 4678 1130 4736 fuit
1165 4678 1220 4734 in
1242 4680 1563 4750 quibusdam
1580 4676 1821 4745 epistolis
1846 4689 2010 4746 appo-

435 4790 563 4830 nere
588 4775 689 4831 hoc
718 4793 784 4841 ω,
813 4774 958 4845 quod
990 4773 1261 4845 significat
1300 4774 1483 4839 finem,
1512 4783 1567 4828 et
1605 4787 1795 4828 rursus
1821 4788 1850 4822 α
1883 4784 2009 4839 pro-

431 4877 550 4938 pter
583 4868 908 4938 principium
933 4868 1160 4923 alterius
1190 4866 1433 4938 epistolze
1454 4871 1495 4919 ί.

503 4960 560 5013 In
594 4960 774 5030 vigilia
805 4938 1001 5016 natalis
1026 4960 1238 5015 Domini
1274 4976 1368 5016 vni
1383 4958 1503 5015 Kal.
1529 4956 1758 5012 Ianuar.
1782 4955 1849 5011 ad
1877 4969 2006 5009 san-

428 5064 571 5133 ctam
620 5052 846 5108 Mariam
888 5054 957 5109 de
992 5069 1133 5109 nona
1182 5068 1210 5106 a
1258 5051 1467 5109 sanctis
1513 5051 1787 5105 Patribus.
1818 5047 2005 5102 Lectio

435 5146 679 5215 epistola:
703 5147 844 5205 beati
883 5146 1033 5200 Pauli
1065 5147 1297 5215 apostoli
1332 5146 1397 5200 ad
1433 5143 1729 5200 Romanos.
1759 5141 2001 5205 Fratres,

432 5235 635 5302 I’aulus
674 5250 866 5291 servus
901 5234 1105 5290 Christi
1156 5234 1307 5301 Iesu,
1360 5250 1524 5307 usque
1574 5246 1629 5291 et
1678 5248 1777 5290 vos
1828 5232 2006 5288 vocati

434 5327 563 5384 Iesu
592 5328 793 5385 Christi
829 5327 1043 5383 Domini
1077 5329 1277 5384 nostri.

503 5418 635 5473 Item
674 5420 762 5474 ubi
807 5436 995 5489 supra.
1030 5460 1044 5475 .
1081 5461 1094 5475 .
1128 5418 1312 5476 Lectio
1357 5420 1512 5476 Isaia:
1549 5418 1846 5490 prophetae.
1885 5416 2011 5472 llaec

440 5514 570 5568 dicit
613 5513 900 5580 Dominus,
950 5514 1179 5585 Pr0pter
1228 5514 1359 5570 Sion
1414 5528 1519 5568 non
1568 5512 1782 5577 tacebo,
1843 5527 2009 5581 usque

436 5605 765 5675 complacuit
795 5605 906 5662 Deo
932 5608 988 5661 in
1024 5617 1095 5663 te.

2113 3591 2265 3643 pore,
2312 3592 2438 3631 cum
2487 3584 2636 3631 esset
2688 3576 3016 3645 desponsata
3075 3585 3253 3629 mater
3306 3572 3457 3639 Iesu,
3494 3574 3687 3641 Maria,

2100 3646 2275 3741 3usque
2322 3668 2530 3725 salvum
2577 3669 2744 3725 faciet
2791 3669 3044 3739 populum
3076 3683 3233 3723 suum
3266 3680 3296 3720 a
3327 3669 3571 3737 peccatis
3599 3684 3690 3725 eo-

2114 3774 2257 3815 rum.

2184 3851 2315 3906 Item
2367 3850 2436 3906 ad
2484 3838 2730 3906 sanctam
2761 3847 2987 3905 Mariam
3040 3849 3108 3904 de
3148 3856 3330 3904 nocte.
3355 3847 3541 3903 Lectio
3571 3848 3688 3918 epi-

2112 3943 2265 3999 stola:
2305 3943 2447 4000 beati
2506 3943 2657 3997 Pauli
2699 3942 2935 4012 apostoli
2983 3941 3052 3996 ad
3091 3940 3297 3995 Titum.
3339 3940 3687 4003 Charissimi,

2111 4037 2362 4108 apparuit
2389 4035 2564 4106 gratia
2591 4034 2892 4089 Salvatoris
2922 4034 3098 4088 nostri
3119 4031 3239 4099 Dei,
3265 4048 3429 4102 usque
3451 4033 3503 4087 in
3526 4027 3687 4087 Ch'ri-

2112 4137 2198 4184 sto
2225 4127 2355 4184 Iesu
2389 4127 2621 4182 Domino
2651 4135 2859 4181 nostro.

2184 4220 2314 4275 Item
2350 4220 2443 4275 ubi
2475 4233 2662 4287 supra.
2698 4218 2885 4274 Lectio
2923 4218 3078 4272 Isaiae
3109 4218 3408 4287 prophetae.
3447 4217 3578 4272 Haec
3609 4216 3691 4270 di-

2111 4313 2186 4368 cit
2220 4311 2479 4369 Dominus
2508 4330 2524 4368 :
2559 4312 2795 4383 Populus
2818 4310 3085 4384 gentium,
3115 4327 3277 4383 usque
3323 4313 3377 4365 in
3401 4311 3688 4381 sempiter-

2111 4421 2261 4459 num.
2810 4384 2825 4405 Χ

2182 4498 2542 4567 Evangelium
2604 4497 2907 4552 secundum
2951 4495 3179 4562 Lucam,
3231 4510 3352 4562 cap.
3398 4496 3485 4556 itt.
3543 4492 3686 4546 Exiit

2110 4592 2350 4648 edictum
2384 4609 2413 4647 a
2445 4591 2681 4665 Casare,
2724 4608 2888 4663 usque
2928 4607 3032 4662 pax
3068 4592 3379 4646 hominibus
3408 4589 3561 4644 bona:
3592 4603 3686 4641 vo-

2111 4684 2358 4739 lnntatis.
2756 4670 2759 4671 ν
2948 4678 2957 4691 ’

2184 4775 2316 4829 Item
2344 4774 2413 4830 ad
2463 4786 2710 4830 sanctam
2744 4774 3093 4830 Anastasiam
3136 4788 3313 4827 mane.
3346 4773 3532 4827 Lectio
3562 4770 3685 4838 Epi-

2042 4867 2085 4922 D
2115 4865 2267 4923 stolas
2326 4866 2471 4920 beati
2514 4865 2668 4920 Pauli
2720 4866 2953 4936 apostoli
2986 4867 3052 4920 ad
3108 4864 3310 4919 Titum.
3342 4861 3683 4925 Charissimi,

2117 4961 2367 5030 apparuit
2404 4957 2713 5027 benignitas
2741 4968 2795 5014 et
2828 4958 3158 5022 humanitas,
3190 4974 3353 5027 usque
3388 4958 3440 5010 in
3467 4955 3686 5011 Christo

2116 5053 2245 5109 Iesu
2290 5053 2518 5108 Domino
2554 5062 2767 5106 nostro.

2192 5146 2323 5201 item
2366 5146 2460 5200 ubi
2496 5160 2684 5215 supra.
2716 5144 2906 5199 Lectio
2938 5142 3091 5198 lsaize
3119 5143 3416 5213 prophetae.
3458 5138 3581 5192 Haec
3610 5137 3660 5192 di

2115 5243 2187 5295 cit
2218 5240 2505 5296 Dominus.
2537 5239 2772 5310 Spiritus
2821 5237 3036 5293 Domini
3086 5252 3248 5307 super
3279 5248 3387 5299 me,
3415 5249 3573 5304 usque
3594 5246 3681 5286 rc-

2116 5333 2322 5403 dempti
2362 5350 2391 5388 a
2425 5333 2652 5388 Domino
2686 5332 2814 5387 Deo.

2188 5425 2545 5494 Evangeiium
2582 5426 2883 5480 secundum
2938 5425 3142 5481 Lucam
3173 5438 3292 5492 cap.
3319 5437 3403 5487 ut,
3431 5418 3688 5474 Pastores

2114 5516 2498 5585 loquebantur,
2536 5533 2697 5585 usque
2726 5515 2932 5571 dictum
2964 5524 3049 5571 est
3073 5514 3141 5569 ad
3175 5514 3318 5570 illos.

2191 5607 2324 5665 item
2365 5609 2431 5664 ad
2465 5618 2713 5666 sanctum
2744 5606 2966 5665 Petrum
2999 5608 3052 5664 in
3082 5606 3190 5663 die.
3225 5604 3411 5661 Lectio
3444 5598 3682 5674 epistol:

516 5783 528 5814 ‘
562 5781 687 5839 Hac
721 5785 903 5841 addita
934 5797 1052 5843 sunt
1076 5787 1126 5843 in
1148 5790 1380 5862 margine
1414 5806 1444 5845 α
1479 5805 1637 5846 manu
1690 5789 1995 5858 rccmtiore,
2037 5786 2125 5843 sed
2159 5787 2390 5857 attriqua.

1892 5992 1914 6018 κ
