  <div class='ocr_page' id='page_1' title='image "/cluster/home/n/w/nwhite01/storage/ocr_20150623/30/hvd.32044096580527/258.png"; bbox 0 0 3934 6188; ppageno 0'>
   <div class='ocr_carea' id='block_1_1' title="bbox 243 346 340 414">
    <p class='ocr_par' dir='ltr' id='par_1_1' title="bbox 243 346 340 414">
     <span class='ocr_line' id='line_1_1' title="bbox 243 346 340 414; baseline 0.01 -1"><span class='ocrx_word' id='word_1_1' title='bbox 243 346 340 414; x_wconf 81' lang='lat'><strong>503</strong></span> 
     </span>
    </p>
   </div>
   <div class='ocr_carea' id='block_1_2' title="bbox 1564 330 2259 425">
    <p class='ocr_par' dir='ltr' id='par_1_2' title="bbox 1564 330 2259 425">
     <span class='ocr_line' id='line_1_2' title="bbox 1564 330 2259 425; baseline 0.013 -8"><span class='ocrx_word' id='word_1_2' title='bbox 1564 357 1805 421; x_wconf 80' lang='lat' dir='ltr'><strong>LIBER</strong></span> <span class='ocrx_word' id='word_1_3' title='bbox 1843 361 2177 425; x_wconf 82' lang='lat' dir='ltr'><strong>COMITIS.</strong></span> <span class='ocrx_word' id='word_1_4' title='bbox 2251 330 2259 338; x_wconf 74' lang='grc'><strong>’</strong></span> 
     </span>
    </p>
   </div>
   <div class='ocr_carea' id='block_1_3' title="bbox 3401 368 3506 434">
    <p class='ocr_par' dir='ltr' id='par_1_3' title="bbox 3401 368 3506 434">
     <span class='ocr_line' id='line_1_3' title="bbox 3401 368 3506 434; baseline -0.01 0"><span class='ocrx_word' id='word_1_5' title='bbox 3401 368 3506 434; x_wconf 79' lang='lat'><strong>506</strong></span> 
     </span>
    </p>
   </div>
   <div class='ocr_carea' id='block_1_4' title="bbox 244 467 3507 558">
    <p class='ocr_par' dir='ltr' id='par_1_4' title="bbox 244 467 3507 558">
     <span class='ocr_line' id='line_1_4' title="bbox 244 467 3507 558; baseline 0.005 -33"><span class='ocrx_word' id='word_1_6' title='bbox 244 467 384 525; x_wconf 86' lang='lat' dir='ltr'><strong>beati</strong></span> <span class='ocrx_word' id='word_1_7' title='bbox 414 467 568 523; x_wconf 85' lang='lat' dir='ltr'><strong>Pauli</strong></span> <span class='ocrx_word' id='word_1_8' title='bbox 603 470 840 538; x_wconf 75' lang='lat' dir='ltr'><strong>apostoli</strong></span> <span class='ocrx_word' id='word_1_9' title='bbox 877 473 946 526; x_wconf 89' lang='lat' dir='ltr'><strong>ad</strong></span> <span class='ocrx_word' id='word_1_10' title='bbox 994 471 1274 529; x_wconf 68' lang='lat' dir='ltr'><strong>Hebraeos.</strong></span> <span class='ocrx_word' id='word_1_11' title='bbox 1309 474 1550 542; x_wconf 77' lang='lat' dir='ltr'><strong>Fratres,</strong></span> <span class='ocrx_word' id='word_1_12' title='bbox 1581 478 1819 532; x_wconf 80' lang='lat' dir='ltr'><strong>multifa-</strong></span> <span class='ocrx_word' id='word_1_13' title='bbox 1844 491 1890 546; x_wconf 77' lang='grc' dir='ltr'><strong>Α</strong></span> <span class='ocrx_word' id='word_1_14' title='bbox 1923 485 2225 538; x_wconf 89' lang='lat' dir='ltr'><strong>secundum</strong></span> <span class='ocrx_word' id='word_1_15' title='bbox 2278 476 2589 540; x_wconf 72' lang='lat' dir='ltr'><strong>blatthaeum</strong></span> <span class='ocrx_word' id='word_1_16' title='bbox 2645 501 2768 558; x_wconf 81' lang='lat' dir='ltr'><strong>Cap.</strong></span> <span class='ocrx_word' id='word_1_17' title='bbox 2811 487 2990 555; x_wconf 81' lang='lat' dir='ltr'><strong>’xxtti,</strong></span> <span class='ocrx_word' id='word_1_18' title='bbox 3039 487 3320 543; x_wconf 83' lang='lat' dir='ltr'><strong>Circuihat</strong></span> <span class='ocrx_word' id='word_1_19' title='bbox 3349 487 3507 543; x_wconf 87' lang='lat' dir='ltr'><strong>Jesus</strong></span> 
     </span>
    </p>
   </div>
   <div class='ocr_carea' id='block_1_5' title="bbox 244 558 1812 634">
    <p class='ocr_par' dir='ltr' id='par_1_5' title="bbox 244 558 1812 634">
     <span class='ocr_line' id='line_1_5' title="bbox 244 558 1812 634; baseline 0.006 -20"><span class='ocrx_word' id='word_1_20' title='bbox 244 560 320 615; x_wconf 91' lang='lat' dir='ltr'><strong>rie</strong></span> <span class='ocrx_word' id='word_1_21' title='bbox 349 558 642 629; x_wconf 90' lang='lat' dir='ltr'><strong>multisque</strong></span> <span class='ocrx_word' id='word_1_22' title='bbox 676 561 872 626; x_wconf 91' lang='lat' dir='ltr'><strong>modis,</strong></span> <span class='ocrx_word' id='word_1_23' title='bbox 898 577 1061 634; x_wconf 80' lang='lat' dir='ltr'><strong>usque</strong></span> <span class='ocrx_word' id='word_1_24' title='bbox 1086 564 1214 618; x_wconf 83' lang='lat' dir='ltr'><strong>anni</strong></span> <span class='ocrx_word' id='word_1_25' title='bbox 1267 567 1344 621; x_wconf 91' lang='lat' dir='ltr'><strong>tui</strong></span> <span class='ocrx_word' id='word_1_26' title='bbox 1383 579 1496 620; x_wconf 90' lang='lat' dir='ltr'><strong>non</strong></span> <span class='ocrx_word' id='word_1_27' title='bbox 1534 565 1812 622; x_wconf 86' lang='lat' dir='ltr'><strong>delicient.</strong></span> 
     </span>
    </p>
   </div>
   <div class='ocr_carea' id='block_1_6' title="bbox 305 651 1816 727">
    <p class='ocr_par' dir='ltr' id='par_1_6' title="bbox 305 651 1816 727">
     <span class='ocr_line' id='line_1_6' title="bbox 305 651 1816 727; baseline 0.005 -20"><span class='ocrx_word' id='word_1_28' title='bbox 305 651 442 708; x_wconf 81' lang='lat' dir='ltr'><strong>item</strong></span> <span class='ocrx_word' id='word_1_29' title='bbox 479 653 568 708; x_wconf 82' lang='lat' dir='ltr'><strong>ubi</strong></span> <span class='ocrx_word' id='word_1_30' title='bbox 611 668 798 722; x_wconf 81' lang='lat' dir='ltr'><strong>supra.</strong></span> <span class='ocrx_word' id='word_1_31' title='bbox 842 653 1033 710; x_wconf 85' lang='lat' dir='ltr'><strong>Lectio</strong></span> <span class='ocrx_word' id='word_1_32' title='bbox 1061 655 1214 711; x_wconf 69' lang='lat' dir='ltr'><strong>Isaiae</strong></span> <span class='ocrx_word' id='word_1_33' title='bbox 1242 657 1539 727; x_wconf 68' lang='lat' dir='ltr'><strong>prophetae.</strong></span> <span class='ocrx_word' id='word_1_34' title='bbox 1576 656 1703 715; x_wconf 70' lang='lat' dir='ltr'><strong>Haec</strong></span> <span class='ocrx_word' id='word_1_35' title='bbox 1731 661 1816 714; x_wconf 89' lang='lat' dir='ltr'><strong>di-</strong></span> 
     </span>
    </p>
   </div>
   <div class='ocr_carea' id='block_1_7' title="bbox 1919 577 3235 650">
    <p class='ocr_par' dir='ltr' id='par_1_7' title="bbox 1919 577 3235 650">
     <span class='ocr_line' id='line_1_7' title="bbox 1919 577 3235 650; baseline 0.003 -18"><span class='ocrx_word' id='word_1_36' title='bbox 1919 586 2086 632; x_wconf 86' lang='lat' dir='ltr'><strong>totam</strong></span> <span class='ocrx_word' id='word_1_37' title='bbox 2128 577 2428 644; x_wconf 72' lang='lat' dir='ltr'><strong>Galilmam,</strong></span> <span class='ocrx_word' id='word_1_38' title='bbox 2453 596 2614 650; x_wconf 79' lang='lat' dir='ltr'><strong>usque</strong></span> <span class='ocrx_word' id='word_1_39' title='bbox 2638 581 2704 634; x_wconf 90' lang='lat' dir='ltr'><strong>de</strong></span> <span class='ocrx_word' id='word_1_40' title='bbox 2736 591 2885 635; x_wconf 90' lang='lat' dir='ltr'><strong>trans</strong></span> <span class='ocrx_word' id='word_1_41' title='bbox 2921 579 3235 636; x_wconf 89' lang='lat' dir='ltr'><strong>Jordanetn.</strong></span> 
     </span>
    </p>
   </div>
   <div class='ocr_carea' id='block_1_8' title="bbox 1990 673 3504 736">
    <p class='ocr_par' dir='ltr' id='par_1_8' title="bbox 1990 673 3504 736">
     <span class='ocr_line' id='line_1_8' title="bbox 1990 673 3504 736; baseline 0.005 -10"><span class='ocrx_word' id='word_1_42' title='bbox 1990 687 2049 726; x_wconf 86' lang='grc' dir='ltr'><strong>ιιι</strong></span> <span class='ocrx_word' id='word_1_43' title='bbox 2084 673 2224 729; x_wconf 86' lang='lat' dir='ltr'><strong>Non.</strong></span> <span class='ocrx_word' id='word_1_44' title='bbox 2249 673 2518 731; x_wconf 88' lang='lat' dir='ltr'><strong>Januarii.</strong></span> <span class='ocrx_word' id='word_1_45' title='bbox 2569 675 2761 733; x_wconf 80' lang='lat' dir='ltr'><strong>Natale</strong></span> <span class='ocrx_word' id='word_1_46' title='bbox 2809 687 3011 733; x_wconf 71' lang='lat' dir='ltr'><strong>sancta:</strong></span> <span class='ocrx_word' id='word_1_47' title='bbox 3061 681 3350 736; x_wconf 79' lang='lat' dir='ltr'><strong>Genorefae</strong></span> <span class='ocrx_word' id='word_1_48' title='bbox 3391 681 3504 735; x_wconf 83' lang='lat' dir='ltr'><strong>vir-</strong></span> 
     </span>
    </p>
   </div>
   <div class='ocr_carea' id='block_1_9' title="bbox 239 744 3504 843">
    <p class='ocr_par' dir='ltr' id='par_1_9' title="bbox 239 744 3504 843">
     <span class='ocr_line' id='line_1_9' title="bbox 239 744 3504 843; baseline 0.008 -44"><span class='ocrx_word' id='word_1_49' title='bbox 239 745 308 800; x_wconf 89' lang='lat' dir='ltr'><strong>cit</strong></span> <span class='ocrx_word' id='word_1_50' title='bbox 332 744 596 843; x_wconf 60' lang='lat' dir='ltr'><strong>Dominus</strong></span> <span class='ocrx_word' id='word_1_51' title='bbox 619 761 633 798; x_wconf 73' lang='grc' dir='ltr'><em>τ</em></span> <span class='ocrx_word' id='word_1_52' title='bbox 660 745 886 816; x_wconf 77' lang='lat' dir='ltr'><strong>Propter</strong></span> <span class='ocrx_word' id='word_1_53' title='bbox 905 747 1010 843; x_wconf 55' lang='lat' dir='ltr'><strong>P00</strong></span> <span class='ocrx_word' id='word_1_54' title='bbox 1029 749 1166 804; x_wconf 71' lang='grc' dir='ltr'><strong>δοίεί</strong></span> <span class='ocrx_word' id='word_1_55' title='bbox 1196 749 1427 820; x_wconf 69' lang='lat' dir='ltr'><strong>Populus</strong></span> <span class='ocrx_word' id='word_1_56' title='bbox 1453 763 1629 816; x_wconf 62' lang='lat' dir='ltr'><strong>meust</strong></span> <span class='ocrx_word' id='word_1_57' title='bbox 1654 767 1817 823; x_wconf 62' lang='lat'><strong>“‘4&#39;”</strong></span> <span class='ocrx_word' id='word_1_58' title='bbox 1917 763 2079 832; x_wconf 87' lang='lat' dir='ltr'><strong>ginis.</strong></span> <span class='ocrx_word' id='word_1_59' title='bbox 2113 765 2301 821; x_wconf 86' lang='lat' dir='ltr'><strong>Lectio</strong></span> <span class='ocrx_word' id='word_1_60' title='bbox 2333 767 2458 822; x_wconf 87' lang='lat' dir='ltr'><strong>libri</strong></span> <span class='ocrx_word' id='word_1_61' title='bbox 2509 769 2812 839; x_wconf 65' lang='lat' dir='ltr'><strong>sapientia).</strong></span> <span class='ocrx_word' id='word_1_62' title='bbox 2841 769 3071 826; x_wconf 84' lang='lat' dir='ltr'><strong>Pulchra</strong></span> <span class='ocrx_word' id='word_1_63' title='bbox 3100 781 3184 826; x_wconf 88' lang='lat' dir='ltr'><strong>est</strong></span> <span class='ocrx_word' id='word_1_64' title='bbox 3226 783 3374 828; x_wconf 87' lang='lat' dir='ltr'><strong>casta</strong></span> <span class='ocrx_word' id='word_1_65' title='bbox 3411 790 3504 843; x_wconf 79' lang='lat' dir='ltr'><strong>ge-</strong></span> 
     </span>
    </p>
   </div>
   <div class='ocr_carea' id='block_1_10' title="bbox 238 836 1814 899">
    <p class='ocr_par' dir='ltr' id='par_1_10' title="bbox 238 836 1814 899">
     <span class='ocr_line' id='line_1_10' title="bbox 238 836 1814 899; baseline 0.005 -7"><span class='ocrx_word' id='word_1_66' title='bbox 238 845 289 892; x_wconf 89' lang='lat' dir='ltr'><strong>et</strong></span> <span class='ocrx_word' id='word_1_67' title='bbox 325 836 587 894; x_wconf 86' lang='lat' dir='ltr'><strong>videbunt</strong></span> <span class='ocrx_word' id='word_1_68' title='bbox 641 854 836 897; x_wconf 87' lang='lat' dir='ltr'><strong>omnes</strong></span> <span class='ocrx_word' id='word_1_69' title='bbox 893 840 1036 897; x_wconf 84' lang='lat' dir='ltr'><strong>lines</strong></span> <span class='ocrx_word' id='word_1_70' title='bbox 1093 850 1252 897; x_wconf 82' lang='lat' dir='ltr'><strong>terra:</strong></span> <span class='ocrx_word' id='word_1_71' title='bbox 1307 844 1554 898; x_wconf 86' lang='lat' dir='ltr'><strong>salutare</strong></span> <span class='ocrx_word' id='word_1_72' title='bbox 1584 844 1680 899; x_wconf 92' lang='lat' dir='ltr'><strong>Dei</strong></span> <span class='ocrx_word' id='word_1_73' title='bbox 1715 859 1814 899; x_wconf 88' lang='lat' dir='ltr'><strong>no-</strong></span> 
     </span>
    </p>
   </div>
   <div class='ocr_carea' id='block_1_11' title="bbox 237 928 352 984">
    <p class='ocr_par' dir='ltr' id='par_1_11' title="bbox 237 928 352 984">
     <span class='ocr_line' id='line_1_11' title="bbox 237 928 352 984; baseline -0.009 0"><span class='ocrx_word' id='word_1_74' title='bbox 237 928 352 984; x_wconf 89' lang='lat' dir='ltr'><strong>stri.</strong></span> 
     </span>
    </p>
   </div>
   <div class='ocr_carea' id='block_1_12' title="bbox 299 1021 1811 1092">
    <p class='ocr_par' dir='ltr' id='par_1_12' title="bbox 299 1021 1811 1092">
     <span class='ocr_line' id='line_1_12' title="bbox 299 1021 1811 1092; baseline 0.005 -16"><span class='ocrx_word' id='word_1_75' title='bbox 299 1021 522 1077; x_wconf 83' lang='lat' dir='ltr'><strong>initium</strong></span> <span class='ocrx_word' id='word_1_76' title='bbox 575 1023 750 1078; x_wconf 82' lang='lat' dir='ltr'><strong>sancti</strong></span> <span class='ocrx_word' id='word_1_77' title='bbox 785 1021 1067 1092; x_wconf 79' lang='lat' dir='ltr'><strong>Evangelii</strong></span> <span class='ocrx_word' id='word_1_78' title='bbox 1101 1029 1404 1082; x_wconf 88' lang='lat' dir='ltr'><strong>secundum</strong></span> <span class='ocrx_word' id='word_1_79' title='bbox 1433 1027 1723 1084; x_wconf 84' lang='lat' dir='ltr'><strong>Joannem.</strong></span> <span class='ocrx_word' id='word_1_80' title='bbox 1752 1027 1811 1084; x_wconf 91' lang='lat' dir='ltr'><strong>ln</strong></span> 
     </span>
    </p>
   </div>
   <div class='ocr_carea' id='block_1_13' title="bbox 235 1115 1512 1188">
    <p class='ocr_par' dir='ltr' id='par_1_13' title="bbox 235 1115 1512 1188">
     <span class='ocr_line' id='line_1_13' title="bbox 235 1115 1512 1188; baseline 0.003 -18"><span class='ocrx_word' id='word_1_81' title='bbox 235 1115 504 1187; x_wconf 89' lang='lat' dir='ltr'><strong>principio</strong></span> <span class='ocrx_word' id='word_1_82' title='bbox 531 1126 651 1172; x_wconf 91' lang='lat' dir='ltr'><strong>erat</strong></span> <span class='ocrx_word' id='word_1_83' title='bbox 679 1115 943 1181; x_wconf 81' lang='lat' dir='ltr'><strong>Verbum,</strong></span> <span class='ocrx_word' id='word_1_84' title='bbox 969 1134 1132 1188; x_wconf 80' lang='lat' dir='ltr'><strong>usque</strong></span> <span class='ocrx_word' id='word_1_85' title='bbox 1160 1131 1214 1174; x_wconf 90' lang='lat' dir='ltr'><strong>et</strong></span> <span class='ocrx_word' id='word_1_86' title='bbox 1243 1119 1512 1175; x_wconf 80' lang='lat' dir='ltr'><strong>veritatis.</strong></span> 
     </span>
    </p>
   </div>
   <div class='ocr_carea' id='block_1_14' title="bbox 297 1207 1810 1281">
    <p class='ocr_par' dir='ltr' id='par_1_14' title="bbox 297 1207 1810 1281">
     <span class='ocr_line' id='line_1_14' title="bbox 297 1207 1810 1281; baseline 0.003 -16"><span class='ocrx_word' id='word_1_87' title='bbox 297 1207 359 1265; x_wconf 83' lang='lat' dir='ltr'><strong>in</strong></span> <span class='ocrx_word' id='word_1_88' title='bbox 393 1209 558 1264; x_wconf 88' lang='lat' dir='ltr'><strong>natali</strong></span> <span class='ocrx_word' id='word_1_89' title='bbox 607 1211 782 1266; x_wconf 86' lang='lat' dir='ltr'><strong>sancti</strong></span> <span class='ocrx_word' id='word_1_90' title='bbox 815 1211 1103 1280; x_wconf 85' lang='lat' dir='ltr'><strong>Stephani,</strong></span> <span class='ocrx_word' id='word_1_91' title='bbox 1135 1211 1190 1267; x_wconf 89' lang='lat' dir='ltr'><strong>id</strong></span> <span class='ocrx_word' id='word_1_92' title='bbox 1223 1223 1326 1281; x_wconf 89' lang='lat' dir='ltr'><strong>est,</strong></span> <span class='ocrx_word' id='word_1_93' title='bbox 1359 1228 1433 1268; x_wconf 82' lang='lat' dir='ltr'><strong>vn</strong></span> <span class='ocrx_word' id='word_1_94' title='bbox 1463 1212 1695 1269; x_wconf 79' lang='lat' dir='ltr'><strong>Kalend.</strong></span> <span class='ocrx_word' id='word_1_95' title='bbox 1717 1213 1810 1268; x_wconf 85' lang='lat' dir='ltr'><strong>Ja-</strong></span> 
     </span>
    </p>
   </div>
   <div class='ocr_carea' id='block_1_15' title="bbox 235 1300 1810 1372">
    <p class='ocr_par' dir='ltr' id='par_1_15' title="bbox 235 1300 1810 1372">
     <span class='ocr_line' id='line_1_15' title="bbox 235 1300 1810 1372; baseline 0.003 -17"><span class='ocrx_word' id='word_1_96' title='bbox 235 1302 431 1356; x_wconf 88' lang='lat' dir='ltr'><strong>nuarii.</strong></span> <span class='ocrx_word' id='word_1_97' title='bbox 469 1300 657 1358; x_wconf 86' lang='lat' dir='ltr'><strong>Lectio</strong></span> <span class='ocrx_word' id='word_1_98' title='bbox 686 1303 923 1358; x_wconf 82' lang='lat' dir='ltr'><strong>Actuutn</strong></span> <span class='ocrx_word' id='word_1_99' title='bbox 956 1303 1348 1372; x_wconf 80' lang='lat' dir='ltr'><strong>apostolorum.</strong></span> <span class='ocrx_word' id='word_1_100' title='bbox 1384 1305 1444 1358; x_wconf 91' lang='lat' dir='ltr'><strong>ln</strong></span> <span class='ocrx_word' id='word_1_101' title='bbox 1480 1303 1670 1360; x_wconf 89' lang='lat' dir='ltr'><strong>diebus</strong></span> <span class='ocrx_word' id='word_1_102' title='bbox 1703 1303 1810 1359; x_wconf 88' lang='lat' dir='ltr'><strong>illis</strong></span> 
     </span>
    </p>
   </div>
   <div class='ocr_carea' id='block_1_16' title="bbox 235 1395 1808 1466">
    <p class='ocr_par' dir='ltr' id='par_1_16' title="bbox 235 1395 1808 1466">
     <span class='ocr_line' id='line_1_16' title="bbox 235 1395 1808 1466; baseline 0.001 -18"><span class='ocrx_word' id='word_1_103' title='bbox 235 1395 544 1464; x_wconf 84' lang='lat' dir='ltr'><strong>Stephanus</strong></span> <span class='ocrx_word' id='word_1_104' title='bbox 575 1397 771 1466; x_wconf 90' lang='lat' dir='ltr'><strong>plenus</strong></span> <span class='ocrx_word' id='word_1_105' title='bbox 821 1396 1018 1466; x_wconf 80' lang='lat' dir='ltr'><strong>gratia,</strong></span> <span class='ocrx_word' id='word_1_106' title='bbox 1051 1411 1218 1465; x_wconf 80' lang='lat' dir='ltr'><strong>usque</strong></span> <span class='ocrx_word' id='word_1_107' title='bbox 1251 1396 1588 1451; x_wconf 80' lang='lat' dir='ltr'><strong>obdormivit</strong></span> <span class='ocrx_word' id='word_1_108' title='bbox 1613 1398 1667 1451; x_wconf 92' lang='lat' dir='ltr'><strong>in</strong></span> <span class='ocrx_word' id='word_1_109' title='bbox 1696 1395 1808 1450; x_wconf 68' lang='lat' dir='ltr'><strong>Do.</strong></span> 
     </span>
    </p>
   </div>
   <div class='ocr_carea' id='block_1_17' title="bbox 231 1485 1806 1558">
    <p class='ocr_par' dir='ltr' id='par_1_17' title="bbox 231 1485 1806 1558">
     <span class='ocr_line' id='line_1_17' title="bbox 231 1485 1806 1558; baseline 0.001 -17"><span class='ocrx_word' id='word_1_110' title='bbox 231 1485 400 1542; x_wconf 84' lang='lat' dir='ltr'><strong>mino.</strong></span> <span class='ocrx_word' id='word_1_111' title='bbox 425 1487 777 1556; x_wconf 85' lang='lat' dir='ltr'><strong>Evangelium</strong></span> <span class='ocrx_word' id='word_1_112' title='bbox 816 1488 1119 1543; x_wconf 84' lang='lat' dir='ltr'><strong>secundum</strong></span> <span class='ocrx_word' id='word_1_113' title='bbox 1155 1489 1471 1544; x_wconf 73' lang='lat' dir='ltr'><strong>blatthteum</strong></span> <span class='ocrx_word' id='word_1_114' title='bbox 1500 1503 1624 1558; x_wconf 84' lang='lat' dir='ltr'><strong>cap.</strong></span> <span class='ocrx_word' id='word_1_115' title='bbox 1649 1503 1806 1544; x_wconf 69' lang='grc' dir='ltr'><strong>ραι..</strong></span> 
     </span>
    </p>
   </div>
   <div class='ocr_carea' id='block_1_18' title="bbox 233 1577 1809 1652">
    <p class='ocr_par' dir='ltr' id='par_1_18' title="bbox 233 1577 1809 1652">
     <span class='ocr_line' id='line_1_18' title="bbox 233 1577 1809 1652; baseline 0.003 -22"><span class='ocrx_word' id='word_1_116' title='bbox 233 1577 454 1634; x_wconf 85' lang='lat' dir='ltr'><strong>Dicebat</strong></span> <span class='ocrx_word' id='word_1_117' title='bbox 487 1577 648 1636; x_wconf 85' lang='lat' dir='ltr'><strong>Jesus</strong></span> <span class='ocrx_word' id='word_1_118' title='bbox 698 1581 872 1638; x_wconf 85' lang='lat' dir='ltr'><strong>turbis</strong></span> <span class='ocrx_word' id='word_1_119' title='bbox 923 1580 1258 1650; x_wconf 72' lang='lat' dir='ltr'><strong>Judaaorum,</strong></span> <span class='ocrx_word' id='word_1_120' title='bbox 1281 1597 1443 1652; x_wconf 78' lang='lat' dir='ltr'><strong>usque</strong></span> <span class='ocrx_word' id='word_1_121' title='bbox 1489 1581 1809 1637; x_wconf 85' lang='lat' dir='ltr'><strong>benedictus</strong></span> 
     </span>
    </p>
   </div>
   <div class='ocr_carea' id='block_1_19' title="bbox 229 1669 1115 1740">
    <p class='ocr_par' dir='ltr' id='par_1_19' title="bbox 229 1669 1115 1740">
     <span class='ocr_line' id='line_1_19' title="bbox 229 1669 1115 1740; baseline 0.006 -16"><span class='ocrx_word' id='word_1_122' title='bbox 229 1669 315 1740; x_wconf 87' lang='lat' dir='ltr'><strong>qui</strong></span> <span class='ocrx_word' id='word_1_123' title='bbox 357 1672 509 1726; x_wconf 89' lang='lat' dir='ltr'><strong>venit</strong></span> <span class='ocrx_word' id='word_1_124' title='bbox 540 1673 593 1726; x_wconf 90' lang='lat' dir='ltr'><strong>in</strong></span> <span class='ocrx_word' id='word_1_125' title='bbox 626 1675 847 1729; x_wconf 86' lang='lat' dir='ltr'><strong>nomine</strong></span> <span class='ocrx_word' id='word_1_126' title='bbox 875 1673 1115 1729; x_wconf 91' lang='lat' dir='ltr'><strong>D0mini.</strong></span> 
     </span>
    </p>
   </div>
   <div class='ocr_carea' id='block_1_20' title="bbox 289 1761 1804 1834">
    <p class='ocr_par' dir='ltr' id='par_1_20' title="bbox 289 1761 1804 1834">
     <span class='ocr_line' id='line_1_20' title="bbox 289 1761 1804 1834; baseline -0.001 -16"><span class='ocrx_word' id='word_1_127' title='bbox 289 1761 348 1818; x_wconf 92' lang='lat' dir='ltr'><strong>ln</strong></span> <span class='ocrx_word' id='word_1_128' title='bbox 409 1763 581 1819; x_wconf 83' lang='lat' dir='ltr'><strong>natali</strong></span> <span class='ocrx_word' id='word_1_129' title='bbox 633 1765 805 1820; x_wconf 85' lang='lat' dir='ltr'><strong>sancti</strong></span> <span class='ocrx_word' id='word_1_130' title='bbox 852 1763 1078 1820; x_wconf 91' lang='lat' dir='ltr'><strong>Joannis</strong></span> <span class='ocrx_word' id='word_1_131' title='bbox 1128 1765 1496 1834; x_wconf 56' lang='lat' dir='ltr'><strong>evangelista,</strong></span> <span class='ocrx_word' id='word_1_132' title='bbox 1532 1765 1586 1820; x_wconf 88' lang='lat' dir='ltr'><strong>id</strong></span> <span class='ocrx_word' id='word_1_133' title='bbox 1617 1771 1718 1829; x_wconf 87' lang='lat' dir='ltr'><strong>est,</strong></span> <span class='ocrx_word' id='word_1_134' title='bbox 1752 1778 1804 1818; x_wconf 92' lang='lat' dir='ltr'><strong>vt</strong></span> 
     </span>
    </p>
   </div>
   <div class='ocr_carea' id='block_1_21' title="bbox 1916 855 3501 930">
    <p class='ocr_par' dir='ltr' id='par_1_21' title="bbox 1916 855 3501 930">
     <span class='ocr_line' id='line_1_21' title="bbox 1916 855 3501 930; baseline 0.004 -23"><span class='ocrx_word' id='word_1_135' title='bbox 1916 855 2150 919; x_wconf 89' lang='lat' dir='ltr'><strong>neratio,</strong></span> <span class='ocrx_word' id='word_1_136' title='bbox 2181 873 2348 926; x_wconf 84' lang='lat' dir='ltr'><strong>usque</strong></span> <span class='ocrx_word' id='word_1_137' title='bbox 2371 857 2424 911; x_wconf 91' lang='lat' dir='ltr'><strong>in</strong></span> <span class='ocrx_word' id='word_1_138' title='bbox 2455 858 2742 928; x_wconf 83' lang='lat' dir='ltr'><strong>refrigerio</strong></span> <span class='ocrx_word' id='word_1_139' title='bbox 2769 860 2894 914; x_wconf 88' lang='lat' dir='ltr'><strong>erit.</strong></span> <span class='ocrx_word' id='word_1_140' title='bbox 2922 859 3272 930; x_wconf 76' lang='lat' dir='ltr'><strong>Evangelium</strong></span> <span class='ocrx_word' id='word_1_141' title='bbox 3299 876 3501 916; x_wconf 81' lang='lat' dir='ltr'><strong>secun-</strong></span> 
     </span>
    </p>
   </div>
   <div class='ocr_carea' id='block_1_22' title="bbox 1916 945 3497 1021">
    <p class='ocr_par' dir='ltr' id='par_1_22' title="bbox 1916 945 3497 1021">
     <span class='ocr_line' id='line_1_22' title="bbox 1916 945 3497 1021; baseline 0.005 -22"><span class='ocrx_word' id='word_1_142' title='bbox 1916 945 2043 1000; x_wconf 90' lang='lat' dir='ltr'><strong>dum</strong></span> <span class='ocrx_word' id='word_1_143' title='bbox 2098 945 2405 1004; x_wconf 73' lang='lat' dir='ltr'><strong>Mattltaeum</strong></span> <span class='ocrx_word' id='word_1_144' title='bbox 2442 964 2564 1019; x_wconf 90' lang='lat' dir='ltr'><strong>cap.</strong></span> <span class='ocrx_word' id='word_1_145' title='bbox 2598 966 2812 1012; x_wconf 79' lang='lat' dir='ltr'><strong>xxxvtt.</strong></span> <span class='ocrx_word' id='word_1_146' title='bbox 2841 949 3086 1006; x_wconf 81' lang='lat' dir='ltr'><strong>Audistis</strong></span> <span class='ocrx_word' id='word_1_147' title='bbox 3118 952 3246 1021; x_wconf 87' lang='lat' dir='ltr'><strong>quia</strong></span> <span class='ocrx_word' id='word_1_148' title='bbox 3295 953 3497 1007; x_wconf 91' lang='lat' dir='ltr'><strong>dictum</strong></span> 
     </span>
    </p>
   </div>
   <div class='ocr_carea' id='block_1_23' title="bbox 1913 1039 3499 1112">
    <p class='ocr_par' dir='ltr' id='par_1_23' title="bbox 1913 1039 3499 1112">
     <span class='ocr_line' id='line_1_23' title="bbox 1913 1039 3499 1112; baseline 0.004 -23"><span class='ocrx_word' id='word_1_149' title='bbox 1913 1044 1998 1089; x_wconf 89' lang='lat' dir='ltr'><strong>est</strong></span> <span class='ocrx_word' id='word_1_150' title='bbox 2058 1039 2317 1107; x_wconf 80' lang='lat' dir='ltr'><strong>antiquis,</strong></span> <span class='ocrx_word' id='word_1_151' title='bbox 2349 1040 2468 1094; x_wconf 85' lang='lat' dir='ltr'><strong>Non</strong></span> <span class='ocrx_word' id='word_1_152' title='bbox 2502 1042 2887 1106; x_wconf 71' lang='lat' dir='ltr'><strong>mmchaberis,</strong></span> <span class='ocrx_word' id='word_1_153' title='bbox 2933 1057 3098 1112; x_wconf 78' lang='lat' dir='ltr'><strong>usque</strong></span> <span class='ocrx_word' id='word_1_154' title='bbox 3145 1041 3405 1097; x_wconf 88' lang='lat' dir='ltr'><strong>volentia</strong></span> <span class='ocrx_word' id='word_1_155' title='bbox 3447 1051 3499 1096; x_wconf 91' lang='lat' dir='ltr'><strong>te</strong></span> 
     </span>
    </p>
   </div>
   <div class='ocr_carea' id='block_1_24' title="bbox 1913 1128 2572 1188">
    <p class='ocr_par' dir='ltr' id='par_1_24' title="bbox 1913 1128 2572 1188">
     <span class='ocr_line' id='line_1_24' title="bbox 1913 1128 2572 1188; baseline 0.012 -10"><span class='ocrx_word' id='word_1_156' title='bbox 1913 1128 2150 1182; x_wconf 89' lang='lat' dir='ltr'><strong>mutuari</strong></span> <span class='ocrx_word' id='word_1_157' title='bbox 2186 1143 2253 1183; x_wconf 90' lang='lat' dir='ltr'><strong>ne</strong></span> <span class='ocrx_word' id='word_1_158' title='bbox 2283 1133 2572 1188; x_wconf 85' lang='lat' dir='ltr'><strong>avertaris.</strong></span> 
     </span>
    </p>
   </div>
   <div class='ocr_carea' id='block_1_25' title="bbox 1983 1216 3554 1294">
    <p class='ocr_par' dir='ltr' id='par_1_25' title="bbox 1983 1216 3554 1294">
     <span class='ocr_line' id='line_1_25' title="bbox 1983 1216 3554 1294; baseline 0.005 -24"><span class='ocrx_word' id='word_1_159' title='bbox 1983 1216 2135 1274; x_wconf 89' lang='lat' dir='ltr'><strong>Prid.</strong></span> <span class='ocrx_word' id='word_1_160' title='bbox 2163 1219 2304 1275; x_wconf 85' lang='lat' dir='ltr'><strong>Non.</strong></span> <span class='ocrx_word' id='word_1_161' title='bbox 2333 1220 2603 1278; x_wconf 84' lang='lat' dir='ltr'><strong>Januarii.</strong></span> <span class='ocrx_word' id='word_1_162' title='bbox 2632 1224 2818 1280; x_wconf 89' lang='lat' dir='ltr'><strong>Lectio</strong></span> <span class='ocrx_word' id='word_1_163' title='bbox 2867 1224 3056 1280; x_wconf 89' lang='lat' dir='ltr'><strong>Daniel</strong></span> <span class='ocrx_word' id='word_1_164' title='bbox 3106 1229 3402 1294; x_wconf 63' lang='lat' dir='ltr'><strong>prophetae.</strong></span> <span class='ocrx_word' id='word_1_165' title='bbox 3439 1223 3494 1278; x_wconf 90' lang='lat' dir='ltr'><strong>ln</strong></span> <span class='ocrx_word' id='word_1_166' title='bbox 3547 1265 3554 1272; x_wconf 85' lang='lat'><strong>.</strong></span> 
     </span>
    </p>
   </div>
   <div class='ocr_carea' id='block_1_26' title="bbox 1910 1307 3642 1382">
    <p class='ocr_par' dir='ltr' id='par_1_26' title="bbox 1910 1307 3642 1382">
     <span class='ocr_line' id='line_1_26' title="bbox 1910 1307 3642 1382; baseline 0.001 -20"><span class='ocrx_word' id='word_1_167' title='bbox 1910 1307 2106 1362; x_wconf 84' lang='lat' dir='ltr'><strong>diebus</strong></span> <span class='ocrx_word' id='word_1_168' title='bbox 2139 1309 2246 1364; x_wconf 90' lang='lat' dir='ltr'><strong>illis</strong></span> <span class='ocrx_word' id='word_1_169' title='bbox 2289 1311 2436 1364; x_wconf 84' lang='lat' dir='ltr'><strong>venit</strong></span> <span class='ocrx_word' id='word_1_170' title='bbox 2468 1309 2976 1366; x_wconf 84' lang='lat' dir='ltr'><strong>Nabuchodonosor</strong></span> <span class='ocrx_word' id='word_1_171' title='bbox 2999 1327 3090 1366; x_wconf 82' lang='lat' dir='ltr'><strong>rex</strong></span> <span class='ocrx_word' id='word_1_172' title='bbox 3121 1310 3412 1382; x_wconf 84' lang='lat' dir='ltr'><strong>Babylonis</strong></span> <span class='ocrx_word' id='word_1_173' title='bbox 3440 1311 3494 1364; x_wconf 91' lang='lat' dir='ltr'><strong>in</strong></span> <span class='ocrx_word' id='word_1_174' title='bbox 3551 1325 3562 1330; x_wconf 85' lang='lat'>&#39;</span> <span class='ocrx_word' id='word_1_175' title='bbox 3625 1311 3642 1316; x_wconf 68' lang='grc'><em>“</em></span> 
     </span>
    </p>
   </div>
   <div class='ocr_carea' id='block_1_27' title="bbox 1910 1395 3495 1476">
    <p class='ocr_par' dir='ltr' id='par_1_27' title="bbox 1910 1395 3495 1476">
     <span class='ocr_line' id='line_1_27' title="bbox 1910 1395 3495 1476; baseline 0.001 -25"><span class='ocrx_word' id='word_1_176' title='bbox 1910 1395 2314 1462; x_wconf 84' lang='lat' dir='ltr'><strong>Jerusalem,et</strong></span> <span class='ocrx_word' id='word_1_177' title='bbox 2367 1399 2582 1454; x_wconf 89' lang='lat' dir='ltr'><strong>obsedit</strong></span> <span class='ocrx_word' id='word_1_178' title='bbox 2609 1415 2770 1464; x_wconf 86' lang='lat' dir='ltr'><strong>eam,</strong></span> <span class='ocrx_word' id='word_1_179' title='bbox 2852 1417 3019 1470; x_wconf 79' lang='lat' dir='ltr'><strong>usque</strong></span> <span class='ocrx_word' id='word_1_180' title='bbox 3057 1401 3148 1468; x_wconf 90' lang='lat' dir='ltr'><strong>qui</strong></span> <span class='ocrx_word' id='word_1_181' title='bbox 3200 1400 3495 1476; x_wconf 68' lang='lat' dir='ltr'><strong>vesceban~</strong></span> 
     </span>
    </p>
   </div>
   <div class='ocr_carea' id='block_1_28' title="bbox 1914 1487 3490 1558">
    <p class='ocr_par' dir='ltr' id='par_1_28' title="bbox 1914 1487 3490 1558">
     <span class='ocr_line' id='line_1_28' title="bbox 1914 1487 3490 1558; baseline 0.003 -18"><span class='ocrx_word' id='word_1_182' title='bbox 1914 1495 2001 1540; x_wconf 92' lang='lat' dir='ltr'><strong>tur</strong></span> <span class='ocrx_word' id='word_1_183' title='bbox 2033 1487 2156 1542; x_wconf 91' lang='lat' dir='ltr'><strong>cibo</strong></span> <span class='ocrx_word' id='word_1_184' title='bbox 2203 1488 2373 1558; x_wconf 88' lang='lat' dir='ltr'><strong>regio.</strong></span> <span class='ocrx_word' id='word_1_185' title='bbox 2429 1487 2782 1558; x_wconf 85' lang='lat' dir='ltr'><strong>Evangelium</strong></span> <span class='ocrx_word' id='word_1_186' title='bbox 2839 1491 3140 1545; x_wconf 87' lang='lat' dir='ltr'><strong>secundum</strong></span> <span class='ocrx_word' id='word_1_187' title='bbox 3177 1490 3490 1544; x_wconf 72' lang='lat' dir='ltr'><strong>Mattltceum</strong></span> 
     </span>
    </p>
   </div>
   <div class='ocr_carea' id='block_1_29' title="bbox 1909 1579 3492 1644">
    <p class='ocr_par' dir='ltr' id='par_1_29' title="bbox 1909 1579 3492 1644">
     <span class='ocr_line' id='line_1_29' title="bbox 1909 1579 3492 1644; baseline -0.001 -10"><span class='ocrx_word' id='word_1_188' title='bbox 1909 1594 1960 1634; x_wconf 88' lang='lat' dir='ltr'><strong>c.</strong></span> <span class='ocrx_word' id='word_1_189' title='bbox 1999 1594 2168 1644; x_wconf 75' lang='lat' dir='ltr'><strong>LXVII,</strong></span> <span class='ocrx_word' id='word_1_190' title='bbox 2201 1579 2334 1633; x_wconf 91' lang='lat' dir='ltr'><strong>Cum</strong></span> <span class='ocrx_word' id='word_1_191' title='bbox 2373 1580 2612 1636; x_wconf 88' lang='lat' dir='ltr'><strong>venisset</strong></span> <span class='ocrx_word' id='word_1_192' title='bbox 2667 1579 2826 1636; x_wconf 86' lang='lat' dir='ltr'><strong>Jesus</strong></span> <span class='ocrx_word' id='word_1_193' title='bbox 2871 1582 2927 1634; x_wconf 91' lang='lat' dir='ltr'><strong>in</strong></span> <span class='ocrx_word' id='word_1_194' title='bbox 2985 1581 3206 1635; x_wconf 88' lang='lat' dir='ltr'><strong>domum</strong></span> <span class='ocrx_word' id='word_1_195' title='bbox 3252 1580 3492 1636; x_wconf 87' lang='lat' dir='ltr'><strong>Simonis</strong></span> 
     </span>
    </p>
   </div>
   <div class='ocr_carea' id='block_1_30' title="bbox 1909 1669 3336 1738">
    <p class='ocr_par' dir='ltr' id='par_1_30' title="bbox 1909 1669 3336 1738">
     <span class='ocr_line' id='line_1_30' title="bbox 1909 1669 3336 1738; baseline 0.004 -16"><span class='ocrx_word' id='word_1_196' title='bbox 1909 1669 2075 1733; x_wconf 85' lang='lat' dir='ltr'><strong>Petri,</strong></span> <span class='ocrx_word' id='word_1_197' title='bbox 2117 1685 2284 1737; x_wconf 79' lang='lat' dir='ltr'><strong>usque</strong></span> <span class='ocrx_word' id='word_1_198' title='bbox 2305 1669 2537 1738; x_wconf 85' lang='lat' dir='ltr'><strong>sepelire</strong></span> <span class='ocrx_word' id='word_1_199' title='bbox 2565 1681 2815 1726; x_wconf 84' lang='lat' dir='ltr'><strong>mortuos</strong></span> <span class='ocrx_word' id='word_1_200' title='bbox 2850 1685 2999 1726; x_wconf 87' lang='lat' dir='ltr'><strong>suos.</strong></span> <span class='ocrx_word' id='word_1_201' title='bbox 3334 1673 3336 1676; x_wconf 76' lang='grc'><em>’</em></span> 
     </span>
    </p>
   </div>
   <div class='ocr_carea' id='block_1_31' title="bbox 1981 1759 3490 1817">
    <p class='ocr_par' dir='ltr' id='par_1_31' title="bbox 1981 1759 3490 1817">
     <span class='ocr_line' id='line_1_31' title="bbox 1981 1759 3490 1817; baseline 0 -3"><span class='ocrx_word' id='word_1_202' title='bbox 1981 1759 2122 1814; x_wconf 87' lang='lat' dir='ltr'><strong>Non.</strong></span> <span class='ocrx_word' id='word_1_203' title='bbox 2153 1759 2426 1817; x_wconf 87' lang='lat' dir='ltr'><strong>Januarii.</strong></span> <span class='ocrx_word' id='word_1_204' title='bbox 2460 1761 2650 1816; x_wconf 84' lang='lat' dir='ltr'><strong>Lectio</strong></span> <span class='ocrx_word' id='word_1_205' title='bbox 2683 1761 2809 1817; x_wconf 88' lang='lat' dir='ltr'><strong>libri</strong></span> <span class='ocrx_word' id='word_1_206' title='bbox 2846 1761 3146 1816; x_wconf 80' lang='lat' dir='ltr'><strong>Geneseos.</strong></span> <span class='ocrx_word' id='word_1_207' title='bbox 3187 1762 3246 1815; x_wconf 91' lang='lat' dir='ltr'><strong>In</strong></span> <span class='ocrx_word' id='word_1_208' title='bbox 3299 1760 3490 1815; x_wconf 88' lang='lat' dir='ltr'><strong>diebus</strong></span> 
     </span>
    </p>
   </div>
   <div class='ocr_carea' id='block_1_32' title="bbox 228 1833 3488 1923">
    <p class='ocr_par' dir='ltr' id='par_1_32' title="bbox 228 1833 3488 1923">
     <span class='ocr_line' id='line_1_32' title="bbox 228 1833 3488 1923; baseline 0 -17"><span class='ocrx_word' id='word_1_209' title='bbox 228 1849 340 1907; x_wconf 78' lang='lat' dir='ltr'><strong>Kal.</strong></span> <span class='ocrx_word' id='word_1_210' title='bbox 391 1851 666 1909; x_wconf 87' lang='lat' dir='ltr'><strong>Januarii.</strong></span> <span class='ocrx_word' id='word_1_211' title='bbox 719 1853 910 1910; x_wconf 86' lang='lat' dir='ltr'><strong>Lectio</strong></span> <span class='ocrx_word' id='word_1_212' title='bbox 970 1853 1094 1909; x_wconf 90' lang='lat' dir='ltr'><strong>libri</strong></span> <span class='ocrx_word' id='word_1_213' title='bbox 1149 1833 1461 1923; x_wconf 68' lang='lat' dir='ltr'><strong>Sapientiae.</strong></span> <span class='ocrx_word' id='word_1_214' title='bbox 1495 1851 1596 1917; x_wconf 82' lang='lat' dir='ltr'><strong>Qui</strong></span> <span class='ocrx_word' id='word_1_215' title='bbox 1649 1849 1808 1906; x_wconf 87' lang='lat' dir='ltr'><strong>timet</strong></span> <span class='ocrx_word' id='word_1_216' title='bbox 1837 1833 1885 1894; x_wconf 77' lang='grc' dir='ltr'><strong>Β</strong></span> <span class='ocrx_word' id='word_1_217' title='bbox 1913 1850 2044 1906; x_wconf 87' lang='lat' dir='ltr'><strong>illis.</strong></span> <span class='ocrx_word' id='word_1_218' title='bbox 2065 1851 2201 1906; x_wconf 91' lang='lat' dir='ltr'><strong>Cum</strong></span> <span class='ocrx_word' id='word_1_219' title='bbox 2241 1862 2420 1907; x_wconf 88' lang='lat' dir='ltr'><strong>autem</strong></span> <span class='ocrx_word' id='word_1_220' title='bbox 2449 1853 2838 1923; x_wconf 82' lang='lat' dir='ltr'><strong>cognovissent</strong></span> <span class='ocrx_word' id='word_1_221' title='bbox 2869 1868 2928 1908; x_wconf 91' lang='lat' dir='ltr'><strong>se</strong></span> <span class='ocrx_word' id='word_1_222' title='bbox 2957 1868 3080 1908; x_wconf 85' lang='lat' dir='ltr'><strong>esse</strong></span> <span class='ocrx_word' id='word_1_223' title='bbox 3110 1853 3488 1918; x_wconf 86' lang='lat' dir='ltr'><strong>nudos,Adam</strong></span> 
     </span>
    </p>
   </div>
   <div class='ocr_carea' id='block_1_33' title="bbox 229 1943 1805 2016">
    <p class='ocr_par' dir='ltr' id='par_1_33' title="bbox 229 1943 1805 2016">
     <span class='ocr_line' id='line_1_33' title="bbox 229 1943 1805 2016; baseline -0.004 -15"><span class='ocrx_word' id='word_1_224' title='bbox 229 1946 418 2010; x_wconf 86' lang='lat' dir='ltr'><strong>Deum,</strong></span> <span class='ocrx_word' id='word_1_225' title='bbox 455 1945 622 2001; x_wconf 78' lang='lat' dir='ltr'><strong>faciet</strong></span> <span class='ocrx_word' id='word_1_226' title='bbox 659 1946 825 2014; x_wconf 60' lang='lat' dir='ltr'><strong>bona,</strong></span> <span class='ocrx_word' id='word_1_227' title='bbox 868 1963 1032 2016; x_wconf 77' lang='lat' dir='ltr'><strong>usque</strong></span> <span class='ocrx_word' id='word_1_228' title='bbox 1062 1950 1114 2000; x_wconf 90' lang='lat' dir='ltr'><strong>in</strong></span> <span class='ocrx_word' id='word_1_229' title='bbox 1159 1945 1383 2000; x_wconf 90' lang='lat' dir='ltr'><strong>nomine</strong></span> <span class='ocrx_word' id='word_1_230' title='bbox 1437 1953 1644 1999; x_wconf 68' lang='lat' dir='ltr'><strong>aeterno</strong></span> <span class='ocrx_word' id='word_1_231' title='bbox 1693 1943 1805 1996; x_wconf 71' lang='lat' dir='ltr'><strong>bte-</strong></span> 
     </span>
    </p>
   </div>
   <div class='ocr_carea' id='block_1_34' title="bbox 228 2035 1802 2103">
    <p class='ocr_par' dir='ltr' id='par_1_34' title="bbox 228 2035 1802 2103">
     <span class='ocr_line' id='line_1_34' title="bbox 228 2035 1802 2103; baseline -0.002 -12"><span class='ocrx_word' id='word_1_232' title='bbox 228 2037 488 2093; x_wconf 82' lang='lat' dir='ltr'><strong>reditabit</strong></span> <span class='ocrx_word' id='word_1_233' title='bbox 514 2037 667 2094; x_wconf 88' lang='lat' dir='ltr'><strong>illum</strong></span> <span class='ocrx_word' id='word_1_234' title='bbox 703 2039 965 2096; x_wconf 88' lang='lat' dir='ltr'><strong>Dominus</strong></span> <span class='ocrx_word' id='word_1_235' title='bbox 995 2038 1141 2093; x_wconf 85' lang='lat' dir='ltr'><strong>Deus</strong></span> <span class='ocrx_word' id='word_1_236' title='bbox 1188 2047 1396 2092; x_wconf 88' lang='lat' dir='ltr'><strong>noster.</strong></span> <span class='ocrx_word' id='word_1_237' title='bbox 1447 2035 1802 2103; x_wconf 84' lang='lat' dir='ltr'><strong>Evangelium</strong></span> 
     </span>
    </p>
   </div>
   <div class='ocr_carea' id='block_1_35' title="bbox 225 2124 1803 2198">
    <p class='ocr_par' dir='ltr' id='par_1_35' title="bbox 225 2124 1803 2198">
     <span class='ocr_line' id='line_1_35' title="bbox 225 2124 1803 2198; baseline -0.003 -15"><span class='ocrx_word' id='word_1_238' title='bbox 225 2127 526 2184; x_wconf 85' lang='lat' dir='ltr'><strong>secundum</strong></span> <span class='ocrx_word' id='word_1_239' title='bbox 553 2126 820 2184; x_wconf 87' lang='lat' dir='ltr'><strong>Joannem</strong></span> <span class='ocrx_word' id='word_1_240' title='bbox 878 2143 999 2198; x_wconf 88' lang='lat' dir='ltr'><strong>cap.</strong></span> <span class='ocrx_word' id='word_1_241' title='bbox 1048 2143 1242 2183; x_wconf 81' lang='lat' dir='ltr'><strong>ccxxxt</strong></span> <span class='ocrx_word' id='word_1_242' title='bbox 1273 2143 1288 2182; x_wconf 89' lang='lat'><strong>:</strong></span> <span class='ocrx_word' id='word_1_243' title='bbox 1317 2127 1457 2180; x_wconf 81' lang='lat' dir='ltr'><strong>Dixit</strong></span> <span class='ocrx_word' id='word_1_244' title='bbox 1493 2124 1656 2180; x_wconf 87' lang='lat' dir='ltr'><strong>Jesus</strong></span> <span class='ocrx_word' id='word_1_245' title='bbox 1704 2125 1803 2179; x_wconf 88' lang='lat' dir='ltr'><strong>Pe-</strong></span> 
     </span>
    </p>
   </div>
   <div class='ocr_carea' id='block_1_36' title="bbox 226 2218 1802 2291">
    <p class='ocr_par' dir='ltr' id='par_1_36' title="bbox 226 2218 1802 2291">
     <span class='ocr_line' id='line_1_36' title="bbox 226 2218 1802 2291; baseline -0.001 -18"><span class='ocrx_word' id='word_1_246' title='bbox 226 2231 324 2287; x_wconf 92' lang='lat' dir='ltr'><strong>tro,</strong></span> <span class='ocrx_word' id='word_1_247' title='bbox 364 2218 616 2291; x_wconf 88' lang='lat' dir='ltr'><strong>Sequere</strong></span> <span class='ocrx_word' id='word_1_248' title='bbox 668 2237 778 2288; x_wconf 90' lang='lat' dir='ltr'><strong>me,</strong></span> <span class='ocrx_word' id='word_1_249' title='bbox 815 2235 975 2291; x_wconf 72' lang='lat' dir='ltr'><strong>usque</strong></span> <span class='ocrx_word' id='word_1_250' title='bbox 1003 2221 1131 2290; x_wconf 88' lang='lat' dir='ltr'><strong>quia</strong></span> <span class='ocrx_word' id='word_1_251' title='bbox 1184 2235 1371 2275; x_wconf 87' lang='lat' dir='ltr'><strong>verum</strong></span> <span class='ocrx_word' id='word_1_252' title='bbox 1404 2227 1491 2273; x_wconf 91' lang='lat' dir='ltr'><strong>est</strong></span> <span class='ocrx_word' id='word_1_253' title='bbox 1554 2219 1802 2272; x_wconf 81' lang='lat' dir='ltr'><strong>testimo-</strong></span> 
     </span>
    </p>
   </div>
   <div class='ocr_carea' id='block_1_37' title="bbox 224 2313 549 2381">
    <p class='ocr_par' dir='ltr' id='par_1_37' title="bbox 224 2313 549 2381">
     <span class='ocr_line' id='line_1_37' title="bbox 224 2313 549 2381; baseline 0 -15"><span class='ocrx_word' id='word_1_254' title='bbox 224 2313 367 2368; x_wconf 88' lang='lat' dir='ltr'><strong>nium</strong></span> <span class='ocrx_word' id='word_1_255' title='bbox 402 2313 549 2381; x_wconf 78' lang='lat' dir='ltr'><strong>ejus.</strong></span> 
     </span>
    </p>
   </div>
   <div class='ocr_carea' id='block_1_38' title="bbox 289 2402 1799 2470">
    <p class='ocr_par' dir='ltr' id='par_1_38' title="bbox 289 2402 1799 2470">
     <span class='ocr_line' id='line_1_38' title="bbox 289 2402 1799 2470; baseline -0.001 -11"><span class='ocrx_word' id='word_1_256' title='bbox 289 2403 347 2459; x_wconf 89' lang='grc' dir='ltr'><strong>ιιι</strong></span> <span class='ocrx_word' id='word_1_257' title='bbox 376 2405 550 2459; x_wconf 85' lang='lat' dir='ltr'><strong>natali</strong></span> <span class='ocrx_word' id='word_1_258' title='bbox 591 2402 977 2468; x_wconf 87' lang='lat' dir='ltr'><strong>innocentum,</strong></span> <span class='ocrx_word' id='word_1_259' title='bbox 1019 2405 1070 2458; x_wconf 87' lang='lat' dir='ltr'><strong>id</strong></span> <span class='ocrx_word' id='word_1_260' title='bbox 1128 2413 1234 2470; x_wconf 79' lang='lat' dir='ltr'><strong>est,</strong></span> <span class='ocrx_word' id='word_1_261' title='bbox 1269 2420 1300 2458; x_wconf 90' lang='lat' dir='ltr'><strong>v</strong></span> <span class='ocrx_word' id='word_1_262' title='bbox 1352 2404 1471 2458; x_wconf 78' lang='lat' dir='ltr'><strong>Kal.</strong></span> <span class='ocrx_word' id='word_1_263' title='bbox 1527 2402 1799 2458; x_wconf 86' lang='lat' dir='ltr'><strong>Januarii.</strong></span> 
     </span>
    </p>
   </div>
   <div class='ocr_carea' id='block_1_39' title="bbox 227 2492 1804 2567">
    <p class='ocr_par' dir='ltr' id='par_1_39' title="bbox 227 2492 1804 2567">
     <span class='ocr_line' id='line_1_39' title="bbox 227 2492 1804 2567; baseline -0.002 -15"><span class='ocrx_word' id='word_1_264' title='bbox 227 2496 402 2552; x_wconf 87' lang='lat' dir='ltr'><strong>Lectio</strong></span> <span class='ocrx_word' id='word_1_265' title='bbox 431 2496 558 2552; x_wconf 89' lang='lat' dir='ltr'><strong>libri</strong></span> <span class='ocrx_word' id='word_1_266' title='bbox 590 2496 947 2567; x_wconf 81' lang='lat' dir='ltr'><strong>Apocalypsis</strong></span> <span class='ocrx_word' id='word_1_267' title='bbox 979 2492 1209 2550; x_wconf 88' lang='lat' dir='ltr'><strong>Joannis</strong></span> <span class='ocrx_word' id='word_1_268' title='bbox 1233 2495 1490 2566; x_wconf 84' lang='lat' dir='ltr'><strong>apostoli.</strong></span> <span class='ocrx_word' id='word_1_269' title='bbox 1523 2494 1577 2550; x_wconf 92' lang='lat' dir='ltr'><strong>ln</strong></span> <span class='ocrx_word' id='word_1_270' title='bbox 1611 2496 1804 2549; x_wconf 85' lang='lat' dir='ltr'><strong>diebus</strong></span> 
     </span>
    </p>
   </div>
   <div class='ocr_carea' id='block_1_40' title="bbox 226 2588 1802 2661">
    <p class='ocr_par' dir='ltr' id='par_1_40' title="bbox 226 2588 1802 2661">
     <span class='ocr_line' id='line_1_40' title="bbox 226 2588 1802 2661; baseline -0.001 -18"><span class='ocrx_word' id='word_1_271' title='bbox 226 2590 326 2646; x_wconf 89' lang='lat' dir='ltr'><strong>illis</strong></span> <span class='ocrx_word' id='word_1_272' title='bbox 351 2591 464 2646; x_wconf 88' lang='lat' dir='ltr'><strong>vidi</strong></span> <span class='ocrx_word' id='word_1_273' title='bbox 493 2605 661 2661; x_wconf 90' lang='lat' dir='ltr'><strong>super</strong></span> <span class='ocrx_word' id='word_1_274' title='bbox 690 2601 933 2646; x_wconf 86' lang='lat' dir='ltr'><strong>montem</strong></span> <span class='ocrx_word' id='word_1_275' title='bbox 968 2588 1098 2644; x_wconf 88' lang='lat' dir='ltr'><strong>Sion</strong></span> <span class='ocrx_word' id='word_1_276' title='bbox 1127 2606 1326 2656; x_wconf 86' lang='lat' dir='ltr'><strong>agnum</strong></span> <span class='ocrx_word' id='word_1_277' title='bbox 1359 2601 1614 2655; x_wconf 84' lang='lat' dir='ltr'><strong>stantem,</strong></span> <span class='ocrx_word' id='word_1_278' title='bbox 1640 2605 1802 2658; x_wconf 80' lang='lat' dir='ltr'><strong>usque</strong></span> 
     </span>
    </p>
   </div>
   <div class='ocr_carea' id='block_1_41' title="bbox 227 2680 1799 2753">
    <p class='ocr_par' dir='ltr' id='par_1_41' title="bbox 227 2680 1799 2753">
     <span class='ocr_line' id='line_1_41' title="bbox 227 2680 1799 2753; baseline -0.002 -18"><span class='ocrx_word' id='word_1_279' title='bbox 227 2685 622 2738; x_wconf 88' lang='lat' dir='ltr'><strong>antethronum</strong></span> <span class='ocrx_word' id='word_1_280' title='bbox 647 2681 766 2736; x_wconf 90' lang='lat' dir='ltr'><strong>Dei.</strong></span> <span class='ocrx_word' id='word_1_281' title='bbox 785 2682 1140 2753; x_wconf 81' lang='lat' dir='ltr'><strong>Evangelium</strong></span> <span class='ocrx_word' id='word_1_282' title='bbox 1162 2685 1460 2736; x_wconf 85' lang='lat' dir='ltr'><strong>secundum</strong></span> <span class='ocrx_word' id='word_1_283' title='bbox 1489 2680 1799 2734; x_wconf 75' lang='lat' dir='ltr'><strong>blattha-um</strong></span> 
     </span>
    </p>
   </div>
   <div class='ocr_carea' id='block_1_42' title="bbox 227 2772 1802 2844">
    <p class='ocr_par' dir='ltr' id='par_1_42' title="bbox 227 2772 1802 2844">
     <span class='ocr_line' id='line_1_42' title="bbox 227 2772 1802 2844; baseline -0.001 -17"><span class='ocrx_word' id='word_1_284' title='bbox 227 2788 343 2844; x_wconf 86' lang='lat' dir='ltr'><strong>cap.</strong></span> <span class='ocrx_word' id='word_1_285' title='bbox 363 2789 444 2838; x_wconf 76' lang='lat' dir='ltr'><strong>Vt,</strong></span> <span class='ocrx_word' id='word_1_286' title='bbox 487 2772 630 2830; x_wconf 84' lang='lat' dir='ltr'><strong>Ecce</strong></span> <span class='ocrx_word' id='word_1_287' title='bbox 678 2774 904 2843; x_wconf 75' lang='lat' dir='ltr'><strong>angelus</strong></span> <span class='ocrx_word' id='word_1_288' title='bbox 951 2773 1164 2829; x_wconf 89' lang='lat' dir='ltr'><strong>Domini</strong></span> <span class='ocrx_word' id='word_1_289' title='bbox 1215 2775 1462 2843; x_wconf 84' lang='lat' dir='ltr'><strong>apparuit</strong></span> <span class='ocrx_word' id='word_1_290' title='bbox 1502 2774 1552 2825; x_wconf 89' lang='lat' dir='ltr'><strong>in</strong></span> <span class='ocrx_word' id='word_1_291' title='bbox 1594 2772 1802 2826; x_wconf 77' lang='lat' dir='ltr'><strong>somnis</strong></span> 
     </span>
    </p>
   </div>
   <div class='ocr_carea' id='block_1_43' title="bbox 223 2861 1582 2936">
    <p class='ocr_par' dir='ltr' id='par_1_43' title="bbox 223 2861 1582 2936">
     <span class='ocr_line' id='line_1_43' title="bbox 223 2861 1582 2936; baseline -0.004 -18"><span class='ocrx_word' id='word_1_292' title='bbox 223 2861 442 2933; x_wconf 84' lang='lat' dir='ltr'><strong>Joseph,</strong></span> <span class='ocrx_word' id='word_1_293' title='bbox 474 2881 636 2934; x_wconf 74' lang='lat' dir='ltr'><strong>usque</strong></span> <span class='ocrx_word' id='word_1_294' title='bbox 672 2865 932 2936; x_wconf 88' lang='lat' dir='ltr'><strong>quoniam</strong></span> <span class='ocrx_word' id='word_1_295' title='bbox 964 2862 1253 2920; x_wconf 73' lang='lat' dir='ltr'><strong>Nazaraeus</strong></span> <span class='ocrx_word' id='word_1_296' title='bbox 1283 2862 1582 2918; x_wconf 82' lang='lat' dir='ltr'><strong>vocabitur.</strong></span> 
     </span>
    </p>
   </div>
   <div class='ocr_carea' id='block_1_44' title="bbox 285 2951 1800 3024">
    <p class='ocr_par' dir='ltr' id='par_1_44' title="bbox 285 2951 1800 3024">
     <span class='ocr_line' id='line_1_44' title="bbox 285 2951 1800 3024; baseline -0.002 -15"><span class='ocrx_word' id='word_1_297' title='bbox 285 2955 404 3011; x_wconf 76' lang='lat' dir='ltr'><strong>Kal.</strong></span> <span class='ocrx_word' id='word_1_298' title='bbox 433 2953 705 3024; x_wconf 88' lang='lat' dir='ltr'><strong>Januarii,</strong></span> <span class='ocrx_word' id='word_1_299' title='bbox 737 2956 785 3012; x_wconf 90' lang='lat' dir='ltr'><strong>si</strong></span> <span class='ocrx_word' id='word_1_300' title='bbox 825 2955 881 3012; x_wconf 92' lang='lat' dir='ltr'><strong>in</strong></span> <span class='ocrx_word' id='word_1_301' title='bbox 913 2954 1193 3011; x_wconf 89' lang='lat' dir='ltr'><strong>Dominica</strong></span> <span class='ocrx_word' id='word_1_302' title='bbox 1228 2953 1543 3024; x_wconf 74' lang='lat' dir='ltr'><strong>contigerit,</strong></span> <span class='ocrx_word' id='word_1_303' title='bbox 1566 2953 1683 3008; x_wconf 65' lang='lat' dir='ltr'><strong>ista:</strong></span> <span class='ocrx_word' id='word_1_304' title='bbox 1721 2951 1800 3007; x_wconf 86' lang='lat' dir='ltr'><strong>le-</strong></span> 
     </span>
    </p>
   </div>
   <div class='ocr_carea' id='block_1_45' title="bbox 218 3043 1796 3118">
    <p class='ocr_par' dir='ltr' id='par_1_45' title="bbox 218 3043 1796 3118">
     <span class='ocr_line' id='line_1_45' title="bbox 218 3043 1796 3118; baseline -0.004 -15"><span class='ocrx_word' id='word_1_305' title='bbox 218 3047 425 3105; x_wconf 76' lang='lat' dir='ltr'><strong>stiones</strong></span> <span class='ocrx_word' id='word_1_306' title='bbox 456 3063 525 3103; x_wconf 86' lang='lat' dir='ltr'><strong>ex</strong></span> <span class='ocrx_word' id='word_1_307' title='bbox 553 3048 713 3104; x_wconf 89' lang='lat' dir='ltr'><strong>libris</strong></span> <span class='ocrx_word' id='word_1_308' title='bbox 742 3047 976 3105; x_wconf 85' lang='lat' dir='ltr'><strong>Comitis</strong></span> <span class='ocrx_word' id='word_1_309' title='bbox 1025 3047 1298 3118; x_wconf 90' lang='lat' dir='ltr'><strong>legantur.</strong></span> <span class='ocrx_word' id='word_1_310' title='bbox 1360 3044 1600 3115; x_wconf 84' lang='lat' dir='ltr'><strong>Epistola</strong></span> <span class='ocrx_word' id='word_1_311' title='bbox 1647 3043 1796 3098; x_wconf 88' lang='lat' dir='ltr'><strong>Pauli</strong></span> 
     </span>
    </p>
   </div>
   <div class='ocr_carea' id='block_1_46' title="bbox 217 3138 1870 3234">
    <p class='ocr_par' dir='ltr' id='par_1_46' title="bbox 217 3138 1870 3234">
     <span class='ocr_line' id='line_1_46' title="bbox 217 3138 1870 3234; baseline 0.001 -41"><span class='ocrx_word' id='word_1_312' title='bbox 217 3141 444 3234; x_wconf 82' lang='lat' dir='ltr'><strong>apostoli</strong></span> <span class='ocrx_word' id='word_1_313' title='bbox 478 3142 548 3196; x_wconf 90' lang='lat' dir='ltr'><strong>ad</strong></span> <span class='ocrx_word' id='word_1_314' title='bbox 579 3139 821 3198; x_wconf 84' lang='lat' dir='ltr'><strong>Galatas.</strong></span> <span class='ocrx_word' id='word_1_315' title='bbox 857 3138 1326 3234; x_wconf 64' lang='lat' dir='ltr'><strong>Fratres,qua_nto</strong></span> <span class='ocrx_word' id='word_1_316' title='bbox 1352 3148 1598 3234; x_wconf 73' lang='lat' dir='ltr'><strong>tempore</strong></span> <span class='ocrx_word' id='word_1_317' title='bbox 1621 3139 1797 3234; x_wconf 61' lang='lat' dir='ltr'><strong>haeres</strong></span> <span class='ocrx_word' id='word_1_318' title='bbox 1823 3169 1870 3234; x_wconf 65' lang='grc' dir='ltr'>Ο</span> 
     </span>
    </p>
   </div>
   <div class='ocr_carea' id='block_1_47' title="bbox 215 3227 1794 3303">
    <p class='ocr_par' dir='ltr' id='par_1_47' title="bbox 215 3227 1794 3303">
     <span class='ocr_line' id='line_1_47' title="bbox 215 3227 1794 3303; baseline -0.001 -20"><span class='ocrx_word' id='word_1_319' title='bbox 215 3230 478 3300; x_wconf 85' lang='lat' dir='ltr'><strong>parvulus</strong></span> <span class='ocrx_word' id='word_1_320' title='bbox 512 3241 800 3303; x_wconf 82' lang='lat' dir='ltr'><strong>est,usqne</strong></span> <span class='ocrx_word' id='word_1_321' title='bbox 832 3241 889 3287; x_wconf 92' lang='lat' dir='ltr'><strong>et</strong></span> <span class='ocrx_word' id='word_1_322' title='bbox 912 3231 1089 3286; x_wconf 63' lang='lat' dir='ltr'><strong>hatres</strong></span> <span class='ocrx_word' id='word_1_323' title='bbox 1112 3245 1208 3299; x_wconf 91' lang='lat' dir='ltr'><strong>per</strong></span> <span class='ocrx_word' id='word_1_324' title='bbox 1223 3229 1413 3284; x_wconf 89' lang='lat' dir='ltr'><strong>Deum.</strong></span> <span class='ocrx_word' id='word_1_325' title='bbox 1447 3227 1794 3298; x_wconf 85' lang='lat' dir='ltr'><strong>Evangelium</strong></span> 
     </span>
    </p>
   </div>
   <div class='ocr_carea' id='block_1_48' title="bbox 213 3317 1796 3389">
    <p class='ocr_par' dir='ltr' id='par_1_48' title="bbox 213 3317 1796 3389">
     <span class='ocr_line' id='line_1_48' title="bbox 213 3317 1796 3389; baseline -0.001 -14"><span class='ocrx_word' id='word_1_326' title='bbox 213 3320 514 3376; x_wconf 87' lang='lat' dir='ltr'><strong>secundum</strong></span> <span class='ocrx_word' id='word_1_327' title='bbox 568 3321 773 3377; x_wconf 89' lang='lat' dir='ltr'><strong>Lucam</strong></span> <span class='ocrx_word' id='word_1_328' title='bbox 819 3335 940 3387; x_wconf 89' lang='lat' dir='ltr'><strong>cap.</strong></span> <span class='ocrx_word' id='word_1_329' title='bbox 981 3337 1042 3385; x_wconf 91' lang='grc' dir='ltr'>ιι,</span> <span class='ocrx_word' id='word_1_330' title='bbox 1092 3319 1225 3374; x_wconf 86' lang='lat' dir='ltr'><strong>Erat</strong></span> <span class='ocrx_word' id='word_1_331' title='bbox 1280 3318 1484 3389; x_wconf 87' lang='lat' dir='ltr'><strong>Joseplt</strong></span> <span class='ocrx_word' id='word_1_332' title='bbox 1525 3330 1581 3374; x_wconf 91' lang='lat' dir='ltr'><strong>et</strong></span> <span class='ocrx_word' id='word_1_333' title='bbox 1620 3317 1796 3373; x_wconf 81' lang='lat' dir='ltr'><strong>Maria</strong></span> 
     </span>
    </p>
   </div>
   <div class='ocr_carea' id='block_1_49' title="bbox 213 3410 1796 3483">
    <p class='ocr_par' dir='ltr' id='par_1_49' title="bbox 213 3410 1796 3483">
     <span class='ocr_line' id='line_1_49' title="bbox 213 3410 1796 3483; baseline 0.001 -19"><span class='ocrx_word' id='word_1_334' title='bbox 213 3421 383 3467; x_wconf 85' lang='lat' dir='ltr'><strong>mater</strong></span> <span class='ocrx_word' id='word_1_335' title='bbox 407 3412 567 3478; x_wconf 90' lang='lat' dir='ltr'><strong>Jesu,</strong></span> <span class='ocrx_word' id='word_1_336' title='bbox 611 3428 773 3483; x_wconf 79' lang='lat' dir='ltr'><strong>usque</strong></span> <span class='ocrx_word' id='word_1_337' title='bbox 799 3412 974 3483; x_wconf 89' lang='lat' dir='ltr'><strong>gratia</strong></span> <span class='ocrx_word' id='word_1_338' title='bbox 1010 3412 1104 3467; x_wconf 90' lang='lat' dir='ltr'><strong>Dei</strong></span> <span class='ocrx_word' id='word_1_339' title='bbox 1149 3421 1268 3467; x_wconf 89' lang='lat' dir='ltr'><strong>erat</strong></span> <span class='ocrx_word' id='word_1_340' title='bbox 1294 3415 1347 3466; x_wconf 91' lang='lat' dir='ltr'><strong>in</strong></span> <span class='ocrx_word' id='word_1_341' title='bbox 1381 3411 1493 3466; x_wconf 89' lang='lat' dir='ltr'><strong>illo.</strong></span> <span class='ocrx_word' id='word_1_342' title='bbox 1529 3410 1624 3465; x_wconf 89' lang='lat' dir='ltr'><strong>Sin</strong></span> <span class='ocrx_word' id='word_1_343' title='bbox 1661 3411 1796 3466; x_wconf 88' lang='lat' dir='ltr'><strong>alias</strong></span> 
     </span>
    </p>
   </div>
   <div class='ocr_carea' id='block_1_50' title="bbox 213 3504 1796 3571">
    <p class='ocr_par' dir='ltr' id='par_1_50' title="bbox 213 3504 1796 3571">
     <span class='ocr_line' id='line_1_50' title="bbox 213 3504 1796 3571; baseline -0.001 -10"><span class='ocrx_word' id='word_1_344' title='bbox 213 3517 314 3571; x_wconf 87' lang='lat' dir='ltr'><strong>est,</strong></span> <span class='ocrx_word' id='word_1_345' title='bbox 339 3508 488 3562; x_wconf 66' lang='lat' dir='ltr'><strong>ista.</strong></span> <span class='ocrx_word' id='word_1_346' title='bbox 521 3507 716 3563; x_wconf 90' lang='lat' dir='ltr'><strong>Lectio</strong></span> <span class='ocrx_word' id='word_1_347' title='bbox 737 3506 865 3562; x_wconf 88' lang='lat' dir='ltr'><strong>libri</strong></span> <span class='ocrx_word' id='word_1_348' title='bbox 891 3504 1188 3562; x_wconf 87' lang='lat' dir='ltr'><strong>Geneseos.</strong></span> <span class='ocrx_word' id='word_1_349' title='bbox 1228 3506 1288 3562; x_wconf 91' lang='lat' dir='ltr'><strong>ln</strong></span> <span class='ocrx_word' id='word_1_350' title='bbox 1318 3505 1509 3562; x_wconf 90' lang='lat' dir='ltr'><strong>diebus</strong></span> <span class='ocrx_word' id='word_1_351' title='bbox 1541 3505 1646 3562; x_wconf 80' lang='lat' dir='ltr'><strong>illis</strong></span> <span class='ocrx_word' id='word_1_352' title='bbox 1685 3505 1796 3560; x_wconf 81' lang='lat' dir='ltr'><strong>for-</strong></span> 
     </span>
    </p>
   </div>
   <div class='ocr_carea' id='block_1_51' title="bbox 212 3599 1797 3669">
    <p class='ocr_par' dir='ltr' id='par_1_51' title="bbox 212 3599 1797 3669">
     <span class='ocr_line' id='line_1_51' title="bbox 212 3599 1797 3669; baseline -0.001 -16"><span class='ocrx_word' id='word_1_353' title='bbox 212 3600 376 3655; x_wconf 84' lang='lat' dir='ltr'><strong>mavit</strong></span> <span class='ocrx_word' id='word_1_354' title='bbox 421 3600 590 3668; x_wconf 91' lang='lat' dir='ltr'><strong>igitur</strong></span> <span class='ocrx_word' id='word_1_355' title='bbox 643 3600 905 3656; x_wconf 89' lang='lat' dir='ltr'><strong>Dominus</strong></span> <span class='ocrx_word' id='word_1_356' title='bbox 959 3599 1240 3656; x_wconf 90' lang='lat' dir='ltr'><strong>hominetn</strong></span> <span class='ocrx_word' id='word_1_357' title='bbox 1299 3600 1368 3655; x_wconf 91' lang='lat' dir='ltr'><strong>de</strong></span> <span class='ocrx_word' id='word_1_358' title='bbox 1427 3599 1577 3666; x_wconf 87' lang='lat' dir='ltr'><strong>limo,</strong></span> <span class='ocrx_word' id='word_1_359' title='bbox 1633 3615 1797 3669; x_wconf 77' lang='lat' dir='ltr'><strong>usque</strong></span> 
     </span>
    </p>
   </div>
   <div class='ocr_carea' id='block_1_52' title="bbox 207 3690 1795 3762">
    <p class='ocr_par' dir='ltr' id='par_1_52' title="bbox 207 3690 1795 3762">
     <span class='ocr_line' id='line_1_52' title="bbox 207 3690 1795 3762; baseline 0 -16"><span class='ocrx_word' id='word_1_360' title='bbox 207 3690 404 3747; x_wconf 81' lang='lat' dir='ltr'><strong>ﬂuvius</strong></span> <span class='ocrx_word' id='word_1_361' title='bbox 437 3701 675 3762; x_wconf 90' lang='lat' dir='ltr'><strong>quartus</strong></span> <span class='ocrx_word' id='word_1_362' title='bbox 705 3692 820 3762; x_wconf 89' lang='lat' dir='ltr'><strong>ipse</strong></span> <span class='ocrx_word' id='word_1_363' title='bbox 855 3701 942 3748; x_wconf 89' lang='lat' dir='ltr'><strong>est</strong></span> <span class='ocrx_word' id='word_1_364' title='bbox 968 3690 1302 3762; x_wconf 86' lang='lat' dir='ltr'><strong>Euphrates.</strong></span> <span class='ocrx_word' id='word_1_365' title='bbox 1323 3691 1676 3761; x_wconf 88' lang='lat' dir='ltr'><strong>Evangelium</strong></span> <span class='ocrx_word' id='word_1_366' title='bbox 1710 3705 1795 3746; x_wconf 81' lang='lat' dir='ltr'><strong>se-</strong></span> 
     </span>
    </p>
   </div>
   <div class='ocr_carea' id='block_1_53' title="bbox 207 3782 1793 3854">
    <p class='ocr_par' dir='ltr' id='par_1_53' title="bbox 207 3782 1793 3854">
     <span class='ocr_line' id='line_1_53' title="bbox 207 3782 1793 3854; baseline 0.001 -18"><span class='ocrx_word' id='word_1_367' title='bbox 207 3785 447 3839; x_wconf 86' lang='lat' dir='ltr'><strong>cundum</strong></span> <span class='ocrx_word' id='word_1_368' title='bbox 484 3782 798 3839; x_wconf 77' lang='lat' dir='ltr'><strong>Matthaeum</strong></span> <span class='ocrx_word' id='word_1_369' title='bbox 825 3799 949 3854; x_wconf 87' lang='lat' dir='ltr'><strong>cap.</strong></span> <span class='ocrx_word' id='word_1_370' title='bbox 978 3799 1098 3851; x_wconf 88' lang='lat' dir='ltr'><strong>xttt,</strong></span> <span class='ocrx_word' id='word_1_371' title='bbox 1126 3783 1291 3840; x_wconf 79' lang='lat' dir='ltr'><strong>Venit</strong></span> <span class='ocrx_word' id='word_1_372' title='bbox 1313 3784 1476 3840; x_wconf 88' lang='lat' dir='ltr'><strong>Jesus</strong></span> <span class='ocrx_word' id='word_1_373' title='bbox 1503 3798 1535 3838; x_wconf 90' lang='lat' dir='ltr'><strong>a</strong></span> <span class='ocrx_word' id='word_1_374' title='bbox 1567 3783 1793 3839; x_wconf 72' lang='lat' dir='ltr'><strong>Galliam</strong></span> 
     </span>
    </p>
   </div>
   <div class='ocr_carea' id='block_1_54' title="bbox 205 3871 1535 3947">
    <p class='ocr_par' dir='ltr' id='par_1_54' title="bbox 205 3871 1535 3947">
     <span class='ocr_line' id='line_1_54' title="bbox 205 3871 1535 3947; baseline 0.004 -20"><span class='ocrx_word' id='word_1_375' title='bbox 205 3873 258 3929; x_wconf 91' lang='lat' dir='ltr'><strong>in</strong></span> <span class='ocrx_word' id='word_1_376' title='bbox 285 3871 564 3942; x_wconf 34' lang='lat' dir='ltr'><strong>‘Jordane,</strong></span> <span class='ocrx_word' id='word_1_377' title='bbox 593 3891 756 3946; x_wconf 77' lang='lat' dir='ltr'><strong>usque</strong></span> <span class='ocrx_word' id='word_1_378' title='bbox 784 3877 840 3931; x_wconf 90' lang='lat' dir='ltr'><strong>in</strong></span> <span class='ocrx_word' id='word_1_379' title='bbox 867 3890 977 3946; x_wconf 88' lang='lat' dir='ltr'><strong>quo</strong></span> <span class='ocrx_word' id='word_1_380' title='bbox 1008 3877 1141 3932; x_wconf 93' lang='lat' dir='ltr'><strong>mihi</strong></span> <span class='ocrx_word' id='word_1_381' title='bbox 1182 3877 1535 3947; x_wconf 83' lang='lat' dir='ltr'><strong>complacuit.</strong></span> 
     </span>
    </p>
   </div>
   <div class='ocr_carea' id='block_1_55' title="bbox 269 3975 1794 4068">
    <p class='ocr_par' dir='ltr' id='par_1_55' title="bbox 269 3975 1794 4068">
     <span class='ocr_line' id='line_1_55' title="bbox 269 3975 1794 4068; baseline -0.001 -21"><span class='ocrx_word' id='word_1_382' title='bbox 269 3991 350 4068; x_wconf 78' lang='lat' dir='ltr'><strong>id.</strong></span> <span class='ocrx_word' id='word_1_383' title='bbox 385 3975 458 4046; x_wconf 86' lang='grc' dir='ltr'><strong>ιιι</strong></span> <span class='ocrx_word' id='word_1_384' title='bbox 481 3988 602 4047; x_wconf 79' lang='lat' dir='ltr'><strong>Kal.</strong></span> <span class='ocrx_word' id='word_1_385' title='bbox 659 3989 923 4046; x_wconf 88' lang='lat' dir='ltr'><strong>Januarii.</strong></span> <span class='ocrx_word' id='word_1_386' title='bbox 972 3988 1160 4047; x_wconf 89' lang='lat' dir='ltr'><strong>Lectio</strong></span> <span class='ocrx_word' id='word_1_387' title='bbox 1203 3991 1329 4048; x_wconf 78' lang='lat' dir='ltr'><strong>tibri</strong></span> <span class='ocrx_word' id='word_1_388' title='bbox 1387 3991 1686 4048; x_wconf 86' lang='lat' dir='ltr'><strong>Geneseos.</strong></span> <span class='ocrx_word' id='word_1_389' title='bbox 1733 3991 1794 4046; x_wconf 87' lang='lat' dir='ltr'><strong>In</strong></span> 
     </span>
    </p>
   </div>
   <div class='ocr_carea' id='block_1_56' title="bbox 202 4069 1794 4154">
    <p class='ocr_par' dir='ltr' id='par_1_56' title="bbox 202 4069 1794 4154">
     <span class='ocr_line' id='line_1_56' title="bbox 202 4069 1794 4154; baseline -0.001 -16"><span class='ocrx_word' id='word_1_390' title='bbox 202 4069 403 4140; x_wconf 88' lang='lat' dir='ltr'><strong>diebus</strong></span> <span class='ocrx_word' id='word_1_391' title='bbox 435 4083 552 4139; x_wconf 87' lang='lat' dir='ltr'><strong>illis</strong></span> <span class='ocrx_word' id='word_1_392' title='bbox 598 4082 725 4140; x_wconf 85' lang='lat' dir='ltr'><strong>tulit</strong></span> <span class='ocrx_word' id='word_1_393' title='bbox 774 4083 1038 4140; x_wconf 88' lang='lat' dir='ltr'><strong>Dominus</strong></span> <span class='ocrx_word' id='word_1_394' title='bbox 1084 4083 1226 4140; x_wconf 89' lang='lat' dir='ltr'><strong>Deus</strong></span> <span class='ocrx_word' id='word_1_395' title='bbox 1278 4084 1577 4150; x_wconf 88' lang='lat' dir='ltr'><strong>hominem,</strong></span> <span class='ocrx_word' id='word_1_396' title='bbox 1629 4099 1794 4154; x_wconf 82' lang='lat' dir='ltr'><strong>usque</strong></span> 
     </span>
    </p>
   </div>
   <div class='ocr_carea' id='block_1_57' title="bbox 201 4175 1793 4248">
    <p class='ocr_par' dir='ltr' id='par_1_57' title="bbox 201 4175 1793 4248">
     <span class='ocr_line' id='line_1_57' title="bbox 201 4175 1793 4248; baseline -0.001 -18"><span class='ocrx_word' id='word_1_397' title='bbox 201 4177 386 4246; x_wconf 88' lang='lat' dir='ltr'><strong>ipsum</strong></span> <span class='ocrx_word' id='word_1_398' title='bbox 439 4185 532 4232; x_wconf 89' lang='lat' dir='ltr'><strong>est</strong></span> <span class='ocrx_word' id='word_1_399' title='bbox 595 4190 794 4232; x_wconf 88' lang='lat' dir='ltr'><strong>nomen</strong></span> <span class='ocrx_word' id='word_1_400' title='bbox 852 4177 1020 4247; x_wconf 85' lang='lat' dir='ltr'><strong>ejus.</strong></span> <span class='ocrx_word' id='word_1_401' title='bbox 1081 4175 1434 4248; x_wconf 87' lang='lat' dir='ltr'><strong>Evangelium</strong></span> <span class='ocrx_word' id='word_1_402' title='bbox 1493 4175 1793 4232; x_wconf 89' lang='lat' dir='ltr'><strong>secundum</strong></span> 
     </span>
    </p>
   </div>
   <div class='ocr_carea' id='block_1_58' title="bbox 199 4267 1794 4338">
    <p class='ocr_par' dir='ltr' id='par_1_58' title="bbox 199 4267 1794 4338">
     <span class='ocr_line' id='line_1_58' title="bbox 199 4267 1794 4338; baseline -0.001 -14"><span class='ocrx_word' id='word_1_403' title='bbox 199 4270 528 4327; x_wconf 74' lang='lat' dir='ltr'><strong>blatthaum</strong></span> <span class='ocrx_word' id='word_1_404' title='bbox 557 4283 608 4326; x_wconf 93' lang='lat' dir='ltr'><strong>c.</strong></span> <span class='ocrx_word' id='word_1_405' title='bbox 632 4286 782 4337; x_wconf 88' lang='lat' dir='ltr'><strong>xvm,</strong></span> <span class='ocrx_word' id='word_1_406' title='bbox 814 4268 954 4326; x_wconf 90' lang='lat' dir='ltr'><strong>Cum</strong></span> <span class='ocrx_word' id='word_1_407' title='bbox 997 4271 1244 4330; x_wconf 85' lang='lat' dir='ltr'><strong>audisset</strong></span> <span class='ocrx_word' id='word_1_408' title='bbox 1271 4270 1436 4326; x_wconf 83' lang='lat' dir='ltr'><strong>Jesus</strong></span> <span class='ocrx_word' id='word_1_409' title='bbox 1460 4267 1604 4338; x_wconf 87' lang='lat' dir='ltr'><strong>quod</strong></span> <span class='ocrx_word' id='word_1_410' title='bbox 1629 4267 1794 4324; x_wconf 84' lang='lat' dir='ltr'><strong>Joan-</strong></span> 
     </span>
    </p>
   </div>
   <div class='ocr_carea' id='block_1_59' title="bbox 198 4362 1794 4442">
    <p class='ocr_par' dir='ltr' id='par_1_59' title="bbox 198 4362 1794 4442">
     <span class='ocr_line' id='line_1_59' title="bbox 198 4362 1794 4442; baseline -0.001 -24"><span class='ocrx_word' id='word_1_411' title='bbox 198 4380 294 4421; x_wconf 88' lang='lat' dir='ltr'><strong>nes</strong></span> <span class='ocrx_word' id='word_1_412' title='bbox 317 4363 568 4420; x_wconf 87' lang='lat' dir='ltr'><strong>traditus</strong></span> <span class='ocrx_word' id='word_1_413' title='bbox 597 4372 764 4442; x_wconf 82' lang='lat' dir='ltr'><strong>esset,</strong></span> <span class='ocrx_word' id='word_1_414' title='bbox 809 4379 972 4433; x_wconf 80' lang='lat' dir='ltr'><strong>usque</strong></span> <span class='ocrx_word' id='word_1_415' title='bbox 1017 4363 1472 4434; x_wconf 87' lang='lat' dir='ltr'><strong>appropinquabit</strong></span> <span class='ocrx_word' id='word_1_416' title='bbox 1509 4362 1654 4418; x_wconf 90' lang='lat' dir='ltr'><strong>enim</strong></span> <span class='ocrx_word' id='word_1_417' title='bbox 1710 4377 1794 4417; x_wconf 89' lang='lat' dir='ltr'><strong>re-</strong></span> 
     </span>
    </p>
   </div>
   <div class='ocr_carea' id='block_1_60' title="bbox 192 4458 696 4530">
    <p class='ocr_par' dir='ltr' id='par_1_60' title="bbox 192 4458 696 4530">
     <span class='ocr_line' id='line_1_60' title="bbox 192 4458 696 4530; baseline 0 -16"><span class='ocrx_word' id='word_1_418' title='bbox 192 4475 360 4530; x_wconf 88' lang='lat' dir='ltr'><strong>gnum</strong></span> <span class='ocrx_word' id='word_1_419' title='bbox 396 4458 696 4515; x_wconf 72' lang='lat' dir='ltr'><strong>cmlorum.</strong></span> 
     </span>
    </p>
   </div>
   <div class='ocr_carea' id='block_1_61' title="bbox 263 4566 1789 4625">
    <p class='ocr_par' dir='ltr' id='par_1_61' title="bbox 263 4566 1789 4625">
     <span class='ocr_line' id='line_1_61' title="bbox 263 4566 1789 4625; baseline -0.002 0"><span class='ocrx_word' id='word_1_420' title='bbox 263 4571 461 4625; x_wconf 82' lang='lat' dir='ltr'><strong>Pridie</strong></span> <span class='ocrx_word' id='word_1_421' title='bbox 486 4568 608 4624; x_wconf 80' lang='lat' dir='ltr'><strong>Kal.</strong></span> <span class='ocrx_word' id='word_1_422' title='bbox 633 4567 898 4625; x_wconf 89' lang='lat' dir='ltr'><strong>Januarii.</strong></span> <span class='ocrx_word' id='word_1_423' title='bbox 927 4567 1120 4624; x_wconf 84' lang='lat' dir='ltr'><strong>Natale</strong></span> <span class='ocrx_word' id='word_1_424' title='bbox 1149 4569 1320 4624; x_wconf 83' lang='lat' dir='ltr'><strong>sancti</strong></span> <span class='ocrx_word' id='word_1_425' title='bbox 1359 4568 1635 4624; x_wconf 89' lang='lat' dir='ltr'><strong>Silvestri.</strong></span> <span class='ocrx_word' id='word_1_426' title='bbox 1698 4566 1789 4622; x_wconf 79' lang='lat' dir='ltr'><strong>Le-</strong></span> 
     </span>
    </p>
   </div>
   <div class='ocr_carea' id='block_1_62' title="bbox 195 4660 1791 4735">
    <p class='ocr_par' dir='ltr' id='par_1_62' title="bbox 195 4660 1791 4735">
     <span class='ocr_line' id='line_1_62' title="bbox 195 4660 1791 4735; baseline -0.006 -11"><span class='ocrx_word' id='word_1_427' title='bbox 195 4669 312 4724; x_wconf 85' lang='lat' dir='ltr'><strong>ctio</strong></span> <span class='ocrx_word' id='word_1_428' title='bbox 345 4665 618 4735; x_wconf 58' lang='lat' dir='ltr'><strong>Epistolas</strong></span> <span class='ocrx_word' id='word_1_429' title='bbox 644 4664 785 4718; x_wconf 85' lang='lat' dir='ltr'><strong>beati</strong></span> <span class='ocrx_word' id='word_1_430' title='bbox 821 4663 972 4719; x_wconf 89' lang='lat' dir='ltr'><strong>Pauli</strong></span> <span class='ocrx_word' id='word_1_431' title='bbox 1001 4663 1233 4732; x_wconf 85' lang='lat' dir='ltr'><strong>apostoli</strong></span> <span class='ocrx_word' id='word_1_432' title='bbox 1257 4665 1323 4718; x_wconf 90' lang='lat' dir='ltr'><strong>ad</strong></span> <span class='ocrx_word' id='word_1_433' title='bbox 1353 4663 1635 4718; x_wconf 69' lang='lat' dir='ltr'><strong>Hebraeos.</strong></span> <span class='ocrx_word' id='word_1_434' title='bbox 1661 4660 1791 4715; x_wconf 80' lang='lat' dir='ltr'><strong>Fra-</strong></span> 
     </span>
    </p>
   </div>
   <div class='ocr_carea' id='block_1_63' title="bbox 198 4755 1791 4828">
    <p class='ocr_par' dir='ltr' id='par_1_63' title="bbox 198 4755 1791 4828">
     <span class='ocr_line' id='line_1_63' title="bbox 198 4755 1791 4828; baseline -0.003 -16"><span class='ocrx_word' id='word_1_435' title='bbox 198 4771 332 4823; x_wconf 90' lang='lat' dir='ltr'><strong>tres,</strong></span> <span class='ocrx_word' id='word_1_436' title='bbox 369 4757 564 4828; x_wconf 90' lang='lat' dir='ltr'><strong>plures</strong></span> <span class='ocrx_word' id='word_1_437' title='bbox 597 4755 724 4811; x_wconf 87' lang='lat' dir='ltr'><strong>l&#39;acti</strong></span> <span class='ocrx_word' id='word_1_438' title='bbox 752 4767 880 4810; x_wconf 89' lang='lat' dir='ltr'><strong>sunt</strong></span> <span class='ocrx_word' id='word_1_439' title='bbox 908 4758 1219 4810; x_wconf 88' lang='lat' dir='ltr'><strong>sacerdotes</strong></span> <span class='ocrx_word' id='word_1_440' title='bbox 1259 4756 1558 4810; x_wconf 77' lang='lat' dir='ltr'><strong>secundum</strong></span> <span class='ocrx_word' id='word_1_441' title='bbox 1593 4755 1791 4824; x_wconf 88' lang='lat' dir='ltr'><strong>legem,</strong></span> 
     </span>
    </p>
   </div>
   <div class='ocr_carea' id='block_1_64' title="bbox 192 4845 1790 4921">
    <p class='ocr_par' dir='ltr' id='par_1_64' title="bbox 192 4845 1790 4921">
     <span class='ocr_line' id='line_1_64' title="bbox 192 4845 1790 4921; baseline -0.001 -17"><span class='ocrx_word' id='word_1_442' title='bbox 192 4868 360 4921; x_wconf 79' lang='lat' dir='ltr'><strong>usque</strong></span> <span class='ocrx_word' id='word_1_443' title='bbox 391 4866 460 4905; x_wconf 90' lang='lat' dir='ltr'><strong>se</strong></span> <span class='ocrx_word' id='word_1_444' title='bbox 491 4848 773 4905; x_wconf 77' lang='lat' dir='ltr'><strong>ollerendo</strong></span> <span class='ocrx_word' id='word_1_445' title='bbox 804 4846 1068 4902; x_wconf 90' lang='lat' dir='ltr'><strong>Dominus</strong></span> <span class='ocrx_word' id='word_1_446' title='bbox 1118 4859 1304 4903; x_wconf 91' lang='lat' dir='ltr'><strong>uoster</strong></span> <span class='ocrx_word' id='word_1_447' title='bbox 1324 4845 1484 4901; x_wconf 88' lang='lat' dir='ltr'><strong>Jesus</strong></span> <span class='ocrx_word' id='word_1_448' title='bbox 1511 4845 1790 4902; x_wconf 88' lang='lat' dir='ltr'><strong>Christus.</strong></span> 
     </span>
    </p>
   </div>
   <div class='ocr_carea' id='block_1_65' title="bbox 191 4939 1794 5016">
    <p class='ocr_par' dir='ltr' id='par_1_65' title="bbox 191 4939 1794 5016">
     <span class='ocr_line' id='line_1_65' title="bbox 191 4939 1794 5016; baseline -0.005 -14"><span class='ocrx_word' id='word_1_449' title='bbox 191 4944 567 5016; x_wconf 79' lang='lat' dir='ltr'><strong>Evangelium</strong></span> <span class='ocrx_word' id='word_1_450' title='bbox 597 4941 908 4998; x_wconf 85' lang='lat' dir='ltr'><strong>secundum.</strong></span> <span class='ocrx_word' id='word_1_451' title='bbox 947 4939 1260 4995; x_wconf 69' lang='lat' dir='ltr'><strong>Matthzeum</strong></span> <span class='ocrx_word' id='word_1_452' title='bbox 1302 4953 1570 4995; x_wconf 78' lang='lat' dir='ltr'><strong>c.ccuttt</strong></span> <span class='ocrx_word' id='word_1_453' title='bbox 1608 4939 1794 4995; x_wconf 88' lang='lat' dir='ltr'><strong>:Dixit</strong></span> 
     </span>
    </p>
   </div>
   <div class='ocr_carea' id='block_1_66' title="bbox 185 5031 1792 5105">
    <p class='ocr_par' dir='ltr' id='par_1_66' title="bbox 185 5031 1792 5105">
     <span class='ocr_line' id='line_1_66' title="bbox 185 5031 1792 5105; baseline -0.003 -12"><span class='ocrx_word' id='word_1_454' title='bbox 185 5035 349 5092; x_wconf 85' lang='lat' dir='ltr'><strong>Jesus</strong></span> <span class='ocrx_word' id='word_1_455' title='bbox 387 5034 682 5103; x_wconf 85' lang='lat' dir='ltr'><strong>discipulis</strong></span> <span class='ocrx_word' id='word_1_456' title='bbox 719 5036 852 5098; x_wconf 87' lang='lat' dir='ltr'><strong>suis,</strong></span> <span class='ocrx_word' id='word_1_457' title='bbox 885 5031 1142 5104; x_wconf 77' lang='lat' dir='ltr'><strong>Vigilate,</strong></span> <span class='ocrx_word' id='word_1_458' title='bbox 1184 5033 1313 5104; x_wconf 85' lang='lat' dir='ltr'><strong>quia</strong></span> <span class='ocrx_word' id='word_1_459' title='bbox 1347 5036 1594 5102; x_wconf 86' lang='lat' dir='ltr'><strong>nescitis,</strong></span> <span class='ocrx_word' id='word_1_460' title='bbox 1631 5051 1792 5105; x_wconf 73' lang='lat' dir='ltr'><strong>usque</strong></span> 
     </span>
    </p>
   </div>
   <div class='ocr_carea' id='block_1_67' title="bbox 185 5125 1383 5200">
    <p class='ocr_par' dir='ltr' id='par_1_67' title="bbox 185 5125 1383 5200">
     <span class='ocr_line' id='line_1_67' title="bbox 185 5125 1383 5200; baseline -0.005 -16"><span class='ocrx_word' id='word_1_461' title='bbox 185 5142 361 5200; x_wconf 75' lang='lat' dir='ltr'><strong>super</strong></span> <span class='ocrx_word' id='word_1_462' title='bbox 389 5127 586 5181; x_wconf 87' lang='lat' dir='ltr'><strong>omnia</strong></span> <span class='ocrx_word' id='word_1_463' title='bbox 619 5126 758 5181; x_wconf 88' lang='lat' dir='ltr'><strong>bona</strong></span> <span class='ocrx_word' id='word_1_464' title='bbox 789 5140 887 5181; x_wconf 89' lang='lat' dir='ltr'><strong>sua</strong></span> <span class='ocrx_word' id='word_1_465' title='bbox 915 5125 1383 5180; x_wconf 89' lang='lat' dir='ltr'><strong>constitueteum.</strong></span> 
     </span>
    </p>
   </div>
   <div class='ocr_carea' id='block_1_68' title="bbox 259 5242 1791 5316">
    <p class='ocr_par' dir='ltr' id='par_1_68' title="bbox 259 5242 1791 5316">
     <span class='ocr_line' id='line_1_68' title="bbox 259 5242 1791 5316; baseline -0.002 -14"><span class='ocrx_word' id='word_1_466' title='bbox 259 5247 398 5302; x_wconf 79' lang='lat' dir='ltr'><strong>Kal.</strong></span> <span class='ocrx_word' id='word_1_467' title='bbox 437 5242 709 5300; x_wconf 79' lang='lat' dir='ltr'><strong>Januarii.</strong></span> <span class='ocrx_word' id='word_1_468' title='bbox 743 5242 978 5298; x_wconf 82' lang='lat' dir='ltr'><strong>Octahas</strong></span> <span class='ocrx_word' id='word_1_469' title='bbox 1011 5242 1246 5298; x_wconf 89' lang='lat' dir='ltr'><strong>Domini.</strong></span> <span class='ocrx_word' id='word_1_470' title='bbox 1275 5242 1396 5312; x_wconf 83' lang='lat' dir='ltr'><strong>Ipsa</strong></span> <span class='ocrx_word' id='word_1_471' title='bbox 1447 5244 1609 5299; x_wconf 92' lang='lat' dir='ltr'><strong>lectio</strong></span> <span class='ocrx_word' id='word_1_472' title='bbox 1640 5244 1791 5316; x_wconf 87' lang='lat' dir='ltr'><strong>lega-</strong></span> 
     </span>
    </p>
   </div>
   <div class='ocr_carea' id='block_1_69' title="bbox 187 5333 1788 5410">
    <p class='ocr_par' dir='ltr' id='par_1_69' title="bbox 187 5333 1788 5410">
     <span class='ocr_line' id='line_1_69' title="bbox 187 5333 1788 5410; baseline 0 -15"><span class='ocrx_word' id='word_1_473' title='bbox 187 5351 280 5395; x_wconf 77' lang='lat' dir='ltr'><strong>tur</strong></span> <span class='ocrx_word' id='word_1_474' title='bbox 307 5354 444 5410; x_wconf 71' lang='lat' dir='ltr'><strong>qua:</strong></span> <span class='ocrx_word' id='word_1_475' title='bbox 475 5347 563 5391; x_wconf 92' lang='lat' dir='ltr'><strong>est</strong></span> <span class='ocrx_word' id='word_1_476' title='bbox 586 5337 640 5391; x_wconf 90' lang='lat' dir='ltr'><strong>in</strong></span> <span class='ocrx_word' id='word_1_477' title='bbox 670 5336 851 5406; x_wconf 85' lang='lat' dir='ltr'><strong>vigilia</strong></span> <span class='ocrx_word' id='word_1_478' title='bbox 885 5333 1103 5390; x_wconf 89' lang='lat' dir='ltr'><strong>Domini</strong></span> <span class='ocrx_word' id='word_1_479' title='bbox 1132 5335 1197 5390; x_wconf 95' lang='lat' dir='ltr'><strong>de</strong></span> <span class='ocrx_word' id='word_1_480' title='bbox 1228 5346 1407 5393; x_wconf 91' lang='lat' dir='ltr'><strong>nocte.</strong></span> <span class='ocrx_word' id='word_1_481' title='bbox 1437 5337 1788 5405; x_wconf 79' lang='lat' dir='ltr'><strong>Evangelium</strong></span> 
     </span>
    </p>
   </div>
   <div class='ocr_carea' id='block_1_70' title="bbox 185 5427 1790 5500">
    <p class='ocr_par' dir='ltr' id='par_1_70' title="bbox 185 5427 1790 5500">
     <span class='ocr_line' id='line_1_70' title="bbox 185 5427 1790 5500; baseline -0.001 -11"><span class='ocrx_word' id='word_1_482' title='bbox 185 5432 516 5490; x_wconf 87' lang='lat' dir='ltr'><strong>secundum</strong></span> <span class='ocrx_word' id='word_1_483' title='bbox 545 5427 748 5485; x_wconf 88' lang='lat' dir='ltr'><strong>Lucam</strong></span> <span class='ocrx_word' id='word_1_484' title='bbox 780 5427 922 5500; x_wconf 89' lang='lat' dir='ltr'><strong>(cap.</strong></span> <span class='ocrx_word' id='word_1_485' title='bbox 963 5427 1071 5499; x_wconf 89' lang='grc' dir='ltr'>ιιι),</span> <span class='ocrx_word' id='word_1_486' title='bbox 1104 5429 1400 5499; x_wconf 90' lang='lat' dir='ltr'><strong>Postquam</strong></span> <span class='ocrx_word' id='word_1_487' title='bbox 1427 5438 1790 5490; x_wconf 87' lang='lat' dir='ltr'><strong>consummati</strong></span> 
     </span>
    </p>
   </div>
   <div class='ocr_carea' id='block_1_71' title="bbox 183 5521 1581 5592">
    <p class='ocr_par' dir='ltr' id='par_1_71' title="bbox 183 5521 1581 5592">
     <span class='ocr_line' id='line_1_71' title="bbox 183 5521 1581 5592; baseline -0.001 -10"><span class='ocrx_word' id='word_1_488' title='bbox 183 5534 319 5582; x_wconf 84' lang='lat' dir='ltr'><strong>sunt</strong></span> <span class='ocrx_word' id='word_1_489' title='bbox 348 5524 482 5579; x_wconf 86' lang='lat' dir='ltr'><strong>dies</strong></span> <span class='ocrx_word' id='word_1_490' title='bbox 519 5531 664 5584; x_wconf 87' lang='lat' dir='ltr'><strong>octo,</strong></span> <span class='ocrx_word' id='word_1_491' title='bbox 700 5537 862 5592; x_wconf 74' lang='lat' dir='ltr'><strong>usque</strong></span> <span class='ocrx_word' id='word_1_492' title='bbox 888 5521 1058 5592; x_wconf 85' lang='lat' dir='ltr'><strong>gloria</strong></span> <span class='ocrx_word' id='word_1_493' title='bbox 1090 5523 1234 5592; x_wconf 86' lang='lat' dir='ltr'><strong>plebi</strong></span> <span class='ocrx_word' id='word_1_494' title='bbox 1269 5533 1372 5577; x_wconf 77' lang='lat' dir='ltr'><strong>tua:</strong></span> <span class='ocrx_word' id='word_1_495' title='bbox 1399 5522 1581 5581; x_wconf 90' lang='lat' dir='ltr'><strong>Israel.</strong></span> 
     </span>
    </p>
   </div>
   <div class='ocr_carea' id='block_1_72' title="bbox 259 5631 1794 5695">
    <p class='ocr_par' dir='ltr' id='par_1_72' title="bbox 259 5631 1794 5695">
     <span class='ocr_line' id='line_1_72' title="bbox 259 5631 1794 5695; baseline 0.002 -3"><span class='ocrx_word' id='word_1_496' title='bbox 259 5653 318 5692; x_wconf 84' lang='lat' dir='ltr'><strong>tv</strong></span> <span class='ocrx_word' id='word_1_497' title='bbox 355 5632 519 5689; x_wconf 80' lang='lat' dir='ltr'><strong>Non.</strong></span> <span class='ocrx_word' id='word_1_498' title='bbox 543 5632 808 5688; x_wconf 89' lang='lat' dir='ltr'><strong>Januarii.</strong></span> <span class='ocrx_word' id='word_1_499' title='bbox 838 5631 1025 5690; x_wconf 89' lang='lat' dir='ltr'><strong>Lectio</strong></span> <span class='ocrx_word' id='word_1_500' title='bbox 1052 5634 1177 5690; x_wconf 91' lang='lat' dir='ltr'><strong>libri</strong></span> <span class='ocrx_word' id='word_1_501' title='bbox 1208 5633 1571 5692; x_wconf 88' lang='lat' dir='ltr'><strong>Gencseos.ln</strong></span> <span class='ocrx_word' id='word_1_502' title='bbox 1603 5639 1794 5695; x_wconf 89' lang='lat' dir='ltr'><strong>diebus</strong></span> 
     </span>
    </p>
   </div>
   <div class='ocr_carea' id='block_1_73' title="bbox 184 5725 1788 5797">
    <p class='ocr_par' dir='ltr' id='par_1_73' title="bbox 184 5725 1788 5797">
     <span class='ocr_line' id='line_1_73' title="bbox 184 5725 1788 5797; baseline 0.002 -15"><span class='ocrx_word' id='word_1_503' title='bbox 184 5727 301 5783; x_wconf 78' lang='lat' dir='ltr'><strong>illis</strong></span> <span class='ocrx_word' id='word_1_504' title='bbox 347 5725 542 5779; x_wconf 77' lang='lat' dir='ltr'><strong>Adam</strong></span> <span class='ocrx_word' id='word_1_505' title='bbox 576 5740 682 5779; x_wconf 91' lang='lat' dir='ltr'><strong>non</strong></span> <span class='ocrx_word' id='word_1_506' title='bbox 724 5725 1110 5781; x_wconf 87' lang='lat' dir='ltr'><strong>inveniebatur</strong></span> <span class='ocrx_word' id='word_1_507' title='bbox 1149 5728 1478 5797; x_wconf 85' lang='lat' dir='ltr'><strong>adjutorium</strong></span> <span class='ocrx_word' id='word_1_508' title='bbox 1511 5732 1690 5787; x_wconf 86' lang='lat' dir='ltr'><strong>simile</strong></span> <span class='ocrx_word' id='word_1_509' title='bbox 1715 5736 1788 5797; x_wconf 89' lang='lat' dir='ltr'><strong>ei,</strong></span> 
     </span>
    </p>
   </div>
   <div class='ocr_carea' id='block_1_74' title="bbox 185 5818 1788 5898">
    <p class='ocr_par' dir='ltr' id='par_1_74' title="bbox 185 5818 1788 5898">
     <span class='ocr_line' id='line_1_74' title="bbox 185 5818 1788 5898; baseline 0.003 -20"><span class='ocrx_word' id='word_1_510' title='bbox 185 5839 360 5892; x_wconf 79' lang='lat' dir='ltr'><strong>usque</strong></span> <span class='ocrx_word' id='word_1_511' title='bbox 415 5828 478 5874; x_wconf 85' lang='lat' dir='ltr'><strong>&#39;ct</strong></span> <span class='ocrx_word' id='word_1_512' title='bbox 522 5818 690 5890; x_wconf 83' lang='lat' dir='ltr'><strong>aperti</strong></span> <span class='ocrx_word' id='word_1_513' title='bbox 730 5829 856 5876; x_wconf 84' lang='lat' dir='ltr'><strong>sunt</strong></span> <span class='ocrx_word' id='word_1_514' title='bbox 901 5821 1042 5877; x_wconf 89' lang='lat' dir='ltr'><strong>oculi</strong></span> <span class='ocrx_word' id='word_1_515' title='bbox 1090 5823 1398 5881; x_wconf 85' lang='lat' dir='ltr'><strong>amborum.</strong></span> <span class='ocrx_word' id='word_1_516' title='bbox 1435 5824 1788 5898; x_wconf 77' lang='lat' dir='ltr'><strong>Evangelium</strong></span> 
     </span>
    </p>
   </div>
   <div class='ocr_carea' id='block_1_75' title="bbox 1908 1943 3488 2015">
    <p class='ocr_par' dir='ltr' id='par_1_75' title="bbox 1908 1943 3488 2015">
     <span class='ocr_line' id='line_1_75' title="bbox 1908 1943 3488 2015; baseline 0.002 -19"><span class='ocrx_word' id='word_1_517' title='bbox 1908 1943 2119 1997; x_wconf 90' lang='lat' dir='ltr'><strong>scilicet</strong></span> <span class='ocrx_word' id='word_1_518' title='bbox 2157 1953 2211 1998; x_wconf 92' lang='lat' dir='ltr'><strong>et</strong></span> <span class='ocrx_word' id='word_1_519' title='bbox 2242 1960 2376 1999; x_wconf 86' lang='lat' dir='ltr'><strong>uxor</strong></span> <span class='ocrx_word' id='word_1_520' title='bbox 2398 1959 2538 2012; x_wconf 63' lang='lat' dir='ltr'><strong>eius,</strong></span> <span class='ocrx_word' id='word_1_521' title='bbox 2570 1961 2733 2015; x_wconf 81' lang='lat' dir='ltr'><strong>usque</strong></span> <span class='ocrx_word' id='word_1_522' title='bbox 2763 1946 2817 2000; x_wconf 92' lang='lat' dir='ltr'><strong>in</strong></span> <span class='ocrx_word' id='word_1_523' title='bbox 2865 1945 3140 2015; x_wconf 89' lang='lat' dir='ltr'><strong>pulverem</strong></span> <span class='ocrx_word' id='word_1_524' title='bbox 3176 1948 3488 2001; x_wconf 89' lang='lat' dir='ltr'><strong>reverteris.</strong></span> 
     </span>
    </p>
   </div>
   <div class='ocr_carea' id='block_1_76' title="bbox 1907 2034 3588 2103">
    <p class='ocr_par' dir='ltr' id='par_1_76' title="bbox 1907 2034 3588 2103">
     <span class='ocr_line' id='line_1_76' title="bbox 1907 2034 3588 2103; baseline 0.002 -17"><span class='ocrx_word' id='word_1_525' title='bbox 1907 2034 2264 2103; x_wconf 81' lang='lat' dir='ltr'><strong>Evangelium</strong></span> <span class='ocrx_word' id='word_1_526' title='bbox 2296 2039 2600 2091; x_wconf 86' lang='lat' dir='ltr'><strong>secundum</strong></span> <span class='ocrx_word' id='word_1_527' title='bbox 2627 2036 2941 2091; x_wconf 66' lang='lat' dir='ltr'><strong>Matthaaum</strong></span> <span class='ocrx_word' id='word_1_528' title='bbox 2967 2052 3018 2090; x_wconf 90' lang='lat' dir='ltr'><strong>c.</strong></span> <span class='ocrx_word' id='word_1_529' title='bbox 3050 2051 3281 2102; x_wconf 86' lang='lat' dir='ltr'><strong>cxxxttt,</strong></span> <span class='ocrx_word' id='word_1_530' title='bbox 3312 2035 3490 2092; x_wconf 63' lang='lat' dir='ltr'><strong>Locuo</strong></span> <span class='ocrx_word' id='word_1_531' title='bbox 3525 2061 3532 2070; x_wconf 67' lang='grc' dir='ltr'>α</span> <span class='ocrx_word' id='word_1_532' title='bbox 3575 2068 3588 2079; x_wconf 87' lang='lat'><strong>-</strong></span> 
     </span>
    </p>
   </div>
   <div class='ocr_carea' id='block_1_77' title="bbox 1908 2125 3487 2198">
    <p class='ocr_par' dir='ltr' id='par_1_77' title="bbox 1908 2125 3487 2198">
     <span class='ocr_line' id='line_1_77' title="bbox 1908 2125 3487 2198; baseline 0.001 -17"><span class='ocrx_word' id='word_1_533' title='bbox 1908 2137 1996 2182; x_wconf 91' lang='lat' dir='ltr'><strong>tus</strong></span> <span class='ocrx_word' id='word_1_534' title='bbox 2025 2137 2111 2183; x_wconf 90' lang='lat' dir='ltr'><strong>est</strong></span> <span class='ocrx_word' id='word_1_535' title='bbox 2135 2125 2294 2184; x_wconf 89' lang='lat' dir='ltr'><strong>Jesus</strong></span> <span class='ocrx_word' id='word_1_536' title='bbox 2340 2129 2406 2184; x_wconf 86' lang='lat' dir='ltr'><strong>ad</strong></span> <span class='ocrx_word' id='word_1_537' title='bbox 2439 2129 2652 2184; x_wconf 90' lang='lat' dir='ltr'><strong>turbam</strong></span> <span class='ocrx_word' id='word_1_538' title='bbox 2682 2139 2738 2184; x_wconf 90' lang='lat' dir='ltr'><strong>et</strong></span> <span class='ocrx_word' id='word_1_539' title='bbox 2773 2129 3074 2198; x_wconf 84' lang='lat' dir='ltr'><strong>discipulos</strong></span> <span class='ocrx_word' id='word_1_540' title='bbox 3120 2143 3250 2183; x_wconf 90' lang='lat' dir='ltr'><strong>suos</strong></span> <span class='ocrx_word' id='word_1_541' title='bbox 3274 2129 3487 2193; x_wconf 88' lang='lat' dir='ltr'><strong>dicens,</strong></span> 
     </span>
    </p>
   </div>
   <div class='ocr_carea' id='block_1_78' title="bbox 1911 2220 3485 2288">
    <p class='ocr_par' dir='ltr' id='par_1_78' title="bbox 1911 2220 3485 2288">
     <span class='ocr_line' id='line_1_78' title="bbox 1911 2220 3485 2288; baseline 0.001 -12"><span class='ocrx_word' id='word_1_542' title='bbox 1911 2220 2166 2276; x_wconf 86' lang='lat' dir='ltr'><strong>Videntes</strong></span> <span class='ocrx_word' id='word_1_543' title='bbox 2198 2236 2307 2278; x_wconf 91' lang='lat' dir='ltr'><strong>non</strong></span> <span class='ocrx_word' id='word_1_544' title='bbox 2364 2221 2569 2288; x_wconf 91' lang='lat' dir='ltr'><strong>vident,</strong></span> <span class='ocrx_word' id='word_1_545' title='bbox 2613 2230 2668 2277; x_wconf 90' lang='lat' dir='ltr'><strong>et</strong></span> <span class='ocrx_word' id='word_1_546' title='bbox 2720 2222 3006 2280; x_wconf 77' lang='lat' dir='ltr'><strong>audientes</strong></span> <span class='ocrx_word' id='word_1_547' title='bbox 3069 2236 3178 2276; x_wconf 91' lang='lat' dir='ltr'><strong>non</strong></span> <span class='ocrx_word' id='word_1_548' title='bbox 3234 2222 3485 2287; x_wconf 87' lang='lat' dir='ltr'><strong>audiunt,</strong></span> 
     </span>
    </p>
   </div>
   <div class='ocr_carea' id='block_1_79' title="bbox 1907 2315 3013 2384">
    <p class='ocr_par' dir='ltr' id='par_1_79' title="bbox 1907 2315 3013 2384">
     <span class='ocr_line' id='line_1_79' title="bbox 1907 2315 3013 2384; baseline 0 -16"><span class='ocrx_word' id='word_1_549' title='bbox 1907 2329 2070 2384; x_wconf 77' lang='lat' dir='ltr'><strong>usque</strong></span> <span class='ocrx_word' id='word_1_550' title='bbox 2096 2323 2153 2369; x_wconf 92' lang='lat' dir='ltr'><strong>et</strong></span> <span class='ocrx_word' id='word_1_551' title='bbox 2183 2329 2344 2369; x_wconf 89' lang='lat' dir='ltr'><strong>aures</strong></span> <span class='ocrx_word' id='word_1_552' title='bbox 2368 2323 2566 2370; x_wconf 83' lang='lat' dir='ltr'><strong>vestrae</strong></span> <span class='ocrx_word' id='word_1_553' title='bbox 2606 2329 2727 2384; x_wconf 64' lang='lat' dir='ltr'><strong>qua</strong></span> <span class='ocrx_word' id='word_1_554' title='bbox 2759 2315 3013 2369; x_wconf 88' lang='lat' dir='ltr'><strong>audiunt.</strong></span> 
     </span>
    </p>
   </div>
   <div class='ocr_carea' id='block_1_80' title="bbox 1980 2403 3488 2475">
    <p class='ocr_par' dir='ltr' id='par_1_80' title="bbox 1980 2403 3488 2475">
     <span class='ocr_line' id='line_1_80' title="bbox 1980 2403 3488 2475; baseline 0 -17"><span class='ocrx_word' id='word_1_555' title='bbox 1980 2404 2112 2459; x_wconf 85' lang='lat' dir='ltr'><strong>Item</strong></span> <span class='ocrx_word' id='word_1_556' title='bbox 2161 2409 2352 2462; x_wconf 89' lang='lat' dir='ltr'><strong>eodem</strong></span> <span class='ocrx_word' id='word_1_557' title='bbox 2380 2405 2490 2472; x_wconf 81' lang='lat' dir='ltr'><strong>die,</strong></span> <span class='ocrx_word' id='word_1_558' title='bbox 2533 2407 2590 2461; x_wconf 90' lang='lat' dir='ltr'><strong>in</strong></span> <span class='ocrx_word' id='word_1_559' title='bbox 2640 2406 2825 2475; x_wconf 85' lang='lat' dir='ltr'><strong>vigilia</strong></span> <span class='ocrx_word' id='word_1_560' title='bbox 2880 2404 3272 2474; x_wconf 73' lang='lat' dir='ltr'><strong>Theophanite,</strong></span> <span class='ocrx_word' id='word_1_561' title='bbox 3297 2403 3488 2459; x_wconf 88' lang='lat' dir='ltr'><strong>Lectio</strong></span> 
     </span>
    </p>
   </div>
   <div class='ocr_carea' id='block_1_81' title="bbox 1905 2495 3483 2567">
    <p class='ocr_par' dir='ltr' id='par_1_81' title="bbox 1905 2495 3483 2567">
     <span class='ocr_line' id='line_1_81' title="bbox 1905 2495 3483 2567; baseline -0.001 -14"><span class='ocrx_word' id='word_1_562' title='bbox 1905 2497 2164 2567; x_wconf 74' lang='lat' dir='ltr'><strong>Epistola:</strong></span> <span class='ocrx_word' id='word_1_563' title='bbox 2195 2498 2337 2553; x_wconf 81' lang='lat' dir='ltr'><strong>beati</strong></span> <span class='ocrx_word' id='word_1_564' title='bbox 2370 2495 2522 2552; x_wconf 86' lang='lat' dir='ltr'><strong>Pauli</strong></span> <span class='ocrx_word' id='word_1_565' title='bbox 2552 2497 2785 2567; x_wconf 85' lang='lat' dir='ltr'><strong>apostoli</strong></span> <span class='ocrx_word' id='word_1_566' title='bbox 2805 2497 2870 2552; x_wconf 82' lang='lat' dir='ltr'><strong>sd</strong></span> <span class='ocrx_word' id='word_1_567' title='bbox 2894 2496 3102 2551; x_wconf 81' lang='lat' dir='ltr'><strong>Titum.</strong></span> <span class='ocrx_word' id='word_1_568' title='bbox 3127 2496 3483 2564; x_wconf 88' lang='lat' dir='ltr'><strong>Charissime,</strong></span> 
     </span>
    </p>
   </div>
   <div class='ocr_carea' id='block_1_82' title="bbox 1899 2583 3488 2658">
    <p class='ocr_par' dir='ltr' id='par_1_82' title="bbox 1899 2583 3488 2658">
     <span class='ocr_line' id='line_1_82' title="bbox 1899 2583 3488 2658; baseline -0.001 -16"><span class='ocrx_word' id='word_1_569' title='bbox 1899 2583 2170 2658; x_wconf 80' lang='lat' dir='ltr'><strong>apparuit</strong></span> <span class='ocrx_word' id='word_1_570' title='bbox 2201 2590 2514 2658; x_wconf 86' lang='lat' dir='ltr'><strong>benignitas</strong></span> <span class='ocrx_word' id='word_1_571' title='bbox 2543 2598 2597 2644; x_wconf 84' lang='lat' dir='ltr'><strong>et</strong></span> <span class='ocrx_word' id='word_1_572' title='bbox 2634 2589 2969 2654; x_wconf 79' lang='lat' dir='ltr'><strong>humanitas,</strong></span> <span class='ocrx_word' id='word_1_573' title='bbox 2999 2604 3162 2658; x_wconf 81' lang='lat' dir='ltr'><strong>usque</strong></span> <span class='ocrx_word' id='word_1_574' title='bbox 3183 2589 3237 2641; x_wconf 92' lang='lat' dir='ltr'><strong>in</strong></span> <span class='ocrx_word' id='word_1_575' title='bbox 3265 2586 3488 2642; x_wconf 86' lang='lat' dir='ltr'><strong>Christo</strong></span> 
     </span>
    </p>
   </div>
   <div class='ocr_carea' id='block_1_83' title="bbox 1893 2677 3487 2750">
    <p class='ocr_par' dir='ltr' id='par_1_83' title="bbox 1893 2677 3487 2750">
     <span class='ocr_line' id='line_1_83' title="bbox 1893 2677 3487 2750; baseline -0.004 -12"><span class='ocrx_word' id='word_1_576' title='bbox 1893 2681 2029 2740; x_wconf 79' lang='lat' dir='ltr'><strong>Jesu</strong></span> <span class='ocrx_word' id='word_1_577' title='bbox 2077 2681 2313 2736; x_wconf 86' lang='lat' dir='ltr'><strong>Domino</strong></span> <span class='ocrx_word' id='word_1_578' title='bbox 2359 2691 2567 2739; x_wconf 88' lang='lat' dir='ltr'><strong>nostro.</strong></span> <span class='ocrx_word' id='word_1_579' title='bbox 2621 2680 2978 2750; x_wconf 87' lang='lat' dir='ltr'><strong>Evangelium</strong></span> <span class='ocrx_word' id='word_1_580' title='bbox 3010 2679 3312 2736; x_wconf 87' lang='lat' dir='ltr'><strong>secundum</strong></span> <span class='ocrx_word' id='word_1_581' title='bbox 3347 2677 3487 2732; x_wconf 81' lang='lat' dir='ltr'><strong>Mat-</strong></span> 
     </span>
    </p>
   </div>
   <div class='ocr_carea' id='block_1_84' title="bbox 1909 2770 3488 2844">
    <p class='ocr_par' dir='ltr' id='par_1_84' title="bbox 1909 2770 3488 2844">
     <span class='ocr_line' id='line_1_84' title="bbox 1909 2770 3488 2844; baseline -0.002 -17"><span class='ocrx_word' id='word_1_582' title='bbox 1909 2777 2108 2829; x_wconf 70' lang='lat' dir='ltr'><strong>thazttm</strong></span> <span class='ocrx_word' id='word_1_583' title='bbox 2152 2790 2274 2844; x_wconf 91' lang='lat' dir='ltr'><strong>cap.</strong></span> <span class='ocrx_word' id='word_1_584' title='bbox 2323 2791 2396 2837; x_wconf 81' lang='lat' dir='ltr'><strong>vt,</strong></span> <span class='ocrx_word' id='word_1_585' title='bbox 2439 2774 2706 2829; x_wconf 89' lang='lat' dir='ltr'><strong>Deluncto</strong></span> <span class='ocrx_word' id='word_1_586' title='bbox 2761 2772 2996 2839; x_wconf 79' lang='lat' dir='ltr'><strong>Herode,</strong></span> <span class='ocrx_word' id='word_1_587' title='bbox 3045 2787 3178 2827; x_wconf 88' lang='lat' dir='ltr'><strong>ecce</strong></span> <span class='ocrx_word' id='word_1_588' title='bbox 3233 2770 3488 2841; x_wconf 87' lang='lat' dir='ltr'><strong>apparuit</strong></span> 
     </span>
    </p>
   </div>
   <div class='ocr_carea' id='block_1_85' title="bbox 1901 2861 3488 2936">
    <p class='ocr_par' dir='ltr' id='par_1_85' title="bbox 1901 2861 3488 2936">
     <span class='ocr_line' id='line_1_85' title="bbox 1901 2861 3488 2936; baseline -0.003 -16"><span class='ocrx_word' id='word_1_589' title='bbox 1901 2867 2129 2936; x_wconf 86' lang='lat' dir='ltr'><strong>angelus</strong></span> <span class='ocrx_word' id='word_1_590' title='bbox 2160 2866 2375 2922; x_wconf 88' lang='lat' dir='ltr'><strong>Domini</strong></span> <span class='ocrx_word' id='word_1_591' title='bbox 2413 2867 2469 2920; x_wconf 91' lang='lat' dir='ltr'><strong>in</strong></span> <span class='ocrx_word' id='word_1_592' title='bbox 2505 2865 2714 2922; x_wconf 85' lang='lat' dir='ltr'><strong>somnis</strong></span> <span class='ocrx_word' id='word_1_593' title='bbox 2742 2862 2972 2934; x_wconf 88' lang='lat' dir='ltr'><strong>Joseph,</strong></span> <span class='ocrx_word' id='word_1_594' title='bbox 2999 2879 3163 2933; x_wconf 76' lang='lat' dir='ltr'><strong>usque</strong></span> <span class='ocrx_word' id='word_1_595' title='bbox 3193 2861 3488 2916; x_wconf 81' lang='lat' dir='ltr'><strong>Nazaraeus</strong></span> 
     </span>
    </p>
   </div>
   <div class='ocr_carea' id='block_1_86' title="bbox 1902 2961 2208 3016">
    <p class='ocr_par' dir='ltr' id='par_1_86' title="bbox 1902 2961 2208 3016">
     <span class='ocr_line' id='line_1_86' title="bbox 1902 2961 2208 3016; baseline 0.007 -2"><span class='ocrx_word' id='word_1_596' title='bbox 1902 2961 2208 3016; x_wconf 87' lang='lat' dir='ltr'><strong>vocabitur.</strong></span> 
     </span>
    </p>
   </div>
   <div class='ocr_carea' id='block_1_87' title="bbox 1971 3044 3486 3118">
    <p class='ocr_par' dir='ltr' id='par_1_87' title="bbox 1971 3044 3486 3118">
     <span class='ocr_line' id='line_1_87' title="bbox 1971 3044 3486 3118; baseline -0.004 -13"><span class='ocrx_word' id='word_1_597' title='bbox 1971 3065 2068 3105; x_wconf 81' lang='lat' dir='ltr'><strong>vni</strong></span> <span class='ocrx_word' id='word_1_598' title='bbox 2099 3049 2228 3105; x_wconf 90' lang='lat' dir='ltr'><strong>ldus</strong></span> <span class='ocrx_word' id='word_1_599' title='bbox 2279 3048 2547 3115; x_wconf 88' lang='lat' dir='ltr'><strong>Januarii,</strong></span> <span class='ocrx_word' id='word_1_600' title='bbox 2577 3049 2632 3105; x_wconf 90' lang='lat' dir='ltr'><strong>in</strong></span> <span class='ocrx_word' id='word_1_601' title='bbox 2677 3047 3055 3118; x_wconf 88' lang='lat' dir='ltr'><strong>Theophania.</strong></span> <span class='ocrx_word' id='word_1_602' title='bbox 3097 3045 3290 3104; x_wconf 88' lang='lat' dir='ltr'><strong>Lectio</strong></span> <span class='ocrx_word' id='word_1_603' title='bbox 3333 3044 3486 3100; x_wconf 78' lang='lat' dir='ltr'><strong>lsaia:</strong></span> 
     </span>
    </p>
   </div>
   <div class='ocr_carea' id='block_1_88' title="bbox 1901 3141 3486 3214">
    <p class='ocr_par' dir='ltr' id='par_1_88' title="bbox 1901 3141 3486 3214">
     <span class='ocr_line' id='line_1_88' title="bbox 1901 3141 3486 3214; baseline -0.005 -16"><span class='ocrx_word' id='word_1_604' title='bbox 1901 3144 2199 3214; x_wconf 73' lang='lat' dir='ltr'><strong>prophetae.</strong></span> <span class='ocrx_word' id='word_1_605' title='bbox 2247 3142 2441 3212; x_wconf 79' lang='lat' dir='ltr'><strong>Surge,</strong></span> <span class='ocrx_word' id='word_1_606' title='bbox 2476 3143 2805 3208; x_wconf 89' lang='lat' dir='ltr'><strong>illuminare,</strong></span> <span class='ocrx_word' id='word_1_607' title='bbox 2847 3141 3171 3205; x_wconf 89' lang='lat' dir='ltr'><strong>Jerusalem,</strong></span> <span class='ocrx_word' id='word_1_608' title='bbox 3224 3155 3388 3208; x_wconf 75' lang='lat' dir='ltr'><strong>usque</strong></span> <span class='ocrx_word' id='word_1_609' title='bbox 3430 3150 3486 3193; x_wconf 89' lang='lat' dir='ltr'><strong>et</strong></span> 
     </span>
    </p>
   </div>
   <div class='ocr_carea' id='block_1_89' title="bbox 1900 3233 3483 3304">
    <p class='ocr_par' dir='ltr' id='par_1_89' title="bbox 1900 3233 3483 3304">
     <span class='ocr_line' id='line_1_89' title="bbox 1900 3233 3483 3304; baseline -0.004 -13"><span class='ocrx_word' id='word_1_610' title='bbox 1900 3237 2116 3294; x_wconf 87' lang='lat' dir='ltr'><strong>laudem</strong></span> <span class='ocrx_word' id='word_1_611' title='bbox 2157 3237 2388 3291; x_wconf 90' lang='lat' dir='ltr'><strong>Domino</strong></span> <span class='ocrx_word' id='word_1_612' title='bbox 2439 3237 2844 3290; x_wconf 89' lang='lat' dir='ltr'><strong>annuntiantes.</strong></span> <span class='ocrx_word' id='word_1_613' title='bbox 2882 3233 3234 3304; x_wconf 83' lang='lat' dir='ltr'><strong>Evangelium</strong></span> <span class='ocrx_word' id='word_1_614' title='bbox 3285 3247 3483 3289; x_wconf 78' lang='lat' dir='ltr'><strong>secun-</strong></span> 
     </span>
    </p>
   </div>
   <div class='ocr_carea' id='block_1_90' title="bbox 1902 3323 3481 3398">
    <p class='ocr_par' dir='ltr' id='par_1_90' title="bbox 1902 3323 3481 3398">
     <span class='ocr_line' id='line_1_90' title="bbox 1902 3323 3481 3398; baseline -0.005 -14"><span class='ocrx_word' id='word_1_615' title='bbox 1902 3331 2027 3385; x_wconf 88' lang='lat' dir='ltr'><strong>dttttt</strong></span> <span class='ocrx_word' id='word_1_616' title='bbox 2070 3329 2382 3384; x_wconf 67' lang='lat' dir='ltr'><strong>Matthaaum</strong></span> <span class='ocrx_word' id='word_1_617' title='bbox 2428 3343 2545 3398; x_wconf 87' lang='lat' dir='ltr'><strong>cap.</strong></span> <span class='ocrx_word' id='word_1_618' title='bbox 2595 3343 2673 3393; x_wconf 87' lang='lat' dir='ltr'><strong>tv,</strong></span> <span class='ocrx_word' id='word_1_619' title='bbox 2704 3327 2838 3381; x_wconf 89' lang='lat' dir='ltr'><strong>Cttm</strong></span> <span class='ocrx_word' id='word_1_620' title='bbox 2871 3336 3032 3380; x_wconf 87' lang='lat' dir='ltr'><strong>natus</strong></span> <span class='ocrx_word' id='word_1_621' title='bbox 3066 3335 3215 3381; x_wconf 87' lang='lat' dir='ltr'><strong>esset</strong></span> <span class='ocrx_word' id='word_1_622' title='bbox 3242 3323 3397 3380; x_wconf 89' lang='lat' dir='ltr'><strong>Jesus</strong></span> <span class='ocrx_word' id='word_1_623' title='bbox 3428 3324 3481 3378; x_wconf 82' lang='lat' dir='ltr'><strong>it:</strong></span> 
     </span>
    </p>
   </div>
   <div class='ocr_carea' id='block_1_91' title="bbox 1900 3417 3484 3493">
    <p class='ocr_par' dir='ltr' id='par_1_91' title="bbox 1900 3417 3484 3493">
     <span class='ocr_line' id='line_1_91' title="bbox 1900 3417 3484 3493; baseline -0.002 -16"><span class='ocrx_word' id='word_1_624' title='bbox 1900 3422 2410 3488; x_wconf 71' lang='lat' dir='ltr'><strong>BethlehemJudae,</strong></span> <span class='ocrx_word' id='word_1_625' title='bbox 2435 3438 2599 3493; x_wconf 79' lang='lat' dir='ltr'><strong>usque</strong></span> <span class='ocrx_word' id='word_1_626' title='bbox 2631 3436 2726 3493; x_wconf 89' lang='lat' dir='ltr'><strong>per</strong></span> <span class='ocrx_word' id='word_1_627' title='bbox 2755 3421 2916 3476; x_wconf 87' lang='lat' dir='ltr'><strong>aliant</strong></span> <span class='ocrx_word' id='word_1_628' title='bbox 2949 3423 3093 3474; x_wconf 87' lang='lat' dir='ltr'><strong>viam</strong></span> <span class='ocrx_word' id='word_1_629' title='bbox 3127 3417 3333 3474; x_wconf 80' lang='lat' dir='ltr'><strong>reversi</strong></span> <span class='ocrx_word' id='word_1_630' title='bbox 3353 3428 3484 3474; x_wconf 88' lang='lat' dir='ltr'><strong>sunt</strong></span> 
     </span>
    </p>
   </div>
   <div class='ocr_carea' id='block_1_92' title="bbox 1901 3516 2482 3586">
    <p class='ocr_par' dir='ltr' id='par_1_92' title="bbox 1901 3516 2482 3586">
     <span class='ocr_line' id='line_1_92' title="bbox 1901 3516 2482 3586; baseline -0.002 -17"><span class='ocrx_word' id='word_1_631' title='bbox 1901 3516 1955 3569; x_wconf 88' lang='lat' dir='ltr'><strong>itt</strong></span> <span class='ocrx_word' id='word_1_632' title='bbox 1991 3516 2268 3586; x_wconf 88' lang='lat' dir='ltr'><strong>regionem</strong></span> <span class='ocrx_word' id='word_1_633' title='bbox 2305 3530 2482 3570; x_wconf 90' lang='lat' dir='ltr'><strong>suam.</strong></span> 
     </span>
    </p>
   </div>
   <div class='ocr_carea' id='block_1_93' title="bbox 1974 3601 3482 3676">
    <p class='ocr_par' dir='ltr' id='par_1_93' title="bbox 1974 3601 3482 3676">
     <span class='ocr_line' id='line_1_93' title="bbox 1974 3601 3482 3676; baseline -0.005 -13"><span class='ocrx_word' id='word_1_634' title='bbox 1974 3623 2048 3663; x_wconf 85' lang='lat' dir='ltr'><strong>vu</strong></span> <span class='ocrx_word' id='word_1_635' title='bbox 2079 3607 2153 3663; x_wconf 93' lang='lat' dir='ltr'><strong>ld.</strong></span> <span class='ocrx_word' id='word_1_636' title='bbox 2177 3606 2448 3662; x_wconf 90' lang='lat' dir='ltr'><strong>Januarii.</strong></span> <span class='ocrx_word' id='word_1_637' title='bbox 2475 3604 2665 3662; x_wconf 89' lang='lat' dir='ltr'><strong>Lectio</strong></span> <span class='ocrx_word' id='word_1_638' title='bbox 2693 3606 2847 3661; x_wconf 75' lang='lat' dir='ltr'><strong>[snite</strong></span> <span class='ocrx_word' id='word_1_639' title='bbox 2893 3604 3188 3676; x_wconf 68' lang='lat' dir='ltr'><strong>prophetat.</strong></span> <span class='ocrx_word' id='word_1_640' title='bbox 3211 3602 3267 3658; x_wconf 91' lang='lat' dir='ltr'><strong>lu</strong></span> <span class='ocrx_word' id='word_1_641' title='bbox 3289 3601 3482 3658; x_wconf 90' lang='lat' dir='ltr'><strong>diebus</strong></span> 
     </span>
    </p>
   </div>
   <div class='ocr_carea' id='block_1_94' title="bbox 1897 3694 3483 3766">
    <p class='ocr_par' dir='ltr' id='par_1_94' title="bbox 1897 3694 3483 3766">
     <span class='ocr_line' id='line_1_94' title="bbox 1897 3694 3483 3766; baseline -0.006 -11"><span class='ocrx_word' id='word_1_642' title='bbox 1897 3699 2008 3756; x_wconf 90' lang='lat' dir='ltr'><strong>illis</strong></span> <span class='ocrx_word' id='word_1_643' title='bbox 2038 3699 2250 3752; x_wconf 90' lang='lat' dir='ltr'><strong>locutus</strong></span> <span class='ocrx_word' id='word_1_644' title='bbox 2305 3707 2390 3754; x_wconf 83' lang='lat' dir='ltr'><strong>est</strong></span> <span class='ocrx_word' id='word_1_645' title='bbox 2430 3696 2600 3751; x_wconf 84' lang='lat' dir='ltr'><strong>Isaias</strong></span> <span class='ocrx_word' id='word_1_646' title='bbox 2630 3697 2890 3766; x_wconf 80' lang='lat' dir='ltr'><strong>prapheta</strong></span> <span class='ocrx_word' id='word_1_647' title='bbox 2923 3695 3117 3750; x_wconf 88' lang='lat' dir='ltr'><strong>dicens</strong></span> <span class='ocrx_word' id='word_1_648' title='bbox 3146 3694 3344 3746; x_wconf 86' lang='lat' dir='ltr'><strong>:Anno</strong></span> <span class='ocrx_word' id='word_1_649' title='bbox 3371 3707 3483 3761; x_wconf 92' lang='lat' dir='ltr'><strong>quo</strong></span> 
     </span>
    </p>
   </div>
   <div class='ocr_carea' id='block_1_95' title="bbox 1899 3783 3480 3851">
    <p class='ocr_par' dir='ltr' id='par_1_95' title="bbox 1899 3783 3480 3851">
     <span class='ocr_line' id='line_1_95' title="bbox 1899 3783 3480 3851; baseline -0.008 -5"><span class='ocrx_word' id='word_1_650' title='bbox 1899 3799 2153 3846; x_wconf 91' lang='lat' dir='ltr'><strong>tuortuus</strong></span> <span class='ocrx_word' id='word_1_651' title='bbox 2199 3796 2286 3843; x_wconf 87' lang='lat' dir='ltr'><strong>est</strong></span> <span class='ocrx_word' id='word_1_652' title='bbox 2339 3801 2432 3841; x_wconf 81' lang='lat' dir='ltr'><strong>rex</strong></span> <span class='ocrx_word' id='word_1_653' title='bbox 2487 3783 2673 3851; x_wconf 78' lang='lat' dir='ltr'><strong>Ozias,</strong></span> <span class='ocrx_word' id='word_1_654' title='bbox 2704 3787 2816 3840; x_wconf 88' lang='lat' dir='ltr'><strong>vidi</strong></span> <span class='ocrx_word' id='word_1_655' title='bbox 2873 3783 3169 3840; x_wconf 91' lang='lat' dir='ltr'><strong>Dominum</strong></span> <span class='ocrx_word' id='word_1_656' title='bbox 3201 3785 3480 3838; x_wconf 89' lang='lat' dir='ltr'><strong>sedentem</strong></span> 
     </span>
    </p>
   </div>
   <div class='ocr_carea' id='block_1_96' title="bbox 1897 3879 3479 3952">
    <p class='ocr_par' dir='ltr' id='par_1_96' title="bbox 1897 3879 3479 3952">
     <span class='ocr_line' id='line_1_96' title="bbox 1897 3879 3479 3952; baseline -0.006 -16"><span class='ocrx_word' id='word_1_657' title='bbox 1897 3896 2064 3952; x_wconf 90' lang='lat' dir='ltr'><strong>super</strong></span> <span class='ocrx_word' id='word_1_658' title='bbox 2110 3880 2310 3935; x_wconf 91' lang='lat' dir='ltr'><strong>solium</strong></span> <span class='ocrx_word' id='word_1_659' title='bbox 2346 3879 2648 3942; x_wconf 88' lang='lat' dir='ltr'><strong>excelsum,</strong></span> <span class='ocrx_word' id='word_1_660' title='bbox 2700 3885 2976 3946; x_wconf 64' lang='lat' dir='ltr'><strong>usque&#39;et-</strong></span> <span class='ocrx_word' id='word_1_661' title='bbox 3008 3883 3295 3942; x_wconf 87' lang='lat' dir='ltr'><strong>peccatum</strong></span> <span class='ocrx_word' id='word_1_662' title='bbox 3332 3883 3479 3927; x_wconf 87' lang='lat' dir='ltr'><strong>tuutn</strong></span> 
     </span>
    </p>
   </div>
   <div class='ocr_carea' id='block_1_97' title="bbox 1901 3967 3477 4042">
    <p class='ocr_par' dir='ltr' id='par_1_97' title="bbox 1901 3967 3477 4042">
     <span class='ocr_line' id='line_1_97' title="bbox 1901 3967 3477 4042; baseline -0.007 -12"><span class='ocrx_word' id='word_1_663' title='bbox 1901 3975 2271 4030; x_wconf 73' lang='lat' dir='ltr'><strong>ntuttdabitur.</strong></span> <span class='ocrx_word' id='word_1_664' title='bbox 2301 3972 2650 4042; x_wconf 87' lang='lat' dir='ltr'><strong>Evangelium</strong></span> <span class='ocrx_word' id='word_1_665' title='bbox 2677 3967 2979 4027; x_wconf 86' lang='lat' dir='ltr'><strong>secundum</strong></span> <span class='ocrx_word' id='word_1_666' title='bbox 3005 3967 3322 4022; x_wconf 73' lang='lat' dir='ltr'><strong>Mattltteum</strong></span> <span class='ocrx_word' id='word_1_667' title='bbox 3351 3980 3477 4036; x_wconf 90' lang='lat' dir='ltr'><strong>cap.</strong></span> 
     </span>
    </p>
   </div>
   <div class='ocr_carea' id='block_1_98' title="bbox 1897 4060 3478 4135">
    <p class='ocr_par' dir='ltr' id='par_1_98' title="bbox 1897 4060 3478 4135">
     <span class='ocr_line' id='line_1_98' title="bbox 1897 4060 3478 4135; baseline -0.007 -10"><span class='ocrx_word' id='word_1_668' title='bbox 1897 4084 2122 4135; x_wconf 81' lang='lat' dir='ltr'><strong>cxxxtx,</strong></span> <span class='ocrx_word' id='word_1_669' title='bbox 2155 4066 2385 4123; x_wconf 84' lang='lat' dir='ltr'><strong>Factum</strong></span> <span class='ocrx_word' id='word_1_670' title='bbox 2428 4076 2514 4122; x_wconf 91' lang='lat' dir='ltr'><strong>est</strong></span> <span class='ocrx_word' id='word_1_671' title='bbox 2548 4081 2674 4121; x_wconf 88' lang='lat' dir='ltr'><strong>cum</strong></span> <span class='ocrx_word' id='word_1_672' title='bbox 2712 4071 3150 4120; x_wconf 87' lang='lat' dir='ltr'><strong>consummasset</strong></span> <span class='ocrx_word' id='word_1_673' title='bbox 3176 4060 3338 4118; x_wconf 88' lang='lat' dir='ltr'><strong>Jesus</strong></span> <span class='ocrx_word' id='word_1_674' title='bbox 3359 4073 3478 4116; x_wconf 88' lang='lat' dir='ltr'><strong>ser-</strong></span> 
     </span>
    </p>
   </div>
   <div class='ocr_carea' id='block_1_99' title="bbox 1898 4155 3247 4230">
    <p class='ocr_par' dir='ltr' id='par_1_99' title="bbox 1898 4155 3247 4230">
     <span class='ocr_line' id='line_1_99' title="bbox 1898 4155 3247 4230; baseline -0.007 -14"><span class='ocrx_word' id='word_1_675' title='bbox 1898 4177 2088 4216; x_wconf 88' lang='lat' dir='ltr'><strong>mones</strong></span> <span class='ocrx_word' id='word_1_676' title='bbox 2116 4161 2272 4224; x_wconf 90' lang='lat' dir='ltr'><strong>istos,</strong></span> <span class='ocrx_word' id='word_1_677' title='bbox 2309 4175 2470 4230; x_wconf 78' lang='lat' dir='ltr'><strong>usque</strong></span> <span class='ocrx_word' id='word_1_678' title='bbox 2494 4159 2590 4228; x_wconf 92' lang='lat' dir='ltr'><strong>qui</strong></span> <span class='ocrx_word' id='word_1_679' title='bbox 2619 4165 2800 4229; x_wconf 89' lang='lat' dir='ltr'><strong>potest</strong></span> <span class='ocrx_word' id='word_1_680' title='bbox 2829 4170 3024 4224; x_wconf 88' lang='lat' dir='ltr'><strong>capere</strong></span> <span class='ocrx_word' id='word_1_681' title='bbox 3047 4155 3247 4224; x_wconf 89' lang='lat' dir='ltr'><strong>capiat.</strong></span> 
     </span>
    </p>
   </div>
   <div class='ocr_carea' id='block_1_100' title="bbox 1971 4245 3475 4308">
    <p class='ocr_par' dir='ltr' id='par_1_100' title="bbox 1971 4245 3475 4308">
     <span class='ocr_line' id='line_1_100' title="bbox 1971 4245 3475 4308; baseline -0.005 -2"><span class='ocrx_word' id='word_1_682' title='bbox 1971 4257 2022 4308; x_wconf 90' lang='lat' dir='ltr'><strong>v‘t</strong></span> <span class='ocrx_word' id='word_1_683' title='bbox 2055 4250 2133 4307; x_wconf 93' lang='lat' dir='ltr'><strong>Id.</strong></span> <span class='ocrx_word' id='word_1_684' title='bbox 2205 4250 2473 4306; x_wconf 88' lang='lat' dir='ltr'><strong>Januarii.</strong></span> <span class='ocrx_word' id='word_1_685' title='bbox 2503 4249 2784 4305; x_wconf 86' lang='lat' dir='ltr'><strong>Belloacus</strong></span> <span class='ocrx_word' id='word_1_686' title='bbox 2822 4248 3006 4303; x_wconf 82' lang='lat' dir='ltr'><strong>natale</strong></span> <span class='ocrx_word' id='word_1_687' title='bbox 3045 4248 3220 4302; x_wconf 89' lang='lat' dir='ltr'><strong>sancti</strong></span> <span class='ocrx_word' id='word_1_688' title='bbox 3249 4245 3475 4300; x_wconf 89' lang='lat' dir='ltr'><strong>Luciani</strong></span> 
     </span>
    </p>
   </div>
   <div class='ocr_carea' id='block_1_101' title="bbox 1897 4342 3480 4415">
    <p class='ocr_par' dir='ltr' id='par_1_101' title="bbox 1897 4342 3480 4415">
     <span class='ocr_line' id='line_1_101' title="bbox 1897 4342 3480 4415; baseline -0.006 -14"><span class='ocrx_word' id='word_1_689' title='bbox 1897 4345 2177 4415; x_wconf 84' lang='lat' dir='ltr'><strong>martyris.</strong></span> <span class='ocrx_word' id='word_1_690' title='bbox 2205 4343 2393 4398; x_wconf 89' lang='lat' dir='ltr'><strong>Lectio</strong></span> <span class='ocrx_word' id='word_1_691' title='bbox 2432 4342 2554 4396; x_wconf 90' lang='lat' dir='ltr'><strong>libri</strong></span> <span class='ocrx_word' id='word_1_692' title='bbox 2587 4342 2905 4411; x_wconf 67' lang='lat' dir='ltr'><strong>Sapientiae.</strong></span> <span class='ocrx_word' id='word_1_693' title='bbox 2955 4342 3174 4401; x_wconf 84' lang='lat' dir='ltr'><strong>Audite,</strong></span> <span class='ocrx_word' id='word_1_694' title='bbox 3218 4353 3396 4410; x_wconf 89' lang='lat' dir='ltr'><strong>rcges,</strong></span> <span class='ocrx_word' id='word_1_695' title='bbox 3425 4346 3480 4392; x_wconf 91' lang='lat' dir='ltr'><strong>et</strong></span> 
     </span>
    </p>
   </div>
   <div class='ocr_carea' id='block_1_102' title="bbox 1900 4433 3479 4508">
    <p class='ocr_par' dir='ltr' id='par_1_102' title="bbox 1900 4433 3479 4508">
     <span class='ocr_line' id='line_1_102' title="bbox 1900 4433 3479 4508; baseline -0.006 -14"><span class='ocrx_word' id='word_1_696' title='bbox 1900 4437 2208 4508; x_wconf 89' lang='lat' dir='ltr'><strong>intelligite,</strong></span> <span class='ocrx_word' id='word_1_697' title='bbox 2240 4451 2400 4504; x_wconf 78' lang='lat' dir='ltr'><strong>usque</strong></span> <span class='ocrx_word' id='word_1_698' title='bbox 2429 4434 2710 4490; x_wconf 86' lang='lat' dir='ltr'><strong>invenient</strong></span> <span class='ocrx_word' id='word_1_699' title='bbox 2732 4433 2862 4503; x_wconf 85' lang='lat' dir='ltr'><strong>quid</strong></span> <span class='ocrx_word' id='word_1_700' title='bbox 2893 4435 3276 4504; x_wconf 83' lang='lat' dir='ltr'><strong>respondeant.</strong></span> <span class='ocrx_word' id='word_1_701' title='bbox 3301 4433 3479 4487; x_wconf 83' lang='lat' dir='ltr'><strong>Evan-</strong></span> 
     </span>
    </p>
   </div>
   <div class='ocr_carea' id='block_1_103' title="bbox 1815 4526 3480 4599">
    <p class='ocr_par' dir='ltr' id='par_1_103' title="bbox 1815 4526 3480 4599">
     <span class='ocr_line' id='line_1_103' title="bbox 1815 4526 3480 4599; baseline -0.002 -16"><span class='ocrx_word' id='word_1_702' title='bbox 1815 4537 1868 4598; x_wconf 80' lang='grc' dir='ltr'>ι)</span> <span class='ocrx_word' id='word_1_703' title='bbox 1895 4530 2091 4599; x_wconf 86' lang='lat' dir='ltr'><strong>gelium</strong></span> <span class='ocrx_word' id='word_1_704' title='bbox 2115 4529 2418 4584; x_wconf 89' lang='lat' dir='ltr'><strong>secundum</strong></span> <span class='ocrx_word' id='word_1_705' title='bbox 2454 4526 2764 4580; x_wconf 69' lang='lat' dir='ltr'><strong>Matthaaum</strong></span> <span class='ocrx_word' id='word_1_706' title='bbox 2802 4541 2924 4596; x_wconf 78' lang='lat' dir='ltr'><strong>cap.</strong></span> <span class='ocrx_word' id='word_1_707' title='bbox 2947 4541 3122 4588; x_wconf 66' lang='grc' dir='ltr'>ειμι,</span> <span class='ocrx_word' id='word_1_708' title='bbox 3148 4527 3292 4579; x_wconf 76' lang='lat' dir='ltr'><strong>Dixit</strong></span> <span class='ocrx_word' id='word_1_709' title='bbox 3316 4527 3480 4582; x_wconf 86' lang='lat' dir='ltr'><strong>Jesus</strong></span> 
     </span>
    </p>
   </div>
   <div class='ocr_carea' id='block_1_104' title="bbox 1895 4618 3480 4690">
    <p class='ocr_par' dir='ltr' id='par_1_104' title="bbox 1895 4618 3480 4690">
     <span class='ocr_line' id='line_1_104' title="bbox 1895 4618 3480 4690; baseline -0.002 -12"><span class='ocrx_word' id='word_1_710' title='bbox 1895 4621 2176 4690; x_wconf 90' lang='lat' dir='ltr'><strong>discipulis</strong></span> <span class='ocrx_word' id='word_1_711' title='bbox 2210 4622 2346 4686; x_wconf 91' lang='lat' dir='ltr'><strong>suis,</strong></span> <span class='ocrx_word' id='word_1_712' title='bbox 2394 4618 2548 4675; x_wconf 89' lang='lat' dir='ltr'><strong>Sicut</strong></span> <span class='ocrx_word' id='word_1_713' title='bbox 2581 4619 2762 4690; x_wconf 86' lang='lat' dir='ltr'><strong>lulgur</strong></span> <span class='ocrx_word' id='word_1_714' title='bbox 2793 4621 2908 4676; x_wconf 88' lang='lat' dir='ltr'><strong>exit</strong></span> <span class='ocrx_word' id='word_1_715' title='bbox 2938 4622 3008 4676; x_wconf 89' lang='lat' dir='ltr'><strong>ab</strong></span> <span class='ocrx_word' id='word_1_716' title='bbox 3044 4622 3281 4684; x_wconf 90' lang='lat' dir='ltr'><strong>oriente,</strong></span> <span class='ocrx_word' id='word_1_717' title='bbox 3318 4635 3480 4690; x_wconf 80' lang='lat' dir='ltr'><strong>usque</strong></span> 
     </span>
    </p>
   </div>
   <div class='ocr_carea' id='block_1_105' title="bbox 1896 4715 2398 4770">
    <p class='ocr_par' dir='ltr' id='par_1_105' title="bbox 1896 4715 2398 4770">
     <span class='ocr_line' id='line_1_105' title="bbox 1896 4715 2398 4770; baseline -0.004 0"><span class='ocrx_word' id='word_1_718' title='bbox 1896 4715 2160 4770; x_wconf 78' lang='lat' dir='ltr'><strong>tet-minos</strong></span> <span class='ocrx_word' id='word_1_719' title='bbox 2186 4729 2398 4769; x_wconf 91' lang='lat' dir='ltr'><strong>eorum.</strong></span> 
     </span>
    </p>
   </div>
   <div class='ocr_carea' id='block_1_106' title="bbox 1965 4803 3476 4877">
    <p class='ocr_par' dir='ltr' id='par_1_106' title="bbox 1965 4803 3476 4877">
     <span class='ocr_line' id='line_1_106' title="bbox 1965 4803 3476 4877; baseline 0.001 -18"><span class='ocrx_word' id='word_1_720' title='bbox 1965 4821 1996 4859; x_wconf 71' lang='grc' dir='ltr'><strong>ν</strong></span> <span class='ocrx_word' id='word_1_721' title='bbox 2024 4806 2148 4861; x_wconf 87' lang='lat' dir='ltr'><strong>ldus</strong></span> <span class='ocrx_word' id='word_1_722' title='bbox 2181 4805 2450 4860; x_wconf 83' lang='lat' dir='ltr'><strong>Januarii.</strong></span> <span class='ocrx_word' id='word_1_723' title='bbox 2482 4803 2668 4861; x_wconf 84' lang='lat' dir='ltr'><strong>Lectio</strong></span> <span class='ocrx_word' id='word_1_724' title='bbox 2705 4804 2859 4860; x_wconf 71' lang='lat' dir='ltr'><strong>lsaia:</strong></span> <span class='ocrx_word' id='word_1_725' title='bbox 2923 4807 3219 4877; x_wconf 58' lang='lat' dir='ltr'><strong>prophetat.</strong></span> <span class='ocrx_word' id='word_1_726' title='bbox 3258 4804 3314 4859; x_wconf 84' lang='lat' dir='ltr'><strong>In</strong></span> <span class='ocrx_word' id='word_1_727' title='bbox 3361 4804 3476 4861; x_wconf 83' lang='lat' dir='ltr'><strong>die-</strong></span> 
     </span>
    </p>
   </div>
   <div class='ocr_carea' id='block_1_107' title="bbox 1893 4896 3477 4968">
    <p class='ocr_par' dir='ltr' id='par_1_107' title="bbox 1893 4896 3477 4968">
     <span class='ocr_line' id='line_1_107' title="bbox 1893 4896 3477 4968; baseline -0.003 -16"><span class='ocrx_word' id='word_1_728' title='bbox 1893 4897 1995 4952; x_wconf 86' lang='lat' dir='ltr'><strong>bus</strong></span> <span class='ocrx_word' id='word_1_729' title='bbox 2041 4897 2148 4952; x_wconf 89' lang='lat' dir='ltr'><strong>illis</strong></span> <span class='ocrx_word' id='word_1_730' title='bbox 2219 4897 2358 4951; x_wconf 82' lang='lat' dir='ltr'><strong>dixit</strong></span> <span class='ocrx_word' id='word_1_731' title='bbox 2397 4897 2658 4952; x_wconf 88' lang='lat' dir='ltr'><strong>Dominus</strong></span> <span class='ocrx_word' id='word_1_732' title='bbox 2716 4898 2806 4951; x_wconf 71' lang='lat' dir='ltr'><strong>atl’</strong></span> <span class='ocrx_word' id='word_1_733' title='bbox 2840 4896 3057 4962; x_wconf 86' lang='lat' dir='ltr'><strong>Isaiam,</strong></span> <span class='ocrx_word' id='word_1_734' title='bbox 3103 4897 3371 4968; x_wconf 83' lang='lat' dir='ltr'><strong>Egredere</strong></span> <span class='ocrx_word' id='word_1_735' title='bbox 3424 4896 3477 4949; x_wconf 93' lang='lat' dir='ltr'><strong>in</strong></span> 
     </span>
    </p>
   </div>
   <div class='ocr_carea' id='block_1_108' title="bbox 1892 4987 3478 5058">
    <p class='ocr_par' dir='ltr' id='par_1_108' title="bbox 1892 4987 3478 5058">
     <span class='ocr_line' id='line_1_108' title="bbox 1892 4987 3478 5058; baseline -0.003 -14"><span class='ocrx_word' id='word_1_736' title='bbox 1892 5003 2179 5044; x_wconf 79' lang='lat' dir='ltr'><strong>occursum</strong></span> <span class='ocrx_word' id='word_1_737' title='bbox 2239 4987 2442 5047; x_wconf 81' lang='lat' dir='ltr'><strong>Achaz,</strong></span> <span class='ocrx_word' id='word_1_738' title='bbox 2479 5003 2642 5058; x_wconf 81' lang='lat' dir='ltr'><strong>usque</strong></span> <span class='ocrx_word' id='word_1_739' title='bbox 2691 4988 2738 5043; x_wconf 88' lang='lat' dir='ltr'><strong>si</strong></span> <span class='ocrx_word' id='word_1_740' title='bbox 2797 5004 2906 5042; x_wconf 90' lang='lat' dir='ltr'><strong>non</strong></span> <span class='ocrx_word' id='word_1_741' title='bbox 2963 4987 3324 5051; x_wconf 89' lang='lat' dir='ltr'><strong>credideritis,</strong></span> <span class='ocrx_word' id='word_1_742' title='bbox 3370 5001 3478 5041; x_wconf 91' lang='lat' dir='ltr'><strong>non</strong></span> 
     </span>
    </p>
   </div>
   <div class='ocr_carea' id='block_1_109' title="bbox 1895 5078 3478 5150">
    <p class='ocr_par' dir='ltr' id='par_1_109' title="bbox 1895 5078 3478 5150">
     <span class='ocr_line' id='line_1_109' title="bbox 1895 5078 3478 5150; baseline -0.001 -17"><span class='ocrx_word' id='word_1_743' title='bbox 1895 5079 2310 5150; x_wconf 81' lang='lat' dir='ltr'><strong>pertuanebitis.</strong></span> <span class='ocrx_word' id='word_1_744' title='bbox 2387 5079 2744 5150; x_wconf 77' lang='lat' dir='ltr'><strong>Evangelium</strong></span> <span class='ocrx_word' id='word_1_745' title='bbox 2819 5081 3124 5135; x_wconf 91' lang='lat' dir='ltr'><strong>secundum</strong></span> <span class='ocrx_word' id='word_1_746' title='bbox 3213 5078 3478 5143; x_wconf 82' lang='lat' dir='ltr'><strong>Marcum,</strong></span> 
     </span>
    </p>
   </div>
   <div class='ocr_carea' id='block_1_110' title="bbox 1899 5169 3478 5243">
    <p class='ocr_par' dir='ltr' id='par_1_110' title="bbox 1899 5169 3478 5243">
     <span class='ocr_line' id='line_1_110' title="bbox 1899 5169 3478 5243; baseline 0 -16"><span class='ocrx_word' id='word_1_747' title='bbox 1899 5171 2040 5227; x_wconf 79' lang='lat' dir='ltr'><strong>Oixit</strong></span> <span class='ocrx_word' id='word_1_748' title='bbox 2068 5169 2225 5225; x_wconf 89' lang='lat' dir='ltr'><strong>Jesus</strong></span> <span class='ocrx_word' id='word_1_749' title='bbox 2255 5171 2536 5240; x_wconf 84' lang='lat' dir='ltr'><strong>discipulis</strong></span> <span class='ocrx_word' id='word_1_750' title='bbox 2565 5173 2706 5240; x_wconf 89' lang='lat' dir='ltr'><strong>suis,</strong></span> <span class='ocrx_word' id='word_1_751' title='bbox 2747 5173 2937 5228; x_wconf 89' lang='lat' dir='ltr'><strong>Simile</strong></span> <span class='ocrx_word' id='word_1_752' title='bbox 2979 5183 3063 5227; x_wconf 89' lang='lat' dir='ltr'><strong>est</strong></span> <span class='ocrx_word' id='word_1_753' title='bbox 3097 5187 3324 5243; x_wconf 87' lang='lat' dir='ltr'><strong>regnum</strong></span> <span class='ocrx_word' id='word_1_754' title='bbox 3361 5171 3478 5238; x_wconf 90' lang='lat' dir='ltr'><strong>Dei,</strong></span> 
     </span>
    </p>
   </div>
   <div class='ocr_carea' id='block_1_111' title="bbox 1895 5261 3479 5335">
    <p class='ocr_par' dir='ltr' id='par_1_111' title="bbox 1895 5261 3479 5335">
     <span class='ocr_line' id='line_1_111' title="bbox 1895 5261 3479 5335; baseline 0.002 -19"><span class='ocrx_word' id='word_1_755' title='bbox 1895 5261 2353 5333; x_wconf 85' lang='lat' dir='ltr'><strong>quemadmodum</strong></span> <span class='ocrx_word' id='word_1_756' title='bbox 2383 5267 2428 5320; x_wconf 89' lang='lat' dir='ltr'><strong>si</strong></span> <span class='ocrx_word' id='word_1_757' title='bbox 2462 5265 2623 5320; x_wconf 90' lang='lat' dir='ltr'><strong>homo</strong></span> <span class='ocrx_word' id='word_1_758' title='bbox 2672 5266 2842 5335; x_wconf 81' lang='lat' dir='ltr'><strong>jaciut</strong></span> <span class='ocrx_word' id='word_1_759' title='bbox 2894 5276 3193 5320; x_wconf 89' lang='lat' dir='ltr'><strong>sementem</strong></span> <span class='ocrx_word' id='word_1_760' title='bbox 3225 5267 3279 5321; x_wconf 91' lang='lat' dir='ltr'><strong>in</strong></span> <span class='ocrx_word' id='word_1_761' title='bbox 3313 5276 3479 5331; x_wconf 88' lang='lat' dir='ltr'><strong>terra,</strong></span> 
     </span>
    </p>
   </div>
   <div class='ocr_carea' id='block_1_112' title="bbox 1903 5357 3139 5429">
    <p class='ocr_par' dir='ltr' id='par_1_112' title="bbox 1903 5357 3139 5429">
     <span class='ocr_line' id='line_1_112' title="bbox 1903 5357 3139 5429; baseline 0.002 -19"><span class='ocrx_word' id='word_1_762' title='bbox 1903 5373 2066 5428; x_wconf 81' lang='lat' dir='ltr'><strong>usque</strong></span> <span class='ocrx_word' id='word_1_763' title='bbox 2101 5357 2220 5412; x_wconf 89' lang='lat' dir='ltr'><strong>sine</strong></span> <span class='ocrx_word' id='word_1_764' title='bbox 2257 5357 2512 5425; x_wconf 83' lang='lat' dir='ltr'><strong>parabola</strong></span> <span class='ocrx_word' id='word_1_765' title='bbox 2555 5374 2660 5414; x_wconf 91' lang='lat' dir='ltr'><strong>non</strong></span> <span class='ocrx_word' id='word_1_766' title='bbox 2690 5358 3009 5429; x_wconf 84' lang='lat' dir='ltr'><strong>loquebatur</strong></span> <span class='ocrx_word' id='word_1_767' title='bbox 3037 5360 3139 5413; x_wconf 86' lang='lat' dir='ltr'><strong>eis.</strong></span> 
     </span>
    </p>
   </div>
   <div class='ocr_carea' id='block_1_113' title="bbox 1966 5450 3483 5524">
    <p class='ocr_par' dir='ltr' id='par_1_113' title="bbox 1966 5450 3483 5524">
     <span class='ocr_line' id='line_1_113' title="bbox 1966 5450 3483 5524; baseline 0.003 -18"><span class='ocrx_word' id='word_1_768' title='bbox 1966 5468 2020 5506; x_wconf 87' lang='lat' dir='ltr'><strong>tv</strong></span> <span class='ocrx_word' id='word_1_769' title='bbox 2051 5451 2178 5506; x_wconf 89' lang='lat' dir='ltr'><strong>ldus</strong></span> <span class='ocrx_word' id='word_1_770' title='bbox 2212 5450 2476 5507; x_wconf 85' lang='lat' dir='ltr'><strong>Januarii.</strong></span> <span class='ocrx_word' id='word_1_771' title='bbox 2509 5452 2698 5510; x_wconf 85' lang='lat' dir='ltr'><strong>Lectio</strong></span> <span class='ocrx_word' id='word_1_772' title='bbox 2733 5453 2888 5510; x_wconf 69' lang='lat' dir='ltr'><strong>Isaia:</strong></span> <span class='ocrx_word' id='word_1_773' title='bbox 2920 5453 3224 5524; x_wconf 72' lang='lat' dir='ltr'><strong>pr0phetm.</strong></span> <span class='ocrx_word' id='word_1_774' title='bbox 3248 5454 3306 5511; x_wconf 91' lang='lat' dir='ltr'><strong>lu</strong></span> <span class='ocrx_word' id='word_1_775' title='bbox 3367 5455 3483 5510; x_wconf 85' lang='lat' dir='ltr'><strong>die-</strong></span> 
     </span>
    </p>
   </div>
   <div class='ocr_carea' id='block_1_114' title="bbox 1895 5545 3485 5620">
    <p class='ocr_par' dir='ltr' id='par_1_114' title="bbox 1895 5545 3485 5620">
     <span class='ocr_line' id='line_1_114' title="bbox 1895 5545 3485 5620; baseline 0.003 -20"><span class='ocrx_word' id='word_1_776' title='bbox 1895 5546 2000 5601; x_wconf 89' lang='lat' dir='ltr'><strong>bus</strong></span> <span class='ocrx_word' id='word_1_777' title='bbox 2049 5545 2159 5601; x_wconf 89' lang='lat' dir='ltr'><strong>illis</strong></span> <span class='ocrx_word' id='word_1_778' title='bbox 2200 5545 2414 5602; x_wconf 88' lang='lat' dir='ltr'><strong>locutus</strong></span> <span class='ocrx_word' id='word_1_779' title='bbox 2477 5555 2564 5603; x_wconf 85' lang='lat' dir='ltr'><strong>est</strong></span> <span class='ocrx_word' id='word_1_780' title='bbox 2613 5547 2874 5605; x_wconf 88' lang='lat' dir='ltr'><strong>Dominus</strong></span> <span class='ocrx_word' id='word_1_781' title='bbox 2910 5551 2978 5604; x_wconf 88' lang='lat' dir='ltr'><strong>ad</strong></span> <span class='ocrx_word' id='word_1_782' title='bbox 3012 5548 3207 5604; x_wconf 85' lang='lat' dir='ltr'><strong>Isaiam</strong></span> <span class='ocrx_word' id='word_1_783' title='bbox 3249 5549 3485 5620; x_wconf 85' lang='lat' dir='ltr'><strong>prophe-</strong></span> 
     </span>
    </p>
   </div>
   <div class='ocr_carea' id='block_1_115' title="bbox 1898 5639 3481 5717">
    <p class='ocr_par' dir='ltr' id='par_1_115' title="bbox 1898 5639 3481 5717">
     <span class='ocr_line' id='line_1_115' title="bbox 1898 5639 3481 5717; baseline 0.005 -25"><span class='ocrx_word' id='word_1_784' title='bbox 1898 5649 2008 5693; x_wconf 87' lang='lat' dir='ltr'><strong>tam</strong></span> <span class='ocrx_word' id='word_1_785' title='bbox 2039 5639 2250 5708; x_wconf 88' lang='lat' dir='ltr'><strong>dicens,</strong></span> <span class='ocrx_word' id='word_1_786' title='bbox 2279 5641 2385 5695; x_wconf 86' lang='lat' dir='ltr'><strong>Pro</strong></span> <span class='ocrx_word' id='word_1_787' title='bbox 2420 5658 2482 5696; x_wconf 83' lang='lat' dir='ltr'><strong>eo</strong></span> <span class='ocrx_word' id='word_1_788' title='bbox 2513 5644 2656 5711; x_wconf 89' lang='lat' dir='ltr'><strong>quod</strong></span> <span class='ocrx_word' id='word_1_789' title='bbox 2684 5643 2884 5713; x_wconf 85' lang='lat' dir='ltr'><strong>adjecit</strong></span> <span class='ocrx_word' id='word_1_790' title='bbox 2925 5646 3158 5716; x_wconf 83' lang='lat' dir='ltr'><strong>populus</strong></span> <span class='ocrx_word' id='word_1_791' title='bbox 3182 5645 3284 5700; x_wconf 90' lang='lat' dir='ltr'><strong>iste</strong></span> <span class='ocrx_word' id='word_1_792' title='bbox 3311 5662 3481 5717; x_wconf 80' lang='lat' dir='ltr'><strong>aquas</strong></span> 
     </span>
    </p>
   </div>
   <div class='ocr_carea' id='block_1_116' title="bbox 1898 5736 3485 5813">
    <p class='ocr_par' dir='ltr' id='par_1_116' title="bbox 1898 5736 3485 5813">
     <span class='ocr_line' id='line_1_116' title="bbox 1898 5736 3485 5813; baseline 0.007 -24"><span class='ocrx_word' id='word_1_793' title='bbox 1898 5736 2062 5798; x_wconf 86' lang='lat' dir='ltr'><strong>Siloc,</strong></span> <span class='ocrx_word' id='word_1_794' title='bbox 2099 5751 2261 5805; x_wconf 79' lang='lat' dir='ltr'><strong>usque</strong></span> <span class='ocrx_word' id='word_1_795' title='bbox 2307 5739 2433 5806; x_wconf 81' lang='lat' dir='ltr'><strong>quia</strong></span> <span class='ocrx_word' id='word_1_796' title='bbox 2471 5739 2750 5794; x_wconf 88' lang='lat' dir='ltr'><strong>nobiscum</strong></span> <span class='ocrx_word' id='word_1_797' title='bbox 2786 5741 2954 5798; x_wconf 89' lang='lat' dir='ltr'><strong>Deus.</strong></span> <span class='ocrx_word' id='word_1_798' title='bbox 3017 5742 3364 5813; x_wconf 80' lang='lat' dir='ltr'><strong>Evuttgclium</strong></span> <span class='ocrx_word' id='word_1_799' title='bbox 3397 5761 3485 5800; x_wconf 84' lang='lat' dir='ltr'><strong>sc-</strong></span> 
     </span>
    </p>
   </div>
   <div class='ocr_carea' id='block_1_117' title="bbox 1899 5827 3482 5904">
    <p class='ocr_par' dir='ltr' id='par_1_117' title="bbox 1899 5827 3482 5904">
     <span class='ocr_line' id='line_1_117' title="bbox 1899 5827 3482 5904; baseline 0.004 -19"><span class='ocrx_word' id='word_1_800' title='bbox 1899 5830 2130 5885; x_wconf 67' lang='lat' dir='ltr'><strong>cu&#39;nlum</strong></span> <span class='ocrx_word' id='word_1_801' title='bbox 2173 5827 2408 5884; x_wconf 81' lang='lat' dir='ltr'><strong>Marcum</strong></span> <span class='ocrx_word' id='word_1_802' title='bbox 2449 5846 2564 5899; x_wconf 87' lang='lat' dir='ltr'><strong>cap.</strong></span> <span class='ocrx_word' id='word_1_803' title='bbox 2606 5848 2738 5904; x_wconf 80' lang='lat' dir='ltr'><strong>an,</strong></span> <span class='ocrx_word' id='word_1_804' title='bbox 2788 5834 2941 5896; x_wconf 74' lang='lat' dir='ltr'><strong>Dixit</strong></span> <span class='ocrx_word' id='word_1_805' title='bbox 2986 5837 3148 5895; x_wconf 86' lang='lat' dir='ltr'><strong>Jesus</strong></span> <span class='ocrx_word' id='word_1_806' title='bbox 3197 5839 3482 5897; x_wconf 77' lang='lat' dir='ltr'><strong>discipulis</strong></span> 
     </span>
    </p>
   </div>
  </div>
