3956 6196
388 298 495 366 ειδι

1341 309 1400 370 S.
1445 307 1889 371 HlERONYMI
1931 308 2250 369 OPERUM
2289 307 2699 376 MANTISSA'.

3553 303 3674 371 508

393 432 530 484 suis,
560 417 750 473 Venite
797 433 1071 485 scortum.
1105 436 1299 477 eamus
1345 423 1400 478 in
1449 423 1732 478 desertum
1769 423 1972 490 locum,
2004 427 2053 486 Α
2083 423 2275 479 Simile
2324 434 2406 478 est
2457 437 2682 492 regnum
2718 420 2982 476 coriorum
3031 420 3292 477 thesauro
3321 423 3674 488 abscondito,

390 526 551 580 usque
573 522 976 565 concurrerunt
1011 512 1161 568 illnc.

463 617 520 657 ιιι
553 601 678 657 ldus
702 601 974 658 Januarii.
1007 604 1194 660 Lectio
1245 605 1402 660 lsaie
1443 607 1738 678 prophetae.
1775 608 1834 664 In
1865 609 1980 662 die-

336 713 340 718 -
392 693 494 747 bus
521 692 626 747 illis
663 693 798 746 dixit
821 694 1013 761 Isaias,
1040 695 1165 752 llmc
1196 699 1340 751 enim
1369 699 1443 753 ait
1478 699 1744 755 Dominus
1772 701 1839 755 ad
1867 715 1975 765 me,

393 785 538 839 sicut
579 785 632 838 in
681 784 810 839 forti
860 802 1024 841 manu
1077 790 1315 845 erudivit
1355 807 1464 857 tne,
1498 808 1660 861 usque
1687 808 1715 845 a
1750 791 1980 850 Domino

395 876 730 932 exercituum
761 877 851 946 qui
883 878 1098 935 habitat
1129 879 1184 935 in
1218 891 1404 937 monte
1439 881 1590 937 Sion.
1626 883 1978 953 Evangelium

393 968 694 1020 secundum
725 965 967 1022 Marcum
1017 983 1138 1040 cap.
1167 986 1256 1027 xc.
1287 971 1524 1028 Veniens
1555 972 1714 1029 Jesus
1740 975 1810 1030 ad
1863 975 1979 1030 dis-

393 1059 604 1128 cipulos
633 1075 784 1126 suos,
818 1062 954 1116 vidit
984 1063 1194 1119 turbam
1231 1080 1503 1136 magnam,
1529 1082 1694 1134 usque
1719 1067 1862 1121 inter
1883 1081 1981 1122 vos

391 1151 750 1221 conquiritis.

465 1240 647 1297 Pridie
683 1243 810 1302 ldus
851 1245 1120 1302 Januarii.
1169 1247 1356 1305 Lectio
1385 1249 1540 1306 Isaiae
1573 1249 1870 1321 prophetae.
1919 1250 1979 1304 In

395 1334 587 1392 diebus
639 1337 746 1396 illis
789 1340 1012 1396 loeutus
1067 1349 1152 1396 est
1181 1341 1352 1397 lsaias
1376 1343 1640 1412 propheta
1674 1343 1888 1409 dicens,
1917 1341 1981 1398 Si

396 1419 557 1484 fuerit
590 1431 822 1500 populus
853 1443 984 1488 tuus
1012 1434 1180 1488 lsrael
1221 1436 1382 1503 quasi
1415 1450 1584 1490 arena
1632 1437 1824 1501 maris,
1850 1437 1980 1492 reli-

397 1518 542 1586 quiae
575 1512 986 1589 convertentur,
1021 1539 1186 1592 usque
1217 1540 1384 1594 super
1409 1535 1648 1583 montem
1676 1527 1799 1583 filiae
1821 1528 1978 1582 Sion.

401 1609 749 1680 Evangelium
777 1617 1078 1670 secundum
1111 1615 1352 1671 Marcum
1385 1631 1508 1688 cap.
1541 1633 1708 1684 xevn,
1736 1619 1983 1691 Respon-

399 1701 480 1756 dit
507 1701 637 1757 Jesu
671 1701 912 1762 Joannes
951 1707 1162 1774 dicens,
1194 1707 1471 1778 Magister,
1501 1711 1736 1766 vidimus
1783 1725 1981 1782 quem-

400 1899 508 1946 98!.

469 1980 654 2038 Idibus
721 1983 989 2043 Januarii.
1047 1985 1284 2046 Octabas
1349 1990 1742 2063 Theophaniae.
1795 1994 1988 2052 Lectio

401 2070 556 2130 lsaiae
619 2078 915 2146 prephetie.
953 2079 1179 2136 Domine
1214 2082 1354 2138 Deus
1401 2099 1584 2153 meus,
1613 2087 1988 2145 honorillcabo

404 2173 480 2227 te,
507 2181 668 2234 usque
695 2172 1010 2227 annuntiate
1033 2172 1151 2229 haec
1175 2175 1229 2229 in
1266 2175 1520 2232 universa
1551 2189 1714 2234 terra.
1743 2182 1988 2250 Evange-

405 2254 532 2310 liuin
562 2263 864 2317 secundum
902 2261 1190 2322 Joannem.
1219 2254 1363 2324 ~Vidit
1407 2268 1646 2326 Joannes
1675 2271 1862 2327 Jesum
1893 2287 1990 2328 ve-

403 2348 644 2406 nientem
671 2354 739 2408 ad
769 2369 850 2419 se,
878 2371 1041 2426 usque
1072 2361 1199 2426 quia
1217 2360 1312 2415 hic
1341 2371 1424 2417 est
1456 2362 1626 2418 Filius
1654 2363 1773 2420 Dei.

473 2440 756 2500 Duminica
797 2461 814 2498 ι
861 2457 984 2516 post
1036 2447 1466 2519 'l‘hioplianiam.
1527 2454 1716 2512 Lectio
1748 2460 1991 2530 epistola:

405 2532 548 2589 beati
576 2534 729 2590 Pauli
763 2540 989 2607 apostoli
1026 2545 1092 2594 ad
1127 2540 1406 2600 Romanos
1437 2565 1452 2601 :
1492 2547 1732 2618 Fratres,
1761 2553 1990 2608 obsecro

410 2641 505 2681 vos
531 2643 630 2696 per
672 2630 1104 2689 misericordiam
1163 2635 1277 2704 Dei,
1315 2654 1478 2709 usque
1515 2643 1571 2697 in
1603 2643 1827 2701 Christo
1858 2647 1987 2703 Jesu

408 2719 639 2775 Domino
669 2731 874 2780 nostro.
906 2723 1261 2798 Evangelium
1295 2735 1594 2804 secundum
1629 2736 1832 2792 Lucam
1867 2754 1986 2810 cap.

406 2811 656 2877 tit,Cnm
715 2814 897 2872 factus
957 2829 1103 2875 esset
1160 2820 1324 2880 Jesus
1385 2841 1653 2883 annorum
1707 2845 1992 2902 mnusque

408 2911 548 2974 apud
581 2905 748 2960 Deum
779 2917 834 2962 et
867 2910 1133 2968 homines.

481 3013 574 3052 λιι
601 2999 727 3054 Kal.
763 2997 1075 3061 Februarii.
1107 3004 1298 3064 Natale
1327 3013 1503 3067 sancti
1537 3012 1734 3072 Felicis
1774 3015 1993 3074 confes-

2085 532 2252 584 usque
2281 530 2442 569 nova.

2159 625 2248 664 xiv
2290 607 2409 662 Kal.
2444 605 2754 663 Februarii.
2788 606 2844 662 in
2884 607 3052 662 natali
3109 607 3292 665 Maria:
3327 621 3385 667 et
3417 614 3674 672 Marthae.

2086 700 2272 754 Lectio
2301 699 2421 754 libri
2449 699 2748 756 Gcncseos.
2781 699 2840 753 ln
2871 699 3067 756 diebus
3100 700 3206 756 illis
3235 703 3531 760 aedificavit
3559 705 3682 762 Noe

2086 795 2256 847 altare
2310 793 2564 856 Domino,
2599 808 2763 862 usque
2794 792 3060 848 diluvium
3109 793 3390 864 dissipans
3443 807 3678 856 terram.

2084 885 2437 955 Evangelium
2468 885 2772 942 secundum
2807 885 3048 942 Marcum
3083 901 3206 956 cap.
3245 904 3396 954 xrtn,
3427 889 3686 949 Venitad

2082 977 2266 1034 J-esum
2299 977 2550 1048 leprosos
2575 979 2878 1048 deprecans
2905 993 3053 1044 eum,
3079 995 3243 1049 usque
3269 995 3390 1049 quae
3420 985 3686 1056 praecepit

2085 1073 2297 1145 Moyses
2323 1077 2378 1128 in
2409 1073 2779 1128 testimonium
2817 1074 2944 1130 illis.

2156 1181 2255 1220 xttt
2317 1165 2440 1220 Kal.
2480 1165 2782 1221 Februarii.
2819 1165 2876 1220 In
2927 1168 3097 1222 natali
3153 1167 3381 1222 Fabiani
3414 1179 3470 1224 et
3502 1170 3686 1225 Seba-

2084 1262 2267 1317 stiani.
2310 1260 2497 1317 Lectio
2531 1262 2660 1317 libri
2699 1261 3014 1334 Sapientiae.
3049 1244 3532 1332 Sapientia‘vincit
3563 1279 3690 1318 ma~

2081 1353 2281 1417 titiam,
2313 1370 2476 1424 usque
2515 1355 2710 1423 quibus
2741 1355 2928 1410 utilius
2970 1354 3110 1410 nihil
3150 1364 3234 1410 est
3275 1355 3328 1412 in
3367 1355 3472 1408 vita
3502 1355 3692 1410 homi-

2086 1447 2266 1501 nibus.
2340 1445 2696 1516 Evangelium
2784 1446 3106 1503 secundum
3155 1445 3468 1502 Matthaaum
3553 1463 3688 1516 cap.

2083 1552 2307 1605 ccum,
2351 1537 2500 1593 Dixit
2547 1537 2708 1595 Jesus
2747 1539 3039 1610 discipulis
3085 1539 3224 1604 suis,
3264 1536 3518 1608 Vigilate,
3549 1537 3698 1607 quia

2089 1634 2316 1690 nescitis
2343 1633 2511 1699 diem,
2539 1649 2700 1704 usque
2728 1634 3023 1689 constituet
3055 1646 3199 1688 eum.

2158 1742 2238 1782 -ιιιι
2267 1726 2390 1781 Kal.
2423 1725 2730 1782 Februarii.
2789 1727 2848 1782 lu
2883 1725 3050 1781 natali
3093 1735 3304 1780 saneta:
3332 1725 3540 1794 Agnes.
3573 1722 3692 1777 Le-

399 1797 548 1860 dam,
579 1815 743 1868 usque
777 1803 868 1872 qui
927 1817 1034 1857 non
1067 1813 1154 1859 est
1201 1805 1493 1861 adversum
1541 1821 1661 1872 vos,
1689 1822 1788 1879 pro
1821 1808 1977 1864 vobis

2120 1817 2207 1873 :tio
2235 1817 2358 1874 libri
2413 1817 2733 1888 Sapientiae.
2761 1819 2897 1873 Cum
2945 1826 3294 1872 tentarentur
3332 1779 3489 1884 justi,
3522 1830 3704 1886 usque

2096 1908 2151 1963 in
2173 1908 2337 1964 finem
2367 1919 2597 1966 eventus
2621 1909 2804 1964 mirati
2837 1917 2985 1966 sunt.
3009 1907 3359 1979 Evangelium
3383 1909 3693 1962 secundum

2095 2001 2409 2058 Matthaaum
2473 2014 2608 2072 cap.‘
2661 2017 2926 2066 ceuvm,
2983 2001 3132 2056 Dixit
3186 1999 3350 2057 Iesus
3401 1998 3696 2067 discipulis

2094 2097 2231 2164 suis,
2271 2095 2460 2151 Simile
2489 2106 2574 2150 est
2601 2110 2824 2167 regnum
2848 2095 3116 2150 calorum
3149 2094 3335 2150 decem
3360 2091 3694 2163 virginibus,

2096 2205 2258 2259 usque
2292 2188 2517 2242 nescitis
2558 2188 2701 2242 diem
2732 2202 2908 2256 neque
2943 2187 3159 2242 horam.

2167 2293 2220 2331 ιι
2251 2277 2374 2331 Kal.
2422 2276 2726 2333 Februarii.
2760 2275 2815 2331 ln
2851 2276 3037 2330 natale
3065 2277 3240 2332 sancti
3277 2275 3553 2333 Vincenti.
3581 2274 3696 2330 Leo

2097 2369 2208 2426 ctio
2265 2369 2388 2424 libri
2452 2368 2772 2438 Sapientim.
2805 2367 3078 2424 Misereris
3133 2367 3712 2432 omnium,Domine,.

2097 2464 2222 2534 quia
2277 2461 2458 2517 omnia
2503 2469 2679 2530 potes,
2729 2477 2894 2531 usque
2931 2461 3160 2515 credant
3214 2461 3265 2514 in
3327 2468 3402 2524 te,
3429 2457 3686 2512 Domine.

2097 2554 2449 2625 Evangelium
2480 2555 2778 2608 secundum
2811 2551 3079 2607 Joannem
3112 2566 3234 2622 cap.
3264 2567 3374 2606 XIV.
3417 2550 3564 2604 Dixit
3591 2550 3688 2605 Je-

2097 2662 2190 2702 sus
2249 2645 2534 2715 discipulis
2589 2647 2726 2710 suis,
2765 2643 2878 2699 Nisi
2913 2659 3141 2714 granum
3193 2644 3450 2696 frumenti
3483 2643 3698 2696 cadens

2100 2740 2151 2792 in
2189 2747 2361 2804 terra,
2393 2753 2554 2808 usque
2578 2735 2743 2792 Pater
2774 2753 2925 2792 meus
2956 2737 3048 2806 qui
3087 2737 3139 2790 in
3172 2735 3324 2790 caelis
3353 2745 3456 2790 est.

2171 2831 2448 2886 Dominica
2492 2845 2530 2885 ιι
2564 2839 2685 2900 post
2715 2829 3142 2899 'l‘heopbaniam.
3187 2827 3371 2882 Lectio
3424 2826 3686 2897 Epistulae

2100 2924 2243 2980 beati
2288 2922 2440 2978 Pauli
2475 2924 2706 2992 apostoli
2741 2921 2808 2977 ad
2864 2921 3164 2977 Romanos.
3195 2918 3439 2986 Fratres,
3467 2921 3684 2975 baben-

2102 3028 2182 3072 tes
2218 3015 2542 3071 donationes
2577 3015 2880 3070 secundum
2914 3015 3170 3084 gratiam,
3193 3029 3356 3082 usque
3387 3013 3690 3066 humilibus

411 3093 552 3148 suris
582 3093 637 3148 in
671 3093 870 3151 Pincis:
915 3096 1106 3154 Lectio
1161 3101 1285 3158 libri
1331 3102 1630 3162 Gcncseos.
1669 3109 1727 3164 ln
1790 3109 1987 3166 diebus
2015 3143 2062 3202 ο
2099 3106 2528 3164 consentientes.
2561 3104 2908 3173 Evangelium
2939 3101 3240 3158 secundum
3264 3101 3529 3156 Joannem
3555 3115 3683 3168 cap.

412 3187 521 3241 illis
551 3186 678 3240 fecit
707 3187 973 3246 Dominus
1021 3191 1166 3249 Deus
1195 3195 1329 3251 Adae
1354 3205 1412 3251 et
1443 3201 1599 3255 uxori
1625 3202 1743 3272 ejus
1776 3205 1991 3259 tunicas

413 3277 690 3344 pelliceas,
713 3295 877 3346 usque
927 3283 995 3336 ad
1042 3289 1462 3346 custodiendam
1493 3293 1634 3346 viam
1671 3294 1800 3365 ligni
1846 3297 1992 3353 vitat.

415 3368 769 3441 Evangelium
821 3379 1120 3432 secundum
1181 3379 1423 3436 Marcum
1471 3398 1595 3453 cap.
1643 3400 1777 3441 cxu.
1829 3387 1998 3444 Erant

418 3465 590 3520 turbae
621 3467 674 3522 in
713 3469 798 3524 via
830 3473 1186 3530 ascendentes
1213 3490 1338 3530 cum
1372 3475 1506 3533 Jesu
1539 3476 1994 3552 Hierosolymam,

415 3574 577 3628 usque
611 3563 769 3616 tertia
805 3563 894 3620 die
930 3574 1197 3635 resurget.

489 3667 624 3708 xvnt
680 3654 805 3709 Kal.
838 3655 1145 3713 Februarii.
1203 3658 1392 3716 Lectio
1443 3661 1566 3718 libri
1603 3663 1898 3722 Gcncseos.
1941 3665 1999 3721 ln

417 3746 606 3801 diebus
635 3747 740 3802 illis
769 3748 970 3803 factum
1002 3758 1085 3805 est
1117 3758 1176 3806 ut
1205 3751 1424 3808 offerret
1451 3753 1586 3810 Cain
1623 3756 1850 3814 Domino
1891 3758 2003 3816 Deo

419 3841 487 3894 de
518 3840 785 3897 fructibus
817 3853 999 3907 terrae,
1040 3860 1202 3915 usque
1249 3847 1340 3916 qui
1389 3849 1660 3905 occiderit
1697 3866 1843 3915 eum,
1877 3867 2002 3923 sep-

421 3932 629 4000 tuplum
684 3933 964 4002 punietur.
993 3931 1344 4005 Evangelium
1395 3941 1694 3993 secundum
1737 3939 2004 4009 Marcum,

421 4041 542 4095 cap.
598 4041 741 4092 cxvt,
775 4024 937 4081 Venit
987 4025 1144 4082 Jesus
1183 4027 1419 4096 Hierico,
1468 4045 1632 4101 usque
1679 4032 2009 4103 sequebatur

423 4133 547 4172 cum
578 4135 632 4172 III
661 4134 773 4174 Vla-

495 4225 606 4264 xvn
644 4210 874 4266 Kalend.
923 4209 1239 4268 Februarii.
1291 4213 1490 4268 Natale
1542 4219 1717 4271 sancti
1769 4216 2010 4274 Marcelli

421 4302 780 4361 confessoris.
827 4303 1016 4359 Lectio
1062 4304 1190 4360 libri
1237 4305 1532 4362 Gcncseos.
1578 4306 1640 4362 In
1679 4310 1869 4364 diebus
1905 4311 2011 4365 illis

425 4397 662 4453 Latnech
713 4398 921 4468 accepit
956 4412 1154 4452 uxores
1207 4397 1361 4463 duas,
1397 4415 1560 4469 usque
1593 4415 1756 4456 onme
1801 4413 2012 4471 tempus

428 4510 538 4564 quo
559 4494 696 4548 vixit
717 4495 890 4549 Adam
921 4497 1055 4549 anni
1094 4495 1355 4564 nongenti
1395 4495 1636 4564 triginta.
1657 4494 2008 4565 Evangelium
2045 4491 2088 4546 D

423 4589 728 4646 secundum
767 4589 1006 4643 Marcum
1033 4604 1156 4658 cap.
1177 4603 1376 4654 cxxxv,
1409 4587 1552 4641 Dixit
1583 4585 1744 4642 Jcsus
1775 4588 2010 4657 discipu-

421 4685 494 4739 lis
524 4684 659 4747 suis,
691 4683 891 4738 Cavete
932 4696 960 4735 a
993 4683 1189 4737 scribis
1215 4683 1305 4752 qui
1331 4682 1518 4736 volunt
1553 4681 1603 4736 in
1641 4681 1796 4736 stolis
1825 4681 2016 4736 ambu-

426 4779 563 4846 lare,
596 4795 754 4848 usque
791 4778 880 4832 hic
918 4777 1195 4847 accipiunt
1221 4774 1486 4846 prolixius
1512 4775 1798 4844 judicium.

497 4889 584 4928 xv:
620 4872 745 4926 Kal.
777 4869 1081 4924 Februarii.
1113 4867 1304 4922 Natale
1335 4869 1509 4924 sancti
1547 4867 1799 4939 Sulpicii.
1827 4866 2014 4923 LeCtio

423 4967 548 5021 libri
605 4963 916 5034 Sapientiae.
967 4962 1145 5030 Super
1191 4962 1422 5016 salutem
1459 4972 1516 5016 et
1569 4962 1805 5033 speciem
1852 4962 2016 5018 dilexi

427 5057 776 5128 sapientiam,
803 5069 962 5122 usque
995 5058 1218 5122 propter
1246 5045 1544 5120 diSciplinae
1567 5052 1711 5106 dona
1737 5066 2019 5107 commcn-

426 5153 562 5208 dati.
610 5148 962 5220 Evangelium
1019 5145 1323 5201 secundum
1381 5146 1626 5200 Marcum
1683 5161 1804 5216 cap.
1846 5161 2016 5213 ειμι,

429 5249 572 5302 Dixit
601 5246 759 5302 Jcsns
793 5243 1079 5316 discipulis
1107 5241 1248 5306 suis,
1279 5238 1416 5295 Cum
1455 5239 1704 5296 videritis
1735 5241 2020 5295 abomina-

431 5343 633 5395 tionem
667 5339 1045 5402 desnlationis,
1073 5351 1236 5406 usque
1265 5342 1487 5404 propter
1508 5333 1716 5389 electos
1747 5348 1886 5402 quos
1913 5331 2021 5388 ele-

433 5435 534 5506 git,
568 5432 838 5488 breviabit
870 5432 1009 5487 dies.

505 5545 575 5582 xv
608 5526 726 5580 Kal.
754 5525 1057 5579 Februarii.
1111 5522 1305 5576 Natale
1340 5531 1545 5576 sanctae.
1573 5520 1794 5579 Priscae.
1835 5521 2024 5578 Lectio

438 5620 564 5673 libri
593 5618 905 5687 Sapientia.
943 5615 1200 5672 Omnium
1237 5613 1436 5669 artifex
1469 5615 1656 5669 docuit
1689 5631 1775 5670 tne
1799 5616 2022 5685 sapien-

440 5711 539 5770 tia,
574 5723 735 5776 usqnc
761 5717 815 5762 et
846 5721 1011 5776 super
1037 5720 1253 5760 onmem
1277 5705 1560 5760 stellarum
1591 5707 2021 5776 dispositionem.

451 5797 682 5867 lic-quire
707 5800 1053 5866 Evangelium
1080 5802 1382 5856 secundum
1413 5798 1720 5858 Mittlncum
1752 5817 1871 5871 cap.
1901 5816 2021 5856 cu.

2101 3215 2256 3264 xvm,
2285 3198 2498 3268 Nuptiae
2527 3196 2684 3252 facta:
2714 3206 2860 3264 sunt,
2886 3210 3050 3265 usque
3085 3194 3439 3249 crediderunt
3473 3193 3524 3246 in
3555 3207 3687 3247 eum

2100 3291 2348 3361 discipuli
2382 3290 2524 3360 ejus.
2820 3362 2827 3369 ο

2173 3403 2204 3440 x
2249 3384 2372 3438 Kal.
2413 3383 2718 3438 Februarii.
2751 3382 2808 3436 In
2844 3380 3018 3435 Natali
3059 3389 3371 3435 sanctorum
3404 3377 3694 3444 Macharii,

2105 3475 2496 3532 Emerentiani.
2524 3471 2712 3526 Lectio
2742 3471 2865 3526 libri
2921 3468 3239 3538 Sapientiae.
3263 3465 3399 3521 Cum
3449 3466 3528 3520 sis
3557 3478 3696 3533 ergo

2076 3570 2303 3640 ‘iustus,
2358 3565 2610 3631 Domine,
2665 3579 2834 3633 usque
2886 3576 3170 3631 speremus
3231 3556 3696 3612 misericordiam.

2107 3661 2464 3730 Evangelinm
2517 3658 2818 3713 secundum
2869 3655 3074 3710 Lucam
3105 3667 3227 3721 cap.
3271 3666 3414 3716 CLV],
3453 3649 3701 3705 Elevatis

2107 3755 2279 3811 oculis
2311 3751 2472 3809 J‘esus
2504 3752 2558 3806 in
2585 3749 2891 3822 discipulos
2911 3763 3062 3813 suos,
3082 3761 3248 3816 usque
3265 3758 3484 3800 merces
3513 3750 3716 3799 vestra.

2112 3847 2276 3902 multa
2313 3857 2397 3902 est
2430 3847 2480 3899 in
2517 3843 2678 3900 caelo.

2182 3957 2236 3996 tx
2289 3937 2411 3994 Kal.
2465 3935 2770 3993 Februarii.
2830 3934 2892 3990 In
2955 3931 3124 3989 natali
3194 3929 3372 3987 sancti
3435 3923 3703 3997 Projeeti.

2113 4033 2301 4088 Lectio
2332 4030 2460 4086 libri
2487 4028 2799 4099 Sapientiae.
2836 4025 3070 4082 Domine
3097 4023 3237 4080 Deus
3265 4031 3475 4084 noster.
3511 4019 3706 4076 suavis

2077 4195 2082 4198 _
2111 4138 2167 4181 et
2198 4140 2364 4181 verus
2397 4139 2476 4190 es,
2508 4138 2674 4193 usque
2709 4120 2868 4176 radix
2907 4127 2998 4174 est
3040 4113 3488 4174 immortalitatis.
3519 4111 3701 4168 Evan-

2113 4218 2314 4290 gelium
2364 4215 2661 4271 secundum
2719 4211 2920 4268 Lucam
2975 4225 3098 4280 cap.
3149 4223 3296 4272 thv,
3350 4205 3494 4266 Dixit
3540 4203 3706 4260 Jesus

2117 4310 2401 4380 discipulis
2433 4307 2568 4374 suis,
2595 4304 2790 4362 Omnis
2813 4303 2905 4374 qui
2935 4302 3086 4359 venit
3109 4300 3178 4360 ad
3209 4313 3318 4366 me,
3347 4313 3507 4369 usque
3533 4310 3707 4367 supra

2121 4411 2299 4474 petra.
3391 4427 3394 4431 -
3565 4443 3568 4446 .

2192 4483 2286 4550 vin
2337 4493 2461 4550 Kal.
2511 4490 2821 4547 Februarii.
2874 4487 3068 4543 Lectio
3125 4486 3250 4541 libri
3297 4483 3601 4540 Gcncseos.
3656 4479 3706 4533 Ιιι

2123 4590 2314 4645 diebus
2345 4589 2453 4642 illis
2483 4587 2620 4642 dixit
2648 4584 2911 4640 Dominus
2944 4583 3012 4637 ad
3038 4579 3176 4645 Noe,
3200 4589 3254 4633 et
3287 4581 3354 4632 ad
3392 4575 3531 4630 [illos
3569 4574 3709 4644 ejus,

2128 4683 2242 4740 lloc
2273 4683 2484 4753 signum
2518 4679 2742 4736 foederis
2770 4676 2910 4746 quod
2938 4673 3010 4729 do
3038 4673 3181 4728 inter
3205 4685 3290 4726 me
3318 4678 3372 4725 et
3407 4683 3522 4729 vos.
3551 4681 3714 4738 usque

2126 4778 2400 4833 universa:
2453 4775 2636 4830 carnis
2692 4787 2810 4841 qua:
2861 4784 3026 4842 super
3075 4780 3302 4823 terram.
3357 4763 3712 4834 Evangelium

2127 4869 2428 4925 secundum
2463 4865 2705 4921 Marcum
2741 4878 2860 4932 cap.
2913 4879 2951 4929 ι,
2987 4861 3250 4934 Egressus
3284 4855 3444 4912 Jesus
3471 4854 3623 4910 venit
3662 4855 3713 4908 in

2128 4963 2360 5033 patriam
2413 4976 2602 5024 suam,
2669 4972 2832 5026 usque
2884 4953 3158 5028 impositis
3203 4951 3458 5006 manibus
3503 4949 3717 5006 curavit

2129 5075 2274 5116 eum.

2201 5166 2276 5206 vti
2308 5149 2432 5205 Kal.
2465 5144 2776 5202 Februarii.
2809 5143 2994 5198 Lectio
3028 5142 3151 5197 libri
3178 5139 3476 5197 Gcncseos.
3513 5138 3572 5191 in
3605 5139 3718 5192 die-

2132 5249 2231 5304 bus
2279 5245 2390 5300 illis
2427 5250 2548 5299 erat
2588 5250 2732 5296 terra
2785 5238 2914 5293 labii
2963 5238 3144 5300 unius,
3181 5244 3236 5290 et
3269 5247 3584 5290 sermomtm
3621 5245 3716 5285 eo-

2135 5341 2406 5406 ruindem,
2440 5352 2605 5407 usque
2635 5347 2799 5404 super
2832 5331 3026 5388 faciem
3057 5337 3380 5386 cunctatum
3414 5327 3716 5400 regionum.

2135 5431 2488 5504 Evangeliqu
2524 5427 2824 5484 secundum
2865 5423 3070 5479 Lucam
3122 5439 3246 5493 cap.
3288 5438 3436 5486 xxvi,
3483 5420 3721 5488 Surgcus

2132 5528 2294 5583 Jesus
2326 5528 2393 5580 de
2428 5539 2727 5598 synagoga,
2766 5538 2933 5592 usque
2960 5529 3176 5591 oportet
3227 5535 3310 5574 me
3339 5515 3718 5590 evangelizare

2137 5633 2359 5689 regnum
2395 5617 2514 5670 Dei.
2585 5603 2588 5605 λ

2209 5725 2257 5762 γι
2295 5707 2416 5762 Kal.
2454 5705 2753 5763 Februarii.
2793 5705 2846 5760 in
2885 5703 3049 5758 natali
3084 5711 3286 5759 sanctm
3321 5702 3498 5768 Agnes
3532 5699 3595 5753 de
3627 5710 3722 5748 na-

2141 5803 2369 5858 tit‘ilale.
2409 5799 2595 5856 Lectio
2627 5797 2752 5853 libri
2787 5797 3080 5852 Gcncseos.
3117 5796 3172 5850 In
3223 5794 3411 5849 diebus
3447 5792 3552 5846 illis
3599 5786 3723 5845 tulit
