3956 6196
263 333 377 399 509

1603 358 1838 420 LIBER
1885 361 2224 430 COMITIS.

3431 385 3534 447 5i0

262 452 446 566 Ihare
475 453 750 566 Abraham
779 459 950 566 lilium
979 477 1162 566 statim,
1195 485 1361 541 usque
1390 473 1460 529 ab
1489 474 1698 533 oriente
1724 477 1843 534 Hai.
1875 483 1926 543 Α
2016 479 2167 537 'Non.
2207 481 2518 541 Februarii.
2552 484 2610 543 ln
2643 489 2812 545 natali
2850 500 3053 548 sancta:
3078 494 3321 566 Agathe.
3353 497 3534 554 Lectio

260 544 618 614 Evangelium
668 554 964 608 secundum
1013 555 1252 616 Marcum
1330 579 1452 635 cap.
1502 582 1617 633 ut,
1667 569 1871 644 Introo‘

406 636 566 694 Iesus
612 639 664 696 in
705 657 1000 720 synagoga,
1042 667 1204 722 usque
1248 658 1500 715 restituta
1529 669 1616 716 est
1655 676 1848 721 manus

257 745 270 781 I
325 746 429 782 ius.

257 745 429 785 unus.

337 842 369 880 v
403 826 520 883 Kal.
553 830 864 890 Februarii.
899 837 1088 896 Lectio
1119 841 1244 898 libri
1287 846 1600 916 Sapientia.
1627 849 1845 906 Iustitia

255 933 526 1014 perpetua
555 934 658 991 est,
689 943 854 999 Itaque
879 931 1063 988 calore
1088 934 1238 1000 illius
1262 950 1571 1008 aggravata.
1597 940 1846 1014 Evange-

253 1011 396 1067 lium
449 1017 746 1073 secundum
795 1020 1112 1080 Matthatum
1157 1042 1279 1098 cap.
1325 1044 1450 1093 cxc.
1490 1029 1640 1088 Dixit
1685 1011 1847 1089 Iesus

163 1163 168 1168 ο
252 1103 549 1176 discipulis
588 1109 724 1169 suis.
771 1111 961 1170 Simile
999 1127 1084 1172 est
1135 1134 1361 1190 regnum
1408 1124 1674 1180 caelorum
1720 1126 1843 1180 the-

251 1213 428 1255 sauro
455 1201 774 1261 abscondito
802 1205 857 1260 in
897 1221 1050 1278 agro,
1083 1227 1248 1282 usque
1279 1229 1415 1270 nova
1443 1226 1498 1272 et
1523 1227 1732 1274 vetera.

334 1292 616 1350 Dotninica
656 1313 714 1352 ιιι
748 1309 870 1368 post
906 1300 1334 1374 Theophaniam.
1369 1307 1558 1366 Lectio
1588 1311 1842 1384 Epistolas

250 1385 404 1441 beati
450 1386 602 1444 Pauli
650 1391 882 1462 apostoli
933 1395 1000 1450 ad
1051 1396 1346 1458 Romanos.
1386 1401 1630 1473 Fratres,
1672 1406 1841 1466 nolite

251 1495 382 1535 esse
411 1483 727 1549 prudentes,
761 1502 926 1557 usque
953 1489 1114 1546 vince
1140 1490 1196 1546 in
1227 1491 1373 1550 bono
1399 1495 1626 1552 malum.
1659 1497 1839 1554 Evan-

249 1573 460 1642 gelium
507 1577 805 1634 secundum
838 1577 1148 1653 hlatthatum
1186 1599 1304 1655 cap.
1351 1603 1508 1654 unt,
1555 1588 1692 1646 Cum
1738 1591 1833 1648 de-

253 1666 562 1720 scendisset
599 1665 761 1724 Iesus
793 1669 861 1726 de
893 1682 1095 1742 monte,
1129 1691 1293 1746 usque
1327 1689 1554 1736 sanatus
1587 1690 1670 1738 est
1703 1697 1838 1752 puer

254 1755 313 1807 in
347 1756 431 1809 illa
467 1758 622 1812 hora.

1953 571 2210 641 Epistulae
2242 575 2384 632 beati
2433 578 2587 634 Pauli
2639 581 2867 651 apostoli
2912 584 2979 639 ad
3029 586 3363 645 Corinthios.
3406 589 3530 644 Fra-

1952 673 2085 732 tres,
2120 669 2213 734 qui
2263 669 2548 738 gloriatur,
2582 674 2637 727 in
2665 673 2900 731 Domino
2932 666 3225 747 glorietur,
3253 698 3414 751 usque
3441 696 3523 738 ex-

1951 755 2140 811 hibere
2183 759 2421 815 Christo.
2465 763 2819 835 Evangelium
2865 771 3175 825 secundum
3223 770 3540 827 Matthmum

1947 861 2072 919 cap.
2103 863 2359 916 CCLXVIII,
2390 851 2532 908 Dixit
2555 853 2718 911 Iesus
2745 855 3029 926 discipulis
3074 861 3188 915 suis
3222 863 3538 932 parabolem

1949 938 2110 1006 hanc,
2133 940 2322 997 Simile
2348 951 2432 999 est
2454 960 2682 1015 regnum
2707 947 2970 1004 caelorum
2996 950 3184 1008 decem
3212 953 3538 1024 virginibus,

1947 1048 2112 1104 usque
2147 1049 2326 1105 neque
2355 1036 2512 1092 hora.

2016 1123 2300 1181 Dominica
2338 1143 2392 1182 tv
2428 1137 2551 1199 post
2597 1129 3029 1201 Theophaniam.
3064 1134 3250 1192 Lectio
3281 1137 3536 1206 Epistula:

1865 1225 1898 1256 ο
1945 1214 2088 1270 beati
2134 1216 2285 1272 Pauli
2317 1220 2544 1288 apostoli
2597 1221 2664 1275 ad
2713 1221 3008 1281 Romanos.
3050 1225 3294 1295 Fratres,
3329 1231 3535 1286 nemini

1941 1308 2242 1379 quidquam
2275 1310 2545 1380 debeatis,
2595 1329 2757 1383 usque
2799 1316 3080 1384 plenitudo
3112 1334 3241 1390 ergo
3287 1321 3419 1393 legis
3449 1333 3534 1378 est

1941 1401 2182 1458 dilectio.
2201 1403 2557 1474 Evangelium
2579 1409 2876 1463 secundum
2896 1408 3212 1468 Matthaum
3235 1428 3357 1482 cap.
3381 1429 3532 1482 utr,

1941 1496 2283 1550 Ascendente
2329 1495 2458 1552 Iesu
2507 1497 2562 1552 in
2614 1500 2899 1568 navicula,
2947 1519 3110 1574 usque
3157 1506 3419 1562 obediunt
3455 1508 3530 1563 ei.

2011 1602 2106 1642 vm
2139 1589 2263 1645 ldus
2290 1589 2596 1647 Februarii.
2623 1590 2812 1648 Lectio
2839 1593 2963 1648 lihri
2997 1596 3290 1654 Geneseos.
3318 1598 3377 1653 ln
3414 1599 3532 1654 die-

1939 1678 2044 1734 bus
2089 1679 2196 1735 illis
2243 1682 2492 1750 apparuit
2541 1682 2808 1739 Dominus
2856 1685 3134 1741 Abraham
3188 1689 3240 1742 in
3283 1688 3532 1744 convalle

1940 1771 2204 1838 Mamhre,
2243 1789 2407 1843 usque
2435 1775 2532 1830 sed
2586 1777 2790 1832 resisti.
2845 1777 3196 1850 Evangelium
3229 1783 3528 1836 secundum

328 1833 529 1903 tv’Kal.
569 1851 872 1910 Februarii.
906 1856 1094 1914 Lectio
1123 1861 1247 1917 libri
1282 1861 1577 1922 Geneseos.
1625 1864 1684 1922 lu
1715 1867 1833 1922 diev
1871 1833 1914 1890 Β
1943 1833 2362 1934 hlarcttttr'cap.
2398 1881 2568 1934 xcv",
2628 1867 2787 1923 Venit
2817 1867 2978 1925 Iesus
2996 1833 3184 1926 utransi
3227 1833 3423 1928 ιγὀιῖιιῆ

255 1944 362 1996 lius
395 1943 500 1998 illis
525 1945 807 2002 descendit
832 1948 1107 2006 Abraham
1139 1952 1190 2007 in
1210 1953 1524 2026 Egyptnm,
1553 1973 1716 2028 usque
1741 1973 1836 2013 ac-

255 2035 380 2104 cipe
411 2050 554 2102 eam,
585 2047 659 2104 ζει
688 2041 846 2098 vade.
889 2041 1243 2115 Evangelium
1294 2048 1598 2104 secundum
1635 2049 1836 2108 Lucam

255 2143 380 2198 cap.
431 2145 625 2194 nam.
657 2131 790 2188 Cum
825 2147 974 2191 esset
1018 2136 1176 2196 Iesus
1213 2143 1268 2195 in
1309 2141 1544 2209 civitate,
1577 2159 1740 2212 usque
1766 2143 1838 2199 ab

257 2220 670 2282 inﬁrmitatibus
709 2227 846 2282 suis.

325 2328 390 2367 ιιι
421 2313 546 2370 Kal.
583 2315 888 2376 Februarii.
923 2322 1109 2380 Lectio
1135 2325 1259 2388 libri
1299 2327 1596 2388 Geneseos.
1629 2328 1686 2384 In
1717 2329 1836 2385 die-

253 2406 358 2460 bus
403 2407 510 2464 illis
559 2414 804 2469 ascendit
837 2415 1112 2472 Abraham
1159 2419 1226 2474 de
1253 2419 1508 2492 Egypto,
1543 2438 1707 2490 usque
1741 2439 1836 2478 ve,

255 2500 533 2556 nientibus
560 2503 627 2558 ad
656 2503 844 2575 Segor.
880 2505 1230 2579 Evangelium
1261 2512 1563 2566 secundum
1592 2511 1832 2571 Marcum

253 2609 378 2663 cap.
410 2611 595 2663 xxxvi,
627 2599 805 2670 Carpit
839 2599 996 2656 Iesus
1020 2602 1220 2660 docere
1251 2603 1315 2657 ad
1349 2621 1518 2671 mare,
1549 2623 1714 2678 usque
1741 2609 1832 2676 qui

254 2687 418 2742 lubet
449 2704 607 2745 aures
639 2691 891 2748 audiendi
917 2695 1125 2750 audiat.

321 2780 506 2834 Pridie
538 2780 658 2836 Kal.
695 2782 1002 2840 Februarii.
1035 2785 1222 2842 Lectio
1265 2789 1388 2844 libri
1434 2789 1732 2846 Geneseos.
1776 2791 1832 2846 ln

253 2873 448 2928 diebus
483 2875 588 2930 illis
635 2875 774 2936 dixit
817 2877 1079 2935 Dominus
1123 2881 1190 2934 ad
1225 2881 1500 2938 Abraham
1543 2894 1833 2953 postquam

253 2969 465 3024 divisus
513 2980 628 3034 est.
680 2985 844 3040 usque
892 2973 1184 3029 tediilcavit
1234 2975 1308 3030 ibi
1361 2976 1532 3032 altare
1581 2978 1832 3034 Domino.

253 3059 606 3130 Evangelium
640 3064 940 3119 secundum
971 3065 1280 3122 Mattltatum
1321 3084 1443 3136 cap.
1476 3085 1656 3137 uxrv,
1718 3070 1826 3126 ιο.

1941 1954 2167 2022 regione
2191 1954 2618 2021 Gerasenorum,
2652 1975 2815 2028 usque
2839 1969 2891 2014 et
2919 1962 3176 2018 misertus
3207 1974 3290 2018 est
3319 1965 3417 2019 tui.

2013 2060 2086 2100 vn
2121 2047 2247 2101 ldus
2281 2046 2587 2103 Februarii.
2627 2048 2815 2106 Lectio
2848 2051 2973 2107 libri
2999 2051 3294 2109 Geneseos.
3325 2057 3382 2110 lu
3412 2055 3528 2110 die-

1938 2139 2042 2195 bus
2083 2139 2192 2196 illis
2238 2140 2378 2196 dixit
2421 2140 2682 2196 Dominus
2729 2145 2796 2196 ad
2844 2143 3149 2210 Abraham,
3183 2145 3321 2200 Num
3352 2147 3529 2202 celare

1939 2238 2128 2300 potero
2155 2231 2251 2287 tibi
2275 2245 2399 2300 quae
2421 2243 2679 2302 gesturus
2708 2248 2852 2299 sum,
2883 2250 3047 2306 usque
3078 2246 3133 2291 et
3158 2237 3248 2290 ille
3277 2251 3528 2294 reversus

1939 2322 2104 2378 estin
2135 2323 2314 2378 locum
2361 2338 2541 2380 suum.
2586 2324 2938 2396 Evangelium
2985 2332 3287 2383 secundum
3320 2327 3525 2384 Lucam

1938 2429 2059 2484 cap.
2087 2413 2253 2478 cxvii,
2289 2413 2514 2470 Factum
2545 2425 2628 2470 est
2665 2417 2944 2487 deinceps,
2973 2418 3082 2473 ibat
3123 2417 3281 2475 Iesus
3308 2421 3363 2474 in
3391 2420 3529 2475 civi-

1938 2515 2104 2562 tatem
2137 2522 2260 2576 qua:
2291 2515 2520 2564 vocatur
2541 2501 2730 2577 ’Naim,
2758 2525 2924 2579 usque
2965 2510 3175 2579 plebem
3207 2526 3383 2567 suam.

2013 2615 2062 2654 vr
2115 2601 2243 2656 ldus
2289 2600 2600 2657 Februarii.
2631 2599 2689 2656 In
2723 2603 2891 2657 natali
2921 2602 2979 2658 S.
3009 2602 3233 2658 Thomas
3274 2603 3482 2674 aposto!
3509 2647 3526 2660 .

1937 2691 2126 2748 Lectio
2176 2691 2432 2763 Epistula:
2464 2694 2610 2748 beati
2653 2694 2809 2748 Pauli
2857 2695 3090 2764 apostoli
3131 2695 3198 2749 ad
3241 2693 3524 2765 Ephesios,

1936 2783 2057 2840 Iam
2105 2800 2212 2840 non
2255 2787 2388 2842 estis
2421 2787 2665 2857 hospites
2691 2798 2746 2842 et
2783 2789 3028 2849 advena.
3055 2803 3222 2857 usque
3247 2787 3531 2842 habitacu-

1939 2877 2050 2934 lum
2081 2879 2175 2934 Dei
2208 2879 2262 2933 in
2314 2878 2519 2948 Spiritu
2569 2891 2782 2936 sancto.
2817 2880 3178 2950 Evangelium
3224 2882 3526 2936 seetmdum

1936 2970 2200 3026 Joannem
2245 2987 2370 3042 cap.
2413 2988 2637 3040 currv,
2681 2973 2798 3028 Hoc.
2839 2981 2925 3028 est
2961 2981 3290 3043 praeceptum
3325 2987 3526 3038 meum,

1941 3081 2102 3133 usque
2133 3066 2370 3120 oderunt
2401 3081 2489 3120 me
2517 3067 2708 3138 gratis.

252 3163 456 3221 quente
482 3151 612 3216 Iesu
645 3155 712 3210 ad
757 3157 966 3220 turbas,
1000 3174 1166 3227 usque
1197 3161 1253 3215 in
1287 3161 1598 3218 universam
1631 3171 1831 3219 terram
1857 3157 1904 3220 C
2009 3172 2040 3209 ν
2067 3157 2190 3212 ldus
2217 3157 2521 3213 Februarii.
2549 3158 2738 3214 Lectio
2763 3158 2892 3214 libri
2921 3158 3218 3214 Geneseos.
3243 3157 3302 3211 in
3331 3156 3528 3211 diebus

250 3247 424 3304 illam.

320 3341 442 3397 Kal.
476 3324 781 3400 Februarii.
811 3343 869 3399 ln
903 3345 1071 3400 natali
1099 3357 1300 3404 sanctae
1331 3347 1562 3418 Brigidae
1588 3349 1830 3420 virginis.

253 3431 440 3486 Lectio
472 3433 596 3488 libri
629 3433 945 3504 Sapientiae.
973 3435 1236 3491 Creatura
1284 3438 1378 3492 tibi
1423 3438 1616 3495 iac-tori
1649 3441 1834 3496 deser-

253 3524 432 3590 viens,
463 3541 628 3594 usque
653 3525 842 3597 Magna
869 3528 1013 3582 enim
1047 3539 1172 3584 sunt
1197 3530 1400 3600 judicia
1438 3541 1550 3597 tua,
1580 3531 1829 3599 Domine,
1890 3593 1899 3601 _

249 3627 305 3670 ct
333 3616 720 3674 inenarrabilis
769 3633 936 3689 opera
985 3628 1100 3675 tua.
1135 3621 1484 3692 Evangeiium
1529 3624 1830 3678 secundum

207 3705 478 3778 VLucam,
521 3723 644 3780 cap.
693 3727 895 3771 Lxxtx.
949 3711 1093 3766 Dixit
1144 3711 1306 3769 Iesus
1349 3715 1631 3783 discipulis
1680 3716 1830 3780 suis,

247 3797 418 3854 ﬁcum
466 3803 774 3859 accendens
825 3805 1145 3872 lucernam,
1208 3823 1374 3877 usque
1433 3806 1710 3864 auferetur
1765 3809 1832 3864 ab

246 3893 361 3947 illo.

315 4001 373 4042 tv
401 3985 588 4042 Nonas
611 3987 918 4042 Februarii.
947 3989 1004 4044 in
1037 3990 1417 4059 puriﬁcatione
1448 3992 1622 4048 beatae
1651 3992 1830 4056 Maria:

248 4079 514 4150 Virginis.
553 4078 746 4136 Lectio
793 4081 919 4136 libri
975 4081 1288 4152 Sapientiae.
1323 4081 1379 4138 In
1439 4085 1693 4140 omnibus
1742 4101 1832 4141 re-

247 4174 432 4242 quiem
452 4174 704 4242 quaesivi,
727 4190 892 4244 usque
912 4177 1056 4232 dedit
1077 4178 1400 4232 suavitatem
1427 4178 1636 4234 odoris.
1655 4178 1832 4234 Evan-

246 4267 446 4334 gelium
483 4269 781 4321 secundum
819 4268 1019 4324 Lucam
1068 4285 1191 4340 cap.
1236 4287 1319 4336 ιιι,
1351 4271 1577 4338 Accepit
1609 4271 1830 4328 Simeon

245 4359 428 4416 Iesum
459 4359 513 4414 in
545 4359 703 4414 ulnas
737 4376 886 4425 suas,
915 4378 1083 4432 usque
1123 4365 1299 4432 gratia
1341 4364 1437 4418 Dei
1467 4375 1586 4419 erat
1617 4365 1671 4419 in
1713 4365 1829 4419 illo.

246 4451 375 4506 Item
426 4450 580 4506 aliud
627 4449 979 4524 Evangelium
1028 4455 1330 4510 secundum
1387 4455 1624 4520 Lucam,
1667 4455 1831 4511 Post-

1939 3247 2044 3303 illis
2075 3256 2340 3302 venerunt
2381 3249 2489 3302 duo
2517 3250 2694 3318 angeli
2731 3249 3048 3314 Sodomam,
3079 3264 3246 3319 usque
3273 3247 3411 3303 Loth
3443 3248 3527 3301 in-

1935 3355 2160 3410 gressus
2203 3349 2290 3395 est
2339 3338 2534 3410 Segor.
2586 3340 2936 3410 Evangeiiom
2983 3341 3282 3395 secundum
3324 3339 3524 3393 Lucam

1937 3448 2060 3502 cap.
2081 3449 2274 3499 Larix,
2293 3435 2525 3502 cogehat
2547 3432 2734 3488 Iesum
2759 3433 2983 3502 quidam
3008 3432 3337 3497 Pharisaaus,
3367 3447 3528 3502 usque

1935 3526 2127 3580 dilexit
2161 3526 2408 3581 multum.

2009 3631 2061 3669 tv
2101 3617 2228 3672 ldus
2278 3617 2584 3674 Februarii.
2633 3617 2690 3672 In
2740 3618 2908 3673 natali
2960 3628 3272 3674 sanctorum
3325 3616 3528 3681 Zotici,

1936 3709 2156 3774 Erenei,
2202 3708 2458 3774 Iacincti,
2490 3711 2736 3776 Amanti,
2779 3721 2837 3768 et
2885 3711 3120 3767 Soteris.
3173 3711 3363 3766 Lectio
3396 3711 3522 3764 libri

1935 3801 2246 3869 Sapientiae.
2278 3799 2469 3855 Omnis
2494 3813 2747 3857 creatura
2775 3803 2844 3856 ab
2877 3803 3033 3857 initio
3059 3803 3125 3856 ad
3163 3817 3320 3856 suum
3352 3817 3527 3870 genus

1933 3891 2352 3959 reﬁgurnbatur,
2389 3907 2554 3961 usque
2597 3892 2866 3948 assistens
2899 3891 3003 3946 eis.
3037 3891 3390 3959 Evangelium
3432 3904 3524 3945 se-

1933 3985 2173 4040 cundum
2224 3982 2424 4037 Lucam
2474 3997 2600 4053 cap.
2628 3997 2742 4050 ctv,
2774 3983 2998 4037 Factum
3037 3994 3122 4038 est
3165 3989 3346 4036 autem
3392 3981 3522 4037 dum

1935 4077 2337 4144 complerentur
2365 4076 2484 4130 dies
2529 4075 2922 4146 assumptionis
2951 4073 3122 4146 .Iesu,
3167 4090 3332 4142 usque
3375 4073 3528 4129 abie-

1934 4179 2062 4223 runt
2093 4169 2144 4222 in
2177 4168 2324 4224 aliud
2355 4169 2664 4225 castellum.

2007 4278 2063 4316 ιιι
2108 4263 2234 4318 ldus
2268 4263 2572 4318 Februarii.
2607 4262 2798 4318 Lectio
2827 4263 2956 4318 lihri
2989 4261 3285 4318 Geneseos.
3321 4261 3377 4316 ln
3411 4261 3526 4316 die-

1934 4356 2037 4408 bus
2082 4351 2187 4408 illis
2223 4355 2502 4422 proiectus
2535 4362 2620 4408 est
2649 4353 2927 4410 Abraham
2982 4355 3037 4408 in
3071 4363 3273 4408 terram
3306 4359 3525 4409 austra-

1933 4445 2067 4513 lem,
2093 4463 2258 4516 usquc
2283 4463 2408 4503 cum
2441 4447 2554 4502 tilio
2587 4462 2708 4503 meo
2737 4447 2906 4502 Isaac.
2940 4446 3290 4518 Evangeliqu
3322 4462 3520 4501 secun-

243 4558 404 4610 quam
453 4541 575 4596 dies
616 4545 959 4615 ρυτεειίοηξε
1008 4545 1150 4618 eius,
1183 4563 1347 4617 usque
1377 4547 1604 4618 gloria.“
1656 4548 1832 4618 plebis
1861 4533 1910 4589 ιι
1937 4539 2066 4598 dum
2096 4539 2337 4596 Marcum
2359 4554 2483 4610 cap.
2511 4553 2668 4604 thn,
2691 4537 2894 4594 Exiens
2917 4538 3076 4594 Iesus
3095 4539 3164 4594 de
3191 4537 3338 4602 navi,
3361 4553 3526 4606 usque

243 4645 350 4691 tute
385 4634 577 4690 Israel.

314 4745 375 4784 ιιι
409 4728 552 4782 Non.
586 4727 894 4783 Februarii.
927 4729 1118 4786 Lectio
1150 4730 1271 4785 libri
1307 4731 1600 4787 Geneseos.
1634 4731 1692 4786 ln
1721 4733 1834 4786 die-

245 4824 345 4876 bus
398 4823 511 4876 illis
565 4820 962 4877 Melchisedech
1012 4838 1106 4877 rex
1158 4822 1337 4878 Salem
1389 4824 1629 4880 occurrit
1659 4826 1834 4878 Abra-

244 4919 467 4968 tiamoa
532 4913 680 4968 caede
732 4929 922 4984 regum
991 4916 1326 4986 revertenti,
1391 4931 1589 4985 panem
1650 4917 1833 4985 proie-

243 5023 367 5063 rena
439 5016 497 5061 et
525 5007 734 5072 vinum,
794 5023 960 5078 usque
1003 5017 1315 5076 reputatum
1347 5019 1431 5064 est
1467 5009 1542 5062 illi
1579 5010 1645 5063 ad
1671 5009 1834 5080 jnsri-

241 5099 394 5155 tiam.
465 5098 823 5169 Evangelium
880 5101 1180 5154 secundum
1239 5097 1477 5154 Marcum
1531 5115 1648 5170 cap.
1703 5117 1830 5164 xu,

237 5192 391 5247 Dixit
419 5190 585 5248 Iesus
613 5193 901 5250 discipulis
939 5193 1054 5249 suis
1089 5201 1143 5248 et
1175 5193 1370 5260 turbis,
1403 5209 1565 5263 usque
1593 5193 1829 5247 dissere-

237 5286 332 5340 bat
363 5286 573 5340 omnia.

308 5377 499 5433 Pridie
529 5376 676 5433 Non.
717 5378 1023 5434 Februarii.
1057 5377 1250 5435 Lectio
1279 5379 1404 5434 libri
1442 5377 1736 5434 Geneseos.
1769 5378 1827 5433 in

232 5475 436 5528 diebus
488 5473 638 5536 illis,
706 5483 990 5542 postquam
1043 5474 1341 5543 nonaginta
1393 5486 1662 5526 annorum
1709 5486 1829 5526 esse

235 5575 490 5634 cmperat
524 5564 826 5628 Abraham,
861 5582 1026 5636 usque
1071 5567 1277 5634 pariter
1316 5564 1624 5620 circumcisi
1675 5575 1825 5620 sunt.

237 5659 599 5729 Evangelium
630 5661 932 5716 secundum
960 5659 1160 5716 Lucam
1188 5674 1310 5730 cap.
1339 5673 1572 5725 uxvm,
1605 5659 1830 5714 Dicebat

236 5751 406 5807 Iesus
437 5751 750 5822 parabolatu
783 5753 1086 5821 intendens,
1125 5771 1288 5825 usque
1331 5768 1523 5826 panem
1559 5753 1612 5808 in
1663 5769 1826 5824 regno

1939 4633 2074 4687 abiit
2103 4634 2159 4688 in
2197 4643 2434 4689 montem
2465 4647 2647 4687 orare.

2007 4723 2191 4780 Pridie
2223 4726 2344 4780 idus
2388 4724 2696 4780 Februarii.
2728 4724 2920 4780 Lectio
2960 4723 3080 4778 libri
3128 4722 3426 4778 Geneseos.
3465 4723 3521 4776 ln

1936 4815 2134 4872 diebus
2156 4814 2267 4871 illis
2289 4818 2614 4886 deprecatus
2636 4825 2719 4872 est
2744 4818 2896 4871 lsaac
2925 4816 3209 4870 Dominum
3235 4830 3333 4884 pro
3355 4828 3523 4868 uxore

1935 4924 2076 4975 sua,
2129 4925 2296 4980 usque
2347 4910 2747 4978 parvipendens
2795 4909 2940 4978 quod
2992 4908 3354 4978 primogenita
3391 4921 3520 4959 ven-

1937 5007 2190 5060 didisset.
2245 5004 2604 5076 Evangelium
2674 5005 2973 5060 secundum
3037 5003 3344 5057 Mat‘thacum
3393 5015 3518 5070 cap.

1935 5113 2104 5162 xcvn,
2139 5096 2378 5166 Vespere
2416 5109 2599 5152 autem
2635 5095 2804 5164 iacto,
2863 5112 3027 5165 usque
3058 5095 3301 5165 quinque
3350 5093 3522 5146 millia

1934 5193 2240 5252 hominum.
2942 5248 2946 5252 ι

2007 5285 2292 5340 Dotninica
2326 5300 2356 5335 v
2389 5295 2513 5356 post
2544 5284 2975 5354 Theophaniam.
3025 5280 3214 5336 Lectio
3260 5279 3522 5350 Epistolas.-

1935 5380 2080 5435 beati
2120 5380 2274 5435 Pauli
2318 5379 2554 5450 apostoli
2590 5380 2656 5434 ad
2693 5377 3240 5433 Thessalonicenses.
3276 5374 3516 5438 Fratres,

1935 5474 2147 5530 induite
2203 5489 2300 5529 vos
2371 5474 2658 5544 sicutobei
2709 5473 2903 5537 electi,
2959 5486 3124 5541 usque
3181 5486 3276 5540 per
3332 5467 3516 5523 Iesum

1931 5568 2211 5625 Christum
2261 5567 2551 5622 Dominum
2601 5576 2868 5622 nostrum.
2914 5563 3266 5635 Evangelinm
3317 5577 3517 5619 secun-

1934 5664 2062 5715 dum
2099 5659 2410 5716 Matthamm
2463 5677 2587 5731 cup.
2635 5676 2723 5727 ον,
2778 5657 3099 5731 Respiciens
3145 5655 3304 5714 Iesus
3353 5656 3514 5719 dixit.

1931 5753 2212 5808 Conﬁteor
2279 5753 2398 5822 tibi,
2451 5752 2636 5821 Pater,
2690 5753 2920 5810 Domine
2970 5751 3116 5821 caeli,
3165 5767 3328 5824 usque
3373 5764 3516 5806 onus

1937 5862 2114 5904 meum
2138 5845 2271 5902 leve.
2639 5842 2648 5852 “
