3934 6188
478 302 576 371 Sil

1400 304 1464 364 S.
1500 303 1950 364 I-llERONYh-ll
1993 299 2317 366 OPERUM
2359 306 2762 368 MANTISSK.

3617 299 3724 364 είίὲ

547 421 674 477 ldus
707 419 1022 474 Februarii-
1046 417 1234 474 Lectio
1268 416 1399 473 libri
1423 417 1718 474 Gencseos.
1754 418 1810 472 lu
1857 419 2050 474 diebus
2079 428 2125 480 Α
2157 437 2318 490 usque
2369 435 2620 474 reversus
2667 427 2751 474 est
2803 419 2855 473 in
2909 419 3086 472 locum
3140 433 3319 472 suum.
3381 415 3730 488 Evangelium

474 514 580 568 illis
609 524 725 568 orta
773 521 950 565 autem
999 509 1142 565 fame
1191 524 1356 580 super
1393 518 1620 574 terram,
1669 527 1830 580 usque
1875 511 2046 566 donec

477 621 704 676 magnus
747 603 1099 658 vehementer
1143 601 1368 655 effectus
1415 609 1521 656 est.
1553 601 1906 670 Evangelium
1958 614 2048 658 se-

476 699 714 752 cundum
757 694 1071 749 Matthteum
1107 708 1226 762 cap.
1259 707 1402 758 cur,
1444 692 1806 746 Accesserant.
1857 692 1921 746 ad
1951 691 2048 747 Je-

474 804 593 844 sum
627 788 695 842 ab
724 785 1142 856 Hierusolymis,
1174 801 1338 854 usque
1371 799 1480 840 non
1516 784 1844 852 coinquinat
1871 784 2046 838 homi-

477 895 624 934 nem.

547 987 635 1026 xvi
671 970 796 1024 Kal.
828 969 1030 1024 Martii.
1081 969 1135 1024 In
1188 969 1354 1022 natali
1403 977 1719 1022 sanctorum
1748 967 2048 1035 Valentini,

480 1062 692 1138 Vitalis,
721 1061 995 1127 Feliculae,
1042 1068 1096 1116 et
1142 1060 1398 1114 Zenonis.
1429 1059 1618 1114 Lectio
1661 1062 1784 1116 libri
1821 1062 2050 1132 Sapien-

2153 513 2454 566 secundum
2497 512 2697 566 Lucam
2750 525 2872 580 cap.
2912 525 3061 573 cux,
3097 507 3299 564 Servus
3343 510 3432 575 qui
3481 511 3728 577 cogitavit

2153 603 2494 657 voluntatem
2533 602 2736 658 domini
2785 601 2893 666 sui,
2939 617 3100 672 usque
3142 611 3196 656 et
3224 617 3393 656 nurus
3426 601 3476 654 in
3514 617 3728 656 socrum

2153 710 2330 750 suam.

2227 783 2477 842 vnr-Kal.
2523 783 2724 838 Martii.
2757 784 2816 839 in
2860 787 3116 840 cathedra
3148 785 3320 840 sancti
3349 784 3516 841 Petri.
3549 785 3729 840 Lectio

2155 881 2277 936 libri
2315 879 2628 948 Sapientiae.
2657 877 2779 941 Fili,
2807 877 2866 932 in
2893 878 3308 934 mansuetudine
3337 877 3541 948 perfice
3570 895 3724 947 opera

2156 986 2286 1040 tua,
2334 989 2497 1043 usque
2543 971 2800 1028 exaudiet
2850 983 3030 1027 autem
3077 988 3198 1026 eum
3249 973 3340 1042 qui
3384 971 3511 1027 fecit
3563 972 3724 1026 illum.

2155 1067 2508 1135 Evangelium
2543 1065 2842 1120 secundum
2873 1065 3074 1119 Lucam
3110 1079 3230 1134 cap.
3261 1079 3464 1128 cum,
3513 1063 3728 1118 Dicebat

480 1153 584 1206 tite.
632 1151 936 1208 Metuentes
971 1143 1278 1214 Dominum,
1311 1151 1575 1205 sustinete
1623 1152 2049 1210 misericordiam
2079 1155 2122 1196 ⁸
2153 1159 2348 1226 Jesus,
2400 1157 2499 1213 Gui
2550 1166 2635 1213 est
2681 1157 2860 1212 simile
2907 1172 3129 1226 regnum
3166 1158 3287 1224 Dei,
3334 1173 3496 1226 usque
3534 1156 3730 1212 stridOr

477 1244 613 1312 ejus,
647 1260 807 1312 usque
835 1244 914 1297 sic
941 1252 994 1297 et
1029 1242 1409 1296 misericordia
1451 1242 1568 1312 ejus
1597 1257 1719 1297 cum
1753 1259 1841 1302 eo.
1877 1245 2054 1301 Evan-

478 1340 676 1407 gelium
705 1338 1001 1394 secundum
1048 1336 1249 1392 Lucam
1295 1352 1419 1406 cap.
1461 1352 1606 1402 xcvi,
1641 1337 1864 1394 Dicebat
1891 1340 2054 1399 Jesus

481 1430 758 1498 discipulis
794 1429 930 1485 suis.
967 1428 1022 1483 Si
1063 1429 1185 1498 quis
1220 1428 1331 1482 vult
1362 1437 1484 1497 post
1529 1443 1614 1482 me
1651 1432 1856 1497 venire,
1890 1449 2055 1501 usque

481 1522 652 1576 donec
682 1524 863 1577 veniat
899 1539 1118 1590 regnum
1154 1524 1272 1580 Dei.

555 1630 622 1667 xv
655 1615 772 1670 Kal.
810 1615 1014 1672 Martii.
1051 1616 1242 1672 Lectio
1282 1618 1412 1674 libri
1440 1621 1735 1677 Geneseos.
1770 1621 1826 1674 In
1865 1622 2056 1677 diebus

486 1704 602 1778 illis,
643 1722 898 1778 egressus
939 1707 1107 1764 Iacob
1159 1710 1232 1765 de
1277 1710 1560 1777 Bersabee,
1611 1731 1775 1783 usque
1817 1715 2056 1768 decimas

485 1797 706 1872 «(feram
759 1800 875 1856 tibi.
927 1800 1274 1871 Evangelium
1329 1807 1628 1858 secundum
1680 1806 1881 1860 Lucam
1932 1823 2054 1878 cap.

485 1905 714 1956 cxxxm,
748 1891 974 1948 Factum
1004 1904 1088 1948 est
1127 1896 1180 1950 in
1227 1911 1332 1950 una
1382 1898 1614 1965 dierum,
1644 1914 1807 1968 usque
1855 1910 2058 1970 quanta

487 1982 592 2036 illis
622 1981 779 2038 Jesus
812 1983 1050 2040 fecisset.

559 2089 650 2128 xiv
681 2076 808 2129 Kal.
859 2075 1058 2132 Martii.
1111 2077 1301 2134 Natale
1351 2091 1665 2138 sanctorum
1717 2083 1956 2139 Onesimi
2005 2093 2062 2139 et

485 2163 712 2220 Juliante
740 2168 981 2238 virginis.
1006 2169 1193 2226 Lectio
1221 2173 1340 2228 libri
1367 2174 1675 2241 Sapientitr.
1704 2174 1826 2230 Filii
1848 2177 2062 2245 sapien-

489 2260 577 2313 tiae
629 2260 859 2345 ecclesia
897 2262 1193 2330 justorum,
1246 2282 1412 2337 usque
1448 2268 1659 2336 iustitia
1705 2269 2062 2323 aedilicabitur

491 2354 606 2406 tibi.
659 2352 1010 2424 Evangelium
1049 2359 1349 2414 secundum
1407 2360 1717 2416 Matthaeum
1771 2377 1892 2430 cap.
1939 2378 2061 2417 exc.

493 2445 632 2498 Dixit
657 2434 816 2503 Iesus
839 2448 1120 2515 discipulis
1151 2451 1267 2504 suis
1297 2451 1612 2519 parahoiam
1655 2455 1796 2509 hanc
1828 2471 1843 2509 :
1875 2455 2064 2509 Simile

487 2546 571 2591 est
623 2553 844 2606 regnum
893 2539 1156 2595 calorum
1210 2542 1468 2599 thesauro
1515 2545 1854 2612 abscondito,
1905 2563 2064 2618 usque

489 2645 625 2683 ηονθ
659 2640 713 2685 et
747 2639 952 2690 vetera.

562 2737 657 2776 xm
707 2723 828 2778 Kal.
875 2723 1075 2780 Martii.
1108 2725 1162 2780 ln
1199 2727 1366 2782 natali
1413 2730 1590 2784 sancti
1639 2729 1904 2785 Policioni
1945 2731 2063 2800 epi-

491 2816 663 2884 scopi.
689 2815 873 2871 Lectio
899 2817 1020 2872 libri
1046 2818 1338 2875 Geneseos.
1362 2820 1424 2874 ln
1446 2822 1637 2877 diebus
1657 2824 1765 2878 illis
1791 2824 2066 2890 profectus

490 2915 572 2959 est
598 2905 790 2972 Jacob,
825 2909 972 2964 venit
1019 2911 1086 2964 ad
1129 2922 1326 2966 terram
1358 2913 1700 2978 orientalem,
1751 2931 1910 2984 usque
1952 2929 2067 2969 ser-

496 2999 643 3052 \icns
673 3002 814 3067 apud
845 3015 967 3054 eum
1004 3011 1207 3070 Septem
1257 3004 1438 3076 annis.
1485 3003 1839 3071 Evangelium
1870 3019 2066 3058 secun-

492 3093 620 3144 dum
657 3091 892 3147 Marcum
943 3110 1061 3163 cap.
1111 3109 1288 3158 Lxxtt,
1339 3095 1580 3164 Surgens
1627 3096 1787 3153 Jesus
1832 3097 1967 3152 abiit
2011 3097 2066 3151 in
2093 3089 2136 3146 C

497 3185 630 3238 lines
656 3184 806 3252 Tyri,
838 3202 999 3256 usque
1023 3189 1348 3243 daemonium
1379 3190 1559 3245 exisse
1585 3191 1652 3242 ab
1677 3206 1763 3244 eo.

565 3294 642 3332 xu
672 3275 792 3331 Kal.
839 3277 1038 3332 Martii.
1071 3278 1257 3335 Lectio
1298 3281 1420 3334 libri
1458 3280 1752 3336 Geneseos.
1788 3281 1843 3336 In
1878 3281 2071 3336 diebus

499 3370 608 3423 illis
641 3371 830 3425 videns
875 3370 1139 3427 Dominus
1180 3373 1324 3442 quod
1367 3374 1670 3442 despiceret
1697 3373 1868 3429 Jacob
1898 3373 2068 3437 Liam,

501 3480 664 3534 usque
707 3464 997 3532 appellavit
1024 3481 1149 3520 eum
1174 3465 1362 3520 Asser.
1392 3465 1742 3536 Evangelium
1775 3473 2070 3522 secundum

503 3555 702 3612 Lucam
757 3571 881 3626 cap.
935 3572 1138 3622 cxvnt,
1210 3557 1509 3613 Exsullavit
1556 3556 1714 3613 Jesns
1768 3560 1824 3612 in
1877 3561 2072 3629 spiritu

501 3663 713 3716 saneto,
755 3667 916 3720 usque
961 3649 1149 3705 audire
1191 3665 1311 3720 quae
1359 3651 1589 3706 audistis
1640 3662 1696 3706 et
1734 3665 1839 3706 non
1890 3652 2075 3708 audie-

572 3854 624 3892 xt
661 3838 779 3893 Kal.
831 3839 1028 3894 Martii.
1065 3839 1250 3895 Lectio
1281 3839 1404 3893 libri
1447 3837 1741 3893 Geueseos.
1777 3838 1834 3892 in
1885 3837 2077 3893 diebus

502 3934 609 3988 illis
650 3949 902 4003 egressus
941 3931 1128 3987 Ruben
1177 3941 1419 4000 tempore
1450 3932 1647 3987 messis
1694 3932 1888 3997 tritici,
1915 3948 2078 4000 usque

501 4025 771 4093 separatis
804 4023 943 4076 inter
975 4038 1032 4076 se
1078 4021 1350 4092 gregibus.
1391 4022 1744 4092 Evangelium
1776 4023 2074 4078 secundum

505 4115 704 4170 Lucam
757 4131 879 4183 cap.
921 4131 1154 4180 cxxxtv,
1205 4115 1353 4168 Dixit
1399 4113 1556 4170 Jesus
1602 4117 1884 4187 discipulis
1932 4123 2074 4185 suis,

505 4207 750 4260 Lucerna
781 4206 1026 4275 corporis
1054 4207 1126 4259 tui
1162 4217 1245 4260 cst
1271 4207 1463 4262 oculus
1493 4217 1637 4275 tuus,
1666 4225 1829 4280 usque
1857 4211 2074 4266 lucerna

505 4298 728 4364 fulgoris
763 4297 1094 4352 illnminabit
1131 4310 1205 4352 te.

2153 1255 2430 1310 dentium.‘

2227 1363 2299 1405 vn
2333 1350 2450 1406 Kal.
2502 1351 2700 1407 Martii.
2736 1350 2921 1406 Lectio
2955 1349 3076 1403 libri
3123 1346 3417 1402 Geneseos.
3455 1345 3511 1400 tn
3549 1346 3732 1401 diebus

2158 1441 2264 1496 illis
2307 1444 2438 1497 abiit
2465 1443 2633 1499 Jacob
2665 1445 2857 1498 itinere
2891 1458 2998 1511 quo
3029 1450 3291 1511 cmperat,
3339 1457 3501 1510 usque
3535 1451 3730 1510 quanto

2160 1537 2334 1603 magis
2369 1547 2560 1590 contra
2601 1535 2850 1590 homines
2883 1534 3217 1603 praevalebit.
3263 1532 3611 1600 Evangelium
3646 1547 3730 1587 se-

2159 1624 2398 1677 cundum
2452 1624 2656 1678 Lucam
2707 1640 2826 1694 cap.
2879 1639 3082 1689 eum,
3134 1623 3278 1677 Dixit
3327 1622 3488 1677 lesus
3541 1624 3730 1688 turbis,

2159 1713 2294 1768 Cum
2338 1717 2584 1771 videritis
2615 1716 2912 1780 Abraham,
2949 1731 3114 1784 usque
3155 1731 3261 1769 non
3292 1714 3440 1783 capit
3471 1717 3727 1784 propheta

2165 1808 2341 1877 perire
2371 1819 2522 1863 extra
2561 1807 2922 1862 Hierusalem.

2232 1916 2286 1955 vt
2321 1900 2441 1954 Kal.
2476 1899 2678 1955 Martii.
2713 1900 2904 1956 Lectio
2933 1900 3054 1954 libri
3101 1897 3392 1954 Geneseos.
3438 1899 3498 1953 In
3550 1898 3731 1954 diebus

2165 1993 2271 2048 illis
2325 1993 2686 2064 interrogavit
2751 1993 2918 2049 Jacob
2975 1996 3222 2064 angelum
3276 1993 3367 2064 qui
3435 1994 3732 2048 luctabatur

2161 2098 2287 2138 cum
2322 2098 2406 2150 eo,
2442 2101 2603 2155 usque
2644 2086 2779 2140 urbe
2830 2086 3159 2140 Sicimorum
3203 2101 3323 2154 quae
3355 2095 3439 2139 est
3490 2087 3542 2137 in
3595 2094 3732 2137 terra

2161 2174 2444 2230 Chanaan.
2473 2175 2824 2246 Evangelium
2854 2179 3156 2232 secundum
3198 2176 3395 2231 Lucam
3428 2190 3551 2245 cap.
3575 2192 3724 2237 Lxxx,

2151 2267 2386 2340 Dicebat
2418 2267 2578 2324 Jesus
2616 2268 2667 2323 ei
2714 2269 2818 2338 qui
2847 2284 2908 2325 se
2957 2270 3308 2333 invitaverat,
3354 2270 3518 2337 usque
3549 2271 3729 2322 beatus

2165 2364 2254 2432 qui
2288 2360 2579 2416 manducat
2611 2373 2805 2430 panem
2841 2362 2893 2414 in
2927 2374 3093 2431 regno
3131 2359 3243 2413 Dei.

2235 2471 2268 2508 v
2301 2453 2421 2508 Kal.
2445 2515 2449 2521 ,
2473 2454 2673 2508 Martii.
2726 2454 2920 2508 Lectio
2962 2453 3084 2506 libri
3133 2452 3426 2530 Geneseos.
3462 2451 3516 2504 In
3547 2452 3730 2506 diebus

2167 2544 2270 2599 illis
2312 2553 2599 2614 postquam
2629 2558 2908 2614 regressus
2939 2553 3024 2598 est
3051 2543 3217 2597 Jacob
3250 2544 3316 2596 de
3352 2541 3726 2612 Mesopotamia

2169 2633 2374 2700 Syriae,
2432 2649 2595 2703 usque
2650 2632 2908 2700 numquid
2961 2645 3019 2685 ut
3069 2641 3254 2686 scorto
3301 2631 3448 2685 abuti
3505 2632 3731 2686 debuero

2167 2741 2356 2782 sorore
2395 2735 2604 2780 nostra.
2640 2724 2988 2794 Evangelium
3025 2723 3571 2778 secundum'Lucam
3615 2739 3728 2792 cap.

2167 2834 2348 2880 cxcn,
2407 2817 2716 2872 Audiebant
2751 2819 2929 2871 munia
2982 2818 3094 2871 haec
3145 2817 3402 2872 Pharisaei
3439 2833 3556 2884 qua:
3582 2815 3746 2870 Iesus

2170 2909 2509 2977 loquebatur,
2543 2922 2701 2975 usque
2727 2909 2828 2976 qui
2859 2905 3140 2962 dimissam
3186 2922 3216 2961 a
3251 2906 3565 2971 vir-olducit,
3602 2920 3732 2960 mme-

2171 3003 2382 3056 cbatur.

2241 3108 2295 3148 tv
2328 3092 2444 3148 Kal.
2481 3093 2681 3148 Martii.
2729 3093 2915 3148 Lectio
2951 3092 3075 3147 libri
3117 3091 3413 3146 Geneseos.
3459 3089 3518 3143 ln
3551 3087 3736 3143 diebus

2177 3185 2282 3239 illis
2316 3186 2527 3239 locutus
2557 3195 2640 3240 est
2673 3185 2932 3240 Dominus
2963 3183 3028 3236 ad
3063 3181 3232 3236 Jaeob
3259 3181 3467 3244 dicens,
3495 3179 3670 3246 Surge
3691 3185 3738 3228 et

2173 3277 2408 3332 ascende
2443 3277 2655 3342 Bethel,
2691 3293 2852 3346 usque
2903 3277 2987 3330 hic
3033 3275 3220 3329 titulus
3252 3272 3584 3328 monumenti
3641 3271 3740 3324 Ra—

2173 3368 2313 3434 chel,
2343 3385 2518 3438 usque
2545 3370 2594 3422 in
2622 3379 2943 3438 praesentem
2968 3367 3138 3421 diem.
3172 3365 3522 3434 Evangelium
3551 3378 3738 3418 secun-

2173 3458 2300 3514 dum
2351 3456 2611 3529 (Lucam)~
2650 3474 2768 3526 cap.
2823 3471 3032 3520 cxcvu,
3090 3455 3233 3508 Dixit
3277 3451 3440 3526 Iesus
3473 3449 3742 3517 discipulis

2174 3552 2321 3614 suis,
2373 3549 2714 3619 [inpossibile
2761 3559 2882 3614 est,
2939 3557 2998 3602 ut
3050 3562 3156 3601 non
3190 3545 3413 3600 veniant
3463 3541 3742 3603 scandala,

2177 3658 2339 3712 usque
2374 3642 2622 3696 obediret
2652 3641 2840 3694 vobis.

2247 3771 2310 3811 ut
2342 3755 2461 3810 Kal.
2501 3753 2694 3808 Martii.
2729 3752 2912 3808 Lectio
2948 3749 3069 3804 libri
3118 3748 3416 3803 Geneseos.
3469 3746 3530 3801 In
3563 3745 3746 3801 diebus

2177 3849 2284 3904 illis
2327 3858 2488 3903 erant
2539 3847 2632 3900 lilii
2679 3843 2849 3900 Jacob
2895 3859 2992 3909 xit,
3027 3857 3192 3906 usque
3237 3841 3576 3904 sepelierunt
3628 3851 3744 3890 eum

2177 3939 2347 3995 Jacob
2396 3939 2487 3992 lilii
2539 3937 2644 3992 sui.
2683 3934 3030 4003 Evangelium
3071 3932 3365 3986 secundum
3400 3931 3602 3984 Lucam
3636 3943 3745 3996 cap.

2177 4047 2279 4087 cet.
2305 4030 2449 4084 Dixit
2467 4029 2624 4084 Jesus
2647 4027 2925 4096 discipulis
2951 4025 3062 4079 suis
3087 4041 3104 4078 :
3129 4023 3264 4090 Quis
3289 4033 3528 4077 vestrum
3552 4021 3751 4075 habens

2177 4139 2389 4178 servum
2425 4131 2692 4187 orantem,
2740 4135 2904 4192 usque
2949 4117 3094 4187 quod
3126 4115 3414 4170 debuimus
3463 4114 3645 4188 facere
3671 4110 3747 4165 fe.

2178 4229 2373 4269 CIIIIUS.
2821 4235 2826 4240 '

2251 4328 2531 4382 Dominica
2574 4326 2628 4380 in
2673 4322 3042 4394 Sexagesima.
3067 4322 3268 4386 .Lectio
3308 4319 3567 4390 Epistula:
3606 4316 3743 4371 beati

573 4389 852 4444 Doutinica
939 4391 991 4443 in
1062 4387 1492 4460 Septuagesima.
1563 4390 1753 4447 Lectio
1824 4391 2068 4463 Epistula:

2187 4419 2337 4474 Pauli
2389 4418 2620 4490 apostoli
2683 4417 2750 4472 ad
2804 4387 3136 4470 tiorintbios.
3199 4387 3461 4480 Fratres,
3527 4413 3757 4466 libenter

505 4485 648 4544 beati
687 4483 835 4536 Pauli
871 4482 1098 4551 apostoli
1126 4482 1192 4536 ad
1221 4481 1556 4539 Corinthios.
1589 4483 1831 4551 Fratres,
1861 4487 2080 4541 nescitis

506 4577 646 4645 quod
687 4577 738 4628 hi
776 4576 865 4644 qui
900 4575 955 4628 in
996 4576 1172 4630 stadio
1216 4585 1462 4636 currunt.
1507 4592 1668 4646 usque
1703 4585 1854 4646 petra
1899 4587 2078 4632 autem

504 4679 623 4724 erat
685 4666 957 4721 Christus.
1010 4666 1358 4736 Evangelium
1412 4667 1712 4721 secundum
1771 4667 2078 4722 Matthteum

506 4776 627 4830 cap.
659 4775 742 4824 cc,
777 4759 922 4812 Dixit
966 4756 1127 4814 Jesus
1157 4758 1440 4827 discipulis
1475 4759 1613 4824 suis,
1649 4758 1838 4814 Simile
1870 4771 1952 4814 est
1999 4774 2084 4814 re-

505 4868 667 4924 gnum
713 4851 972 4906 malorum
1022 4850 1226 4906 homini
1275 4849 1672 4920 patrifamilias,
1720 4868 1882 4921 usque
1928 4852 2082 4920 pauci

503 4944 685 4998 electi.

579 5051 609 5089 x
642 5035 761 5089 Kal.
797 5034 998 5090 Martii.
1032 5033 1218 5090 Lectio
1266 5035 1388 5094 libri
1438 5035 1733 5091 Geneseos.
1784 5036 1841 5090 In
1893 5035 2086 5092 diebus

510 5126 652 5189 illis,
699 5128 920 5194 quando
977 5125 1155 5196 primo
1211 5136 1454 5194 tempore
1506 5126 1874 5180 ascendebant
1924 5142 2080 5190 ores,

507 5234 666 5287 usque
695 5233 928 5290 pergens
959 5219 1023 5272 ad
1063 5219 1214 5274 lsaac
1247 5229 1452 5287 patrem
1485 5235 1639 5273 suum
1683 5219 1735 5272 in
1768 5227 1908 5272 terra
1941 5221 2086 5274 Cha-

510 5328 670 5366 naan.
701 5312 1052 5382 Evangeliqu
1073 5312 1370 5366 secundum
1410 5309 1611 5363 Lucam
1639 5324 1756 5378 cap.
1792 5325 1976 5372 cxux,
1998 5309 2090 5363 Ait

507 5401 636 5458 Jesu
698 5402 916 5470 quidam
975 5403 1044 5456 de
1122 5401 1282 5456 turba
1340 5416 1356 5456 :
1411 5400 1700 5469 Magister,
1769 5402 1858 5454 die
1933 5401 2089 5454 fratri

515 5511 658 5558 meo,
691 5511 852 5564 usque
884 5495 975 5562 qui
1023 5493 1122 5548 sibi
1181 5491 1538 5556 thesaurizat,
1574 5507 1681 5545 non
1713 5501 1798 5546 est
1829 5492 2002 5559 dives,
2037 5492 2088 5545 in

517 5587 704 5640 Deum.

591 5691 645 5730 ιι
679 5675 791 5729 Kal.
831 5673 1031 5729 Martii.
1082 5673 1267 5730 Lectio
1305 5674 1425 5729 libri
1473 5673 1765 5732 Gettcseos.
1813 5675 1868 5729 ln
1901 5673 2092 5728 diebus

524 5767 652 5830 illis,
684 5774 922 5836 tempore
953 5785 1058 5838 quo
1089 5769 1277 5824 Labnn
1311 5769 1449 5823 ierat
1497 5767 1561 5822 ad
1605 5767 1908 5830 londcndas
1931 5781 2086 5834 oves,

2192 4511 2426 4567 snliertis
2449 4501 2982 4584 insipientesfusque
3010 4515 3067 4562 ut
3092 4507 3357 4562 inhabitet
3388 4508 3441 4560 in
3471 4521 3560 4559 me
3593 4504 3759 4556 virtus

2183 4605 2410 4660 Christi.
2445 4602 2796 4672 Evangelium
2829 4601 3128 4655 secundum
3159 4599 3386 4664 Lucam,
3421 4613 3547 4667 cap.
3583 4610 3760 4657 Lxxvt,

2182 4699 2315 4752 Cum
2377 4697 2531 4750 turba
2589 4695 2820 4762 plurima
2873 4693 3231 4758 conveniret,
3296 4705 3460 4758 usque
3522 4687 3758 4741 fructum

2185 4792 2373 4845 all'erct
2411 4791 2463 4844 in
2498 4792 2776 4854 patientia.

2257 4906 2438 4962 Pridie
2486 4903 2603 4959 Kal.
2660 4901 2861 4958 Martii.
2912 4900 3097 4956 Lectio
3164 4897 3284 4952 libri
3348 4895 3660 4950 Geneseos.
3711 4887 3761 4940 lu

2185 5001 2380 5056 diebus
2420 5000 2524 5054 illis
2574 4998 2769 5053 ductus
2819 5006 2904 5051 est
2951 4992 3154 5062 Joseph
3205 4990 3262 5044 in
3301 4986 3567 5058 Egypto,
3610 4999 3763 5052 usque

2189 5093 2449 5148 Dominus
2478 5100 2595 5148 erat
2622 5106 2747 5145 cum
2775 5089 2888 5154 illo,
2912 5095 2966 5142 et
2995 5085 3178 5138 omnia
3213 5096 3377 5152 Opera
3411 5080 3532 5148 ejus
3567 5079 3764 5147 dirige-

2188 5187 2302 5242 bat.
2332 5183 2680 5253 Evangelium
2705 5181 3010 5236 secundum
3039 5175 3262 5238 Lucam,
3289 5189 3410 5242 cap.
3436 5186 3570 5236 ccn,
3596 5171 3765 5223 Inter-

2190 5287 2409 5348 rogatus
2450 5273 2608 5330 Jesus
2662 5290 2691 5328 a
2744 5270 3039 5327 Pharisteis
3083 5266 3298 5337 quando
3339 5263 3487 5318 venit
3543 5276 3759 5331 regnum

2191 5369 2306 5433 Dei,
2342 5385 2501 5438 usque
2534 5368 2584 5421 in
2620 5366 2708 5421 die
2739 5381 2856 5419 sua.

2261 5481 2380 5536 Kal.
2413 5480 2614 5535 Martii.
2653 5478 2840 5536 Lectio
2870 5476 2996 5533 libri
3025 5475 3319 5532 Geneseos.
3351 5471 3407 5526 lu
3433 5471 3635 5526 diebus
3665 5467 3763 5521 illis

2192 5577 2392 5632 accidit
2441 5584 2502 5630 ut
2549 5584 2836 5643 peccarent
2892 5571 3000 5626 duo
3047 5569 3312 5632 eunuchi,
3351 5581 3516 5633 usque
3571 5563 3761 5617 oblitus

2196 5681 2277 5726 est
2317 5667 2631 5738 interpretis
2670 5666 2774 5721 sui.
2814 5662 3165 5735 Evangelium
3210 5661 3505 5716 secundum
3543 5655 3759 5710 Lucam.

2194 5779 2313 5835 cap.
2347 5777 2529 5828 ccvtn,
2551 5759 2692 5816 Dixit
2721 5757 2877 5814 Jcsus
2908 5753 3180 5824 discipulis
3210 5751 3342 5818 suis,
3372 5748 3528 5804 Sicut
3565 5747 3761 5802 factum
