3934 6188
262 352 325 415 Et:
347 353 372 413 1

1605 348 1844 409 LIBER
1886 350 2223 418 COMITIR.

3435 351 3542 417 514

256 477 340 524 est
385 483 440 521 tn
483 466 674 522 diebus
726 464 858 530 Noe,
897 481 1058 534 usque
1115 479 1384 520 memores
1443 474 1622 520 cstotc
1662 467 1851 521 uxoris
1882 475 1932 531 Α
1962 468 2148 524 Lectio
2190 469 2345 524 Jahel
2397 469 2698 539 prophetae.
2751 467 2875 524 llaec
2908 467 3039 524 dicit
3072 466 3334 524 Dominus
3373 469 3541 532 Deus,
3617 465 3620 468 ’

260 563 428 618 Lutb.

325 669 381 708 τι
422 653 564 708 Νοη.
600 649 798 705 Martii.
841 649 1030 705 Lectio
1063 648 1185 704 libri
1221 647 1520 706 Geneseos.
1554 650 1616 705 In
1656 651 1851 708 diebus

254 745 362 799 illis
389 745 528 798 dixit
555 743 769 798 Pharao
796 741 1094 804 somnium,
1122 757 1286 810 usque
1313 742 1608 797 consilium
1640 741 1850 812 placuit

253 837 529 891 Pharaoni
587 845 641 888 et
695 833 910 888 cunctis
966 833 1236 888 ministris
1283 832 1425 902 ejus.
1484 833 1844 903 Evangelium

253 927 558 982 secundum
591 927 816 990 Lucam,
841 941 967 994 cap.
998 941 1162 981 ccxn.
1197 926 1344 980 Dixit
1375 923 1532 980 Jesus
1563 926 1848 994 discipulis

253 1022 368 1075 suis
385 1038 417 1073 -ε
453 1019 583 1074 Dico
599 1018 774 1084 vobis,
807 1019 862 1073 in
883 1018 1148 1074 illanocte
1171 1017 1450 1072 eruntduo
1471 1017 1524 1072 in
1549 1017 1692 1074 lecto
1715 1034 1847 1087 uno,

250 1129 422 1182 usque
447 1112 879 1167 invenietlidem
912 1113 968 1165 in
1001 1121 1168 1166 terra.

323 1221 356 1255 ν
385 1203 590 1274 (Nom)
622 1203 823 1256 Martii.
857 1203 1046 1257 Lectio
1079 1203 1202 1258 libri
1229 1201 1525 1259 Geneseos.
1549 1205 1612 1260 In
1648 1206 1844 1261 diebus

251 1296 359 1349 illis
397 1296 540 1350 dixit
580 1295 794 1349 Pharao
836 1297 902 1348 ad
940 1295 1165 1364 Josepb,
1203 1311 1366 1364 usque
1413 1298 1612 1351 malum
1649 1299 1846 1367 inopiae

251 1399 715 1456 temperaremns.
751 1388 1102 1458 Evangelium
1131 1388 1432 1442 secundum
1460 1389 1689 1454 Lucam,
1715 1407 1842 1461 cap.

248 1494 417 1544 mu,
469 1480 619 1535 Dixit
665 1479 830 1536 Jcsus
879 1481 1162 1550 discipulis
1219 1481 1358 1546 suis,
1396 1481 1531 1537 Cum
1594 1484 1843 1539 videritis

249 1573 585 1628 circumdari
639 1575 708 1627 ab
745 1575 1000 1629 exercitu
1053 1573 1403 1641 Jerusalem,
1454 1592 1622 1646 usque
1675 1578 1847 1630 donec

250 1665 592 1734 impleantur
628 1677 873 1736 tempora
907 1670 1216 1722 nationum.

319 1774 378 1815 sv
419 1757 564 1815 Non.
599 1758 797 1813 Martii.
831 1757 1020 1814 Lectio
1055 1760 1180 1814 libri
1223 1759 1524 1816 Geneseos.
1559 1760 1616 1814 ln
1650 1760 1846 1816 diebus

250 1853 384 1920 illis,
427 1853 678 1910 Audiens
721 1863 904 1909 autem
940 1853 1112 1908 Jacob
1152 1854 1296 1923 quod
1337 1855 1597 1909 alimenta
1641 1856 1843 1931 vende-

249 1957 444 2001 rentur
477 1947 533 2000 in
565 1944 882 2017 Egyptum,
920 1961 1084 2016 usque
1117 1947 1450 2002 moriamini.
1484 1948 1838 2019 Evangelium

250 2041 560 2094 secundum
589 2039 812 2104 Lucam,
842 2052 962 2107 cap.
987 2053 1167 2104 ccux,
1197 2039 1340 2094 Dixit
1369 2039 1533 2095 Jesus
1558 2043 1842 2111 discipulis

252 2129 394 2193 suis,
432 2130 713 2184 Attendite
755 2142 940 2185 autem
987 2131 1166 2197 vobis,
1241 2147 1308 2186 ne
1373 2131 1517 2186 forte
1551 2144 1843 2202 graventur

251 2225 422 2278 corda
458 2234 661 2288 vestra,
695 2237 857 2292 usque
891 2224 944 2276 in
978 2223 1181 2291 templo
1217 2223 1408 2279 audire
1445 2239 1597 2279 eum.

322 2329 392 2368 ιιι
427 2313 572 2368 Non.
607 2313 805 2369 Martii.
843 2315 1034 2369 Lectio
1068 2314 1190 2369 libri
1221 2314 1526 2370 Genescos.
1559 2315 1616 2370 ιιι
1654 2316 1843 2372 diebus

252 2406 362 2462 illis
387 2404 642 2461 fecerunt
671 2404 870 2461 fratres
893 2405 1099 2474 Joseph
1130 2408 1182 2459 in
1207 2405 1468 2477 Egypto,
1499 2419 1559 2462 ιιι
1585 2408 1692 2464 illis
1717 2410 1840 2478 ipse

252 2509 613 2568 praeceperat,
640 2508 694 2553 et
723 2500 886 2554 locuti
909 2509 1036 2554 sum
1061 2503 1125 2554 ad
1160 2501 1417 2565 invicem,
1439 2518 1608 2572 usque
1635 2504 1840 2572 absque

252 2592 450 2646 liberis
498 2607 616 2647 ero.
661 2592 1018 2663 Evangeliqu
1067 2595 1366 2647 secundum
1421 2593 1660 2659 Lucam,
1715 2594 1837 2664 cap.

251 2701 433 2750 ccxu,
473 2687 617 2741 Dixit
664 2686 825 2742 Jesus
858 2687 1139 2756 discipulis
1175 2688 1312 2751 suis,
1351 2687 1490 2742 Ecce
1535 2703 1639 2757 ego
1683 2689 1840 2742 mitto

253 2776 589 2844 promissum
634 2775 812 2833 Patris
845 2779 950 2831 mei
1001 2779 1055 2830 in
1100 2791 1218 2841 vos,
1262 2792 1426 2846 usque
1461 2777 1842 2834 benedicentes

252 2870 452 2924 Deum.
1579 2929 1586 2938 .

327 2980 370 3019 ιι
403 2963 546 3020 Non.
581 2964 783 3021 Martii.
821 2965 1010 3020 Lectio
1040 2964 1167 3020 libri
1197 2965 1499 3021 Genescos.
1543 2965 1601 3020 In
1647 2966 1841 3023 diebus

249 3058 364 3113 i!lis
401 3059 646 3114 tulerunt
677 3059 768 3113 lilii
801 3059 964 3114 Israel
999 3073 1226 3114 munera
1257 3068 1314 3113 et
1343 3059 1633 3128 pecuniam
1661 3061 1839 3131 dupli-

249 3167 399 3218 cem,
426 3168 589 3220 usque
617 3153 682 3207 ad
715 3161 922 3220 patrem
945 3162 1221 3209 .vestrum.
1253 3151 1610 3221 Evangelium
1639 3168 1841 3208 secun-

1957 561 2348 616 Convcrtimini
2381 564 2448 616 ad
2484 578 2568 617 me
2595 564 2648 616 in
2679 571 2790 617 toto
2819 561 2983 617 corde
3009 569 3212 624 vestro,
3239 577 3405 631 usque
3435 577 3541 615 non

1956 654 2101 710 dabo
2129 669 2226 708 vos
2258 655 2396 709 ultra
2426 653 2776 722 opprobrium
2807 655 3082 723 gentibus,
3117 654 3252 708 dicit
3287 655 3546 708 Dominus

1955 747 2323 817 omnipotens.
2427 748 2776 816 Evangelium
2842 750 3143 803 secundum
3209 747 3546 807 Mattlizum.

1953 854 2076 910 cap.
2099 856 2222 906 XLV,
2252 840 2393 896 Dixit
2421 841 2580 896 Jesus
2607 840 2895 911 discipulis
2924 841 3067 905 suis,
3096 841 3233 894 (iuni
3259 840 3542 909 jejnliatis,

1958 929 2128 985 nolite
2169 930 2288 986 ﬁeri
2339 931 2483 987 sicut
2530 933 2827 1002 hypocrita:
2877 931 3085 997 tristes,
3127 947 3294 1000 usque
3337 931 3411 984 ibi
3460 941 3544 983 est
3613 933 3619 942 '

1952 1036 2050 1076 (ἶοΓ
2082 1030 2256 1077 tuum.

2021 1113 2180 1170 Feria
2215 1130 2270 1168 v.
2311 1113 2498 1168 Lectio
2548 1113 2702 1168 lsaize
2751 1114 3064 1183 prophetat.“
3097 1113 3154 1166 lu
3207 1114 3396 1169 diebus
3437 1115 3543 1170 illis

1951 1207 2238 1276 aegrotavit
2269 1206 2537 1262 Ezechias
2567 1220 2738 1275 usque
2771 1206 2840 1261 ad
2871 1215 3131 1272 mortem,
3162 1223 3326 1274 usque
3359 1218 3543 1277 prote-

1951 1315 2073 1371 gam
2115 1313 2258 1362 eam,
2299 1297 2432 1352 dicit
2466 1296 2726 1352 Dominus
2782 1298 3152 1366 omnipotens.
3186 1298 3540 1367 Evangelinm

1949 1390 2251 1445 secundum
2307 1387 2641 1450 Matthteum,
2690 1402 2810 1457 cap.
2855 1403 2981 1441 utv
3022 1404 3037 1442 :
3073 1387 3210 1442 Cum
3266 1389 3542 1443 introisset

1949 1481 2110 1536 Jcsus
2142 1481 2545 1549 Capharnaum,
2585 1497 2750 1551 usque
2785 1493 3011 1537 sanatus
3040 1492 3124 1536 est
3153 1497 3215 1535 ex
3251 1482 3337 1535 illa
3382 1483 3535 1537 hora.

2021 1574 2181 1628 Feria
2221 1591 2293 1628 vr.
2331 1574 2520 1629 Lectio
2567 1573 2715 1628 Isaiae
2762 1575 3063 1643 propheta.
3108 1572 3234 1627 lltec
3269 1575 3400 1629 dicit
3435 1574 3536 1628 Do-

1949 1666 2132 1721 minus
2165 1665 2329 1729 Deus,
2362 1665 2571 1730 Clama,
2604 1679 2673 1719 ne
2704 1679 2909 1729 cesses,
2945 1680 3108 1731 usque
3144 1665 3268 1732 quia
3320 1664 3537 1719 miscri-

1949 1773 2072 1814 cors
2104 1774 2223 1812 sum
2263 1758 2525 1816 Dominus
2571 1757 2714 1812 Deus
2745 1765 2892 1812 tuus.
2935 1757 3288 1826 Evangelium
3338 1771 3538 1810 secun-
3605 1821 3624 1840 κ,

1880 1845 2073 1902 Bdum
2108 1849 2445 1915 Matthtenm,
2479 1863 2599 1918 cap.
2637 1865 2828 1914 xxxrx,
2865 1848 3012 1903 Dixit
3046 1848 3207 1903 Jesus
3256 1848 3541 1916 discipulis

1950 1944 2086 2006 suis,
2123 1941 2369 1996 Audistis
2406 1942 2535 2012 quia
2578 1943 2778 1996 dictum
2833 1950 2940 2007 est,
2983 1940 3184 2009 Diliges
3231 1943 3540 2010 proximum

1952 2045 2124 2099 tuum,
2156 2045 2210 2089 et
2242 2033 2398 2090 odies
2426 2035 2734 2098 inimicum,
2766 2050 2936 2105 usque
2967 2033 3157 2089 reddet
3191 2035 3311 2088 tibi.

2024 2127 2287 2183 Sabbato.
2319 2125 2504 2180 Lectio
2535 2126 2686 2180 Isaias
2713 2127 3012 2196 prophetas.
3042 2124 3169 2179 Haec
3197 2128 3330 2180 dicit
3357 2127 3544 2180 Domi-

1951 2235 2074 2284 nus,
2106 2218 2161 2272 Si
2192 2218 2486 2273 abstuleris
2529 2219 2594 2272 de
2629 2220 2804 2272 medio
2839 2218 2919 2272 tui
2962 2227 3231 2280 catenam,
3265 2234 3433 2288 usque
3476 2233 3542 2274 os

1950 2314 2094 2366 enim
2130 2311 2339 2365 Domini
2383 2309 2627 2366 locutu'm
2666 2320 2751 2366 est
2779 2310 2916 2366 hac.
2950 2309 3304 2381 Evangelinm
3341 2326 3542 2366 secun-

1950 2404 2078 2457 dum
2138 2401 2377 2458 Marcum
2409 2417 2532 2471 cap.
2577 2401 2768 2474 (LXVI),
2799 2401 2932 2458 Cum
2965 2415 3090 2458 sero
3125 2413 3271 2457 esset
3309 2401 3537 2468 factum,

1955 2506 2071 2552 erat
2104 2498 2262 2550 navis
2294 2496 2347 2549 in
2384 2495 2562 2549 medio
2597 2495 2757 2558 mari,
2791 2511 2954 2564 usque
2983 2493 3118 2550 salvi
3154 2495 3380 2548 llebant.

2024 2587 2302 2643 ltominica
2333 2588 2544 2641 initium
2577 2586 3042 2657 Quadragesimae.
3071 2585 3257 2640 Lectio
3282 2585 3539 2656 Epistula:

1951 2681 2096 2734 beati
2134 2679 2288 2734 Pauli
2325 2680 2554 2748 apostoli
2593 2680 2660 2733 ad
2699 2679 3034 2744 Corinthios,
3071 2678 3314 2744 Fratres,
3345 2681 3535 2733 horta-

1951 2788 2074 2828 mur
2103 2787 2224 2837 vos,
2255 2788 2420 2842 usque
2449 2771 2632 2824 omnia
2663 2771 3025 2839 possidentes.
3057 2770 3410 2842 Evangelimn
3447 2788 3537 2826 se-

1949 2863 2186 2916 cundum
2235 2859 2574 2924 Matthteum,
2610 2875 2732 2927 cap.
2772 2875 2863 2923 xv,
2908 2861 3113 2914 Ductus
3157 2870 3242 2914 est
3279 2859 3438 2916 Jesus
3485 2865 3537 2915 in

1950 2955 2246 3018 desertum,
2281 2969 2445 3022 usque
2476 2953 2651 3022 angeli
2688 2951 3074 3005 ministrabant
3108 2952 3210 3006 ei.‘

2023 3045 2162 3100 Hinc
2193 3047 2468 3115 plenarius
2506 3046 2746 3113 sequitur
2779 3045 2912 3098 ordo
2940 3045 3076 3097 sicut
3104 3045 3156 3097 in
3184 3045 3315 3098 libro
3343 3043 3536 3099 Comiti

1951 3148 2306 3203 continentur,
2338 3153 2498 3206 usque
2527 3136 2744 3189 oclabas
2770 3133 3018 3194 Post-lue.

247 3246 385 3299 dum
420 3244 756 3309 Matthasum,
789 3260 910 3310 cap.
948 3257 1142 3312 xxxm,
1184 3243 1329 3297 Dixit
1367 3243 1525 3300 Jesus
1557 3246 1840 3316 discipulis

2021 3230 2176 3284 Feria
2220 3245 2282 3284 ιι.
2332 3205 2520 3284 Lectio
2575 3229 2852 3283 Ezechiel.
2880 3228 3178 3297 prophetat.
3230 3226 3357 3282 "ch
3390 3217 3538 3283 uicit

249 3338 394 3402 suis,
424 3335 603 3393 Nolite
636 3348 826 3408 putare
858 3335 983 3407 quia
1026 3338 1146 3391 veni
1196 3337 1407 3394 solvere
1448 3338 1645 3407 legem,
1681 3356 1842 3409 usque

251 3433 345 3487 hic
377 3445 612 3502 magnus
639 3432 919 3486 vocabitur
949 3431 1001 3486 in
1034 3441 1198 3500 regno
1226 3430 1516 3483 caelorum.

319 3523 470 3578 Non.
509 3523 710 3578 Martii.
744 3523 804 3577 In
844 3523 1008 3576 natali
1040 3532 1353 3578 sanctarum
1397 3523 1665 3592 virginum
1708 3527 1840 3581 Pcr-

251 3627 438 3685 pctuat
462 3625 516 3671 et
538 3615 858 3669 Felicitatis.
893 3612 1081 3669 Lectio
1107 3615 1228 3668 libri
1261 3613 1575 3684 Sapientiae,
1604 3613 1844 3684 Cougre-

249 3708 467 3777 gationi
493 3721 791 3778 pauperum
819 3705 1090 3761 ali'abilem
1117 3715 1170 3761 te
1199 3705 1394 3770 facito,
1422 3720 1586 3776 usque
1617 3707 1840 3762 verbum

252 3803 308 3854 in
345 3811 564 3869 tempus
589 3799 801 3854 salutis.
837 3797 1192 3868 Evangelium
1224 3797 1527 3851 secundum
1551 3797 1838 3864 Joatmem,

249 3908 387 3961 cap.
415 3907 544 3956 xxv,
580 3891 737 3947 Venit
779 3889 942 3946 Jesus
979 3899 1034 3944 ct
1080 3889 1329 3958 discipuli
1360 3891 1478 3960 ejus
1508 3891 1560 3944 in
1596 3888 1839 3945 Judzeam

249 3997 493 4048 terram,
525 4001 689 4053 usque
724 3985 927 4039 missus
960 3991 1047 4038 cst
1076 3993 1205 4037 ante
1241 3982 1416 4036 illum.

326 4076 621 4130 Dominica
683 4078 736 4130 in
790 4075 1276 4146 Quinquagesima.
1341 4073 1528 4129 Lectio
1585 4072 1842 4141 Epistula:

250 4167 408 4223 beati
455 4168 604 4222 Pauli
650 4169 880 4238 apostoli
925 4169 994 4223 ad
1043 4167 1384 4222 Corinthios.
1437 4167 1503 4221 Et
1546 4167 1591 4219 si
1642 4166 1842 4234 linguis

247 4260 546 4315 hominum
581 4259 770 4329 loquar
803 4271 856 4313 et
883 4259 1226 4328 angelorum,
1260 4274 1418 4326 usque
1457 4258 1628 4328 major
1660 4269 1840 4313 autem

249 4354 346 4408 his
401 4363 488 4408 est
537 4352 799 4409 charitas.
853 4352 1204 4420 Evangelinm
1259 4353 1557 4405 secundqu
1616 4349 1839 4416 Lucam,

245 4461 383 4514 cap.
424 4460 625 4510 ccxxu,
659 4447 966 4514 Assumpsit
1001 4445 1163 4500 Jesus
1203 4444 1494 4500 duodecim
1536 4443 1841 4513 discipulus

246 4551 414 4601 suos,
447 4551 608 4604 usque
635 4536 784 4590 dedit
815 4535 1027 4590 laudem
1061 4534 1191 4589 Deo.

1949 3323 2213 3379 Dominus
2240 3323 2403 3386 Dens,
2438 3322 2575 3377 Ecce
2605 3335 2706 3392 ego
2736 3321 2850 3390 ipse
2881 3320 3156 3388 requiram
3193 3333 3324 3374 oves
3359 3335 3529 3382 meas,

1949 3431 2109 3484 usque
2137 3417 2188 3470 in
2213 3414 2418 3484 judicio
2435 3422 2490 3469 et
2515 3413 2804 3483 justitiam,
2835 3411 2971 3467 dicit
2997 3411 3255 3465 Dominus
3283 3411 3536 3480 omnipo-

1952 3518 2090 3561 tens.
2110 3507 2461 3576 Evangelitnn
2483 3504 2786 3560 secundum
2807 3501 3141 3567 Matthaaum,
3158 3517 3280 3570 cap.
3297 3517 3530 3562 cccxxu.

1950 3601 2084 3654 Cum
2113 3601 2323 3655 venerit
2351 3597 2523 3652 Filius
2557 3598 2796 3652 hominis
2829 3597 2884 3650 in
2914 3597 3198 3664 majestate
3229 3611 3348 3660 sua,
3375 3613 3535 3665 usque

1943 3692 2076 3762 justi
2113 3701 2293 3744 autem
2330 3691 2383 3743 in
2415 3690 2581 3742 vitam
2613 3697 2898 3742 teternam.

2023 3783 2179 3839 Feria
2219 3800 2302 3838 ιιι.
2338 3780 2522 3836 Lectio
2549 3780 2702 3834 Isaias
2747 3779 3045 3848 prophetae.
3090 3779 3148 3831 ln
3190 3777 3384 3833 diebus
3422 3779 3531 3832 illis

1950 3878 2162 3932 locutus
2192 3887 2274 3931 est
2299 3874 2465 3929 Isaias
2501 3872 2765 3942 propheta
2797 3869 3008 3933 dicens,
3039 3886 3204 3939 usque
3233 3870 3309 3924 ait
3341 3871 3527 3923 Domi-

1951 3985 2054 4024 nus
2082 3969 2448 4033 omnipotens.
2480 3963 2830 4034 Evangelium
2865 3963 3163 4018 secundum
3189 3961 3528 4027 Matthazum,

1949 4077 2070 4130 cap.
2100 4076 2220 4126 cex,
2249 4059 2383 4113 Cum
2410 4059 2671 4112 intrasset
2695 4053 2857 4109 Jesus
2887 4054 3342 4125 Hierosolymam,
3367 4071 3530 4126 usque

1951 4155 2179 4208 ducebat
2213 4167 2308 4206 eus
2335 4151 2404 4206 de
2437 4162 2602 4219 regno
2632 4145 2750 4202 Dei.

2022 4247 2178 4304 Feria
2215 4263 2288 4301 tv.
2330 4243 2518 4299 Lectio
2552 4243 2670 4297 libri
2709 4240 2896 4295 Exodi.
2938 4239 2992 4292 In
3029 4237 3220 4294 diebus
3257 4236 3361 4292 illis
3395 4237 3532 4290 dixit

1954 4341 2218 4396 Dominus
2243 4340 2308 4393 ad
2334 4338 2577 4409 Moysen,
2603 4352 2764 4406 usque
2784 4345 2834 4389 ct
2864 4333 3225 4404 quadraginta
3255 4331 3528 4386 noctibus.

1951 4433 2299 4503 Evangelium
2335 4432 2632 4486 secundum
2667 4427 3004 4492 Mattbasnm,
3035 4439 3155 4493 cap.
3187 4439 3392 4488 cxxvn,
3425 4424 3532 4476 Ac-

1871 4558 1920 4616 D
1951 4536 2234 4584 cesserunt
2274 4526 2339 4579 ad
2385 4523 2571 4578 Jesum
2611 4522 2818 4578 Scriba:
2859 4533 2915 4576 et
2958 4519 3218 4575 Pharisaei
3262 4518 3527 4583 dicentes,

328 4645 428 4683 \‘lll
465 4629 589 4684 ldus
618 4628 821 4682 Martii.
860 4627 1047 4683 Lectio
1080 4627 1203 4682 libri
1241 4626 1534 4682 Geneseos.
1569 4625 1622 4679 In
1657 4627 1846 4681 diebus
1947 4637 2110 4690 usque
2137 4620 2252 4688 ipse
2279 4632 2430 4672 meus
2457 4616 2626 4671 lrater
2654 4625 2707 4670 et
2736 4629 2892 4670 soror
2919 4622 2974 4668 et
3004 4625 3182 4668 mater
3205 4623 3311 4668 est.

249 4723 372 4777 illis
402 4721 674 4776 accedens
715 4718 884 4774 Judas
922 4719 1147 4788 propius
1179 4718 1520 4773 conﬁdenter
1545 4718 1610 4771 ad
1639 4716 1842 4786 Joscph

248 4817 362 4879 ait,
386 4830 549 4883 usque
583 4813 841 4868 festinate
871 4824 928 4868 et
959 4813 1212 4867 adducite
1237 4825 1358 4865 eum
1392 4813 1457 4864 ad
1522 4825 1626 4864 me.
1659 4810 1846 4865 Evan-

247 4906 463 4977 gelium
486 4907 786 4959 secundum
811 4899 1076 4957 Joannem
1104 4916 1226 4971 cap.
1252 4916 1328 4965 LI,
1355 4901 1584 4956 Factum
1608 4913 1691 4957 est
1719 4919 1842 4957 cum

243 4997 657 5054 descenderent
691 4994 949 5066 discipuli
980 4995 1107 5050 Jesn
1137 4994 1206 5049 ad
1249 5010 1418 5060 mare,
1446 5009 1606 5064 usque
1636 4994 1705 5049 ad
1738 5005 1846 5050 ter-

247 5107 378 5145 ram
407 5105 517 5159 qua
557 5090 730 5145 ibant.

325 5199 404 5237 vn
441 5182 571 5237 ldus
599 5180 798 5235 Martii.
837 5180 1024 5236 Lectio
1069 5181 1189 5234 libri
1220 5179 1526 5236 Geneseos.
1560 5180 1620 5235 ln
1653 5181 1843 5236 diebus

242 5278 368 5333 illis
406 5275 654 5330 auditum
701 5285 784 5330 est
833 5285 888 5328 ot
927 5275 1131 5330 celebri
1170 5289 1423 5328 sermone
1469 5275 1745 5343 vulgatum
1788 5276 1841 5330 in

243 5370 383 5424 aula
428 5369 598 5436 regis,
631 5377 891 5422 venerunt
929 5367 1128 5420 lratres
1170 5366 1391 5435 Joseph,
1433 5383 1595 5436 usque
1633 5365 1841 5437 Joseph

239 5468 426 5532 ponet
467 5473 665 5512 manus
703 5473 834 5513 suas
876 5473 1041 5526 super
1078 5461 1266 5512 oculos
1309 5471 1448 5513 tuos.
1485 5458 1839 5529 Evangelium

239 5552 566 5611 secundum
595 5551 857 5615 Marcum,
895 5565 1018 5622 cap.
1051 5566 1178 5613 cxx.
1208 5551 1344 5606 Cum
1379 5552 1643 5608 intrasset
1680 5552 1841 5607 Jesus

237 5645 698 5715 Hierosolymam
726 5646 782 5699 in
811 5646 1095 5715 templum,
1119 5659 1282 5714 usque
1303 5647 1668 5716 quodcunque
1693 5648 1842 5702 dixe-

245 5739 334 5792 rit
359 5737 472 5798 liat,
510 5737 603 5789 lict
629 5735 700 5790 ci.

329 5826 504 5883 Fata
563 5843 636 5884 Iv.
699 5828 881 5898 Capite
924 5829 1136 5901 jejunii.
1187 5828 1268 5884 Ad
1290 5838 1527 5888 sanctam
1560 5829 1836 5887 Sarinam.

2017 4711 2175 4766 Feria
2208 4728 2260 4765 v.
2296 4709 2479 4764 Lectio
2507 4707 2756 4762 Ezechiel
2786 4707 3086 4777 prophetae.
3116 4706 3172 4760 ln
3200 4705 3391 4758 diebus
3423 4703 3526 4758 illis

1945 4811 2125 4866 factus
2159 4817 2242 4864 est
2284 4822 2464 4863 sermo
2506 4804 2718 4860 Domini
2762 4803 2828 4856 ad
2877 4817 2963 4878 me
2998 4800 3208 4863 dicens,
3251 4813 3415 4867 usque
3453 4797 3528 4850 ait

1949 4903 2211 4959 Dominus
2241 4899 2604 4967 omnipotens.
2638 4895 2996 4966 Evangelium
3027 4893 3331 4947 secundum
3361 4888 3530 4942 Joan-

1947 5012 2094 5061 nem,
2129 5009 2249 5064 cap.
2292 5007 2467 5058 Ωιι-ιι,
2501 4991 2558 5046 ln
2603 4990 2697 5044 illo
2736 4999 2981 5058 tempore
3025 4985 3241 5040 dicebat
3271 4983 3429 5038 Jcsus
3461 4985 3526 5034 ad

1946 5109 2041 5149 eos
2063 5094 2153 5163 qni
2177 5089 2528 5145 crediderunt
2547 5101 2616 5144 ex
2637 5085 2859 5151 Judaais,
2886 5098 3048 5153 usque
3073 5081 3164 5151 qui
3189 5089 3270 5135 est
3297 5093 3361 5132 ex
3393 5077 3524 5141 Deo,

1947 5187 2110 5241 verba
2138 5184 2228 5238 Dei
2262 5184 2433 5237 audit.

2017 5278 2174 5334 Feria
2211 5293 2284 5331 vt.
2327 5277 2516 5334 Lectio
2563 5277 2813 5332 Ezechiel
2870 5272 3168 5344 prOphetm.
3225 5269 3350 5324 llaec
3397 5267 3528 5322 dicit

1949 5373 2212 5428 Dominus
2245 5370 2408 5437 Dens,
2439 5371 2635 5424 Anima
2667 5384 2788 5438 qua:
2819 5365 3146 5438 peccaverit,
3178 5364 3290 5433 ipsa
3321 5359 3527 5414 morie-

1947 5477 2052 5532 tur,
2087 5483 2250 5536 usque
2291 5465 2402 5520 vita
2443 5467 2609 5531 vivet,
2639 5473 2693 5518 et
2730 5477 2838 5516 non
2871 5458 3155 5521 morietur,
3185 5456 3315 5509 dicit
3347 5452 3530 5507 Domi-

1946 5573 2050 5613 nus
2090 5557 2457 5627 omnipotens.
2492 5551 2844 5623 Evangelium
2889 5549 3190 5604 secundum
3231 5544 3523 5610 Joannem,

1945 5665 2064 5717 cap.
2109 5663 2314 5713 xxxvtt,
2350 5648 2405 5701 In
2434 5647 2528 5701 illo
2558 5656 2802 5714 tempore
2826 5651 2946 5697 erat
2972 5642 3088 5695 dies
3115 5639 3290 5694 festus
3311 5637 3530 5692 Judaeu-

1948 5755 2090 5803 rum,
2119 5756 2281 5810 usque
2306 5751 2449 5796 esset
2480 5740 2570 5808 qui
2605 5737 2732 5793 fecit
2759 5753 2885 5792 eum
2918 5751 3132 5793 sanum.

2019 5833 2257 5890 Sabbato
2306 5833 2360 5888 in
2408 5833 2690 5889 duodecim
2739 5832 3084 5889 lectionibus.
3136 5829 3216 5884 Ad
3277 5838 3524 5886 sanctum
