  <div class='ocr_page' id='page_1' title='image "/cluster/home/n/w/nwhite01/storage/ocr_20150623/30/hvd.32044096580527/263.png"; bbox 0 0 3934 6188; ppageno 0'>
   <div class='ocr_carea' id='block_1_1' title="bbox 430 298 540 365">
    <p class='ocr_par' dir='ltr' id='par_1_1' title="bbox 430 298 540 365">
     <span class='ocr_line' id='line_1_1' title="bbox 430 298 540 365; baseline -0.009 0"><span class='ocrx_word' id='word_1_1' title='bbox 430 298 540 365; x_wconf 82' lang='grc'><strong>515</strong></span> 
     </span>
    </p>
   </div>
   <div class='ocr_carea' id='block_1_2' title="bbox 1376 260 2741 368">
    <p class='ocr_par' dir='ltr' id='par_1_2' title="bbox 1376 260 2741 368">
     <span class='ocr_line' id='line_1_2' title="bbox 1376 260 2741 368; baseline 0.002 -3"><span class='ocrx_word' id='word_1_2' title='bbox 1376 306 1440 368; x_wconf 86' lang='lat' dir='ltr'><strong>s.</strong></span> <span class='ocrx_word' id='word_1_3' title='bbox 1486 265 1930 367; x_wconf 69' lang='lat' dir='ltr'><strong>HIERONYMI</strong></span> <span class='ocrx_word' id='word_1_4' title='bbox 1962 260 2293 367; x_wconf 68' lang='lat' dir='ltr'><strong>eranum</strong></span> <span class='ocrx_word' id='word_1_5' title='bbox 2335 306 2741 368; x_wconf 77' lang='lat' dir='ltr'><strong>MANTISSA.</strong></span> 
     </span>
    </p>
   </div>
   <div class='ocr_carea' id='block_1_3' title="bbox 3577 308 3681 375">
    <p class='ocr_par' dir='ltr' id='par_1_3' title="bbox 3577 308 3681 375">
     <span class='ocr_line' id='line_1_3' title="bbox 3577 308 3681 375; baseline -0.01 -2"><span class='ocrx_word' id='word_1_6' title='bbox 3577 308 3681 375; x_wconf 75' lang='grc'><strong>516</strong></span> 
     </span>
    </p>
   </div>
   <div class='ocr_carea' id='block_1_4' title="bbox 433 376 3686 494">
    <p class='ocr_par' dir='ltr' id='par_1_4' title="bbox 433 376 3686 494">
     <span class='ocr_line' id='line_1_4' title="bbox 433 376 3686 494; baseline 0.002 -22"><span class='ocrx_word' id='word_1_7' title='bbox 433 419 667 472; x_wconf 80' lang='lat' dir='ltr'><strong>Petrum.</strong></span> <span class='ocrx_word' id='word_1_8' title='bbox 701 415 889 472; x_wconf 89' lang='lat' dir='ltr'><strong>Lectio</strong></span> <span class='ocrx_word' id='word_1_9' title='bbox 928 417 1047 472; x_wconf 82' lang='lat' dir='ltr'><strong>libri</strong></span> <span class='ocrx_word' id='word_1_10' title='bbox 1092 376 1518 476; x_wconf 79' lang='lat' dir='ltr'><strong>Denterouomii.</strong></span> <span class='ocrx_word' id='word_1_11' title='bbox 1571 422 1628 476; x_wconf 88' lang='lat' dir='ltr'><strong>In</strong></span> <span class='ocrx_word' id='word_1_12' title='bbox 1662 420 1855 477; x_wconf 87' lang='lat' dir='ltr'><strong>diebus</strong></span> <span class='ocrx_word' id='word_1_13' title='bbox 1894 420 2003 473; x_wconf 60' lang='lat' dir='ltr'><strong>illis</strong></span> <span class='ocrx_word' id='word_1_14' title='bbox 2034 438 2080 494; x_wconf 64' lang='grc' dir='ltr'><strong>Α</strong></span> <span class='ocrx_word' id='word_1_15' title='bbox 2181 421 2439 477; x_wconf 86' lang='lat' dir='ltr'><strong>Sabbato.</strong></span> <span class='ocrx_word' id='word_1_16' title='bbox 2493 420 2681 477; x_wconf 90' lang='lat' dir='ltr'><strong>Lectio</strong></span> <span class='ocrx_word' id='word_1_17' title='bbox 2724 420 2844 475; x_wconf 83' lang='lat' dir='ltr'><strong>libri</strong></span> <span class='ocrx_word' id='word_1_18' title='bbox 2895 421 3194 478; x_wconf 82' lang='lat' dir='ltr'><strong>Geneseos.</strong></span> <span class='ocrx_word' id='word_1_19' title='bbox 3237 424 3296 478; x_wconf 86' lang='lat' dir='ltr'><strong>In</strong></span> <span class='ocrx_word' id='word_1_20' title='bbox 3341 423 3533 480; x_wconf 89' lang='lat' dir='ltr'><strong>diebus</strong></span> <span class='ocrx_word' id='word_1_21' title='bbox 3582 428 3686 481; x_wconf 86' lang='lat' dir='ltr'><strong>illis</strong></span> 
     </span>
    </p>
   </div>
   <div class='ocr_carea' id='block_1_5' title="bbox 431 509 2006 582">
    <p class='ocr_par' dir='ltr' id='par_1_5' title="bbox 431 509 2006 582">
     <span class='ocr_line' id='line_1_5' title="bbox 431 509 2006 582; baseline 0.003 -21"><span class='ocrx_word' id='word_1_22' title='bbox 431 510 647 563; x_wconf 85' lang='lat' dir='ltr'><strong>locutus</strong></span> <span class='ocrx_word' id='word_1_23' title='bbox 678 517 761 563; x_wconf 86' lang='lat' dir='ltr'><strong>est</strong></span> <span class='ocrx_word' id='word_1_24' title='bbox 805 509 1022 578; x_wconf 80' lang='lat' dir='ltr'><strong>Moyses</strong></span> <span class='ocrx_word' id='word_1_25' title='bbox 1071 509 1141 564; x_wconf 86' lang='lat' dir='ltr'><strong>ad</strong></span> <span class='ocrx_word' id='word_1_26' title='bbox 1183 511 1465 567; x_wconf 88' lang='lat' dir='ltr'><strong>Dominum</strong></span> <span class='ocrx_word' id='word_1_27' title='bbox 1512 513 1721 579; x_wconf 88' lang='lat' dir='ltr'><strong>dicens,</strong></span> <span class='ocrx_word' id='word_1_28' title='bbox 1757 513 2006 582; x_wconf 75' lang='lat' dir='ltr'><strong>Respice,</strong></span> 
     </span>
    </p>
   </div>
   <div class='ocr_carea' id='block_1_6' title="bbox 264 602 2009 675">
    <p class='ocr_par' dir='ltr' id='par_1_6' title="bbox 264 602 2009 675">
     <span class='ocr_line' id='line_1_6' title="bbox 264 602 2009 675; baseline 0.002 -22"><span class='ocrx_word' id='word_1_29' title='bbox 264 620 269 637; x_wconf 60' lang='grc' dir='ltr'><strong>ν</strong></span> <span class='ocrx_word' id='word_1_30' title='bbox 435 602 678 665; x_wconf 88' lang='lat' dir='ltr'><strong>Domine,</strong></span> <span class='ocrx_word' id='word_1_31' title='bbox 712 603 777 656; x_wconf 87' lang='lat' dir='ltr'><strong>de</strong></span> <span class='ocrx_word' id='word_1_32' title='bbox 812 604 1124 657; x_wconf 87' lang='lat' dir='ltr'><strong>sanctuario</strong></span> <span class='ocrx_word' id='word_1_33' title='bbox 1168 615 1279 668; x_wconf 89' lang='lat' dir='ltr'><strong>tuo,</strong></span> <span class='ocrx_word' id='word_1_34' title='bbox 1314 622 1476 675; x_wconf 81' lang='lat' dir='ltr'><strong>usque</strong></span> <span class='ocrx_word' id='word_1_35' title='bbox 1511 610 1651 660; x_wconf 87' lang='lat' dir='ltr'><strong>sicut</strong></span> <span class='ocrx_word' id='word_1_36' title='bbox 1683 608 1894 663; x_wconf 80' lang='lat' dir='ltr'><strong>loculus</strong></span> <span class='ocrx_word' id='word_1_37' title='bbox 1925 613 2009 657; x_wconf 86' lang='lat' dir='ltr'><strong>est</strong></span> 
     </span>
    </p>
   </div>
   <div class='ocr_carea' id='block_1_7' title="bbox 344 694 551 746">
    <p class='ocr_par' dir='ltr' id='par_1_7' title="bbox 344 694 551 746">
     <span class='ocr_line' id='line_1_7' title="bbox 344 694 551 746; baseline 0.01 -2"><span class='ocrx_word' id='word_1_38' title='bbox 344 702 349 709; x_wconf 86' lang='lat'><em>‘</em></span> <span class='ocrx_word' id='word_1_39' title='bbox 436 694 551 746; x_wconf 88' lang='lat' dir='ltr'><strong>tibi.</strong></span> 
     </span>
    </p>
   </div>
   <div class='ocr_carea' id='block_1_8' title="bbox 503 757 2007 846">
    <p class='ocr_par' dir='ltr' id='par_1_8' title="bbox 503 757 2007 846">
     <span class='ocr_line' id='line_1_8' title="bbox 503 757 2007 846; baseline 0.005 -8"><span class='ocrx_word' id='word_1_40' title='bbox 503 785 636 839; x_wconf 83' lang='lat' dir='ltr'><strong>Item</strong></span> <span class='ocrx_word' id='word_1_41' title='bbox 683 786 845 841; x_wconf 91' lang='lat' dir='ltr'><strong>lectio</strong></span> <span class='ocrx_word' id='word_1_42' title='bbox 897 788 1022 842; x_wconf 87' lang='lat' dir='ltr'><strong>libri</strong></span> <span class='ocrx_word' id='word_1_43' title='bbox 1060 757 1503 845; x_wconf 31' lang='lat' dir='ltr'><strong>‘Deuterouomii.</strong></span> <span class='ocrx_word' id='word_1_44' title='bbox 1552 790 1607 845; x_wconf 86' lang='lat' dir='ltr'><strong>In</strong></span> <span class='ocrx_word' id='word_1_45' title='bbox 1659 791 1851 846; x_wconf 85' lang='lat' dir='ltr'><strong>diebus</strong></span> <span class='ocrx_word' id='word_1_46' title='bbox 1900 794 2007 846; x_wconf 88' lang='lat' dir='ltr'><strong>illis</strong></span> 
     </span>
    </p>
   </div>
   <div class='ocr_carea' id='block_1_9' title="bbox 432 875 2008 952">
    <p class='ocr_par' dir='ltr' id='par_1_9' title="bbox 432 875 2008 952">
     <span class='ocr_line' id='line_1_9' title="bbox 432 875 2008 952; baseline 0.007 -24"><span class='ocrx_word' id='word_1_47' title='bbox 432 875 570 929; x_wconf 85' lang='lat' dir='ltr'><strong>dixit</strong></span> <span class='ocrx_word' id='word_1_48' title='bbox 610 877 819 947; x_wconf 80' lang='lat' dir='ltr'><strong>Moyses</strong></span> <span class='ocrx_word' id='word_1_49' title='bbox 872 881 997 935; x_wconf 86' lang='lat' dir='ltr'><strong>ﬁliis</strong></span> <span class='ocrx_word' id='word_1_50' title='bbox 1046 881 1234 946; x_wconf 81' lang='lat' dir='ltr'><strong>Israel,</strong></span> <span class='ocrx_word' id='word_1_51' title='bbox 1261 890 1422 952; x_wconf 74' lang='lat' dir='ltr'><strong>usque</strong></span> <span class='ocrx_word' id='word_1_52' title='bbox 1474 884 1620 938; x_wconf 80' lang='lat' dir='ltr'><strong>sicut</strong></span> <span class='ocrx_word' id='word_1_53' title='bbox 1668 884 1881 939; x_wconf 86' lang='lat' dir='ltr'><strong>locutus</strong></span> <span class='ocrx_word' id='word_1_54' title='bbox 1923 894 2008 939; x_wconf 88' lang='lat' dir='ltr'><strong>est</strong></span> 
     </span>
    </p>
   </div>
   <div class='ocr_carea' id='block_1_10' title="bbox 434 967 1280 1026">
    <p class='ocr_par' dir='ltr' id='par_1_10' title="bbox 434 967 1280 1026">
     <span class='ocr_line' id='line_1_10' title="bbox 434 967 1280 1026; baseline 0.008 -7"><span class='ocrx_word' id='word_1_55' title='bbox 434 967 588 1021; x_wconf 83' lang='lat' dir='ltr'><strong>vobis</strong></span> <span class='ocrx_word' id='word_1_56' title='bbox 622 968 881 1022; x_wconf 84' lang='lat' dir='ltr'><strong>Dominus</strong></span> <span class='ocrx_word' id='word_1_57' title='bbox 916 972 1056 1025; x_wconf 88' lang='lat' dir='ltr'><strong>Dens</strong></span> <span class='ocrx_word' id='word_1_58' title='bbox 1086 983 1280 1026; x_wconf 80' lang='lat' dir='ltr'><strong>vester.</strong></span> 
     </span>
    </p>
   </div>
   <div class='ocr_carea' id='block_1_11' title="bbox 503 1058 2007 1120">
    <p class='ocr_par' dir='ltr' id='par_1_11' title="bbox 503 1058 2007 1120">
     <span class='ocr_line' id='line_1_11' title="bbox 503 1058 2007 1120; baseline 0.005 -8"><span class='ocrx_word' id='word_1_59' title='bbox 503 1058 636 1112; x_wconf 80' lang='lat' dir='ltr'><strong>Item</strong></span> <span class='ocrx_word' id='word_1_60' title='bbox 685 1059 843 1113; x_wconf 81' lang='lat' dir='ltr'><strong>lcetio</strong></span> <span class='ocrx_word' id='word_1_61' title='bbox 894 1061 1014 1115; x_wconf 85' lang='lat' dir='ltr'><strong>libri</strong></span> <span class='ocrx_word' id='word_1_62' title='bbox 1061 1061 1518 1118; x_wconf 67' lang='lat' dir='ltr'><strong>lecllubiBOI‘UIIl.</strong></span> <span class='ocrx_word' id='word_1_63' title='bbox 1561 1064 1619 1116; x_wconf 89' lang='lat' dir='ltr'><strong>In</strong></span> <span class='ocrx_word' id='word_1_64' title='bbox 1662 1064 1853 1117; x_wconf 84' lang='lat' dir='ltr'><strong>diebus</strong></span> <span class='ocrx_word' id='word_1_65' title='bbox 1898 1063 2007 1120; x_wconf 83' lang='lat' dir='ltr'><strong>illis</strong></span> 
     </span>
    </p>
   </div>
   <div class='ocr_carea' id='block_1_12' title="bbox 435 1148 2008 1223">
    <p class='ocr_par' dir='ltr' id='par_1_12' title="bbox 435 1148 2008 1223">
     <span class='ocr_line' id='line_1_12' title="bbox 435 1148 2008 1223; baseline 0.002 -20"><span class='ocrx_word' id='word_1_66' title='bbox 435 1149 737 1203; x_wconf 85' lang='lat' dir='ltr'><strong>orationem</strong></span> <span class='ocrx_word' id='word_1_67' title='bbox 766 1148 1036 1204; x_wconf 71' lang='lat' dir='ltr'><strong>faciebant</strong></span> <span class='ocrx_word' id='word_1_68' title='bbox 1056 1153 1388 1217; x_wconf 78' lang='lat' dir='ltr'><strong>sacerdotes,</strong></span> <span class='ocrx_word' id='word_1_69' title='bbox 1415 1170 1578 1223; x_wconf 82' lang='lat' dir='ltr'><strong>usque</strong></span> <span class='ocrx_word' id='word_1_70' title='bbox 1606 1168 1707 1207; x_wconf 87' lang='lat' dir='ltr'><strong>nec</strong></span> <span class='ocrx_word' id='word_1_71' title='bbox 1732 1168 1827 1208; x_wconf 87' lang='lat' dir='ltr'><strong>vos</strong></span> <span class='ocrx_word' id='word_1_72' title='bbox 1852 1155 2008 1207; x_wconf 87' lang='lat' dir='ltr'><strong>dese-</strong></span> 
     </span>
    </p>
   </div>
   <div class='ocr_carea' id='block_1_13' title="bbox 344 1239 1565 1306">
    <p class='ocr_par' dir='ltr' id='par_1_13' title="bbox 344 1239 1565 1306">
     <span class='ocr_line' id='line_1_13' title="bbox 344 1239 1565 1306; baseline 0.006 -14"><span class='ocrx_word' id='word_1_73' title='bbox 344 1239 351 1245; x_wconf 76' lang='grc'>’</span> <span class='ocrx_word' id='word_1_74' title='bbox 435 1251 518 1293; x_wconf 84' lang='lat' dir='ltr'><strong>rat</strong></span> <span class='ocrx_word' id='word_1_75' title='bbox 542 1242 593 1292; x_wconf 90' lang='lat' dir='ltr'><strong>in</strong></span> <span class='ocrx_word' id='word_1_76' title='bbox 621 1250 863 1306; x_wconf 84' lang='lat' dir='ltr'><strong>tempore</strong></span> <span class='ocrx_word' id='word_1_77' title='bbox 894 1242 1155 1295; x_wconf 78' lang='lat' dir='ltr'><strong>Dominus</strong></span> <span class='ocrx_word' id='word_1_78' title='bbox 1188 1242 1331 1296; x_wconf 88' lang='lat' dir='ltr'><strong>Deus</strong></span> <span class='ocrx_word' id='word_1_79' title='bbox 1362 1251 1565 1300; x_wconf 83' lang='lat' dir='ltr'><strong>vester.</strong></span> 
     </span>
    </p>
   </div>
   <div class='ocr_carea' id='block_1_14' title="bbox 502 1327 2010 1399">
    <p class='ocr_par' dir='ltr' id='par_1_14' title="bbox 502 1327 2010 1399">
     <span class='ocr_line' id='line_1_14' title="bbox 502 1327 2010 1399; baseline 0.007 -19"><span class='ocrx_word' id='word_1_80' title='bbox 502 1327 633 1380; x_wconf 88' lang='lat' dir='ltr'><strong>Item</strong></span> <span class='ocrx_word' id='word_1_81' title='bbox 652 1329 812 1382; x_wconf 85' lang='lat' dir='ltr'><strong>lectio</strong></span> <span class='ocrx_word' id='word_1_82' title='bbox 846 1330 964 1383; x_wconf 88' lang='lat' dir='ltr'><strong>libri</strong></span> <span class='ocrx_word' id='word_1_83' title='bbox 1004 1331 1309 1399; x_wconf 79' lang='lat' dir='ltr'><strong>Sapientiae.</strong></span> <span class='ocrx_word' id='word_1_84' title='bbox 1346 1332 1602 1387; x_wconf 79' lang='lat' dir='ltr'><strong>Miserere</strong></span> <span class='ocrx_word' id='word_1_85' title='bbox 1632 1335 1829 1399; x_wconf 30' lang='lat' dir='ltr'><strong>n‘istri,</strong></span> <span class='ocrx_word' id='word_1_86' title='bbox 1867 1333 2010 1390; x_wconf 83' lang='lat' dir='ltr'><strong>Deus</strong></span> 
     </span>
    </p>
   </div>
   <div class='ocr_carea' id='block_1_15' title="bbox 431 1420 2006 1487">
    <p class='ocr_par' dir='ltr' id='par_1_15' title="bbox 431 1420 2006 1487">
     <span class='ocr_line' id='line_1_15' title="bbox 431 1420 2006 1487; baseline 0.008 -19"><span class='ocrx_word' id='word_1_87' title='bbox 431 1420 694 1481; x_wconf 83' lang='lat' dir='ltr'><strong>omnium,</strong></span> <span class='ocrx_word' id='word_1_88' title='bbox 723 1436 884 1487; x_wconf 82' lang='lat' dir='ltr'><strong>usque</strong></span> <span class='ocrx_word' id='word_1_89' title='bbox 918 1422 1183 1475; x_wconf 77' lang='lat' dir='ltr'><strong>mirabilia</strong></span> <span class='ocrx_word' id='word_1_90' title='bbox 1217 1434 1331 1482; x_wconf 83' lang='lat' dir='ltr'><strong>tua.</strong></span> <span class='ocrx_word' id='word_1_91' title='bbox 1366 1425 1591 1479; x_wconf 82' lang='lat' dir='ltr'><strong>Damiue</strong></span> <span class='ocrx_word' id='word_1_92' title='bbox 1625 1426 1765 1479; x_wconf 88' lang='lat' dir='ltr'><strong>Deus</strong></span> <span class='ocrx_word' id='word_1_93' title='bbox 1798 1437 2006 1481; x_wconf 85' lang='lat' dir='ltr'><strong>noster.</strong></span> 
     </span>
    </p>
   </div>
   <div class='ocr_carea' id='block_1_16' title="bbox 505 1505 2009 1583">
    <p class='ocr_par' dir='ltr' id='par_1_16' title="bbox 505 1505 2009 1583">
     <span class='ocr_line' id='line_1_16' title="bbox 505 1505 2009 1583; baseline 0.008 -26"><span class='ocrx_word' id='word_1_94' title='bbox 505 1505 636 1559; x_wconf 77' lang='lat' dir='ltr'><strong>Item</strong></span> <span class='ocrx_word' id='word_1_95' title='bbox 692 1508 851 1561; x_wconf 78' lang='lat' dir='ltr'><strong>lectio</strong></span> <span class='ocrx_word' id='word_1_96' title='bbox 903 1508 1130 1565; x_wconf 90' lang='lat' dir='ltr'><strong>Danihel</strong></span> <span class='ocrx_word' id='word_1_97' title='bbox 1156 1512 1454 1581; x_wconf 64' lang='lat' dir='ltr'><strong>prepbette.</strong></span> <span class='ocrx_word' id='word_1_98' title='bbox 1504 1512 1746 1583; x_wconf 78' lang='lat' dir='ltr'><strong>Angelus</strong></span> <span class='ocrx_word' id='word_1_99' title='bbox 1798 1515 2009 1570; x_wconf 92' lang='lat' dir='ltr'><strong>Domini</strong></span> 
     </span>
    </p>
   </div>
   <div class='ocr_carea' id='block_1_17' title="bbox 431 1595 2010 1673">
    <p class='ocr_par' dir='ltr' id='par_1_17' title="bbox 431 1595 2010 1673">
     <span class='ocr_line' id='line_1_17' title="bbox 431 1595 2010 1673; baseline 0.009 -27"><span class='ocrx_word' id='word_1_100' title='bbox 431 1595 709 1649; x_wconf 85' lang='lat' dir='ltr'><strong>descendit</strong></span> <span class='ocrx_word' id='word_1_101' title='bbox 740 1612 861 1650; x_wconf 89' lang='lat' dir='ltr'><strong>cum</strong></span> <span class='ocrx_word' id='word_1_102' title='bbox 890 1598 1083 1652; x_wconf 86' lang='lat' dir='ltr'><strong>Azaria</strong></span> <span class='ocrx_word' id='word_1_103' title='bbox 1107 1610 1163 1654; x_wconf 88' lang='lat' dir='ltr'><strong>et</strong></span> <span class='ocrx_word' id='word_1_104' title='bbox 1186 1603 1356 1656; x_wconf 79' lang='lat' dir='ltr'><strong>sociis</strong></span> <span class='ocrx_word' id='word_1_105' title='bbox 1380 1602 1519 1671; x_wconf 84' lang='lat' dir='ltr'><strong>ejus,</strong></span> <span class='ocrx_word' id='word_1_106' title='bbox 1547 1618 1707 1671; x_wconf 80' lang='lat' dir='ltr'><strong>usque</strong></span> <span class='ocrx_word' id='word_1_107' title='bbox 1737 1613 1793 1659; x_wconf 91' lang='lat' dir='ltr'><strong>et</strong></span> <span class='ocrx_word' id='word_1_108' title='bbox 1819 1620 2010 1673; x_wconf 88' lang='lat' dir='ltr'><strong>super-</strong></span> 
     </span>
    </p>
   </div>
   <div class='ocr_carea' id='block_1_18' title="bbox 431 1687 1037 1746">
    <p class='ocr_par' dir='ltr' id='par_1_18' title="bbox 431 1687 1037 1746">
     <span class='ocr_line' id='line_1_18' title="bbox 431 1687 1037 1746; baseline 0.013 -8"><span class='ocrx_word' id='word_1_109' title='bbox 431 1687 699 1742; x_wconf 84' lang='lat' dir='ltr'><strong>exallatus</strong></span> <span class='ocrx_word' id='word_1_110' title='bbox 730 1690 784 1742; x_wconf 92' lang='lat' dir='ltr'><strong>in</strong></span> <span class='ocrx_word' id='word_1_111' title='bbox 816 1693 1037 1746; x_wconf 66' lang='lat' dir='ltr'><strong>saecula.</strong></span> 
     </span>
    </p>
   </div>
   <div class='ocr_carea' id='block_1_19' title="bbox 503 1779 1047 1836">
    <p class='ocr_par' dir='ltr' id='par_1_19' title="bbox 503 1779 1047 1836">
     <span class='ocr_line' id='line_1_19' title="bbox 503 1779 1047 1836; baseline 0.006 -3"><span class='ocrx_word' id='word_1_112' title='bbox 503 1779 636 1833; x_wconf 84' lang='lat' dir='ltr'><strong>Item</strong></span> <span class='ocrx_word' id='word_1_113' title='bbox 669 1781 1047 1836; x_wconf 76' lang='lat' dir='ltr'><strong>benedictione.</strong></span> 
     </span>
    </p>
   </div>
   <div class='ocr_carea' id='block_1_20' title="bbox 504 1870 2011 1949">
    <p class='ocr_par' dir='ltr' id='par_1_20' title="bbox 504 1870 2011 1949">
     <span class='ocr_line' id='line_1_20' title="bbox 504 1870 2011 1949; baseline 0.011 -27"><span class='ocrx_word' id='word_1_114' title='bbox 504 1870 632 1923; x_wconf 90' lang='lat' dir='ltr'><strong>Item</strong></span> <span class='ocrx_word' id='word_1_115' title='bbox 661 1871 822 1925; x_wconf 83' lang='lat' dir='ltr'><strong>lectio</strong></span> <span class='ocrx_word' id='word_1_116' title='bbox 846 1871 1099 1940; x_wconf 69' lang='lat' dir='ltr'><strong>Epistula:</strong></span> <span class='ocrx_word' id='word_1_117' title='bbox 1123 1875 1265 1929; x_wconf 81' lang='lat' dir='ltr'><strong>beati</strong></span> <span class='ocrx_word' id='word_1_118' title='bbox 1293 1876 1446 1933; x_wconf 88' lang='lat' dir='ltr'><strong>Pauli</strong></span> <span class='ocrx_word' id='word_1_119' title='bbox 1474 1880 1706 1949; x_wconf 81' lang='lat' dir='ltr'><strong>apostoli</strong></span> <span class='ocrx_word' id='word_1_120' title='bbox 1736 1881 1802 1936; x_wconf 90' lang='lat' dir='ltr'><strong>ad</strong></span> <span class='ocrx_word' id='word_1_121' title='bbox 1831 1880 2011 1939; x_wconf 84' lang='lat' dir='ltr'><strong>Thes-</strong></span> 
     </span>
    </p>
   </div>
   <div class='ocr_carea' id='block_1_21' title="bbox 432 1961 2007 2043">
    <p class='ocr_par' dir='ltr' id='par_1_21' title="bbox 432 1961 2007 2043">
     <span class='ocr_line' id='line_1_21' title="bbox 432 1961 2007 2043; baseline 0.01 -29"><span class='ocrx_word' id='word_1_122' title='bbox 432 1961 824 2017; x_wconf 84' lang='lat' dir='ltr'><strong>salonicenses.</strong></span> <span class='ocrx_word' id='word_1_123' title='bbox 873 1964 1114 2030; x_wconf 84' lang='lat' dir='ltr'><strong>Fratres,</strong></span> <span class='ocrx_word' id='word_1_124' title='bbox 1152 1982 1408 2039; x_wconf 81' lang='lat' dir='ltr'><strong>rogamus</strong></span> <span class='ocrx_word' id='word_1_125' title='bbox 1460 1986 1577 2037; x_wconf 89' lang='lat' dir='ltr'><strong>vos,</strong></span> <span class='ocrx_word' id='word_1_126' title='bbox 1609 1975 1872 2043; x_wconf 90' lang='lat' dir='ltr'><strong>corripite</strong></span> <span class='ocrx_word' id='word_1_127' title='bbox 1924 1978 2007 2029; x_wconf 81' lang='lat' dir='ltr'><strong>in-</strong></span> 
     </span>
    </p>
   </div>
   <div class='ocr_carea' id='block_1_22' title="bbox 432 2056 2010 2126">
    <p class='ocr_par' dir='ltr' id='par_1_22' title="bbox 432 2056 2010 2126">
     <span class='ocr_line' id='line_1_22' title="bbox 432 2056 2010 2126; baseline 0.011 -22"><span class='ocrx_word' id='word_1_128' title='bbox 432 2056 681 2123; x_wconf 89' lang='lat' dir='ltr'><strong>quietos,</strong></span> <span class='ocrx_word' id='word_1_129' title='bbox 734 2072 895 2126; x_wconf 80' lang='lat' dir='ltr'><strong>usque</strong></span> <span class='ocrx_word' id='word_1_130' title='bbox 944 2059 997 2111; x_wconf 87' lang='lat' dir='ltr'><strong>in</strong></span> <span class='ocrx_word' id='word_1_131' title='bbox 1043 2060 1336 2115; x_wconf 85' lang='lat' dir='ltr'><strong>adventum</strong></span> <span class='ocrx_word' id='word_1_132' title='bbox 1385 2062 1600 2119; x_wconf 86' lang='lat' dir='ltr'><strong>Domini</strong></span> <span class='ocrx_word' id='word_1_133' title='bbox 1657 2068 1825 2120; x_wconf 85' lang='lat' dir='ltr'><strong>nostri</strong></span> <span class='ocrx_word' id='word_1_134' title='bbox 1880 2066 2010 2122; x_wconf 87' lang='lat' dir='ltr'><strong>Jesu</strong></span> 
     </span>
    </p>
   </div>
   <div class='ocr_carea' id='block_1_23' title="bbox 432 2146 2009 2226">
    <p class='ocr_par' dir='ltr' id='par_1_23' title="bbox 432 2146 2009 2226">
     <span class='ocr_line' id='line_1_23' title="bbox 432 2146 2009 2226; baseline 0.006 -25"><span class='ocrx_word' id='word_1_135' title='bbox 432 2146 635 2201; x_wconf 90' lang='lat' dir='ltr'><strong>Christi</strong></span> <span class='ocrx_word' id='word_1_136' title='bbox 665 2160 929 2203; x_wconf 85' lang='lat' dir='ltr'><strong>servetur.</strong></span> <span class='ocrx_word' id='word_1_137' title='bbox 963 2149 1315 2222; x_wconf 84' lang='lat' dir='ltr'><strong>Evangelium</strong></span> <span class='ocrx_word' id='word_1_138' title='bbox 1347 2158 1646 2210; x_wconf 88' lang='lat' dir='ltr'><strong>secundum</strong></span> <span class='ocrx_word' id='word_1_139' title='bbox 1678 2158 2009 2226; x_wconf 76' lang='lat' dir='ltr'><strong>llatthaeum,</strong></span> 
     </span>
    </p>
   </div>
   <div class='ocr_carea' id='block_1_24' title="bbox 432 2240 2013 2316">
    <p class='ocr_par' dir='ltr' id='par_1_24' title="bbox 432 2240 2013 2316">
     <span class='ocr_line' id='line_1_24' title="bbox 432 2240 2013 2316; baseline 0.011 -25"><span class='ocrx_word' id='word_1_140' title='bbox 432 2252 552 2308; x_wconf 92' lang='lat' dir='ltr'><strong>cap.</strong></span> <span class='ocrx_word' id='word_1_141' title='bbox 580 2254 785 2306; x_wconf 73' lang='lat' dir='ltr'><strong>CLXXII,</strong></span> <span class='ocrx_word' id='word_1_142' title='bbox 812 2240 871 2294; x_wconf 91' lang='lat' dir='ltr'><strong>ln</strong></span> <span class='ocrx_word' id='word_1_143' title='bbox 899 2242 989 2297; x_wconf 90' lang='lat' dir='ltr'><strong>illo</strong></span> <span class='ocrx_word' id='word_1_144' title='bbox 1014 2252 1257 2312; x_wconf 90' lang='lat' dir='ltr'><strong>tempore</strong></span> <span class='ocrx_word' id='word_1_145' title='bbox 1281 2250 1582 2316; x_wconf 83' lang='lat' dir='ltr'><strong>assumpsit</strong></span> <span class='ocrx_word' id='word_1_146' title='bbox 1611 2248 1769 2304; x_wconf 85' lang='lat' dir='ltr'><strong>Jesns</strong></span> <span class='ocrx_word' id='word_1_147' title='bbox 1793 2250 2013 2309; x_wconf 86' lang='lat' dir='ltr'><strong>Petrum</strong></span> 
     </span>
    </p>
   </div>
   <div class='ocr_carea' id='block_1_25' title="bbox 431 2328 2011 2411">
    <p class='ocr_par' dir='ltr' id='par_1_25' title="bbox 431 2328 2011 2411">
     <span class='ocr_line' id='line_1_25' title="bbox 431 2328 2011 2411; baseline 0.009 -27"><span class='ocrx_word' id='word_1_148' title='bbox 431 2338 487 2384; x_wconf 89' lang='lat' dir='ltr'><strong>et</strong></span> <span class='ocrx_word' id='word_1_149' title='bbox 511 2328 770 2385; x_wconf 87' lang='lat' dir='ltr'><strong>Jacobum</strong></span> <span class='ocrx_word' id='word_1_150' title='bbox 803 2344 858 2387; x_wconf 90' lang='lat' dir='ltr'><strong>et</strong></span> <span class='ocrx_word' id='word_1_151' title='bbox 884 2332 1151 2390; x_wconf 81' lang='lat' dir='ltr'><strong>Joannem</strong></span> <span class='ocrx_word' id='word_1_152' title='bbox 1181 2336 1399 2394; x_wconf 82' lang='lat' dir='ltr'><strong>fratrem</strong></span> <span class='ocrx_word' id='word_1_153' title='bbox 1431 2342 1572 2411; x_wconf 83' lang='lat' dir='ltr'><strong>ejus,</strong></span> <span class='ocrx_word' id='word_1_154' title='bbox 1605 2358 1767 2411; x_wconf 83' lang='lat' dir='ltr'><strong>usque</strong></span> <span class='ocrx_word' id='word_1_155' title='bbox 1802 2356 1832 2394; x_wconf 88' lang='lat' dir='ltr'><strong>a</strong></span> <span class='ocrx_word' id='word_1_156' title='bbox 1866 2360 2011 2398; x_wconf 89' lang='lat' dir='ltr'><strong>mor-</strong></span> 
     </span>
    </p>
   </div>
   <div class='ocr_carea' id='block_1_26' title="bbox 434 2425 837 2495">
    <p class='ocr_par' dir='ltr' id='par_1_26' title="bbox 434 2425 837 2495">
     <span class='ocr_line' id='line_1_26' title="bbox 434 2425 837 2495; baseline 0.007 -21"><span class='ocrx_word' id='word_1_157' title='bbox 434 2425 541 2476; x_wconf 90' lang='lat' dir='ltr'><strong>tuis</strong></span> <span class='ocrx_word' id='word_1_158' title='bbox 574 2435 837 2495; x_wconf 75' lang='lat' dir='ltr'><strong>resurget.</strong></span> 
     </span>
    </p>
   </div>
   <div class='ocr_carea' id='block_1_27' title="bbox 508 2514 2013 2590">
    <p class='ocr_par' dir='ltr' id='par_1_27' title="bbox 508 2514 2013 2590">
     <span class='ocr_line' id='line_1_27' title="bbox 508 2514 2013 2590; baseline 0.011 -25"><span class='ocrx_word' id='word_1_159' title='bbox 508 2514 790 2568; x_wconf 78' lang='lat' dir='ltr'><strong>Doniinica</strong></span> <span class='ocrx_word' id='word_1_160' title='bbox 849 2516 1020 2583; x_wconf 79' lang='lat' dir='ltr'><strong>prima</strong></span> <span class='ocrx_word' id='word_1_161' title='bbox 1071 2517 1209 2571; x_wconf 88' lang='lat' dir='ltr'><strong>infra</strong></span> <span class='ocrx_word' id='word_1_162' title='bbox 1264 2519 1771 2590; x_wconf 81' lang='lat' dir='ltr'><strong>Quadragesimam.</strong></span> <span class='ocrx_word' id='word_1_163' title='bbox 1826 2524 2013 2582; x_wconf 87' lang='lat' dir='ltr'><strong>Lectio</strong></span> 
     </span>
    </p>
   </div>
   <div class='ocr_carea' id='block_1_28' title="bbox 434 2602 2009 2678">
    <p class='ocr_par' dir='ltr' id='par_1_28' title="bbox 434 2602 2009 2678">
     <span class='ocr_line' id='line_1_28' title="bbox 434 2602 2009 2678; baseline 0.011 -22"><span class='ocrx_word' id='word_1_164' title='bbox 434 2602 688 2671; x_wconf 67' lang='grc' dir='ltr'><strong>Ευίειυιω</strong></span> <span class='ocrx_word' id='word_1_165' title='bbox 727 2606 873 2661; x_wconf 80' lang='lat' dir='ltr'><strong>beati</strong></span> <span class='ocrx_word' id='word_1_166' title='bbox 907 2605 1059 2661; x_wconf 87' lang='lat' dir='ltr'><strong>Pauli</strong></span> <span class='ocrx_word' id='word_1_167' title='bbox 1094 2613 1325 2678; x_wconf 84' lang='lat' dir='ltr'><strong>apostoli</strong></span> <span class='ocrx_word' id='word_1_168' title='bbox 1363 2613 1428 2665; x_wconf 90' lang='lat' dir='ltr'><strong>ad</strong></span> <span class='ocrx_word' id='word_1_169' title='bbox 1460 2611 2009 2674; x_wconf 86' lang='lat' dir='ltr'><strong>Thessalonicenses.</strong></span> 
     </span>
    </p>
   </div>
   <div class='ocr_carea' id='block_1_29' title="bbox 434 2695 2012 2769">
    <p class='ocr_par' dir='ltr' id='par_1_29' title="bbox 434 2695 2012 2769">
     <span class='ocr_line' id='line_1_29' title="bbox 434 2695 2012 2769; baseline 0.011 -20"><span class='ocrx_word' id='word_1_170' title='bbox 434 2695 677 2760; x_wconf 84' lang='lat' dir='ltr'><strong>Fratres,</strong></span> <span class='ocrx_word' id='word_1_171' title='bbox 730 2714 984 2769; x_wconf 79' lang='lat' dir='ltr'><strong>rogamus</strong></span> <span class='ocrx_word' id='word_1_172' title='bbox 1035 2717 1153 2767; x_wconf 90' lang='lat' dir='ltr'><strong>vos,</strong></span> <span class='ocrx_word' id='word_1_173' title='bbox 1191 2713 1246 2756; x_wconf 89' lang='lat' dir='ltr'><strong>et</strong></span> <span class='ocrx_word' id='word_1_174' title='bbox 1296 2704 1649 2763; x_wconf 79' lang='lat' dir='ltr'><strong>obsecramus</strong></span> <span class='ocrx_word' id='word_1_175' title='bbox 1686 2709 1740 2762; x_wconf 91' lang='lat' dir='ltr'><strong>in</strong></span> <span class='ocrx_word' id='word_1_176' title='bbox 1784 2709 2012 2766; x_wconf 88' lang='lat' dir='ltr'><strong>Domino</strong></span> 
     </span>
    </p>
   </div>
   <div class='ocr_carea' id='block_1_30' title="bbox 435 2787 2013 2860">
    <p class='ocr_par' dir='ltr' id='par_1_30' title="bbox 435 2787 2013 2860">
     <span class='ocr_line' id='line_1_30' title="bbox 435 2787 2013 2860; baseline 0.011 -19"><span class='ocrx_word' id='word_1_177' title='bbox 435 2787 584 2851; x_wconf 85' lang='lat' dir='ltr'><strong>Jesu,</strong></span> <span class='ocrx_word' id='word_1_178' title='bbox 618 2806 779 2860; x_wconf 80' lang='lat' dir='ltr'><strong>usque</strong></span> <span class='ocrx_word' id='word_1_179' title='bbox 815 2793 907 2846; x_wconf 90' lang='lat' dir='ltr'><strong>sed</strong></span> <span class='ocrx_word' id='word_1_180' title='bbox 957 2794 1011 2846; x_wconf 90' lang='lat' dir='ltr'><strong>in</strong></span> <span class='ocrx_word' id='word_1_181' title='bbox 1057 2795 1493 2853; x_wconf 85' lang='lat' dir='ltr'><strong>sanctiﬁcatione</strong></span> <span class='ocrx_word' id='word_1_182' title='bbox 1538 2800 1592 2853; x_wconf 91' lang='lat' dir='ltr'><strong>in</strong></span> <span class='ocrx_word' id='word_1_183' title='bbox 1633 2800 1848 2856; x_wconf 88' lang='lat' dir='ltr'><strong>Christo</strong></span> <span class='ocrx_word' id='word_1_184' title='bbox 1881 2801 2013 2859; x_wconf 90' lang='lat' dir='ltr'><strong>Jesu</strong></span> 
     </span>
    </p>
   </div>
   <div class='ocr_carea' id='block_1_31' title="bbox 436 2879 2007 2958">
    <p class='ocr_par' dir='ltr' id='par_1_31' title="bbox 436 2879 2007 2958">
     <span class='ocr_line' id='line_1_31' title="bbox 436 2879 2007 2958; baseline 0.011 -28"><span class='ocrx_word' id='word_1_185' title='bbox 436 2879 665 2933; x_wconf 87' lang='lat' dir='ltr'><strong>Domino</strong></span> <span class='ocrx_word' id='word_1_186' title='bbox 699 2895 906 2939; x_wconf 88' lang='lat' dir='ltr'><strong>nostro.</strong></span> <span class='ocrx_word' id='word_1_187' title='bbox 946 2884 1298 2953; x_wconf 86' lang='lat' dir='ltr'><strong>Evangelium</strong></span> <span class='ocrx_word' id='word_1_188' title='bbox 1330 2889 1634 2944; x_wconf 89' lang='lat' dir='ltr'><strong>secundum</strong></span> <span class='ocrx_word' id='word_1_189' title='bbox 1670 2891 2007 2958; x_wconf 68' lang='lat' dir='ltr'><strong>Mattbasum,</strong></span> 
     </span>
    </p>
   </div>
   <div class='ocr_carea' id='block_1_32' title="bbox 434 2976 2012 3056">
    <p class='ocr_par' dir='ltr' id='par_1_32' title="bbox 434 2976 2012 3056">
     <span class='ocr_line' id='line_1_32' title="bbox 434 2976 2012 3056; baseline 0.01 -29"><span class='ocrx_word' id='word_1_190' title='bbox 434 2988 553 3042; x_wconf 89' lang='lat' dir='ltr'><strong>cap.</strong></span> <span class='ocrx_word' id='word_1_191' title='bbox 598 2989 727 3040; x_wconf 81' lang='lat' dir='ltr'><strong>LVII,</strong></span> <span class='ocrx_word' id='word_1_192' title='bbox 773 2976 1035 3044; x_wconf 77' lang='lat' dir='ltr'><strong>Egressus</strong></span> <span class='ocrx_word' id='word_1_193' title='bbox 1070 2979 1195 3032; x_wconf 89' lang='lat' dir='ltr'><strong>inde</strong></span> <span class='ocrx_word' id='word_1_194' title='bbox 1239 2979 1395 3037; x_wconf 89' lang='lat' dir='ltr'><strong>Jesus</strong></span> <span class='ocrx_word' id='word_1_195' title='bbox 1438 2983 1667 3039; x_wconf 84' lang='lat' dir='ltr'><strong>secessit</strong></span> <span class='ocrx_word' id='word_1_196' title='bbox 1716 2984 1771 3040; x_wconf 87' lang='lat' dir='ltr'><strong>in</strong></span> <span class='ocrx_word' id='word_1_197' title='bbox 1827 2997 2012 3056; x_wconf 88' lang='lat' dir='ltr'><strong>partes</strong></span> 
     </span>
    </p>
   </div>
   <div class='ocr_carea' id='block_1_33' title="bbox 436 3064 1178 3137">
    <p class='ocr_par' dir='ltr' id='par_1_33' title="bbox 436 3064 1178 3137">
     <span class='ocr_line' id='line_1_33' title="bbox 436 3064 1178 3137; baseline 0.008 -19"><span class='ocrx_word' id='word_1_198' title='bbox 436 3064 585 3136; x_wconf 85' lang='lat' dir='ltr'><strong>Tyri,</strong></span> <span class='ocrx_word' id='word_1_199' title='bbox 618 3083 777 3137; x_wconf 82' lang='lat' dir='ltr'><strong>usque</strong></span> <span class='ocrx_word' id='word_1_200' title='bbox 809 3084 874 3122; x_wconf 84' lang='lat' dir='ltr'><strong>ex</strong></span> <span class='ocrx_word' id='word_1_201' title='bbox 908 3070 993 3122; x_wconf 87' lang='lat' dir='ltr'><strong>illa</strong></span> <span class='ocrx_word' id='word_1_202' title='bbox 1023 3071 1178 3125; x_wconf 89' lang='lat' dir='ltr'><strong>hora.</strong></span> 
     </span>
    </p>
   </div>
   <div class='ocr_carea' id='block_1_34' title="bbox 505 3142 2083 3235">
    <p class='ocr_par' dir='ltr' id='par_1_34' title="bbox 505 3142 2083 3235">
     <span class='ocr_line' id='line_1_34' title="bbox 505 3142 2083 3235; baseline 0.01 -25"><span class='ocrx_word' id='word_1_203' title='bbox 505 3157 665 3213; x_wconf 86' lang='lat' dir='ltr'><strong>Feria</strong></span> <span class='ocrx_word' id='word_1_204' title='bbox 722 3176 782 3214; x_wconf 91' lang='lat' dir='ltr'><strong>ll.</strong></span> <span class='ocrx_word' id='word_1_205' title='bbox 838 3160 1023 3216; x_wconf 85' lang='lat' dir='ltr'><strong>Lectio</strong></span> <span class='ocrx_word' id='word_1_206' title='bbox 1081 3162 1271 3219; x_wconf 78' lang='lat' dir='ltr'><strong>Daniel</strong></span> <span class='ocrx_word' id='word_1_207' title='bbox 1332 3169 1625 3235; x_wconf 67' lang='lat' dir='ltr'><strong>pr0plietar.</strong></span> <span class='ocrx_word' id='word_1_208' title='bbox 1701 3170 1757 3224; x_wconf 90' lang='lat' dir='ltr'><strong>lu</strong></span> <span class='ocrx_word' id='word_1_209' title='bbox 1822 3142 2083 3227; x_wconf 76' lang='lat' dir='ltr'><strong>diebusc</strong></span> 
     </span>
    </p>
   </div>
   <div class='ocr_carea' id='block_1_35' title="bbox 434 3241 2012 3330">
    <p class='ocr_par' dir='ltr' id='par_1_35' title="bbox 434 3241 2012 3330">
     <span class='ocr_line' id='line_1_35' title="bbox 434 3241 2012 3330; baseline 0.009 -29"><span class='ocrx_word' id='word_1_210' title='bbox 434 3248 541 3302; x_wconf 89' lang='lat' dir='ltr'><strong>illis</strong></span> <span class='ocrx_word' id='word_1_211' title='bbox 570 3241 746 3303; x_wconf 86' lang='lat' dir='ltr'><strong>oravit</strong></span> <span class='ocrx_word' id='word_1_212' title='bbox 780 3252 967 3306; x_wconf 85' lang='lat' dir='ltr'><strong>Daniel</strong></span> <span class='ocrx_word' id='word_1_213' title='bbox 1017 3253 1226 3317; x_wconf 88' lang='lat' dir='ltr'><strong>dicens,</strong></span> <span class='ocrx_word' id='word_1_214' title='bbox 1260 3271 1422 3326; x_wconf 79' lang='lat' dir='ltr'><strong>usque</strong></span> <span class='ocrx_word' id='word_1_215' title='bbox 1472 3269 1527 3312; x_wconf 89' lang='lat' dir='ltr'><strong>et</strong></span> <span class='ocrx_word' id='word_1_216' title='bbox 1560 3274 1724 3327; x_wconf 86' lang='lat' dir='ltr'><strong>super</strong></span> <span class='ocrx_word' id='word_1_217' title='bbox 1754 3262 2012 3330; x_wconf 88' lang='lat' dir='ltr'><strong>populum</strong></span> 
     </span>
    </p>
   </div>
   <div class='ocr_carea' id='block_1_36' title="bbox 437 3342 2011 3417">
    <p class='ocr_par' dir='ltr' id='par_1_36' title="bbox 437 3342 2011 3417">
     <span class='ocr_line' id='line_1_36' title="bbox 437 3342 2011 3417; baseline 0.009 -23"><span class='ocrx_word' id='word_1_218' title='bbox 437 3351 611 3406; x_wconf 90' lang='lat' dir='ltr'><strong>tuum,</strong></span> <span class='ocrx_word' id='word_1_219' title='bbox 644 3342 867 3396; x_wconf 89' lang='lat' dir='ltr'><strong>Domine</strong></span> <span class='ocrx_word' id='word_1_220' title='bbox 899 3344 1039 3397; x_wconf 86' lang='lat' dir='ltr'><strong>Deus</strong></span> <span class='ocrx_word' id='word_1_221' title='bbox 1071 3355 1283 3400; x_wconf 91' lang='lat' dir='ltr'><strong>noster.</strong></span> <span class='ocrx_word' id='word_1_222' title='bbox 1312 3346 1665 3417; x_wconf 79' lang='lat' dir='ltr'><strong>Evangelium</strong></span> <span class='ocrx_word' id='word_1_223' title='bbox 1712 3356 2011 3409; x_wconf 88' lang='lat' dir='ltr'><strong>secundum</strong></span> 
     </span>
    </p>
   </div>
   <div class='ocr_carea' id='block_1_37' title="bbox 434 3432 2007 3515">
    <p class='ocr_par' dir='ltr' id='par_1_37' title="bbox 434 3432 2007 3515">
     <span class='ocr_line' id='line_1_37' title="bbox 434 3432 2007 3515; baseline 0.01 -30"><span class='ocrx_word' id='word_1_224' title='bbox 434 3432 727 3499; x_wconf 85' lang='lat' dir='ltr'><strong>Joannem,</strong></span> <span class='ocrx_word' id='word_1_225' title='bbox 755 3448 873 3501; x_wconf 91' lang='lat' dir='ltr'><strong>cap.</strong></span> <span class='ocrx_word' id='word_1_226' title='bbox 902 3450 1084 3501; x_wconf 80' lang='lat' dir='ltr'><strong>Lxxlx,</strong></span> <span class='ocrx_word' id='word_1_227' title='bbox 1118 3437 1261 3492; x_wconf 90' lang='lat' dir='ltr'><strong>Dixit</strong></span> <span class='ocrx_word' id='word_1_228' title='bbox 1291 3437 1449 3493; x_wconf 86' lang='lat' dir='ltr'><strong>Jesus</strong></span> <span class='ocrx_word' id='word_1_229' title='bbox 1472 3443 1647 3496; x_wconf 86' lang='lat' dir='ltr'><strong>turbis</strong></span> <span class='ocrx_word' id='word_1_230' title='bbox 1672 3441 2007 3515; x_wconf 67' lang='lat' dir='ltr'><strong>Judaeorum,</strong></span> 
     </span>
    </p>
   </div>
   <div class='ocr_carea' id='block_1_38' title="bbox 436 3523 2014 3602">
    <p class='ocr_par' dir='ltr' id='par_1_38' title="bbox 436 3523 2014 3602">
     <span class='ocr_line' id='line_1_38' title="bbox 436 3523 2014 3602; baseline 0.009 -24"><span class='ocrx_word' id='word_1_231' title='bbox 436 3523 550 3592; x_wconf 78' lang='lat' dir='ltr'><strong>Ego</strong></span> <span class='ocrx_word' id='word_1_232' title='bbox 592 3524 751 3589; x_wconf 83' lang='lat' dir='ltr'><strong>vado,</strong></span> <span class='ocrx_word' id='word_1_233' title='bbox 795 3535 848 3578; x_wconf 91' lang='lat' dir='ltr'><strong>et</strong></span> <span class='ocrx_word' id='word_1_234' title='bbox 873 3527 1128 3593; x_wconf 77' lang='lat' dir='ltr'><strong>quzeretis</strong></span> <span class='ocrx_word' id='word_1_235' title='bbox 1177 3542 1287 3595; x_wconf 86' lang='lat' dir='ltr'><strong>me,</strong></span> <span class='ocrx_word' id='word_1_236' title='bbox 1323 3546 1486 3600; x_wconf 78' lang='lat' dir='ltr'><strong>usque</strong></span> <span class='ocrx_word' id='word_1_237' title='bbox 1512 3546 1633 3602; x_wconf 72' lang='lat' dir='ltr'><strong>qua:</strong></span> <span class='ocrx_word' id='word_1_238' title='bbox 1668 3533 1860 3601; x_wconf 85' lang='lat' dir='ltr'><strong>placita</strong></span> <span class='ocrx_word' id='word_1_239' title='bbox 1886 3546 2014 3592; x_wconf 88' lang='lat' dir='ltr'><strong>sunt</strong></span> 
     </span>
    </p>
   </div>
   <div class='ocr_carea' id='block_1_39' title="bbox 435 3612 922 3682">
    <p class='ocr_par' dir='ltr' id='par_1_39' title="bbox 435 3612 922 3682">
     <span class='ocr_line' id='line_1_39' title="bbox 435 3612 922 3682; baseline 0.008 -17"><span class='ocrx_word' id='word_1_240' title='bbox 435 3614 485 3666; x_wconf 90' lang='lat' dir='ltr'><strong>ei</strong></span> <span class='ocrx_word' id='word_1_241' title='bbox 520 3612 661 3667; x_wconf 89' lang='lat' dir='ltr'><strong>facio</strong></span> <span class='ocrx_word' id='word_1_242' title='bbox 689 3629 922 3682; x_wconf 80' lang='lat' dir='ltr'><strong>semper.</strong></span> 
     </span>
    </p>
   </div>
   <div class='ocr_carea' id='block_1_40' title="bbox 506 3703 2011 3780">
    <p class='ocr_par' dir='ltr' id='par_1_40' title="bbox 506 3703 2011 3780">
     <span class='ocr_line' id='line_1_40' title="bbox 506 3703 2011 3780; baseline 0.012 -22"><span class='ocrx_word' id='word_1_243' title='bbox 506 3703 661 3759; x_wconf 86' lang='lat' dir='ltr'><strong>Feria</strong></span> <span class='ocrx_word' id='word_1_244' title='bbox 699 3723 774 3762; x_wconf 88' lang='grc' dir='ltr'>ιιι.</span> <span class='ocrx_word' id='word_1_245' title='bbox 814 3707 998 3763; x_wconf 85' lang='lat' dir='ltr'><strong>Lectio</strong></span> <span class='ocrx_word' id='word_1_246' title='bbox 1036 3710 1158 3766; x_wconf 91' lang='lat' dir='ltr'><strong>libri</strong></span> <span class='ocrx_word' id='word_1_247' title='bbox 1200 3712 1427 3780; x_wconf 85' lang='lat' dir='ltr'><strong>Regum.</strong></span> <span class='ocrx_word' id='word_1_248' title='bbox 1462 3716 1517 3769; x_wconf 89' lang='lat' dir='ltr'><strong>In</strong></span> <span class='ocrx_word' id='word_1_249' title='bbox 1560 3716 1752 3772; x_wconf 89' lang='lat' dir='ltr'><strong>diebus</strong></span> <span class='ocrx_word' id='word_1_250' title='bbox 1786 3719 1895 3775; x_wconf 84' lang='lat' dir='ltr'><strong>illis</strong></span> <span class='ocrx_word' id='word_1_251' title='bbox 1929 3720 2011 3775; x_wconf 87' lang='lat' dir='ltr'><strong>fa-</strong></span> 
     </span>
    </p>
   </div>
   <div class='ocr_carea' id='block_1_41' title="bbox 435 3801 2010 3880">
    <p class='ocr_par' dir='ltr' id='par_1_41' title="bbox 435 3801 2010 3880">
     <span class='ocr_line' id='line_1_41' title="bbox 435 3801 2010 3880; baseline 0.013 -30"><span class='ocrx_word' id='word_1_252' title='bbox 435 3806 556 3851; x_wconf 90' lang='lat' dir='ltr'><strong>ctus</strong></span> <span class='ocrx_word' id='word_1_253' title='bbox 577 3808 861 3854; x_wconf 68' lang='lat' dir='ltr'><strong>est‘sermo</strong></span> <span class='ocrx_word' id='word_1_254' title='bbox 887 3801 1098 3858; x_wconf 90' lang='lat' dir='ltr'><strong>Domini</strong></span> <span class='ocrx_word' id='word_1_255' title='bbox 1130 3807 1195 3860; x_wconf 89' lang='lat' dir='ltr'><strong>ad</strong></span> <span class='ocrx_word' id='word_1_256' title='bbox 1219 3806 1414 3876; x_wconf 84' lang='lat' dir='ltr'><strong>Ellam,</strong></span> <span class='ocrx_word' id='word_1_257' title='bbox 1441 3825 1602 3880; x_wconf 78' lang='lat' dir='ltr'><strong>usque</strong></span> <span class='ocrx_word' id='word_1_258' title='bbox 1627 3812 1768 3880; x_wconf 91' lang='lat' dir='ltr'><strong>quod</strong></span> <span class='ocrx_word' id='word_1_259' title='bbox 1799 3813 2010 3870; x_wconf 86' lang='lat' dir='ltr'><strong>locutus</strong></span> 
     </span>
    </p>
   </div>
   <div class='ocr_carea' id='block_1_42' title="bbox 436 3888 2010 3970">
    <p class='ocr_par' dir='ltr' id='par_1_42' title="bbox 436 3888 2010 3970">
     <span class='ocr_line' id='line_1_42' title="bbox 436 3888 2010 3970; baseline 0.011 -29"><span class='ocrx_word' id='word_1_260' title='bbox 436 3888 592 3942; x_wconf 88' lang='lat' dir='ltr'><strong>estin</strong></span> <span class='ocrx_word' id='word_1_261' title='bbox 616 3905 777 3944; x_wconf 88' lang='lat' dir='ltr'><strong>manu</strong></span> <span class='ocrx_word' id='word_1_262' title='bbox 799 3889 949 3948; x_wconf 63' lang='lat' dir='ltr'><strong>Elite.</strong></span> <span class='ocrx_word' id='word_1_263' title='bbox 977 3893 1326 3966; x_wconf 85' lang='lat' dir='ltr'><strong>Evangelium</strong></span> <span class='ocrx_word' id='word_1_264' title='bbox 1351 3901 1651 3955; x_wconf 82' lang='lat' dir='ltr'><strong>secundum</strong></span> <span class='ocrx_word' id='word_1_265' title='bbox 1671 3900 2010 3970; x_wconf 66' lang='lat' dir='ltr'><strong>Mattbieum,</strong></span> 
     </span>
    </p>
   </div>
   <div class='ocr_carea' id='block_1_43' title="bbox 434 3983 2010 4049">
    <p class='ocr_par' dir='ltr' id='par_1_43' title="bbox 434 3983 2010 4049">
     <span class='ocr_line' id='line_1_43' title="bbox 434 3983 2010 4049; baseline 0.009 -16"><span class='ocrx_word' id='word_1_266' title='bbox 434 3994 556 4047; x_wconf 88' lang='lat' dir='ltr'><strong>cap.</strong></span> <span class='ocrx_word' id='word_1_267' title='bbox 581 3995 814 4048; x_wconf 79' lang='lat' dir='ltr'><strong>ccxxv&quot;,</strong></span> <span class='ocrx_word' id='word_1_268' title='bbox 834 3983 1073 4042; x_wconf 85' lang='lat' dir='ltr'><strong>Locutus</strong></span> <span class='ocrx_word' id='word_1_269' title='bbox 1095 3998 1177 4044; x_wconf 89' lang='lat' dir='ltr'><strong>est</strong></span> <span class='ocrx_word' id='word_1_270' title='bbox 1197 3985 1354 4045; x_wconf 87' lang='lat' dir='ltr'><strong>Jesus</strong></span> <span class='ocrx_word' id='word_1_271' title='bbox 1376 3990 1441 4044; x_wconf 90' lang='lat' dir='ltr'><strong>ad</strong></span> <span class='ocrx_word' id='word_1_272' title='bbox 1467 3991 1654 4047; x_wconf 80' lang='lat' dir='ltr'><strong>turbas</strong></span> <span class='ocrx_word' id='word_1_273' title='bbox 1678 4002 1731 4047; x_wconf 89' lang='lat' dir='ltr'><strong>et</strong></span> <span class='ocrx_word' id='word_1_274' title='bbox 1756 3992 1822 4045; x_wconf 89' lang='lat' dir='ltr'><strong>ad</strong></span> <span class='ocrx_word' id='word_1_275' title='bbox 1845 3993 2010 4049; x_wconf 82' lang='lat' dir='ltr'><strong>disci-</strong></span> 
     </span>
    </p>
   </div>
   <div class='ocr_carea' id='block_1_44' title="bbox 436 4072 1556 4144">
    <p class='ocr_par' dir='ltr' id='par_1_44' title="bbox 436 4072 1556 4144">
     <span class='ocr_line' id='line_1_44' title="bbox 436 4072 1556 4144; baseline 0.014 -21"><span class='ocrx_word' id='word_1_276' title='bbox 436 4072 591 4140; x_wconf 90' lang='lat' dir='ltr'><strong>pulos</strong></span> <span class='ocrx_word' id='word_1_277' title='bbox 618 4089 747 4129; x_wconf 89' lang='lat' dir='ltr'><strong>suos</strong></span> <span class='ocrx_word' id='word_1_278' title='bbox 775 4077 981 4141; x_wconf 74' lang='lat' dir='ltr'><strong>dicens,</strong></span> <span class='ocrx_word' id='word_1_279' title='bbox 1010 4094 1173 4144; x_wconf 78' lang='lat' dir='ltr'><strong>usque</strong></span> <span class='ocrx_word' id='word_1_280' title='bbox 1206 4082 1556 4139; x_wconf 85' lang='lat' dir='ltr'><strong>exaltabitur.</strong></span> 
     </span>
    </p>
   </div>
   <div class='ocr_carea' id='block_1_45' title="bbox 508 4162 2009 4240">
    <p class='ocr_par' dir='ltr' id='par_1_45' title="bbox 508 4162 2009 4240">
     <span class='ocr_line' id='line_1_45' title="bbox 508 4162 2009 4240; baseline 0.016 -24"><span class='ocrx_word' id='word_1_281' title='bbox 508 4162 663 4218; x_wconf 86' lang='lat' dir='ltr'><strong>Feria</strong></span> <span class='ocrx_word' id='word_1_282' title='bbox 698 4180 773 4220; x_wconf 83' lang='grc' dir='ltr'><strong>ιν.</strong></span> <span class='ocrx_word' id='word_1_283' title='bbox 819 4166 1003 4222; x_wconf 82' lang='lat' dir='ltr'><strong>Lectio</strong></span> <span class='ocrx_word' id='word_1_284' title='bbox 1032 4169 1154 4224; x_wconf 87' lang='lat' dir='ltr'><strong>libri</strong></span> <span class='ocrx_word' id='word_1_285' title='bbox 1188 4170 1400 4229; x_wconf 85' lang='lat' dir='ltr'><strong>Hester.</strong></span> <span class='ocrx_word' id='word_1_286' title='bbox 1433 4174 1493 4230; x_wconf 90' lang='lat' dir='ltr'><strong>lu</strong></span> <span class='ocrx_word' id='word_1_287' title='bbox 1527 4178 1720 4237; x_wconf 88' lang='lat' dir='ltr'><strong>diebus</strong></span> <span class='ocrx_word' id='word_1_288' title='bbox 1750 4182 1858 4240; x_wconf 89' lang='lat' dir='ltr'><strong>illis</strong></span> <span class='ocrx_word' id='word_1_289' title='bbox 1889 4199 2009 4239; x_wconf 87' lang='lat' dir='ltr'><strong>ora-</strong></span> 
     </span>
    </p>
   </div>
   <div class='ocr_carea' id='block_1_46' title="bbox 436 4253 2013 4338">
    <p class='ocr_par' dir='ltr' id='par_1_46' title="bbox 436 4253 2013 4338">
     <span class='ocr_line' id='line_1_46' title="bbox 436 4253 2013 4338; baseline 0.016 -32"><span class='ocrx_word' id='word_1_290' title='bbox 436 4253 513 4307; x_wconf 83' lang='lat' dir='ltr'><strong>vit</strong></span> <span class='ocrx_word' id='word_1_291' title='bbox 543 4253 733 4310; x_wconf 72' lang='lat' dir='ltr'><strong>lleSter</strong></span> <span class='ocrx_word' id='word_1_292' title='bbox 763 4256 830 4311; x_wconf 91' lang='lat' dir='ltr'><strong>ad</strong></span> <span class='ocrx_word' id='word_1_293' title='bbox 867 4257 1150 4315; x_wconf 91' lang='lat' dir='ltr'><strong>Dominum</strong></span> <span class='ocrx_word' id='word_1_294' title='bbox 1192 4263 1398 4333; x_wconf 86' lang='lat' dir='ltr'><strong>dicens,</strong></span> <span class='ocrx_word' id='word_1_295' title='bbox 1432 4283 1593 4338; x_wconf 76' lang='lat' dir='ltr'><strong>usque</strong></span> <span class='ocrx_word' id='word_1_296' title='bbox 1634 4273 1768 4328; x_wconf 90' lang='lat' dir='ltr'><strong>hora</strong></span> <span class='ocrx_word' id='word_1_297' title='bbox 1807 4276 2013 4331; x_wconf 52' lang='lat' dir='ltr'><strong>canené</strong></span> 
     </span>
    </p>
   </div>
   <div class='ocr_carea' id='block_1_47' title="bbox 439 4348 2009 4431">
    <p class='ocr_par' dir='ltr' id='par_1_47' title="bbox 439 4348 2009 4431">
     <span class='ocr_line' id='line_1_47' title="bbox 439 4348 2009 4431; baseline 0.014 -28"><span class='ocrx_word' id='word_1_298' title='bbox 439 4350 593 4412; x_wconf 88' lang='lat' dir='ltr'><strong>tium,</strong></span> <span class='ocrx_word' id='word_1_299' title='bbox 626 4348 850 4405; x_wconf 89' lang='lat' dir='ltr'><strong>Domine</strong></span> <span class='ocrx_word' id='word_1_300' title='bbox 886 4350 1027 4407; x_wconf 86' lang='lat' dir='ltr'><strong>Dens</strong></span> <span class='ocrx_word' id='word_1_301' title='bbox 1065 4365 1269 4411; x_wconf 87' lang='lat' dir='ltr'><strong>noster.</strong></span> <span class='ocrx_word' id='word_1_302' title='bbox 1304 4356 1654 4431; x_wconf 85' lang='lat' dir='ltr'><strong>Evangelium</strong></span> <span class='ocrx_word' id='word_1_303' title='bbox 1708 4370 2009 4424; x_wconf 86' lang='lat' dir='ltr'><strong>secundum</strong></span> 
     </span>
    </p>
   </div>
   <div class='ocr_carea' id='block_1_48' title="bbox 2111 511 3688 585">
    <p class='ocr_par' dir='ltr' id='par_1_48' title="bbox 2111 511 3688 585">
     <span class='ocr_line' id='line_1_48' title="bbox 2111 511 3688 585; baseline 0.001 -17"><span class='ocrx_word' id='word_1_304' title='bbox 2111 513 2251 568; x_wconf 89' lang='lat' dir='ltr'><strong>dixit</strong></span> <span class='ocrx_word' id='word_1_305' title='bbox 2297 514 2540 569; x_wconf 82' lang='lat' dir='ltr'><strong>Rebecca</strong></span> <span class='ocrx_word' id='word_1_306' title='bbox 2591 513 2703 566; x_wconf 85' lang='lat' dir='ltr'><strong>lilio</strong></span> <span class='ocrx_word' id='word_1_307' title='bbox 2747 526 2846 567; x_wconf 90' lang='lat' dir='ltr'><strong>suo</strong></span> <span class='ocrx_word' id='word_1_308' title='bbox 2891 511 3079 579; x_wconf 90' lang='lat' dir='ltr'><strong>Jacob,</strong></span> <span class='ocrx_word' id='word_1_309' title='bbox 3122 530 3285 584; x_wconf 76' lang='lat' dir='ltr'><strong>usque</strong></span> <span class='ocrx_word' id='word_1_310' title='bbox 3319 518 3550 585; x_wconf 89' lang='lat' dir='ltr'><strong>desuper</strong></span> <span class='ocrx_word' id='word_1_311' title='bbox 3586 521 3688 572; x_wconf 89' lang='lat' dir='ltr'><strong>erit</strong></span> 
     </span>
    </p>
   </div>
   <div class='ocr_carea' id='block_1_49' title="bbox 2114 602 3686 674">
    <p class='ocr_par' dir='ltr' id='par_1_49' title="bbox 2114 602 3686 674">
     <span class='ocr_line' id='line_1_49' title="bbox 2114 602 3686 674; baseline 0.003 -16"><span class='ocrx_word' id='word_1_312' title='bbox 2114 604 2419 658; x_wconf 88' lang='lat' dir='ltr'><strong>benedictio</strong></span> <span class='ocrx_word' id='word_1_313' title='bbox 2482 612 2596 657; x_wconf 87' lang='lat' dir='ltr'><strong>tua.</strong></span> <span class='ocrx_word' id='word_1_314' title='bbox 2659 602 3011 673; x_wconf 77' lang='lat' dir='ltr'><strong>Evangelium</strong></span> <span class='ocrx_word' id='word_1_315' title='bbox 3080 607 3380 659; x_wconf 80' lang='lat' dir='ltr'><strong>secundum</strong></span> <span class='ocrx_word' id='word_1_316' title='bbox 3444 605 3686 674; x_wconf 82' lang='lat' dir='ltr'><strong>Lucam,</strong></span> 
     </span>
    </p>
   </div>
   <div class='ocr_carea' id='block_1_50' title="bbox 2111 692 3687 769">
    <p class='ocr_par' dir='ltr' id='par_1_50' title="bbox 2111 692 3687 769">
     <span class='ocr_line' id='line_1_50' title="bbox 2111 692 3687 769; baseline 0.001 -19"><span class='ocrx_word' id='word_1_317' title='bbox 2111 710 2232 765; x_wconf 83' lang='lat' dir='ltr'><strong>cap.</strong></span> <span class='ocrx_word' id='word_1_318' title='bbox 2263 710 2388 759; x_wconf 82' lang='lat' dir='ltr'><strong>exc,</strong></span> <span class='ocrx_word' id='word_1_319' title='bbox 2423 694 2563 749; x_wconf 81' lang='lat' dir='ltr'><strong>Dixit</strong></span> <span class='ocrx_word' id='word_1_320' title='bbox 2589 692 2749 749; x_wconf 82' lang='lat' dir='ltr'><strong>Josus</strong></span> <span class='ocrx_word' id='word_1_321' title='bbox 2784 696 3061 764; x_wconf 85' lang='lat' dir='ltr'><strong>discipulis</strong></span> <span class='ocrx_word' id='word_1_322' title='bbox 3099 700 3236 763; x_wconf 86' lang='lat' dir='ltr'><strong>suis,</strong></span> <span class='ocrx_word' id='word_1_323' title='bbox 3272 696 3447 753; x_wconf 90' lang='lat' dir='ltr'><strong>llomo</strong></span> <span class='ocrx_word' id='word_1_324' title='bbox 3472 699 3687 769; x_wconf 85' lang='lat' dir='ltr'><strong>quidam</strong></span> 
     </span>
    </p>
   </div>
   <div class='ocr_carea' id='block_1_51' title="bbox 2111 787 3691 858">
    <p class='ocr_par' dir='ltr' id='par_1_51' title="bbox 2111 787 3691 858">
     <span class='ocr_line' id='line_1_51' title="bbox 2111 787 3691 858; baseline 0.003 -17"><span class='ocrx_word' id='word_1_325' title='bbox 2111 787 2348 841; x_wconf 81' lang='lat' dir='ltr'><strong>habebat</strong></span> <span class='ocrx_word' id='word_1_326' title='bbox 2404 788 2547 840; x_wconf 88' lang='lat' dir='ltr'><strong>duos</strong></span> <span class='ocrx_word' id='word_1_327' title='bbox 2599 787 2761 851; x_wconf 84' lang='lat' dir='ltr'><strong>ﬁlios,</strong></span> <span class='ocrx_word' id='word_1_328' title='bbox 2814 800 2976 857; x_wconf 80' lang='lat' dir='ltr'><strong>usque</strong></span> <span class='ocrx_word' id='word_1_329' title='bbox 3036 790 3271 858; x_wconf 85' lang='lat' dir='ltr'><strong>perierat</strong></span> <span class='ocrx_word' id='word_1_330' title='bbox 3328 799 3381 845; x_wconf 91' lang='lat' dir='ltr'><strong>et</strong></span> <span class='ocrx_word' id='word_1_331' title='bbox 3435 790 3691 847; x_wconf 83' lang='lat' dir='ltr'><strong>inventus</strong></span> 
     </span>
    </p>
   </div>
   <div class='ocr_carea' id='block_1_52' title="bbox 2112 886 2216 933">
    <p class='ocr_par' dir='ltr' id='par_1_52' title="bbox 2112 886 2216 933">
     <span class='ocr_line' id='line_1_52' title="bbox 2112 886 2216 933; baseline -0.019 0"><span class='ocrx_word' id='word_1_332' title='bbox 2112 886 2216 933; x_wconf 74' lang='grc' dir='ltr'><strong>εει.</strong></span> 
     </span>
    </p>
   </div>
   <div class='ocr_carea' id='block_1_53' title="bbox 2186 968 3689 1039">
    <p class='ocr_par' dir='ltr' id='par_1_53' title="bbox 2186 968 3689 1039">
     <span class='ocr_line' id='line_1_53' title="bbox 2186 968 3689 1039; baseline 0.003 -16"><span class='ocrx_word' id='word_1_333' title='bbox 2186 969 2464 1023; x_wconf 85' lang='lat' dir='ltr'><strong>Dominica</strong></span> <span class='ocrx_word' id='word_1_334' title='bbox 2521 983 2581 1022; x_wconf 88' lang='grc' dir='ltr'>ιι.</span> <span class='ocrx_word' id='word_1_335' title='bbox 2629 980 2736 1022; x_wconf 85' lang='lat' dir='ltr'><strong>xxx</strong></span> <span class='ocrx_word' id='word_1_336' title='bbox 2771 984 2785 1024; x_wconf 88' lang='lat'><strong>:</strong></span> <span class='ocrx_word' id='word_1_337' title='bbox 2821 968 3007 1023; x_wconf 87' lang='lat' dir='ltr'><strong>Lectio</strong></span> <span class='ocrx_word' id='word_1_338' title='bbox 3047 969 3304 1039; x_wconf 63' lang='lat' dir='ltr'><strong>Epistolas</strong></span> <span class='ocrx_word' id='word_1_339' title='bbox 3354 973 3497 1027; x_wconf 82' lang='lat' dir='ltr'><strong>beati</strong></span> <span class='ocrx_word' id='word_1_340' title='bbox 3538 972 3689 1028; x_wconf 86' lang='lat' dir='ltr'><strong>Pauli</strong></span> 
     </span>
    </p>
   </div>
   <div class='ocr_carea' id='block_1_54' title="bbox 2111 1059 3693 1129">
    <p class='ocr_par' dir='ltr' id='par_1_54' title="bbox 2111 1059 3693 1129">
     <span class='ocr_line' id='line_1_54' title="bbox 2111 1059 3693 1129; baseline 0.004 -14"><span class='ocrx_word' id='word_1_341' title='bbox 2111 1060 2341 1128; x_wconf 86' lang='lat' dir='ltr'><strong>apostoli</strong></span> <span class='ocrx_word' id='word_1_342' title='bbox 2386 1060 2456 1115; x_wconf 89' lang='lat' dir='ltr'><strong>ad</strong></span> <span class='ocrx_word' id='word_1_343' title='bbox 2498 1059 2788 1129; x_wconf 86' lang='lat' dir='ltr'><strong>Ephesios.</strong></span> <span class='ocrx_word' id='word_1_344' title='bbox 2826 1062 3013 1116; x_wconf 82' lang='lat' dir='ltr'><strong>Estote</strong></span> <span class='ocrx_word' id='word_1_345' title='bbox 3062 1062 3365 1120; x_wconf 82' lang='lat' dir='ltr'><strong>imitatores</strong></span> <span class='ocrx_word' id='word_1_346' title='bbox 3409 1065 3503 1119; x_wconf 91' lang='lat' dir='ltr'><strong>Dei</strong></span> <span class='ocrx_word' id='word_1_347' title='bbox 3551 1066 3693 1121; x_wconf 83' lang='lat' dir='ltr'><strong>sicut</strong></span> 
     </span>
    </p>
   </div>
   <div class='ocr_carea' id='block_1_55' title="bbox 2114 1151 3693 1227">
    <p class='ocr_par' dir='ltr' id='par_1_55' title="bbox 2114 1151 3693 1227">
     <span class='ocr_line' id='line_1_55' title="bbox 2114 1151 3693 1227; baseline 0.004 -23"><span class='ocrx_word' id='word_1_348' title='bbox 2114 1151 2206 1204; x_wconf 87' lang='lat' dir='ltr'><strong>lilii</strong></span> <span class='ocrx_word' id='word_1_349' title='bbox 2244 1152 2581 1216; x_wconf 85' lang='lat' dir='ltr'><strong>cbarissimi,</strong></span> <span class='ocrx_word' id='word_1_350' title='bbox 2633 1168 2797 1221; x_wconf 77' lang='lat' dir='ltr'><strong>usque</strong></span> <span class='ocrx_word' id='word_1_351' title='bbox 2822 1152 3035 1219; x_wconf 73' lang='lat' dir='ltr'><strong>iustitia</strong></span> <span class='ocrx_word' id='word_1_352' title='bbox 3072 1164 3127 1207; x_wconf 90' lang='lat' dir='ltr'><strong>et</strong></span> <span class='ocrx_word' id='word_1_353' title='bbox 3163 1156 3411 1210; x_wconf 86' lang='lat' dir='ltr'><strong>veritate.</strong></span> <span class='ocrx_word' id='word_1_354' title='bbox 3447 1154 3693 1227; x_wconf 79' lang='lat' dir='ltr'><strong>Evange-</strong></span> 
     </span>
    </p>
   </div>
   <div class='ocr_carea' id='block_1_56' title="bbox 2112 1238 3695 1317">
    <p class='ocr_par' dir='ltr' id='par_1_56' title="bbox 2112 1238 3695 1317">
     <span class='ocr_line' id='line_1_56' title="bbox 2112 1238 3695 1317; baseline 0.006 -26"><span class='ocrx_word' id='word_1_355' title='bbox 2112 1238 2244 1291; x_wconf 89' lang='lat' dir='ltr'><strong>lium</strong></span> <span class='ocrx_word' id='word_1_356' title='bbox 2287 1242 2584 1293; x_wconf 83' lang='lat' dir='ltr'><strong>secundum</strong></span> <span class='ocrx_word' id='word_1_357' title='bbox 2617 1240 2841 1308; x_wconf 88' lang='lat' dir='ltr'><strong>Lucam,</strong></span> <span class='ocrx_word' id='word_1_358' title='bbox 2877 1256 2997 1312; x_wconf 87' lang='lat' dir='ltr'><strong>cap.</strong></span> <span class='ocrx_word' id='word_1_359' title='bbox 3041 1257 3228 1308; x_wconf 74' lang='lat' dir='ltr'><strong>cxxvr,</strong></span> <span class='ocrx_word' id='word_1_360' title='bbox 3258 1255 3377 1300; x_wconf 87' lang='lat' dir='ltr'><strong>erat</strong></span> <span class='ocrx_word' id='word_1_361' title='bbox 3407 1246 3566 1302; x_wconf 81' lang='lat' dir='ltr'><strong>Jesus</strong></span> <span class='ocrx_word' id='word_1_362' title='bbox 3599 1248 3695 1317; x_wconf 88' lang='lat' dir='ltr'><strong>eji-</strong></span> 
     </span>
    </p>
   </div>
   <div class='ocr_carea' id='block_1_57' title="bbox 2112 1327 3452 1400">
    <p class='ocr_par' dir='ltr' id='par_1_57' title="bbox 2112 1327 3452 1400">
     <span class='ocr_line' id='line_1_57' title="bbox 2112 1327 3452 1400; baseline 0.007 -19"><span class='ocrx_word' id='word_1_363' title='bbox 2112 1327 2264 1381; x_wconf 88' lang='lat' dir='ltr'><strong>ciens</strong></span> <span class='ocrx_word' id='word_1_364' title='bbox 2301 1328 2650 1393; x_wconf 63' lang='lat' dir='ltr'><strong>dmmonium,</strong></span> <span class='ocrx_word' id='word_1_365' title='bbox 2682 1347 2844 1400; x_wconf 73' lang='lat' dir='ltr'><strong>usque</strong></span> <span class='ocrx_word' id='word_1_366' title='bbox 2873 1342 2928 1384; x_wconf 79' lang='lat' dir='ltr'><strong>et</strong></span> <span class='ocrx_word' id='word_1_367' title='bbox 2959 1335 3269 1387; x_wconf 81' lang='lat' dir='ltr'><strong>custodiunt</strong></span> <span class='ocrx_word' id='word_1_368' title='bbox 3299 1336 3452 1390; x_wconf 79' lang='lat' dir='ltr'><strong>illud.</strong></span> 
     </span>
    </p>
   </div>
   <div class='ocr_carea' id='block_1_58' title="bbox 2180 1416 3695 1494">
    <p class='ocr_par' dir='ltr' id='par_1_58' title="bbox 2180 1416 3695 1494">
     <span class='ocr_line' id='line_1_58' title="bbox 2180 1416 3695 1494; baseline 0.007 -23"><span class='ocrx_word' id='word_1_369' title='bbox 2180 1416 2338 1472; x_wconf 83' lang='lat' dir='ltr'><strong>Feria</strong></span> <span class='ocrx_word' id='word_1_370' title='bbox 2393 1435 2451 1473; x_wconf 84' lang='grc' dir='ltr'>ιι.</span> <span class='ocrx_word' id='word_1_371' title='bbox 2508 1419 2695 1475; x_wconf 87' lang='lat' dir='ltr'><strong>Lectio</strong></span> <span class='ocrx_word' id='word_1_372' title='bbox 2758 1423 2881 1477; x_wconf 85' lang='lat' dir='ltr'><strong>libri</strong></span> <span class='ocrx_word' id='word_1_373' title='bbox 2944 1423 3170 1494; x_wconf 80' lang='lat' dir='ltr'><strong>Regum.</strong></span> <span class='ocrx_word' id='word_1_374' title='bbox 3228 1427 3289 1480; x_wconf 88' lang='lat' dir='ltr'><strong>In</strong></span> <span class='ocrx_word' id='word_1_375' title='bbox 3336 1428 3529 1483; x_wconf 85' lang='lat' dir='ltr'><strong>diebus</strong></span> <span class='ocrx_word' id='word_1_376' title='bbox 3588 1427 3695 1483; x_wconf 82' lang='lat' dir='ltr'><strong>illis</strong></span> 
     </span>
    </p>
   </div>
   <div class='ocr_carea' id='block_1_59' title="bbox 2112 1505 3690 1588">
    <p class='ocr_par' dir='ltr' id='par_1_59' title="bbox 2112 1505 3690 1588">
     <span class='ocr_line' id='line_1_59' title="bbox 2112 1505 3690 1588; baseline 0.008 -28"><span class='ocrx_word' id='word_1_377' title='bbox 2112 1505 2356 1563; x_wconf 85' lang='lat' dir='ltr'><strong>Naaman</strong></span> <span class='ocrx_word' id='word_1_378' title='bbox 2412 1512 2664 1582; x_wconf 80' lang='lat' dir='ltr'><strong>princeps</strong></span> <span class='ocrx_word' id='word_1_379' title='bbox 2719 1514 2921 1568; x_wconf 74' lang='lat' dir='ltr'><strong>militia:</strong></span> <span class='ocrx_word' id='word_1_380' title='bbox 2972 1521 3116 1583; x_wconf 79' lang='lat' dir='ltr'><strong>regis</strong></span> <span class='ocrx_word' id='word_1_381' title='bbox 3156 1516 3347 1587; x_wconf 66' lang='lat' dir='ltr'><strong>Syrim,</strong></span> <span class='ocrx_word' id='word_1_382' title='bbox 3382 1535 3547 1588; x_wconf 75' lang='lat' dir='ltr'><strong>usque</strong></span> <span class='ocrx_word' id='word_1_383' title='bbox 3589 1520 3690 1574; x_wconf 82' lang='lat' dir='ltr'><strong>nisi</strong></span> 
     </span>
    </p>
   </div>
   <div class='ocr_carea' id='block_1_60' title="bbox 2115 1601 3691 1679">
    <p class='ocr_par' dir='ltr' id='par_1_60' title="bbox 2115 1601 3691 1679">
     <span class='ocr_line' id='line_1_60' title="bbox 2115 1601 3691 1679; baseline 0.009 -28"><span class='ocrx_word' id='word_1_384' title='bbox 2115 1610 2325 1653; x_wconf 91' lang='lat' dir='ltr'><strong>tantum</strong></span> <span class='ocrx_word' id='word_1_385' title='bbox 2376 1601 2636 1656; x_wconf 85' lang='lat' dir='ltr'><strong>Dominus</strong></span> <span class='ocrx_word' id='word_1_386' title='bbox 2681 1604 2825 1659; x_wconf 89' lang='lat' dir='ltr'><strong>Deus</strong></span> <span class='ocrx_word' id='word_1_387' title='bbox 2874 1605 3059 1661; x_wconf 87' lang='lat' dir='ltr'><strong>Israel.</strong></span> <span class='ocrx_word' id='word_1_388' title='bbox 3103 1607 3457 1679; x_wconf 82' lang='lat' dir='ltr'><strong>Evangelium</strong></span> <span class='ocrx_word' id='word_1_389' title='bbox 3497 1625 3691 1667; x_wconf 84' lang='lat' dir='ltr'><strong>secun-</strong></span> 
     </span>
    </p>
   </div>
   <div class='ocr_carea' id='block_1_61' title="bbox 2114 1690 3690 1768">
    <p class='ocr_par' dir='ltr' id='par_1_61' title="bbox 2114 1690 3690 1768">
     <span class='ocr_line' id='line_1_61' title="bbox 2114 1690 3690 1768; baseline 0.008 -24"><span class='ocrx_word' id='word_1_390' title='bbox 2114 1690 2238 1745; x_wconf 91' lang='lat' dir='ltr'><strong>dum</strong></span> <span class='ocrx_word' id='word_1_391' title='bbox 2272 1692 2496 1757; x_wconf 85' lang='lat' dir='ltr'><strong>Lucam,</strong></span> <span class='ocrx_word' id='word_1_392' title='bbox 2528 1710 2650 1764; x_wconf 86' lang='lat' dir='ltr'><strong>cap.</strong></span> <span class='ocrx_word' id='word_1_393' title='bbox 2687 1710 2779 1762; x_wconf 85' lang='lat' dir='ltr'><strong>xx,</strong></span> <span class='ocrx_word' id='word_1_394' title='bbox 2807 1697 3075 1768; x_wconf 87' lang='lat' dir='ltr'><strong>Dixerunt</strong></span> <span class='ocrx_word' id='word_1_395' title='bbox 3097 1698 3358 1757; x_wconf 52' lang='lat' dir='ltr'><strong>Pharisaei</strong></span> <span class='ocrx_word' id='word_1_396' title='bbox 3388 1702 3455 1757; x_wconf 88' lang='lat' dir='ltr'><strong>ad</strong></span> <span class='ocrx_word' id='word_1_397' title='bbox 3485 1702 3690 1767; x_wconf 83' lang='lat' dir='ltr'><strong>Jesum,</strong></span> 
     </span>
    </p>
   </div>
   <div class='ocr_carea' id='block_1_62' title="bbox 1956 1784 3693 1865">
    <p class='ocr_par' dir='ltr' id='par_1_62' title="bbox 1956 1784 3693 1865">
     <span class='ocr_line' id='line_1_62' title="bbox 1956 1784 3693 1865; baseline 0.009 -28"><span class='ocrx_word' id='word_1_398' title='bbox 1956 1846 1971 1856; x_wconf 24' lang='grc' dir='ltr'><strong><em>ἰ</em></strong></span> <span class='ocrx_word' id='word_1_399' title='bbox 2043 1800 2086 1861; x_wconf 71' lang='grc' dir='ltr'><strong><em>Β</em></strong></span> <span class='ocrx_word' id='word_1_400' title='bbox 2118 1784 2328 1851; x_wconf 87' lang='lat' dir='ltr'><strong>Quanta</strong></span> <span class='ocrx_word' id='word_1_401' title='bbox 2352 1788 2657 1841; x_wconf 85' lang='lat' dir='ltr'><strong>audivimus</strong></span> <span class='ocrx_word' id='word_1_402' title='bbox 2693 1789 2835 1844; x_wconf 88' lang='lat' dir='ltr'><strong>facta</strong></span> <span class='ocrx_word' id='word_1_403' title='bbox 2883 1791 3293 1862; x_wconf 83' lang='lat' dir='ltr'><strong>Capharnaum,</strong></span> <span class='ocrx_word' id='word_1_404' title='bbox 3324 1812 3489 1865; x_wconf 75' lang='lat' dir='ltr'><strong>usque</strong></span> <span class='ocrx_word' id='word_1_405' title='bbox 3512 1808 3693 1852; x_wconf 84' lang='lat' dir='ltr'><strong>trans-</strong></span> 
     </span>
    </p>
   </div>
   <div class='ocr_carea' id='block_1_63' title="bbox 2116 1876 3028 1946">
    <p class='ocr_par' dir='ltr' id='par_1_63' title="bbox 2116 1876 3028 1946">
     <span class='ocr_line' id='line_1_63' title="bbox 2116 1876 3028 1946; baseline 0.011 -18"><span class='ocrx_word' id='word_1_406' title='bbox 2116 1876 2234 1931; x_wconf 87' lang='lat' dir='ltr'><strong>iens</strong></span> <span class='ocrx_word' id='word_1_407' title='bbox 2264 1892 2359 1946; x_wconf 89' lang='lat' dir='ltr'><strong>per</strong></span> <span class='ocrx_word' id='word_1_408' title='bbox 2373 1878 2622 1939; x_wconf 63' lang='lat' dir='ltr'><strong>aurelium</strong></span> <span class='ocrx_word' id='word_1_409' title='bbox 2651 1880 2865 1936; x_wconf 89' lang='lat' dir='ltr'><strong>illorum</strong></span> <span class='ocrx_word' id='word_1_410' title='bbox 2898 1884 3028 1938; x_wconf 86' lang='lat' dir='ltr'><strong>ibat.</strong></span> 
     </span>
    </p>
   </div>
   <div class='ocr_carea' id='block_1_64' title="bbox 2184 1966 3691 2048">
    <p class='ocr_par' dir='ltr' id='par_1_64' title="bbox 2184 1966 3691 2048">
     <span class='ocr_line' id='line_1_64' title="bbox 2184 1966 3691 2048; baseline 0.011 -28"><span class='ocrx_word' id='word_1_411' title='bbox 2184 1966 2341 2021; x_wconf 86' lang='lat' dir='ltr'><strong>Feria</strong></span> <span class='ocrx_word' id='word_1_412' title='bbox 2392 1984 2476 2022; x_wconf 89' lang='grc' dir='ltr'>ιιι.</span> <span class='ocrx_word' id='word_1_413' title='bbox 2530 1969 2717 2027; x_wconf 89' lang='lat' dir='ltr'><strong>Lectio</strong></span> <span class='ocrx_word' id='word_1_414' title='bbox 2774 1974 2897 2029; x_wconf 89' lang='lat' dir='ltr'><strong>libri</strong></span> <span class='ocrx_word' id='word_1_415' title='bbox 2947 1975 3178 2048; x_wconf 86' lang='lat' dir='ltr'><strong>Regum.</strong></span> <span class='ocrx_word' id='word_1_416' title='bbox 3230 1976 3290 2033; x_wconf 77' lang='lat' dir='ltr'><strong>In</strong></span> <span class='ocrx_word' id='word_1_417' title='bbox 3342 1980 3537 2037; x_wconf 84' lang='lat' dir='ltr'><strong>diebus</strong></span> <span class='ocrx_word' id='word_1_418' title='bbox 3589 1980 3691 2037; x_wconf 85' lang='lat' dir='ltr'><strong>illis</strong></span> 
     </span>
    </p>
   </div>
   <div class='ocr_carea' id='block_1_65' title="bbox 2116 2059 3690 2141">
    <p class='ocr_par' dir='ltr' id='par_1_65' title="bbox 2116 2059 3690 2141">
     <span class='ocr_line' id='line_1_65' title="bbox 2116 2059 3690 2141; baseline 0.011 -31"><span class='ocrx_word' id='word_1_419' title='bbox 2116 2059 2308 2113; x_wconf 86' lang='lat' dir='ltr'><strong>mulier</strong></span> <span class='ocrx_word' id='word_1_420' title='bbox 2357 2061 2605 2129; x_wconf 68' lang='lat' dir='ltr'><strong>quaadam</strong></span> <span class='ocrx_word' id='word_1_421' title='bbox 2660 2066 2926 2120; x_wconf 86' lang='lat' dir='ltr'><strong>clamabat</strong></span> <span class='ocrx_word' id='word_1_422' title='bbox 2962 2068 3030 2121; x_wconf 87' lang='lat' dir='ltr'><strong>ad</strong></span> <span class='ocrx_word' id='word_1_423' title='bbox 3062 2068 3311 2125; x_wconf 75' lang='lat' dir='ltr'><strong>Elisamm</strong></span> <span class='ocrx_word' id='word_1_424' title='bbox 3346 2073 3690 2141; x_wconf 87' lang='lat' dir='ltr'><strong>prophetam,</strong></span> 
     </span>
    </p>
   </div>
   <div class='ocr_carea' id='block_1_66' title="bbox 2116 2149 3688 2235">
    <p class='ocr_par' dir='ltr' id='par_1_66' title="bbox 2116 2149 3688 2235">
     <span class='ocr_line' id='line_1_66' title="bbox 2116 2149 3688 2235; baseline 0.012 -35"><span class='ocrx_word' id='word_1_425' title='bbox 2116 2149 2320 2215; x_wconf 88' lang='lat' dir='ltr'><strong>dicens,</strong></span> <span class='ocrx_word' id='word_1_426' title='bbox 2359 2169 2516 2221; x_wconf 77' lang='lat' dir='ltr'><strong>usque</strong></span> <span class='ocrx_word' id='word_1_427' title='bbox 2542 2165 2598 2209; x_wconf 90' lang='lat' dir='ltr'><strong>tu</strong></span> <span class='ocrx_word' id='word_1_428' title='bbox 2630 2166 2683 2210; x_wconf 89' lang='lat' dir='ltr'><strong>et</strong></span> <span class='ocrx_word' id='word_1_429' title='bbox 2715 2159 2809 2211; x_wconf 85' lang='lat' dir='ltr'><strong>lilii</strong></span> <span class='ocrx_word' id='word_1_430' title='bbox 2845 2161 2920 2214; x_wconf 88' lang='lat' dir='ltr'><strong>tui</strong></span> <span class='ocrx_word' id='word_1_431' title='bbox 2956 2160 3122 2216; x_wconf 86' lang='lat' dir='ltr'><strong>vivite</strong></span> <span class='ocrx_word' id='word_1_432' title='bbox 3151 2164 3217 2218; x_wconf 88' lang='lat' dir='ltr'><strong>de</strong></span> <span class='ocrx_word' id='word_1_433' title='bbox 3244 2165 3470 2235; x_wconf 83' lang='lat' dir='ltr'><strong>reliquo.</strong></span> <span class='ocrx_word' id='word_1_434' title='bbox 3514 2165 3688 2220; x_wconf 80' lang='lat' dir='ltr'><strong>Evan-</strong></span> 
     </span>
    </p>
   </div>
   <div class='ocr_carea' id='block_1_67' title="bbox 2115 2242 3685 2329">
    <p class='ocr_par' dir='ltr' id='par_1_67' title="bbox 2115 2242 3685 2329">
     <span class='ocr_line' id='line_1_67' title="bbox 2115 2242 3685 2329; baseline 0.011 -34"><span class='ocrx_word' id='word_1_435' title='bbox 2115 2242 2318 2312; x_wconf 89' lang='lat' dir='ltr'><strong>gelium</strong></span> <span class='ocrx_word' id='word_1_436' title='bbox 2353 2250 2655 2302; x_wconf 76' lang='lat' dir='ltr'><strong>secundum</strong></span> <span class='ocrx_word' id='word_1_437' title='bbox 2685 2249 3016 2318; x_wconf 66' lang='lat' dir='ltr'><strong>Mattbmum,</strong></span> <span class='ocrx_word' id='word_1_438' title='bbox 3048 2270 3171 2325; x_wconf 82' lang='lat' dir='ltr'><strong>cap.</strong></span> <span class='ocrx_word' id='word_1_439' title='bbox 3201 2272 3467 2325; x_wconf 74' lang='lat' dir='ltr'><strong>cum&quot;,</strong></span> <span class='ocrx_word' id='word_1_440' title='bbox 3497 2258 3685 2329; x_wconf 83' lang='lat' dir='ltr'><strong>Respi-</strong></span> 
     </span>
    </p>
   </div>
   <div class='ocr_carea' id='block_1_68' title="bbox 2115 2334 3683 2420">
    <p class='ocr_par' dir='ltr' id='par_1_68' title="bbox 2115 2334 3683 2420">
     <span class='ocr_line' id='line_1_68' title="bbox 2115 2334 3683 2420; baseline 0.014 -34"><span class='ocrx_word' id='word_1_441' title='bbox 2115 2338 2266 2389; x_wconf 72' lang='lat' dir='ltr'><strong>ciens</strong></span> <span class='ocrx_word' id='word_1_442' title='bbox 2316 2334 2476 2393; x_wconf 87' lang='lat' dir='ltr'><strong>Jesus</strong></span> <span class='ocrx_word' id='word_1_443' title='bbox 2528 2339 2826 2410; x_wconf 85' lang='lat' dir='ltr'><strong>discipulos</strong></span> <span class='ocrx_word' id='word_1_444' title='bbox 2864 2360 3011 2411; x_wconf 85' lang='lat' dir='ltr'><strong>suos,</strong></span> <span class='ocrx_word' id='word_1_445' title='bbox 3049 2348 3188 2403; x_wconf 80' lang='lat' dir='ltr'><strong>dixit</strong></span> <span class='ocrx_word' id='word_1_446' title='bbox 3243 2349 3458 2406; x_wconf 84' lang='lat' dir='ltr'><strong>Simoni</strong></span> <span class='ocrx_word' id='word_1_447' title='bbox 3505 2352 3683 2420; x_wconf 86' lang='lat' dir='ltr'><strong>Petro,</strong></span> 
     </span>
    </p>
   </div>
   <div class='ocr_carea' id='block_1_69' title="bbox 2115 2431 2881 2503">
    <p class='ocr_par' dir='ltr' id='par_1_69' title="bbox 2115 2431 2881 2503">
     <span class='ocr_line' id='line_1_69' title="bbox 2115 2431 2881 2503; baseline 0.017 -27"><span class='ocrx_word' id='word_1_448' title='bbox 2115 2441 2278 2494; x_wconf 75' lang='lat' dir='ltr'><strong>usque</strong></span> <span class='ocrx_word' id='word_1_449' title='bbox 2314 2431 2630 2501; x_wconf 83' lang='lat' dir='ltr'><strong>septuagies</strong></span> <span class='ocrx_word' id='word_1_450' title='bbox 2657 2435 2881 2503; x_wconf 86' lang='lat' dir='ltr'><strong>septies.</strong></span> 
     </span>
    </p>
   </div>
   <div class='ocr_carea' id='block_1_70' title="bbox 2189 2517 3685 2590">
    <p class='ocr_par' dir='ltr' id='par_1_70' title="bbox 2189 2517 3685 2590">
     <span class='ocr_line' id='line_1_70' title="bbox 2189 2517 3685 2590; baseline 0.013 -20"><span class='ocrx_word' id='word_1_451' title='bbox 2189 2517 2345 2574; x_wconf 84' lang='lat' dir='ltr'><strong>Feria</strong></span> <span class='ocrx_word' id='word_1_452' title='bbox 2379 2537 2454 2575; x_wconf 82' lang='lat' dir='ltr'><strong>iv.</strong></span> <span class='ocrx_word' id='word_1_453' title='bbox 2488 2520 2675 2578; x_wconf 83' lang='lat' dir='ltr'><strong>Lectio</strong></span> <span class='ocrx_word' id='word_1_454' title='bbox 2709 2525 2837 2581; x_wconf 83' lang='lat' dir='ltr'><strong>libri</strong></span> <span class='ocrx_word' id='word_1_455' title='bbox 2872 2526 3062 2584; x_wconf 84' lang='lat' dir='ltr'><strong>Exodi.</strong></span> <span class='ocrx_word' id='word_1_456' title='bbox 3114 2530 3237 2587; x_wconf 74' lang='lat' dir='ltr'><strong>llaec</strong></span> <span class='ocrx_word' id='word_1_457' title='bbox 3271 2533 3401 2589; x_wconf 90' lang='lat' dir='ltr'><strong>dicit</strong></span> <span class='ocrx_word' id='word_1_458' title='bbox 3433 2535 3685 2590; x_wconf 86' lang='lat' dir='ltr'><strong>Dominus</strong></span> 
     </span>
    </p>
   </div>
   <div class='ocr_carea' id='block_1_71' title="bbox 2116 2610 3683 2699">
    <p class='ocr_par' dir='ltr' id='par_1_71' title="bbox 2116 2610 3683 2699">
     <span class='ocr_line' id='line_1_71' title="bbox 2116 2610 3683 2699; baseline 0.012 -37"><span class='ocrx_word' id='word_1_459' title='bbox 2116 2610 2278 2678; x_wconf 82' lang='lat' dir='ltr'><strong>Deus,</strong></span> <span class='ocrx_word' id='word_1_460' title='bbox 2313 2613 2529 2668; x_wconf 81' lang='lat' dir='ltr'><strong>Honora</strong></span> <span class='ocrx_word' id='word_1_461' title='bbox 2562 2627 2770 2685; x_wconf 89' lang='lat' dir='ltr'><strong>patrem</strong></span> <span class='ocrx_word' id='word_1_462' title='bbox 2807 2631 2953 2673; x_wconf 91' lang='lat' dir='ltr'><strong>tuum</strong></span> <span class='ocrx_word' id='word_1_463' title='bbox 2985 2632 3041 2676; x_wconf 92' lang='lat' dir='ltr'><strong>et</strong></span> <span class='ocrx_word' id='word_1_464' title='bbox 3068 2635 3297 2680; x_wconf 79' lang='lat' dir='ltr'><strong>matrem</strong></span> <span class='ocrx_word' id='word_1_465' title='bbox 3330 2636 3495 2691; x_wconf 85' lang='lat' dir='ltr'><strong>tuam,</strong></span> <span class='ocrx_word' id='word_1_466' title='bbox 3530 2645 3683 2699; x_wconf 70' lang='lat' dir='ltr'><strong>usque</strong></span> 
     </span>
    </p>
   </div>
   <div class='ocr_carea' id='block_1_72' title="bbox 2115 2705 3683 2787">
    <p class='ocr_par' dir='ltr' id='par_1_72' title="bbox 2115 2705 3683 2787">
     <span class='ocr_line' id='line_1_72' title="bbox 2115 2705 3683 2787; baseline 0.012 -33"><span class='ocrx_word' id='word_1_467' title='bbox 2115 2705 2351 2758; x_wconf 86' lang='lat' dir='ltr'><strong>nominis</strong></span> <span class='ocrx_word' id='word_1_468' title='bbox 2403 2706 2529 2761; x_wconf 87' lang='lat' dir='ltr'><strong>mei.</strong></span> <span class='ocrx_word' id='word_1_469' title='bbox 2588 2706 2936 2779; x_wconf 84' lang='lat' dir='ltr'><strong>Evangelintu</strong></span> <span class='ocrx_word' id='word_1_470' title='bbox 2992 2718 3288 2771; x_wconf 88' lang='lat' dir='ltr'><strong>secundum</strong></span> <span class='ocrx_word' id='word_1_471' title='bbox 3350 2717 3683 2787; x_wconf 69' lang='lat' dir='ltr'><strong>Mattbzeum,</strong></span> 
     </span>
    </p>
   </div>
   <div class='ocr_carea' id='block_1_73' title="bbox 2115 2798 3686 2883">
    <p class='ocr_par' dir='ltr' id='par_1_73' title="bbox 2115 2798 3686 2883">
     <span class='ocr_line' id='line_1_73' title="bbox 2115 2798 3686 2883; baseline 0.013 -36"><span class='ocrx_word' id='word_1_472' title='bbox 2115 2809 2235 2863; x_wconf 89' lang='lat' dir='ltr'><strong>cap.</strong></span> <span class='ocrx_word' id='word_1_473' title='bbox 2268 2811 2409 2861; x_wconf 75' lang='grc' dir='ltr'><strong>οων,</strong></span> <span class='ocrx_word' id='word_1_474' title='bbox 2444 2798 2809 2856; x_wconf 83' lang='lat' dir='ltr'><strong>Accesseruut</strong></span> <span class='ocrx_word' id='word_1_475' title='bbox 2853 2805 2918 2857; x_wconf 89' lang='lat' dir='ltr'><strong>ad</strong></span> <span class='ocrx_word' id='word_1_476' title='bbox 2961 2803 3142 2861; x_wconf 80' lang='lat' dir='ltr'><strong>Jesuui</strong></span> <span class='ocrx_word' id='word_1_477' title='bbox 3189 2810 3256 2862; x_wconf 90' lang='lat' dir='ltr'><strong>ab</strong></span> <span class='ocrx_word' id='word_1_478' title='bbox 3298 2809 3686 2883; x_wconf 75' lang='lat' dir='ltr'><strong>Hierosolymis</strong></span> 
     </span>
    </p>
   </div>
   <div class='ocr_carea' id='block_1_74' title="bbox 2118 2886 3690 2975">
    <p class='ocr_par' dir='ltr' id='par_1_74' title="bbox 2118 2886 3690 2975">
     <span class='ocr_line' id='line_1_74' title="bbox 2118 2886 3690 2975; baseline 0.013 -36"><span class='ocrx_word' id='word_1_479' title='bbox 2118 2886 2323 2942; x_wconf 75' lang='lat' dir='ltr'><strong>Scribae</strong></span> <span class='ocrx_word' id='word_1_480' title='bbox 2350 2899 2405 2945; x_wconf 90' lang='lat' dir='ltr'><strong>et</strong></span> <span class='ocrx_word' id='word_1_481' title='bbox 2425 2889 2684 2948; x_wconf 73' lang='lat' dir='ltr'><strong>Pharistei</strong></span> <span class='ocrx_word' id='word_1_482' title='bbox 2714 2894 2978 2963; x_wconf 87' lang='lat' dir='ltr'><strong>dicentes,</strong></span> <span class='ocrx_word' id='word_1_483' title='bbox 3008 2915 3169 2968; x_wconf 78' lang='lat' dir='ltr'><strong>usque</strong></span> <span class='ocrx_word' id='word_1_484' title='bbox 3196 2916 3307 2957; x_wconf 88' lang='lat' dir='ltr'><strong>non</strong></span> <span class='ocrx_word' id='word_1_485' title='bbox 3337 2905 3690 2975; x_wconf 76' lang='lat' dir='ltr'><strong>coinquinant</strong></span> 
     </span>
    </p>
   </div>
   <div class='ocr_carea' id='block_1_75' title="bbox 2118 2978 2415 3035">
    <p class='ocr_par' dir='ltr' id='par_1_75' title="bbox 2118 2978 2415 3035">
     <span class='ocr_line' id='line_1_75' title="bbox 2118 2978 2415 3035; baseline 0.013 -4"><span class='ocrx_word' id='word_1_486' title='bbox 2118 2978 2415 3035; x_wconf 84' lang='lat' dir='ltr'><strong>hominem.</strong></span> 
     </span>
    </p>
   </div>
   <div class='ocr_carea' id='block_1_76' title="bbox 2185 3068 3691 3152">
    <p class='ocr_par' dir='ltr' id='par_1_76' title="bbox 2185 3068 3691 3152">
     <span class='ocr_line' id='line_1_76' title="bbox 2185 3068 3691 3152; baseline 0.017 -30"><span class='ocrx_word' id='word_1_487' title='bbox 2185 3068 2340 3124; x_wconf 86' lang='lat' dir='ltr'><strong>Feria</strong></span> <span class='ocrx_word' id='word_1_488' title='bbox 2388 3088 2439 3127; x_wconf 92' lang='lat' dir='ltr'><strong>v.</strong></span> <span class='ocrx_word' id='word_1_489' title='bbox 2495 3073 2679 3130; x_wconf 90' lang='lat' dir='ltr'><strong>Lectio</strong></span> <span class='ocrx_word' id='word_1_490' title='bbox 2730 3076 2984 3135; x_wconf 67' lang='lat' dir='ltr'><strong>Jeremia&#39;:</strong></span> <span class='ocrx_word' id='word_1_491' title='bbox 3039 3085 3337 3152; x_wconf 58' lang='lat' dir='ltr'><strong>propheta.</strong></span> <span class='ocrx_word' id='word_1_492' title='bbox 3390 3089 3446 3143; x_wconf 88' lang='lat' dir='ltr'><strong>In</strong></span> <span class='ocrx_word' id='word_1_493' title='bbox 3500 3091 3691 3148; x_wconf 86' lang='lat' dir='ltr'><strong>diebus</strong></span> 
     </span>
    </p>
   </div>
   <div class='ocr_carea' id='block_1_77' title="bbox 2118 3161 3688 3247">
    <p class='ocr_par' dir='ltr' id='par_1_77' title="bbox 2118 3161 3688 3247">
     <span class='ocr_line' id='line_1_77' title="bbox 2118 3161 3688 3247; baseline 0.017 -34"><span class='ocrx_word' id='word_1_494' title='bbox 2118 3161 2224 3215; x_wconf 88' lang='lat' dir='ltr'><strong>illis</strong></span> <span class='ocrx_word' id='word_1_495' title='bbox 2265 3163 2464 3219; x_wconf 86' lang='lat' dir='ltr'><strong>factum</strong></span> <span class='ocrx_word' id='word_1_496' title='bbox 2507 3178 2593 3221; x_wconf 90' lang='lat' dir='ltr'><strong>est</strong></span> <span class='ocrx_word' id='word_1_497' title='bbox 2625 3174 2849 3225; x_wconf 89' lang='lat' dir='ltr'><strong>verbum</strong></span> <span class='ocrx_word' id='word_1_498' title='bbox 2890 3171 3107 3229; x_wconf 87' lang='lat' dir='ltr'><strong>Domini</strong></span> <span class='ocrx_word' id='word_1_499' title='bbox 3143 3177 3210 3231; x_wconf 89' lang='lat' dir='ltr'><strong>ad</strong></span> <span class='ocrx_word' id='word_1_500' title='bbox 3240 3193 3329 3233; x_wconf 85' lang='lat' dir='ltr'><strong>me</strong></span> <span class='ocrx_word' id='word_1_501' title='bbox 3356 3183 3559 3247; x_wconf 82' lang='lat' dir='ltr'><strong>dicens,</strong></span> <span class='ocrx_word' id='word_1_502' title='bbox 3595 3185 3688 3240; x_wconf 84' lang='lat' dir='ltr'><strong>Sta</strong></span> 
     </span>
    </p>
   </div>
   <div class='ocr_carea' id='block_1_78' title="bbox 2116 3254 3693 3342">
    <p class='ocr_par' dir='ltr' id='par_1_78' title="bbox 2116 3254 3693 3342">
     <span class='ocr_line' id='line_1_78' title="bbox 2116 3254 3693 3342; baseline 0.016 -33"><span class='ocrx_word' id='word_1_503' title='bbox 2116 3254 2171 3309; x_wconf 87' lang='lat' dir='ltr'><strong>in</strong></span> <span class='ocrx_word' id='word_1_504' title='bbox 2200 3265 2351 3325; x_wconf 89' lang='lat' dir='ltr'><strong>porta</strong></span> <span class='ocrx_word' id='word_1_505' title='bbox 2379 3256 2574 3314; x_wconf 88' lang='lat' dir='ltr'><strong>domus</strong></span> <span class='ocrx_word' id='word_1_506' title='bbox 2594 3261 2831 3331; x_wconf 86' lang='lat' dir='ltr'><strong>Domini,</strong></span> <span class='ocrx_word' id='word_1_507' title='bbox 2852 3281 3012 3339; x_wconf 74' lang='lat' dir='ltr'><strong>usque</strong></span> <span class='ocrx_word' id='word_1_508' title='bbox 3030 3268 3085 3323; x_wconf 90' lang='lat' dir='ltr'><strong>in</strong></span> <span class='ocrx_word' id='word_1_509' title='bbox 3111 3273 3396 3342; x_wconf 74' lang='lat' dir='ltr'><strong>saeculum,</strong></span> <span class='ocrx_word' id='word_1_510' title='bbox 3424 3277 3554 3331; x_wconf 87' lang='lat' dir='ltr'><strong>dicit</strong></span> <span class='ocrx_word' id='word_1_511' title='bbox 3586 3277 3693 3333; x_wconf 81' lang='lat' dir='ltr'><strong>Do-</strong></span> 
     </span>
    </p>
   </div>
   <div class='ocr_carea' id='block_1_79' title="bbox 2116 3348 3688 3430">
    <p class='ocr_par' dir='ltr' id='par_1_79' title="bbox 2116 3348 3688 3430">
     <span class='ocr_line' id='line_1_79' title="bbox 2116 3348 3688 3430; baseline 0.017 -31"><span class='ocrx_word' id='word_1_512' title='bbox 2116 3348 2297 3402; x_wconf 87' lang='lat' dir='ltr'><strong>minus</strong></span> <span class='ocrx_word' id='word_1_513' title='bbox 2321 3352 2688 3421; x_wconf 89' lang='lat' dir='ltr'><strong>omnipotens.</strong></span> <span class='ocrx_word' id='word_1_514' title='bbox 2721 3354 3072 3430; x_wconf 77' lang='lat' dir='ltr'><strong>Evangelium</strong></span> <span class='ocrx_word' id='word_1_515' title='bbox 3099 3366 3401 3423; x_wconf 84' lang='lat' dir='ltr'><strong>secundum</strong></span> <span class='ocrx_word' id='word_1_516' title='bbox 3425 3368 3688 3428; x_wconf 78' lang='lat' dir='ltr'><strong>Joannem</strong></span> 
     </span>
    </p>
   </div>
   <div class='ocr_carea' id='block_1_80' title="bbox 2116 3442 3690 3535">
    <p class='ocr_par' dir='ltr' id='par_1_80' title="bbox 2116 3442 3690 3535">
     <span class='ocr_line' id='line_1_80' title="bbox 2116 3442 3690 3535; baseline 0.017 -40"><span class='ocrx_word' id='word_1_517' title='bbox 2116 3454 2237 3507; x_wconf 89' lang='lat' dir='ltr'><strong>cap.</strong></span> <span class='ocrx_word' id='word_1_518' title='bbox 2259 3442 2397 3514; x_wconf 80' lang='lat' dir='ltr'><strong>(ut),</strong></span> <span class='ocrx_word' id='word_1_519' title='bbox 2422 3443 2737 3516; x_wconf 87' lang='lat' dir='ltr'><strong>Operamini</strong></span> <span class='ocrx_word' id='word_1_520' title='bbox 2764 3466 2873 3506; x_wconf 90' lang='lat' dir='ltr'><strong>non</strong></span> <span class='ocrx_word' id='word_1_521' title='bbox 2901 3455 3082 3510; x_wconf 89' lang='lat' dir='ltr'><strong>cibum</strong></span> <span class='ocrx_word' id='word_1_522' title='bbox 3108 3458 3198 3527; x_wconf 90' lang='lat' dir='ltr'><strong>qui</strong></span> <span class='ocrx_word' id='word_1_523' title='bbox 3222 3462 3385 3529; x_wconf 88' lang='lat' dir='ltr'><strong>perit,</strong></span> <span class='ocrx_word' id='word_1_524' title='bbox 3412 3478 3574 3533; x_wconf 79' lang='lat' dir='ltr'><strong>usque</strong></span> <span class='ocrx_word' id='word_1_525' title='bbox 3598 3466 3690 3535; x_wconf 89' lang='lat' dir='ltr'><strong>qui</strong></span> 
     </span>
    </p>
   </div>
   <div class='ocr_carea' id='block_1_81' title="bbox 2116 3535 3099 3615">
    <p class='ocr_par' dir='ltr' id='par_1_81' title="bbox 2116 3535 3099 3615">
     <span class='ocr_line' id='line_1_81' title="bbox 2116 3535 3099 3615; baseline 0.016 -29"><span class='ocrx_word' id='word_1_526' title='bbox 2116 3536 2289 3588; x_wconf 88' lang='lat' dir='ltr'><strong>credit</strong></span> <span class='ocrx_word' id='word_1_527' title='bbox 2319 3535 2373 3590; x_wconf 92' lang='lat' dir='ltr'><strong>in</strong></span> <span class='ocrx_word' id='word_1_528' title='bbox 2404 3550 2490 3591; x_wconf 87' lang='lat' dir='ltr'><strong>me</strong></span> <span class='ocrx_word' id='word_1_529' title='bbox 2520 3553 2629 3593; x_wconf 91' lang='lat' dir='ltr'><strong>non</strong></span> <span class='ocrx_word' id='word_1_530' title='bbox 2658 3540 2807 3597; x_wconf 84' lang='lat' dir='ltr'><strong>sitiet</strong></span> <span class='ocrx_word' id='word_1_531' title='bbox 2839 3559 3099 3615; x_wconf 82' lang='lat' dir='ltr'><strong>unquam.</strong></span> 
     </span>
    </p>
   </div>
   <div class='ocr_carea' id='block_1_82' title="bbox 2186 3624 3691 3704">
    <p class='ocr_par' dir='ltr' id='par_1_82' title="bbox 2186 3624 3691 3704">
     <span class='ocr_line' id='line_1_82' title="bbox 2186 3624 3691 3704; baseline 0.018 -26"><span class='ocrx_word' id='word_1_532' title='bbox 2186 3624 2341 3681; x_wconf 86' lang='lat' dir='ltr'><strong>Feria</strong></span> <span class='ocrx_word' id='word_1_533' title='bbox 2393 3643 2469 3685; x_wconf 78' lang='lat' dir='ltr'><strong>vr.</strong></span> <span class='ocrx_word' id='word_1_534' title='bbox 2517 3628 2707 3686; x_wconf 88' lang='lat' dir='ltr'><strong>Lectio</strong></span> <span class='ocrx_word' id='word_1_535' title='bbox 2759 3634 2881 3690; x_wconf 88' lang='lat' dir='ltr'><strong>libri</strong></span> <span class='ocrx_word' id='word_1_536' title='bbox 2933 3635 3184 3697; x_wconf 85' lang='lat' dir='ltr'><strong>Nuineri.</strong></span> <span class='ocrx_word' id='word_1_537' title='bbox 3230 3642 3287 3698; x_wconf 75' lang='lat' dir='ltr'><strong>in</strong></span> <span class='ocrx_word' id='word_1_538' title='bbox 3339 3646 3532 3703; x_wconf 87' lang='lat' dir='ltr'><strong>diebus</strong></span> <span class='ocrx_word' id='word_1_539' title='bbox 3584 3650 3691 3704; x_wconf 75' lang='lat' dir='ltr'><strong>illis</strong></span> 
     </span>
    </p>
   </div>
   <div class='ocr_carea' id='block_1_83' title="bbox 2114 3722 3692 3814">
    <p class='ocr_par' dir='ltr' id='par_1_83' title="bbox 2114 3722 3692 3814">
     <span class='ocr_line' id='line_1_83' title="bbox 2114 3722 3692 3814; baseline 0.016 -41"><span class='ocrx_word' id='word_1_540' title='bbox 2114 3734 2490 3778; x_wconf 84' lang='lat' dir='ltr'><strong>convenerunt</strong></span> <span class='ocrx_word' id='word_1_541' title='bbox 2525 3722 2623 3780; x_wconf 92' lang='lat' dir='ltr'><strong>ﬁlii</strong></span> <span class='ocrx_word' id='word_1_542' title='bbox 2654 3726 2819 3781; x_wconf 87' lang='lat' dir='ltr'><strong>Israel</strong></span> <span class='ocrx_word' id='word_1_543' title='bbox 2849 3729 2917 3783; x_wconf 91' lang='lat' dir='ltr'><strong>ad</strong></span> <span class='ocrx_word' id='word_1_544' title='bbox 2948 3730 3170 3802; x_wconf 79' lang='lat' dir='ltr'><strong>Moysen</strong></span> <span class='ocrx_word' id='word_1_545' title='bbox 3203 3745 3260 3791; x_wconf 88' lang='lat' dir='ltr'><strong>et</strong></span> <span class='ocrx_word' id='word_1_546' title='bbox 3285 3739 3494 3808; x_wconf 76' lang='lat' dir='ltr'><strong>Aaron,</strong></span> <span class='ocrx_word' id='word_1_547' title='bbox 3527 3760 3692 3814; x_wconf 71' lang='lat' dir='ltr'><strong>usque</strong></span> 
     </span>
    </p>
   </div>
   <div class='ocr_carea' id='block_1_84' title="bbox 2112 3814 3689 3896">
    <p class='ocr_par' dir='ltr' id='par_1_84' title="bbox 2112 3814 3689 3896">
     <span class='ocr_line' id='line_1_84' title="bbox 2112 3814 3689 3896; baseline 0.016 -32"><span class='ocrx_word' id='word_1_548' title='bbox 2112 3820 2167 3865; x_wconf 88' lang='lat' dir='ltr'><strong>et</strong></span> <span class='ocrx_word' id='word_1_549' title='bbox 2200 3814 2576 3873; x_wconf 85' lang='lat' dir='ltr'><strong>sanctiﬁcatus</strong></span> <span class='ocrx_word' id='word_1_550' title='bbox 2612 3828 2700 3875; x_wconf 84' lang='lat' dir='ltr'><strong>est</strong></span> <span class='ocrx_word' id='word_1_551' title='bbox 2742 3821 2797 3875; x_wconf 92' lang='lat' dir='ltr'><strong>in</strong></span> <span class='ocrx_word' id='word_1_552' title='bbox 2847 3822 2946 3877; x_wconf 89' lang='lat' dir='ltr'><strong>eis.</strong></span> <span class='ocrx_word' id='word_1_553' title='bbox 2990 3824 3342 3896; x_wconf 79' lang='lat' dir='ltr'><strong>Evangelium</strong></span> <span class='ocrx_word' id='word_1_554' title='bbox 3390 3839 3689 3891; x_wconf 88' lang='lat' dir='ltr'><strong>secundum</strong></span> 
     </span>
    </p>
   </div>
   <div class='ocr_carea' id='block_1_85' title="bbox 2111 3904 3692 3997">
    <p class='ocr_par' dir='ltr' id='par_1_85' title="bbox 2111 3904 3692 3997">
     <span class='ocr_line' id='line_1_85' title="bbox 2111 3904 3692 3997; baseline 0.017 -39"><span class='ocrx_word' id='word_1_555' title='bbox 2111 3904 2394 3975; x_wconf 80' lang='lat' dir='ltr'><strong>Joannem,</strong></span> <span class='ocrx_word' id='word_1_556' title='bbox 2426 3923 2546 3979; x_wconf 89' lang='lat' dir='ltr'><strong>cap.</strong></span> <span class='ocrx_word' id='word_1_557' title='bbox 2581 3927 2779 3978; x_wconf 85' lang='lat' dir='ltr'><strong>xxxtn,</strong></span> <span class='ocrx_word' id='word_1_558' title='bbox 2842 3913 3004 3973; x_wconf 82' lang='lat' dir='ltr'><strong>Jesus</strong></span> <span class='ocrx_word' id='word_1_559' title='bbox 3053 3917 3311 3991; x_wconf 83' lang='lat' dir='ltr'><strong>fatigatus</strong></span> <span class='ocrx_word' id='word_1_560' title='bbox 3354 3940 3421 3980; x_wconf 90' lang='lat' dir='ltr'><strong>ex</strong></span> <span class='ocrx_word' id='word_1_561' title='bbox 3473 3926 3692 3997; x_wconf 84' lang='lat' dir='ltr'><strong>itinere,</strong></span> 
     </span>
    </p>
   </div>
   <div class='ocr_carea' id='block_1_86' title="bbox 2112 3998 3691 4081">
    <p class='ocr_par' dir='ltr' id='par_1_86' title="bbox 2112 3998 3691 4081">
     <span class='ocr_line' id='line_1_86' title="bbox 2112 3998 3691 4081; baseline 0.017 -31"><span class='ocrx_word' id='word_1_562' title='bbox 2112 3998 2338 4053; x_wconf 87' lang='lat' dir='ltr'><strong>sedebat</strong></span> <span class='ocrx_word' id='word_1_563' title='bbox 2365 3999 2445 4055; x_wconf 90' lang='lat' dir='ltr'><strong>sic</strong></span> <span class='ocrx_word' id='word_1_564' title='bbox 2475 4016 2641 4072; x_wconf 90' lang='lat' dir='ltr'><strong>super</strong></span> <span class='ocrx_word' id='word_1_565' title='bbox 2689 4003 2918 4073; x_wconf 80' lang='lat' dir='ltr'><strong>fontem,</strong></span> <span class='ocrx_word' id='word_1_566' title='bbox 2948 4024 3114 4079; x_wconf 78' lang='lat' dir='ltr'><strong>usque</strong></span> <span class='ocrx_word' id='word_1_567' title='bbox 3152 4012 3277 4081; x_wconf 87' lang='lat' dir='ltr'><strong>quia</strong></span> <span class='ocrx_word' id='word_1_568' title='bbox 3319 4014 3412 4071; x_wconf 85' lang='lat' dir='ltr'><strong>hic</strong></span> <span class='ocrx_word' id='word_1_569' title='bbox 3445 4028 3531 4073; x_wconf 86' lang='lat' dir='ltr'><strong>est</strong></span> <span class='ocrx_word' id='word_1_570' title='bbox 3562 4035 3691 4077; x_wconf 86' lang='lat' dir='ltr'><strong>vero</strong></span> 
     </span>
    </p>
   </div>
   <div class='ocr_carea' id='block_1_87' title="bbox 2113 4087 2599 4149">
    <p class='ocr_par' dir='ltr' id='par_1_87' title="bbox 2113 4087 2599 4149">
     <span class='ocr_line' id='line_1_87' title="bbox 2113 4087 2599 4149; baseline 0.008 -5"><span class='ocrx_word' id='word_1_571' title='bbox 2113 4087 2362 4145; x_wconf 82' lang='lat' dir='ltr'><strong>Salvator</strong></span> <span class='ocrx_word' id='word_1_572' title='bbox 2387 4095 2599 4149; x_wconf 88' lang='lat' dir='ltr'><strong>mundi.</strong></span> 
     </span>
    </p>
   </div>
   <div class='ocr_carea' id='block_1_88' title="bbox 2183 4179 3693 4263">
    <p class='ocr_par' dir='ltr' id='par_1_88' title="bbox 2183 4179 3693 4263">
     <span class='ocr_line' id='line_1_88' title="bbox 2183 4179 3693 4263; baseline 0.015 -26"><span class='ocrx_word' id='word_1_573' title='bbox 2183 4179 2445 4240; x_wconf 87' lang='lat' dir='ltr'><strong>Sabbato.</strong></span> <span class='ocrx_word' id='word_1_574' title='bbox 2500 4185 2688 4243; x_wconf 88' lang='lat' dir='ltr'><strong>Lectio</strong></span> <span class='ocrx_word' id='word_1_575' title='bbox 2717 4188 2906 4246; x_wconf 78' lang='lat' dir='ltr'><strong>Daniel</strong></span> <span class='ocrx_word' id='word_1_576' title='bbox 2950 4195 3240 4263; x_wconf 67' lang='lat' dir='ltr'><strong>prophetae.</strong></span> <span class='ocrx_word' id='word_1_577' title='bbox 3276 4195 3335 4252; x_wconf 87' lang='lat' dir='ltr'><strong>In</strong></span> <span class='ocrx_word' id='word_1_578' title='bbox 3368 4198 3561 4258; x_wconf 86' lang='lat' dir='ltr'><strong>diebus</strong></span> <span class='ocrx_word' id='word_1_579' title='bbox 3586 4202 3693 4259; x_wconf 83' lang='lat' dir='ltr'><strong>illis</strong></span> 
     </span>
    </p>
   </div>
   <div class='ocr_carea' id='block_1_89' title="bbox 2111 4276 3688 4365">
    <p class='ocr_par' dir='ltr' id='par_1_89' title="bbox 2111 4276 3688 4365">
     <span class='ocr_line' id='line_1_89' title="bbox 2111 4276 3688 4365; baseline 0.016 -39"><span class='ocrx_word' id='word_1_580' title='bbox 2111 4282 2228 4328; x_wconf 84' lang='lat' dir='ltr'><strong>erat</strong></span> <span class='ocrx_word' id='word_1_581' title='bbox 2249 4276 2331 4330; x_wconf 90' lang='lat' dir='ltr'><strong>vir</strong></span> <span class='ocrx_word' id='word_1_582' title='bbox 2356 4276 2408 4329; x_wconf 93' lang='lat' dir='ltr'><strong>in</strong></span> <span class='ocrx_word' id='word_1_583' title='bbox 2440 4276 2738 4348; x_wconf 87' lang='lat' dir='ltr'><strong>Babylone,</strong></span> <span class='ocrx_word' id='word_1_584' title='bbox 2768 4297 2969 4338; x_wconf 88' lang='lat' dir='ltr'><strong>nomen</strong></span> <span class='ocrx_word' id='word_1_585' title='bbox 3000 4284 3117 4352; x_wconf 80' lang='lat' dir='ltr'><strong>ejus</strong></span> <span class='ocrx_word' id='word_1_586' title='bbox 3142 4286 3415 4359; x_wconf 83' lang='lat' dir='ltr'><strong>Joacbim,</strong></span> <span class='ocrx_word' id='word_1_587' title='bbox 3439 4309 3603 4365; x_wconf 80' lang='lat' dir='ltr'><strong>usque</strong></span> <span class='ocrx_word' id='word_1_588' title='bbox 3632 4298 3688 4351; x_wconf 91' lang='lat' dir='ltr'><strong>in</strong></span> 
     </span>
    </p>
   </div>
   <div class='ocr_carea' id='block_1_90' title="bbox 2114 4364 3688 4457">
    <p class='ocr_par' dir='ltr' id='par_1_90' title="bbox 2114 4364 3688 4457">
     <span class='ocr_line' id='line_1_90' title="bbox 2114 4364 3688 4457; baseline 0.017 -40"><span class='ocrx_word' id='word_1_589' title='bbox 2114 4364 2199 4418; x_wconf 90' lang='lat' dir='ltr'><strong>die</strong></span> <span class='ocrx_word' id='word_1_590' title='bbox 2219 4364 2331 4420; x_wconf 91' lang='lat' dir='ltr'><strong>illa.</strong></span> <span class='ocrx_word' id='word_1_591' title='bbox 2351 4365 2705 4438; x_wconf 85' lang='lat' dir='ltr'><strong>Evangelium</strong></span> <span class='ocrx_word' id='word_1_592' title='bbox 2727 4375 3023 4431; x_wconf 89' lang='lat' dir='ltr'><strong>secundum</strong></span> <span class='ocrx_word' id='word_1_593' title='bbox 3042 4375 3331 4446; x_wconf 86' lang='lat' dir='ltr'><strong>Joannem.</strong></span> <span class='ocrx_word' id='word_1_594' title='bbox 3350 4398 3473 4454; x_wconf 86' lang='lat' dir='ltr'><strong>cap.</strong></span> <span class='ocrx_word' id='word_1_595' title='bbox 3498 4402 3688 4457; x_wconf 74' lang='lat' dir='ltr'><strong>uxrt,</strong></span> 
     </span>
    </p>
   </div>
   <div class='ocr_carea' id='block_1_91' title="bbox 435 4442 3691 4550">
    <p class='ocr_par' dir='ltr' id='par_1_91' title="bbox 435 4442 3691 4550">
     <span class='ocr_line' id='line_1_91' title="bbox 435 4442 3691 4550; baseline 0.012 -54"><span class='ocrx_word' id='word_1_596' title='bbox 435 4442 767 4508; x_wconf 66' lang='lat' dir='ltr'><strong>Matthazum,</strong></span> <span class='ocrx_word' id='word_1_597' title='bbox 809 4460 939 4521; x_wconf 84' lang='lat' dir='ltr'><strong>cap.</strong></span> <span class='ocrx_word' id='word_1_598' title='bbox 984 4462 1088 4514; x_wconf 82' lang='lat' dir='ltr'><strong>ccr,</strong></span> <span class='ocrx_word' id='word_1_599' title='bbox 1133 4448 1451 4509; x_wconf 80' lang='lat' dir='ltr'><strong>Ascendens</strong></span> <span class='ocrx_word' id='word_1_600' title='bbox 1493 4454 1652 4513; x_wconf 83' lang='lat' dir='ltr'><strong>Jesus</strong></span> <span class='ocrx_word' id='word_1_601' title='bbox 1694 4458 2005 4532; x_wconf 75' lang='lat' dir='ltr'><strong>Hierosoly-</strong></span> <span class='ocrx_word' id='word_1_602' title='bbox 2035 4479 2084 4536; x_wconf 72' lang='grc' dir='ltr'>ι)</span> <span class='ocrx_word' id='word_1_603' title='bbox 2111 4456 2356 4550; x_wconf 81' lang='lat' dir='ltr'><strong>Perrexit</strong></span> <span class='ocrx_word' id='word_1_604' title='bbox 2384 4456 2543 4514; x_wconf 86' lang='lat' dir='ltr'><strong>Jesus</strong></span> <span class='ocrx_word' id='word_1_605' title='bbox 2574 4460 2628 4514; x_wconf 91' lang='lat' dir='ltr'><strong>in</strong></span> <span class='ocrx_word' id='word_1_606' title='bbox 2658 4473 2901 4519; x_wconf 88' lang='lat' dir='ltr'><strong>montem</strong></span> <span class='ocrx_word' id='word_1_607' title='bbox 2932 4464 3150 4539; x_wconf 87' lang='lat' dir='ltr'><strong>Oliveti,</strong></span> <span class='ocrx_word' id='word_1_608' title='bbox 3176 4442 3339 4542; x_wconf 72' lang='lat' dir='ltr'><strong>usque</strong></span> <span class='ocrx_word' id='word_1_609' title='bbox 3368 4442 3434 4532; x_wconf 68' lang='lat' dir='ltr'><strong>et</strong></span> <span class='ocrx_word' id='word_1_610' title='bbox 3453 4442 3691 4550; x_wconf 65' lang='lat' dir='ltr'><strong>amplius</strong></span> 
     </span>
    </p>
   </div>
   <div class='ocr_carea' id='block_1_92' title="bbox 435 4540 1611 4615">
    <p class='ocr_par' dir='ltr' id='par_1_92' title="bbox 435 4540 1611 4615">
     <span class='ocr_line' id='line_1_92' title="bbox 435 4540 1611 4615; baseline 0.013 -25"><span class='ocrx_word' id='word_1_611' title='bbox 435 4551 601 4601; x_wconf 77' lang='lat' dir='ltr'><strong>mani,</strong></span> <span class='ocrx_word' id='word_1_612' title='bbox 632 4553 792 4607; x_wconf 80' lang='lat' dir='ltr'><strong>usque</strong></span> <span class='ocrx_word' id='word_1_613' title='bbox 825 4540 1250 4609; x_wconf 87' lang='lat' dir='ltr'><strong>redemptionem</strong></span> <span class='ocrx_word' id='word_1_614' title='bbox 1281 4561 1378 4615; x_wconf 91' lang='lat' dir='ltr'><strong>pro</strong></span> <span class='ocrx_word' id='word_1_615' title='bbox 1407 4551 1611 4608; x_wconf 89' lang='lat' dir='ltr'><strong>multis.</strong></span> 
     </span>
    </p>
   </div>
   <div class='ocr_carea' id='block_1_93' title="bbox 506 4623 2009 4711">
    <p class='ocr_par' dir='ltr' id='par_1_93' title="bbox 506 4623 2009 4711">
     <span class='ocr_line' id='line_1_93' title="bbox 506 4623 2009 4711; baseline 0.017 -30"><span class='ocrx_word' id='word_1_616' title='bbox 506 4623 660 4683; x_wconf 81' lang='lat' dir='ltr'><strong>Feria</strong></span> <span class='ocrx_word' id='word_1_617' title='bbox 697 4646 753 4683; x_wconf 77' lang='grc' dir='ltr'><strong>ν.</strong></span> <span class='ocrx_word' id='word_1_618' title='bbox 792 4629 979 4685; x_wconf 83' lang='lat' dir='ltr'><strong>Lectio</strong></span> <span class='ocrx_word' id='word_1_619' title='bbox 1032 4631 1283 4692; x_wconf 67' lang='lat' dir='ltr'><strong>Jeremiae</strong></span> <span class='ocrx_word' id='word_1_620' title='bbox 1343 4642 1640 4711; x_wconf 61' lang='lat' dir='ltr'><strong>prophetas.</strong></span> <span class='ocrx_word' id='word_1_621' title='bbox 1696 4645 1822 4704; x_wconf 65' lang='lat' dir='ltr'><strong>Haec</strong></span> <span class='ocrx_word' id='word_1_622' title='bbox 1876 4650 2009 4706; x_wconf 87' lang='lat' dir='ltr'><strong>dicit</strong></span> 
     </span>
    </p>
   </div>
   <div class='ocr_carea' id='block_1_94' title="bbox 432 4722 2005 4810">
    <p class='ocr_par' dir='ltr' id='par_1_94' title="bbox 432 4722 2005 4810">
     <span class='ocr_line' id='line_1_94' title="bbox 432 4722 2005 4810; baseline 0.017 -35"><span class='ocrx_word' id='word_1_623' title='bbox 432 4722 694 4781; x_wconf 86' lang='lat' dir='ltr'><strong>Dominus</strong></span> <span class='ocrx_word' id='word_1_624' title='bbox 739 4727 879 4781; x_wconf 84' lang='lat' dir='ltr'><strong>Deus</strong></span> <span class='ocrx_word' id='word_1_625' title='bbox 917 4746 931 4785; x_wconf 85' lang='lat'><strong>:</strong></span> <span class='ocrx_word' id='word_1_626' title='bbox 968 4729 1282 4790; x_wconf 83' lang='lat' dir='ltr'><strong>Malcdictus</strong></span> <span class='ocrx_word' id='word_1_627' title='bbox 1331 4740 1493 4792; x_wconf 89' lang='lat' dir='ltr'><strong>homo</strong></span> <span class='ocrx_word' id='word_1_628' title='bbox 1534 4742 1622 4810; x_wconf 91' lang='lat' dir='ltr'><strong>qui</strong></span> <span class='ocrx_word' id='word_1_629' title='bbox 1670 4744 1900 4799; x_wconf 86' lang='lat' dir='ltr'><strong>conﬁdit</strong></span> <span class='ocrx_word' id='word_1_630' title='bbox 1949 4748 2005 4802; x_wconf 91' lang='lat' dir='ltr'><strong>in</strong></span> 
     </span>
    </p>
   </div>
   <div class='ocr_carea' id='block_1_95' title="bbox 431 4816 2010 4899">
    <p class='ocr_par' dir='ltr' id='par_1_95' title="bbox 431 4816 2010 4899">
     <span class='ocr_line' id='line_1_95' title="bbox 431 4816 2010 4899; baseline 0.016 -31"><span class='ocrx_word' id='word_1_631' title='bbox 431 4816 672 4885; x_wconf 88' lang='lat' dir='ltr'><strong>homine,</strong></span> <span class='ocrx_word' id='word_1_632' title='bbox 712 4837 871 4889; x_wconf 79' lang='lat' dir='ltr'><strong>usque</strong></span> <span class='ocrx_word' id='word_1_633' title='bbox 898 4823 1340 4882; x_wconf 87' lang='lat' dir='ltr'><strong>adiuventionum</strong></span> <span class='ocrx_word' id='word_1_634' title='bbox 1373 4847 1619 4899; x_wconf 88' lang='lat' dir='ltr'><strong>suarum,</strong></span> <span class='ocrx_word' id='word_1_635' title='bbox 1660 4836 1795 4893; x_wconf 87' lang='lat' dir='ltr'><strong>dicit</strong></span> <span class='ocrx_word' id='word_1_636' title='bbox 1829 4839 2010 4893; x_wconf 85' lang='lat' dir='ltr'><strong>Domi-</strong></span> 
     </span>
    </p>
   </div>
   <div class='ocr_carea' id='block_1_96' title="bbox 430 4914 2005 4995">
    <p class='ocr_par' dir='ltr' id='par_1_96' title="bbox 430 4914 2005 4995">
     <span class='ocr_line' id='line_1_96' title="bbox 430 4914 2005 4995; baseline 0.014 -34"><span class='ocrx_word' id='word_1_637' title='bbox 430 4925 531 4963; x_wconf 84' lang='lat' dir='ltr'><strong>nus</strong></span> <span class='ocrx_word' id='word_1_638' title='bbox 571 4914 942 4983; x_wconf 88' lang='lat' dir='ltr'><strong>omnipotens.</strong></span> <span class='ocrx_word' id='word_1_639' title='bbox 989 4917 1336 4988; x_wconf 83' lang='lat' dir='ltr'><strong>Evangelium</strong></span> <span class='ocrx_word' id='word_1_640' title='bbox 1379 4926 1677 4979; x_wconf 86' lang='lat' dir='ltr'><strong>secundum</strong></span> <span class='ocrx_word' id='word_1_641' title='bbox 1720 4926 2005 4995; x_wconf 88' lang='lat' dir='ltr'><strong>Joannem,</strong></span> 
     </span>
    </p>
   </div>
   <div class='ocr_carea' id='block_1_97' title="bbox 429 5006 2009 5091">
    <p class='ocr_par' dir='ltr' id='par_1_97' title="bbox 429 5006 2009 5091">
     <span class='ocr_line' id='line_1_97' title="bbox 429 5006 2009 5091; baseline 0.015 -37"><span class='ocrx_word' id='word_1_642' title='bbox 429 5017 548 5071; x_wconf 86' lang='lat' dir='ltr'><strong>cap.</strong></span> <span class='ocrx_word' id='word_1_643' title='bbox 585 5006 743 5076; x_wconf 78' lang='lat' dir='ltr'><strong>(xu),</strong></span> <span class='ocrx_word' id='word_1_644' title='bbox 784 5006 922 5062; x_wconf 76' lang='lat' dir='ltr'><strong>Dixit</strong></span> <span class='ocrx_word' id='word_1_645' title='bbox 950 5007 1107 5066; x_wconf 89' lang='lat' dir='ltr'><strong>Jesus</strong></span> <span class='ocrx_word' id='word_1_646' title='bbox 1149 5016 1324 5070; x_wconf 82' lang='lat' dir='ltr'><strong>turbis</strong></span> <span class='ocrx_word' id='word_1_647' title='bbox 1353 5013 1693 5085; x_wconf 81' lang='lat' dir='ltr'><strong>Judaeorum,</strong></span> <span class='ocrx_word' id='word_1_648' title='bbox 1727 5019 1844 5074; x_wconf 86' lang='lat' dir='ltr'><strong>Non</strong></span> <span class='ocrx_word' id='word_1_649' title='bbox 1882 5036 2009 5091; x_wconf 89' lang='lat' dir='ltr'><strong>pos-</strong></span> 
     </span>
    </p>
   </div>
   <div class='ocr_carea' id='block_1_98' title="bbox 429 5102 2008 5182">
    <p class='ocr_par' dir='ltr' id='par_1_98' title="bbox 429 5102 2008 5182">
     <span class='ocr_line' id='line_1_98' title="bbox 429 5102 2008 5182; baseline 0.014 -33"><span class='ocrx_word' id='word_1_650' title='bbox 429 5112 548 5149; x_wconf 87' lang='lat' dir='ltr'><strong>sum</strong></span> <span class='ocrx_word' id='word_1_651' title='bbox 574 5113 673 5166; x_wconf 81' lang='lat' dir='ltr'><strong>ego</strong></span> <span class='ocrx_word' id='word_1_652' title='bbox 699 5116 726 5151; x_wconf 88' lang='lat' dir='ltr'><strong>a</strong></span> <span class='ocrx_word' id='word_1_653' title='bbox 756 5115 837 5152; x_wconf 87' lang='lat' dir='ltr'><strong>me</strong></span> <span class='ocrx_word' id='word_1_654' title='bbox 859 5102 973 5169; x_wconf 86' lang='lat' dir='ltr'><strong>ipso</strong></span> <span class='ocrx_word' id='word_1_655' title='bbox 999 5105 1179 5160; x_wconf 79' lang='lat' dir='ltr'><strong>facere</strong></span> <span class='ocrx_word' id='word_1_656' title='bbox 1201 5107 1521 5177; x_wconf 85' lang='lat' dir='ltr'><strong>quidquam,</strong></span> <span class='ocrx_word' id='word_1_657' title='bbox 1542 5126 1706 5179; x_wconf 74' lang='lat' dir='ltr'><strong>usque</strong></span> <span class='ocrx_word' id='word_1_658' title='bbox 1736 5116 2008 5182; x_wconf 89' lang='lat' dir='ltr'><strong>quomodo</strong></span> 
     </span>
    </p>
   </div>
   <div class='ocr_carea' id='block_1_99' title="bbox 430 5189 1056 5251">
    <p class='ocr_par' dir='ltr' id='par_1_99' title="bbox 430 5189 1056 5251">
     <span class='ocr_line' id='line_1_99' title="bbox 430 5189 1056 5251; baseline 0.016 -10"><span class='ocrx_word' id='word_1_659' title='bbox 430 5189 610 5243; x_wconf 82' lang='lat' dir='ltr'><strong>verbis</strong></span> <span class='ocrx_word' id='word_1_660' title='bbox 642 5193 778 5247; x_wconf 87' lang='lat' dir='ltr'><strong>meis</strong></span> <span class='ocrx_word' id='word_1_661' title='bbox 809 5196 1056 5251; x_wconf 85' lang='lat' dir='ltr'><strong>creditis.</strong></span> 
     </span>
    </p>
   </div>
   <div class='ocr_carea' id='block_1_100' title="bbox 497 5281 2008 5354">
    <p class='ocr_par' dir='ltr' id='par_1_100' title="bbox 497 5281 2008 5354">
     <span class='ocr_line' id='line_1_100' title="bbox 497 5281 2008 5354; baseline 0.013 -20"><span class='ocrx_word' id='word_1_662' title='bbox 497 5281 655 5349; x_wconf 79' lang='lat' dir='ltr'><strong>Feria</strong></span> <span class='ocrx_word' id='word_1_663' title='bbox 689 5299 760 5339; x_wconf 78' lang='lat' dir='ltr'><strong>vr.</strong></span> <span class='ocrx_word' id='word_1_664' title='bbox 797 5285 978 5343; x_wconf 84' lang='lat' dir='ltr'><strong>Lectio</strong></span> <span class='ocrx_word' id='word_1_665' title='bbox 1025 5290 1146 5345; x_wconf 90' lang='lat' dir='ltr'><strong>libri</strong></span> <span class='ocrx_word' id='word_1_666' title='bbox 1196 5290 1497 5349; x_wconf 86' lang='lat' dir='ltr'><strong>Geneseos.</strong></span> <span class='ocrx_word' id='word_1_667' title='bbox 1552 5296 1610 5348; x_wconf 82' lang='lat' dir='ltr'><strong>In</strong></span> <span class='ocrx_word' id='word_1_668' title='bbox 1659 5296 1854 5353; x_wconf 84' lang='lat' dir='ltr'><strong>diebus</strong></span> <span class='ocrx_word' id='word_1_669' title='bbox 1899 5299 2008 5354; x_wconf 87' lang='lat' dir='ltr'><strong>illis</strong></span> 
     </span>
    </p>
   </div>
   <div class='ocr_carea' id='block_1_101' title="bbox 428 5373 2009 5460">
    <p class='ocr_par' dir='ltr' id='par_1_101' title="bbox 428 5373 2009 5460">
     <span class='ocr_line' id='line_1_101' title="bbox 428 5373 2009 5460; baseline 0.011 -32"><span class='ocrx_word' id='word_1_670' title='bbox 428 5373 567 5428; x_wconf 80' lang='lat' dir='ltr'><strong>dixit</strong></span> <span class='ocrx_word' id='word_1_671' title='bbox 610 5373 812 5447; x_wconf 84' lang='lat' dir='ltr'><strong>Joscph</strong></span> <span class='ocrx_word' id='word_1_672' title='bbox 861 5376 1123 5438; x_wconf 77' lang='lat' dir='ltr'><strong>fratribus</strong></span> <span class='ocrx_word' id='word_1_673' title='bbox 1173 5384 1310 5449; x_wconf 87' lang='lat' dir='ltr'><strong>suis,</strong></span> <span class='ocrx_word' id='word_1_674' title='bbox 1358 5401 1521 5457; x_wconf 75' lang='lat' dir='ltr'><strong>usque</strong></span> <span class='ocrx_word' id='word_1_675' title='bbox 1560 5388 1749 5445; x_wconf 87' lang='lat' dir='ltr'><strong>volens</strong></span> <span class='ocrx_word' id='word_1_676' title='bbox 1795 5391 2009 5460; x_wconf 86' lang='lat' dir='ltr'><strong>eripere</strong></span> 
     </span>
    </p>
   </div>
   <div class='ocr_carea' id='block_1_102' title="bbox 430 5465 2009 5549">
    <p class='ocr_par' dir='ltr' id='par_1_102' title="bbox 430 5465 2009 5549">
     <span class='ocr_line' id='line_1_102' title="bbox 430 5465 2009 5549; baseline 0.012 -32"><span class='ocrx_word' id='word_1_677' title='bbox 430 5478 554 5518; x_wconf 89' lang='lat' dir='ltr'><strong>eum</strong></span> <span class='ocrx_word' id='word_1_678' title='bbox 585 5465 654 5521; x_wconf 89' lang='lat' dir='ltr'><strong>de</strong></span> <span class='ocrx_word' id='word_1_679' title='bbox 684 5470 932 5525; x_wconf 86' lang='lat' dir='ltr'><strong>manibus</strong></span> <span class='ocrx_word' id='word_1_680' title='bbox 962 5487 1147 5527; x_wconf 82' lang='lat' dir='ltr'><strong>eorum</strong></span> <span class='ocrx_word' id='word_1_681' title='bbox 1177 5482 1231 5529; x_wconf 88' lang='lat' dir='ltr'><strong>et</strong></span> <span class='ocrx_word' id='word_1_682' title='bbox 1259 5477 1487 5533; x_wconf 81' lang='lat' dir='ltr'><strong>reddere</strong></span> <span class='ocrx_word' id='word_1_683' title='bbox 1509 5481 1650 5549; x_wconf 90' lang='lat' dir='ltr'><strong>patri</strong></span> <span class='ocrx_word' id='word_1_684' title='bbox 1684 5496 1805 5537; x_wconf 91' lang='lat' dir='ltr'><strong>suo.</strong></span> <span class='ocrx_word' id='word_1_685' title='bbox 1830 5483 2009 5536; x_wconf 87' lang='lat' dir='ltr'><strong>Evan-</strong></span> 
     </span>
    </p>
   </div>
   <div class='ocr_carea' id='block_1_103' title="bbox 431 5557 2009 5637">
    <p class='ocr_par' dir='ltr' id='par_1_103' title="bbox 431 5557 2009 5637">
     <span class='ocr_line' id='line_1_103' title="bbox 431 5557 2009 5637; baseline 0.011 -27"><span class='ocrx_word' id='word_1_686' title='bbox 431 5557 630 5625; x_wconf 82' lang='lat' dir='ltr'><strong>gelium</strong></span> <span class='ocrx_word' id='word_1_687' title='bbox 683 5560 975 5616; x_wconf 86' lang='lat' dir='ltr'><strong>secundum</strong></span> <span class='ocrx_word' id='word_1_688' title='bbox 1026 5563 1378 5633; x_wconf 68' lang='lat' dir='ltr'><strong>Mattbasum,</strong></span> <span class='ocrx_word' id='word_1_689' title='bbox 1437 5583 1557 5637; x_wconf 87' lang='lat' dir='ltr'><strong>cap.</strong></span> <span class='ocrx_word' id='word_1_690' title='bbox 1613 5583 1809 5636; x_wconf 79' lang='lat' dir='ltr'><strong>ccxix,</strong></span> <span class='ocrx_word' id='word_1_691' title='bbox 1865 5571 2009 5627; x_wconf 81' lang='lat' dir='ltr'><strong>Dixit</strong></span> 
     </span>
    </p>
   </div>
   <div class='ocr_carea' id='block_1_104' title="bbox 430 5643 2008 5731">
    <p class='ocr_par' dir='ltr' id='par_1_104' title="bbox 430 5643 2008 5731">
     <span class='ocr_line' id='line_1_104' title="bbox 430 5643 2008 5731; baseline 0.013 -32"><span class='ocrx_word' id='word_1_692' title='bbox 430 5643 587 5701; x_wconf 82' lang='lat' dir='ltr'><strong>Jesus</strong></span> <span class='ocrx_word' id='word_1_693' title='bbox 642 5648 926 5718; x_wconf 71' lang='lat' dir='ltr'><strong>discipulis</strong></span> <span class='ocrx_word' id='word_1_694' title='bbox 978 5654 1126 5719; x_wconf 89' lang='lat' dir='ltr'><strong>suis,</strong></span> <span class='ocrx_word' id='word_1_695' title='bbox 1177 5654 1351 5711; x_wconf 78' lang='lat' dir='ltr'><strong>lluino</strong></span> <span class='ocrx_word' id='word_1_696' title='bbox 1408 5671 1526 5714; x_wconf 86' lang='lat' dir='ltr'><strong>erat</strong></span> <span class='ocrx_word' id='word_1_697' title='bbox 1580 5661 2008 5731; x_wconf 81' lang='lat' dir='ltr'><strong>paterfamilias,</strong></span> 
     </span>
    </p>
   </div>
   <div class='ocr_carea' id='block_1_105' title="bbox 436 5741 1899 5817">
    <p class='ocr_par' dir='ltr' id='par_1_105' title="bbox 436 5741 1899 5817">
     <span class='ocr_line' id='line_1_105' title="bbox 436 5741 1899 5817; baseline 0.013 -29"><span class='ocrx_word' id='word_1_698' title='bbox 436 5752 598 5805; x_wconf 83' lang='lat' dir='ltr'><strong>usque</strong></span> <span class='ocrx_word' id='word_1_699' title='bbox 630 5741 885 5808; x_wconf 89' lang='lat' dir='ltr'><strong>quoniam</strong></span> <span class='ocrx_word' id='word_1_700' title='bbox 917 5744 1056 5799; x_wconf 88' lang='lat' dir='ltr'><strong>sicut</strong></span> <span class='ocrx_word' id='word_1_701' title='bbox 1090 5749 1409 5817; x_wconf 80' lang='lat' dir='ltr'><strong>prOphetam</strong></span> <span class='ocrx_word' id='word_1_702' title='bbox 1446 5765 1571 5808; x_wconf 91' lang='lat' dir='ltr'><strong>eum</strong></span> <span class='ocrx_word' id='word_1_703' title='bbox 1608 5754 1899 5809; x_wconf 87' lang='lat' dir='ltr'><strong>habebant.</strong></span> 
     </span>
    </p>
   </div>
   <div class='ocr_carea' id='block_1_106' title="bbox 2105 4546 2640 4619">
    <p class='ocr_par' dir='ltr' id='par_1_106' title="bbox 2105 4546 2640 4619">
     <span class='ocr_line' id='line_1_106' title="bbox 2105 4546 2640 4619; baseline 0.004 -17"><span class='ocrx_word' id='word_1_704' title='bbox 2105 4546 2217 4616; x_wconf 86' lang='lat' dir='ltr'><strong>jam</strong></span> <span class='ocrx_word' id='word_1_705' title='bbox 2252 4547 2358 4603; x_wconf 87' lang='lat' dir='ltr'><strong>noli</strong></span> <span class='ocrx_word' id='word_1_706' title='bbox 2392 4564 2640 4619; x_wconf 89' lang='lat' dir='ltr'><strong>peccare.</strong></span> 
     </span>
    </p>
   </div>
   <div class='ocr_carea' id='block_1_107' title="bbox 2182 4640 3690 4735">
    <p class='ocr_par' dir='ltr' id='par_1_107' title="bbox 2182 4640 3690 4735">
     <span class='ocr_line' id='line_1_107' title="bbox 2182 4640 3690 4735; baseline 0.021 -41"><span class='ocrx_word' id='word_1_707' title='bbox 2182 4640 2462 4698; x_wconf 88' lang='lat' dir='ltr'><strong>Dominica</strong></span> <span class='ocrx_word' id='word_1_708' title='bbox 2481 4660 2577 4699; x_wconf 83' lang='lat' dir='ltr'><strong>xx.</strong></span> <span class='ocrx_word' id='word_1_709' title='bbox 2599 4645 2786 4703; x_wconf 89' lang='lat' dir='ltr'><strong>Lectio</strong></span> <span class='ocrx_word' id='word_1_710' title='bbox 2810 4649 3070 4732; x_wconf 69' lang='lat' dir='ltr'><strong>Epistula:</strong></span> <span class='ocrx_word' id='word_1_711' title='bbox 3099 4655 3247 4714; x_wconf 75' lang='lat' dir='ltr'><strong>beati</strong></span> <span class='ocrx_word' id='word_1_712' title='bbox 3271 4659 3427 4719; x_wconf 83' lang='lat' dir='ltr'><strong>Pauli</strong></span> <span class='ocrx_word' id='word_1_713' title='bbox 3450 4670 3690 4735; x_wconf 88' lang='lat' dir='ltr'><strong>apostoli</strong></span> 
     </span>
    </p>
   </div>
   <div class='ocr_carea' id='block_1_108' title="bbox 2111 4733 3692 4819">
    <p class='ocr_par' dir='ltr' id='par_1_108' title="bbox 2111 4733 3692 4819">
     <span class='ocr_line' id='line_1_108' title="bbox 2111 4733 3692 4819; baseline 0.017 -30"><span class='ocrx_word' id='word_1_714' title='bbox 2111 4737 2175 4789; x_wconf 85' lang='lat' dir='ltr'><strong>ad</strong></span> <span class='ocrx_word' id='word_1_715' title='bbox 2207 4733 2443 4791; x_wconf 87' lang='lat' dir='ltr'><strong>Galatas.</strong></span> <span class='ocrx_word' id='word_1_716' title='bbox 2470 4737 2713 4805; x_wconf 85' lang='lat' dir='ltr'><strong>Fratres,</strong></span> <span class='ocrx_word' id='word_1_717' title='bbox 2742 4744 3011 4812; x_wconf 86' lang='lat' dir='ltr'><strong>scriptum</strong></span> <span class='ocrx_word' id='word_1_718' title='bbox 3032 4752 3393 4819; x_wconf 76' lang='lat' dir='ltr'><strong>estquoniam</strong></span> <span class='ocrx_word' id='word_1_719' title='bbox 3414 4733 3692 4815; x_wconf 82' lang='lat' dir='ltr'><strong>Abraham</strong></span> 
     </span>
    </p>
   </div>
   <div class='ocr_carea' id='block_1_109' title="bbox 2112 4827 3694 4902">
    <p class='ocr_par' dir='ltr' id='par_1_109' title="bbox 2112 4827 3694 4902">
     <span class='ocr_line' id='line_1_109' title="bbox 2112 4827 3694 4902; baseline 0.014 -22"><span class='ocrx_word' id='word_1_720' title='bbox 2112 4828 2245 4881; x_wconf 89' lang='lat' dir='ltr'><strong>duos</strong></span> <span class='ocrx_word' id='word_1_721' title='bbox 2282 4827 2422 4882; x_wconf 88' lang='lat' dir='ltr'><strong>ﬁlios</strong></span> <span class='ocrx_word' id='word_1_722' title='bbox 2468 4827 2679 4895; x_wconf 86' lang='lat' dir='ltr'><strong>habuit,</strong></span> <span class='ocrx_word' id='word_1_723' title='bbox 2732 4847 2893 4902; x_wconf 78' lang='lat' dir='ltr'><strong>usque</strong></span> <span class='ocrx_word' id='word_1_724' title='bbox 2946 4835 3203 4894; x_wconf 85' lang='lat' dir='ltr'><strong>Christus</strong></span> <span class='ocrx_word' id='word_1_725' title='bbox 3251 4857 3350 4897; x_wconf 87' lang='lat' dir='ltr'><strong>nos</strong></span> <span class='ocrx_word' id='word_1_726' title='bbox 3413 4844 3694 4902; x_wconf 86' lang='lat' dir='ltr'><strong>liberavit.</strong></span> 
     </span>
    </p>
   </div>
   <div class='ocr_carea' id='block_1_110' title="bbox 2113 4920 3760 5003">
    <p class='ocr_par' dir='ltr' id='par_1_110' title="bbox 2113 4920 3760 5003">
     <span class='ocr_line' id='line_1_110' title="bbox 2113 4920 3760 5003; baseline 0.015 -30"><span class='ocrx_word' id='word_1_727' title='bbox 2113 4920 2463 4991; x_wconf 84' lang='lat' dir='ltr'><strong>Evangelium</strong></span> <span class='ocrx_word' id='word_1_728' title='bbox 2498 4925 2798 4979; x_wconf 87' lang='lat' dir='ltr'><strong>secundum</strong></span> <span class='ocrx_word' id='word_1_729' title='bbox 2836 4926 3101 4986; x_wconf 86' lang='lat' dir='ltr'><strong>Joannem</strong></span> <span class='ocrx_word' id='word_1_730' title='bbox 3145 4947 3268 5003; x_wconf 88' lang='lat' dir='ltr'><strong>cap.</strong></span> <span class='ocrx_word' id='word_1_731' title='bbox 3327 4951 3478 4993; x_wconf 73' lang='lat' dir='ltr'><strong>XLVI.</strong></span> <span class='ocrx_word' id='word_1_732' title='bbox 3545 4941 3699 4997; x_wconf 83' lang='lat' dir='ltr'><strong>Abiit</strong></span> <span class='ocrx_word' id='word_1_733' title='bbox 3736 4927 3760 4941; x_wconf 48' lang='grc'><strong>³</strong></span> 
     </span>
    </p>
   </div>
   <div class='ocr_carea' id='block_1_111' title="bbox 2111 5012 3696 5099">
    <p class='ocr_par' dir='ltr' id='par_1_111' title="bbox 2111 5012 3696 5099">
     <span class='ocr_line' id='line_1_111' title="bbox 2111 5012 3696 5099; baseline 0.015 -32"><span class='ocrx_word' id='word_1_734' title='bbox 2111 5012 2266 5067; x_wconf 88' lang='lat' dir='ltr'><strong>Jesns</strong></span> <span class='ocrx_word' id='word_1_735' title='bbox 2332 5024 2481 5071; x_wconf 86' lang='lat' dir='ltr'><strong>trans</strong></span> <span class='ocrx_word' id='word_1_736' title='bbox 2538 5030 2689 5074; x_wconf 88' lang='lat' dir='ltr'><strong>mare</strong></span> <span class='ocrx_word' id='word_1_737' title='bbox 2746 5019 3001 5088; x_wconf 68' lang='lat' dir='ltr'><strong>Galilaeas,</strong></span> <span class='ocrx_word' id='word_1_738' title='bbox 3058 5028 3201 5094; x_wconf 89' lang='lat' dir='ltr'><strong>quod</strong></span> <span class='ocrx_word' id='word_1_739' title='bbox 3238 5039 3322 5083; x_wconf 84' lang='lat' dir='ltr'><strong>est</strong></span> <span class='ocrx_word' id='word_1_740' title='bbox 3361 5031 3696 5099; x_wconf 87' lang='lat' dir='ltr'><strong>Tiberiadis.</strong></span> 
     </span>
    </p>
   </div>
   <div class='ocr_carea' id='block_1_112' title="bbox 2112 5110 3228 5177">
    <p class='ocr_par' dir='ltr' id='par_1_112' title="bbox 2112 5110 3228 5177">
     <span class='ocr_line' id='line_1_112' title="bbox 2112 5110 3228 5177; baseline 0.014 -17"><span class='ocrx_word' id='word_1_741' title='bbox 2112 5123 2276 5177; x_wconf 79' lang='lat' dir='ltr'><strong>usque</strong></span> <span class='ocrx_word' id='word_1_742' title='bbox 2307 5110 2398 5177; x_wconf 91' lang='lat' dir='ltr'><strong>qui</strong></span> <span class='ocrx_word' id='word_1_743' title='bbox 2438 5120 2703 5168; x_wconf 86' lang='lat' dir='ltr'><strong>venturus</strong></span> <span class='ocrx_word' id='word_1_744' title='bbox 2739 5125 2822 5168; x_wconf 86' lang='lat' dir='ltr'><strong>est</strong></span> <span class='ocrx_word' id='word_1_745' title='bbox 2858 5116 2910 5170; x_wconf 91' lang='lat' dir='ltr'><strong>in</strong></span> <span class='ocrx_word' id='word_1_746' title='bbox 2942 5119 3228 5176; x_wconf 86' lang='lat' dir='ltr'><strong>mundum.</strong></span> 
     </span>
    </p>
   </div>
   <div class='ocr_carea' id='block_1_113' title="bbox 2185 5200 3695 5279">
    <p class='ocr_par' dir='ltr' id='par_1_113' title="bbox 2185 5200 3695 5279">
     <span class='ocr_line' id='line_1_113' title="bbox 2185 5200 3695 5279; baseline 0.018 -26"><span class='ocrx_word' id='word_1_747' title='bbox 2185 5200 2336 5255; x_wconf 78' lang='lat' dir='ltr'><strong>Feria</strong></span> <span class='ocrx_word' id='word_1_748' title='bbox 2370 5202 2631 5261; x_wconf 88' lang='lat' dir='ltr'><strong>u.Lectio</strong></span> <span class='ocrx_word' id='word_1_749' title='bbox 2654 5206 2778 5262; x_wconf 91' lang='lat' dir='ltr'><strong>libri</strong></span> <span class='ocrx_word' id='word_1_750' title='bbox 2808 5207 3039 5279; x_wconf 82' lang='lat' dir='ltr'><strong>Regum.</strong></span> <span class='ocrx_word' id='word_1_751' title='bbox 3075 5211 3130 5268; x_wconf 92' lang='lat' dir='ltr'><strong>lu</strong></span> <span class='ocrx_word' id='word_1_752' title='bbox 3156 5215 3349 5272; x_wconf 89' lang='lat' dir='ltr'><strong>diebus</strong></span> <span class='ocrx_word' id='word_1_753' title='bbox 3384 5218 3495 5275; x_wconf 89' lang='lat' dir='ltr'><strong>illis</strong></span> <span class='ocrx_word' id='word_1_754' title='bbox 3528 5234 3695 5279; x_wconf 82' lang='lat' dir='ltr'><strong>vene-</strong></span> 
     </span>
    </p>
   </div>
   <div class='ocr_carea' id='block_1_114' title="bbox 2114 5295 3694 5376">
    <p class='ocr_par' dir='ltr' id='par_1_114' title="bbox 2114 5295 3694 5376">
     <span class='ocr_line' id='line_1_114' title="bbox 2114 5295 3694 5376; baseline 0.013 -29"><span class='ocrx_word' id='word_1_755' title='bbox 2114 5303 2245 5347; x_wconf 90' lang='lat' dir='ltr'><strong>runt</strong></span> <span class='ocrx_word' id='word_1_756' title='bbox 2269 5295 2390 5351; x_wconf 66' lang='lat' dir='ltr'><strong>dum</strong></span> <span class='ocrx_word' id='word_1_757' title='bbox 2433 5297 2691 5354; x_wconf 83' lang='lat' dir='ltr'><strong>tnulieres</strong></span> <span class='ocrx_word' id='word_1_758' title='bbox 2729 5305 3046 5359; x_wconf 86' lang='lat' dir='ltr'><strong>meretrices</strong></span> <span class='ocrx_word' id='word_1_759' title='bbox 3075 5308 3141 5361; x_wconf 89' lang='lat' dir='ltr'><strong>ad</strong></span> <span class='ocrx_word' id='word_1_760' title='bbox 3187 5323 3366 5376; x_wconf 81' lang='lat' dir='ltr'><strong>regem</strong></span> <span class='ocrx_word' id='word_1_761' title='bbox 3404 5314 3694 5375; x_wconf 85' lang='lat' dir='ltr'><strong>Salomon,</strong></span> 
     </span>
    </p>
   </div>
   <div class='ocr_carea' id='block_1_115' title="bbox 2112 5385 3697 5469">
    <p class='ocr_par' dir='ltr' id='par_1_115' title="bbox 2112 5385 3697 5469">
     <span class='ocr_line' id='line_1_115' title="bbox 2112 5385 3697 5469; baseline 0.015 -32"><span class='ocrx_word' id='word_1_762' title='bbox 2112 5401 2274 5450; x_wconf 73' lang='lat' dir='ltr'><strong>usque</strong></span> <span class='ocrx_word' id='word_1_763' title='bbox 2289 5388 2354 5440; x_wconf 86' lang='lat' dir='ltr'><strong>ad</strong></span> <span class='ocrx_word' id='word_1_764' title='bbox 2371 5385 2683 5445; x_wconf 85' lang='lat' dir='ltr'><strong>faciendum</strong></span> <span class='ocrx_word' id='word_1_765' title='bbox 2701 5392 2987 5459; x_wconf 83' lang='lat' dir='ltr'><strong>judicium.</strong></span> <span class='ocrx_word' id='word_1_766' title='bbox 3008 5396 3363 5469; x_wconf 83' lang='lat' dir='ltr'><strong>Evangelium</strong></span> <span class='ocrx_word' id='word_1_767' title='bbox 3392 5407 3697 5460; x_wconf 72' lang='lat' dir='ltr'><strong>secundum</strong></span> 
     </span>
    </p>
   </div>
   <div class='ocr_carea' id='block_1_116' title="bbox 2112 5477 3697 5560">
    <p class='ocr_par' dir='ltr' id='par_1_116' title="bbox 2112 5477 3697 5560">
     <span class='ocr_line' id='line_1_116' title="bbox 2112 5477 3697 5560; baseline 0.012 -28"><span class='ocrx_word' id='word_1_768' title='bbox 2112 5477 2378 5535; x_wconf 87' lang='lat' dir='ltr'><strong>Joannem</strong></span> <span class='ocrx_word' id='word_1_769' title='bbox 2408 5496 2528 5551; x_wconf 90' lang='lat' dir='ltr'><strong>cap.</strong></span> <span class='ocrx_word' id='word_1_770' title='bbox 2560 5500 2654 5550; x_wconf 85' lang='lat' dir='ltr'><strong>xx,</strong></span> <span class='ocrx_word' id='word_1_771' title='bbox 2683 5485 2860 5558; x_wconf 87' lang='lat' dir='ltr'><strong>Prope</strong></span> <span class='ocrx_word' id='word_1_772' title='bbox 2887 5499 3009 5545; x_wconf 87' lang='lat' dir='ltr'><strong>erat</strong></span> <span class='ocrx_word' id='word_1_773' title='bbox 3036 5489 3241 5547; x_wconf 86' lang='lat' dir='ltr'><strong>Pascha</strong></span> <span class='ocrx_word' id='word_1_774' title='bbox 3264 5492 3609 5560; x_wconf 69' lang='lat' dir='ltr'><strong>Judaeorum,</strong></span> <span class='ocrx_word' id='word_1_775' title='bbox 3643 5509 3697 5551; x_wconf 90' lang='lat' dir='ltr'><strong>et</strong></span> 
     </span>
    </p>
   </div>
   <div class='ocr_carea' id='block_1_117' title="bbox 2114 5574 3698 5657">
    <p class='ocr_par' dir='ltr' id='par_1_117' title="bbox 2114 5574 3698 5657">
     <span class='ocr_line' id='line_1_117' title="bbox 2114 5574 3698 5657; baseline 0.013 -32"><span class='ocrx_word' id='word_1_776' title='bbox 2114 5575 2361 5628; x_wconf 82' lang='lat' dir='ltr'><strong>ascendit</strong></span> <span class='ocrx_word' id='word_1_777' title='bbox 2424 5574 2855 5649; x_wconf 79' lang='lat' dir='ltr'><strong>Hierosolymam</strong></span> <span class='ocrx_word' id='word_1_778' title='bbox 2926 5581 3106 5651; x_wconf 88' lang='lat' dir='ltr'><strong>Jesus,</strong></span> <span class='ocrx_word' id='word_1_779' title='bbox 3174 5600 3335 5654; x_wconf 72' lang='lat' dir='ltr'><strong>usque</strong></span> <span class='ocrx_word' id='word_1_780' title='bbox 3384 5586 3505 5657; x_wconf 82' lang='lat' dir='ltr'><strong>ipse</strong></span> <span class='ocrx_word' id='word_1_781' title='bbox 3549 5590 3698 5646; x_wconf 85' lang='lat' dir='ltr'><strong>enim</strong></span> 
     </span>
    </p>
   </div>
   <div class='ocr_carea' id='block_1_118' title="bbox 2115 5662 3004 5734">
    <p class='ocr_par' dir='ltr' id='par_1_118' title="bbox 2115 5662 3004 5734">
     <span class='ocr_line' id='line_1_118' title="bbox 2115 5662 3004 5734; baseline 0.012 -17"><span class='ocrx_word' id='word_1_782' title='bbox 2115 5662 2323 5718; x_wconf 87' lang='lat' dir='ltr'><strong>sciebat</strong></span> <span class='ocrx_word' id='word_1_783' title='bbox 2349 5665 2480 5734; x_wconf 90' lang='lat' dir='ltr'><strong>quid</strong></span> <span class='ocrx_word' id='word_1_784' title='bbox 2508 5680 2659 5725; x_wconf 87' lang='lat' dir='ltr'><strong>esset</strong></span> <span class='ocrx_word' id='word_1_785' title='bbox 2685 5672 2736 5725; x_wconf 92' lang='lat' dir='ltr'><strong>in</strong></span> <span class='ocrx_word' id='word_1_786' title='bbox 2764 5672 3004 5730; x_wconf 87' lang='lat' dir='ltr'><strong>homine.</strong></span> 
     </span>
    </p>
   </div>
   <div class='ocr_carea' id='block_1_119' title="bbox 2188 5757 3695 5834">
    <p class='ocr_par' dir='ltr' id='par_1_119' title="bbox 2188 5757 3695 5834">
     <span class='ocr_line' id='line_1_119' title="bbox 2188 5757 3695 5834; baseline 0.016 -24"><span class='ocrx_word' id='word_1_787' title='bbox 2188 5757 2345 5813; x_wconf 77' lang='lat' dir='ltr'><strong>Furia</strong></span> <span class='ocrx_word' id='word_1_788' title='bbox 2373 5776 2453 5815; x_wconf 81' lang='grc' dir='ltr'>ιιι.</span> <span class='ocrx_word' id='word_1_789' title='bbox 2485 5760 2675 5820; x_wconf 89' lang='lat' dir='ltr'><strong>Lectio</strong></span> <span class='ocrx_word' id='word_1_790' title='bbox 2703 5765 2824 5823; x_wconf 90' lang='lat' dir='ltr'><strong>libri</strong></span> <span class='ocrx_word' id='word_1_791' title='bbox 2852 5766 3050 5826; x_wconf 84' lang='lat' dir='ltr'><strong>Exodi.</strong></span> <span class='ocrx_word' id='word_1_792' title='bbox 3084 5769 3141 5828; x_wconf 83' lang='lat' dir='ltr'><strong>In</strong></span> <span class='ocrx_word' id='word_1_793' title='bbox 3175 5772 3369 5830; x_wconf 87' lang='lat' dir='ltr'><strong>diebus</strong></span> <span class='ocrx_word' id='word_1_794' title='bbox 3405 5773 3517 5832; x_wconf 77' lang='lat' dir='ltr'><strong>illis</strong></span> <span class='ocrx_word' id='word_1_795' title='bbox 3540 5774 3695 5834; x_wconf 85' lang='lat' dir='ltr'><strong>loeu-</strong></span> 
     </span>
    </p>
   </div>
  </div>
