3956 6196
271 371 372 430 57

1614 351 1847 430 LIBER
1885 365 2215 431 comrrs.

3444 353 3552 420 518

275 497 361 536 tus
379 494 464 552 est
489 482 686 554 pupnlo
709 496 808 538 suo
827 479 1088 538 Dominus
1110 481 1248 537 Deus
1269 489 1476 538 noster.
1503 481 1856 552 Evangelium
1891 490 1934 544 Α
2035 481 2190 539 Feria
2227 495 2297 535 vi.
2364 478 2550 533 Lectio
2586 476 2836 533 Jeremiae
2893 477 3188 548 prophetae.
3240 475 3299 531 In
3354 476 3546 533 diebus
3625 459 3630 468 ’

277 578 577 632 secundum
617 574 882 629 Joannem
931 589 1051 642 cap.
1085 591 1248 637 Lxxv,
1282 567 1403 628 Jam
1435 575 1524 630 die
1577 573 1718 630 festo
1752 590 1865 630 me-

259 672 462 726 diante
487 665 912 724 ascenditJesus
946 668 1000 721 in
1035 667 1296 736 templum
1328 679 1384 722 et
1412 667 1664 735 docebat,
1701 683 1862 734 usque

275 765 343 815 de
375 762 532 814 turba
570 758 732 812 multi
755 757 1108 814 crediderunt
1140 758 1191 810 in
1226 773 1374 812 eum.

351 849 506 904 Feria
541 865 614 904 tv.
645 847 828 902 Lectio
857 849 1107 902 Ezechiel
1129 847 1430 918 prophetae.
1455 847 1578 904 Haec
1601 849 1730 904 dicit
1756 848 1860 904 Do-

276 944 461 996 minus
514 941 678 1003 Deus,
715 939 1082 997 Sauctilicabo
1129 956 1327 995 nomen
1366 957 1542 994 meum
1579 956 1860 1012 magnum,

275 1051 441 1104 usque
470 1043 526 1088 et
556 1049 655 1102 ego
680 1049 777 1088 ero
808 1035 960 1088 vobis
988 1032 1042 1088 in
1074 1033 1262 1100 Deum,
1294 1035 1423 1088 dicit
1454 1033 1718 1088 Dominus
1740 1049 1860 1087 om-

249 1129 556 1196 -nipotens.
629 1121 982 1194 Evangeliu'm
1045 1127 1341 1180 secundum
1402 1123 1668 1182 Joannem
1735 1141 1858 1195 cap.

273 1233 498 1271 Lxxxtx.
536 1213 860 1270 Praateriens
891 1215 1052 1270 Jesus
1097 1215 1236 1268 vidit
1271 1216 1545 1270 hominem
1597 1233 1801 1272 caecum
1831 1233 1860 1272 a

276 1311 586 1371 nativitate,
609 1325 772 1378 usque
788 1317 842 1362 et
867 1309 1164 1378 procidens
1193 1309 1445 1363 adoravit
1467 1325 1615 1364 eum.

347 1401 506 1456 Feria
534 1419 587 1456 v.
618 1401 806 1456 Lectio
835 1401 956 1455 libri
985 1399 1216 1469 Regum.
1253 1402 1314 1455 In
1345 1401 1540 1456 diebus
1570 1403 1679 1457 illis
1709 1402 1862 1457 venit

275 1493 474 1547 mulier
518 1489 830 1545 Sunamites
891 1490 957 1544 ad
1002 1489 1257 1546 Elisaaum
1297 1491 1351 1546 in
1392 1501 1654 1554 montem,
1696 1509 1862 1562 usque

275 1598 533 1642 reversus
559 1592 643 1638 est
667 1583 718 1638 in
735 1583 982 1651 Galgala.
999 1583 1352 1653 Evangelium
1378 1585 1677 1639 secundum
1695 1582 1865 1638 Joan-

274 1692 401 1731 nem
429 1689 552 1744 cap.
601 1690 688 1738 χι,
721 1673 865 1727 Dixit
899 1673 1058 1729 Iesus
1114 1674 1288 1730 turbis
1327 1675 1660 1738 Judteorum,
1698 1673 1863 1731 Pater

275 1787 436 1827 mus
456 1785 630 1838 usque
663 1770 823 1824 modo
846 1782 1132 1838 cperatur,
1156 1780 1211 1824 et
1235 1784 1337 1839 ego
1363 1785 1582 1840 operor,
1616 1786 1781 1840 usque
1806 1770 1858 1824 in

277 1864 738 1919 resurrectionem
761 1863 957 1934 judicii

345 1956 504 2010 Feria
569 1972 647 2009 vi.
689 1953 877 2010 Lectio
929 1954 1050 2008 libri
1108 1954 1338 2023 Regum.
1391 1951 1447 2007 In
1503 1953 1694 2010 diebus
1759 1954 1864 2010 illis

277 2048 561 2116 azgrotavit
594 2046 734 2100 (ilius
790 2045 1036 2100 mulieris
1085 2045 1522 2110 matrisl‘amiliaa,
1581 2061 1742 2112 usque
1809 2053 1866 2099 et

278 2139 505 2192 verbum
543 2137 751 2192 Domini
787 2138 840 2190 in
879 2152 975 2192 ore
1013 2147 1106 2190 tuo
1136 2151 1324 2191 verum
1370 2149 1472 2193 est.
1509 2137 1863 2207 Evangelium

277 2229 578 2283 secundum
616 2225 882 2282 Joannem
928 2243 1050 2296 cap.
1111 2242 1254 2293 serv,
1292 2227 1422 2282 Erat
1473 2230 1693 2299 quidam
1744 2217 1864 2283 Ian"-

278 2336 449 2393 guens
489 2319 746 2386 Lazarus,
774 2336 934 2390 usque
966 2313 1317 2374 crediderunt
1347 2321 1398 2374 in
1429 2336 1578 2375 eum.

352 2413 620 2468 Sabbato.
649 2409 834 2466 Lectio
867 2409 1020 2465 Isaiae
1059 2412 1358 2481 prophetae.
1411 2411 1535 2466 llaec
1571 2411 1710 2465 dixit
1761 2409 1867 2466 ου.

279 2505 488 2570 minus.
537 2502 592 2556 In
633 2513 878 2570 tempore
924 2502 1122 2568 placito
1156 2502 1407 2556 exaudivi
1454 2513 1525 2567 te,
1557 2519 1719 2574 usque
1757 2520 1861 2557 non

282 2598 573 2651 obliviscar
596 2612 684 2662 ea,
703 2595 852 2648 dixit
881 2595 1142 2650 Dominus
1170 2597 1547 2664 omnipotens.

351 2686 501 2741 Alia.
533 2685 719 2741 Lectio
754 2685 907 2740 Isaia:
935 2688 1237 2756 prophetas.
1271 2685 1398 2741 llzec
1428 2687 1565 2742 dicit
1603 2689 1864 2744 Dominus

282 2776 448 2845 Deus,
486 2776 686 2832 Omnes
715 2778 988 2845 sitientes,
1024 2778 1201 2834 venite
1217 2779 1283 2834 ad
1317 2795 1509 2849 aquas,
1535 2797 1700 2852 usque
1721 2783 1866 2852 quod

283 2869 597 2940 egredietur
628 2869 694 2924 de
727 2882 823 2922 ore
853 2883 1000 2932 meo,
1033 2869 1168 2922 dixit
1205 2867 1468 2924 Dominus
1492 2873 1865 2942 omnipotens.

285 2960 644 3031 Evangelium
681 2961 978 3016 secundum
1018 2957 1280 3015 Joannem
1307 2976 1431 3032 cap.
1468 2980 1688 3031 Lxxxvl,
1723 2965 1868 3020 Dixit

283 3056 446 3111 Jesus
474 3055 649 3110 turbis
677 3052 1013 3121 Judaeorum,
1037 3053 1149 3124 Ego
1185 3071 1304 3110 sum
1344 3058 1432 3111 lux
1458 3059 1668 3122 mundi,
1705 3075 1867 3128 usque

283 3147 413 3215 quia
447 3144 680 3198 necdum
710 3155 932 3199 venerat
967 3147 1097 3198 hora
1137 3145 1280 3214 ejus.

358 3235 646 3290 Doininica
707 3237 821 3289 vin
873 3235 1319 3306 Quadragesima.
1375 3236 1560 3293 Lectio
1613 3238 1868 3310 Epistula:

287 3330 431 3385 beati
463 3327 622 3382 Pauli
659 3329 890 3396 apostoli
924 3330 990 3382 ad
1025 3329 1304 3384 Hebraeos.
1336 3329 1579 3399 Fratres,
1615 3331 1869 3388 Christus

285 3423 558 3477 assistens
619 3420 898 3484 Pontifex,
941 3435 1102 3490 usque
1152 3430 1372 3477 aeternae
1413 3423 1754 3480 hacreditatis
1811 3425 1866 3479 in

284 3517 510 3570 Christo
533 3511 659 3568 Jesu
689 3513 916 3568 Domino
947 3522 1154 3568 nostro.
1180 3513 1538 3585 Evangelium
1565 3517 1867 3572 secundum

284 3608 553 3664 Joannem
572 3624 694 3676 cap.
707 3623 770 3660 1.x
781 3621 928 3671 xxix,
951 3607 1170 3661 Dicebat
1187 3605 1346 3662 Jesus
1360 3609 1535 3666 turbis
1552 3608 1866 3665 Judaeorum

285 3715 340 3758 et
379 3701 722 3772 principibus
761 3699 1138 3766 sacerdotum,
1173 3699 1308 3766 Quis
1359 3717 1423 3755 ex
1476 3702 1636 3760 vobis
1679 3713 1871 3773 arguet

283 3811 375 3850 me
409 3797 474 3848 de
490 3802 736 3862 peccato,
769 3808 932 3861 usque
962 3802 1012 3846 et
1037 3793 1201 3848 exivit
1237 3794 1303 3849 de
1337 3793 1559 3864 templo.

361 3880 517 3934 Feria
554 3895 614 3934 ιι.
667 3879 854 3942 Lectio
887 3877 1039 3934 Jonae
1067 3883 1366 3952 prephetaa.
1425 3884 1482 3938 lu
1529 3884 1724 3940 diebus
1763 3883 1869 3939 illis

283 3975 491 4028 factum
521 3981 603 4025 est
626 3973 848 4026 verbum
877 3971 1087 4025 Domini
1137 3971 1202 4025 ad
1232 3971 1451 4036 Jonatu,
1488 3990 1651 4044 usque
1685 3984 1738 4029 et
1767 3977 1872 4029 iiii-

281 4077 468 4121 sertus
508 4075 592 4118 est
619 4065 818 4132 populo
841 4078 941 4118 suo
984 4064 1243 4120 Dominus
1271 4065 1416 4121 Dens
1447 4079 1650 4121 noster.
1698 4066 1873 4122 Evan-

283 4157 490 4228 gelium
531 4157 833 4210 secundum
886 4152 1149 4209 Joannem
1201 4171 1321 4225 cap.
1374 4173 1559 4222 Lxxix,
1605 4158 1871 4213 Miserunt

282 4249 562 4321 principes
618 4256 672 4301 et
720 4243 986 4301 Pharisaei
1035 4247 1336 4316 ministros,
1372 4265 1536 4320 usque
1585 4253 1872 4306 credentes

279 4347 338 4398 in
375 4358 500 4398 eum
513 4379 528 4392 .
605 4411 609 4416 ‘

355 4435 522 4491 Feria
581 4449 668 4488 tn.
726 4431 916 4502 Lectio
979 4430 1170 4487 Daniel
1227 4434 1526 4504 prophetze.
1581 4435 1638 4488 lu
1680 4436 1869 4490 diebus

1969 576 2080 632 illis
2107 575 2243 630 dixit
2297 573 2588 634 Jeremias.
2641 572 2892 636 Domine,
2939 586 3133 625 omnes
3171 571 3263 639 qui
3307 578 3360 624 te
3391 571 3546 626 dere-

1967 665 2220 735 linquunt
2249 663 2676 732 confundentur,
2724 678 2887 732 usque
2922 667 3145 715 contere
3173 675 3284 726 eos,
3323 659 3548 714 Domine

1967 756 2111 813 Deus
2143 767 2347 812 noster.
2386 742 2742 824 Evangelium
2777 753 3079 808 secundum
3133 747 3396 806 Jommem
3423 767 3545 820 cap.

1937 866 2112 914 .xcw,
2140 845 2495 917 Collegerunt
2549 847 2835 916 poutilices
2856 855 2912 902 et
2938 843 3197 898 Pharisaei
3230 844 3547 907 concilium,

1965 957 2131 1011 usque
2161 955 2282 994 cum
2308 940 2585 1009 discipulis
2615 939 2753 994 suis.

2041 1032 2303 1088 Sabbato.
2365 1032 2721 1102 Eleemosyna
2792 1034 2970 1086 datur.
3051 1029 3232 1083 Lectio
3295 1027 3549 1083 Jeremim

1966 1127 2263 1198 prophetae.
2307 1127 2365 1180 In
2397 1126 2592 1183 diebus
2639 1124 2747 1179 illis
2794 1126 3050 1178 diXeruut
3093 1122 3240 1190 impii
3268 1119 3439 1176 Judaei
3478 1122 3544 1174 ad

1967 1219 2222 1281 invicem,
2276 1233 2439 1286 usque
2485 1217 2540 1270 in
2599 1227 2841 1286 tempore
2891 1215 3092 1269 furoris
3146 1215 3244 1278 tui,
3316 1215 3548 1268 Domine

1969 1310 2110 1364 Deus
2140 1325 2315 1364 meus.
2368 1309 2723 1379 Evangelium
2777 1309 3076 1362 secundum
3113 1306 3377 1360 Joannem
3425 1323 3546 1374 cap.

1965 1393 2287 1466 uri,'Dixit
2311 1399 2473 1456 Jesus
2500 1399 2780 1467 discipulis
2813 1399 2947 1461 suis,
2991 1401 3387 1462 Amen,.amen
3427 1396 3551 1452 dico

1968 1494 2154 1559 vobis,
2215 1493 2318 1547 nisi
2369 1493 2832 1548 manducaveritis
2873 1487 3096 1546 carnem
3147 1491 3241 1546 lilii
3287 1491 3546 1554 hominis,
3631 1497 3636 1501 '

1966 1601 2128 1654 usque
2165 1585 2472 1640 traditurus
2507 1601 2630 1640 eum
2683 1601 2806 1640 cum
2856 1584 3046 1655 (esset)
3103 1599 3245 1639 unus
3291 1599 3359 1639 ex
3391 1587 3550 1653 ,duo-

1968 1677 2148 1733 decim
2161 1716 2177 1732 .

2042 1791 2324 1847 Dominica
2349 1792 2404 1847 in
2438 1792 2667 1861 palmas.
2701 1793 2914 1862 (Lectio
2947 1793 3192 1860 epistolae
3221 1793 3362 1848 beati
3392 1791 3549 1847 Pauli

1969 1886 2204 1955 apostoli
2237 1887 2304 1941 ad
2331 1885 2754 1955 Pbilippenses.)
2801 1885 3047 1949 Fratres.
3099 1888 3204 1943 hoc
3243 1889 3389 1943 enim
3429 1903 3552 1944 sen-

1969 1980 2066 2033 tite
2091 1980 2148 2034 in
2179 1979 2335 2035 vobis
2387 1978 2532 2048 quod
2573 1988 2628 2033 et
2663 1979 2718 2032 in
2765 1977 2985 2034 Christo
3011 1980 3164 2046 Jesu,
3214 1999 3376 2046 usque
3425 1984 3553 2050 quia

1968 2071 2233 2126 Dominus
2265 2069 2426 2127 Jesus
2469 2071 2722 2127 Christus
2776 2069 2831 2124 in
2881 2073 3050 2138 gloria
3081 2083 3166 2130 est
3211 2074 3306 2130 Dei
3343 2076 3546 2131 Patris.

1967 2162 2160 2218 Passio
2198 2163 2414 2218 Domini
2455 2166 2630 2221 nostri
2672 2164 2802 2220 Jcsu
2837 2164 3039 2222 Christi
3078 2169 3382 2224 secundum
3419 2169 3555 2224 Mat-

1971 2256 2170 2311 thaamn
2228 2271 2352 2326 cap.
2408 2272 2660 2324 cccxxiv,
2700 2256 2843 2312 Dixit
2881 2256 3044 2313 Jesus
3083 2259 3365 2329 discipulis
3411 2261 3548 2323 suis,

1971 2343 2139 2402 Scitis
2183 2346 2306 2415 quia
2346 2355 2470 2416 post
2511 2349 2738 2402 biduum
2775 2347 2985 2402 Pascha
3030 2349 3146 2414 ﬁet,
3188 2360 3242 2403 et
3277 2351 3426 2405 tilius
3459 2352 3553 2406 ho-

1971 2438 2158 2505 minis,
2185 2455 2351 2510 usque
2388 2440 2667 2511 signantes
2695 2441 2926 2511 lapidem
2956 2457 3080 2498 cum
3106 2443 3445 2498 custodibus.

2045 2553 2200 2608 Feria
2240 2569 2303 2608 ll.
2333 2553 2522 2610 Lectio
2571 2554 3048 2625 lsaiaepropheue.
3101 2555 3158 2611 In
3204 2557 3394 2613 diebus
3446 2559 3554 2614 illis

1970 2645 2106 2700 dixit
2153 2645 2342 2710 Isaias,
2375 2647 2637 2704 Dominus
2699 2647 2844 2703 Deus
2903 2650 3118 2717 aperuit
3176 2649 3309 2705 mihi
3339 2666 3554 2717 aurem,

1970 2753 2134 2807 usque
2167 2747 2221 2793 et
2251 2737 2538 2793 imitantur
2573 2739 2627 2794 in
2663 2739 2892 2796 Domino
2915 2740 3026 2796 Deo
3053 2756 3173 2796 suo.
3199 2740 3551 2814 Evangelium

1971 2835 2268 2883 secundum
2321 2829 2587 2884 Joannem
2653 2845 2778 2899 cap.
2839 2847 3032 2895 xcvm,
3083 2834 3226 2888 Aule
3281 2849 3375 2888 sex
3439 2835 3557 2889 dies

1971 2924 2194 2980 Pascha:
2218 2926 2366 2980 venit
2391 2924 2930 2992 Jesus.Bethaniam,
2967 2931 3056 2983 ubi
3100 2931 3342 2986 Lazarus
3373 2932 3549 2987 fuerat

1973 3029 2242 3080 mortuus,
2273 3034 2438 3087 usque
2469 3027 2528 3072 ut
2555 3017 2890 3072 clarilicetur
2917 3020 3059 3075 illius
3093 3021 3351 3076 hominis.

2043 3133 2198 3186 Feria
2251 3150 2332 3188 ιιι.
2368 3132 2556 3186 Lectio
2607 3131 2859 3187 Jeremiaa
2907 3135 3205 3203 propheta.
3259 3137 3313 3190 In
3364 3138 3557 3193 diebus

1976 3225 2082 3282 illis
2113 3226 2248 3279 dixit
2311 3224 2598 3288 Jeremias,
2659 3224 2909 3290 Domine,
2958 3227 3356 3284 demonstrasti
3402 3231 3556 3297 mihi,

1973 3327 2028 3372 et
2059 3320 2307 3388 cognovi,
2338 3333 2500 3388 usque
2531 3317 2630 3372 tibi
2666 3318 2810 3372 enim
2845 3319 3078 3374 revelavi
3106 3337 3326 3376 causam
3359 3337 3554 3387 meam,

1976 3409 2205 3463 Domine
2232 3407 2377 3462 Deus
2405 3423 2578 3464 mens.
2605 3408 2737 3463 Item
2777 3409 2916 3464 Alia.
2952 3409 3140 3466 Lectio
3165 3411 3290 3468 libri
3323 3411 3558 3483 Sapien-

1975 3497 2080 3551 tiae.
2138 3496 2196 3552 in
2257 3497 2452 3553 diebus
2511 3499 2619 3554 illis
2659 3499 2916 3556 dixerunt
2982 3503 3135 3572 impii
3195 3502 3368 3560 Judaai
3417 3509 3558 3578 apud

1972 3591 2316 3658 semetipsos,
2336 3606 2503 3659 usque
2530 3591 2839 3646 animarum
2862 3607 3108 3660 suarum,
3141 3595 3272 3651 dicit
3291 3596 3558 3652 Dominus

1972 3679 2339 3748 omnipotens.
2391 3681 2744 3751 Evangelium
2794 3684 3096 3739 secundum
3136 3683 3404 3740 Joannem
3433 3703 3552 3754 Cnp.

1970 3787 2078 3837 ειν,
2111 3772 2257 3827 Dixit
2298 3771 2456 3828 Jesus
2507 3774 2790 3842 discipulis
2815 3775 2951 3841 suis,
3004 3778 3203 3842 Amen,
3237 3791 3394 3832 amen
3432 3779 3558 3833 diro

1973 3867 2149 3929 vobis,
2193 3866 2296 3922 nisi
2334 3881 2562 3936 granum
2597 3866 2857 3922 frumenti
2891 3868 3092 3924 cadens
3120 3869 3173 3923 in
3203 3879 3367 3935 terra,
3397 3887 3559 3942 usque

1972 3959 2278 4014 dilexerunt
2342 3959 2485 4013 enim
2545 3961 2774 4031 gloriam
2830 3959 3113 4016 hominum
3171 3964 3342 4035 magis
3395 3980 3555 4034 quam

1973 4053 2200 4123 gloriam
2244 4054 2360 4108 Dei.

2045 4169 2199 4226 Feria
2229 4187 2302 4226 iv.
2337 4169 2526 4226 Lectio
2554 4171 2706 4226 Isaiae
2733 4171 3035 4241 prophetae.
3091 4170 3218 4227 Haec
3269 4173 3402 4229 dicit
3445 4171 3550 4228 Do-

1974 4261 2150 4316 minus
2193 4261 2354 4326 Deus,
2388 4261 2561 4316 Dicite
2593 4261 2716 4316 ﬁliae
2755 4259 2906 4327 Sion,
2953 4259 3097 4317 Ecce
3145 4262 3400 4320 Salvator
3435 4276 3560 4322 tuus

1977 4355 2144 4419 venit,
2187 4369 2348 4423 usque
2371 4368 2534 4423 super
2561 4353 2750 4408 'omnia
2778 4368 2899 4423 qua:
2933 4353 3167 4409 reddidit
3203 4355 3358 4411 nobis
3381 4356 3559 4411 Domi-

1976 4461 2076 4500 nus
2111 4447 2252 4502 Dens
2301 4455 2507 4501 noster.
2548 4445 2681 4500 Item
2719 4445 2905 4501 Lectio
2963 4445 3114 4502 lsaite
3169 4451 3471 4518 pr0phetre.
3502 4449 3558 4506 In

279 4529 395 4584 illis
423 4525 737 4595 congregati
762 4524 1194 4595 suutBabylonii
1235 4527 1301 4579 ad
1347 4543 1553 4596 regem.
1587 4544 1748 4598 usque
1803 4533 1869 4582 de
1904 4537 1946 4590 Ι)
1975 4537 2172 4592 diebus
2219 4537 2350 4601 illis,
2419 4537 2553 4593 dixit
2616 4537 2808 4606 Isaias,
2868 4539 3118 4606 Domine,
3171 4543 3294 4612 quis
3326 4544 3562 4599 credidit

277 4621 408 4676 lacu
439 4621 681 4674 leonum.
731 4618 1082 4688 Evangeliqu
1114 4618 1415 4672 secundum
1447 4617 1711 4674 Joannem
1743 4637 1864 4691 cap.

277 4727 448 4776 Lxxv,
488 4711 790 4764 Ambulans
845 4709 1084 4765 Jesusin
1135 4709 1378 4777 Galilaaa,
1428 4729 1590 4783 usque
1646 4723 1869 4782 propter

277 4814 491 4861 metum
525 4802 857 4857 Judxorum.

357 4897 516 4951 Feria
560 4911 634 4950 tv.
689 4895 879 4949 Lectio
937 4894 1058 4948 libri
1108 4893 1359 4951 Levitici.
1415 4895 1471 4951 lu
1505 4897 1701 4953 diebus
1757 4897 1869 4952 illis

276 4992 500 5046 locutus
549 4997 635 5042 est
668 4985 930 5041 Dominus
953 4989 1022 5040 ad
1063 4986 1308 5057 Moysem
1349 4989 1560 5056 dicens,
1612 4989 1720 5059 Ego
1759 4987 1866 5044 Do-

277 5085 468 5138 minus
514 5082 658 5136 Deus
688 5090 889 5143 vester,
921 5081 1041 5136 Non
1071 5081 1286 5136 iacietis
1319 5081 1544 5144 furtum,
1578 5097 1740 5150 usque
1769 5095 1869 5148 ego

274 5177 432 5231 enim
503 5187 624 5227 sum
684 5172 948 5228 Dominus
1019 5174 1162 5228 Deus
1220 5182 1426 5228 vester.
1505 5171 1866 5242 Evangeliutn

274 5267 586 5324 secundum
626 5263 892 5319 Joannem
925 5281 1052 5334 cap.
1089 5280 1223 5330 xcn,
1259 5265 1425 5320 Facta
1463 5276 1590 5320 sunt
1622 5267 1864 5322 encania

275 5363 338 5416 in
371 5358 782 5429 Hierosolymis,
809 5373 968 5427 usque
995 5367 1050 5414 et
1074 5373 1176 5428 ego
1205 5359 1258 5413 in
1290 5359 1474 5416 Patre.

352 5451 515 5507 Feria
551 5467 602 5506 v.
643 5452 831 5506 Lectio
863 5451 1052 5508 Daniel
1089 5454 1386 5523 prophetae.
1421 5452 1484 5508 in
1539 5454 1732 5511 diebus
1761 5454 1870 5511 ilus

273 5544 471 5604 oravit
501 5530 689 5599 Daniel
734 5543 942 5608 dicens,
983 5559 1145 5613 usque
1174 5560 1342 5616 super
1376 5561 1596 5602 omnem
1636 5555 1867 5613 terram,

274 5655 452 5710 usque
509 5636 886 5714 unusquisque
922 5636 976 5690 in
1011 5637 1230 5694 donmm
1275 5655 1452 5694 suam.
1513 5638 1866 5710 Evangeliqu

268 5729 590 5789 secundum
639 5729 844 5784 Lucam
894 5743 1013 5799 cap.
1059 5746 1242 5798 Lxxtv,
1273 5729 1329 5787 lu
1372 5733 1464 5789 illo
1500 5745 1743 5806 tempore
1777 5748 1868 5790 ro-

274 5821 676 5898 gabatJesum,
707 5837 872 5894 usque
899 5822 1088 5880 dilexit
1118 5825 1350 5882 multum

1973 4631 2180 4684 auditui
2221 4641 2429 4696 nostro,
2464 4647 2627 4697 usque
2655 4642 2714 4685 ut
2749 4649 2856 4687 non
2895 4635 3160 4702 perirent,
3196 4637 3327 4690 dicit
3374 4638 3560 4690 Domi-

1975 4737 2071 4774 nus
2097 4723 2460 4790 omnipotens.
2489 4721 2682 4776 Passio
2711 4721 2924 4778 Domini
2968 4728 3138 4780 nostri
3173 4725 3301 4781 Jesu
3347 4727 3554 4782 Christi

1973 4817 2278 4870 secundum
2307 4795 2510 4869 Lucam
2531 4832 2651 4886 cap.
2675 4833 2829 4881 ceu,
2851 4819 3344 4890 Appropinqualiat
3373 4833 3552 4875 autem

1972 4909 2092 4962 dies
2136 4907 2306 4962 festus
2361 4924 2673 4977 azyinorum
2715 4911 2806 4978 qui
2844 4911 3048 4966 dicitur
3096 4912 3330 4977 Pascha,
3393 4929 3555 4983 usque

1974 4999 2212 5054 nandum
2249 4999 2536 5068 quisquam
2571 5001 2781 5067 positus
2814 5001 3023 5058 fuerat.

2045 5095 2203 5150 Feria
2262 5110 2314 5148 ν.
2349 5094 2516 5150 Cmna
2573 5094 2812 5150 Domini.
2868 5096 3054 5152 Lectio
3112 5097 3364 5166 Epistula:
3415 5099 3558 5154 beati

1972 5189 2122 5245 Pauli
2146 5187 2381 5257 apostoli
2429 5189 2497 5244 ad
2545 5187 2886 5246 Corinthios.
2925 5192 3166 5257 Fratres,
3201 5191 3555 5246 venientibus

1975 5280 2129 5334 vobis
2163 5280 2218 5333 in
2264 5295 2453 5345 unum,
2509 5298 2678 5351 usque
2727 5295 2790 5338 ut
2847 5300 2956 5338 non
3012 5300 3132 5338 cum
3184 5285 3286 5338 hoc
3353 5284 3560 5338 mundo

1974 5369 2336 5427 damuemini.
2390 5373 2740 5444 Evangelium
2783 5376 3081 5431 secundum
3133 5373 3397 5432 Joannem
3433 5392 3556 5447 cap.

1973 5477 2108 5527 cui,
2162 5463 2217 5518 In
2271 5464 2360 5519 illo
2401 5473 2646 5536 tempore
2694 5475 2820 5521 ante
2871 5466 3014 5520 diem
3063 5463 3264 5521 festum
3316 5465 3559 5536 Paschm,

1975 5571 2136 5626 usque
2167 5556 2428 5614 continuo
2463 5559 2789 5614 clariﬁcabit
2817 5573 2964 5612 cum.
3346 5609 3354 5617 .

2047 5647 2204 5703 Feria
2231 5665 2304 5704 vn.
2335 5650 2416 5705 Ad
2454 5650 2779 5707 Jerusalem.
2842 5652 3028 5707 Lectio
3069 5652 3222 5708 Oscae
3257 5655 3556 5725 prophetae.

1975 5738 2102 5796 Haec
2135 5741 2269 5797 dicit
2302 5741 2567 5801 Dominus
2595 5745 2738 5801 Deus
2769 5747 2822 5801 in
2861 5748 3211 5804 tribulatione
3246 5766 3366 5817 sua,
3393 5766 3562 5820 usque

1977 5833 2264 5904 plusquam
2330 5836 2732 5893 holocaustum.
2799 5838 2897 5895 Ubi
2949 5857 3132 5911 supra.
3187 5840 3374 5899 Lectio
3433 5843 3560 5899 libri
