3956 6196
451 269 560 337 519

1412 274 1474 336 S.
1517 273 1970 340 HIERONYMI
2013 281 2333 344 OPERUM
2370 282 2776 346 MANTISSA.‘

3601 287 3702 352 520

450 387 644 444 Exodi.
679 385 736 440 ln
775 385 964 442 diebus
995 383 1104 439 illis
1135 383 1274 439 dixit
1300 382 1566 440 Dominus
1613 389 1679 439 ad
1713 385 1934 460 M‘pyseu
1967 398 2020 443 et
2047 392 2104 456 Α
2125 394 2407 448 Exeuntes
2437 395 2542 449 duo
2571 407 2635 449 ex
2667 391 2955 463 discipulis
2990 393 3150 449 Jesus
3186 394 3338 449 ibant
3367 396 3482 463 ipsa
3529 397 3617 454 die
3645 401 3701 453 in

442 483 625 536 Aaron
668 480 724 534 in
765 487 905 534 terra
943 475 1189 547 Egypti,
1229 492 1393 547 usque
1432 486 1518 532 est
1551 477 1692 532 enim
1733 481 1924 550 phase,
1971 481 2023 536 id

365 643 371 656 ν
445 587 548 638 est.
585 576 854 630 transitus
900 571 1142 627 Domini.
1183 571 1373 628 Passio
1410 573 1712 628 secundum
1756 570 2020 628 Joannem

351 669 358 678 ’
443 683 568 736 cap.
604 683 742 733 cm,
781 666 836 720 tn
890 664 980 720 illo
1013 675 1254 736 tempore
1284 678 1537 734 egressus
1563 674 1648 719 est
1679 662 1836 719 Jesus
1869 672 2021 719 trans

445 768 750 812 torrentem
787 743 1024 824 Cedrou,
1057 773 1223 826 usque
1279 757 1406 826 quia
1457 756 1611 828 juxta
1648 763 1768 812 erat
1822 770 2019 811 monu-

442 855 686 904 mentum
716 847 802 901 ubi
829 855 1135 914 posuerunt
1161 845 1378 902 Jesum.

514 940 783 1009 Incipiunt
824 941 1070 995 lectiones
1103 941 1164 994 de
1192 939 1371 1008 vigilia
1395 937 1642 996 Pascha.

513 1048 552 1086 ι.
579 1033 766 1086 Lectio
795 1031 917 1085 libri
945 1030 1236 1087 cheseos.
1264 1031 1318 1084 ln
1347 1031 1615 1102 principio
1647 1030 1852 1085 creavit
1876 1028 2018 1086 Deus

437 1123 636 1178 emtum
664 1131 717 1177 et
738 1132 964 1188 terram,
1001 1137 1161 1186 usque
1191 1129 1247 1176 et
1280 1122 1544 1189 requievit
1567 1121 1653 1175 die
1685 1123 1922 1190 septimo
1951 1123 2018 1175 ab

440 1217 699 1269 universo
735 1230 900 1284 opere
928 1230 1024 1266 suo
1057 1213 1199 1283 quod
1236 1220 1508 1280 patraret.

511 1322 570 1361 ιι.
608 1305 708 1361 Ubi
758 1323 940 1376 supra.
982 1305 1171 1360 Lectio
1220 1291 1343 1357 libri
1386 1301 1680 1359 Geneseos.
1720 1303 1854 1358 Noe.
1886 1317 2017 1357 vero

435 1411 559 1452 cum
597 1397 1010 1465 quingentorum
1041 1403 1184 1448 esset
1225 1408 1516 1456 annorum,
1547 1407 1710 1462 usque
1755 1393 2016 1448 odoratus

437 1500 522 1543 est
554 1485 812 1540 Dominus
843 1487 1065 1538 odorem
1107 1486 1396 1539 suavitatis

510 1589 592 1632 tu;
635 1577 734 1632 Ubi
764 1594 944 1646 supra.
993 1575 1178 1630 Lectio
1214 1576 1336 1630 libri
1370 1577 1665 1631 Geneseos.
1712 1577 1769 1628 tu
1822 1574 2014 1628 diebus

438 1671 548 1726 illis
573 1671 798 1724 tentavit
828 1669 967 1725 Deus
996 1669 1295 1733 Abraham,
1323 1677 1374 1724 et
1406 1668 1542 1722 dixit
1572 1668 1640 1722 ad
1670 1682 1818 1730 eum,
1849 1683 2014 1735 usque

438 1763 804 1829 abieruntque
838 1760 1102 1815 Bersabee
1129 1761 1290 1816 simul
1316 1769 1370 1814 et
1401 1759 1665 1814 habitavit
1701 1759 1800 1814 ibi.

509 1859 589 1909 iv.
635 1855 822 1909 Lectio
863 1853 987 1907 libri
1023 1852 1213 1906 Exodi.
1243 1851 1301 1905 ln
1331 1852 1522 1906 diebus
1552 1851 1658 1905 illis
1691 1850 1895 1904 factum
1931 1857 2017 1902 est

357 1959 363 1965 ‘
440 1948 494 2000 in
542 1947 723 2016 vigilia
791 1943 1078 2005 matutina,
1135 1956 1299 2010 usque
1351 1954 1571 1994 carmen
1602 1940 1726 1998 ,hoc
1764 1938 2013 1992 Domino.

436 2037 602 2091 Csar.
631 2035 926 2094 Cantemus
961 2033 1190 2086 Domino

507 2145 562 2184 v.
597 2128 787 2182 Lectio
824 2126 974 2180 Isaias
1007 2125 1307 2196 prophetae.
1339 2121 1462 2176 Haec
1491 2131 1574 2176 est
1601 2134 1884 2176 servorum
1912 2117 2016 2170 Do-

440 2221 593 2282 mini,
614 2234 777 2288 usque
797 2217 939 2288 quod
963 2217 1270 2286 egredietur
1284 2215 1352 2270 de
1379 2229 1472 2269 ore
1499 2229 1639 2280 meo,
1665 2215 1800 2269 dicit
1827 2210 2016 2266 Domi-

441 2326 543 2366 uus
577 2311 949 2380 omnipotens.

502 2439 578 2480 vr.
605 2424 793 2479 Lectio
814 2422 1062 2478 Jeremiae
1089 2422 1390 2498 prophetae.
1417 2421 1580 2482 Audi,
1612 2419 1804 2487 Israel,
1861 2437 2015 2476 man-

432 2515 562 2572 data
590 2518 736 2579 viae,
766 2531 930 2582 usque
959 2521 1012 2566 et
1045 2527 1167 2567 cum
1191 2511 1498 2565 hominibus
1523 2522 1881 2567 conversatus
1908 2522 2011 2570 est.

503 2623 602 2662 vu.
639 2605 1097 2660 LectiO'Ezechiel
1125 2605 1417 2674 prophetae.
1445 2601 1608 2657 Facta
1628 2612 1710 2657 est
1738 2618 1902 2673 super
1929 2621 2014 2659 me

436 2715 627 2756 manus
665 2699 900 2764 Domini,
949 2713 1113 2762 usque
1144 2706 1200 2752 et
1236 2696 1583 2752 requiescere
1638 2709 1735 2751 vos
1787 2695 2007 2762 faciam,

433 2792 570 2847 dicit
593 2790 862 2846 Dominus
895 2790 1244 2860 omnipotens

503 2899 621 2940 vm.
648 2884 837 2938 Lectio
856 2883 1010 2938 Isaiae
1037 2883 1335 2953 prophetae.
1359 2880 1417 2935 in
1451 2880 1643 2936 diebus
1671 2880 1778 2937 illis
1811 2895 2010 2953 appre-

435 2976 741 3030 henderunt
793 2982 1000 3042 septem
1056 2973 1336 3040 mulieres,
1370 2989 1536 3043 usque
1563 2989 1592 3026 a
1625 2973 1842 3028 turbine
1887 2979 1942 3027 et
1977 2987 2006 3026 a

435 3067 640 3138 pluvia.
667 3065 838 3120 Cur.
869 3063 1038 3120 Vinea
1073 3063 1212 3119 iacta
1248 3074 1358 3119 est.

507 3173 581 3212 tx.
607 3155 794 3211 Lectio
823 3155 946 3210 libri
976 3153 1166 3208 Exodi.
1192 3155 1248 3209 lu
1281 3153 1470 3210 diebus
1507 3153 1612 3209 illis
1635 3153 2008 3224 dixitquoque

441 3248 700 3304 Dominus
727 3246 794 3300 ad
820 3244 1041 3316 Moysen
1064 3254 1116 3298 et
1137 3245 1317 3299 Aaron
1349 3246 1400 3299 in
1427 3255 1569 3300 terra
1599 3243 1840 3316 Egypti,
1863 3242 2014 3299 Men-

433 3341 512 3396 sis
534 3340 656 3404 iste,
679 3351 841 3408 usque
874 3338 926 3390 id
951 3345 1054 3400 est,
1091 3337 1354 3390 transitus
1375 3336 1614 3390 Domini.

505 3445 560 3484 x.
594 3427 782 3483 Lectio
821 3426 971 3482 J0me
1003 3429 1300 3496 prophetat.
1337 3427 1395 3482 In
1435 3429 1626 3482 diebus
1659 3426 1767 3482 illis
1803 3425 2006 3481 factum

430 3531 514 3578 est
540 3523 766 3576 verbum
808 3518 1024 3572 Domini
1076 3520 1142 3572 att
1188 3516 1378 3574 Jonam
1410 3518 1732 3588 prophetam
1767 3518 2011 3574 secundo

431 3615 638 3680 dicens,
675 3628 836 3683 usque
884 3620 939 3666 et
967 3611 1226 3668 misertus
1255 3620 1338 3668 est
1368 3611 1565 3682 populo
1595 3626 1697 3668 suo
1748 3611 2010 3667 Dominus

435 3707 574 3761 Deus
595 3714 755 3760 noste
765 3719 810 3758 r.

505 3813 579 3853 xt.
636 3778 820 3851 Lectio
849 3793 972 3849 libri
1023 3793 1240 3849 Deuter.
1275 3793 1336 3847 In
1384 3792 1578 3848 diebus
1628 3791 1733 3848 illis
1789 3791 2010 3864 scripsit

436 3888 648 3958 Moyses
704 3889 1000 3952 canticum,
1051 3901 1210 3954 usque
1241 3892 1297 3937 et
1326 3883 1394 3938 ad
1439 3884 1599 3939 tinem
1650 3899 1820 3954 usque
1854 3900 2006 3941 com-

435 3980 622 4048 plevit.
655 3977 828 4032 Csar.
864 3976 1118 4042 Attende,
1153 3975 1377 4031 cmlum.

504 4085 600 4125 xu.
679 4069 866 4123 Lectio
897 4068 1086 4122 Daniel
1123 4069 1419 4137 prophetae.
1452 4068 1508 4123 In
1539 4068 1735 4126 diebus
1765 4069 1870 4124 illis
1900 4067 2005 4122 Na-

431 4161 844 4215 buchodonosor
875 4172 966 4211 rex
995 4158 1123 4211 fecit
1148 4165 1380 4211 statuam
1412 4173 1655 4226 auream,
1693 4174 1856 4229 usque
1885 4157 2006 4211 lau-

432 4255 618 4308 dantes
647 4262 700 4306 et
730 4249 1110 4306 benedicentes
1139 4247 1452 4304 Dominum.
1477 4247 1653 4305 Csar.
1693 4249 1848 4305 Sicut
1879 4263 2005 4305 cer-

434 4357 556 4399 γης.

2135 483 2437 549 castellum,
2456 497 2616 554 usque
2632 491 3004 552 cognoverunt
3021 497 3142 538 eum
3166 483 3219 538 iu
3241 484 3505 540 tractione
3524 489 3698 556 panis.

2204 572 2360 626 Feria
2394 589 2474 630 ιιι.
2509 573 2697 630 Lectio
2725 575 2960 630 Actuum
2990 575 3388 646 apostolorum.
3419 576 3474 632 ln
3510 579 3701 633 diebus

2132 664 2240 720 illis
2268 681 2495 737 surgens
2513 667 2712 723 Paulus
2745 677 2802 723 et
2829 683 2987 722 manu
3022 668 3303 724 silentium
3331 669 3579 725 indicens
3602 671 3703 729 ait.

2129 773 2292 828 usque
2321 760 2661 814 resuscitans
2693 757 2876 816 Jesum
2903 759 3202 816 Christum.
3240 761 3592 832 Evangeliqu
3616 777 3700 817 se-

2049 895 2079 919 ν
2129 852 2364 903 cundum
2401 849 2600 905 Lucam
2640 866 2760 921 cap.
2813 867 2998 920 ccch,
3029 853 3194 909 Stetit
3224 852 3386 908 Jesus
3417 855 3471 908 in
3522 854 3700 908 medio

2128 940 2518 1010 discipulorum
2561 957 2788 998 suorum
2816 952 2870 1000 et
2907 945 3043 998 dixit
3065 943 3168 1012 eis,
3198 943 3312 1000 Pax
3339 943 3516 1011 vobis,
3542 957 3703 1014 usque

2131 1041 2186 1088 et
2219 1034 2594 1089 remissionem
2625 1046 2965 1104 peccatorum
2999 1037 3054 1090 in
3074 1050 3260 1092 onmes
3296 1047 3507 1106 gentes.

2198 1123 2356 1178 Ferla
2378 1140 2450 1178 tv.
2483 1123 2692 1187 (Lectio
2717 1125 2952 1181 Actuum
2983 1127 3395 1197 apostolorum.)
3419 1127 3473 1181 In
3504 1127 3698 1182 diebus

2126 1215 2231 1270 illis
2258 1217 2506 1284 aperiens
2533 1217 2727 1271 Petrus
2756 1233 2817 1272 os
2843 1233 3000 1273 suum
3035 1219 3193 1285 dixit,
3225 1219 3336 1273 Viri
3363 1219 3622 1275 Israelita:
3641 1231 3694 1273 et
3724 1239 3734 1249 ο

2125 1307 2217 1376 qui
2258 1308 2462 1362 timetis
2497 1309 2684 1374 Demn,
2742 1311 2949 1372 audite,
3000 1326 3162 1381 usque
3196 1311 3478 1366 deleantur
3510 1319 3691 1366 vestra

2123 1411 2372 1470 peccata.
2396 1400 2746 1471 Evangelium
2773 1403 3070 1456 sectmdum
3093 1400 3356 1458 Joannem
3371 1418 3491 1472 cap.
3513 1413 3692 1463 ccxix.

2077 1565 2080 1568 ῃ
2126 1489 2493 1545 Manifestavit
2511 1507 2570 1545 se
2587 1491 2748 1546 Jesus
2769 1494 2833 1546 ad
2855 1508 3005 1547 mare
3025 1490 3360 1564 Tyberiadis,
3383 1511 3547 1565 usque
3570 1511 3692 1551 cum

2123 1583 2514 1639 resurrexisset
2547 1599 2577 1638 a
2610 1584 2862 1639 mortuis.

2192 1672 2348 1729 Feria
2382 1693 2433 1730 v.
2472 1677 2656 1756 Lectio
2703 1679 2932 1733 Actuum
2984 1677 3374 1748 apostolorum.
3406 1677 3464 1732 lu
3501 1675 3692 1733 diebus

2121 1767 2230 1824 illis
2252 1771 2473 1839 angelus
2498 1770 2707 1825 Domini
2732 1771 2945 1827 locutus
2966 1781 3049 1827 est
3074 1771 3138 1826 ‘ad
3156 1769 3460 1841 Philippum
3480 1772 3694 1831 dicens.

2121 1859 2316 1932 Surge,
2338 1862 2474 1917 vade
2491 1871 2682 1917 contra
2698 1863 3078 1928 meridianum,
3098 1879 3259 1932 usque
3277 1864 3693 1935 evangelizabat

2119 1953 2430 2008 civitatibus
2487 1956 2701 2010 cunctis
2767 1970 2963 2011 nomen
3030 1955 3240 2010 Domini
3322 1956 3496 2011 nostri
3556 1955 3689 2012 Jesu

2119 2044 2345 2100 Christi.
2373 2043 2730 2116 Evangelium
2763 2046 3060 2101 secundum
3096 2045 3363 2101 Joannem
3395 2061 3515 2115 cap.
3547 2061 3688 2107 ccxt.

2120 2135 2285 2191 Maria
2312 2145 2494 2192 autem
2526 2133 2706 2193 stabat
2739 2136 2808 2191 ad
2841 2148 3247 2193 monumentum
3279 2137 3412 2192 foris
3448 2138 3694 2206 plorans,

2118 2244 2280 2299 usque
2306 2231 2432 2299 quia
2460 2229 2570 2284 vidi
2597 2229 2884 2284 Dominum
2907 2241 2963 2286 et
2996 2230 3111 2284 haec
3152 2230 3286 2285 dixit
3322 2229 3478 2284 mihi.

2190 2322 2347 2377 Feria
2381 2337 2453 2377 vt.
2495 2319 2684 2376 Lectio
2725 2321 2986 2390 Epistolas
3043 2321 3187 2376 beati
3239 2321 3386 2376 Petri
3433 2321 3689 2392 apostoli.

2116 2411 2464 2479 Chartssimi,
2508 2411 2763 2468 Christus
2813 2412 2982 2467 semel
3015 2426 3112 2483 pro
3157 2415 3394 2483 peccatis
3441 2421 3694 2468 mortuus

2117 2511 2222 2568 est,
2269 2502 2457 2572 justus
2485 2517 2582 2571 pro
2635 2502 2874 2571 iujustis,
2908 2519 3070 2573 usque
3103 2517 3202 2572 per
3233 2503 3692 2558 resurrectionem

2117 2589 2245 2648 Jesu
2275 2593 2500 2658 Christi,
2546 2593 2642 2664 qui
2673 2603 2759 2650 est
2791 2593 2844 2647 in
2900 2593 3126 2650 dextera
3161 2593 3276 2648 Dei.
3335 2592 3694 2663 Evangeliqu

2118 2689 2417 2744 secundum
2450 2687 2760 2742 Matthaeum
2793 2702 2917 2758 cap.
2971 2703 3153 2755 ccccv,
3195 2685 3452 2744 Undecim
3507 2697 3693 2742 autem

2118 2778 2370 2848 discipuli
2421 2779 2674 2833 abierunt
2722 2776 2775 2832 iu
2811 2777 3114 2845 Galilaeam,
3149 2793 3311 2848 usque
3339 2776 3409 2832 ad
3435 2791 3692 2832 consum-

2116 2871 2408 2925 mationem
2438 2870 2646 2926 saeculi.
2685 2910 2698 2916 -

2191 2958 2452 3015 Sabbato.
2504 2961 2688 3015 Lectio
2738 2957 2992 3030 Epistolas
3043 2947 3186 3014 beati
3241 2956 3387 3015 Petri
3430 2960 3692 3030 apostoli.

2121 3051 2364 3118 Fratres,
2423 3051 2752 3120 deponentes
2811 3065 3025 3106 omnem
3072 3051 3336 3106 malitiam
3378 3059 3434 3108 et
3473 3067 3692 3107 omnem

2113 3131 2321 3206 dolum.
2347 3159 2511 3215 usque
2551 3159 2693 3198 nunc
2728 3151 2908 3215 autem
2932 3142 3360 3198 misericordiam
3386 3147 3691 3200 consecuti.

2114 3232 2465 3303 Evangelium
2521 3231 2821 3288 secundum
2878 3231 3142 3286 Joannem
3199 3246 3320 3302 cap.
3375 3247 3508 3298 cxu,
3544 3232 3688 3289 Cum

2115 3335 2260 3380 esset
2287 3339 2410 3380 sero
2439 3325 2528 3380 die
2570 3325 2662 3380 illo
2692 3338 2797 3380 uua
2835 3324 3199 3379 Sabbatorum
3234 3333 3288 3379 et
3331 3324 3475 3381 fores
3507 3337 3692 3382 essent

2115 3417 2310 3474 clausa:
2341 3417 2430 3471 ubi
2467 3425 2626 3472 erant
2662 3414 2916 3484 discipuli
2946 3416 3260 3486 congregati
3312 3425 3538 3486 propter
3573 3433 3691 3472 me-

2117 3516 2229 3562 tum
2255 3505 2586 3571 Judaeorum,
2605 3521 2767 3577 usque
2789 3514 2848 3562 et
2868 3519 3098 3576 quorum
3125 3506 3459 3562 retinueritis
3478 3517 3690 3562 retenta

2113 3598 2280 3657 sunt.‘

2186 3711 2278 3751 vm
2310 3694 2430 3751 Kal.
2475 3695 2700 3765 Aprilis.
2737 3693 2794 3749 In
2827 3693 3200 3764 Conceptione
3240 3705 3439 3751 sancta:
3475 3691 3689 3752 Mariae.

2115 3788 2300 3846 Lectio
2327 3788 2480 3845 Isaia:
2509 3791 2807 3860 prophetat.
2849 3789 2909 3844 ln
2958 3788 3150 3842 diebus
3182 3788 3293 3843 illis
3341 3788 3557 3844 locutus
3607 3801 3690 3846 est

2114 3882 2373 3937 Dominus
2399 3883 2465 3937 ad
2515 3883 2696 3938 Achaz
2727 3882 2937 3946 dicens,
2969 3880 3100 3937 Pete
3132 3880 3475 3953 tibi‘siguum
3509 3898 3544 3938 a
3589 3885 3691 3938 Do-

2115 3975 2262 4027 mino
2293 3972 2401 4028 Deo
2429 3983 2548 4038 tuo,
2582 3990 2744 4044 usque
2795 3983 2854 4028 ut
2889 3974 3024 4029 sciat
3065 3975 3356 4046 reprobare
3387 3977 3591 4033 malum
3645 3991 3691 4033 et

2114 4065 2316 4136 eligere
2350 4067 2574 4121 bunum.
2606 4065 2960 4136 Evangelium
2991 4066 3295 4120 secundum
3331 4065 3537 4122 Lucam
3566 4083 3694 4138 cap.

2115 4156 2246 4227 (tu),
2299 4156 2495 4212 Missus
2521 4167 2605 4212 est
2642 4158 2869 4230 angelus
2897 4157 3115 4213 Gabriel
3147 4173 3177 4213 a
3207 4153 3340 4224 Deo,
3391 4176 3556 4230 usque
3603 4161 3698 4216 ﬁat

2113 4249 2245 4303 mihi
2273 4250 2568 4305 secundum
2600 4249 2822 4304 verbum
2843 4260 3028 4307 ‘tuum.

2183 4339 2463 4396 Dominica
2512 4343 2695 4396 octab.
2735 4340 2979 4396 Paschai.
3021 4341 3206 4398 Lectio
3241 4344 3492 4412 Epistolas
3544 4346 3699 4401 beati

503 4433 738 4490 Sabbato
769 4441 981 4489 sancto.
1010 4431 1194 4488 Lectio
1219 4429 1472 4502 Epistula:
1500 4430 1561 4486 Β.
1592 4431 1744 4486 Pauli
1765 4433 2002 4502 apostoli
2033 4449 2085 4512 ι)
2112 4427 2339 4487 Joannis
2364 4433 2617 4501 apostoli.
2646 4431 2986 4491 Charissimi.
3020 4449 3182 4489 omne
3209 4435 3354 4502 quod
3385 4444 3572 4490 natum
3611 4446 3698 4490 est

431 4529 497 4582 ad
552 4526 926 4581 Cotosseuses.
985 4524 1228 4588 Fratres,
1288 4524 1331 4578 si
1396 4525 1824 4580 consurrexistis
1876 4538 2000 4579 eum

433 4619 673 4681 Christo,
697 4633 856 4688 usque
878 4631 996 4671 cum
1017 4616 1133 4686 ipso
1157 4616 1209 4670 iu
1229 4615 1420 4684 gloria.
1443 4614 1792 4686 Evangelium
1817 4630 2008 4670 secun-

433 4713 559 4766 dum
613 4709 802 4764 Matth.
843 4723 962 4778 cap.
998 4720 1192 4773 cccul,
1249 4703 1491 4775 Vespere
1534 4716 1716 4759 autem
1753 4706 2006 4770 Sabbati,

433 4818 597 4871 usque
627 4800 697 4854 ibi
733 4813 854 4854 eum
892 4797 1166 4862 videbitis,
1196 4811 1324 4852 ecce
1357 4797 1470 4851 dixi
1499 4799 1676 4852 vobis.

504 4891 779 4947 Domtuica
837 4897 1043 4945 saneta.
1084 4889 1164 4942 Ad
1213 4897 1455 4943 sanctam
1508 4888 1758 4945 Mariam.
1814 4889 2004 4944 Lectio

433 4986 606 5054 Epist.
642 4983 701 5038 Β.
733 4982 882 5036 Pauli
914 4979 1144 5051 apostoli
1170 4982 1236 5034 ad
1261 4978 1594 5036 Corinthios.
1639 4980 1878 5046 Fratres,
1903 4989 2007 5037 'ex-

431 5083 657 5146 purgate
687 5081 840 5128 vetus
872 5072 1220 5134 fermentum,
1255 5087 1416 5140 usque
1449 5081 1505 5126 et
1533 5072 1801 5127 veritatis.
1832 5072 2006 5126 Evan-

430 5167 628 5240 gelium
671 5165 976 5221 secundum
1001 5162 1164 5216 Marc.
1187 5177 1236 5217 c.
1258 5178 1382 5229 xxx,
1415 5161 1582 5216 Maria
1611 5163 1922 5233 Magdaleue
1949 5173 2003 5219 et

429 5257 595 5312 Maria
615 5254 798 5311 Jacobi
823 5265 874 5311 et
897 5253 1134 5320 Salome,
1159 5269 1319 5324 usque
1339 5255 1409 5308 ibi
1433 5268 1556 5310 eum
1589 5255 1840 5310 videbitis
1862 5258 2002 5310 sicut

427 5351 562 5407 dixit
587 5353 766 5406 vobis.

497 5444 652 5500 Feria
689 5459 747 5498 ιι.
776 5442 958 5499 Lectio
1008 5441 1241 5497 Actuum
1289 5439 1677 5508 apostolorum.
1709 5437 1768 5491 In
1807 5436 1997 5492 diebus

425 5535 534 5589 illis
563 5543 712 5588 stans
739 5532 927 5588 Petrus
957 5533 1016 5600 iu
1043 5531 1222 5586 medio
1245 5529 1418 5600 plebis
1447 5528 1605 5593 dixit,
1627 5525 1744 5582 Viri
1777 5525 1997 5593 fratres,

327 5677 330 5680 .
425 5639 523 5679 vos
550 5625 704 5678 scitis
755 5623 896 5693 quod
951 5621 1151 5676 factum
1184 5633 1285 5686 est,
1342 5636 1504 5690 usque
1537 5619 1630 5690 qui
1677 5619 1909 5673 credunt
1943 5621 1996 5674 in

424 5728 570 5769 eum.
599 5713 943 5778 Evangelium
967 5711 1262 5770 secundum
1288 5711 1486 5768 Lucam
1509 5715 1655 5782 (cap.
1684 5715 1994 5782 cccxxxix),

2114 4523 2600 4588 vincitmuudum,
2648 4539 2811 4593 usque
2867 4524 2956 4594 qui
3011 4526 3184 4604 credit
3239 4527 3289 4580 in
3347 4523 3543 4581 Filiqu
3599 4527 3699 4582 Dei

2112 4614 2274 4670 habet
2301 4615 2673 4672 testimonium
2699 4616 2794 4670 Dei
2819 4617 2868 4670 iu
2895 4631 2975 4671 se.
3003 4617 3354 4688 Evangetium
3383 4623 3696 4674 secundum

2107 4703 2374 4761 Joannem
2407 4721 2525 4776 cap.
2559 4706 2777 4778 (ccxvi),
2813 4708 3052 4763 Thomas
3080 4719 3261 4764 autem
3290 4724 3430 4764 unus
3451 4725 3517 4764 ex
3546 4711 3700 4766 duo-

2108 4796 2307 4863 decim,
2341 4814 2502 4868 usque
2527 4814 2691 4852 unam
2723 4799 2968 4854 habeatis
2997 4800 3053 4853 in
3085 4802 3300 4855 uouiine
3323 4802 3466 4872 ejus.

2177 4887 2301 4944 Fer.
2355 4905 2394 4943 ιι
2453 4901 2574 4957 post
2609 4891 2830 4944 octabas
2888 4891 3130 4946 Paschze.
3191 4892 3377 4948 Lectio
3439 4895 3697 4954 Actuum

2107 4981 2492 5050 apostolorum.
2526 4981 2580 5034 In
2629 4980 2822 5036 diebus
2853 4982 2978 5037 illis
3006 4983 3298 5053 Philippus
3341 4984 3697 5044 descendens

2107 5072 2159 5126 in
2202 5072 2474 5128 civitatem
2528 5073 2789 5126 Samaria!
2843 5073 3168 5142 praedicabat
3223 5074 3332 5131 illis
3374 5059 3695 5146 Christum,

2105 5181 2269 5234 usque
2315 5161 2654 5233 accipiebant
2686 5165 2954 5234 Spiritum
3000 5176 3276 5221 sanctum.
3323 5165 3695 5239 Evangelium

2105 5257 2402 5312 secundum
2425 5255 2615 5311 Matth.
2637 5271 2757 5325 cap.
2784 5271 2936 5321 cvm,
2961 5255 3138 5327 Cmpit
3159 5256 3317 5312 Jesus
3342 5260 3694 5328 exprobrare

2105 5345 2421 5402 civitatibus
2463 5347 2518 5401 in
2548 5346 2748 5417 quibus
2780 5345 2939 5402 factae
2969 5357 3098 5401 sunt
3129 5347 3377 5416 plurimae
3417 5351 3690 5416 virtutes.

2102 5453 2266 5506 usque
2293 5437 2416 5492 dico
2447 5437 2601 5492 vobis
2641 5437 2765 5506 quia
2801 5446 2964 5493 terrae
2996 5439 3359 5495 Sodomorum
3392 5443 3692 5504 remissius

2101 5531 2208 5583 erit
2235 5530 2287 5582 in
2317 5530 2405 5584 die
2429 5531 2621 5600 iudicii
2655 5546 2816 5599 quam
2852 5531 2969 5587 tibi.

2177 5621 2334 5677 Feria
2386 5638 2443 5677 ιιι
2474 5633 2612 5692 post
2650 5624 2876 5679 octabas
2921 5623 3168 5680 Paschze.
3208 5625 3394 5684 Lectio
3435 5629 3688 5689 Actuum

2103 5714 2495 5784 apostolorum.
2535 5716 2590 5769 In
2621 5715 2814 5771 diebus
2835 5715 2942 5772 illis
2971 5731 3094 5773 cum
3125 5719 3530 5790 complerentur
3561 5725 3692 5783 dies

2955 5935 2980 5948 υ
