3956 6196
316 372 382 440 at
591 360 594 364 ’
758 437 771 440 Α
1597 368 1835 430 LIBER
1876 368 2208 429 COMITIS.

739 437 771 474 ι’

3402 371 3516 432 522

272 490 448 552 multi,
507 487 794 543 consilium
843 487 1109 543 fecerunt.
1137 486 1308 543 Judaei
1359 495 1417 542 ut
1469 487 1842 542 interﬁcerent
1875 496 1919 550 Α
1950 485 2338 556 apostolorum.
2369 483 2424 536 lu
2461 483 2651 538 diebus
2697 484 2803 537 illis
2839 485 3109 538 enarravit
3161 484 3353 539 Petrus
3383 505 3523 554 qun-

272 581 522 645 Paulum,
555 597 718 650 usque
749 582 930 637 statim
970 591 1246 651 receptum
1281 590 1366 635 est
1403 595 1498 635 vas
1529 581 1583 635 in
1617 579 1842 634 coelum.

272 675 623 744 Evangelium
677 673 973 726 secundum
1031 671 1296 726 Joannem
1353 687 1474 741 cap.
1535 687 1650 734 CXI,
1706 671 1848 724 Dixit.

273 765 434 820 Iesus
468 763 754 831 discipulis
784 765 920 828 suis,
949 765 1048 830 Qui
1091 765 1265 819 Credit
1300 765 1351 818 in
1387 779 1493 828 tne,
1533 782 1636 818 non
1682 765 1732 818 in
1762 779 1848 817 me

277 857 478 916 credit,
505 857 598 909 sed
625 857 676 908 in
719 871 842 908 eum
874 857 965 925 qui
1003 871 1086 910 me
1116 856 1288 921 misit,
1321 871 1485 926 usque
1525 857 1670 910 sicut
1707 854 1848 908 dixit

279 951 416 1006 mihi
449 949 623 1012 Pater,
654 952 731 1003 sic
768 949 980 1016 loquor.

352 1041 508 1095 Feiia
558 1057 609 1094 tv
657 1051 777 1110 post
821 1043 1046 1094 octabas
1085 1040 1328 1095 PuSrhte.
1375 1039 1560 1093 Lectio
1603 1037 1846 1105 epistola:

280 1133 424 1188 beati
463 1133 609 1187 Pauli
664 1134 894 1202 apostoli
941 1134 1006 1186 ad
1047 1132 1326 1186 Hebraeos.
1361 1131 1597 1194 Fratres,
1629 1129 1849 1183 obedite

278 1225 588 1294 praepositis
619 1226 833 1287 vestris,
865 1239 1027 1292 usque
1056 1239 1152 1292 per
1193 1219 1378 1276 Jesutu
1427 1221 1734 1281 Christum,
1763 1219 1848 1273 cui

279 1317 452 1387 gl0ria
506 1316 672 1370 estin
728 1315 923 1370 saecula
978 1315 1327 1370 saeculorum.
1367 1311 1718 1380 Evangelium
1768 1324 1852 1364 se.

279 1409 520 1462 cundum
569 1408 828 1460 Joannem
885 1423 1004 1473 cap.
1075 1406 1268 1476 (cun),
1314 1405 1634 1473 Respiciens
1683 1402 1845 1458 Jesus

280 1499 567 1568 discipulis
600 1501 714 1554 suis
743 1500 903 1564 dixit,
935 1498 1096 1551 Pater
1129 1507 1338 1564 sancte,
1373 1512 1528 1552 serva
1561 1511 1851 1564 eos,usque

281 1593 376 1646 sed
415 1603 471 1644 ut
503 1607 689 1646 serves
719 1605 816 1645 eos
854 1606 916 1644 ex
950 1590 1116 1644 malo.

353 1681 512 1735 Feria
559 1697 590 1732 ν
658 1691 778 1750 post
833 1685 1056 1738 uetabas
1113 1678 1355 1735 Paschae.
1393 1677 1580 1734 Lectio
1619 1677 1848 1732 Actuum

280 1775 674 1842 apostolorum.
706 1774 762 1827 lu
795 1772 986 1826 diebus
1015 1773 1128 1826 illis
1151 1772 1276 1825 dum
1304 1771 1445 1823 intra
1479 1784 1540 1824 se
1575 1770 1853 1823 haesitaret

1955 579 2111 629 modo
2166 577 2448 630 eduxisset
2482 591 2603 629 eum
2665 577 2920 632 Dominus
2970 581 3034 632 de
3080 595 3320 644 carcere,
3361 596 3520 647 usque

1951 669 2227 721 admirans
2251 683 2414 736 super
2442 669 2686 722 doctrina
2721 668 2954 724 Domini.
2981 669 3184 736 Evang.
3221 675 3516 725 secundum

1950 758 2146 813 Lucam
2173 774 2289 828 cap.
2313 775 2506 824 ccxut,
2531 761 2854 826 Quzerebant
2879 762 3150 830 principes
3177 762 3519 815 sacerdotum

1950 861 2006 906 et
2066 851 2258 905 scribae
2312 853 2522 906 mittere
2556 854 2608 906 in
2661 852 2844 908 Jesum
2891 869 3102 920 manus,
3143 870 3304 922 usque
3343 855 3518 907 mirati

1953 952 2078 997 sunt
2111 943 2163 996 in
2200 944 2474 1014 responsis
2505 944 2640 1012 eius.

2025 1051 2051 1084 v
2083 1033 2201 1088 Kal.
2241 1035 2387 1088 Maii.
2419 1034 2473 1088 In
2509 1035 2670 1089 natali
2716 1033 2776 1089 S.
2818 1035 3056 1089 Richarii
3091 1034 3421 1090 confessoris
3467 1037 3520 1089 in

1951 1125 2197 1181 Centulo.
2250 1129 2436 1182 Lectio
2468 1129 2589 1182 libri
2644 1130 2956 1197 Sapientiae.
2989 1131 3113 1195 Fili,
3172 1147 3200 1182 a
3242 1132 3524 1200 iuventute

1957 1229 2044 1271 tua
2089 1220 2277 1289 excipe
2309 1221 2637 1285 doctrinam,
2690 1239 2850 1290 usque
2881 1234 2934 1276 et
2976 1238 3231 1277 coronam
3280 1221 3525 1291 gratula-

1959 1311 2119 1364 tionis
2152 1327 2486 1381 superpoucs
2533 1315 2652 1367 tibi.
2713 1314 2914 1383 Evang.
2975 1313 3317 1384 (secundum)
3364 1315 3521 1369 Joan.

1956 1416 2075 1469 cap.
2107 1418 2203 1465 ιιι,
2235 1404 2422 1457 Altera
2461 1405 2548 1457 die
2595 1405 2747 1459 turba
2782 1421 2902 1473 quae
2947 1409 3128 1458 stabat
3165 1416 3316 1459 trans
3353 1424 3522 1470 mare,

1957 1511 2119 1563 usque
2150 1497 2384 1550 credatis
2412 1497 2612 1550 incum
2645 1514 2805 1566 quem
2848 1499 2995 1551 misit
3023 1499 3134 1551 ille.

2029 1584 2183 1640 Feria
2218 1604 2275 1642 III
2310 1588 2660 1642 hebdomade
2695 1590 2887 1658 primm
2917 1598 3039 1657 post
3069 1588 3249 1642 octab.
3279 1587 3522 1642 Pascba'.

1957 1679 2144 1734 Lectio
2172 1683 2399 1734 Actutnn
2433 1681 2822 1749 aposmlorutn.
2858 1680 2912 1733 ln
2940 1682 3132 1736 diebus
3170 1681 3274 1734 illis
3301 1683 3522 1749 quidam

1960 1774 2042 1826 vir
2073 1774 2304 1827 illustris
2352 1774 2584 1826 inlirmis
2643 1775 2894 1841 pedibus,
2933 1789 3094 1842 usque
3147 1775 3338 1827 moraii
3399 1782 3525 1827 Sltnl.

281 1865 499 1930 Petrus,
544 1866 801 1934 quidnam
836 1875 920 1920 est
955 1866 1112 1934 visio,
1146 1879 1306 1932 usque
1339 1865 1424 1929 qui
1459 1864 1610 1914 timet
1636 1877 1762 1918 eum
1793 1870 1848 1914 et
1884 1870 1922 1924 Β
1951 1874 2128 1918 autem
2159 1873 2368 1934 tempus
2405 1879 2509 1918 non
2567 1864 2834 1918 modicum
2879 1878 3004 1918 cum
3051 1864 3332 1932 discipulis
3387 1861 3523 1918 s'uis.

280 1967 540 2026 operatur
576 1957 849 2025 justitiam
895 1965 1152 2025 acceptus
1199 1964 1287 2011 est.
1339 1955 1439 2008 illi.
1493 1953 1850 2021 Evangeliutn

282 2049 587 2103 secundum
627 2047 825 2103 Lucam
862 2063 985 2118 cap.
1020 2046 1542 2112 cxcvt,DixitJesus
1569 2045 1853 2114 discipulis

281 2142 398 2194 suis
427 2140 740 2209 parabolam
770 2141 932 2202 hanc,
977 2138 1150 2194 l‘lomo
1200 2139 1428 2209 quidam
1455 2147 1573 2194 erat
1597 2138 1770 2202 dives,
1799 2145 1855 2191 et

284 2231 614 2284 induebatur
645 2246 883 2300 purpura
913 2238 968 2285 et
1015 2231 1200 2300 bysso,
1235 2247 1398 2300 usque
1429 2244 1608 2299 neque
1641 2229 1686 2283 si
1728 2229 1853 2298 quis
1941 2299 1946 2302 _

285 2337 349 2377 ex
383 2324 611 2378 mortuis
641 2323 1006 2378 resurrexerit
1037 2323 1283 2378 credent.

357 2430 420 2469 ιιι
449 2414 571 2468 ldus
599 2414 826 2482 Aprilis.
855 2413 910 2470 ιιι
943 2415 1108 2472 natali
1143 2411 1203 2468 S.
1237 2414 1432 2470 Leonis
1463 2427 1634 2484 papm.
1662 2411 1852 2468 Lectio

286 2503 412 2556 libri
454 2501 767 2570 Sapientiae.
803 2499 966 2574 Ecce.
991 2503 1248 2558 sacerdos
1301 2518 1545 2572 magnus,
1590 2521 1749 2573 mque
1799 2504 1852 2558 in

288 2595 515 2648 odorem
554 2593 864 2649 suavitatis.
913 2593 1268 2662 Evangelium
1317 2594 1617 2648 secundum
1657 2595 1852 2648 Matth.

290 2700 412 2754 cap.
448 2699 729 2750 ccuvmt,
772 2685 918 2744 Dixit
956 2683 1116 2746 Jesus
1150 2685 1438 2755 discipulis
1477 2688 1590 2741 suis
1625 2695 1854 2754 parabo-

289 2775 393 2834 lam
423 2778 586 2840 hanc,
609 2775 778 2831 Homo
803 2777 1023 2846 quidam
1051 2791 1276 2846 peregre
1299 2777 1667 2846 proﬁciscens,
1695 2795 1856 2849 usque

291 2869 430 2922 intra
462 2871 517 2922 in
549 2871 804 2936 gaudium
839 2870 1042 2924 domini
1078 2871 1180 2925 tui.

356 2978 492 3018 xvm
533 2963 658 3018 Kal.
697 2963 846 3018 Maii.
875 2962 932 3018 lu
963 2965 1130 3018 natali
1173 2973 1485 3022 sanctorum
1527 2963 1760 3019 Tiburtii
1804 2975 1860 3020 et

289 3051 561 3108 Valeriani
632 3064 689 3108 et
759 3055 1001 3111 Maximi.
1079 3056 1264 3112 Lectio
1345 3057 1465 3114 libri
1541 3058 1854 3126 Sapientiae.

289 3147 498 3214 Lingua
557 3147 882 3216 sapientium
941 3157 1102 3204 ornat
1155 3149 1484 3213 scientiam,
1551 3167 1716 3220 usque
1759 3152 1850 3219 qui

1958 1954 2158 2024 Evang.
2202 1957 2500 2010 secundum
2553 1950 2711 2008 Joau.
2763 1969 2882 2022 cap.
2934 1970 3142 2019 cum,
3173 1955 3315 2007 Disit
3363 1953 3528 2007 Jesus

1955 2045 2239 2112 discipulis
2283 2046 2416 2108 suis,
2451 2043 2561 2114 Ego
2587 2061 2705 2098 sum
2738 2045 2866 2100 vitis
2893 2059 3042 2107 vera,
3076 2059 3239 2113 usque
3270 2045 3526 2114 gaudium

1956 2146 2199 2191 vestrum
2242 2137 2550 2204 impleatur.

2027 2227 2184 2282 Feria
2215 2243 2264 2282 tv
2295 2228 2646 2282 hebdomada:
2673 2242 2792 2296 qua:
2825 2243 3008 2298 supra.
3046 2227 3230 2283 Lectio
3276 2229 3523 2298 epistola:

1957 2319 2018 2374 Β.
2073 2320 2216 2375 Petri
2263 2321 2516 2390 apostoli.
2583 2320 2931 2385 Charissimi,
2979 2323 3214 2376 scientes
3247 2323 3523 2390 quodnon

1957 2415 2399 2483 corruptibilibus
2467 2423 2689 2485 argento
2752 2415 2834 2468 vel
2863 2429 2995 2468 auro
3044 2413 3306 2482 redempti
3368 2415 3522 2476 estis,

1957 2521 2120 2575 usque
2164 2506 2386 2560 verbum
2443 2517 2621 2560 autem
2673 2506 2886 2560 Domini
2936 2515 3120 2558 manet
3154 2505 3207 2558 in
3237 2515 3524 2558 aeternum.

1961 2600 2164 2668 Evang.
2194 2600 2489 2653 secundum
2553 2598 2684 2654 Luc.
2716 2614 2836 2668 cap.
2864 2613 3146 2660 cccxxxvt,
3177 2597 3292 2653 Una
3341 2608 3523 2652 autem

1960 2691 2188 2744 Sabbati
2216 2691 2368 2745 valde
2393 2692 2647 2757 diluculo,
2679 2707 2843 2762 usque
2864 2703 2918 2747 et
2939 2692 3074 2746 abiit
3103 2705 3288 2746 secum
3317 2692 3521 2745 mirans

1959 2786 2101 2854 quod
2144 2784 2344 2838 factum
2376 2786 2580 2841 fuerat.

2031 2876 2212 2953 Fenv
2253 2875 2605 2931 hebdomadae
2637 2891 2760 2946 qua)
2810 2891 2997 2944 supra.
3067 2874 3255 2930 Lectio
3290 2876 3527 2930 Actumu

1959 2972 2356 3040 apostolorum.
2395 2971 2457 3025 In
2501 2971 2693 3025 diebus
2722 2971 2831 3026 illis
2862 2971 3078 3041 quidam
3127 2969 3527 3026 descendentes

1959 3061 2028 3117 de
2043 3060 2248 3128 Judaea,
2267 3079 2426 3132 usque
2442 3063 2493 3117 in
2521 3063 2805 3134 synagogis
2825 3063 2920 3118 ubi
2938 3077 3032 3133 per
3049 3076 3210 3117 omne
3237 3060 3523 3116 sabbatum

1963 3154 2174 3224 legitur.
2211 3155 2852 3236 RequireEvaugelium
2897 3155 3045 3230 quod
3079 3155 3180 3208 fuit
3227 3153 3283 3207 in
3335 3151 3524 3207 Domi-

290 3241 537 3308 sequitur
564 3214 831 3306 justitiam
877 3241 1115 3306 diligitur
1145 3257 1174 3295 a
1210 3241 1460 3296 Domino.
1495 3214 1848 3314 Evangelium
1879 3214 1923 3273 α
1964 3214 2107 3303 nica.

289 3331 592 3386 secundum
657 3330 968 3392 Matthaeum
1018 3347 1139 3402 cap.
1199 3350 1366 3402 XXIV,
1419 3351 1582 3406 usque
1643 3353 1858 3395 merces

261 3431 473 3474 .vestra
512 3421 728 3490 copiosa
767 3434 851 3476 est
877 3423 930 3476 in
957 3425 1136 3479 caelis.

361 3513 522 3570 Feria
579 3529 628 3568 vi
666 3524 784 3584 post
833 3517 1056 3571 octabas
1105 3517 1349 3575 Pascbae.
1377 3517 1565 3578 Lectio
1609 3523 1848 3576 Actuum

291 3610 685 3678 apostolorum.
713 3608 770 3662 lu
805 3610 993 3664 diebus
1041 3611 1149 3664 illis
1178 3612 1471 3667 audierunt
1521 3615 1755 3682 apostoli
1804 3623 1861 3668 et

291 3701 492 3756 tratres
530 3702 620 3769 qui
658 3712 816 3754 erant
856 3702 909 3756 in
958 3701 1167 3768 Iudaea,
1205 3721 1367 3773 usque
1415 3707 1672 3776 gentibus
1714 3705 1857 3761 Deus

291 3794 672 3861 paenitentiam
702 3801 756 3852 et
782 3793 944 3848 vitam
974 3795 1142 3852 dedit.
1171 3795 1520 3865 Evangelium
1552 3799 1852 3854 secundum

293 3885 488 3937 Matth.
530 3899 648 3953 cap.
698 3900 917 3950 (καις,
971 3885 1230 3942 Exierunt
1293 3891 1556 3946 tuulieres
1619 3893 1728 3948 cito
1791 3895 1858 3947 de

291 3987 664 4039 munumento,
696 3991 858 4045 usque
888 3975 940 4028 in
980 3977 1302 4030 hodiernum
1339 3979 1506 4032 dicm.

366 4066 612 4119 Sabbato
678 4075 803 4134 post
863 4068 1085 4122 octabas
1115 4066 1353 4123 Paschze.
1393 4070 1578 4127 Lectio
1627 4074 1856 4130 Actuum

289 4159 685 4228 apostolorum.
718 4158 774 4212 In
796 4159 992 4213 diebus
1015 4159 1122 4214 illis
1152 4161 1224 4214 illi
1257 4162 1350 4230 qui
1378 4162 1608 4232 dispersi
1638 4165 1857 4221 fuerant

291 4265 319 4300 a
378 4249 767 4314 tribulatione,
825 4266 988 4319 usque
1041 4267 1135 4320 per
1197 4268 1390 4308 manus
1465 4255 1729 4312 Barnabm
1802 4268 1858 4313 et

293 4337 466 4392 Pauli.
522 4340 866 4408 Evangelium
930 4344 1227 4404 secundum
1289 4344 1423 4400 Luc.
1478 4363 1601 4416 cap.
1657 4364 1855 4417 cxxxv,

290 4431 427 4486 Cum
501 4433 813 4502 loqueretur
883 4433 1085 4501 Jesus,
1143 4440 1355 4507 rogavit
1416 4439 1567 4498 illum
1629 4443 1851 4510 quidam

2034 3339 2191 3394 Feria
2223 3355 2275 3395 vt
2311 3329 2811 3411 hebdomadzelqua:
2842 3357 3030 3411 supra.
3065 3343 3255 3400 Lretio
3281 3344 3530 3408 Ae:uum;

1961 3432 2356 3500 apostolorum,
2383 3431 2443 3487 ln
2490 3435 2681 3488 diebus
2735 3435 2840 3489 illis
2893 3436 3098 3504 placuit
3154 3438 3420 3506 apostolis
3471 3447 3527 3491 et

1961 3524 2288 3590 senioribus,
2308 3540 2467 3594 usque
2490 3527 2637 3597 loqui
2669 3530 2896 3581 verbum
2925 3527 3017 3582 Dei
3051 3528 3102 3581 in
3141 3529 3292 3583 Asia.
3317 3529 3520 3597 Evang.

1961 3619 2263 3670 secundum
2291 3617 2479 3671 Matth.
2508 3633 2628 3687 cap.
2661 3634 2852 3684 Lxxnt,
2884 3621 3249 3674 Accesserant
3269 3619 3523 3688 discipuli

1960 3707 2026 3761 ad
2055 3706 2264 3774 Jesum,
2299 3707 2558 3776 Joannes,
2581 3727 2742 3778 usque
2771 3721 2824 3765 et
2858 3711 3019 3765 ambo
3047 3716 3470 3766 conservantur.

2033 3799 2271 3853 Sabbato
2304 3801 2658 3854 hebdomade:
2685 3817 2803 3869 qua:
2833 3817 3021 3868 supra.

2035 3905 2092 3944 ιιι
2131 3890 2252 3945 Kal.
2292 3891 2439 3945 Maii.
2472 3889 2663 3946 Natale
2703 3901 2904 3946 sancta:
2950 3889 3248 3946 Theodorae
3285 3887 3522 3962 'virgtnis

1959 3993 2015 4037 et
2063 3985 2236 4036 sancti
2287 3982 2497 4038 Vitalis.
2531 3982 2719 4037 L-ctio
2780 3983 2900 4037 libri
2937 3982 3248 4052 Sapientize.
3302 3981 3518 4037 Honora

1963 4077 2131 4132 Deum
2157 4093 2222 4131 ex
2247 4087 2356 4132 tota
2380 4078 2560 4130 anima
2594 4086 2708 4139 tua,
2736 4093 2895 4146 usque
2919 4092 3028 4130 non
3048 4076 3194 4130 enim
3227 4055 3529 4147 potuerunt

1961 4171 2187 4238 diligere
2213 4172 2314 4224 nisi
2347 4186 2466 4240 qua:
2500 4171 2630 4239 ipsis
2663 4171 2897 4239 placent.
2935 4169 3290 4240 Evangelium
3323 4187 3471 4224 Sccttt
3495 4161 3531 4210 -’
3565 4231 3568 4233 Α

1960 4263 2089 4318 dum
2147 4263 2458 4318 Matthwum
2505 4279 2627 4332 cap.
2674 4279 2796 4329 CXL,
2832 4263 2970 4317 Dixit
3022 4263 3188 4319 Jesus
3242 4263 3526 4336 discipulis

1959 4359 2094 4422 suis,
2126 4356 2316 4411 Simile
2349 4367 2433 4411 est
2461 4372 2686 4427 regnum
2725 4359 2990 4412 cmlorum
3022 4361 3276 4412 thesauro
3295 4361 3527 4413 abscon-

1961 4451 2096 4511 dito,
2130 4466 2290 4519 usque
2319 4466 2460 4504 nova
2494 4462 2548 4504 et
2574 4463 2779 4505 vetera.

289 4525 594 4595 pharisaeus
631 4536 686 4579 ut
716 4529 1001 4595 pranderet
1034 4532 1174 4597 apud
1220 4547 1301 4596 se,
1335 4549 1497 4602 usque
1540 4549 1634 4589 vos
1667 4547 1847 4591 autem
1887 4547 1936 4606 ιι
2036 4543 2318 4598 Dominica
2348 4559 2384 4596 ιι
2419 4553 2539 4613 post
2563 4545 2786 4598 octabas
2817 4542 3058 4597 Paschaa.
3096 4542 3286 4597 Lectio
3313 4541 3523 4611 episto-

289 4618 576 4671 acdilicatis
599 4633 783 4670 eorum
817 4621 1088 4687 sepulcra.

366 4709 646 4763 Dominica
713 4713 884 4778 prima
957 4724 1077 4780 post
1127 4716 1347 4774 octahas
1382 4717 1623 4778 Pascha.
1668 4721 1856 4779 Leotio

287 4801 532 4869 epistola;
560 4803 701 4854 beati
753 4802 895 4862 Petri
948 4806 1195 4874 apostoli.
1235 4806 1582 4877 Charissimi,
1610 4812 1856 4871 Christus

290 4906 487 4960 passus
527 4902 612 4945 est
653 4908 749 4962 pro
793 4896 972 4964 nobis,
1007 4913 1166 4966 usque
1191 4899 1492 4956 anitnarum
1526 4914 1854 4961 vestrarum.

293 4979 644 5049 Evangelintn
685 4989 982 5038 secundum
1016 4985 1278 5043 Joannem
1307 5006 1425 5060 cap.
1455 5001 1680 5059 ωηιξη,
1713 4997 1858 5052 Dixit

287 5069 452 5126 Jesus
481 5072 764 5143 discipulis
787 5077 923 5140 suis,
953 5079 1062 5148 Ego
1097 5095 1216 5134 sum
1250 5094 1432 5152 pastor
1461 5087 1658 5150 bonus,
1694 5106 1856 5159 usque

289 5163 384 5215 [iet
419 5179 582 5217 ιιιιιιηι
610 5167 750 5220 ovile
781 5179 835 5221 et
866 5186 1004 5224 unus
1039 5182 1243 5239 pastor.
1403 5233 1410 5240 ,

360 5267 455 5307 vnt
499 5256 622 5309 Kal.
653 5257 798 5313 Maii.
855 5258 908 5312 lu
960 5263 1124 5316 natali
1185 5263 1242 5318 S.
1293 5264 1512 5338 Georgii
1578 5281 1853 5344 martyris.

281 5341 473 5398 Lectio
509 5345 627 5400 libri
653 5348 965 5419 Sapientiae.
993 5353 1176 5408 llouor
1222 5366 1276 5412 et
1316 5359 1483 5430 gloria
1527 5363 1579 5416 itt
1605 5341 1857 5422 sermone

283 5437 519 5499 scnsati,
553 5453 714 5508 usque
766 5443 1062 5498 secundum
1124 5446 1271 5502 illum
1332 5450 1436 5505 erit
1496 5464 1651 5509 actus
1688 5457 1852 5513 illius.

285 5524 638 5597 Evangelium
690 5537 986 5591 secundum
1043 5538 1229 5594 Matth.
1263 5557 1312 5596 c.
1362 5559 1482 5607 xcv,
1524 5546 1663 5602 Dixit
1701 5547 1856 5606 Jcsus

278 5620 573 5688 discipulis
606 5628 736 5690 suis,
769 5627 913 5680 Nihil
958 5640 1202 5697 opertum
1253 5634 1392 5702 quod
1430 5650 1534 5688 non
1569 5640 1853 5708 reveletur,

277 5726 451 5779 usque
477 5721 658 5767 cd‘ram
701 5717 863 5775 Patre
902 5737 1023 5775 meo
1051 5724 1142 5792 qui
1178 5724 1230 5776 in
1263 5725 1416 5779 riualis
1444 5736 1545 5781 cst.

355 5804 513 5860 Furia
547 5825 582 5862 ιι
612 5811 964 5867 ΙιεῑιίΙιιιιιὶιιΙῑὲ
996 5830 1113 5882 post
1143 5817 1365 5873 Pascha.
1407 5819 1590 5876 Lectio
1620 5821 1851 5878 Actuum

610 5907 883 5970 PtTBOL.
919 5908 1100 5967 XXX.

1961 4635 2022 4688 la:
2041 4635 2184 4688 beati
2205 4635 2314 4688 Pet'
2333 4637 2346 4688 i
2367 4637 2616 4703 apostoli.
2648 4635 2992 4698 Charissimi,
3015 4635 3248 4689 obsecro
3268 4645 3525 4704 tanquam

1959 4729 2198 4779 advenas
2232 4736 2286 4779 et
2321 4725 2658 4794 peregrinos,
2697 4741 2864 4793 usque
2897 4729 3010 4778 haec
3037 4737 3122 4780 est
3147 4728 3292 4779 enim
3347 4729 3522 4794 gratia

1959 4814 2013 4868 in
2061 4814 2278 4870 Christo
2330 4813 2456 4868 Jesu
2488 4813 2720 4868 Domino
2776 4825 2990 4870 nostro.
3029 4814 3376 4886 Evangelium
3425 4829 3526 4869 se-

1957 4906 2196 4960 cundum
2236 4905 2503 4960 Joannem
2545 4921 2667 4974 cap.
2716 4921 2936 4970 cxcvm,
3004 4906 3148 4961 Dixit
3199 4907 3360 4962 Iesus
3431 4908 3520 4958 di-

1959 4998 2179 5065 scipulis
2212 5001 2349 5060 suis,
2381 4998 2650 5052 Modicum
2690 5010 2743 5052 et
2784 5016 2892 5054 non
2922 5000 3174 5055 videbitis
3219 5015 3326 5065 me,
3363 5016 3524 5068 usque

1959 5091 2213 5159 gaudium
2255 5099 2497 5144 vestrum
2531 5107 2692 5145 nemo
2713 5093 2866 5146 tollet
2898 5107 2928 5145 a
2963 5092 3138 5146 vobis.

2029 5181 2095 5236 In
2126 5183 2318 5251 pascha
2345 5184 2619 5238 annotina.
2641 5183 2992 5253 Evangelinm
3023 5182 3322 5237 secundum
3355 5182 3521 5238 Joan-

1959 5289 2081 5330 nem
2119 5291 2238 5340 cap.
2277 5289 2425 5339 xxiv,
2457 5277 2584 5329 Erat
2617 5277 2778 5330 homo
2828 5291 2892 5330 ex
2946 5276 3230 5344 phariseis
3276 5279 3518 5342 nomine,

1959 5382 2120 5433 usque
2148 5365 2243 5420 sed
2281 5367 2476 5422 habeat
2507 5368 2672 5421 vitam
2703 5378 2988 5422 aeternam.

2027 5457 2146 5513 Kal.
2173 5459 2314 5512 Maii.
2349 5456 2538 5513 Natale
2593 5472 2910 5514 sanctorum
2957 5459 3194 5530 Philippi
3228 5469 3282 5515 et
3308 5459 3516 5516 Jacobi.

1957 5553 2240 5607 Ambianis
2274 5555 2417 5608 Accii
2451 5565 2507 5608 et
2535 5557 2760 5610 Accioli.
2797 5557 2982 5611 Lectio
3028 5559 3150 5612 libri
3201 5559 3515 5628 Sapientiae.

1957 5643 2193 5720 Stabunt
2248 5644 2385 5712 justi
2445 5645 2497 5698 in
2550 5661 2738 5715 magna
2806 5650 3133 5711 constantia,
3169 5667 3330 5720 usque
3382 5653 3523 5704 inter

1957 5745 2181 5789 sanctos
2219 5751 2340 5792 sors
2399 5737 2612 5790 illorum
2678 5751 2783 5794 est.
2818 5740 3172 5812 Evangelium
3220 5746 3521 5798 secundum

1956 5823 2216 5880 Joannem
2253 5842 2373 5894 cap.
2425 5842 2625 5894 cum,
2665 5831 2809 5886 Dixit
2843 5830 3002 5888 Jesus
3047 5833 3332 5905 discipulis
3378 5851 3520 5890 Sllts.

3056 5927 3120 5989 17
