3956 6196
484 361 594 423 5‘23

1419 354 1477 417 S.
1519 352 1957 412 IllERONYMl
2001 352 2325 414 OPERUM
2370 356 2779 418 MAN'l‘lSSA.

3634 359 3742 422 524

488 473 606 525 Non
639 469 888 525 turbetur
915 482 1011 523 cor
1042 476 1305 531 vestrum,
1341 467 1565 521 creditis
1591 470 1644 520 in
1684 467 2059 535 Deum,usque
2088 468 2135 526 A
2162 478 2217 522 et
2261 468 2526 524 :edilicate
2574 469 2898 525 alterutrum
2949 484 3002 523 tn
3057 458 3283 523 Christo
3319 467 3453 523 Jesu
3515 469 3745 527 Domino

494 567 545 614 ir.
568 563 785 615 nomine
822 574 940 613 meo
969 558 1085 613 haec
1114 558 1337 610 faciam.

560 652 746 706 Lectio
769 651 888 703 libri
915 648 1231 717 Sapientiae.
1260 646 1370 700 Viri
1392 646 1521 723 justi
1546 646 1650 701 sint
1679 646 1769 699 tibi
1798 645 2065 706 convivae.

489 761 653 813 usque
704 744 1107 796 honoratorum
1157 750 1214 795 et
1254 754 1586 811 pauperum.
1637 738 2069 806 Evang.secun-

489 836 617 887 dum
679 831 882 886 Lucam
911 846 1035 900 cap.
1088 845 1317 893 σιω-ιιι,
1358 828 1509 883 Dixit
1568 827 1727 882 Jesus
1783 826 2068 897 discipulis

487 927 622 990 suis,
671 926 807 981 Cum
860 925 1148 981 audieritis
1210 923 1416 993 praelia,
1452 938 1615 992 usque
1685 923 1739 976 itt
1801 920 2062 991 patientia

488 1027 670 1072 vestra
702 1019 912 1072 animas
950 1025 1183 1071 vestras.

554 1110 717 1165 Feria
755 1126 792 1163 ιι
828 1108 1184 1164 ltebdomadze
1228 1122 1346 1177 quae
1385 1121 1569 1176 supra.
1606 1104 1791 1160 Lectio
1829 1104 2063 1159 Actnum

490 1203 880 1272 apostolorum.
927 1201 985 1255 ιιι
1020 1200 1216 1254 diebus
1247 1199 1350 1253 illis
1382 1213 1505 1252 cum
1533 1198 1809 1252 venissent
1831 1195 2065 1265 apostoli

488 1297 541 1347 in
578 1292 830 1363 Mysiam,
865 1306 1036 1361 usque
1095 1290 1282 1346 salvus
1337 1289 1446 1344 eris
1481 1297 1535 1342 tu
1582 1300 1637 1343 et
1678 1286 1876 1342 domus
1950 1293 2064 1342 tua.

488 1388 843 1455 Evangelinm
879 1384 1027 1454 quod
1061 1382 1163 1437 fuit
1191 1382 1247 1435 in
1282 1380 1557 1435 Dominica
1599 1379 1867 1449 proxima.

558 1496 589 1532 v
658 1477 799 1531 Non.
867 1475 1012 1529 Maii.
1072 1472 1316 1527 lnventio
1356 1482 1560 1527 sanetae
1612 1471 1815 1525 crucis.
1876 1469 2061 1525 Lectio

490 1570 749 1642 Epistola:
779 1568 924 1622 beati
972 1565 1126 1619 Pauli
1171 1563 1405 1633 apostoli
1437 1561 1503 1615 ad
1522 1561 1764 1617 Galatas.
1816 1559 2064 1623 Fratres,

489 1664 710 1718 conlido
778 1660 848 1714 de
916 1657 1072 1711 vobis
1114 1655 1173 1710 in
1231 1654 1462 1708 Domino
1517 1652 1663 1722 quod
1726 1651 1863 1706 nihil
1916 1650 2066 1706 aliud

490 1756 742 1827 capietis,
774 1768 936 1823 usque
968 1748 1097 1804 mihi
1145 1747 1377 1802 mundus
1408 1745 1701 1801 cruciﬁxus
1739 1752 1848 1808 est,
1878 1756 1933 1801 et
1963 1758 2065 1814 ego

2171 571 2385 616 nostro.
2418 562 2776 633 Evangelium
2808 578 2978 618 secun
3000 563 3110 616 lum
3138 563 3375 617 Marcum
3403 576 3452 616 c.
3483 577 3741 629 ccxxxtn,

2173 653 2414 725 Surgens
2447 666 2627 712 autem
2658 657 2845 724 Jesus,
2886 672 3046 713 mane
3095 661 3267 728 prima
3307 658 3551 721 Sabbati,
3582 674 3744 728 usque

2173 748 2562 805 nuntiaverunt
2597 752 2834 806 caeteris.

2241 841 2398 896 Feria
2432 857 2463 895 v
2490 842 2847 899 bebdomadae
2894 858 3015 913 quae
3059 859 3245 914 supra.
3280 842 3468 898 Lectio
3507 844 3743 898 Actuum

2171 933 2563 1003 apostolorum.
2594 935 2648 988 in
2698 935 2891 991 diebus
2924 935 3036 990 illis
3066 936 3206 990 facta
3237 945 3320 989 est
3350 934 3595 990 turbatio
3638 948 3745 988 non

2173 1024 2394 1080 ntinima
2423 1027 2489 1081 de
2532 1026 2638 1092 via,
2698 1043 2864 1096 usque
2908 1043 3033 1082 cum
3093 1028 3207 1081 haec
3263 1028 3510 1092 dixisset,
3541 1025 3751 1081 dimisit

2171 1115 2491 1172 Ecclesiam.
2521 1116 2879 1190 Evangelium
2910 1120 3052 1188 quod
3092 1126 3143 1171 in
3177 1119 3480 1172 Dominira.

2242 1207 2429 1264 Romae
2464 1210 2650 1266 natale
2696 1211 2875 1267 sancti
2924 1210 3211 1266 Gordiani.
3259 1210 3445 1265 Lectio
3476 1210 3604 1265 libri
3646 1209 3751 1264 Sa-

2171 1301 2413 1370 pientite.
2474 1302 2651 1358 Omne
2697 1314 3113 1359 sacramentum
3172 1303 3379 1358 erroris
3424 1303 3538 1357 odit
3584 1301 3747 1367 Deus,

2168 1408 2333 1463 usque
2356 1393 2411 1448 in
2445 1394 2676 1449 veritate
2711 1396 2905 1449 nuntio
2959 1393 3247 1449 scientiam
3275 1395 3396 1461 ejus
3433 1395 3483 1446 in
3516 1393 3747 1459 jnilicic.

2171 1484 2531 1556 Evangelium
2579 1487 2882 1543 secundum
2919 1488 3237 1542 Mattbteum
3273 1502 3396 1558 cap.
3436 1501 3558 1545 xcv.
3608 1487 3750 1540 Dix:t

2168 1577 2328 1634 Jesus
2377 1577 2662 1649 discipulis
2720 1581 2860 1646 suis,
2896 1578 3076 1635 Nolite
3129 1579 3398 1634 arbitrari
3448 1578 3579 1648 quia
3630 1577 3751 1632 veni

2175 1686 2365 1740 pacem
2399 1673 2640 1739 mittere,
2673 1688 2841 1742 usque
2876 1687 2986 1728 non
3016 1672 3206 1742 perdet
3234 1670 3544 1727 mercedem
3571 1685 3751 1724 suam.

2243 1763 2486 1819 Sabbato
2518 1764 2873 1820 ltebdomadte
2919 1780 3039 1834 qua:
3071 1778 3258 1831 supra.
3310 1761 3498 1816 Lectio
3515 1763 3753 1816 Actuum

492 1848 717 1902 ιιιιιιιιιο.
753 1844 1109 1913 Evangelium
1142 1838 1288 1910 quod
1332 1839 1529 1908 legitur
1561 1838 1614 1892 itt
1648 1836 1854 1892 Pascha
1880 1849 2060 1891 anno-

2189 1856 2569 1926 ipestolorutn.
2643 1856 2706 1911 lu
2765 1858 2960 1912 diebus
3024 1856 3162 1919 illis,
3222 1864 3514 1925 postquam
3568 1864 3753 1907 autem

482 1943 623 1994 tina.

556 2027 711 2083 Feria
741 2043 793 2081 tv
825 2023 1178 2081 hebdomadze
1226 2038 1347 2091 quae
1391 2036 1579 2093 supra.
1611 2021 1796 2077 Lectio
1825 2020 2064 2076 Actuum

484 2122 881 2191 apostolorum.
916 2116 972 2170 ιιι
1042 2114 1237 2169 diebus
1289 2115 1399 2168 illis
1453 2113 1802 2190 locutisunt
1834 2110 2066 2182 apostoli

482 2214 700 2269 custodi
728 2210 967 2265 carceris
999 2210 1223 2263 verbum
1260 2206 1473 2260 Domini
1502 2221 1625 2262 cum
1664 2206 1919 2261 omnibus
1972 2204 2065 2273 qui

489 2306 721 2361 erantin
773 2304 934 2359 domo
987 2306 1132 2371 ejus,
1166 2315 1327 2369 usque
1370 2300 1631 2354 mulieres
1685 2298 1899 2355 nobiles
1959 2312 2065 2353 non

482 2412 690 2468 pauere.
735 2394 1089 2464 Evattgelium
1117 2394 1259 2461 quod
1297 2393 1350 2445 in
1388 2390 1693 2445 Dominica.

556 2490 714 2545 Feria
746 2504 775 2542 v
815 2485 1170 2543 hebdomade
1198 2499 1317 2553 quas
1362 2497 1551 2551 supra.
1594 2481 1780 2537 Lectio
1831 2483 2065 2536 Actuum

485 2583 881 2653 apostolorum.
915 2579 971 2632 ltt
998 2578 1189 2632 diebus
1215 2576 1325 2630 illis
1363 2577 1604 2629 zelantcs
1634 2573 1802 2630 Judaei
1845 2584 2068 2645 aposto-

478 2679 591 2743 los,
625 2684 1075 2738 assumeutesquc
1102 2672 1166 2725 de
1206 2669 1360 2738 tulgo
1394 2670 1563 2731 viros,
1588 2684 1747 2738 usque
1765 2680 1858 2722 aut
1883 2668 2068 2722 dicere

486 2778 584 2823 aut
627 2767 819 2822 audire
874 2763 1077 2831 aliquid
1132 2761 1282 2815 novi.
1348 2760 1702 2830 Evangelinm
1765 2760 2065 2814 secundum

481 2858 749 2915 Joannem
801 2870 922 2925 cap.
974 2868 1133 2919 cxxv,
1205 2850 1351 2906 Dixit
1397 2848 1556 2905 Jesus
1614 2849 1900 2919 d.scipulis
1925 2851 2064 2914 suis,

460 2951 715 3015 Filioli,
769 2948 951 3003 adhuc
1017 2946 1292 3000 modicum
1352 2942 1635 2997 vobiscum
1694 2956 1840 3008 sum,
1904 2954 2066 3010 usque

478 3043 735 3114 sequeris
764 3047 949 3093 autem
978 3045 1187 3107 postea.

555 3135 714 3190 Feria
742 3149 795 3187 vt
823 3131 1177 3187 hebdomadas
1225 3143 1344 3198 qua:
1378 3141 1565 3197 supra.
1602 3124 1787 3180 Lectio
1825 3126 2059 3180 Actuum

2174 1950 2413 2005 cessavit
2433 1948 2731 2015 tumultus,
2758 1962 2922 2018 usque
2937 1947 3283 2003 deducebant
3300 1961 3424 2002 eum
3446 1948 3513 1999 ad
3535 1958 3755 2000 navem.

2177 2044 2532 2116 Evangelium
2580 2044 2887 2100 secundum
2936 2041 3207 2096 Joannem
3260 2050 3382 2111 cap.
3428 2055 3577 2104 vat,
3611 2039 3760 2093 Abiit

2177 2137 2334 2196 Jesus
2362 2149 2514 2194 trans
2546 2152 2697 2194 mare
2742 2135 3002 2201 Galilwe,
3034 2150 3200 2205 usque
3235 2133 3311 2189 ibi
3361 2131 3593 2188 sedebat
3634 2146 3756 2188 cum

2183 2231 2472 2302 discipulis
2514 2230 2652 2287 suis.

2250 2323 2527 2379 Dominica
2564 2338 2614 2379 tv
2643 2332 2769 2394 post
2815 2322 3041 2378 octabas
3091 2319 3338 2375 Pascha.
3407 2318 3602 2373 Lectio
3634 2318 3759 2388 Epi-

2177 2418 2330 2473 stola:
2361 2417 2505 2473 beati
2557 2416 2745 2472 Jacobi
2778 2416 3027 2487 apostoli.
3066 2412 3414 2478 Cbarissiuti,
3475 2422 3663 2467 estote
3681 2411 3758 2466 fa.

2179 2524 2363 2564 ciores
2397 2510 2570 2575 verbi,
2620 2524 2783 2573 usque
2830 2522 2889 2564 se
2928 2508 3204 2564 custodire
3251 2505 3321 2560 ab
3370 2508 3472 2560 hoc
3530 2503 3755 2559 sarculo.

2180 2600 2535 2670 Evangelium
2594 2601 2905 2681 secundum.
2964 2598 3234 2654 Joannem
3291 2611 3416 2666 cap.
3469 2609 3558 2662 CL,
3611 2594 3760 2649 Dixit

2174 2694 2333 2750 Jesus
2366 2694 2652 2764 discipulis
2698 2693 2834 2761 suis,
2873 2692 3070 2758 Amen,
3118 2705 3275 2746 amen
3320 2690 3445 2745 dico
3488 2690 3670 2754 vobis,
3706 2689 3750 2743 si

2175 2786 2306 2856 quid
2338 2785 2604 2855 petieritis
2639 2786 2875 2853 Patrem,
2899 2800 3064 2852 usque
3098 2783 3151 2839 in
3188 2785 3291 2839 hoc
3322 2783 3606 2838 credimus
3634 2782 3757 2853 quia

2176 2897 2203 2933 a
2230 2878 2339 2935 Deo
2370 2880 2551 2934 existi.

2248 2969 2472 3025 Letania
2530 2971 2762 3041 majore.
2813 2969 3000 3025 Lectio
3057 2968 3326 3040 Epistolas
3380 2966 3522 3021 beati
3562 2964 3758 3021 Jacobi

2173 3062 2427 3131 apostoli.
2470 3059 2826 3117 Conlitemini
2893 3060 3222 3115 alterutrum
3275 3070 3498 3131 peccata
3550 3068 3758 3125 vestra,

2176 3170 2335 3222 usque
2366 3163 2417 3207 et
2458 3152 2637 3220 Operit
2667 3152 3069 3207 multitudinem
3111 3162 3481 3221 peccatorum.
3513 3150 3760 3219 Evange-

476 3231 884 3300 apostolorum.
910 3224 1073 3278 Stans
1094 3232 1273 3275 autem
1301 3220 1575 3272 Paulusin
1600 3219 2062 3289 medioArcvpagi
2091 3217 2135 3274 C
2174 3217 2307 3296 “u'm
2367 3217 2670 3298 secandum
2727 3241 2929 3296 Lucum
2985 3217 3129 3312 cap;
3185 3256 3373 3301 cn”.
3404 3241 3549 3296 Dm,
3601 3217 3758 3297 λεὼς

486 3325 583 3388 ait,
624 3334 784 3389 usque
820 3317 1026 3372 docens
1052 3315 1108 3369 in
1150 3316 1230 3367 eis
1270 3313 1496 3366 verbum
1545 3309 1661 3365 Dei.
1713 3309 2065 3381 Evangelium

500 3411 652 3482 quod
683 3410 734 3463 itt
761 3406 1066 3462 Dominica.

561 3503 798 3559 Sabbato
833 3496 1187 3554 hebdomadae
1232 3512 1351 3568 qum
1383 3511 1568 3568 supra.
1606 3494 1794 3551 Lectio
1825 3494 2066 3548 Actuum

488 3595 881 3666 apostolorum.
924 3590 982 3646 In
1042 3590 1233 3647 diebus
1304 3590 1411 3645 illis
1467 3593 1888 3646 insurrexerunt
1950 3600 2063 3641 uno

488 3703 669 3741 annuo
700 3683 878 3740 ιιιόωί
908 3687 961 3738 in
987 3680 1239 3748 Paulum,
1270 3698 1432 3759 usque
1446 3681 1639 3750 spiritu
1659 3694 1890 3749 nequam
1909 3692 2065 3748 egre-

488 3783 758 3835 diebatur.
790 3775 1145 3846 Evangelium
1178 3776 1398 3844 quodin
1434 3774 1744 3830 Dominica.

564 3870 849 3926 Domittica
910 3869 1021 3939 (tu)
1080 3876 1205 3938 post
1280 3870 1505 3921 octabas
1567 3864 1813 3921 Paschte.
1877 3862 2066 3919 Lectio

488 3964 745 4033 Epistolas
800 3963 943 4016 beati
988 3959 1181 4014 Jacobi
1224 3959 1481 4028 apostoli.
1523 3957 1871 4025 Cliarissimi,
1901 3971 2067 4011 omne

487 4062 672 4110 datum
702 4055 995 4128 optimum,
1035 4067 1195 4121 usque
1224 4055 1369 4121 quod
1398 4061 1578 4120 potest
1617 4053 1829 4105 salvare
1854 4050 2066 4103 animas

487 4158 727 4202 vestras.
749 4144 1102 4214 Evangelium
1119 4145 1421 4198 secundum
1437 4139 1703 4195 Joannem
1725 4156 1843 4210 cap.
1858 4155 2063 4204 cxcvn,

408 4222 411 4225 ’
490 4240 641 4293 Dixit
694 4234 857 4292 Jesus
898 4235 1178 4303 discipulis
1221 4235 1356 4298 suis,
1404 4230 1555 4288 Vado
1585 4232 1652 4289 ad
1684 4248 1810 4287 eum
1855 4234 1948 4302 qui
1982 4247 2070 4287 me

485 4334 659 4394 misit,
699 4346 859 4400 usque
891 4326 1240 4383 annuntiabit
1268 4327 1445 4381 vobis.

560 4443 605 4480 ιι
645 4424 788 4478 Non.
844 4421 992 4477 Maii.
1052 4419 1241 4475 Natale
1290 4419 1463 4474 sancti
1520 4417 1755 4474 Mattbazi
1813 4418 2065 4489 apostoli.

478 4518 675 4572 Lectio
692 4516 822 4570 libri
843 4516 1162 4585 Sapientiae.
1192 4511 1512 4567 Benedictio
1539 4511 1632 4566 Dei
1669 4527 1721 4564 tu
1760 4512 2064 4566 mercedem

462 4614 621 4681 Jlla‘ll
676 4609 945 4674 festinet,
1034 4623 1201 4679 usque
1270 4607 1455 4661 ditiori
1528 4616 1580 4661 te
1637 4606 1823 4663 socius
1873 4604 2068 4661 fueris.

470 4700 844 4770 Evangel‘tum
868 4700 1171 4754 secundum
1218 4696 1489 4753 Joannem
1522 4712 1642 4767 cap.
1682 4712 1886 4767 cxxxv,
1922 4697 2072 4753 Dixit

472 4794 647 4850 Jesus
698 4792 979 4862 discipulis
1011 4807 1147 4857 suis,
1180 4792 1295 4848 Hoc
1345 4802 1433 4847 est
1497 4803 1835 4863 praeceptum
1882 4807 2070 4848 meum

489 4900 546 4944 ut
608 4887 849 4957 diligatis
902 4887 1158 4953 invicem,
1188 4902 1350 4957 usque
1413 4887 1466 4942 in
1529 4890 1751 4943 nomine
1805 4902 1927 4944 meo
1978 4890 2071 4942 det

489 4985 592 5039 volt
613 5000 660 5041 θ.

558 5077 702 5131 Non.
749 5076 895 5133 Maii.
932 5075 1129 5131 Natale
1159 5084 1477 5129 sanctorum
1503 5074 1828 5137 Alexandri,
1854 5072 2066 5137 Evcnti,

458 5185 545 5224 .et
569 5169 865 5225 fl‘lttodoli.
897 5170 1089 5226 Lectio
1132 5170 1259 5224 libri
1296 5166 1612 5239 Sapientiae.
1644 5166 1848 5223 Beatus
1866 5167 1949 5221 vir
1971 5181 2066 5234 qut

487 5281 596 5320 non
625 5275 709 5320 est
749 5266 932 5335 lapsus
982 5265 1173 5330 verbo,
1211 5278 1375 5332 usque
1427 5263 1789 5317 honerabitur
1822 5264 1876 5316 in
1925 5263 2065 5331 ipso.

489 5357 843 5427 Erangelium
917 5358 1220 5412 secundum
1282 5355 1590 5410 Mettbmum
1656 5371 1779 5425 cap.
1829 5370 2064 5421 Luxu,

484 5447 635 5503 Dixit
687 5446 848 5505 Jesus
908 5447 1192 5518 discipulis
1225 5449 1361 5513 suis,
1390 5447 1533 5501 Ecce
1590 5462 1692 5517 ego
1731 5459 1891 5501 mnta
1945 5463 2062 5507 vos.

486 5559 652 5613 usque
687 5544 774 5599 hic
812 5544 999 5599 salvus
1023 5545 1146 5598 erit.

566 5635 724 5688 Fcria
746 5652 794 5689 tv
832 5637 1188 5691 hebdomadze
1217 5652 1338 5706 qua:
1373 5651 1562 5705 supra.
1592 5634 1780 5691 Lectio
1808 5636 2066 5706 Epis.ol.e

492 5726 634 5779 beati
667 5724 819 5782 Pauli
847 5732 1081 5797 apostoi
1131 5733 1197 5784 ad
1244 5730 1787 5786 Tltessaloniccnces.
1820 5728 2064 5796 Fratres,

492 5832 687 5870 onmes
708 5820 854 5872 enim
884 5837 978 5875 vos
1010 5824 1102 5876 lilii
1140 5822 1278 5878 lucis
1317 5831 1369 5877 ct
1421 5822 1515 5877 lilii
1558 5822 1665 5877 diei
1713 5826 1867 5889 ρξιὶεν
1905 5839 2066 5891 usque

2172 3335 2460 3404 discipulis
2501 3336 2639 3400 suis,
2669 3335 2805 3401 Quis
2833 3344 3079 3392 vestrum
3122 3336 3286 3392 liabet
3312 3336 3574 3400 anticum,
3602 3350 3758 3405 Itaque

2174 3426 2492 3497 petentibus
2526 3442 2608 3481 se.

2246 3521 2305 3575 lu
2347 3521 2530 3591 vigilia
2567 3521 2815 3577 Asceusa
2858 3520 3101 3575 Domini.
3138 3519 3325 3577 Lectio
3356 3520 3595 3575 Actuum
3628 3535 3754 3591 apo-

2173 3615 2462 3670 stolorum.
2493 3614 2550 3670 ltt
2585 3616 2783 3671 diebus
2822 3616 2948 3681 illis,
2980 3615 3349 3671 multitudinis
3403 3630 3593 3669 amem
3643 3630 3759 3670 cre—

2173 3710 2440 3774 dentium,
2469 3724 2634 3779 usque
2658 3718 2820 3777 prout
2845 3709 3040 3778 cuique
3065 3723 3200 3777 opus
3227 3717 3368 3764 erat.
3395 3706 3753 3777 Evangelium

2172 3801 2474 3857 secundum
2520 3802 2792 3857 Joannem
2846 3816 2970 3871 cap.
3013 3815 3169 3869 cuv,
3232 3799 3540 3857 Suberatis
3601 3801 3757 3857 Jesus

2173 3895 2350 3949 oculis
2377 3895 2431 3947 in
2469 3895 2693 3958 uelum,
2728 3909 2889 3963 usque
2929 3904 2985 3947 et
3005 3910 3106 3964 rgo
3141 3894 3210 3948 ad
3243 3907 3296 3949 te
3331 3895 3487 3949 vado.

2247 3986 2305 4041 ltt
2331 3988 2690 4040 Ascensionis
2719 3987 2950 4041 Domini.
2983 3986 3168 4043 Lectio
3197 3999 3417 4042 actuum
3475 3987 3756 4057 apostolo-

2176 4095 2315 4132 rum.
2339 4079 2577 4134 Prnnnm
2614 4080 2835 4147 quidem
2871 4092 3180 4133 sermonem
3209 4079 3333 4143 l’eci,
3357 4095 3522 4149 usque
3538 4094 3755 4137 euntem

2176 4171 2233 4225 in
2283 4178 2504 4226 enatum.
2564 4170 2916 4240 Evangelium
2972 4171 3275 4227 secundum
3336 4171 3582 4229 Marcum
3632 4189 3755 4246 cap.

2174 4279 2435 4327 ccxxxttt,
2480 4261 2943 4319 Reeumbentibus
2986 4265 3243 4321 undecim
3295 4264 3587 4337 discipulis
3618 4270 3755 4333 suis,

2178 4368 2340 4422 usque
2363 4352 2720 4422 sequentibus
2744 4354 2933 4423 signis.

2248 4446 2524 4500 Dominica
2559 4455 2681 4516 post
2716 4449 2954 4501 Asceusa
2999 4444 3241 4502 Domini.
3272 4446 3463 4505 Lectio
3506 4450 3756 4520 epistoite

2106 4565 2146 4617 ι)
2179 4536 2318 4591 beati
2353 4534 2497 4591 Petri
2529 4538 2786 4608 apostoli.
2830 4538 3176 4607 Cltarissimi,
3208 4549 3386 4597 estote
3432 4542 3753 4612 prudentes,

2176 4644 2340 4699 usque
2396 4629 2792 4684 bonorilicetur
2861 4630 3005 4686 Deus
3065 4647 3163 4701 per
3222 4630 3411 4689 Jcsum
3470 4635 3752 4691 Christum

2176 4721 2486 4776 Dominum.
2526 4720 2882 4791 Evangeliunt
2934 4727 3243 4779 secundum
3305 4722 3574 4780 Joannem
3634 4742 3755 4795 cap.

2171 4830 2345 4880 chv,
2416 4814 2564 4871 Dixit
2621 4814 2782 4872 Jesus
2831 4815 3118 4883 discipulis
3180 4819 3329 4884 suis,
3383 4818 3522 4873 Cum
3574 4831 3754 4874 autem

2176 4909 2389 4964 venerit
2419 4908 2748 4975 Paraclitus,
2802 4925 2966 4979 usque
3003 4910 3438 4966 reminiscamini
3473 4918 3601 4981 quia
3658 4928 3755 4981 ego

2172 5001 2283 5053 dixi
2313 5001 2490 5055 vobis.

2247 5108 2299 5146 tv
2334 5094 2460 5149 ldus
2506 5092 2650 5148 Maii.
2683 5092 2870 5150 Romae
2910 5099 3090 5150 natale
3137 5106 3454 5152 sanctorum
3510 5096 3669 5152 Nerei
3702 5109 3754 5150 et

2173 5187 2403 5253 Achilei,
2464 5186 2746 5243 Pancratii
2814 5190 3089 5260 martyris,
3125 5202 3179 5246 et
3232 5190 3443 5245 Soteris
3505 5190 3745 5262 virginis,

2173 5294 2293 5334 cum
2351 5280 2471 5334 aliis
2527 5293 2673 5334 ocnt.
2742 5277 2929 5334 Lectio
2981 5282 3106 5336 libri
3179 5279 3508 5351 Sapientiae.
3558 5285 3750 5336 Anima

2172 5372 2410 5425 hominis
2442 5370 2647 5435 vitalis,
2680 5388 2843 5441 usque
2869 5373 3251 5428 misericordia
3279 5384 3461 5428 autem
3484 5375 3576 5429 Dei
3608 5377 3748 5428 circa

2170 5478 2386 5518 omnem
2423 5477 2667 5518 carnem.
2710 5461 3065 5534 Evangelium
3102 5470 3403 5522 secundum
3430 5467 3744 5521 Mattbcum

2170 5569 2293 5622 cap.
2317 5569 2576 5619 ccxxxtx,
2599 5557 2969 5611 Accesscruut
2994 5557 3061 5612 ad
3081 5555 3265 5613 Jesum
3284 5558 3567 5625 Pharisaei,
3593 5573 3750 5626 usque

2174 5647 2270 5700 sed
2310 5647 2511 5717 quibus
2550 5649 2735 5702 datum
2771 5659 2876 5702 est.

2243 5755 2301 5794 tn
2357 5741 2485 5794 ldus
2522 5739 2669 5796 Maii.
2702 5741 2942 5807 Trijecto
2978 5743 3246 5814 depositio
3291 5746 3464 5799 sancti
3522 5742 3750 5800 Servatii

2166 5833 2412 5902 episcopi
2445 5843 2496 5889 et
2523 5834 2873 5890 confessoris.
2906 5833 3089 5891 Lectio
3120 5837 3244 5893 libri
3308 5837 3614 5908 Βιρὶειιιιω.
3649 5835 3753 5902 Qui

3934 4194 3935 4249 l

3932 4288 3933 4365 1

3930 4416 3931 4483 1

3928 4516 3929 4599 1

3925 4622 3927 4715 1

3911 5413 3913 5529 1

3910 5560 3911 5647 1

3908 5678 3909 5763 1

3904 5778 3907 5879 1
