3956 6196
183 373 276 435 525

1503 363 1728 423 LIBER
1771 361 2099 424 CCMlTIS.

3315 347 3419 410 526

183 477 606 537 utisvrie-rd'am
637 475 822 541 habet.
861 475 1020 530 docet
1049 483 1102 530 et
1135 474 1336 535 eruth.
1389 491 1547 544 usque
1582 484 1636 529 et
1694 476 1744 526 iu

1880 471 1973 525 lico
2005 470 2174 536 vobis,
2209 469 2301 540 qui
2337 482 2442 522 non
2478 467 2644 521 intrat
2670 477 2764 534 per
2804 460 3023 524 ostium,
3054 473 3211 528 usque
3256 457 3426 510 abun-

182 574 256 627 illa
291 572 492 624 timere
530 571 718 625 Deum.
751 567 1102 636 Evangelium
1137 567 1431 621 secundum
1478 563 1746 628 Joannem

181 679 288 732 cap.
313 678 577 723 cxxxvm,
606 662 746 714 Dixit
767 659 923 716 Jesus
936 659 1223 729 discipulis
1242 660 1377 722 suis,
1404 656 1529 714 “me
1552 659 1749 713 mando

180 757 346 819 vobis,
382 771 541 824 usque
573 757 662 824 qui
694 755 925 808 oderunt
961 767 1047 805 me
1080 753 1267 822 gratis.

241 864 278 902 ιι
311 849 440 902 ldus
469 847 615 902 Maii.
650 845 841 900 Natale
892 844 1068 899 sancti
1123 842 1336 914 Cyriaci
1394 843 1650 914 martyris
1695 853 1750 897 et

183 957 346 1006 cccrv,
375 943 466 1010 qui
496 955 618 995 eum
643 953 710 994 eo
739 938 884 1007 passi
912 946 1040 992 sunt
1075 936 1383 991 Mediolani.
1418 935 1602 991 Lectio
1627 936 1748 990 libri

188 1033 494 1102 Sapientiae.
535 1033 590 1084 lu
627 1031 773 1085 otnni
799 1029 1064 1096 sapientia
1086 1029 1374 1098 dispositio
1405 1029 1557 1096 legis,
1586 1043 1751 1098 usque

187 1126 416 1192 prudens
438 1121 739 1190 placabitur
759 1121 1048 1190 magnatis.
1079 1119 1427 1188 Evangelium
1453 1119 1749 1173 secundum

187 1212 440 1267 Joannem
471 1227 594 1282 cap.
625 1227 884 1276 cxxxvttt,
915 1210 1237 1266 DixitJesus
1281 1211 1560 1280 discipulis
1613 1209 1750 1275 suis,

190 1306 302 1358 llaec
337 1305 536 1358 mando
568 1305 741 1367 vobis,
776 1318 937 1372 usque
959 1305 1191 1356 oderunt
1217 1317 1302 1356 me
1327 1303 1519 1372 gratis.

248 1395 408 1448 Fcria
443 1411 475 1446 v
507 1395 857 1448 hebdomailte
888 1409 1008 1462 qua:
1060 1409 1244 1463 supra.
1282 1392 1468 1447 Lectio
1519 1393 1750 1462 Actuum

189 1489 571 1558 apostolorum.
604 1485 658 1540 lu
689 1487 878 1540 diebus
902 1487 1008 1540 illis
1027 1500 1145 1539 cum
1174 1500 1516 1540 moraremur
1557 1486 1608 1537 in
1637 1485 1756 1538 die-

190 1582 278 1634 bus
327 1581 552 1648 aliq-tot.
612 1595 775 1644 usque
806 1579 1074 1632 allocutus
1129 1587 1214 1631 est
1269 1577 1490 1631 Hebraea
1552 1576 1754 1644 lingua.

191 1673 537 1742 Evangelium
598 1670 895 1726 secundum
961 1668 1223 1724 Joannem
1272 1685 1394 1738 cap.
1427 1685 1552 1734 xxv,
1611 1668 1760 1724 Abiit

189 1763 336 1818 Jesus
368 1780 493 1818 cum
522 1762 802 1832 discipulis
843 1763 982 1830 suis,
1049 1777 1211 1832 usque
1268 1761 1522 1832 gaudium
1573 1775 1752 1815 meum

191 1856 464 1924 impletum
494 1862 601 1909 est.
1111 1840 1114 1844 ’

250 1943 406 1998 Feria
437 1960 490 1999 vt
520 1941 872 1999 hebdomade
918 1957 1038 2008 qua:
1064 1957 1250 2012 supra.
1278 1941 1466 1997 Lectio
1522 1942 1753 1996 Actuum

191 2036 574 2104 apostolorum.
605 2034 664 2088 ln
689 2035 882 2088 diebus
909 2033 1014 2088 illis
1037 2033 1250 2088 locutus
1292 2045 1374 2088 est
1405 2031 1604 2086 Paulus
1630 2047 1757 2102 apo-

192 2131 356 2181 stolus
385 2129 597 2193 dicens,
624 2125 737 2181 Viri
767 2127 961 2180 fratres
1011 2137 1066 2181 et
1099 2133 1300 2197 patres,
1339 2125 1545 2187 audite.
1597 2141 1758 2194 usque

192 2217 409 2272 Paulum
467 2219 662 2273 statuit.
715 2219 853 2272 inter
888 2220 1026 2274 illos.
1089 2219 1432 2291 Evangelium
1459 2221 1758 2274 secundum

189 2310 442 2366 Joannem
479 2327 603 2380 cap.
643 2325 862 2375 cxxxtv,
905 2312 1044 2364 Dixit
1079 2309 1241 2366 Jesus
1298 2312 1575 2381 discipulis
1623 2311 1760 2376 suis,

193 2399 246 2455 Si
275 2402 588 2457 manseritis
619 2402 671 2454 in
699 2415 804 2466 me,
830 2415 992 2470 usque
1014 2401 1269 2469 gaudium
1299 2409 1538 2455 vestrum
1571 2400 1762 2468 imple-

194 2502 294 2546 tum
331 2501 438 2548 est.

258 2585 498 2640 Sabbato
529 2583 882 2639 hebdomadze
921 2597 1044 2652 qua:
1077 2597 1262 2650 supra.
1296 2581 1484 2637 Lectio
1531 2572 1761 2636 Actuum

193 2678 579 2745 apostolorum.
617 2674 676 2729 ln
703 2661 908 2730 diebus
941 2673 1068 2740 illis,
1109 2674 1395 2729 intendens
1427 2682 1604 2728 autem
1637 2688 1766 2727 con-

193 2770 369 2824 cilium
410 2767 637 2831 Paulus,
669 2784 830 2835 usque
883 2777 942 2820 ut
998 2769 1182 2822 dicant
1217 2765 1361 2837 apud
1393 2776 1466 2820 te.
1519 2764 1764 2835 Evange-

196 2861 318 2914 lium
383 2862 683 2916 secundum
737 2859 1001 2914 Joannem
1033 2875 1157 2928 cap.
1213 2875 1362 2924 xui,
1419 2860 1566 2913 Abiit
1608 2856 1767 2914 Jesus

200 2960 341 3007 trans
365 2969 516 3006 mare
550 2951 808 3017 Galiltete,
843 2967 1004 3021 usque
1040 2962 1094 3005 et
1123 2953 1196 3007 ibi
1226 2951 1448 3006 sedebat
1497 2967 1618 3006 cum
1685 2951 1764 3005 di-

195 3046 417 3112 stipulis
452 3048 586 3099 suis.

259 3136 316 3189 ln
351 3137 538 3207 vigilia
565 3135 947 3191 Pentecosteu.
990 3137 1175 3192 Lectio
1211 3138 1332 3193 libri
1377 3136 1674 3193 Geneseos.
1706 3138 1762 3194 In

194 3228 374 3283 diebus
400 3230 504 3284 illis
530 3232 754 3284 tentavit
788 3231 927 3285 Deus
962 3233 1255 3285 Abraham.
1302 3229 1554 3286 Secunda
1606 3233 1766 3286 lectio

197 3325 312 3376 libri
346 3324 769 3379 Deuteronomii.
797 3324 852 3376 lu
885 3324 1078 3379 diebus
1110 3325 1216 3377 illis
1245 3324 1464 3393 scripsit
1526 3323 1760 3395 Moyses.

194 3413 370 3478 Tertia
418 3416 578 3468 lectio
610 3415 728 3469 libri
771 3414 922 3469 Isaiae
957 3418 1256 3487 prophetae.
1299 3416 1360 3470 lu
1415 3418 1606 3472 diebus
1661 3418 1768 3473 illis

199 3508 880 3578 apprchendenturscptem
904 3509 1176 3565 mulieres.
1218 3510 1419 3575 Quarta
1453 3510 1610 3564 lectio
1643 3509 1768 3564 llie-

197 3601 372 3651 rentia!
400 3602 704 3670 prophetae.
739 3601 902 3664 Attdi,
939 3601 1130 3667 Israel,
1173 3602 1427 3655 mandata
1459 3602 1601 3655 vitaz.

266 3691 345 3744 Ad
401 3691 619 3746 Missam
657 3692 711 3745 itt
771 3693 964 3747 eodem
1017 3693 1261 3747 sabbato.
1296 3693 1479 3746 Lectio
1536 3693 1788 3748 Actuum-

199 3783 586 3848 apostolorum.
627 3781 680 3834 1ιι
738 3782 926 3837 diebus
978 3782 1082 3837 illis
1113 3798 1233 3836 cum
1270 3783 1459 3850 Apollo
1490 3797 1627 3838 esse:
1663 3785 1770 3838 Co-

197 3875 380 3935 rinthi,
409 3890 571 3943 usque
598 3875 831 3928 suadens
853 3875 920 3929 de
951 3889 1116 3944 regno
1151 3873 1266 3929 Dei.
1305 3875 1654 3943 Evangelium
1688 3892 1771 3929 se-

195 3967 428 4020 cundum
451 3964 718 4019 Joannem
739 3982 858 4035 cap.
881 3983 1103 4032 cxxvm,
1136 3968 1279 4020 Dixit
1304 3964 1464 4020 Jcstts
1489 3967 1772 4036 discipulis

197 4059 331 4119 suis,
367 4057 421 4112 Si
449 4058 675 4128 diligitis
727 4075 832 4121 tne,
856 4075 1014 4128 usque
1068 4069 1124 4115 et
1183 4057 1539 4114 manifestabo
1586 4059 1636 4112 ei
1689 4072 1774 4112 nte

199 4150 394 4219 ipsum.

269 4243 549 4298 Dominica
609 4244 982 4298 Pentecosten.
1013 4243 1199 4298 Lectio
1238 4243 1466 4298 Actuum
1497 4243 1776 4312 apostolo-

199 4332 339 4391 rum.
383 4338 438 4390 lu
472 4338 664 4391 diebus
697 4337 803 4391 illis
832 4352 955 4390 cum
987 4337 1393 4406 complerentur
1432 4337 1548 4391 dies
1574 4339 1775 4392 Pente-

199 4440 396 4495 costes,
425 4447 588 4500 usque
640 4430 906 4500 magnalia
943 4430 1059 4485 Dei.
1082 4429 1430 4498 Evangelium
1475 4430 1772 4484 secundum

1851 562 2072 616 dantius
2104 561 2358 615 habeant.

1923 654 2076 708 Feria
2110 671 2184 709 tv.
2239 655 2319 708 Ad
2379 663 2624 708 sanciam
2677 648 2919 703 Mar'am.
2966 644 3152 701 Lectio
3195 643 3425 696 Actuum

1851 746 2238 814 apostolorum.
2272 745 2326 799 In
2356 745 2543 800 diebus
2566 743 2670 796 illis
2704 751 2854 796 stans
2883 739 3075 794 Petrus
3106 751 3228 791 cum
3250 736 3424 789 unde-

1851 839 1979 902 cim,
2018 853 2179 908 usque
2239 837 2547 906 quicunque
2582 825 2916 890 invocaverit
2969 847 3162 886 nomen
3214 829 3426 884 Domini

1854 926 2038 981 Salvus
2062 928 2186 980 erit.
2213 926 2442 996 Evangel
2468 943 2556 979 um
2584 926 2882 980 secundum
2908 921 3172 976 Joannem
3200 936 3426 987 c:ip.t.x,

1859 1017 2003 1072 Dixit
2035 1016 2192 1071 Jesns
2221 1019 2501 1082 discipulis
2530 1017 2640 1069 suis
2673 1014 2891 1073 ;.Nemo
2919 1023 3096 1081 potest
3129 1011 3312 1066 venire
3365 1012 3428 1060 ad

1858 1125 1965 1175 me,
1992 1123 2152 1178 usque
2193 1124 2288 1177 pro
2327 1108 2512 1162 mundi
2541 1107 2671 1160 vita.

1927 1199 2084 1254 Fet-ia
2117 1216 2168 1252 ν.
2199 1200 2276 1252 Ad
2301 1199 2598 1268 apostolos.
2647 1197 2830 1252 Lectio
2880 1197 3111 1251 Actuum
3158 1195 3434 1264 apostolo-

1861 1309 2002 1346 rum.
2032 1292 2087 1344 lo
2111 1291 2301 1346 diebus
2331 1291 2436 1346 illis
2471 1290 2751 1361 Philippus
2775 1291 3110 1345 descendens
3141 1290 3191 1342 in
3242 1290 3432 1343 civita-

1859 1394 1966 1438 tem
1999 1384 2280 1446 Samaria,
2314 1399 2475 1454 usque
2506 1385 2758 1449 gaudium
2803 1384 2852 1436 in
2876 1385 2962 1436 illa
2984 1383 3226 1436 civitate.
3260 1380 3434 1433 Evan-

1861 1475 2059 1542 geliqu
2088 1475 2386 1529 secundum
2434 1474 2634 1528 Lucam
2666 1488 2786 1542 eap.
2827 1489 3048 1537 uxxvr,
3110 1472 3434 1527 Couvoi-atis

1857 1562 2018 1619 Jesus
2051 1563 2337 1619 duodecim
2367 1564 2642 1634 discipulis
2673 1567 2806 1626 suis,
2837 1581 2997 1634 usque
3023 1574 3280 1618 curantes
3317 1565 3436 1618 ubi.

1861 1671 1987 1720 que.

1931 1747 2086 1804 Feria
2115 1764 2188 1804 Vl.
2232 1747 2420 1803 Lectio
2455 1750 2689 1803 Actuum
2714 1750 3119 1820 {apostolorum
3151 1750 3208 1804 lu
3242 1749 3438 1804 diebus

1797 1842 1837 1896 Β
1869 1840 1974 1921 illis
2000 1840 2246 1912 aperiens
2276 1840 2469 1894 Petrus
2500 1858 2562 1895 os
2591 1857 2747 1896 suum
2782 1843 2914 1896 dixit
2950 1861 2964 1898 :
2999 1843 3107 1897 Viri
3157 1843 3434 1907 lsraelitm,

1859 1934 2042 1986 audite
2070 1933 2232 1986 verba
2297 1932 2430 1996 haec,
2463 1949 2624 2002 usque
2681 1934 2914 2002 replebis
2954 1949 3040 1990 me
3095 1936 3439 2003 iucunditate

1859 2037 1982 2078 cum
2015 2022 2151 2102 facie
2194 2033 2302 2077 tua.
2333 2021 2682 2094 Evangelium
2743 2027 3039 2080 secundum
3073 2025 3275 2082 Lucam
3313 2045 3436 2099 cap.

1861 2131 2048 2181 ιηνι,
2079 2115 2303 2170 Factum
2335 2127 2422 2171 est
2453 2118 2503 2170 iu
2537 2133 2640 2171 una
2673 2118 2906 2183 dierum,
2948 2135 3112 2188 usque
3140 2123 3263 2191 quia
3305 2123 3440 2176 vidi-

1864 2223 1984 2261 mus
2019 2207 2290 2261 mirabilia
2317 2207 2500 2262 hodie.

1935 2293 2192 2350 Sabbato.
2225 2295 2304 2350 Ad
2327 2305 2573 2350 sanctum
2605 2297 2960 2367 Stephanum.
2987 2293 3173 2354 Lectio
3206 2301 3438 2357 Actuum

1865 2388 2258 2456 aposwlorum.
2285 2387 2343 2442 In
2379 2389 2570 2444 diebus
2603 2391 2707 2444 illis
2745 2393 2996 2446 convenit
3028 2393 3277 2450 universa
3306 2397 3442 2450 civi-

1864 2488 1995 2544 tate,
2024 2496 2183 2548 usque
2225 2483 2572 2551 replebautur
2621 2482 2820 2553 gaudio
2874 2494 2927 2538 et
2958 2482 3165 2554 Spiritu
3221 2498 3439 2541 saneto.

1866 2570 2216 2642 Evangelium
2253 2575 2550 2629 secundum
2579 2572 2781 2628 Lucam
2839 2591 2959 2644 cap.
2990 2593 3138 2644 xxvr,
3201 2577 3444 2648 Surgeus

1863 2664 2023 2722 Jesns
2051 2665 2121 2720 de
2148 2682 2443 2738 synagoga,
2480 2683 2643 2738 usque
2673 2679 2889 2738 Oportet
2939 2685 3026 2724 me
3073 2671 3444 2742 erangelizurc

1867 2777 2086 2832 regnum
2117 2760 2232 2819 Dei.

1938 2855 2216 2910 Dominica
2257 2856 2436 2911 octab.
2473 2855 2859 2912 Pentecosteu.
2899 2857 3084 2913 Lectio
3116 2857 3237 2912 libri
3286 2859 3446 2930 Apo-

1867 2948 2101 3018 calypsis
2122 2946 2346 3002 Joannis
2371 2948 2621 3016 apostoli.
2650 2947 2704 3002 ln
2739 2950 2930 3004 diebus
2979 2951 3084 3005 illis
3113 2952 3219 3005 vidi
3245 2955 3442 3007 Ostium

1868 3050 2110 3110 apertum
2143 3041 2196 3095 in
2243 3041 2462 3105 ctelum,
2513 3057 2674 3110 usque
2711 3041 3013 3097 adorabunt
3071 3045 3337 3098 viventem
3390 3047 3444 3099 in

1870 3135 2065 3188 sa-cula
2093 3133 2434 3188 saeculorum.
2458 3138 2651 3188 Amen.
2680 3133 2938 3204 Evangel.
2960 3138 3256 3192 secundum
3278 3137 3440 3194 Joan.

1790 3203 1835 3264 Ο
1870 3242 1919 3281 e.
1955 3242 2102 3292 xxiv,
2127 3227 2256 3280 Erat
2279 3227 2438 3282 homo
2461 3241 2524 3282 ex
2560 3203 2852 3284 Pharisaeis
2879 3227 3231 3299 Nicodemus,
3286 3249 3447 3302 usque

1874 3322 1964 3373 sed
1992 3321 2189 3374 haheat
2212 3319 2374 3373 vitam
2404 3329 2686 3399 geternam.

1945 3427 2033 3466 xiv
2067 3412 2183 3466 Kal.
2221 3412 2348 3468 Jun.
2393 3413 2582 3470 Natale
2635 3425 2835 3470 sanctae
2859 3416 3228 3477 Pudentiante.
3264 3421 3447 3476 Lectio

1876 3505 1993 3559 libri
2025 3507 2330 3575 Sapientiae.
2363 3506 2677 3563 Coutitebor
2712 3511 2827 3575 tibi,
2859 3510 3081 3566 Doinine
3125 3529 3238 3589 rex,
3289 3501 3449 3585 ιιεςυέ

1875 3598 2042 3652 libera
2073 3613 2166 3652 eos
2194 3604 2260 3651 de
2285 3613 2446 3652 manu
2475 3601 2796 3665 odientium,
2826 3601 3049 3658 Domine
3075 3605 3214 3659 Dens
3237 3617 3410 3660 nostet
3429 3647 3441 3659 .

1877 3690 2132 3758 Evangel.
2177 3691 2471 3743 secundum
2538 3689 2728 3745 Matth.
2792 3708 3054 3761 Cap.CXL,
3092 3695 3235 3748 Dixit
3287 3695 3445 3750 Jesns

1875 3783 2155 3849 discipulis
2191 3783 2303 3835 suis
2335 3782 2642 3849 parabolam
2681 3782 2842 3844 hanc,
2874 3783 3059 3838 Simile
3103 3796 3184 3838 est
3215 3799 3442 3855 regnum

1876 3876 2140 3930 cmlorum
2191 3875 2448 3929 thesauro
2505 3875 2839 3940 abscondito,
2877 3893 3035 3946 usque
3069 3893 3204 3932 nova
3258 3890 3313 3933 et
3352 3895 3445 3934 ve~

1879 3978 2012 4022 tera.

1951 4076 2043 4114 xm
2076 4059 2195 4114 Kal.
2228 4058 2353 4117 Jun.
2383 4061 2564 4115 llomze
2589 4059 2764 4113 natale
2789 4071 3100 4116 sanctorum
3133 4061 3372 4117 Gerrasii
3394 4073 3448 4117 et

1878 4151 2130 4208 Protasii.
2161 4152 2343 4208 Lectio
2366 4154 2486 4207 libri
2523 4155 2832 4222 Sapientim.
2861 4153 3133 4224 Spectatio
3171 4154 3444 4224 justorum

1880 4243 2082 4306 laetitia,
2107 4260 2266 4312 usque
2286 4245 2616 4297 exaltabitur
2633 4245 2842 4299 civitas.
2867 4243 3124 4312 Evangel.
3148 4247 3448 4298 secundum

1878 4337 2063 4392 Matth.
2098 4353 2218 4403 cap.
2253 4351 2509 4401 ccum,
2552 4338 2913 4392 Accesserunt
2955 4339 3020 4392 ad
3045 4339 3229 4395 Jesum
3260 4338 3451 4393 Phari-

1881 4427 1996 4492 saei,
2027 4444 2186 4498 usque
2219 4443 2324 4482 non
2386 4442 2580 4482 omnes
2611 4428 2832 4497 capiunt
2883 4431 3104 4485 verbum
3159 4432 3321 4498 istud,
3354 4434 3447 4486 sed

194 4521 462 4578 Joannem
493 4537 616 4591 cap.
645 4539 806 4587 cxxx,
843 4523 984 4578 Dixit
1010 4521 1170 4580 Jesus
1213 4523 1492 4592 discipulis
1552 4526 1692 4588 suis,
1714 4521 1767 4576 Si
1805 4539 1850 4594 ῃ
1877 4523 2074 4594 quibus
2111 4522 2290 4577 datum
2323 4536 2422 4580 cst.

196 4621 319 4683 quis
349 4617 514 4684 dil'git
558 4633 662 4683 me,
695 4632 855 4687 usque
896 4616 1038 4672 sicut
1066 4616 1378 4674 mandatum
1430 4617 1580 4672 dedit
1640 4616 1772 4670 mihi

196 4708 380 4770 Pater,
409 4711 488 4761 sic
517 4707 680 4762 facio.

268 4799 424 4855 Feria
456 4816 511 4855 ιι.
545 4801 626 4854 Ad
653 4799 892 4866 vincula,
918 4797 1268 4855 hebdomadas
1292 4813 1414 4868 qua;
1443 4814 1626 4868 supra.
1674 4797 1776 4854 Le-

188 4890 302 4942 ctio
335 4888 568 4943 Actuum
617 4888 1002 4958 apostolorum.
1032 4886 1089 4941 In
1127 4887 1316 4944 diebus
1365 4888 1473 4942 illis
1526 4891 1776 4956 aperiens

190 4978 394 5033 Petrus
423 4997 483 5034 os
507 4980 853 5046 saturndixit,
881 4996 1040 5048 usque
1096 4981 1146 5032 iu
1179 4983 1399 5032 nomine
1429 4978 1640 5032 Domini
1678 4993 1774 5032 no-

187 5073 301 5127 stri
342 5071 465 5126 Jesu
521 5072 748 5126 Christi.
801 5070 1148 5140 Evangelium
1174 5071 1470 5125 secundum
1511 5069 1772 5124 Joannem

186 5179 316 5232 cap.
354 5179 502 5230 xxiv,
535 5161 677 5216 Dixit
707 5161 869 5216 Jesus
906 5162 1184 5232 discipulis
1215 5162 1351 5227 suis,
1386 5159 1478 5215 Sic
1513 5162 1656 5216 enim
1693 5161 1776 5217 di-

186 5256 326 5309 lexit
357 5255 496 5309 Deos
530 5254 814 5320 mundum,
848 5269 1006 5322 usque
1074 5269 1238 5323 opera
1283 5269 1402 5323 qua:
1433 5253 1486 5307 iu
1515 5253 1626 5308 Dco
1642 5263 1774 5309 sunt

185 5345 361 5398 facta.

259 5435 421 5489 Feria
451 5450 530 5489 ιιι.
556 5433 634 5488 Ad
658 5444 901 5489 sanctam
934 5433 1300 5488 Anastasiam.
1329 5433 1514 5488 Lectio
1533 5436 1768 5490 Actuum

187 5527 589 5597 apostolorum.
624 5527 679 5578 lu
709 5526 899 5580 diebus
944 5526 1046 5579 illis
1071 5541 1193 5580 eum
1235 5524 1510 5581 audissent
1541 5526 1771 5596 aposwli

190 5621 285 5687 qui
307 5627 469 5671 erant
498 5615 913 5687 Hierosolymis,
952 5633 1114 5686 usque
1143 5618 1482 5684 accipiebant
1507 5616 1768 5686 Spiritum

191 5719 491 5764 sanctum.
549 5708 896 5777 Evangelium
950 5711 1251 5764 secundum
1311 5710 1573 5764 Joannem
1649 5725 1769 5780 cap.

188 5817 418 5870 Lxxxtx,
451 5803 593 5857 Dixit
623 5801 781 5861 Jesus
831 5803 1108 5875 discipulis
1163 5804 1300 5871 suis,
1359 5806 1554 5871 Amen,
1611 5819 1768 5860 amen

1947 4613 2100 4668 Feria
2156 4629 2207 4668 tv
2247 4615 2596 4670 hebdomadas
2661 4615 2845 4679 prima:
2888 4625 3008 4681 post
3069 4613 3448 4670 Pentecosten.

1876 4704 2063 4760 Lectio
2093 4705 2345 4775 Epistula:
2375 4706 2516 4774 beati
2549 4705 2704 4760 Pauli
2743 4708 2972 4776 apostoli
3010 4707 3075 4760 ad
3109 4708 3444 4764 Corinthios.

1875 4798 2119 4865 Fratres,
2148 4801 2196 4854 si
2225 4810 2404 4854 autem
2436 4800 2759 4868 praedicatur
2787 4799 3039 4856 Christus
3095 4801 3238 4870 quod
3273 4816 3450 4855 resur-

1877 4893 2068 4947 rexita
2120 4892 2374 4956 mortuis,
2423 4909 2586 4963 usque
2647 4892 2702 4946 in
2739 4907 2840 4947 suo
2887 4893 3080 4947 ordine
3111 4905 3208 4963 per
3262 4893 3446 4948 Jesum

1875 4984 2155 5039 Christum
2197 4984 2484 5038 Dominum
2540 4993 2812 5040 nostrum.
2845 4984 3099 5054 Evangel.
3152 4985 3448 5040 secundum

1877 5073 2010 5132 Luc.
2044 5090 2165 5144 cap.
2206 5091 2425 5137 ccxutt,
2455 5077 2818 5132 Accesserant
2883 5080 2949 5132 ad
2988 5077 3172 5132 Jesum
3232 5076 3449 5145 quidam

1879 5168 2318 5234 Sadt'ut-reorum,
2359 5186 2515 5240 usque
2553 5186 2658 5224 non
2691 5171 2961 5226 attdebaut
2985 5185 3107 5225 eum
3153 5170 3450 5239 quidquam

1879 5261 2239 5329 interrogare.

1949 5367 1998 5404 xi
2032 5349 2151 5406 Kal.
2183 5349 2357 5406 Junii.
2394 5352 2451 5405 ln
2489 5351 2710 5408 Corsica
2745 5354 2928 5421 passio
2975 5360 3180 5406 sanet-.e
3221 5351 3452 5407 Julianaa

1877 5443 2120 5514 virginis.
2147 5445 2328 5500 Lectio
2352 5445 2473 5500 libri
2501 5445 2812 5516 Sapientiae.
2843 5445 3087 5507 Domine.
3117 5443 3259 5500 Deus
3281 5461 3451 5509 meus,

1879 5534 2125 5589 exaltasti
2163 5551 2325 5605 super
2348 5545 2550 5590 terram
2585 5536 2972 5590 habitationem
3002 5551 3176 5590 meam
3206 5553 3369 5604 usque
3400 5548 3454 5590 et

1877 5626 2192 5680 benedicam
2219 5642 2412 5681 nomen
2433 5637 2604 5694 tuum,
2632 5627 2851 5682 Domine
2876 5626 3016 5682 Deus
3043 5638 3249 5683 noster.
3278 5629 3457 5684 Evan-

1877 5715 1981 5784 gel.
2020 5717 2316 5770 secundum
2351 5715 2544 5770 Matth.
2573 5730 2692 5786 cap.
2726 5730 2980 5781 ecuvttt,
3017 5717 3158 5771 Dixit
3191 5717 3353 5773 Jesus
3374 5718 3460 5773 di-

1879 5806 2099 5876 scipulis
2129 5809 2284 5863 suis:
2319 5806 2509 5865 Simile
2559 5818 2644 5864 est
2697 5823 2920 5878 regnum
2953 5811 3215 5866 caelorum
3262 5809 3470 5868 decem"
