3956 6196
177 350 291 413 529

1508 348 1740 408 LIBER
1788 349 2127 418 COMITIS.

3330 343 3482 410 .530

178 466 418 538 calgpsis
451 463 680 518 Joannis
703 462 958 533 apostoli.
991 463 1048 518 In
1082 463 1274 519 diebus
1306 462 1435 526 illis,
1476 463 1551 517 ait
1583 461 1771 520 Dorni-
1807 478 1848 534 Α
1882 466 2071 522 Lectio
2103 466 2225 521 libri
2266 465 2584 537 Sapientiae.
2616 464 2870 520 Transitc
2913 463 2977 520 ad
3009 479 3115 528 me,
3144 478 3334 518 omnes
3381 463 3469 529 qu"

184 577 311 623 rtus,
343 559 536 629 angelo
592 556 979 626 Philadelphia:
1037 556 1297 614 Ecclesiae
1353 559 1552 622 scribe,
1615 572 1776 625 usque

176 653 297 707 sedi
333 667 458 704 cum
497 660 652 721 patre
700 665 822 704 meo
875 649 928 704 in
974 651 1173 706 throno
1232 649 1372 716 ejus,
1424 661 1476 704 et
1541 649 1772 718 reliqua.

179 746 543 816 Evangelium
578 746 724 815 quod
758 744 860 799 fuit
889 745 941 798 in
973 743 1257 800 Domiuiea
1288 745 1536 813 ejusdem
1571 743 1779 798 hebdo-

177 840 379 889 imula.

254 925 412 980 Feria
447 942 503 982 tu
539 925 892 982 hebdomadas
919 941 1042 996 quae
1081 942 1269 994 supra.
1293 926 1479 980 Lectio
1499 925 1619 982 libri
1639 925 1782 995 Apo-

179 1023 420 1092 calypsis
445 1021 673 1084 Joannis
705 1021 965 1089 apostoli.
1025 1019 1082 1074 In
1137 1020 1332 1076 diebus
1383 1021 1490 1075 illis
1543 1031 1781 1088 quatuor

182 1114 448 1166 animalia
487 1113 769 1166 mittentes
802 1127 1039 1166 coronas
1068 1127 1194 1166 suas
1227 1121 1352 1166 ante
1385 1112 1636 1166 thronum
1696 1111 1780 1168 di-

181 1216 391 1270 centes,
423 1206 626 1273 Dignus
657 1221 738 1269 es,
769 1205 1016 1266 Domine,
1052 1221 1218 1276 usque
1238 1206 1360 1272 quis
1384 1205 1583 1274 poterit
1610 1217 1778 1258 stare.

183 1296 538 1366 Lvangehum
564 1299 707 1366 quod
744 1300 794 1349 in
820 1296 1096 1351 Dominiea
1125 1296 1372 1366 ejusdem
1405 1296 1778 1351 hebdomade.

613 1388 883 1458 Incipiunt
912 1390 1034 1443 lect.
1057 1391 1250 1443 mensis
1273 1406 1351 1442 tv.

253 1482 413 1536 Feria
446 1498 520 1535 tv.
561 1483 639 1535 Ad
677 1493 918 1535 satietati)
958 1480 1207 1534 Mariam.
1266 1479 1453 1535 Lectio
1500 1479 1626 1535 libri
1681 1478 1782 1532 Ss-

185 1576 436 1646 pientia.
468 1575 680 1645 Diligite
718 1575 986 1645 justitiam
1027 1575 1120 1642 qui
1155 1574 1439 1645 judicatis,
1483 1589 1646 1644 usque
1678 1574 1784 1628 hoc

181 1668 334 1737 quod
378 1667 625 1722 continet
651 1667 835 1720 omnia
877 1666 1169 1722 scientiam
1223 1667 1382 1722 habet
1427 1669 1600 1724 vocis.
1648 1667 1781 1722 Item

181 1764 314 1818 alia.
347 1761 536 1816 Lectio
580 1761 732 1816 Isaiae
783 1760 1080 1829 prophetae.
1142 1758 1266 1822 llaec
1317 1759 1450 1814 dicit
1495 1759 1778 1824 Dominus,

1883 561 2228 630 concupistis
2255 575 2365 626 me,
2400 576 2561 630 usque
2585 558 2708 613 Ildei
2741 572 2922 614 autem
2971 559 3184 612 initium
3245 555 3473 626 aggluti-

1882 664 2066 706 natum
2096 661 2180 706 est
2210 652 2282 706 ei.
2311 649 2568 720 Evangel.
2605 653 2907 706 secundum
2943 649 3103 705 Joim.
3151 664 3201 703 c.
3256 654 3472 710 exure,

1883 743 1996 798 Iloc
2028 754 2111 798 est
2143 755 2475 815 prazceptum
2518 759 2720 807 meum,
2777 759 2940 814 usque
2988 745 3039 798 in
3094 730 3313 798 nomine
3356 757 3476 795 meo

1881 837 1971 890 det
1999 837 2173 892 vobis.

1953 943 2006 982 ιι
2035 927 2153 982 Kal.
2181 928 2291 984 Jul.
2329 927 2521 998 Vigilia
2559 927 2734 986 sancti
2771 925 2998 981 Joannis
3028 924 3310 994 Baptistae.
3369 925 3465 979 Le-

1881 1022 1988 1074 ctio
2026 1019 2314 1075 Hieremiae
2348 1021 2648 1092 prOphetze.
2691 1019 2748 1072 Iit
2786 1021 2980 1074 diebus
3021 1019 3127 1072 illis
3155 1017 3358 1073 Iactura
3391 1028 3474 1072 est

1882 1114 2106 1168 verbum
2147 1114 2357 1169 Domini
2394 1115 2458 1168 ad
2498 1129 2583 1169 me
2631 1113 2841 1176 dicens,
2894 1129 3058 1183 usque
3105 1108 3362 1178 aitiiliccs,
3417 1123 3472 1168 et

1879 1207 2113 1274 plantes,
2146 1207 2224 1261 ait
2255 1207 2522 1261 Dominus
2553 1207 2929 1276 omnipotens.
2965 1207 3221 1275 Evangcl.
3275 1217 3471 1261 secun-

1879 1299 2006 1352 dum
2037 1300 2167 1354 Luc.
2203 1313 2256 1354 c.
2290 1316 2330 1364 ι,
2364 1298 2492 1354 Fuit
2520 1300 2571 1354 in
2601 1300 2793 1356 diebus
2823 1299 3051 1356 Herodis
3083 1298 3224 1354 renis
3252 1298 3470 1365 Judaete,

1882 1407 2045 1461 usque
2076 1391 2285 1460 plebem
2323 1391 2642 1460 perfectam.

1953 1483 2086 1538 Item
2117 1485 2171 1538 in
2201 1482 2289 1538 die
2319 1498 2413 1540 vut
2440 1484 2563 1539 Kal.
2600 1483 2712 1540 Jul.
2749 1484 2942 1540 Lectio
2975 1485 3127 1540 Isaiae
3173 1483 3470 1553 praphetm.

1882 1573 2007 1628 Hice
2037 1575 2168 1630 dicit
2201 1573 2486 1640 Dominus,
2519 1575 2741 1641 Audite,
2785 1577 2997 1638 insulae,
3043 1593 3208 1647 usque
3251 1585 3307 1632 et
3347 1591 3473 1630 san-

1881 1678 2029 1723 ctum
2065 1668 2354 1737 Israelqui
2389 1668 2653 1738 elegitte.
2711 1668 2972 1738 Evangel.
3019 1670 3320 1725 secundum
3369 1667 3475 1722 Lu-

1882 1777 1999 1816 cam
2025 1777 2144 1826 cap.
2179 1761 2313 1832 (ill),
2345 1760 2404 1815 In
2436 1761 2527 1815 illo
2559 1771 2823 1831 tempore,
2851 1761 3132 1818 Elisabeth
3165 1773 3345 1816 autem
3375 1763 3476 1816 im-

182 1853 354 1920 Audi,
382 1855 573 1919 Jacob,
597 1869 748 1908 serve
777 1870 956 1918 meus,
989 1868 1153 1923 super
1174 1854 1578 1921 generationem
1607 1863 1776 1915 tuam,
1813 1857 1853 1914 Β
1885 1852 2092 1921 pletum
2125 1860 2211 1907 est
2249 1859 2465 1920 tempus
2511 1851 2782 1920 pariendi,
2828 1867 2994 1922 usque
3047 1853 3474 1921 redemptionem

182 1963 350 2016 usque
373 1947 507 2000 dicit
534 1945 796 2002 Dominus
822 1946 1192 2014 omnipo:ens.
1223 1945 1430 2012 Evang.
1471 1945 1771 1999 secundum

183 2029 320 2092 an.
351 2053 402 2092 c.
441 2053 592 2102 xcut,
622 2038 962 2093 Accedcntes
997 2038 1249 2107 discipuli
1280 2039 1346 2091 ad
1368 2037 1576 2103 Jesum,
1613 2051 1774 2106 usque

183 2132 416 2186 saturati
455 2142 605 2186 sunt.

255 2220 416 2274 Feria
444 2237 472 2272 v
501 2221 848 2276 hebdomadae
873 2237 996 2291 qu:e
1029 2227 1226 2291 supra.
1249 2223 1434 2277 Lectio
1472 2223 1599 2278 libri
1632 2225 1773 2294 Apo-

184 2313 427 2382 calypsis
460 2311 690 2368 Joannis
724 2314 982 2381 apostoli.
1029 2313 1084 2368 In
1118 2316 1306 2368 diebus
1345 2315 1451 2370 illis
1487 2315 1594 2370 vidi
1630 2333 1774 2388 qua-

186 2414 314 2457 tuor
339 2406 563 2474 angelos
591 2413 800 2458 stantes
832 2421 997 2475 super
1019 2406 1246 2476 angulos
1274 2417 1454 2470 teme,
1484 2425 1647 2478 usque
1679 2424 1772 2465 ex-

188 2509 360 2566 ter-get
405 2497 544 2551 Deos
585 2513 802 2552 omnem
861 2499 1156 2568 Iacrymam
1207 2515 1274 2554 ex
1325 2501 1501 2555 oculis
1560 2517 1768 2558 eorum.

187 2587 536 2655 Evangelium
593 2591 736 2656 quod
805 2589 858 2643 in
901 2589 1200 2647 .llominiea
1265 2593 1507 2662 ejusdem
1563 2593 1770 2648 hebdo-

187 2682 382 2735 maria.

257 2772 414 2827 Fcria
445 2789 519 2828 vr.
556 2772 742 2828 Lectio
773 2774 928 2830 Johel
963 2775 1262 2844 prophetat.
1303 2776 1429 2830 Ilaec
1483 2777 1622 2832 dixit
1670 2778 1772 2832 Do-

187 2870 368 2920 minus
410 2870 570 2930 Deus,
617 2867 918 2934 Exsultate,
971 2869 1065 2924 lilii
1123 2869 1276 2936 Sion,
1338 2886 1498 2940 usque
1543 2873 1772 2941 populus

186 2975 342 3012 tne-us
369 2946 420 3012 in
444 2974 731 3026 mternum,
766 2965 839 3014 ait
869 2962 1130 3016 Dominus
1161 2964 1529 3033 omnipotens.
1561 2963 1768 3034 Evang.

183 3055 481 3106 secundum
517 3053 716 3108 Lucam
751 3069 873 3122 cap.
907 3068 1357 3110 cr.xxxvr.........

254 3144 493 3198 Sabbito
525 3142 577 3198 in
617 3162 691 3200 xu
727 3147 1072 3200 Iecrionibus.
1115 3149 1195 3202 Ad
1235 3158 1480 3202 sanctum
1525 3149 1768 3205 Petrum.

1876 1941 2052 2012 plebis
2082 1950 2208 1996 tum.

1946 2033 2099 2088 Feria
2131 2048 2188 2087 ut
2220 2032 2570 2088 hebdomadas:
2600 2048 2721 2102 quae
2751 2047 2939 2101 supra.
2979 2032 3165 2088 Lectio
3190 2035 3311 2089 libri
3331 2037 3475 2105 Apo-

1875 2127 2112 2197 calypsis
2136 2125 2366 2181 Joannis
2395 2125 2648 2196 apostoli.
2687 2126 2746 2178 In
2778 2125 2976 2182 diebus
3009 2127 3143 2189 illis,
3170 2142 3292 2180 cum
3347 2144 3474 2196 ape-

1876 2220 2077 2273 ruisset
2099 2218 2333 2288 sigillum
2367 2219 2682 2286 septimum,
2714 2233 2878 2286 usque
2901 2233 3076 2288 neque
3098 2234 3126 2270 a
3159 2216 3319 2273 furtis
3337 2221 3472 2276 suis.

1873 2309 2135 2377 Evangcl.
2173 2309 2473 2364 secundum
2497 2307 2689 2362 llattlt.
2739 2322 2858 2377 cap.
2907 2307 3140 2379 (um),
3188 2309 3332 2364 Dixit
3375 2308 3473 2366 Je-

1874 2418 1972 2460 sus
2039 2402 2327 2471 discipulis
2387 2403 2523 2466 suis,
2583 2411 2704 2457 esto
2753 2403 3105 2456 consentiens
3164 2404 3478 2458 adversario

1875 2508 1990 2563 tuo,
2024 2513 2187 2569 usque
2214 2498 2345 2568 quia
2379 2505 2552 2551 totum
2583 2510 2782 2564 corpus
2829 2505 2979 2549 tuum
3027 2508 3115 2551 eat
3167 2499 3218 2550 in
3271 2499 3476 2565 gehen-

1874 2606 2023 2648 nam.

1946 2697 2020 2738 vti
2057 2682 2176 2738 Kal.
2209 2681 2321 2738 Jul.
2351 2681 2546 2753 Vigilia
2570 2679 2796 2737 Joannis
2827 2690 2883 2737 et
2916 2681 3090 2737 Pauli.
3127 2681 3260 2736 Item
3295 2681 3346 2737 iu
3365 2681 3474 2737 die.

1884 2777 2131 2846 Itequire
2163 2776 2446 2847 epistolam
2479 2785 2536 2832 et
2567 2775 2922 2848 Evangelium
2958 2776 3102 2846 quod
3127 2785 3208 2831 est
3257 2775 3310 2828 iu
3353 2775 3476 2831 aliis

1873 2878 2208 2925 latinorum.

1946 2960 2104 3015 Feria
2131 2976 2182 3016 iv
2209 2961 2565 3016 hebdomadae
2598 2975 2721 3030 quae
2742 2975 2931 3031 supra.
2958 2960 3144 3016 Lectio
3169 2960 3293 3014 libri
3324 2961 3468 3028 Apo-

1873 3053 2106 3123 calypsis
2132 3050 2362 3106 Joannis
2395 3050 2660 3122 apostoli.
2697 3051 2755 3105 In
2788 3051 2980 3106 diebus
3005 3051 3113 3105 illis
3151 3051 3260 3105 vidi
3307 3051 3472 3103 alittnt

1880 3146 2128 3212 angelum
2194 3143 2390 3199 fortem
2456 3143 2877 3200 descendentem
2953 3144 3019 3198 de
3083 3144 3246 3208 ctelo,
3311 3157 3477 3211 usque

187 3234 370 3290 Lectio
408 3235 562 3290 Johel
593 3241 886 3307 propheta;
940 3239 1068 3294 Ilaec
1116 3240 1246 3294 dicit
1296 3240 1557 3294 Dominus
1610 3241 1772 3306 Deus,
1804 3211 1848 3272 ο
1883 3211 2151 3290 dederunt
2194 3236 2428 3306 gloriam
2491 3235 2604 3292 Deo
2662 3237 2810 3293 cmli.
2867 3234 3126 3306 Evangel.
3173 3235 3474 3291 secundum

184 3328 412 3382 Etlnnde
437 3331 504 3383 de
533 3332 722 3400 spiritu
759 3346 880 3384 meo
904 3347 1066 3400 super
1091 3349 1308 3386 omnem
1344 3349 1586 3398 carnem,
1618 3351 1775 3404 usque

183 3424 361 3474 omnis
390 3422 484 3490 qui
527 3423 864 3477 invocaverit
894 3439 1089 3478 nomen
1108 3423 1320 3480 Domini
1356 3426 1539 3480 salvus
1574 3429 1698 3481 erit.

253 3513 387 3566 Item
421 3514 513 3566 ubi
545 3529 734 3583 supra.
768 3515 953 3570 Lectio
989 3516 1113 3571 libri
1167 3503 1415 3572 Levitici.
1479 3516 1535 3573 In
1583 3521 1776 3577 diebus

184 3606 290 3660 illis
322 3605 542 3661 lorutus
559 3619 644 3661 est
665 3608 925 3666 Dominus
946 3609 1011 3662 ad
1047 3609 1265 3680 Moysen
1295 3611 1506 3678 dicens,
1527 3611 1776 3682 Loquere

183 3699 248 3751 ad
273 3699 413 3752 ﬁlios
439 3699 627 3764 Israel,
659 3710 714 3754 et
746 3701 896 3756 dices
929 3702 995 3756 ad
1024 3717 1140 3764 eos,
1172 3702 1308 3757 Cum
1343 3703 1576 3774 ingressi
1612 3703 1778 3759 fueri-

182 3794 498 3856 tisterram,
526 3810 688 3863 usque
715 3795 768 3848 in
803 3796 1019 3850 cunctis
1052 3797 1382 3852 habitaculis
1400 3807 1453 3852 et
1475 3799 1778 3868 generatio-

183 3888 341 3939 nibus
375 3889 600 3953 vestris,
645 3890 721 3942 ait
757 3889 1021 3944 Doininus
1048 3892 1418 3959 omnipotens.

253 3977 390 4033 Item
406 3981 496 4034 ubi
517 3995 702 4048 supra.
732 3979 1048 4035 Lectiolihri
1067 3982 1490 4038 Deuterouomii.
1515 3985 1571 4038 In
1591 3985 1779 4041 diebus

179 4071 288 4124 illis
306 4071 446 4124 dixit
473 4071 705 4143 Moyses,
730 4073 894 4138 Audi,
931 4073 1120 4140 Israel,
1149 4090 1383 4145 quzeego
1403 4077 1661 4146 praecipio
1677 4077 1771 4132 tibi

179 4163 365 4230 hodie,
395 4180 558 4234 usque
595 4165 858 4220 Dominus
890 4165 1034 4220 Deus
1071 4179 1194 4221 tuus
1228 4166 1440 4223 dederit
1482 4169 1598 4226 tibi.

266 4255 402 4310 Item
446 4260 533 4310 ubi
568 4273 754 4322 supra.
791 4256 980 4313 Lectio
1017 4259 1139 4314 libri
1193 4260 1444 4316 Leritici.
1485 4261 1539 4315 ln
1591 4262 1783 4316 diebus

181 4349 289 4401 illis
343 4348 483 4401 dixit
537 4349 800 4405 Dominus
844 4351 910 4403 ad
956 4347 1203 4421 Moysen,
1280 4349 1340 4404 Si
1395 4351 1446 4406 in
1497 4353 1782 4421 praeceptis

180 4442 320 4495 meis
357 4442 790 4508 ambulaveritis,
815 4459 980 4512 usque
1001 4443 1157 4498 eritis
1179 4445 1409 4514 populus
1441 4461 1618 4512 meus,
1641 4446 1774 4502 dicit

175 4534 446 4587 Dominus
487 4536 856 4604 omnipo:eus.

249 4628 387 4680 ltctn
423 4628 512 4680 ubi
538 4643 723 4696 supra.
757 4626 857 4682 Hie
887 4628 1083 4698 legitur
1110 4605 1298 4684 Daniel
1341 4630 1620 4700 prepheta.
1666 4629 1772 4685 Le-

174 4723 290 4774 ctio
317 4718 572 4789 Epistulae
613 4721 752 4774 beati
773 4722 925 4775 Pauli
961 4723 1190 4790 apostoli
1217 4724 1283 4776 ad
1321 4724 1616 4779 Romanos.
1643 4724 1771 4779 Fra-

175 4823 315 4872 tres,
349 4811 634 4879 justiﬁcati
664 4828 729 4867 ex
761 4813 884 4880 Iide,
919 4828 1108 4882 pacem
1141 4814 1444 4870 habeamus
1479 4816 1548 4870 ad
1573 4817 1767 4880 Deum,

174 4921 350 4973 usque
379 4921 474 4973 per
501 4906 761 4975 Spiritum
796 4919 1044 4963 sanctum
1095 4911 1185 4979 qui
1241 4913 1399 4966 datus
1457 4921 1542 4966 est
1589 4912 1768 4967 nobis.

173 4998 394 5066 rzvang.
427 4999 726 5053 secundum
756 4999 948 5057 Matth.
979 5017 1166 5064 c.ccv,
1198 5003 1522 5075 Egrediente
1549 5003 1674 5060 Jesu
1702 5008 1769 5062 ab

167 5089 423 5155 J-riclio,
458 5107 620 5158 usque
654 5095 827 5146 secuti
866 5105 991 5147 sunt
1019 5110 1169 5152 eum.

246 5183 603 5238 llebdomala
647 5202 675 5236 v
709 5196 831 5252 post
869 5187 1246 5244 Pentecosten.
1287 5180 1469 5244 Lectio
1518 5191 1770 5260 Epistola:

171 5274 328 5327 beati
353 5274 500 5328 Pauli
536 5277 768 5343 apastoli
799 5279 863 5329 ad
902 5275 1196 5332 Romanos.
1233 5277 1476 5343 Fratres,
1522 5279 1771 5335 existimo

169 5368 334 5421 enim
373 5367 515 5436 quod
556 5384 660 5423 noo
691 5380 818 5424 sunt
845 5372 1125 5440 condigne
1158 5372 1460 5440 passiones,
1489 5389 1650 5443 usque
1674 5390 1770 5427 ex-

169 5470 502 5528 spectantes
535 5465 965 5532 redemptionem
1000 5467 1246 5534 corporis
1277 5466 1449 5520 nostri
1475 5467 1531 5520 in
1554 5467 1770 5522 Christo

171 5554 312 5608 Jesu
345 5553 572 5606 Domino
600 5567 806 5610 nostro.
855 5557 1060 5626 Evang.
1111 5561 1404 5612 secundum
1462 5557 1665 5613 Lucam
1716 5574 1765 5613 c.

171 5664 289 5708 ιιι,
327 5647 468 5699 Dixit
501 5645 658 5702 Jesus
691 5648 976 5717 discipulis
1017 5651 1152 5710 suis,
1181 5649 1367 5702 Estote
1402 5664 1529 5719 ergo
1556 5651 1769 5704 miseri-

171 5754 274 5792 cor
299 5741 404 5798 les,
437 5754 601 5806 usque
635 5739 893 5792 festucam
926 5740 990 5793 de
1019 5740 1176 5794 oculo
1215 5739 1400 5796 fratris
1431 5743 1528 5796 tui.

249 5846 282 5883 v
314 5827 440 5884 ldus
470 5827 595 5887 Jun.
629 5830 816 5886 Natale
851 5842 1162 5888 sanctorum
1204 5831 1370 5889 I’rimi
1404 5843 1459 5889 et
1485 5833 1765 5892 Feliciani.

1877 3325 2081 3379 Lucam
2140 3341 2266 3396 cap.
2331 3341 2585 3388 cuxxvt.
2643 3325 2815 3382 Erant
2855 3327 3361 3397 appropinquantes
3405 3325 3475 3380 ad

1875 3419 2062 3474 Jesum
2083 3419 2355 3487 publicani
2387 3428 2440 3475 et
2485 3431 2830 3489 peccatores,
2881 3437 3046 3491 usque
3089 3421 3474 3488 pmnitentiam

1879 3522 2094 3585 agente.
2843 3589 2846 3592 ξ
3481 3503 3483 3506 ⁴

1951 3625 1988 3663 ll
2017 3608 2140 3663 Idus
2165 3607 2272 3664 Jul.
2304 3608 2360 3663 In
2389 3608 2554 3663 natali
2597 3608 2773 3664 sancti
2813 3607 3090 3672 Basilidis,
3127 3607 3383 3671 Nahoris,
3419 3617 3475 3662 et

1879 3698 2096 3754 Nazari.
2121 3698 2306 3754 Lectio
2323 3698 2448 3753 libri
2473 3697 2790 3767 Sapientiae.
2812 3697 2999 3752 Timor
3019 3697 3230 3750 Domini
3254 3697 3466 3748 initium

1879 3792 2212 3856 dilectionis,
2246 3807 2412 3862 usque
2442 3793 2656 3862 species
2682 3793 2734 3845 in
2760 3801 3144 3846 ornamentum
3185 3793 3381 3845 domus
3406 3789 3471 3845 il-

1882 3885 2007 3940 lius.
2034 3885 2244 3956 Evang.
2285 3886 2586 3941 secundum
2621 3887 2779 3940 Joan.
2815 3901 2936 3956 cap.
2972 3901 3119 3948 xxiv,
3158 3884 3288 3938 Erat
3309 3883 3476 3941 homo

1879 3995 1946 4034 ex
1983 3980 2298 4043 Pbariszeis,
2335 3996 2498 4050 usque
2520 3981 2716 4034 habeat
2746 3981 2912 4032 vitam
2939 3990 3224 4033 aeternam.

1954 4073 2110 4128 Fet-ia
2147 4088 2196 4127 vi
2229 4073 2588 4128 hebdomadas
2619 4087 2738 4141 quae
2766 4087 2954 4139 supra.
2986 4070 3171 4124 Lectio
3222 4069 3475 4140 Epistulae

1885 4166 2025 4220 beati
2059 4164 2305 4235 Apostoli
2336 4165 2401 4219 ad
2423 4165 2803 4222 Colossenses.
2837 4162 3079 4226 Fratres,
3115 4180 3278 4218 oniue
3306 4166 3476 4229 quod-

1883 4277 2095 4330 cunque
2122 4261 2300 4315 facitis
2337 4260 2390 4314 in
2420 4262 2588 4316 verbo
2616 4270 2708 4314 aut
2740 4261 2791 4312 in
2819 4274 3011 4329 Opere,
3043 4274 3206 4326 usque
3234 4258 3472 4310 retribu-

1887 4355 2087 4408 tionem
2117 4352 2455 4407 hiereditatis
2485 4367 2585 4422 per
2631 4350 2818 4406 Jesum
2856 4350 3136 4406 Christum
3186 4349 3473 4404 Dominum

1889 4455 2158 4501 nostrum.
2179 4443 2436 4516 Evangel.
2464 4445 2762 4500 secundum
2791 4443 2960 4498 Marc.
2997 4460 3047 4496 c.
3080 4459 3206 4504 cxx,
3228 4443 3362 4497 Cum
3390 4445 3475 4496 in-

1804 4553 1850 4608 ο
1885 4540 2258 4596 trassctJesus
2281 4539 2716 4611 Hierosolymam
2737 4542 2791 4592 in
2813 4542 3098 4608 templum,
3118 4552 3279 4606 usque
3301 4535 3474 4606 quod-

1873 4646 2088 4699 cunque
2113 4633 2312 4687 dixerit
2338 4631 2452 4695 Iiat,
2480 4632 2572 4685 [iet
2601 4632 2672 4686 ei.

1894 4759 1898 4764 ‘
1948 4724 2190 4778 Sabbato
2222 4723 2577 4778 hebdomadas
2615 4739 2802 4794 supra,
2845 4740 2974 4778 xviii
3007 4723 3249 4782 KaLJul.
3285 4725 3341 4779 In
3379 4743 3473 4778 ua-

1877 4815 1969 4869 tali
1994 4827 2195 4870 sanctae
2218 4816 2492 4872 Felicnlze.
2514 4815 2705 4872 Lectio
2736 4818 2859 4871 libri
2882 4817 3201 4889 Sapientiae.
3223 4819 3468 4872 Lucerna

1875 4908 2167 4976 splendens
2197 4924 2362 4978 super
2394 4909 2783 4964 candelabrum
2833 4925 3110 4976 sanctum,
3163 4927 3325 4980 usque
3375 4913 3468 4980 qui

1875 4998 2132 5070 laqueum
2160 5001 2268 5054 alio
2296 5002 2705 5070 tendit,peribit
2728 5005 2778 5056 in
2806 5003 2913 5057 illo.
2939 5005 3143 5072 Evang.
3169 5005 3466 5058 secundum
3523 5069 3530 5089 ‘
3586 5015 3596 5033 ο

1877 5093 2068 5148 Matth.
2100 5109 2146 5148 c.
2180 5109 2301 5172 cu,
2370 5094 2515 5148 Dixit
2547 5095 2704 5151 Jesus
2741 5097 3024 5165 discipulis
3062 5099 3179 5151 suis
3234 5097 3470 5166 parabo-

1849 5184 1980 5238 Iam
2038 5188 2198 5250 hanc,
2256 5187 2448 5240 Simile
2497 5198 2583 5242 est
2631 5203 2856 5258 regnum
2898 5189 3157 5244 cmlorum
3209 5190 3469 5244 thesauro

1877 5279 2219 5345 abscondito,
2261 5295 2422 5349 usque
2452 5296 2594 5334 nova
2620 5292 2674 5334 et
2701 5290 2906 5335 vetera.

1950 5367 2298 5424 Ilebdomada
2336 5387 2385 5423 vi
2423 5382 2546 5440 post
2583 5372 2964 5427 Peutccosteu.
3002 5372 3184 5425 Lectio
3216 5373 3461 5442 epistola:

1877 5466 2018 5520 beati
2052 5463 2200 5518 Petri
2233 5467 2484 5534 apostoli.
2519 5464 2868 5531 Charissimi,
2897 5482 3087 5521 omnes
3107 5468 3392 5522 unanimes
3412 5468 3466 5522 iu

1875 5558 2121 5612 oratione
2182 5567 2377 5623 estote,
2429 5575 2589 5628 usque
2628 5559 2914 5612 Dominum
2965 5570 3146 5612 autern
3189 5563 3467 5614 Christum

1873 5651 2211 5704 sanctilicate
2252 5651 2304 5704 in
2357 5653 2615 5706 cordibus
2661 5653 2876 5706 vestris.
2921 5651 3125 5723 Evang.
3161 5657 3464 5710 secundum

1873 5742 2008 5797 Luc.
2032 5759 2154 5813 Cap.
2179 5756 2332 5808 κως,
2363 5744 2496 5798 Cum
2535 5744 2707 5798 turbte
2733 5745 3010 5800 intuerent
3039 5748 3105 5802 ad
3136 5747 3344 5814 Jesum,
3373 5765 3470 5806 us-

1877 5853 1974 5906 que
2001 5837 2206 5894 relictis
2237 5839 2511 5906 omnibus,
2543 5840 2714 5896 secuti
2751 5851 2877 5897 sunt
2906 5844 3083 5900 illum.
