3956 6196
523 325 620 391 531

1487 330 1548 390 S.
1592 330 2036 392 IIIERONYMI
2073 331 2400 396 OPEIiUM
2441 331 2849 398 MANTISSA.

3674 317 3780 381 532

595 457 686 495 xtv
714 439 836 494 Kal.
871 437 978 493 Jul.
1013 437 1203 494 Natale
1235 443 1552 492 sanctorum
1595 435 1760 493 Marci
1793 449 1844 494 et
1875 438 2104 494 Mareel-
2130 460 2172 517 Α
2209 443 2516 505 candidam,
2545 453 2598 498 et
2622 457 2786 512 super
2825 442 3042 503 nubem,
3063 453 3227 510 usque
3251 453 3376 492 vera
3396 446 3449 492 et
3470 435 3780 506 justajudi-

524 529 655 584 liani
677 537 732 584 et
766 539 968 584 sanctae
990 527 1211 583 Matinae
1238 526 1482 598 virginis.
1505 526 1690 584 Lectio
1720 529 1840 584 libri
1872 529 2100 602 Sapien-

525 624 630 675 tiae.
662 619 870 689 Lingua
901 619 1233 690 sapientium
1265 630 1429 674 ornat
1459 621 1764 686 scientiam,
1801 639 1963 692 usque
2006 624 2100 694 qui

526 713 772 782 sequitur
796 712 1064 780 justitiam
1100 712 1345 783 diligitur
1367 727 1398 767 a
1433 711 1685 768 Domino.
1712 714 1971 783 Evangel.
2010 732 2101 772 se-

527 805 760 861 cundum
790 804 950 861 Joan.
988 822 1036 862 c.
1068 822 1284 873 cxxxtv,
1313 806 1456 861 Dixit
1480 806 1636 863 Jesus
1663 807 1942 877 discipulis
1964 811 2100 875 suis,

527 896 640 953 lloc
673 908 756 953 est
787 906 1112 968 praceptum
1157 913 1359 962 meum,
1411 914 1572 968 usque
1623 902 1674 954 in
1714 902 1936 957 nomine
1979 915 2100 958 meo

528 994 618 1048 det
640 992 814 1044 vobis.

599 1099 698 1138 xm
733 1083 861 1147 Kal.
894 1083 1000 1139 Jul.
1035 1083 1226 1140 Natale
1258 1097 1575 1140 sanctorum
1609 1083 1832 1140 Cervasi
1871 1095 1925 1140 et
1969 1084 2102 1140 Pro-

526 1173 652 1240 tasi,
680 1171 875 1226 Nazari
903 1185 959 1227 et
987 1171 1154 1238 Celsi,
1186 1175 1364 1244 pueri.
1403 1173 1585 1229 Leotio
1619 1174 1739 1228 libri
1787 1174 2098 1242 Sapientim.

525 1268 626 1332 Qui
663 1269 856 1319 timent
889 1267 1191 1327 Dominum,
1216 1281 1323 1321 non
1357 1275 1515 1320 erunt
1538 1265 1906 1329 incredibiles,
1940 1281 2102 1336 usque

524 1357 592 1410 2d
627 1357 1021 1426 respectionem
1063 1357 1206 1412 illius
1240 1357 1500 1410 Dominus
1523 1356 1664 1410 Dens
1698 1364 1902 1411 noster.
1928 1355 2102 1409 Evan-

525 1448 724 1518 gelium
757 1450 1058 1501 secundum
1097 1446 1300 1502 Lucam
1334 1462 1384 1500 c.
1425 1445 1612 1517 (CLIV),
1650 1445 1792 1500 Dixit
1823 1444 1982 1500 Jesus
2019 1445 2104 1501 die

501 1540 751 1608 ,scipulis
778 1539 915 1607 suis,
948 1540 1059 1594 sint
1087 1537 1257 1594 lutnbi
1284 1539 1447 1594 vestri
1487 1538 1786 1608 praecincti,
1820 1552 1985 1608 usque
2012 1552 2101 1592 su-

526 1647 620 1700 per
646 1631 832 1686 onmia
861 1647 981 1701 quae
1007 1632 1266 1699 possidet,
1296 1631 1592 1686 constituet
1624 1631 1798 1686 illum.

599 1737 654 1777 tv
680 1723 802 1776 Kal.
833 1721 940 1779 Jul.
981 1721 1176 1793 Vigilia
1208 1721 1577 1792 apostolorum
1611 1722 1757 1776 Petri
1813 1729 1869 1776 et
1925 1719 2099 1776 Pauli.

2207 535 2291 588 cia
2307 542 2417 589 tua.
2439 534 2786 606 Evangelium
2802 534 3102 590 secundum
3127 533 3433 588 Mattlucum
3451 546 3576 601 cap.
3593 543 3779 590 cxctu.

2204 627 2488 682 Accedens
2525 627 2744 698 quidam
2778 627 2842 680 ad
2869 624 3056 682 Jesum
3082 626 3156 681 ait
3183 625 3282 691 illi,
3320 639 3487 694 usque
3518 621 3664 688 veni,
3693 635 3780 675 se-

2205 733 2372 788 quere
2400 734 2504 775 me.

2279 809 2557 865 Dominica
2606 820 2726 880 post
2773 809 2954 867 natale
2993 810 3383 881 apostolorum.
3433 807 3781 878 Evangelium

2204 904 2496 957 secundum
2531 901 2839 958 Matthmutn
2901 918 3022 968 cap.
3069 918 3178 966 Lvt,
3231 901 3502 956 Attentlite
3558 917 3587 952 a
3634 899 3783 955 falsis

2204 993 2504 1064 prophetis,
2533 1010 2696 1064 usque
2733 994 2961 1050 intrabit
2985 995 3036 1048 in
3068 1009 3292 1062 regnum
3318 993 3605 1056 caelorum.

2280 1083 2460 1138 Idibus
2518 1082 2670 1138 Julii.
2710 1083 2901 1139 Natale
2937 1083 3111 1140 sancti
3145 1083 3378 1156 Cyriaci.
3433 1082 3617 1136 Lectio
3661 1081 3783 1136 libri

2207 1177 2525 1246 Sapientiae.
2556 1175 2751 1246 Vigilia
2779 1177 3086 1233 honestatis
3113 1176 3404 1232 tabefaciet
3433 1191 3648 1236 carnes.
3693 1193 3788 1230 us-

2204 1283 2304 1338 que
2340 1269 2614 1322 enarrabit
2651 1267 2892 1323 Ecclesia
2932 1279 3268 1322 sanctorum.
3307 1266 3658 1338 Evangelium
3696 1283 3786 1322 se-

2206 1357 2438 1412 cundum
2475 1353 2676 1410 Lucam
2709 1372 2827 1425 cap.
2853 1371 3042 1419 cccxx,
3067 1355 3231 1410 Facta
3264 1365 3347 1411 est
3381 1362 3524 1413 inter
3548 1357 3787 1426 discipu-

2207 1447 2288 1502 los
2320 1449 2621 1514 contentio,
2650 1464 2810 1518 usque
2837 1450 3011 1504 tribus
3034 1447 3220 1504 Israel.

2278 1555 2346 1594 xv
2389 1539 2509 1596 Kal.
2559 1541 2767 1613 Agusti.
2823 1540 3008 1607 Metis,
3057 1540 3322 1610 depositio
3350 1542 3520 1596 sancti
3574 1541 3784 1597 Amulli

2207 1629 2558 1688 confessoris.
2594 1632 2772 1687 Lectio
2804 1633 2928 1686 libri
2967 1630 3280 1701 Sapientia.
3304 1631 3442 1686 Audi
3471 1648 3578 1696 me,
3611 1632 3706 1698 iiii,
3730 1642 3783 1688 et

2207 1738 2275 1779 ne
2304 1738 2532 1792 spernas
2559 1739 2667 1791 me,
2700 1741 2859 1794 usque
2884 1739 2949 1778 ne
2979 1738 3197 1790 premas
3223 1723 3370 1777 illttm
3399 1734 3452 1777 ct
3471 1726 3784 1794 repetendo.

527 1815 712 1870 Lectio
747 1817 978 1871 Actunm
1011 1816 1405 1884 apostolorum.
1440 1815 1497 1869 ln
1536 1814 1729 1869 diebus
1762 1813 1864 1869 illis
1909 1813 2104 1869 Petrus
2137 1817 2178 1871 Β
2211 1815 2553 1886 Evangelium
2617 1817 2913 1872 secundum
2961 1815 3204 1871 Marcum
3245 1831 3296 1872 c.
3341 1833 3586 1882 cxxxvtt,
3628 1818 3787 1885 Egre-

526 1919 582 1962 et
617 1908 858 1965 Joannes
894 1909 1256 1963 ascendebant
1305 1911 1354 1962 in
1399 1909 1682 1977 templum,
1726 1923 1888 1977 usque
1937 1908 1986 1960 in
2040 1921 2106 1960 eo

526 2002 670 2068 quod
703 2003 1004 2071 contigerat
1035 2002 1131 2054 illi.
1165 2000 1422 2070 Evangel.
1459 2001 1761 2056 secundum
1795 2000 1953 2053 Joan.
1982 2013 2104 2066 cap.

528 2109 766 2159 ccxxvtt,
803 2093 856 2147 In
889 2095 981 2148 illo
1013 2104 1256 2163 tempore
1293 2094 1430 2148 dixit
1461 2091 1620 2148 Jesus
1654 2091 1816 2146 Petro
1852 2109 1867 2148 :
1917 2089 2104 2144 Simon

529 2183 758 2238 Joannis
795 2185 976 2254 diligis
1008 2199 1113 2251 me,
1142 2200 1304 2253 usque
1335 2183 1735 2237 clariﬁcaturus
1757 2195 1878 2236 esse
1909 2183 2102 2233 Deum.

603 2276 740 2330 ltcm'
765 2277 818 2330 in
860 2278 946 2332 die
980 2291 1037 2330 ιιι
1065 2275 1180 2330 Kal.
1218 2275 1326 2330 Jul.
1359 2276 1542 2330 Lectio
1570 2274 1801 2327 Actuuut
1832 2271 2108 2342 apostolo-

532 2381 672 2418 rum.
707 2365 762 2418 ln
793 2365 986 2420 diebus
1014 2366 1120 2418 illis
1143 2345 1286 2420 misit
1312 2363 1554 2419 Herodes
1584 2377 1674 2417 rex
1709 2376 1922 2425 manus,
1947 2377 2107 2430 usque

529 2457 700 2518 plebis
729 2457 1055 2511 Judmorum.
1099 2456 1356 2526 Evangel.
1399 2456 1694 2510 secundum
1729 2453 1919 2507 Matth.
1985 2468 2103 2522 cap.

530 2551 755 2618 (cum),
801 2545 960 2602 Venit
1003 2547 1160 2601 Jesus
1207 2550 1258 2600 in
1307 2558 1492 2618 partes
1539 2547 1799 2601 (ἐπείη-ραι
1853 2545 2107 2616 Philippi,

528 2657 692 2712 usque
722 2641 823 2693 crit
850 2641 1086 2694 solutum
1120 2640 1172 2695 in
1203 2641 1377 2694 caelis.

604 2737 727 2806 ipso
777 2737 862 2790 die
926 2736 1108 2806 vigilia
1159 2735 1331 2790 sancti
1383 2734 1555 2788 Pauli.
1611 2733 1794 2788 Lectio
1855 2732 2109 2803 Epistolas

533 2832 676 2885 lieati
703 2829 854 2884 Pauli
889 2828 1116 2898 apostoli
1151 2829 1216 2881 ad
1245 2826 1489 2896 Galatas.
1524 2827 1766 2890 Fratres,
1802 2838 1989 2882 notum
2015 2841 2111 2880 vo-

534 2926 617 2978 his
642 2922 784 2977 facio
811 2921 1190 2992 Evangelium.
1231 2921 1486 2988 Evangcl.
1514 2921 1657 2990 quod
1691 2920 1742 2974 in
1771 2919 1953 2991 vigilia
1977 2936 2106 2974 sano

528 3016 601 3070 cli
635 3013 804 3071 Petri.

602 3107 732 3163 Item
765 3107 820 3160 in
855 3106 964 3160 die.
992 3103 1181 3161 Lectio
1204 3105 1435 3160 Actuum
1475 3105 1871 3174 apostolorum,
1907 3104 1960 3158 in
1992 3103 2100 3158 die-

530 3204 634 3258 hus
661 3202 768 3258 illis
789 3202 984 3256 Saulus
1011 3201 1191 3255 adhuc
1221 3200 1747 3268 spiransminarum,
1781 3214 1946 3268 usque
1961 3196 2106 3251 amr-

533 3310 689 3349 mans
715 3296 973 3364 quoniam
1015 3293 1100 3346 hic
1130 3301 1214 3346 est
1243 3291 1517 3347 Christus.
1549 3291 1757 3359 Evang.
1806 3287 2104 3344 secundum

529 3387 723 3442 Mitth.
756 3402 805 3442 c.
833 3401 990 3450 cxcv,
1023 3385 1172 3439 Dixit
1208 3383 1395 3438 Simon
1422 3380 1617 3436 Petrus
1647 3380 1711 3436 ad
1733 3381 1941 3445 Jesum,
1969 3381 2109 3436 Ecce

531 3496 630 3534 nos
659 3479 977 3547 reliquimus
1004 3478 1207 3541 omnia,
1236 3486 1288 3531 et
1320 3475 1498 3530 secuti
1527 3490 1718 3530 sumus
1737 3483 1810 3540 te,
1842 3489 2004 3544 usque
2031 3475 2112 3528 vi-

532 3584 638 3626 tam
661 3582 918 3626 aeternam
949 3568 1266 3639 possidebit.
1425 3574 1430 3578 ’

607 3663 759 3719 Feria
795 3679 849 3718 tv
885 3663 1236 3718 hebdomadze
1268 3675 1387 3730 quae
1417 3675 1602 3729 supra.
1643 3657 1829 3714 Lectio
1853 3657 2110 3728 Epistolas

529 3757 675 3810 beati
697 3754 850 3809 Pauli
885 3753 1115 3823 apostoli
1145 3754 1210 3807 ad
1238 3751 1873 3818 Colossenses.FraIres,
1902 3750 2110 3805 induite

527 3865 624 3903 vos
653 3848 798 3903 sicut
823 3847 980 3902 electi
1013 3847 1130 3910 Dei,
1163 3861 1326 3916 usque
1375 3846 1581 3915 gratias
1625 3853 1849 3914 agentes
1891 3843 2000 3897 Deo
2056 3851 2112 3897 et

526 3940 674 3995 Patri
707 3956 801 4009 per
817 3937 1004 3994 Jesum
1024 3938 1302 3993 Christum
1329 3937 1614 3992 Dominum
1633 3947 1904 3991 nostrum.
1931 3934 2112 3989 Evan-

527 4033 632 4103 gel.
671 4035 972 4087 secundum
1004 4030 1206 4085 Lucam
1237 4046 1358 4097 cap.
1394 4043 1550 4094 xcut,
1578 4029 1914 4083 Accedentes
1942 4025 2109 4081 disci-

532 4127 644 4194 puli
677 4127 743 4180 ad
772 4123 961 4179 Jesum
987 4124 1242 4177 dixerunt
1273 4122 1370 4184 illi,
1407 4137 1566 4188 usque
1596 4119 1822 4194 saturati
1856 4128 2007 4174 sunt.

1023 4239 1196 4294 luxu
1243 4243 1342 4294 lec.
1396 4239 1595 4308 rcquir.

606 4357 816 4414 Feriav
849 4355 1341 4422 hebdomaquam
1374 4369 1562 4421 supra.
1594 4349 1780 4408 Lectio
1805 4351 1926 4406 libri
1961 4349 2110 4420 Apo-

529 4454 766 4524 calypsis
793 4449 1019 4506 Joannis
1046 4447 1304 4518 apostoli,
1336 4447 1391 4500 lu
1448 4445 1642 4501 diebus
1695 4444 1802 4500 illis
1847 4444 2110 4513 septimus

537 4545 760 4615 angelus
792 4543 918 4598 tuba
943 4543 1164 4607 cecinit,
1196 4555 1355 4610 usque
1389 4541 1476 4594 hic
1503 4548 1582 4592 est
1616 4536 1874 4604 patientia
1902 4545 1956 4590 et
1987 4534 2110 4589 ﬁnis

532 4647 867 4694 sanctorum.
933 4634 1280 4703 Evangelium
1347 4633 1646 4687 secundum
1720 4629 1920 4684 Lucam
1986 4642 2109 4696 cap.

532 4746 785 4792 cuxxvr,
820 4728 990 4782 Erant
1011 4726 1508 4798 appropinquantes
1527 4726 1590 4780 ad
1609 4723 1794 4782 Jesqu
1811 4721 2109 4794 publicani,

511 4811 694 4893 ~usque
711 4820 1088 4891 paenitentiam
1119 4830 1336 4886 agente.
1601 4826 1618 4834 “

603 4913 762 4968 Feria
821 4928 874 4967 vt
926 4911 1278 4966 hebdotuadaa
1327 4925 1448 4978 quae
1507 4898 1689 4978 supra.
1757 4905 1947 4963 Lectio
1991 4905 2110 4959 libri

532 5007 887 5076 ApOCtilypsis
917 5003 1146 5058 Joannis
1196 5003 1450 5072 apostoli.
1502 5001 1556 5054 in
1609 5001 1798 5055 diebus
1849 5000 1956 5054 illis
2004 4998 2110 5050 vidi

535 5101 762 5153 bestiam
797 5099 1182 5152 ascendentem
1225 5095 1292 5149 tle
1344 5104 1507 5160 terra,
1563 5109 1726 5162 usque
1756 5106 1920 5162 opera
1969 5089 2113 5145 enim

537 5194 749 5244 illorum
823 5198 1118 5258 sequentur
1187 5187 1325 5240 illos.
1402 5184 1752 5253 Evangeltunt
1819 5183 2114 5238 secundum

535 5286 736 5339 Lucan
762 5298 879 5350 cap.
916 5295 1145 5340 ccxxxv,
1177 5277 1334 5332 Venit
1362 5279 1426 5330 ad
1461 5273 1645 5328 Jesum
1675 5277 1754 5326 vir
1785 5273 1871 5326 cui
1918 5287 2115 5326 nomen

535 5377 780 5438 Jahirus,
815 5389 976 5443 usque
1004 5372 1136 5424 tides
1181 5379 1270 5422 tua
1324 5377 1376 5422 te
1431 5367 1637 5422 salvum
1679 5363 1826 5429 fecit,
1870 5363 2008 5418 vade
2063 5364 2115 5416 in

540 5481 691 5535 pace.

716 5579 939 5646 chuire
971 5594 1043 5633 xu
1071 5551 1275 5631 lect-iu
1309 5575 1540 5629 Sabbato
1567 5575 1757 5628 mensis
1790 5571 1983 5641 Junii.’

611 5690 848 5744 Sabhato
871 5691 1220 5745 hebdomada:
1251 5705 1368 5758 qua:
1405 5702 1589 5755 supra.
1614 5685 1796 5740 Lectio
1827 5686 1946 5739 libri
1984 5686 2124 5752 Apo~

538 5784 763 5853 calypsis
786 5781 1012 5838 Joannis
1044 5784 1294 5852 apostoli.
1330 5780 1386 5836 ιιι
1416 5781 1612 5836 diebus
1645 5781 1747 5836 illis
1781 5779 1885 5835 vidi
1919 5781 2117 5834 nuhcut

2207 1907 2388 1962 dieute
2425 1906 2559 1964 Jesu
2588 1908 2656 1964 de
2691 1908 2913 1979 templo,
2951 1924 3115 1978 usque
3171 1906 3224 1963 in
3268 1909 3428 1964 linem
3475 1908 3565 1986 hic
3609 1908 3789 1965 salvus

2207 1996 2332 2051 erit.

2279 2087 2432 2142 Feria
2476 2104 2526 2144 tv
2568 2087 2917 2153 hebdomadas
2960 2103 3081 2160 qua:
3125 2103 3309 2159 supra.
3353 2088 3540 2144 Lectio
3583 2091 3786 2158 Apoca-

2210 2180 2376 2250 lypsis
2408 2179 2630 2234 Joannis
2658 2182 2906 2248 aposmli.
2943 2183 2999 2234 In
3045 2182 3235 2236 diebus
3283 2181 3388 2235 illis
3427 2193 3655 2250 quartus
3700 2200 3783 2238 an-

2207 2274 2357 2344 gelus
2388 2271 2574 2327 eli'udit
2611 2273 2848 2342 phialam
2890 2289 3044 2329 suam
3082 2274 3132 2328 in
3164 2273 3356 2337 solem,
3387 2292 3548 2344 usque
3566 2277 3786 2330 abstulit

2213 2380 2298 2419 me
2330 2365 2383 2419 in
2419 2365 2691 2420 desertum
2728 2367 2777 2419 in
2817 2366 3034 2434 spiritu.
3079 2366 3429 2436 Evangelium
3482 2368 3785 2422 secunda

2213 2457 2410 2512 Lucam
2444 2473 2564 2528 cap.
2601 2473 2825 2523 Lxxxm,
2857 2458 2994 2513 Cum
3033 2473 3286 2527 egressus
3332 2469 3477 2513 esset
3516 2458 3678 2515 Jesus
3725 2461 3786 2514 de

2213 2553 2360 2616 navi,
2391 2567 2554 2618 usque
2579 2561 2840 2620 quantam
2864 2550 2939 2604 illi
2968 2551 3184 2606 fecisset
3211 2550 3369 2607 Deus.

2283 2659 2354 2696 xu
2383 2644 2506 2696 Kal.
2537 2643 2749 2712 Agusti.
2773 2642 2958 2698 Natale
2975 2653 3175 2697 sanctre
3201 2642 3479 2699 Praxedis.
3519 2643 3706 2700 LeCtio
3725 2647 3783 2698 li-

2213 2735 2294 2789 bri
2332 2734 2644 2804 Sapientiae.
2678 2734 2967 2789 Rectorem
2993 2742 3044 2788 te
3076 2745 3398 2804 posuerunt,
3427 2737 3536 2789 noli
3578 2737 3785 2797 extolli,

2212 2827 2840 2894 usqueinsectationibus
2871 2834 3154 2897 arguetur.
3206 2825 3557 2897 Evangelium
3597 2843 3786 2883 secun-

2213 2919 2340 2971 dum
2364 2917 2674 2973 Matthaeum
2697 2933 2819 2987 cap.
2859 2932 2982 2980 ch.
3005 2918 3149 2972 Dixit
3179 2917 3336 2974 Jesus
3367 2919 3651 2990 discipulis
3676 2921 3787 2975 suis

2217 3007 2526 3076 paraholam
2601 3010 2758 3074 hanc,
2833 3008 3023 3062 Simile
3091 3019 3175 3063 εει
3235 3025 3456 3080 regnum
3529 3009 3786 3065 calorum

2219 3101 2471 3153 thesauro
2519 3099 2838 3156 abscondito
2877 3100 2928 3154 in
2979 3114 3129 3171 agro,
3184 3117 3347 3172 usque
3405 3117 3542 3158 nova
3592 3110 3646 3158 et
3695 3117 3784 3156 ve-

2217 3199 2354 3246 tera.

2283 3283 2439 3339 Feria
2478 3300 2529 3339 vi
2567 3285 2922 3341 hebdomade:
2961 3301 3080 3356 qua:
3115 3301 3302 3356 supra.
3351 3284 3539 3340 Lectio
3578 3287 3783 3356 Apoca-

2214 3375 2382 3447 lypsis
2406 3373 2634 3432 Joannis
2657 3377 2908 3445 apostoli.
2942 3377 3000 3433 In
3029 3377 3219 3432 diebus
3244 3377 3354 3432 illis
3378 3377 3484 3431 vidi
3503 3377 3781 3433 mulierem

2213 3467 2494 3521 sedentem
2532 3481 2695 3537 super
2725 3469 2954 3521 bestiam
2987 3469 3317 3529 coctineatn,
3344 3483 3506 3537 usque
3530 3482 3652 3535 quae
3687 3469 3784 3519 ha-

2214 3559 2303 3615 bet
2339 3575 2563 3629 regnum
2595 3575 2760 3629 super
2793 3575 2950 3631 reges
2989 3569 3173 3614 terrae.
3206 3557 3559 3627 Evangelium
3590 3572 3782 3613 secun-

2213 3651 2340 3707 dum
2377 3651 2574 3706 Lucam
2611 3667 2733 3721 cap.
2765 3667 2945 3718 cxcvr,
2981 3651 3126 3706 Dixit
3155 3650 3316 3708 Jesus
3362 3650 3641 3718 discipulis
3675 3649 3784 3702 suis

2213 3745 2524 3815 parabolam
2543 3743 2706 3808 hanc,
2734 3741 2908 3798 Homo
2927 3744 3143 3812 quidam
3176 3749 3296 3796 erat
3316 3741 3490 3806 dives,
3517 3753 3781 3810 usquette-

2214 3852 2319 3908 qne
2340 3839 2386 3892 si
2419 3839 2542 3907 quis
2567 3853 2632 3892 ex
2667 3839 2894 3892 mortuis
2926 3837 3308 3900 resurrexerit,
3338 3837 3587 3890 credent.

2285 3947 2316 3984 x
2342 3929 2465 3986 Kal.
2493 3929 2706 4000 Agusti.
2739 3927 2930 3984 Natale
2985 3929 3162 3984 sancti
3204 3927 3554 3999 Apollinaris.
3603 3925 3781 3982 Lectio

2213 4023 2335 4079 libri
2356 4023 2668 4093 Sapientiae.
2690 4021 2814 4087 Fili,
2845 4021 2962 4077 sine
2990 4021 3221 4077 consilio
3251 4019 3382 4074 nihil
3416 4020 3608 4085 iacies,
3627 4035 3785 4088 usque

2213 4124 2270 4170 et
2301 4130 2367 4168 ex
2402 4125 2546 4170 terra
2573 4113 2714 4168 unde
2737 4121 2953 4169 creatus
2981 4121 3063 4167 est
3098 4112 3292 4165 Adam.
3315 4109 3664 4180 Evangelium
3699 4123 3787 4162 se-

2213 4208 2452 4264 cundum
2505 4206 2749 4279 (Lucani)
2789 4222 2911 4276 cap.
2939 4220 3130 4272 ccux,
3177 4202 3342 4259 Facta
3383 4214 3468 4260 est
3508 4202 3781 4258 contentio

2215 4303 2356 4356 inter
2384 4303 2698 4372 discipulos,
2741 4316 2901 4371 usque
2937 4299 3110 4354 tribus
3141 4297 3330 4352 lsrael.

2287 4394 2568 4448 Dominica.
2628 4409 2680 4448 tv
2730 4402 2854 4463 post
2908 4391 3088 4445 natale
3151 4389 3553 4460 apostolorum.
3607 4384 3786 4441 Lectio

2142 4496 2184 4552 υ
2219 4485 2478 4554 Epistolas
2508 4485 2652 4539 beati
2682 4483 2833 4539 Pauli
2863 4482 3096 4553 apostoli
3123 4482 3189 4534 ad
3221 4480 3521 4535 Ruinauos.
3545 4477 3781 4539 Fratres,

2221 4575 2356 4630 nihil
2390 4589 2534 4629 nunc
2564 4574 2929 4629 damnationis
2958 4583 3042 4628 est
3075 4573 3158 4626 his
3182 4574 3272 4642 qui
3306 4580 3433 4626 sunt
3463 4571 3518 4624 in
3571 4569 3784 4624 Christo

2216 4669 2370 4734 Jesu,
2409 4685 2572 4738 usque
2604 4669 2712 4720 vita
2746 4678 2800 4721 et
2833 4683 2932 4736 pax
2959 4667 3010 4718 in
3035 4665 3254 4720 Christo
3282 4662 3410 4717 Jcsu
3444 4663 3663 4717 Domino
3690 4675 3784 4712 n0—

2217 4772 2352 4820 stro.
2388 4762 2735 4831 Evangelium
2759 4760 3057 4816 secundum
3083 4759 3284 4814 Lucam
3311 4774 3434 4828 cap.
3475 4772 3594 4821 cxc,
3646 4753 3783 4808 Dixit

2216 4853 2376 4910 Jesus
2407 4855 2690 4923 discipulis
2709 4853 2823 4910 suis
2853 4851 3167 4924 parabolam
3186 4851 3348 4913 hanc,
3375 4849 3547 4904 llomo
3567 4847 3782 4917 quidam

2218 4957 2336 5000 erat
2362 4948 2534 5012 dives,
2571 4948 2662 5017 qui
2698 4946 2932 5001 habebat
2965 4945 3228 5010 villicum,
3258 4960 3419 5014 usque
3446 4955 3641 4998 aeterna
3687 4949 3772 4993 ta.

2221 5040 2535 5094 bernacula.

2291 5151 2383 5189 vut
2419 5136 2543 5188 Kal.
2567 5133 2778 5204 Agusti.
2797 5133 2986 5188 Natale
3007 5143 3318 5188 sanctorum
3337 5128 3520 5184 Jacobi
3539 5123 3781 5197 apostoli,

2221 5226 2609 5293 Christuphori
2683 5224 2960 5294 martyris.
3035 5224 3099 5278 Et
3155 5223 3439 5277 Ambianis
3514 5218 3782 5274 translatio

2221 5321 2394 5374 saneti
2431 5318 2680 5373 Firtnini.
2711 5318 2894 5373 Lectio
2926 5318 3046 5372 libri
3079 5317 3391 5388 Sapientia».
3415 5313 3592 5367 lllusio
3615 5321 3664 5363 et
3684 5310 3782 5360 im-

2223 5414 2535 5482 properium
2569 5411 2946 5478 superborum,
2979 5425 3143 5480 usque
3191 5409 3279 5476 qui
3337 5407 3648 5460 interierunt
3685 5412 3782 5466 per

2226 5505 2462 5572 ¹Ῐ¹¹Βυ³ιὶι
2496 5519 2671 5556 suam.
2705 5500 3054 5570 Evangelinm
3083 5501 3377 5554 secundum
3421 5495 3615 5550 Lucam
3656 5504 3777 5555 cap.

2223 5608 2363 5647 CLIV.
2410 5591 2556 5646 Dixit
2588 5588 2747 5645 Jesus
2787 5590 3067 5657 discipulis
3099 5591 3236 5652 suis,
3273 5586 3393 5641 Sint
3431 5583 3588 5638 lumbi
3625 5577 3784 5632 vestri

2228 5687 2526 5755 ptzrcinCIi,
2557 5701 2715 5754 usque
2744 5685 2882 5738 ﬁlius
2915 5684 3150 5738 hominis
3179 5684 3345 5736 venit.

2304 5794 2354 5832 tv
2380 5775 2499 5832 Kal.
2535 5778 2747 5848 Agusti.
2777 5778 2964 5832 Natale
2991 5787 3300 5831 sanetorum
3336 5772 3544 5836 ﬁlicis,
3572 5764 3785 5836 Simpii-
