3934 6188
291 293 398 358 533

1613 310 1850 372 LIBER
1888 312 2232 382 CUMITiS.

3429 327 3540 393 534

291 401 385 501 cii,
423 401 694 465 Faustini.
726 415 780 460 et
802 405 1088 501 Beatricis.
1135 411 1344 478 Tricas,
1385 415 1649 485 depositio
1690 425 1862 476 sancti
1895 432 1939 485 Α
1971 428 2096 481 dum
2128 428 2324 484 Lucam
2363 445 2479 501 cap.
2519 447 2662 500 xcrx,
2699 431 3072 488 Descendente
3099 433 3226 490 Jesu
3255 435 3320 491 de
3353 449 3536 493 monte

289 491 423 564 Lupi
453 495 692 566 episcopi
720 507 776 552 et
797 494 1150 558 confessoris.
1173 503 1363 562 Lectio
1391 508 1512 564 libri
1550 509 1859 582 Sapientiae.

286 585 487 642 Beatus
517 589 607 656 qui
629 598 803 645 tectus
833 602 961 647 esta
994 594 1173 666 lingua
1199 612 1629 672 nequam,usque
1653 614 1705 658 et
1737 621 1862 676 pru-

287 679 430 732 derit
463 679 558 734 tibi
595 681 768 752 magis
801 698 964 752 quam
995 700 1215 743 aurum.
1270 690 1625 760 Evangelium
1670 711 1865 750 secun-

285 769 416 824 dum
450 771 653 826 Lucam
669 788 794 844 cap.
827 791 1037 843 ccxmx,
1059 778 1196 834 Cum
1228 783 1513 840 audieritis
1539 785 1751 854 pralia,
1777 803 1867 841 us-

285 878 388 930 que
415 863 768 931 possidebitis
799 869 1013 924 animas
1032 879 1266 928 vestras.

364 955 522 1010 Feria
549 970 603 1010 tv
625 957 976 1015 hebdomada
995 976 1116 1030 qua
1140 979 1324 1034 supra.
1349 965 1535 1023 Lectio
1558 968 1680 1023 libri
1709 971 1864 1040 Apo—

289 1047 530 1118 calypsis
563 1044 790 1103 Joannis
825 1054 1074 1120 apostoli.
1105 1055 1165 1110 in
1198 1057 1392 1114 diebus
1418 1060 1525 1115 illis
1555 1061 1664 1116 vidi
1697 1063 1864 1118 alium

285 1137 540 1207 angelum
573 1139 999 1197 descendentem
1029 1144 1097 1200 de
1126 1147 1285 1214 talo,
1314 1149 1599 1207 habentem
1629 1165 1866 1224 potesta-

291 1237 402 1281 tem
451 1245 724 1299 magnam,
758 1249 920 1303 usque
961 1234 1227 1306 judicavit
1273 1239 1416 1296 Deus
1459 1243 1722 1314 judicium
1775 1262 1869 1300 ve-

285 1330 485 1373 strum.
526 1320 875 1395 Evangeliuin
918 1328 1063 1396 quod
1105 1329 1159 1383 in
1196 1329 1475 1389 Dominica
1515 1334 1687 1406 ipsius
1735 1336 1868 1392 heb-

285 1410 538 1464 domada

358 1517 418 1557 ιιι
450 1501 571 1558 Kal.
605 1505 799 1576 Agust.
836 1503 1030 1564 Natale
1065 1519 1377 1566 sanctorum
1415 1514 1604 1571 Abdon
1639 1527 1693 1571 et
1727 1515 1862 1572 Sen-

281 1609 407 1650 ncs.
438 1595 625 1652 Lectio
671 1597 792 1654 libri
834 1601 1146 1670 Sapientia.
1185 1605 1285 1672 Qui
1323 1606 1501 1678 diligit
1555 1624 1739 1674 suum,
1776 1627 1866 1666 as-

287 1686 473 1742 siduat
519 1689 596 1743 illi
643 1688 877 1760 ﬂagella,
921 1710 1086 1763 usque
1133 1696 1246 1750 vita
1290 1698 1527 1754 hominis
1577 1702 1864 1758 thesaurus

1967 534 2090 573 cum
2122 521 2402 591 discipulis
2426 525 2561 589 suis,
2583 542 2746 595 usque
2772 525 3001 580 reddidit
3029 526 3176 580 illum
3208 529 3364 582 matri
3399 545 3531 585 sua.

2041 611 2197 667 Feria
2251 631 2303 669 vt
2353 615 2704 672 hcbdomada
2757 632 2876 686 qua
2934 632 3122 686 supra.
3176 617 3360 673 Lectio
3418 619 3537 674 libri

1971 703 2322 775 Apocalypsis
2365 705 2592 762 Joannis
2630 711 2886 776 apostoli.
2919 708 2974 763 ln
3010 710 3199 765 diebus
3237 710 3346 767 illis
3397 711 3543 766 venit

1971 807 2110 849 unus
2144 810 2211 849 ex
2250 806 2458 866 septem
2505 798 2710 867 angelis
2748 799 3072 855 habentibus
3119 800 3348 868 phialas,
3382 818 3544 874 usque

1967 894 2023 936 et
2046 885 2346 952 regnabunt
2367 887 2418 940 in
2441 888 2637 942 sacuia
2656 889 3004 943 sae-olorum.
3025 888 3373 958 Evangelium
3396 893 3542 960 quod

1971 971 2026 1026 in
2055 971 2334 1030 Dominica
2365 978 2535 1044 ipsius
2569 977 2942 1036 hcbdomada.

2043 1079 2142 1119 vm
2177 1066 2302 1122 ldos
2329 1068 2536 1138 Agusti.
2566 1068 2748 1125 Roma
2774 1073 2953 1128 natale
2981 1074 3152 1128 sancti
3176 1072 3369 1137 Xristi,
3403 1073 3542 1128 Feli.

1970 1156 2174 1211 cissimi
2202 1169 2255 1212 et
2280 1161 2514 1227 Acapiti.
2545 1159 2734 1217 Lectio
2770 1163 2891 1218 libri
2930 1165 3241 1234 Sapientia.
3269 1165 3542 1221 Retribuit

1970 1247 2201 1315 gratiam
2250 1250 2340 1317 qui
2388 1250 2545 1304 oli‘ert
2603 1253 2986 1324 sitnilaginem,
3037 1271 3199 1326 usque
3249 1257 3544 1314 oblectablt

1965 1337 2144 1407 justos
2209 1341 2582 1397 misericordia
2647 1362 2768 1401 sua.
2832 1347 3182 1418 Evangeiium
3245 1356 3542 1406 secundum

1970 1429 2332 1502 (Matthaum)
2357 1451 2481 1504 cap.
2514 1453 2731 1501 exuri,
2756 1439 2898 1492 Dixit
2917 1438 3077 1496 Jesus
3104 1442 3388 1510 discipulis
3410 1445 3561 1510 suis,

1973 1521 2113 1578 Ecce
2141 1538 2241 1594 ego
2271 1525 2430 1580 mitto
2463 1542 2579 1594 vos,
2617 1544 2776 1600 usque
2809 1531 2862 1584 in
2898 1532 3056 1586 tinem
3084 1533 3170 1587 hic
3203 1534 3382 1588 salvus
3415 1537 3540 1589 erit;

2043 1615 2423 1675 Dominica....
2453 1620 2663 1691 (Leotio
2692 1622 2946 1694 Epistolas
2974 1627 3113 1680 beati
3137 1625 3288 1680 Patdi
3314 1629 3558 1696 apostoli.

1970 1708 2038 1762 ad
2090 1708 2451 1782 Corinthios.)
2501 1713 2743 1782 Fratres,
2793 1731 2898 1770 non
2951 1719 3133 1772 omnis
3178 1732 3308 1772 caro
3353 1719 3546 1772 eadem

285 1793 398 1833 non
416 1778 980 1839 deﬁcietsanctitatis.
1011 1786 1362 1858 Evangelium
1379 1794 1676 1848 secundum
1699 1795 1864 1850 Joan-
1897 1810 1936 1865 Β
1965 1815 2116 1869 caro,
2147 1819 2309 1872 usque
2341 1778 2539 1861 deinde
2574 1778 2738 1877 quod
2763 1808 3024 1878 spiritale.
3057 1809 3316 1880 Evangel.
3353 1822 3545 1864 secun-

289 1884 416 1925 nem
443 1886 572 1942 cap.
601 1888 822 1941 cxxxtv,
851 1875 965 1932 lloc
994 1889 1072 1932 est
1111 1890 1443 1951 praceptum
1477 1899 1677 1952 meum,
1705 1901 1867 1957 usque

285 1962 526 2019 oderunt
561 1979 647 2021 me
677 1969 869 2038 gratis.

358 2055 524 2111 Feria
583 2073 637 2112 Vl
686 2061 1036 2119 ltehdoniada
1089 2043 1208 2136 qua
1268 2080 1452 2135 supra.
1501 2068 1686 2124 Lectio
1744 2069 1866 2126 libri

283 2149 644 2221 Apocalypsis
674 2151 898 2208 Joannis
928 2159 1182 2225 apostoli.
1205 2155 1261 2213 In
1289 2159 1479 2214 diebus
1501 2161 1606 2215 illis
1647 2162 1868 2217 sustulit

283 2257 432 2296 uitus
476 2243 704 2312 angelus
754 2245 911 2301 fortis
975 2249 1233 2318 lapidem,
1283 2268 1444 2324 usque
1492 2254 1864 2310 testimonium

283 2333 433 2387 enim
475 2333 606 2390 Jesu
638 2343 725 2392 est
768 2339 1001 2408 spiritus
1036 2343 1355 2412 prophetia.
1393 2344 1749 2416 Evangelium
1773 2362 1868 2403 se~

282 2427 528 2481 cundum
563 2427 762 2484 Lucam
790 2445 912 2500 cap.
943 2448 1122 2500 curn,
1156 2435 1510 2506 Respondeas
1551 2450 1730 2494 autem
1771 2456 1862 2494 ar-

284 2515 694 2591 cbisynagogus
740 2522 1052 2596 indignans,
1110 2545 1272 2599 usque
1314 2547 1435 2602 qua:
1481 2533 1718 2604 gloriose
1765 2535 1862 2592 tie-

283 2608 424 2664 bant
456 2614 524 2666 ah
565 2629 654 2668 co.

361 2702 603 2760 Sabhato
630 2707 982 2766 hebdomada
1009 2727 1129 2782 qua
1149 2728 1336 2784 supra.
1360 2716 1545 2774 Lectio
1568 2719 1693 2775 libri
1721 2724 1865 2796 Apo-

284 2797 525 2869 calypsis
557 2798 788 2856 Joannis
823 2807 1082 2873 apostoli.
1117 2808 1178 2862 in
1227 2809 1417 2865 diebus
1451 2810 1556 2866 illis
1599 2813 1707 2869 vidi
1749 2829 1865 2870 coe-

286 2888 399 2941 lum
432 2903 706 2959 apertum,
738 2903 793 2948 et
827 2910 956 2950 ecce
997 2912 1167 2966 equus
1199 2899 1379 2966 albus,
1418 2918 1576 2972 usque
1608 2915 1866 2961 saturata

283 2995 416 3036 sunt
441 2986 698 3040 carnibus
718 3001 931 3042 eorum.
957 2989 1308 3061 Evangelium
1339 2998 1639 3052 secundum
1669 2998 1862 3054 Matth.

283 3091 338 3129 c.
374 3089 578 3143 chvn,
611 3077 847 3149 Vespere
873 3090 1056 3136 autem
1101 3085 1242 3139 facto
1277 3101 1632 3144 accesserunt
1672 3092 1737 3147 ad
1772 3089 1864 3146 Je-

282 3185 408 3224 sum
440 3157 721 3242 discipuli.
742 3174 886 3246 ejus,
927 3194 1092 3248 usque
1120 3181 1272 3250 quasi
1305 3182 1542 3253 quinque
1568 3185 1736 3240 millia
1769 3189 1862 3242 ho-

280 3267 519 3320 mitium.

355 3357 644 3416 Dominica
674 3377 706 3416 v
739 3373 862 3432 post
891 3363 1074 3420 natale
1097 3368 1494 3436 apostolorum.
1525 3369 1709 3426 Lectio
1731 3370 1864 3441 Epi-

284 3451 441 3506 stola
464 3452 608 3508 beati
633 3453 788 3510 Pauli
813 3458 1048 3527 apostoli
1073 3460 1141 3515 ad
1168 3458 1466 3518 Romanos.
1497 3461 1738 3529 Fratres,
1765 3467 1862 3521 de-

282 3543 497 3600 bitores
537 3561 730 3602 sumus
764 3561 876 3603 non
909 3550 1086 3618 carni,
1122 3567 1288 3624 usque
1332 3555 1647 3613 coharedes
1681 3568 1863 3616 autem

281 3635 516 3693 Christi.
558 3638 914 3711 Evangelium
959 3644 1258 3701 secundum
1301 3647 1503 3704 Lucam
1547 3665 1667 3722 cap.
1717 3667 1861 3719 chI,

280 3730 521 3797 Quidam
551 3733 681 3804 legis
711 3735 919 3806 peritus
941 3740 1201 3806 surrexit,
1227 3757 1391 3812 usque
1418 3753 1474 3800 et
1503 3754 1561 3800 tu
1598 3745 1685 3801 t‘ac
1716 3749 1864 3805 simi-

283 3824 436 3882 liter.
831 3871 834 3874 η

358 3919 400 3973 Κ
440 3920 456 3975 l
497 3921 624 3979 ndis
666 3924 886 3995 Agusti.
931 3925 1122 3984 Passio
1167 3926 1603 3988 Machabaorttm
1657 3943 1860 4006 septem

285 4011 523 4068 fratrum
553 4025 607 4070 et
639 4027 844 4072 sancta
877 4016 1172 4077 Felicitatis
1195 4021 1298 4076 sub
1319 4023 1502 4079 Amic.
1531 4025 1717 4082 Lectio
1741 4027 1861 4082 libri

286 4105 608 4174 Sapientia.
641 4108 698 4162 in
728 4111 1078 4168 multitudine
1103 4113 1406 4185 disciplina
1437 4117 1675 4184 Domini,
1701 4136 1865 4190 usque

281 4198 318 4252 d
343 4199 559 4255 stribue
599 4199 972 4259 hareditatem
1010 4215 1178 4262 tuam.
1216 4207 1346 4263 Item
1393 4209 1554 4266 lectio
1595 4212 1721 4267 libri
1759 4215 1862 4268 Sa-

283 4293 529 4361 pientia.
566 4293 847 4351 Mulierem
880 4296 1074 4352 fortem
1102 4301 1226 4369 quis
1257 4302 1498 4359 inveniet
1523 4305 1737 4375 procul,
1769 4322 1863 4362 us-

277 4401 385 4452 que
417 4395 475 4440 et
515 4386 736 4442 laudent
770 4402 891 4443 cam
938 4389 994 4444 in
1029 4393 1200 4461 portis
1238 4407 1404 4463 opera
1453 4395 1596 4466 ejus.
1627 4396 1864 4468 Evange-

1969 1894 2096 1949 dutn
2117 1894 2320 1951 Lucam
2339 1911 2461 1967 cap.
2491 1913 2671 1962 ccxrv,
2695 1899 2840 1953 Dixit
2871 1898 3030 1954 Jesus
3059 1901 3128 1954 ad
3157 1900 3418 1970 quosdam
3451 1899 3543 1969 qui

1968 1987 2022 2044 in
2053 2003 2113 2043 se
2133 1989 2504 2058 conﬁdebant,
2535 2006 2698 2060 usque
2720 1993 2811 2060 qui
2835 2007 2895 2046 se
2919 1991 3161 2044 humiliat
3190 1990 3542 2046 cxaltabitur.

2038 2095 2090 2135 Vl
2123 2080 2247 2138 ldus
2264 2081 2478 2152 Agusti.
2503 2083 2685 2138 Roma
2705 2082 2880 2138 natale
2912 2083 3084 2138 sancti
3103 2083 3336 2153 Cyriaci.
3359 2082 3550 2138 Lectio

1969 2172 2092 2228 librl
2127 2173 2444 2244 Sapientia.
2480 2176 2745 2247 Speciosa
2778 2177 3156 2232 misericordia
3193 2176 3284 2230 Dei
3319 2179 3374 2231 itt
3407 2187 3542 2232 tem-

1970 2280 2099 2335 pore
2129 2267 2518 2335 tribulationis,
2550 2286 2712 2338 usque
2736 2279 2788 2325 et
2812 2269 3160 2326 hareditabis
3184 2284 3276 2325 eos
3303 2269 3444 2324 sicut
3474 2269 3544 2322 ab

1971 2359 2143 2416 initio.
2191 2359 2444 2432 Evangel.
2491 2362 2793 2417 secundum
2845 2362 3157 2417 Matthaum
3206 2376 3329 2431 cap.
3374 2377 3542 2424 cxctt,

1972 2451 2112 2505 Dixit
2139 2449 2300 2508 Jesus
2331 2453 2610 2523 discipulis
2640 2457 2772 2512 suis.
2803 2454 2948 2510 Nihil
2975 2465 3221 2525 opertum
3252 2456 3397 2524 quod
3431 2471 3538 2510 nou

1970 2545 2258 2614 reveletur,
2285 2562 2450 2617 usque
2478 2563 2660 2603 coram
2695 2548 2856 2605 Patre
2889 2563 3008 2604 meo
3032 2549 3127 2619 qui
3161 2550 3212 2603 in
3246 2549 3400 2606 ralis
3433 2560 3536 2604 est.

2043 2652 2070 2690 v
2126 2638 2250 2692 ldus
2302 2639 2514 2710 Agttsti.
2557 2640 2750 2710 Vigilia
2797 2641 2970 2696 sancti
3005 2639 3306 2696 Laurentii.
3354 2639 3542 2695 Lectio

1969 2728 2089 2784 libri
2120 2728 2434 2800 Sapientia.
2462 2732 2775 2787 Conlitebor
2799 2733 2917 2800 tibi,
2945 2731 3193 2807 Domine,
3220 2731 3357 2799 Rex,
3380 2748 3542 2803 usque

1968 2823 2036 2877 de
2056 2825 2306 2879 manibus
2331 2825 2609 2894 angustia.
2637 2825 2894 2896 Evangcl.
2911 2827 3206 2881 secundum
3228 2823 3539 2879 Matttiaum

1968 2930 2091 2984 cap.
2123 2929 2249 2981 cu,
2280 2915 2426 2971 Dixit
2462 2915 2622 2973 Jesus
2660 2917 2936 2987 discipulis
2973 2919 3107 2981 suis,
3149 2915 3205 2971 Si
3246 2918 3368 2988 quis
3409 2917 3526 2970 vult

1968 3019 2089 3078 post
2111 3025 2198 3064 me
2230 3009 2437 3075 venire,
2466 3025 2627 3080 usque
2656 3011 2704 3062 in
2741 3025 2907 3078 regno
2932 3025 3051 3066 suo.

2040 3099 2170 3155 ltcm
2195 3101 2248 3155 in
2277 3101 2363 3156 die
2413 3117 2466 3156 tv
2500 3102 2625 3158 ldus
2652 3102 2867 3173 Agusti.
2903 3101 3092 3156 Lectio
3112 3101 3366 3170 Epistulae
3393 3101 3540 3156 beati

1971 3194 2120 3248 Pauli
2168 3193 2400 3264 apostoli
2446 3197 2514 3247 ad
2558 3193 2898 3249 Corinthios.
2943 3192 3184 3258 Fratres,
3241 3192 3332 3262 qui
3379 3208 3542 3263 parce

1967 3285 2220 3350 seminat,
2253 3301 2416 3354 usque
2445 3284 2656 3356 lrugum
2680 3285 2907 3356 iustitia
2936 3299 3150 3342 veStra.
3189 3285 3538 3355 Evangelium

1969 3378 2270 3432 secundum
2288 3377 2444 3432 Joan.
2468 3394 2588 3448 cap.
2615 3393 2722 3441 CIV,
2747 3377 2886 3432 Dixit
2908 3376 3068 3433 Jesus
3091 3377 3371 3448 discipulis
3395 3377 3531 3440 suis,

1968 3463 2085 3520 Nisi
2125 3483 2353 3536 granum
2399 3468 2682 3537 frumenti,
2725 3486 2886 3540 usque
2937 3471 3094 3525 Pater
3135 3485 3290 3525 meus
3345 3471 3434 3540 qui
3484 3472 3540 3525 iu

1966 3559 2118 3615 calis
2143 3568 2246 3615 est.
2555 3560 2563 3568 '

2038 3668 2096 3707 ιιι
2121 3652 2249 3708 ldus
2272 3651 2483 3722 Agusti.
2507 3651 2693 3708 Romae
2722 3654 2902 3710 natale
2936 3665 3248 3711 sanctorum
3280 3654 3540 3718 Tiburiii,

1967 3743 2266 3800 Valerianii
2307 3745 2534 3812 Cetilia,
2555 3745 2839 3812 Susanna,
2860 3747 3130 3802 Cassiani.
3159 3747 3222 3801 Et
3243 3746 3542 3802 Cainaraco

1964 3837 2232 3906 depositio
2260 3839 2432 3894 sancti
2467 3838 2772 3909 Gaugerici.
2809 3840 2995 3894 Lectio
3024 3840 3147 3895 libri
3183 3839 3541 3912 Apocalypsis

1962 3927 2190 3986 Joannis
2220 3929 2472 3998 apostoli.
2499 3930 2557 3984 in
2587 3931 2778 3986 diebus
2800 3931 2910 3986 illis
2935 3932 3042 3987 vidi
3061 3932 3262 3986 ostium
3291 3941 3544 3999 apertum

1965 4021 2020 4075 in
2053 4021 2212 4088 calo,
2246 4037 2413 4091 usque
2443 4021 2702 4078 fortitudo
2745 4023 2856 4080 Deo
2905 4031 3089 4081 nostro
3117 4024 3170 4079 in
3202 4025 3396 4080 sacula
3425 4041 3542 4082 sa:-

1962 4116 2230 4170 culorum.
2261 4116 2455 4170 Amen.

2035 4230 2164 4285 Item
2194 4231 2352 4286 lectio
2380 4230 2504 4286 libri
2528 4229 2837 4300 Sapientia.
2860 4228 3092 4286 Stabunt
3109 4230 3240 4301 justi
3265 4231 3320 4286 in
3346 4247 3542 4303 magna

1965 4323 2294 4388 constantia,
2325 4337 2489 4392 usque
2521 4322 2665 4377 inter
2697 4333 2916 4378 sanctos
2953 4337 3076 4377 sors
3110 4323 3326 4377 illorum
3361 4338 3466 4380 est.

2041 4413 2174 4468 item
2214 4413 2373 4468 lectio
2404 4413 2527 4468 llbri
2568 4411 2878 4484 Sapientia.
2912 4412 3126 4469 Reddet
3159 4415 3297 4471 Deus
3339 4431 3545 4473 mercc-

282 4480 418 4531 lium
471 4479 772 4535 secundum
824 4480 1014 4537 Matth.
1065 4498 1188 4555 cap.
1227 4500 1448 4549 chvnt,
1485 4485 1660 4544 Jussit
1701 4488 1860 4545 Jesus
1892 4486 1936 4544 D
1969 4508 2120 4571 dem,
2183 4522 2348 4577 mque
2403 4479 2754 4562 ιευάιινοιῖυιιι
2825 4507 3052 4578 pariter,
3109 4507 3338 4565 nomine
3399 4510 3544 4566 Deus

281 4570 586 4640 discipulos
613 4587 743 4630 suos
769 4573 1068 4631 ascendere
1098 4577 1150 4631 in
1186 4579 1515 4646 naviculam,
1545 4595 1707 4651 usque
1735 4597 1864 4640 vere

282 4664 434 4718 tiiius
465 4664 560 4718 Dei
594 4681 675 4720 es.

366 4771 418 4810 tv
471 4755 611 4812 Non.
653 4758 862 4828 Agusti.
907 4759 1092 4816 Roma
1140 4762 1322 4819 natale
1371 4765 1545 4820 sancti
1601 4765 1860 4838 Stephani

281 4848 584 4919 pontiﬁcis.
611 4849 794 4906 Lectio
817 4850 940 4907 libri
963 4851 1274 4922 Sapientia.
1298 4854 1536 4924 Spiritus
1554 4856 1860 4914 timentium

287 4943 577 4996 Dominum
630 4943 913 5012 quaritur,
959 4962 1120 5008 usque
1166 4947 1434 5015 depositio
1480 4963 1578 5017 pro
1622 4949 1860 5019 peccatis

281 5031 546 5087 recedere
574 5035 642 5087 ab
690 5034 978 5099 iniustitia.
1024 5035 1281 5105 Evangel.
1319 5038 1619 5093 secundum
1655 5040 1858 5094 Lucam

280 5139 410 5192 cap.
438 5139 698 5198 (ξαν-ιιι.
730 5125 870 5178 Dixit
901 5123 1059 5181 Jesus
1086 5127 1376 5194 discipulis
1399 5132 1516 5184 suis
1544 5130 1858 5199 parabolam

279 5219 450 5281 huic,
487 5215 660 5270 Homo
687 5217 907 5284 quidam
940 5217 1140 5271 nobilis
1166 5217 1297 5272 abiit
1330 5220 1384 5273 in
1417 5220 1693 5290 regionem
1733 5223 1858 5277 lon-

278 5309 566 5378 ginquam,
611 5322 772 5375 usque
810 5309 955 5362 omni
1003 5309 1222 5363 habenti
1260 5310 1499 5380 dabitur,
1533 5327 1586 5366 et
1621 5314 1859 5370 abunda-

273 5402 383 5456 ιιιι.

357 5492 510 5548 Feria
542 5509 572 5546 v
604 5495 956 5551 hebdomada
983 5511 1104 5567 qua
1129 5511 1316 5566 supra.
1347 5497 1532 5553 Lecti-i
1559 5500 1676 5555 libri
1712 5501 1857 5572 Apo-

272 5587 520 5655 (titiypais
555 5586 784 5642 Joannis
813 5590 1068 5658 apostoli.
1101 5589 1155 5643 in
1190 5591 1382 5647 diebus
1415 5592 1520 5648 illis
1553 5594 1664 5648 vidi
1693 5611 1856 5664 ange-

274 5680 388 5731 lum
419 5680 840 5736 descendentem
863 5682 930 5737 de
955 5683 1094 5738 (mlo
1117 5683 1412 5739 habentem
1444 5687 1670 5752 clavem,
1695 5703 1857 5755 usque

271 5772 364 5826 die
395 5787 458 5827 ac
491 5781 651 5828 nocte
676 5773 730 5828 in
755 5775 950 5831 sarcula
987 5775 1337 5832 saeculorum.
1372 5776 1624 5848 Evangrl.
1663 5794 1856 5835 secun-

1967 4607 2172 4655 uoster.

2049 4711 2251 4782 Evang.
2285 4713 2582 4766 secundum
2613 4709 2774 4765 Joan.
2811 4725 2927 4780 cap.
2961 4725 3180 4782 cxxxtv,
3210 4715 3352 4771 Dixit
3384 4717 3542 4773 Jesus

1967 4803 2253 4869 discipulis
2277 4804 2413 4867 suis,
2447 4802 2562 4858 Hoc
2589 4813 2671 4859 est
2700 4814 3027 4874 praceptum
3060 4822 3262 4874 meum,
3295 4827 3456 4882 usque
3488 4815 3539 4866 in

1969 4894 2190 4950 nomine
2212 4910 2331 4949 meo
2359 4895 2452 4949 det
2481 4894 2654 4950 vobis.

2038 5007 2167 5061 Item
2201 5006 2550 5078 Evangeliutn
2579 5011 2880 5070 secundum
2918 5014 3229 5070 Matthaum
3257 5031 3378 5084 cap.
3412 5033 3536 5082 ch,
3593 5022 3595 5028 ‘

1968 5100 2112 5154 Dixit
2142 5100 2301 5154 Jesus
2335 5101 2620 5170 discipulis
2649 5106 2763 5160 suis
2794 5109 3109 5178 parabolam
3145 5109 3307 5176 hanc,-
3345 5109 3538 5164 Simile

1963 5207 2047 5249 est
2098 5209 2324 5264 regnum
2373 5193 2637 5249 ctelorum
2684 5199 2943 5256 thesauro
2984 5200 3331 5267 abscondito,
3376 5218 3539 5271 usque

1963 5303 2098 5342 ιιονιι
2140 5298 2193 5342 et
2232 5300 2436 5348 vetera.

2034 5419 2072 5458 ιι
2114 5403 2238 5458 ldus
2266 5405 2478 5476 Agusti.
2516 5405 2706 5460 Natale
2747 5406 2922 5462 sancti
2972 5407 3187 5476 Eupoli.
3236 5407 3294 5462 in
3343 5406 3534 5462 diebus

1960 5500 2087 5556 illis.
2133 5501 2317 5556 Lectio
2365 5501 2487 5554 libri
2539 5500 2850 5568 Sapientiae.
2901 5498 3170 5556 Miserere
3215 5501 3388 5571 plebis
3432 5512 3536 5556 tua

1961 5609 2120 5664 Super
2152 5610 2312 5664 quem
2351 5597 2658 5648 invocatum
2701 5601 2802 5656 cst,
2847 5609 3010 5663 usque
3061 5593 3389 5664 adjutorium
3439 5602 3531 5664 qui

1962 5689 2260 5741 secundum
2288 5686 2437 5740 ilium
2462 5696 2566 5748 est,
2597 5695 2652 5740 et
2679 5687 2932 5740 columna
2972 5698 3024 5740 ut
3057 5688 3292 5756 requies.
3326 5687 3534 5758 Evang.

1962 5782 2258 5836 secundum
2299 5777 2454 5836 Joan.
2499 5795 2623 5848 cap.
2657 5795 2836 5846 cxux,
2875 5780 3014 5836 Dixit
3043 5777 3200 5838 Jesus
3230 5781 3538 5848 discipulis,
