3956 6196
423 266 526 331 535

1393 279 1457 342 S.
1497 279 1947 340 ΗΙΕΒΟΝΥΜΙ
1988 281 2306 344 OPERUM
2344 283 2748 349 MANTISSA.

3566 281 3672 349 536

425 369 620 443 Amen,
657 396 812 436 amen
859 383 984 439 dico
1025 385 1179 442 vobis
1207 388 1346 466 quia
1398 391 1701 460 ploraliitis,
1741 410 1903 466 usque
1943 403 1997 450 et
2023 409 2069 466 Α
2099 397 2376 466 discipulis
2399 399 2534 463 suis,
2563 399 2618 454 Si
2648 400 2772 468 quis
2795 405 2947 454 venit
2972 399 3036 453 ad
3063 412 3172 465 me,
3198 414 3363 472 usque
3383 400 3476 469 qui
3503 398 3669 456 habet

418 471 677 540 gaudium
711 483 952 530 vestrum
997 492 1156 534 nemo
1196 481 1345 536 tollet
1389 497 1418 536 a
1466 483 1640 540 vobis.

499 564 779 644 Dominica
804 583 842 620 ιι
872 579 987 635 post
1009 572 1183 623 sancti
1207 570 1503 628 Laurentii.
1532 573 1714 630 Lectio
1734 575 1990 647 Epistolas

421 660 564 716 beati
596 659 748 713 Pauli
783 661 1012 728 apostoli
1049 661 1113 715 ad
1144 662 1480 721 Corinthios.
1512 664 1752 734 Fratres,
1785 670 1990 724 scimus

419 753 565 807 enim
608 753 866 821 quoniam
918 752 962 807 si
1003 756 1299 822 terrestris,
1343 775 1505 828 usque
1538 761 1857 815 manifestos
1894 775 1990 817 nos

421 861 543 901 esse
565 859 657 913 per
677 844 862 900 Iesum
881 844 1160 902 Christum
1184 849 1465 903 Domimnn
1491 862 1764 904 nostrum.
1786 850 1989 920 Evang.

423 943 719 994 secandum
748 939 983 992 Marcum
1011 955 1132 1008 cap.
1159 956 1341 1006 t.xxtv,
1373 940 1572 997 Exiens
1593 939 1752 998 Iesus
1776 941 1842 997 de
1873 941 1994 996 liui-

413 1029 526 1084 iius
559 1027 706 1098 Tyri,
746 1019 907 1099 itaque
936 1040 988 1083 et
1021 1041 1201 1085 mutos
1237 1029 1410 1100 loqui.

493 1120 678 1176 Idibus
709 1121 922 1189 Agnsti.
958 1121 1150 1176 Natale
1183 1123 1358 1177 sancti
1395 1121 1616 1193 Ypoliti.
1654 1123 1838 1178 Lectio
1869 1123 1991 1179 libri

423 1211 736 1280 Sapientiae.
771 1212 958 1266 Omnis
991 1214 1198 1268 amicus
1227 1215 1392 1281 dicet,
1417 1225 1470 1270 et
1503 1216 1796 1271 amicitiam
1822 1231 1990 1285 copu-

421 1305 550 1371 lavi,
605 1321 766 1375 usque
814 1307 1007 1359 animae
1055 1307 1241 1360 Suavis
1285 1315 1388 1361 est.
1441 1305 1646 1376 Evang.
1693 1310 1991 1362 secundum

420 1395 620 1451 Lucam
659 1413 778 1462 cap.
813 1413 993 1461 chtv,
1027 1396 1171 1451 Dixit
1208 1396 1371 1452 Iesus
1407 1399 1688 1468 discipulis
1720 1401 1853 1466 suis,
1895 1399 1993 1454 At-

425 1490 628 1544 tendite
653 1503 683 1541 a
718 1486 1011 1554 fermento,
1043 1505 1204 1558 usque
1235 1504 1420 1544 coram
1463 1491 1668 1559 angelis
1701 1491 1816 1546 Dei.
1854 1513 1858 1516 ·

496 1596 584 1634 xix
620 1579 849 1634 Kalend.
899 1578 1253 1649 Septembris.
1296 1579 1483 1635 Natale
1526 1584 1698 1637 sancti
1746 1582 1990 1638 Eusebii.

423 1671 610 1725 Lectio
639 1670 758 1724 libri
785 1669 1097 1739 Sapientiae.
1119 1669 1218 1736 Qui
1243 1671 1534 1740 sophistice
1556 1674 1758 1741 loquitu
1770 1688 1812 1738 r,
1833 1689 1995 1742 usque

2097 504 2260 544 aures
2293 492 2548 546 audiendi
2583 493 2788 547 audiat.

2166 579 2323 633 Feria
2361 595 2388 632 v
2429 580 2780 636 hebdomadas
2809 597 2927 650 quas
2964 595 3149 650 supra.
3186 581 3374 637 Lectio
3412 581 3667 651 Epistula

2097 673 2239 726 beati
2266 670 2414 726 Pauli
2447 673 2676 741 apostoli
2707 673 2772 726 ad
2807 671 3084 726 Hebraeos.
3113 671 3353 737 Fratres,
3386 673 3667 726 abundan-

2097 762 2207 815 tius
2233 771 2447 830 oportet
2474 763 2766 818 observare
2796 777 2915 825 nos,
2954 778 3118 832 usque
3147 763 3228 818 eis
3265 764 3356 830 qui
3391 772 3667 816 tentantur

2095 851 2369 904 auxiliari.
2402 851 2664 919 Evangel.
2695 853 2991 906 secundum
3022 849 3155 906 Luc.
3195 867 3317 920 cap.
3357 867 3508 916 xxvr,
3537 853 3668 907 Sur-

2093 957 2225 1013 gens
2245 941 2404 998 Iesus
2435 944 2503 1000 de
2528 958 2822 1016 synagOga,
2850 959 3014 1012 usque
3038 944 3416 1015 evangelium
3438 957 3661 1014 regnum

2095 1035 2212 1090 Dei.

2168 1143 2222 1182 χι
2254 1127 2374 1182 Kal.
2395 1129 2546 1194 Sept.
2577 1127 2765 1184 Nataie
2793 1131 2968 1187 sancti
2999 1127 3298 1185 Timothei.
3331 1125 3516 1184 Lectio
3541 1129 3662 1184 libri

2099 1215 2412 1288 Sapientiae.
2449 1218 2572 1282 Fili.
2616 1221 2668 1275 in
2715 1231 2957 1292 tempore
2999 1224 3123 1278 vita:
3157 1235 3261 1278 tute
3291 1237 3359 1279 ne
3399 1223 3659 1292 indigeas,

2095 1324 2259 1374 usque
2304 1311 2508 1364 bonum
2554 1324 2737 1367 autem
2785 1329 2983 1369 nomen
3035 1317 3376 1385 permanebit
3424 1313 3479 1368 in
3526 1329 3658 1368 aevo.

2099 1397 2303 1471 Evang.
2347 1404 2640 1457 secundum
2681 1404 2883 1459 Lucam
2924 1420 3043 1474 cap.
3080 1422 3283 1472 Lxxxn,
3318 1405 3466 1460 Dixit
3507 1404 3662 1458 Iesus

2097 1493 2379 1563 discipulis
2405 1497 2535 1561 suis,
2563 1495 2619 1550 Si
2643 1498 2769 1566 quis
2791 1498 2940 1552 venit
2963 1498 3030 1554 ad
3057 1513 3164 1564 me,
3195 1514 3358 1568 usque
3380 1499 3472 1568 qui
3504 1497 3666 1551 habet

2097 1598 2259 1639 aures
2291 1587 2544 1641 audiendi
2576 1590 2782 1642 audiat.

2169 1676 2409 1731 Sabbato
2441 1679 2790 1733 hebdomadze
2821 1658 2944 1749 quae
2971 1645 3158 1748 s'upra.
3195 1677 3384 1734 Lectio
3414 1677 3664 1746 Epistoiae

422 1778 523 1830 pax
562 1762 704 1816 enim
743 1760 835 1816 Dei
869 1776 1031 1830 super
1070 1761 1265 1818 faciem
1307 1772 1488 1828 terrae,
1525 1762 1871 1832 Evangelium
1901 1780 1990 1820 se-
2028 1774 2069 1831 Β
2100 1766 2242 1822 beati
2266 1767 2414 1822 Pauli
2449 1769 2679 1837 apostoli
2707 1771 2770 1823 ad
2793 1768 3069 1824 llehreos.
3101 1767 3340 1832 Fratres,
3366 1769 3538 1821 sancti
3572 1782 3666 1822 vo-

422 1855 660 1908 cnndum
705 1853 1015 1907 blattltzeum
1051 1871 1170 1924 cap.
1203 1870 1421 1920 CCLXIII,
1456 1856 1600 1911 Dixit
1631 1855 1794 1913 Iesus
1827 1855 1993 1912 disci-

422 1947 565 2015 pulis
600 1947 736 2011 suis,
785 1946 1012 2018 Vigilate
1062 1951 1188 2018 quia
1230 1950 1473 2014 nescitis,
1511 1963 1672 2018 usque
1704 1951 1996 2004 constituet

422 2055 563 2094 CUI“.

493 2149 627 2189 xvtn
674 2132 796 2190 Kal.
845 2133 1151 2205 Septembr.
1201 2136 1515 2207 Assumptio
1566 2145 1770 2192 sancta:
1813 2135 1998 2190 Mariae

423 2227 614 2288 matris
645 2226 884 2282 Domini.
917 2227 1105 2283 Lectio
1134 2227 1258 2284 libri
1306 2229 1619 2299 Sapientiae.
1652 2227 1778 2295 Fili,
1814 2229 1864 2282 itt
1906 2238 1994 2283 tua

425 2318 766 2386 inﬁrmitate,
796 2335 966 2387 usque
998 2328 1052 2372 et
1082 2320 1368 2374 consolare
1393 2321 1544 2376 illum
1575 2323 1628 2376 in
1653 2323 1856 2376 exitum
1884 2324 1998 2390 spi-

427 2412 567 2464 ritus
605 2412 1070 2481 sui.Evangelinm
1103 2414 1399 2466 secundum
1433 2413 1631 2468 Lucam
1661 2427 1780 2482 cap.
1810 2431 1994 2481 cxxtv,

425 2503 653 2555 intravit
680 2499 838 2557 Iesus
861 2508 915 2556 tn
947 2502 1216 2572 quoddam
1244 2504 1554 2571 castellum,
1583 2521 1742 2575 usque
1769 2520 1874 2560 non
1905 2520 1998 2560 δυο

426 2596 632 2648 feretur
661 2594 729 2646 ab
777 2607 862 2646 eo.

501 2703 612 2742 xvtt
649 2687 768 2742 Kal.
812 2691 963 2758 Sept.
1004 2684 1192 2743 Natale
1228 2697 1399 2745 sancti
1437 2689 1779 2758 Leudegarii.
1817 2690 2000 2745 Lectio

427 2781 552 2835 libri
579 2782 890 2850 Sapientia}.
917 2783 1253 2852 Sapientiam
1277 2785 1452 2838 scribe
1477 2785 1529 2837 in
1559 2794 1820 2856 tempore,
1839 2800 2001 2856 usque

435 2875 821 2942 i-onqnirentes
873 2875 924 2928 in
976 2875 1092 2944 lege
1127 2865 1415 2931 Al‘tissimi.
1461 2876 1663 2946 Evaug.
1705 2877 1999 2932 secundum

435 2963 569 3021 Luc.
612 2979 734 3033 cap.
775 2979 918 3020 cuv.
970 2965 1114 3020 Dixit
1163 2965 1322 3022 Iesus
1370 2967 1648 3036 discipulis
1693 2967 1830 3031 suis,
1882 2966 2003 3023 Sint

436 3057 604 3112 lumbi
652 3059 816 3114 vestri
863 3059 1133 3129 pt'wdiCti,
1173 3077 1332 3130 usque
1375 3060 1518 3116 ﬁlius
1560 3059 1796 3115 hominis
1835 3060 1999 3115 venit.

505 3153 660 3207 Feria
706 3169 776 3206 vt.
826 3153 1012 3208 Lectio
1049 3155 1172 3209 libri
1211 3154 1560 3225 Apocalypsis
1600 3153 1827 3209 Joannis
1870 3167 2002 3222 apo—

434 3245 576 3300 stoli.
617 3243 674 3298 lu
707 3245 898 3299 diebus
929 3245 1033 3299 illis
1057 3247 1191 3299 dixit
1220 3231 1359 3299 mihi
1380 3246 1606 3316 angelus
1640 3262 1655 3302 :
1685 3244 1810 3298 Haec
1843 3245 2004 3298 verba

434 3337 748 3391 ﬁdelissima
781 3346 854 3391 et
897 3351 1022 3390 vera
1070 3349 1218 3404 sunt,
1261 3353 1423 3407 usque
1471 3337 1562 3407 qui
1614 3340 1727 3391 vult
1774 3337 2005 3405 accipiat

437 3447 632 3500 aquam
670 3432 792 3484 vita:
826 3432 1016 3500 gratis.
1052 3431 1261 3500 Evang.
1297 3431 1595 3485 secundum
1641 3430 1840 3484 Lucam
1883 3443 2002 3497 cap.

437 3536 622 3585 Lxxtv,
674 3521 917 3590 Rogabat
963 3521 1144 3576 Iesum
1197 3521 1419 3590 quidam
1470 3519 1800 3585 Pharisaeus,
1845 3533 2006 3588 usque

437 3615 692 3682 quoniam
726 3613 916 3666 dilexit
946 3615 1197 3667 multum.

508 3728 770 3783 Sabbato.
799 3728 990 3783 Lectio
1022 3728 1141 3783 libri
1173 3728 1403 3797 Regum.
1433 3728 1490 3782 ln
1523 3725 1710 3782 diebus
1740 3726 1845 3780 illis
1872 3741 2004 3782 con-

435 3824 602 3878 sulnit
643 3823 814 3878 David
867 3822 1179 3886 Dominum,
1225 3839 1385 3889 usque
1425 3821 1626 3876 deserti
1672 3821 1723 3873 in
1759 3819 2003 3875 Gabaon.

439 3917 789 3985 Evangelium
817 3917 962 3985 quod
985 3915 1036 3968 in
1058 3914 1336 3968 Dotniuica
1365 3914 1604 3984 ejusdem
1634 3911 2006 3968 hebdomadze.

512 4006 788 4060 Dominica
822 4021 880 4059 ut
914 4012 1035 4073 post
1066 4004 1240 4057 saneti
1280 4002 1581 4056 Laurentii.
1631 4042 1644 4055 .
1689 4039 1703 4055 .
1747 4039 1764 4055 .
1807 4039 1822 4055 .
1869 4037 1884 4053 .
1929 4040 1943 4055 .
1987 4043 2032 4072 ._

440 4129 2005 4156 οσσοοοοοοοονοοοοοοθοοοοοιοο

444 4231 458 4245 .
504 4231 518 4245 .
567 4233 579 4245 .
620 4232 634 4245 .
680 4232 693 4245 .
733 4230 750 4244 .
793 4189 997 4259 Evaug.
1023 4189 1316 4244 scctmdnm
1344 4188 1545 4242 Lucam
1571 4202 1690 4256 cap.
1715 4202 1838 4254 cxx,
1867 4185 2010 4241 Dixit

440 4285 602 4338 Iesus
633 4281 916 4353 discipulis
948 4283 1082 4348 suis,
1121 4282 1267 4336 Beati
1311 4282 1448 4337 oculi
1481 4281 1572 4351 qui
1607 4282 1804 4347 vident,
1847 4295 2008 4351 usque

440 4388 496 4432 tu
529 4376 613 4431 iac
651 4375 918 4428 similiter.

515 4505 581 4544 xv
609 4488 840 4543 Kalend.
868 4488 1148 4556 Septemb.
1169 4486 1352 4540 Natale
1374 4487 1546 4542 sancti
1571 4485 1802 4555 Agapiti.
1830 4484 2014 4539 Lectio

447 4582 568 4635 libri
620 4580 928 4649 Sapientiae.
971 4582 1300 4650 Sapientiam
1348 4580 1589 4634 omnium
1639 4578 2010 4646 antiquorum,

447 4689 612 4741 usque
643 4673 951 4729 benedicite
986 4674 1270 4727 Donnnum
1305 4674 1356 4725 in
1389 4671 1646 4743 operibus
1677 4670 1808 4726 Suis.
1842 4668 2016 4722 Evan-

447 4767 644 4837 gelium
675 4767 815 4836 quod
847 4767 898 4820 in
937 4773 1276 4821 sanctorum.

523 4899 611 4936 xiv
647 4884 772 4936 Kal.
806 4881 958 4948 Sept.
988 4881 1269 4949 Apparitio
1299 4887 1501 4934 sancta)
1521 4879 1721 4934 crucis.
1751 4877 1816 4931 Et
1844 4877 2020 4932 natale

449 4979 627 5032 SztttCIi
677 4977 906 5030 Andreae
952 4975 1192 5042 magistri
1234 4975 1484 5026 militum.
1523 4971 1708 5026 Lectio
1753 4971 1875 5025 libri
1923 4971 2019 5024 Sa-

451 5072 686 5138 pientiae.
714 5069 844 5124 Date
876 5067 1082 5122 nomini
1115 5066 1324 5119 Domini
1353 5063 1828 5132 magniﬁcentiam,
1856 5079 2019 5126 usque

449 5163 668 5215 laudate
700 5169 752 5213 et
786 5159 1090 5214 benedicite
1127 5173 1318 5210 llOlllt‘ll
1351 5154 1586 5208 Domini.
1636 5153 1888 5223 Evangel.
1930 5167 2018 5208 se-

449 5254 689 5306 cundum
719 5249 875 5304 Ioan.
915 5267 1039 5320 cap.
1077 5265 1224 5312 XXIV,
1261 5247 1386 5299 Erat
1422 5248 1580 5300 homo
1609 5261 1671 5300 ex
1705 5245 2014 5314 Pbarismis,

449 5363 610 5416 nsque
644 5348 806 5398 vitam
843 5355 1120 5398 aeternam.

525 5475 625 5514 χιιι
669 5457 788 5513 Kal.
823 5460 973 5527 Sept.
1010 5457 1063 5511 In
1104 5457 1418 5511 Getimauca
1451 5456 1625 5511 natale
1657 5457 1826 5510 sancti
1856 5456 2020 5511 Phili.

455 5551 612 5606 berti.
638 5550 823 5606 Lectio
842 5551 964 5606 libri
985 5549 1290 5619 Sapientiae.
1313 5549 1604 5616 Occupatio
1629 5563 1818 5618 magna
1840 5556 2020 5602 creata

456 5653 561 5704 est,
594 5661 756 5713 usque
783 5659 944 5706 super
977 5658 1192 5698 omnem
1228 5641 1454 5713 gloriam
1485 5651 1814 5710 operuerunt
1847 5639 2017 5695 illum.

457 5734 714 5804 Evangel.
746 5736 1035 5790 secundum
1063 5736 1260 5790 Lucam
1289 5751 1404 5803 (ηρ.
1437 5743 1675 5804 “euasit,
1706 5735 1843 5815 Dixit
1865 5733 2022 5790 Iesus

2097 1855 2310 1911 catione
2349 1857 2586 1912 cmlestis
2624 1859 2949 1927 participes,
2990 1873 3153 1927 usque
3189 1858 3234 1911 si
3270 1856 3574 1912 introibunt
3611 1856 3664 1911 in
3727 1841 3734 1847 ’

2096 1951 2336 2020 requiem
2367 1965 2566 2004 meam.
2594 1949 2794 2019 Evang.
2818 1952 3114 2004 secundum
3135 1949 3330 2003 Matth.
3357 1963 3478 2020 cap.
3502 1963 3663 2015 cxvn,

2095 2044 2368 2097 Abeuntes
2406 2040 2663 2096 Phariszei
2727 2042 3017 2097 consilium
3086 2040 3375 2108 faciebant,
3414 2056 3577 2111 usque
3613 2042 3664 2096 iu

2099 2135 2319 2189 nomine
2357 2135 2473 2203 ejus
2500 2134 2817 2203 sperabunt.

2171 2227 2446 2282 Dominica
2481 2243 2533 2281 tv
2574 2239 2694 2295 post
2729 2226 2904 2282 sancti
2951 2225 3255 2282 Laurentii.
3295 2225 3482 2281 Lectio
3543 2223 3669 2291 Epi-

2101 2320 2254 2372 stolas
2284 2317 2427 2373 beati
2457 2319 2606 2387 Pauli
2639 2318 2870 2388 apostoli
2903 2317 2971 2373 ad
3002 2317 3240 2372 Galatas.
3273 2317 3494 2372 Fratres
3532 2357 3546 2370 .
3591 2353 3604 2367 .
3648 2351 3664 2366 .

2102 2409 3666 2479 ...................Evang.sccun-

2099 2505 2227 2559 dum
2251 2504 2447 2559 Lucam
2476 2521 2600 2573 cap.
2624 2521 2729 2571 cm,
2757 2506 2890 2560 Dum
2925 2505 3026 2558 iret
3052 2503 3211 2560 Iesus
3233 2505 3287 2560 in
3309 2502 3664 2565 Hierusalem,

2100 2612 2260 2666 usque
2289 2595 2419 2651 ﬁdes
2447 2606 2534 2650 tua
2572 2609 2623 2652 te
2652 2598 2858 2652 salvum
2893 2596 3040 2652 fecit.

2169 2705 2222 2744 ιι
2255 2688 2372 2744 Kal.
2413 2689 2563 2758 Sept.
2604 2689 2658 2743 ln
2694 2689 2841 2743 lndia
2871 2692 3051 2743 natale
3081 2689 3255 2744 sancti
3284 2685 3663 2741 Bartholommi

2103 2783 2359 2852 apostoli.
2384 2783 2552 2837 Reme
2583 2790 2788 2836 sanctas
2815 2783 3012 2836 Aurea:
3034 2781 3285 2851 virginis.
3317 2780 3382 2834 Et
3405 2779 3669 2848 depositio

2102 2874 2274 2927 sancti
2305 2872 2550 2926 Audoeni
2580 2871 2820 2942 episcopi
2853 2881 2908 2926 et
2940 2871 3294 2926 confessoris.
3323 2869 3512 2925 Lectio
3547 2869 3670 2942 libri

2105 2969 2417 3040 Sapientiae.
2448 2969 2742 3038 Disciplina
2776 2969 2828 3022 in
2859 2983 2994 3038 pace
3034 2975 3380 3032 conservate,
3413 2980 3579 3035 usque
3621 2963 3672 3017 in

2105 3071 2398 3130 conspectu
2426 3061 2667 3115 omnium
2701 3061 2962 3114 virorum.
2996 3057 3202 3128 Evang.
3233 3058 3538 3113 secundum
3572 3055 3677 3109 Lu-

2105 3169 2227 3208 cam
2275 3169 2394 3222 cap.
2443 3168 2564 3208 cuvt
2617 3150 2728 3224 [AL
2779 3149 2948 3222 cxvt].
2993 3150 3098 3216 Qui
3141 3164 3239 3207 vos
3283 3150 3459 3214 audit,
3511 3163 3676 3215 usque

2105 3247 2306 3313 scripta
2341 3254 2468 3300 sunt
2498 3245 2550 3298 in
2583 3245 2760 3299 cmlis.

2176 3349 2272 3389 vin
2293 3333 2524 3389 Kalend.
2549 3332 2828 3403 Septemb.
2847 3331 3068 3388 Arelato
3089 3332 3265 3385 natale
3287 3330 3462 3386 sancti
3482 3328 3678 3383 Genesi

2107 3428 2384 3497 martyris.
2427 3427 2611 3481 Lectio
2651 3427 2775 3481 libri
2816 3425 3133 3495 Sapientite.
3170 3423 3303 3478 Filia
3345 3423 3514 3492 patris
3549 3423 3680 3476 abs-

2107 3521 2322 3575 condita
2352 3530 2453 3585 est,
2490 3535 2649 3590 usque
2673 3520 2859 3574 videns
2885 3519 3113 3588 gloriam
3137 3517 3277 3587 ejus.
3312 3515 3566 3585 Evangel.
3597 3531 3680 3570 se.-

2109 3618 2344 3667 cundum
2394 3613 2638 3668 Marcum
2683 3628 2804 3682 cap.
2841 3626 3104 3676 cxxxvtn,
3135 3609 3283 3666 Dixit
3316 3608 3474 3665 Iesus
3513 3606 3679 3662 disci-

2110 3707 2251 3776 pulis
2287 3707 2420 3770 suis,
2466 3705 2653 3761 Videte
2697 3722 2763 3760 ne
2797 3705 2924 3776 quis
2963 3719 3061 3766 vos
3095 3703 3347 3768 sedueat,
3387 3717 3549 3771 usque
3591 3703 3680 3756 hic

2109 3801 2291 3856 Salvus
2320 3801 2442 3854 erit.

2185 3891 2341 3946 Furia
2381 3907 2432 3945 tv
2464 3890 2810 3945 hebdomade
2841 3904 2957 3957 quae
2989 3903 3175 3959 supra.
3213 3886 3397 3942 Lectio
3423 3883 3678 3955 Epistola

2109 3983 2250 4040 beati
2287 3983 2434 4038 Pauli
2471 3985 2702 4051 apostoli
2731 3983 2798 4036 ad
2843 3981 3112 4034 llebrzeos.
3147 3978 3388 4038 Fratres.
3420 3977 3675 4047 Operibus

2111 4081 2178 4131 ab
2226 4077 2566 4131 institutione
2614 4076 2799 4129 tnundi
2847 4072 3124 4140 perfectis,
3173 4087 3336 4140 usque
3379 4069 3676 4122 imbecilles

2111 4168 2235 4223 facti
2255 4168 2386 4222 estis
2408 4166 2473 4220 ad
2499 4165 2848 4220 audiendum.
2874 4163 3128 4234 Evangel.
3149 4166 3443 4216 secundum
3471 4159 3672 4213 Lucam

2109 4275 2232 4330 Cap.
2266 4273 2513 4322 CLXt’ltll,
2581 4259 2717 4312 Dum
2752 4258 2856 4312 iret
2888 4257 3050 4311 Iesus
3089 4272 3182 4324 per
3219 4255 3461 4308 civitates
3498 4263 3552 4306 et
3589 4265 3677 4307 ca-

2110 4353 2288 4414 Stella,
2319 4367 2480 4421 usque
2509 4350 2831 4406 accutnbettt
2861 4349 2914 4403 in
2947 4365 3110 4418 regno
3141 4347 3256 4401 Dei.

2045 4456 2088 4510 0
2189 4446 2343 4500 Fcria
2381 4462 2409 4498 ν
2443 4445 2792 4500 hebdomadas
2826 4459 2944 4512 quae
2985 4458 3174 4512 supra.
3202 4440 3387 4495 Lectio
3417 4439 3674 4510 Epistolas

2122 4544 2260 4598 beati
2293 4540 2445 4594 I’au'i
2479 4539 2708 4608 apostoli
2736 4538 2800 4591 ad
2833 4539 3111 4594 Hebraeos.
3145 4537 3383 4602 Fratres,
3418 4551 3540 4589 cum
3581 4540 3678 4588 de-

2117 4635 2323 4689 beretis
2364 4633 2610 4700 magistri
2650 4646 2771 4685 esse
2815 4643 3036 4701 propter
3076 4641 3308 4700 tempus,
3349 4643 3510 4696 usque
3549 4629 3683 4680 inte-

2118 4726 2264 4780 riora
2310 4725 2613 4778 velainittis.
2663 4723 2921 4791 Evangcl.
2967 4723 3260 4776 secundum
3307 4717 3511 4772 Lucam
3560 4730 3678 4783 cap.

2119 4834 2306 4880 chtx,
2328 4817 2416 4870 Ait
2443 4817 2508 4869 ad
2539 4814 2724 4870 Iesum
2754 4814 2968 4884 quidatn
2995 4815 3059 4868 de
3085 4812 3264 4879 turba,
3285 4825 3449 4879 usque
3466 4819 3522 4863 et
3545 4807 3680 4862 Deus

2119 4912 2296 4980 pascit
2326 4908 2469 4962 illos.

2192 5019 2220 5053 v
2252 4999 2370 5054 Kal.
2398 4999 2556 5054 Febr.
2585 4997 2770 5052 Roma»
2795 4995 2970 5049 natale
2993 4994 3163 5048 sancti
3193 4991 3480 5049 liermetis.
3503 4992 3681 5048 Africa
3739 4986 3748 4993 ’

2121 5093 2389 5163 depositio
2437 5090 2609 5144 sancti
2657 5086 2928 5158 AgnStitti.
2971 5086 3156 5140 Lectio
3203 5086 3321 5140 libri
3369 5086 3678 5156 Sapientiae.

2121 5183 2442 5240 Altitudinis
2496 5181 2899 5236 ﬁrmamentum
2951 5178 3296 5247 pulchritudo
3341 5177 3480 5246 ejus,
3529 5192 3683 5247 uxun

2123 5279 2375 5332 emittere
2403 5275 2615 5346 judirii.
2653 5273 2855 5334 Evang.
2895 5271 3195 5324 secundum
3240 5267 3370 5323 Luc.
3405 5285 3524 5338 cap.
3563 5284 3677 5332 xcv,

2126 5367 2475 5423 Descendens
2515 5365 2674 5420 Iesus
2713 5363 2779 5418 de
2821 5371 3004 5415 monte
3045 5361 3194 5414 Slclil
3241 5360 3293 5414 in
3338 5361 3479 5424 loco,
3529 5373 3682 5427 usque

2123 5461 2345 5530 cepiosa
2380 5468 2462 5512 est
2494 5459 2543 5510 in
2575 5457 2745 5512 caulis.

2198 5568 2248 5605 tv
2284 5550 2510 5605 Kalend.
2547 5549 2822 5618 Septemb.
2857 5548 2914 5603 ιιι
2950 5546 3248 5616 Campania
3282 5545 3462 5600 natale
3489 5555 3681 5599 sanc'a:

2129 5642 2342 5696 Sabina:
2373 5643 2616 5711 virginis.
2653 5639 2717 5692 Et
2749 5643 2932 5708 passio
2963 5642 3134 5694 sancti
3158 5638 3382 5694 Ioannis
3416 5636 3678 5706 Baptism.

2128 5735 2312 5790 Lectio
2346 5733 2466 5788 libri
2506 5732 2803 5803 sapicntite.
2843 5733 3028 5803 Aperti
3066 5741 3191 5787 sunt
3233 5729 3488 5794 thesauri,
3528 5737 3677 5796 usque
