3956 6196
256 269 356 332 537

1573 269 1807 332 LIBER
1846 270 2183 338 COMiTIS.

3403 274 3510 340 538

256 389 341 456 pie
363 385 658 454 agentibus
687 382 838 440 dedit
864 383 1212 453 sapientiam.
1249 383 1602 454 Erangelium
1631 399 1829 440 secun-
1855 399 1902 455 Α
1927 402 2138 446 eorum.
2184 388 2373 446 Lectio
2411 389 2539 446 libri
2592 390 2904 460 Sapientiae.
2968 387 3243 444 Abraham
3280 402 3510 459 magnus

253 480 382 529 dum
435 474 744 528 Matthaeum
789 487 911 542 cap.
949 473 1114 542 (cn),
1151 471 1299 526 Dixit
1337 471 1500 527 Jesus
1547 470 1830 540 discipulis

253 567 336 620 sui
378 565 691 634 parabolatn
732 566 868 618 hanc
900 582 913 617 :
947 564 1136 630 Simile
1175 571 1261 618 est
1307 577 1531 633 regnum
1565 563 1830 618 ctelorutu

256 661 522 712 thesauro
555 655 896 718 abscondito,
933 671 1093 724 usque
1127 669 1266 707 nova
1298 665 1353 707 et
1384 663 1585 706 vetera.

325 764 384 802 ιιι
445 746 567 800 Kal.
598 747 730 800 ltem
768 747 822 800 itt
855 748 1026 799 sancti
1068 745 1318 800 Joannis.
1349 743 1535 799 Lectio
1576 743 1831 813 Epistolas

261 843 404 896 l'eati
434 840 586 894 Pauli
616 839 848 908 apostoli
883 838 952 892 ad
984 837 1261 892 Hebraeos.
1293 835 1480 890 Sancti
1516 835 1747 888 ludibria
1777 843 1830 888 et

253 936 488 986 verbera
518 930 751 999 esperti,
775 945 934 998 usque
960 929 1172 998 probati
1199 929 1407 982 inventi
1437 934 1563 980 sunt
1591 926 1643 980 itt
1674 923 1831 979 Chri-

255 1034 344 1077 sto
381 1021 511 1077 Jesu
551 1023 780 1076 Domino
819 1034 1027 1076 nostro.
1060 1020 1321 1090 Evangel.
1356 1019 1654 1074 secundum
1699 1016 1829 1070 Mat-

257 1118 457 1170 thaeutn
488 1130 605 1183 cap.
639 1129 752 1180 Lix,
781 1113 924 1169 Misit
950 1114 1221 1180 Herodes,
1251 1128 1416 1178 usque
1448 1121 1502 1168 et
1530 1119 1828 1181 posuerunt

249 1207 386 1260 illud
423 1206 478 1260 in
515 1216 944 1259 monumentum.

327 1299 606 1353 Dominica
632 1311 664 1348 ν
690 1305 813 1370 post
835 1307 1012 1351 sanctt
1036 1295 1334 1352 Laurentii.
1358 1296 1545 1351 Lectio
1572 1295 1827 1366 Epistolas

252 1392 402 1444 beati
429 1389 578 1443 Pauli
604 1389 831 1459 apostoli
861 1389 928 1442 ad
957 1388 1197 1443 Galatas.
1221 1387 1462 1448 Fratres.
1487 1387 1684 1457 spiritu
1711 1402 1827 1440 am-

249 1484 463 1548 bulate,
501 1499 661 1552 usque
699 1481 1185 1550 concupiscentiis.
1226 1468 1578 1550 Evangeliutn
1623 1494 1824 1534 secun-

247 1579 377 1629 dtttn
409 1573 600 1628 Matth.
636 1589 756 1642 cap.
793 1588 981 1636 vattt,
1013 1571 1155 1626 Dixit
1183 1570 1340 1627 .lesus
1371 1572 1652 1642 discipulis
1685 1572 1821 1635 suis,

246 1668 423 1722 Nemo
451 1676 626 1734 potest
647 1666 856 1721 duobus
877 1665 1112 1721 dominis
1134 1664 1364 1732 servire,
1387 1679 1550 1733 usque
1568 1663 1822 1734 adjicien-

273 1777 338 1812 ttl'
368 1776 543 1812 VODIS.

273 1781 301 1810 tt
368 1776 398 1810 ν
529 1798 543 1812 .

249 1774 268 1815 ι
311 1759 552 1904 Peril-1|:
587 1848 938 1902 hebdomada:
968 1861 1089 1916 quae
1113 1859 1297 1914 supra.
1331 1842 1518 1900 Lectio
1566 1843 1822 1913 Epistolas

251 1940 398 1995 beati
438 1940 588 1994 Pauli
645 1940 713 1994 ad
763 1939 1044 1993 Hebraeos.
1079 1938 1322 2004 Fratres,
1375 1952 1680 2005 praecursor
1726 1952 1824 2006 pro

252 2033 412 2085 nobis
444 2031 630 2085 introit
658 2028 818 2084 Jesus
850 2029 902 2082 itt
928 2029 1185 2083 interiora
1219 2028 1500 2082 velaminis
1525 2029 1824 2084 secundum

247 2122 497 2176 ordinent
549 2119 970 2184 Melchisedech,
1003 2136 1163 2189 usque
1187 2120 1254 2173 de
1283 2136 1386 2188 qua
1425 2119 1606 2174 nullus
1645 2122 1712 2174 ad
1743 2121 1823 2174 al-

249 2221 364 2261 tare
394 2217 593 2276 praesto
627 2208 750 2272 luit,
801 2208 1152 2276 Evangeliutn
1215 2209 1357 2277 quod
1394 2211 1444 2260 in
1492 2209 1604 2277 ipsa
1644 2210 1828 2264 Domi.

249 2306 388 2353 nica.

319 2393 474 2447 Feria
499 2392 928 2447 tttbehdontada:
947 2407 1066 2462 quae
1105 2408 1294 2460 supra.
1351 2393 1538 2449 Lectio
1569 2392 1822 2465 Epistolas

249 2486 390 2538 beati
422 2483 576 2538 Pauli
603 2485 830 2554 apostoli
865 2483 933 2538 ad
985 2483 1264 2541 Hebraeos.
1296 2483 1552 2550 Fratres,
1590 2486 1823 2539 manife-

253 2589 399 2632 stunt
420 2589 501 2631 est
529 2579 670 2646 quod
700 2593 761 2631 ex
777 2575 914 2632 Juda
940 2585 1095 2632 ortus
1123 2579 1193 2632 sit
1221 2577 1481 2631 Dominus
1509 2589 1714 2643 noster,
1736 2595 1824 2631 nso

254 2688 350 2741 qtae
379 2675 524 2740 quod
557 2672 676 2725 lixit
707 2671 972 2728 Dominus
1014 2680 1068 2725 et
1098 2687 1204 2726 non
1253 2672 1438 2726 homo.
1468 2671 1821 2741 Evangelium

241 2766 388 2834 quod
419 2767 474 2816 in
496 2765 616 2833 ipsa
642 2764 946 2819 Dotuittica.

319 2856 446 2911 Kal.
484 2855 841 2924 Septembris.
871 2855 1156 2911 Ambianis
1189 2854 1457 2924 depositio
1492 2856 1661 2908 sancti
1691 2853 1825 2907 Fir-

244 2949 398 3010 mini,
419 2950 662 3017 episc0pi
687 2959 740 3001 et
761 2947 1111 3002 confessoris.
1138 2947 1324 3002 Lectio
1351 2949 1472 3000 lihri
1501 2945 1820 3016 8ιιρίιειιιιιιι.

243 3038 552 3093 Laudemus
581 3041 723 3094 viros
747 3039 1036 3106 gloriosos,
1064 3056 1224 3109 usque
1247 3040 1450 3092 diluvio
1469 3040 1646 3093 omnis
1665 3053 1817 3092 caro.

1933 491 2089 550 pater
2147 483 2538 549 multitudinis,
2603 499 2764 554 usque
2825 483 2990 550 elegit
3037 484 3190 538 illum
3241 483 3306 536 de
3361 479 3510 534 omni

1931 588 2117 629 carne.
2144 575 2494 647 Evangelium
2521 579 2816 630 secundum
2840 572 3066 639 Lucam,
3113 589 3234 642 cap.
3257 587 3380 636 xcv,
3412 572 3514 624 De-

1931 666 2202 722 scendens
2219 667 2377 722 .lesus
2400 665 2466 720 de
2490 675 2691 731 monte,
2726 682 2886 736 usque
2906 667 3123 736 copiosa
3143 677 3221 718 est
3253 665 3304 718 in
3335 662 3508 717 caelis.

2005 757 2162 813 Feria
2193 775 2250 812 ιιι
2288 758 2639 812 hebdomadas
2668 774 2787 826 qua:
2819 773 3002 825 supra.
3034 757 3218 810 Lectio
3254 755 3512 822 Epistolas

1931 850 2070 904 beati
2098 850 2246 903 Pauli
2267 850 2496 918 apostoli
2523 850 2585 903 ad
2610 847 3140 913 llebrazos.Fratres,
3165 863 3267 902 non
3285 847 3426 900 eniut
3453 846 3508 898 in

1932 941 2254 995 manufactis
2273 943 2503 1004 sanctis,
2523 957 2682 1010 usque
2695 944 2844 994 sedet
2864 941 2916 994 iit
2941 941 3163 994 dextera
3193 937 3303 992 Dei.
3329 936 3511 990 Evan-

1930 1034 2126 1102 gelium
2160 1036 2459 1088 secundum
2505 1032 2720 1099 Matth.,
2757 1047 2880 1101 cap.
2915 1048 3102 1098 xxxix,
3173 1031 3318 1084 Dixit
3349 1027 3510 1084 Jesus

1930 1125 2214 1194 discipulis
2263 1125 2398 1192 suis,
2452 1124 2695 1179 Audistis
2739 1124 2863 1193 quia
2897 1123 3102 1178 dictum
3145 1131 3250 1186 est,
3309 1122 3508 1192 Diliges

1927 1217 2234 1288 proximum
2261 1225 2438 1281 tuum,
2461 1233 2620 1287 usque
2645 1217 2696 1270 in
2720 1217 2990 1270 absconso
3029 1213 3217 1269 reddet
3245 1214 3363 1267 tibi.

1995 1308 2151 1363 Fcria
2182 1324 2234 1362 tv
2262 1309 2616 1362 hebdomadas
2647 1324 2765 1376 quae
2815 1322 3000 1376 supra.
3037 1305 3229 1360 Lectio
3255 1304 3507 1374 Epistolas

1926 1399 2067 1454 beati
2099 1399 2250 1454 Pauli
2269 1399 2497 1467 apostoli
2526 1401 2591 1451 ad
2616 1398 2898 1453 Hebraeos.
2941 1397 3184 1462 Fratres,
3210 1397 3274 1451 de
3308 1406 3506 1450 ca-tero

1925 1499 2205 1560 exspectat
2259 1490 2522 1544 Dominus
2567 1487 2725 1544 Jesus
2765 1490 2938 1544 donec
2984 1499 3258 1557 ponantur
3297 1486 3504 1540 inimici

1923 1581 2066 1652 ejus,
2105 1599 2268 1651 usque
2304 1583 2633 1636 horrendum
2681 1591 2766 1636 est
2813 1581 3053 1636 incidere
3094 1582 3146 1635 itt
3195 1596 3386 1635 manus
3408 1580 3504 1635 Dei

1928 1675 2179 1728 viventis.
2218 1673 2564 1744 Evangelium
2587 1665 2730 1743 q'uod
2762 1675 2813 1728 iit
2853 1673 3155 1728 Dominica.

1999 1784 2050 1821 vt
2083 1767 2204 1821 ldus
2257 1765 2612 1836 Septembris.
2649 1765 2918 1821 Nativitas
2964 1777 3166 1821 sanctae
3192 1764 3376 1819 Mariae
3408 1765 3504 1822 Dei

1925 1858 2238 1914 Genitricis.
2267 1855 2330 1910 Et
2357 1858 2536 1911 natale
2558 1858 2730 1911 sancti
2757 1857 2979 1910 Adriani
3006 1858 3282 1928 martyris.
3311 1856 3500 1912 Lectio

1925 1951 2048 2005 libri
2082 1951 2392 2020 Sapientiae.
2422 1949 2640 2003 Audivit
2683 1949 2890 2021 Moyses
2922 1948 3205 2003 Dominum
3238 1961 3292 2004 et
3314 1964 3501 2004 vocem

1925 2044 2117 2113 ipsius,
2169 2059 2328 2110 usque
2380 2042 2510 2095 unxi
2540 2056 2664 2095 eum
2715 2041 2839 2095 oleo
2889 2051 3100 2094 sancto.
3153 2039 3502 2108 Evangelium

1924 2135 2223 2192 secundum
2267 2133 2492 2198 Lucam,
2535 2147 2655 2199 cap.
2683 2149 2762 2199 ιιι,
2794 2131 3104 2202 Exsurgens
3139 2131 3306 2186 Maria
3367 2132 3504 2187 abiit

1925 2225 1979 2279 itt
2011 2235 2291 2287 montana,
2323 2238 2484 2292 usque
2519 2222 2571 2274 itt
2607 2221 2714 2276 Deo
2742 2221 2965 2276 salutari
3001 2236 3142 2276 meo.

1997 2315 2131 2371 Item
2167 2316 2326 2368 lectio
2357 2313 2670 2382 Sapientiae.
2707 2312 2933 2366 Factum
2993 2323 3078 2366 est
3111 2321 3300 2366 sancto
3331 2311 3384 2365 in
3425 2321 3504 2367 te-

1923 2418 2251 2463 ει.ιιιιειιιιιιιι
2287 2418 2573 2467 aeternum,
2616 2421 2777 2474 usque
2811 2406 3082 2473 ingentem
3119 2421 3307 2458 eorum
3341 2416 3501 2459 arte:-

1926 2515 2049 2553 uatu
2114 2498 2261 2551 fecit.
2317 2496 2667 2565 Evangelium
2707 2497 3003 2548 secundum
3054 2493 3340 2557 Joannem,
3378 2510 3500 2564 cap.

1923 2608 2128 2651 cxxxn,
2176 2591 2319 2643 Dixit
2363 2589 2524 2643 .lesns
2555 2588 2840 2658 discipulis
2882 2587 3017 2653 suis,
3058 2585 3165 2658 Ego
3203 2605 3324 2642 sum
3373 2588 3503 2643 vitis

1923 2699 2076 2747 vera,
2121 2699 2282 2752 usque
2313 2683 2566 2749 gaudium
2615 2692 2856 2734 vostrum
2896 2681 3136 2749 impleat.

1997 2790 2027 2825 v
2065 2774 2193 2826 ldus
2235 2773 2598 2840 Septembris.
2658 2773 2937 2838 Depositio
2990 2773 3164 2828 sancti
3207 2773 3501 2830 Audomari

1923 2863 2164 2933 epiSt-opi
2191 2871 2244 2915 et
2279 2862 2627 2916 confessoris.
2663 2860 2986 2915 Lectiolibri
3026 2862 3331 2931 Sapientiae.
3372 2863 3504 2918 For-

1926 2956 1994 3007 tis
2029 2954 2080 3007 itt
2117 2953 2254 3006 bello
2284 2950 2414 3006 Jesu
2450 2951 2616 3016 Nave,
2647 2968 2810 3020 usque
2843 2969 3038 3006 nomen
3071 2969 3258 3007 eorum
3293 2969 3505 3023 perma-

1927 3059 2013 3098 ttet
2063 3047 2117 3098 itt
2168 3054 2451 3099 a-lcrnum.
2509 3045 2862 3115 Evatigcliunt
2920 3045 3222 3098 secundum
3295 3042 3504 3098 Lucani

239 3132 592 3203 Evangeliutn
641 3105 941 3189 secundum
1004 3105 1222 3198 Μιιιιιιη
1265 3150 1315 3189 c.
1374 3149 1634 3199 CCLXXI",
1687 3105 1892 3188 dixitc
1926 3153 2044 3204 cap.
2093 3151 2237 3198 cuv,
2277 3133 2422 3189 Dixit
2461 3131 2617 3188 Jesus
2664 3105 2965 3204 vdiscipulis
2994 3136 3130 3201 suis,
3175 3136 3297 3189 Sitit
3332 3135 3504 3190 lunabi

237 3227 403 3280 .lesus
454 3227 740 3295 discipulis
767 3228 904 3293 suis,
959 3227 1190 3297 Vigilate
1221 3242 1373 3296 ergo,
1410 3242 1572 3297 usque
1619 3229 1819 3281 consti-

240 3330 356 3373 tuet
389 3335 538 3373 cum.

309 3411 467 3466 Fet-ta
507 3427 533 3463 ν
566 3412 916 3468 hebdomadas
963 3428 1081 3481 quae
1109 3427 1297 3482 supra.
1351 3411 1536 3467 Lectio
1568 3412 1820 3483 Epistola:

239 3508 380 3558 beati
404 3504 558 3558 Pauli
576 3507 805 3575 apostoli
825 3508 891 3559 ad
911 3504 1188 3561 Hebraeos.
1217 3506 1462 3568 Fratres,
1479 3507 1657 3560 omnis
1683 3521 1820 3575 pon-

242 3598 370 3650 tifex
400 3599 466 3650 ad
496 3596 773 3652 oﬂ‘erenda
803 3613 1050 3662 munera,
1077 3613 1236 3668 usque
1255 3611 1503 3652 sanetum
1527 3599 1816 3651 saeculate.

239 3691 591 3758 Evangeliutn
647 3690 948 3744 secundum
1003 3689 1224 3755 Mattb.,
1278 3706 1399 3760 cap.
1451 3705 1604 3756 xvttt,
1656 3683 1820 3743 Venit

238 3788 303 3836 ad
348 3782 538 3837 Jesum
595 3785 866 3853 leprosos,
925 3799 1086 3853 usque
1137 3783 1532 3838 conveniebant
1586 3782 1653 3836 ad
1692 3797 1814 3836 eunt

237 3873 498 3942 undique.
951 3941 960 3954 κ

309 3968 470 4020 Feria
509 3983 555 4021 γι
594 3966 942 4021 hebdomadas
977 3981 1097 4035 qua:
1129 3979 1310 4035 supra.
1344 3963 1526 4018 Lectio
1558 3961 1816 4034 Epistolae

240 4062 381 4114 beati
423 4059 574 4112 Pauli
601 4061 830 4124 apostoli
867 4060 931 4111 ad
971 4057 1243 4114 llebta-os.
1280 4057 1520 4122 Fratres,
1566 4060 1815 4111 taberna-

236 4158 420 4207 culum
486 4139 684 4207 [ειυιυιιι
723 4166 808 4208 est
843 4153 1109 4223 primum,
1143 4167 1306 4220 usque
1352 4159 1554 4205 aeterna
1589 4151 1814 4204 redem-

237 4252 427 4312 ptimte
467 4247 707 4298 inventa.
729 4245 1078 4313 Evangehum
1097 4245 1396 4297 secundum
1428 4241 1652 4306 Lucam,
1685 4257 1804 4310 eap.

237 4350 503 4398 ccxxvtu,
561 4333 705 4386 Dixit
739 4333 902 4387 Jesus
947 4333 1226 4401 discipulis
1262 4334 1373 4386 suis
1402 4332 1810 4387 similitudinem

1927 3227 2092 3282 vestri
2139 3228 2439 3296 praicincti,
2470 3244 2632 3297 usque
2674 3225 2846 3281 Filius
2890 3227 3125 3282 hominis
3155 3231 3321 3282 venit.

1996 3338 2049 3376 tv
2083 3322 2209 3376 ldus
2242 3321 2603 3392 Septembris.
2641 3320 2917 3390 Deposilio
2949 3321 3126 3375 sancti
3163 3320 3351 3374 llilarii
3378 3319 3500 3391 epiv

1923 3415 2094 3482 scepi.
2153 3413 2338 3468 Lectio
2373 3414 2493 3468 libri
2531 3413 2849 3483 Sapientiae.
2899 3411 3139 3468 Dilectus
3188 3429 3216 3466 a
3265 3413 3374 3468 Deo
3402 3427 3504 3468 suo

1921 3505 2159 3568 Samuel,
2241 3523 2400 3576 usque
2471 3508 2841 3563 exsultatione
2897 3507 3083 3562 Goliae.
3147 3506 3499 3576 Evangeliunt

1919 3600 2218 3654 secundum
2264 3599 2528 3664 Marenm,
2562 3616 2683 3672 cap.
2719 3616 2992 3666 cxxxvrtt,
3029 3599 3175 3654 Dixit
3203 3599 3364 3654 Jesus
3388 3599 3502 3653 dis-

1921 3693 2118 3762 cipulis
2149 3695 2284 3758 suis,
2321 3692 2511 3747 Videte
2541 3703 2608 3748 tte
2653 3695 2773 3763 quis
2802 3709 2897 3748 vos
2923 3693 3172 3759 seducat,
3215 3708 3380 3762 usque
3411 3692 3499 3748 th

1922 3785 2108 3838 salvas
2145 3782 2268 3836 erit.

1993 3891 2048 3929 ιιι
2096 3873 2220 3929 ldus
2276 3873 2639 3943 Septembris,
2691 3873 2880 3928 Natale
2925 3881 3236 3926 sanctorum
3265 3870 3412 3927 Proti
3444 3881 3500 3928 et
3541 3915 3546 3920 .

1919 3963 2174 4020 Jacincti.
2213 3963 2399 4019 Lectio
2453 3965 2574 4018 libri
2629 3965 2942 4035 Sapientiae.
2996 3963 3274 4018 invocavit
3329 3964 3496 4018 David

1922 4057 2207 4111 Dominum
2240 4058 2689 4126 omnipotentem,
2721 4074 2883 4127 usque
2910 4060 3204 4128 potentiam
3244 4057 3499 4112 inimico-

1921 4167 2063 4204 rum.
2125 4151 2477 4222 Evangelium
2526 4151 2822 4204 secundum
2876 4149 3093 4215 Matth.,
3123 4165 3242 4220 cap.
3273 4165 3497 4217 Luxu,

1917 4243 2062 4298 Dixit
2105 4242 2266 4298 Jesus
2303 4244 2584 4313 discipulis
2625 4245 2762 4309 suis,
2791 4243 2929 4297 Cum
2971 4255 3367 4313 persequentur
3399 4258 3499 4302 vos

1917 4337 2215 4390 incivitate
2253 4339 2383 4402 ista,
2422 4353 2584 4406 usque
2624 4353 2806 4392 coram
2836 4335 2999 4390 Patre
3030 4350 3150 4392 meo
3200 4337 3290 4406 qui
3335 4336 3500 4390 estin

240 4429 406 4490 hanc,
461 4425 632 4480 llotno
683 4428 903 4496 quidam
936 4427 1154 4491 nobilis,
1213 4441 1373 4495 usque
1419 4427 1720 4480 ascendens
1760 4426 1812 4479 ιιι
1848 4454 1890 4506 ο
1919 4430 2092 4484 caelis.

242 4524 362 4576 lliea
378 4525 606 4574 usalem.

309 4615 555 4669 Sabbato
583 4613 928 4668 hebdomada:
957 4629 1079 4684 qua:
1123 4627 1310 4682 supra.
1351 4612 1534 4667 Lectio
1565 4612 1817 4683 Epistolae

238 4705 381 4756 beati
435 4703 585 4757 Pauli
627 4705 854 4772 apostoli
883 4709 950 4758 ad
1006 4704 1285 4758 Hebraeos.
1318 4701 1559 4769 Fratres,
1590 4706 1634 4758 si
1669 4706 1813 4758 enim

232 4797 465 4866 sanguis
516 4797 809 4862 hircorum,
861 4813 1022 4864 usque
1061 4797 1383 4851 melioribus
1431 4798 1621 4850 hostiis
1651 4815 1812 4867 quam

231 4891 372 4940 istis.
417 4886 765 4957 Evangelium
814 4892 1056 4943 secundu
1085 4908 1113 4940 ιι
1154 4887 1371 4952 Μιιιιιιη
1411 4906 1534 4958 cap.
1573 4905 1812 4957 ccxxx”,

233 4982 380 5036 Dixit
409 4981 568 5036 Jcsus
597 4985 768 5038 turbis
791 4983 1101 5039 Iudaeorum
1124 4994 1176 5039 et
1205 4983 1541 5053 principibus
1567 4984 1816 5035 sacerdo-

235 5090 374 5141 tntn,
409 5078 500 5129 Vae
534 5079 707 5142 vobis,
747 5076 949 5131 Scriba:
976 5090 1026 5130 et
1063 5079 1345 5143 Pharisaei,
1380 5092 1540 5146 usque
1572 5077 1658 5128 illa
1699 5092 1808 5128 non

234 5171 516 5223 omittere.

305 5261 506 5315 Domiti
532 5276 593 5315 ca
624 5263 823 5315 mensis
857 5278 927 5315 τι.
982 5257 1168 5315 Lectio
1206 5259 1457 5330 Epistulae
1485 5261 1627 5328 beati
1659 5256 1809 5310 Pauli

223 5355 484 5424 apostoli.
515 5353 760 5420 Fratres,
788 5356 832 5408 si
870 5356 1103 5423 vnitnus
1126 5355 1341 5425 spiritu,
1369 5371 1528 5422 usque
1558 5353 1812 5407 domesti-

224 5461 320 5500 cos
347 5444 493 5499 ﬁdei.
524 5444 871 5512 Evangelium
912 5446 1204 5500 secundum
1229 5442 1454 5506 Lucam,
1485 5459 1605 5512 cap.
1627 5455 1803 5508 vatl,

223 5536 343 5592 ibat
367 5532 532 5590 Jesus
563 5539 612 5588 in
642 5537 939 5593 civitatem,
975 5551 1136 5604 usque
1169 5535 1378 5604 plebem
1415 5549 1553 5592 suat:

297 5628 444 5682 Non.
497 5627 849 5696 Sep'embris.
895 5627 948 5679 In
1002 5626 1194 5692 Gallia,
1245 5625 1465 5680 civitate
1521 5620 1805 5689 Vesuntio,

219 5727 406 5784 natale
458 5735 767 5782 sanctetum
816 5725 1011 5780 Fct'lttil
1062 5736 1114 5780 et
1163 5725 1441 5780 Fertttioni
1480 5739 1600 5779 cunt
1640 5724 1804 5778 sociis

1895 4554 1900 4558 -
1993 4522 2271 4575 Dotninica
2300 4523 2501 4576 mensis
2532 4538 2649 4576 vm.
2678 4521 2860 4577 Lectio
2887 4522 3142 4592 Epistol.e
3173 4525 3314 4578 beati
3347 4524 3501 4578 Pauli

1920 4615 2149 4682 apostoli
2182 4616 2247 4667 ad
2283 4615 2563 4682 Ephesos.
2597 4612 2840 4677 Fratres,
2871 4615 3106 4668 obsecro
3156 4631 3251 4669 vos
3281 4617 3501 4670 vinctus

1922 4706 1972 4758 itt
2031 4705 2277 4769 Dentiuo,
2315 4723 2476 4774 usque
2530 4707 2581 4759 itt
2617 4707 2868 4760 munibus
2929 4707 3106 4760 nobis.
3148 4707 3499 4774 Evattgcli‘um

1919 4799 2214 4851 secundum
2254 4798 2472 4862 Lucam,
2516 4814 2640 4867 Cap.
2675 4815 2854 4863 cum,
2917 4799 3052 4852 Cum
3087 4801 3312 4853 intraret
3341 4798 3501 4854 .lesus

1921 4892 1972 4946 in
2003 4895 2220 4946 domum
2255 4893 2556 4960 cujusdam,
2615 4908 2777 4959 usque
2798 4891 3142 4946 ex:tltaliitur.

1994 4983 2150 5039 Feria
2187 5000 2220 5038 ιι
2245 4985 2598 5038 ltebtlmnatlae
2641 5000 2822 5052 supra.
2863 4984 3050 5037 Lectio
3077 4985 3326 5054 Epistolas
3351 4985 3497 5040 beati

1920 5075 2072 5130 Pauli
2103 5075 2332 5145 apostoli
2361 5076 2426 5129 ad
2464 5075 2736 5130 “cbl'tl‘os.
2772 5075 3021 5140 Fratres,
3051 5077 3495 5132 retnetnorantini

1920 5179 2097 5223 autem
2152 5169 2415 5238 pristinos
2451 5168 2586 5234 dies,
2633 5186 2794 5239 usque
2827 5185 2992 5240 Super
3025 5170 3168 5223 illam
3203 5169 3496 5227 definimus

1917 5260 2095 5315 adhuc
2120 5262 2386 5329 loquitur.
2415 5260 2761 5330 Evangelium
2797 5263 3094 5316 secundum
3121 5261 3344 5327 Lucam,
3365 5277 3489 5333 eap.

1915 5370 2070 5420 CCXL,
2106 5354 2344 5409 Docente
2389 5355 2518 5408 .lesu
2575 5356 2831 5424 populum
2881 5355 2936 5408 in
2992 5355 3216 5425 templo,
3251 5373 3414 5427 usque
3440 5359 3495 5412 in

1915 5465 2020 5519 qua
2066 5459 2341 5519 potestate
2387 5449 2502 5504 haec
2554 5449 2713 5503 facio.

1988 5528 2172 5596 ilibus
2197 5541 2558 5611 Septembris.
2585 5539 2820 5595 Duronis
2843 5540 3114 5611 depositio
3135 5542 3311 5596 sancti
3329 5541 3496 5598 Lido-

1917 5634 1990 5690 ris
2008 5635 2269 5703 episcopi.
2300 5633 2366 5687 Et
2392 5634 2708 5702 Atidigavis,
2731 5633 2999 5702 depositio
3028 5634 3302 5688 Aureliani
3337 5632 3496 5705 [Lege

1916 5725 2176 5796 Maurilii]
2203 5727 2461 5796 episcopi.
2496 5725 2679 5781 LeCtio
2718 5723 2839 5779 libri
2876 5725 3194 5796 Sapientiae.
3233 5724 3499 5782 Salomon
