3956 6196
453 314 562 379 539

1413 313 1476 373 S.
1518 309 1962 372 IIIERONYMI
1995 305 2319 368 OPERUM
2357 305 2761 368 MANTISSA.

3591 288 3698 356 διο

453 425 766 494 impetravit
824 425 876 480 in
917 425 1107 480 diebus
1164 423 1332 493 pacis,
1396 439 1556 494 usque
1613 423 1861 479 liberavit
1909 437 2022 477 eos.
2058 427 2098 482 Α
2133 420 2439 486 meretrix,-
2463 432 2624 488 usque
2659 417 2713 469 in
2744 413 2968 470 dextera
3001 411 3148 471 sedis
3177 409 3270 465 Dei
3305 409 3476 464 sedet.
3523 405 3697 460 Evan-

452 514 804 586 Evangelium
853 515 1150 570 secundum
1203 514 1420 582 Matth.,
1451 531 1572 583 cap.
1621 531 1846 576 Lxxxtx,
1883 512 2025 568 Dixit

450 605 607 664 Jesus
636 607 916 677 discipulis
962 608 1100 674 suis,
1133 607 1268 662 Cum
1309 617 1710 678 persequentur
1746 621 1836 663 vos
1868 622 1920 660 tn
1945 622 2022 661 ct-

452 700 621 754 vitate
653 698 773 766 ista,
817 714 977 768 usque
1010 714 1196 756 coram
1229 698 1392 756 Patre
1427 713 1549 756 meo
1583 699 1677 770 qui
1720 709 1804 756 est
1838 699 1891 755 in
1917 714 2026 756 coe-

451 788 538 844 lis.

519 895 652 936 xvttt
702 879 823 935 Kal.
857 879 1131 937 Octobris.
1166 881 1362 940 Natale
1395 887 1572 942 sancti
1609 885 1846 942 Cornelii
1877 903 2021 958 pon-

451 971 611 1027 tilicis
658 981 712 1028 et
746 972 924 1028 sancti
972 973 1250 1046 Cypriani,
1311 986 1479 1048 atque
1535 981 1795 1036 exaltatio
1824 994 2026 1038 sanctae

446 1061 664 1119 Crucis.
700 1055 886 1119 Lectio
914 1065 1034 1120 libri
1079 1066 1395 1136 Sapientizc.
1438 1070 1691 1148 Surrexit
1723 1073 1867 1130 Elias
1893 1091 2024 1144 pro-
2083 1089 2100 1102 °

446 1155 606 1224 pheta
637 1157 789 1224 quasi
825 1157 984 1226 ignis,
1038 1175 1200 1230 usque
1252 1171 1417 1232 atque
1442 1166 1744 1222 evenirent.
1784 1167 2027 1240 Evange-

449 1248 574 1303 lium
613 1250 914 1302 secundum
974 1247 1196 1318 Lucam,
1249 1267 1372 1322 cap.
1431 1270 1554 1324 οη,
1595 1257 1818 1313 Dicebat
1864 1259 2026 1317 JCaUS

449 1336 620 1390 turbis
652 1336 1052 1392 Pharisaeorum
1085 1349 1139 1394 et
1187 1341 1544 1411 principibus,
1581 1360 1741 1415 usque
1780 1354 1838 1401 ut
1863 1362 2026 1403 accu-

447 1436 628 1480 sarettt
658 1443 804 1482 eum.

517 1517 647 1570 Item
686 1519 752 1573 de
803 1534 988 1576 cruce.
1019 1519 1204 1578 Lectio
1246 1524 1504 1594 Epistolae
1538 1529 1681 1583 beati
1710 1528 1860 1586 Pauli
1897 1547 2026 1604 apo-

447 1609 571 1663 stoli
608 1609 675 1664 ad
726 1610 1126 1684 Philippenses.
1164 1615 1408 1682 Fratres,
1436 1618 1542 1674 hoc
1571 1621 1713 1676 enim
1748 1625 1943 1681 sentite
1971 1627 2022 1682 in

450 1700 626 1766 vobis,
661 1719 826 1772 usque
857 1705 910 1758 in
963 1707 1136 1777 gloria
1174 1719 1256 1766 est
1289 1709 1383 1766 Dei
1429 1712 1627 1770 Patris.
1673 1714 2019 1789 Evangeliutn
2057 1775 2082 1789 _,

2129 515 2323 582 gelium
2358 511 2502 581 quod
2535 513 2588 565 in
2637 508 2913 564 Dominica
2951 508 3140 577 ipsius.
3601 539 3628 554 κ

2199 603 2356 660 Feria
2389 620 2439 658 vt
2492 603 2848 658 hebdomade?
2897 615 3020 671 quas
3071 613 3255 667 supra.
3310 595 3500 652 Lectio
3547 594 3700 652 Osca:

2127 699 2423 768 prophetae.
2463 695 2584 750 ΙΙωο
2618 695 2751 751 dicit
2807 693 3088 757 Dominus,
3117 691 3452 754 Convertere
3501 691 3567 743 ad
3592 689 3697 742 lio-

2131 789 2335 841 minum
2375 786 2539 842 Deum
2572 796 2745 851 tuum,
2779 800 2943 854 usque
2973 783 3104 854 justi
3129 781 3488 837 ambulabunt
3509 779 3564 834 in
3593 779 3696 833 eis.

2130 875 2238 930 Eva
2251 876 2486 947 ngelium
2515 875 2812 932 secundum
2839 875 3065 940 Lucam,
3107 887 3231 942 cap.
3260 887 3444 936 xxxvi,
3469 871 3701 925 Sedebat

2125 968 2285 1026 Jesns
2313 969 2541 1036 docens,
2564 985 2729 1040 usque
2755 968 2988 1022 vidimus
3011 965 3276 1021 mirabilia
3303 965 3486 1020 hodie.

2199 1062 2442 1118 Sabbato
2468 1062 2524 1118 in
2556 1077 2632 1116 xtt
2651 1058 2998 1116 lectionibus.
3023 1055 3210 1112 Lectio
3227 1055 3355 1112 libri
3379 1056 3624 1112 Levitici.
3642 1057 3700 1110 In

2127 1155 2317 1211 diebus
2343 1155 2451 1212 illis
2489 1155 2704 1211 locutus
2741 1161 2828 1208 est
2852 1150 3111 1206 Dominus
3135 1149 3202 1206 ad
3233 1151 3458 1222 Moysen
3489 1151 3701 1214 dicens,

2126 1245 2345 1300 Decimo
2397 1245 2602 1301 mensis
2637 1241 2877 1314 septimi,
2930 1255 3090 1309 usque
3129 1237 3362 1295 Sabbata
3393 1250 3594 1304 vestra,
3619 1239 3704 1294 di-

2127 1339 2202 1411 cit
2225 1337 2486 1392 Dominus
2519 1338 2886 1405 omnipotens.

2194 1429 2325 1486 ltem
2361 1431 2463 1486 alia
2489 1432 2650 1488 lectio
2678 1434 2924 1490 Levitici.
2953 1433 3008 1488 In
3032 1433 3224 1488 diebus
3251 1431 3357 1485 illis
3381 1433 3592 1484 locutus
3614 1435 3705 1482 est

2129 1519 2388 1576 Dominus
2417 1521 2485 1576 ad
2517 1522 2734 1594 Moysen
2759 1522 2972 1587 dicens,
2996 1521 3414 1588 Quintodeeimo
3438 1519 3526 1572 die
3547 1532 3701 1571 men-

2125 1615 2200 1667 sis
2229 1613 2466 1683 septimi,
2502 1630 2670 1684 tuque
2692 1628 2796 1684 ego
2828 1615 3092 1670 Dominus
3129 1615 3272 1668 Deus
3306 1621 3511 1667 vester.

2195 1706 2326 1760 item
2349 1705 2506 1760 lectio
2528 1704 2750 1761 Micliete
2769 1707 3064 1776 prophetre,
3084 1703 3306 1758 Domine
3328 1703 3469 1756 Deus
3488 1710 3698 1764 noster,

449 1805 523 1844 set
544 1793 746 1846 undum
769 1792 1056 1864 Joannem,
1083 1813 1204 1869 cap.
1237 1816 1422 1866 xxxiv,
1463 1804 1588 1858 Erat
1615 1805 1776 1862 homo
1801 1781 1865 1864 ex
1887 1807 2017 1864 Pha-

2145 1810 2287 1850 iasce
2345 1797 2624 1866 populum,
2659 1813 2822 1868 usque
2856 1811 2886 1851 a
2933 1797 3128 1852 diebus
3181 1795 3438 1864 antiquis,
3469 1793 3703 1848 Domine

451 1883 641 1946 risteis,
696 1902 858 1953 usque
905 1887 1066 1944 vitam
1104 1902 1386 1948 aeternam.

516 1992 622 2029 xm
653 1975 770 2034 Kal.
804 1979 1076 2038 Octobris.
1106 1982 1295 2040 Natale
1343 1990 1518 2044 sancti
1550 1987 1880 2049 Nicomedis.
1920 1993 2021 2048 Le-

447 2068 556 2119 ctio
582 2067 704 2122 libri
743 2070 1058 2138 Sapientiae.
1095 2073 1150 2129 in
1191 2081 1588 2148 compositione
1619 2085 1825 2150 odoris,
1857 2101 2021 2155 usque

445 2157 497 2212 iu
539 2161 800 2231 0-igincm
835 2167 1028 2221 Adam.
1083 2167 1431 2238 Evangelium
1468 2178 1762 2230 secundum
1794 2176 2017 2244 Lucam,

443 2266 568 2321 cap.
609 2270 754 2318 xcvi,
789 2257 934 2312 Dixit
966 2257 1125 2317 Jcsns
1171 2263 1454 2333 discipulis
1480 2267 1616 2332 suis,
1653 2267 1708 2322 Si
1755 2270 1877 2339 quis
1908 2272 2021 2325 vult

441 2357 564 2413 pOst
585 2362 668 2401 me
701 2351 906 2414 venire,
937 2368 1097 2421 usque
1124 2355 1339 2409 videant
1369 2372 1588 2426 regnum
1621 2359 1736 2415 Dei.

517 2453 606 2492 xvi
657 2439 777 2495 Kal.
839 2443 1113 2502 Octobris.
1170 2445 1359 2502 Natale
1408 2461 1716 2504 sanctarum
1753 2453 2017 2522 virginum

445 2524 630 2580 Luciaa
647 2537 702 2582 et
726 2528 1010 2587 Eufemiae.
1033 2532 1218 2589 Lectio
1244 2536 1364 2590 libri
1393 2535 1705 2608 Sapientiae.
1735 2540 1844 2611 Ego
1866 2546 2017 2610 quasi

445 2616 568 2670 vitis
608 2617 958 2687 fructiﬁcavi,
991 2640 1153 2694 usque
1207 2627 1374 2681 vitam
1422 2637 1682 2685 aeternam
1725 2633 2018 2690 habebunt.

442 2706 794 2780 Evangelium
839 2717 1133 2770 secundum
1179 2717 1518 2788 Matthzeum,
1571 2737 1692 2792 cap.
1725 2740 1844 2792 cxc,
1875 2728 2019 2782 Dixit

445 2797 610 2856 .lesus
657 2804 940 2874 discipulis
982 2809 1118 2876 suis,
1167 2808 1356 2867 Simile
1383 2823 1470 2870 est
1497 2829 1719 2883 regnum
1756 2819 2016 2873 ccelorum

442 2894 695 2952 thesauro
722 2897 1063 2966 abscondito,
1089 2921 1249 2974 usque
1279 2921 1413 2960 nova
1451 2917 1504 2962 et
1529 2918 1733 2965 vetera.

515 3003 581 3040 xv
610 2987 732 3046 Kal.
760 2990 1033 3049 Oetobris.
1065 2995 1118 3050 lu
1143 2997 1327 3062 Ledio,
1360 2999 1629 3067 depositio
1665 3003 1839 3057 sancti
1872 3002 2017 3058 Lan-

2123 1885 2264 1941 l)ens
2297 1897 2504 1942 uoster.

2193 1979 2328 2034 Item
2383 1982 2541 2036 lectio
2597 1981 2877 2036 Zacharia:
2903 1981 3231 2052 (prophetat.
3273 1979 3333 2034 In
3371 1980 3563 2034 diebus
3593 1980 3706 2034 ill-'s

2125 2072 2324 2127 factum
2379 2077 2716 2129 est'vcrbutn
2773 2073 2980 2128 Domini
3035 2073 3101 2128 ad
3164 2087 3248 2127 me
3277 2073 3491 2135 dicens,
3539 2089 3707 2142 usque

2125 2181 2310 2235 pacem
2348 2166 2576 2237 diligite,
2606 2167 2736 2222 dicit
2773 2165 3033 2221 Dominus
3083 2166 3430 2234 omnipotens
3484 2165 3706 2220 exerciv

2125 2267 2299 2311 tutttlt.
2687 2305 2689 2308 ι

2195 2349 2327 2403 item
2357 2350 2521 2403 lectio
2543 2348 2664 2404 libri
2689 2348 2880 2404 Exodi.
2905 2349 2961 2403 in
2983 2347 3180 2404 diebus
3216 2347 3322 2402 illis
3342 2349 3521 2402 oravit
3551 2347 3706 2420 Moy-

2121 2455 2208 2494 st-s
2238 2442 2303 2494 ad
2337 2440 2626 2495 Dominum
2650 2439 2817 2495 Deum
2847 2455 3003 2494 suum
3042 2440 3253 2504 dicens,
3277 2437 3407 2496 Cur.
3445 2437 3704 2501 Domine,

2124 2533 2375 2588 irascitur
2403 2532 2554 2588 furor
2591 2544 2734 2600 tuus,
2765 2549 2928 2603 usque
2949 2534 3212 2586 adversus
3274 2530 3540 2600 p0pulum
3571 2547 3708 2586 san-

2122 2634 2290 2690 ctum,
2324 2623 2550 2678 Domine
2582 2623 2728 2678 Deus
2782 2631 2985 2677 noster.

2193 2715 2377 2784 Lectio
2409 2714 2668 2784 Epistolae
2693 2715 2835 2770 beati
2862 2713 3014 2768 Pauli
3049 2713 3278 2784 apostoli
3319 2715 3385 2768 ad
3421 2711 3703 2770 Hebraeos.

2123 2782 2362 2875 Fratres,
2416 2782 2826 2863 tabernaculum
2869 2782 3095 2863 factum:
3123 2817 3206 2862 est
3239 2808 3493 2877 primum,
3536 2823 3706 2876 usque

2121 2911 2318 2956 arterna
2348 2900 2716 2970 redemptione
2739 2903 2977 2956 inventa.
3027 2901 3372 2968 Evangelium
3402 2901 3705 2955 secundum

2120 2994 2346 3060 Lucam,
2376 3010 2495 3064 cap.
2523 3010 2699 3059 CLXIV,
2729 2994 2858 3048 Erat
2888 2993 3046 3049 .lcsus
3078 2993 3282 3048 docens
3307 2992 3360 3046 in
3385 2993 3706 3064 synagogis,

439 3080 639 3177 diberti
667 3083 932 3154 episcopi.
959 3086 1144 3144 Lectio
1168 3088 1289 3146 libri
1307 3091 1619 3162 Sapientiae.
1641 3093 1827 3150 Simon
1863 3095 2018 3151 Oniac
2045 3122 2087 3177 ο
2123 3105 2285 3160 usque
2319 3089 2553 3159 gloriose
2599 3090 2798 3146 ﬁebam
2826 3088 2893 3144 ab
2914 3103 3001 3143 θοο

441 3173 585 3229 lilius
629 3177 882 3232 sacerdos
914 3194 1162 3251 magnus,
1216 3198 1376 3252 usque
1409 3187 1882 3243 consummatione
1911 3187 2022 3242 vit-

439 3268 590 3320 tntis.
654 3267 1003 3340 Evangelium
1067 3275 1368 3328 secundum
1418 3275 1649 3342 Lucam,
1697 3293 1817 3347 cap.
1873 3295 2016 3344 xcvi,

437 3358 582 3412 Dixit
639 3357 802 3416 Jesus
842 3363 1123 3433 discipulis
1167 3366 1305 3436 suis,
1369 3367 1426 3422 Si
1461 3370 1584 3438 quis
1611 3370 1726 3424 vult
1777 3382 1901 3441 post
1931 3387 2017 3427 me

438 3451 643 3514 venire,
690 3470 850 3524 usque
882 3455 1100 3511 videant
1138 3473 1361 3530 regnum
1397 3459 1517 3519 Dei.
1642 3521 1644 3523 ,
1705 3529 1720 3540 ,

511 3543 790 3600 Dominica
828 3549 1031 3606 mensis
1067 3567 1159 3607 vn.
1196 3551 1380 3608 Lectio
1410 3553 1665 3626 Epistula:
1689 3557 1831 3614 beati
1862 3557 2012 3615 Pauli

435 3637 666 3703 apestoli
722 3641 788 3692 ad
839 3639 1175 3698 Corinthios.
1229 3642 1470 3712 Fratres,
1507 3649 1714 3719 gratias
1767 3665 1868 3721 ago
1905 3650 2014 3707 Deo

436 3747 580 3799 meo,
613 3749 775 3804 usque
825 3739 1094 3793 adventus
1146 3737 1361 3796 Domini
1415 3744 1588 3799 nostri
1625 3741 1755 3802 Jesu
1785 3745 2009 3803 Christi.

433 3825 782 3896 Evangelium
810 3835 1108 3885 secundum
1141 3831 1475 3898 Matthacum.
1503 3851 1628 3908 cap.
1654 3853 1876 3904 ccxxtu,
1907 3841 2010 3894 Ac-

431 3913 698 3975 cedentes‘
745 3922 811 3976 ad
869 3921 1054 3979 Jesum
1110 3924 1420 3995 Sadducwi,
1458 3945 1620 3997 usque
1669 3929 2013 3986 mirabantur

435 4012 488 4064 in
529 4009 778 4066 doctrina
819 4013 958 4084 ejus.

504 4103 660 4158 Feria
693 4119 730 4159 ιι
762 4106 1114 4163 hebdomade;
1149 4123 1272 4178 qua:
1296 4124 1485 4180 supra.
1539 4109 1724 4167 Lectio
1753 4111 2013 4183 Epistolas

433 4194 576 4248 beati
607 4195 752 4250 Pauli
773 4199 1008 4268 apostoli
1028 4201 1092 4254 ad
1114 4199 1391 4257 Hebrtros.
1417 4201 1666 4268 Fratres,
1693 4205 1798 4261 [ide
1823 4205 2009 4262 Enoch

432 4287 727 4344 translatus
770 4302 877 4354 est,
915 4307 1074 4361 usque
1104 4292 1347 4358 hospites
1376 4306 1798 4365 super-terram.
1830 4297 2007 4352 Evan-

431 4377 628 4446 geliutu
657 4383 952 4436 secundum
986 4381 1213 4450 Lucam,
1249 4401 1373 4455 cap.
1416 4403 1643 4454 xxxvm,
1676 4389 1822 4446 Vidit
1849 4389 2009 4446 Jesus

2191 3181 2468 3237 Dominica
2502 3182 2707 3237 mensis
2744 3197 2841 3237 vu.
2872 3180 3064 3236 Lectio
3088 3179 3346 3250 Epistolas
3376 3179 3520 3235 beati
3546 3180 3706 3236 Pauli

2118 3274 2348 3343 apostoli
2381 3275 2448 3329 ad
2499 3273 2781 3344 Ephesios.
2829 3271 3070 3340 Fratres,
3118 3275 3460 3330 renovamini
3493 3275 3701 3343 spiritu

2120 3365 2319 3421 mentis
2337 3376 2550 3430 vestrtc,
2564 3383 2724 3436 usque
2749 3369 3127 3422 necessitatem
3146 3366 3501 3436 patientibus.
3522 3365 3709 3420 Evan-

2121 3457 2316 3530 gelium
2368 3457 2666 3513 secundum
2717 3457 3050 3523 Matthaeum,
3083 3472 3204 3528 cap.
3236 3472 3364 3522 Lxx,
3387 3459 3708 3514 Ascendeus

2117 3549 2276 3607 Jesus
2292 3553 2343 3606 in
2368 3552 2638 3621 navicula,
2662 3568 2824 3622 usque
2842 3559 3162 3622 potestatem
3183 3553 3342 3606 talem
3362 3551 3708 3610 hominibus.

2193 3660 2263 3699 xit
2310 3644 2431 3700 Kal.
2477 3643 2750 3700 Octobris.
2799 3643 2986 3699 Natale
3014 3655 3332 3699 sanctorum
3364 3645 3706 3712 Dorondoni,

2121 3739 2412 3805 Dorotbaei,
2465 3736 2690 3803 Privati,
2748 3737 2966 3801 Felicis.
3013 3735 3370 3802 Constantite,
3403 3739 3495 3807 qui
3550 3739 3708 3808 passi

2119 3840 2247 3886 sunt
2275 3830 2380 3885 sub
2404 3829 2638 3885 Nerone.
2676 3828 2863 3884 Lectio
2892 3829 3015 3883 libri
3045 3829 3357 3900 Sapientia.
3382 3832 3441 3883 in
3461 3845 3707 3886 ascensu

2121 3923 2308 3978 altaris
2325 3923 2526 3990 sancti,
2551 3939 2714 3993 usque
2734 3923 3034 3978 secundum
3055 3939 3208 3977 suam
3233 3923 3704 3979 misericordiam.

2122 4015 2474 4088 Evangelium
2505 4015 2800 4071 secundum
2837 4014 3172 4080 Matthazum,
3208 4029 3259 4070 c.
3300 4030 3516 4082 ccum,
3551 4015 3711 4072 Dixit

2116 4093 2274 4166 Jesus
2313 4109 2599 4180 discipulis
2626 4109 2768 4174 suis,
2833 4107 3068 4178 Vigilate
3097 4109 3222 4178 quia
3273 4110 3500 4165 nescitis
3528 4113 3707 4177 diem,

2123 4217 2282 4272 usque
2314 4201 2612 4256 constituet
2661 4216 2806 4256 eum.

2189 4310 2242 4349 xt
2270 4295 2396 4350 Kal.
2419 4291 2698 4349 Octobris.
2723 4295 2779 4349 in
2800 4293 3044 4360 Persida,
3069 4295 3246 4351 natale
3266 4298 3437 4352 sancti
3455 4295 3704 4351 ilatthzri

2119 4386 2350 4456 apostoli
2373 4397 2428 4442 et
2447 4385 2812 4458 evangelista.
2842 4385 2907 4441 Et
2941 4389 3113 4442 sancti
3139 4388 3297 4444 Luca:
3323 4389 3700 4458 evangelista;

432 4471 781 4539 publicanum
829 4475 1050 4531 nomine
1080 4475 1230 4545 Levi,
1277 4493 1441 4550 usque
1469 4491 1786 4551 peccatores
1813 4485 1863 4537 in
1900 4499 2014 4553 pm.
2049 4461 2090 4515 θ
2121 4475 2305 4531 Leotio
2329 4477 2453 4532 libri
2483 4477 2842 4549 Apocalypsis
2864 4475 3092 4532 Joannis
3122 4479 3374 4546 aposmli.
3414 4479 3470 4533 lu
3499 4479 3707 4535 diebus

431 4563 736 4624 nitentiam.

507 4655 668 4712 Feria
699 4673 756 4713 ιιι
784 4657 1146 4718 hebdomadas
1178 4678 1302 4734 quze
1337 4681 1524 4735 supra.
1550 4664 1738 4722 Lectio
1760 4666 2012 4738 Epistula:

405 4751 573 4830 .bcati
603 4749 756 4805 Pauli
782 4755 1015 4823 apostoli
1038 4755 1105 4811 ad
1142 4755 1419 4813 Hebraeos.
1450 4755 1691 4826 Fratres,
1726 4760 1818 4828 qui
1852 4764 2012 4828 sedu¢

430 4849 558 4894 cunt
585 4843 902 4913 peregrinos
924 4854 978 4899 et
1003 4844 1246 4916 hospites
1272 4863 1435 4918 super
1462 4857 1687 4914 terram,
1705 4849 2014 4920 significant

431 4950 511 4999 se,
541 4951 704 5004 usque
727 4935 962 4991 circuitu
995 4936 1206 4993 dierum
1238 4951 1469 5008 septem.
1503 4940 1849 5012 Evangelium
1869 4941 2012 5012 quod

429 5031 545 5098 ipsa
598 5027 895 5084 Dominica.

507 5122 663 5178 Feria
692 5138 746 5178 tv
796 5123 849 5178 in
889 5123 1102 5194 jejunio
1135 5124 1485 5182 hebdomadas
1515 5141 1637 5196 quae
1668 5143 1851 5198 supra.
1915 5127 2014 5185 Le-

434 5217 548 5271 ctio
583 5217 749 5272 Amos
770 5219 1071 5287 prophetae.
1095 5216 1220 5274 Haec
1251 5219 1383 5274 dicit
1411 5221 1694 5286 Dominus,
1729 5221 1867 5277 Ecce
1897 5222 2016 5277 dies

439 5309 682 5376 venient,
715 5317 769 5364 et
818 5309 1248 5380 comprehendet
1297 5322 1507 5376 arator,
1562 5329 1720 5382 usque
1754 5315 1820 5369 de
1870 5322 2013 5369 terra

437 5417 533 5456 sua
551 5416 716 5470 quam
733 5402 854 5457 dedi
873 5403 976 5466 eis,
1001 5403 1132 5458 dicit
1156 5403 1418 5458 Dominus
1441 5407 1810 5476 omnipotens.
1837 5405 2014 5460 Evan-

437 5493 638 5562 gelium
684 5495 982 5549 secundum
1015 5495 1279 5562 Marcum,
1325 5515 1444 5569 cap.
1490 5515 1596 5564 xei,
1654 5499 2013 5568 ltespoudcns

443 5601 585 5640 unus
615 5587 684 5639 de
721 5586 876 5640 turba
912 5588 1064 5650 dixit,
1088 5605 1248 5659 usque
1281 5592 1334 5644 in
1364 5592 1609 5646 oratione
1643 5600 1696 5645 et
1721 5590 1954 5658 jejunio.

519 5677 670 5731 Feria
707 5695 735 5730 v
769 5679 1114 5735 hebdomadaz
1161 5699 1278 5752 qum
1307 5699 1492 5750 supra.
1530 5684 1712 5738 Lectio
1759 5681 2016 5752 Epistulae

444 5769 586 5823 beati
614 5764 760 5824 Pauli
801 5775 1025 5840 apostoli
1056 5777 1119 5829 ad
1154 5773 1429 5832 cht'mos.
1464 5776 1701 5842 Fratres,
1732 5776 1834 5830 title
1863 5776 2012 5831 [inab

2117 4568 2226 4623 illis
2259 4568 2368 4622 vidi
2394 4568 2595 4623 ostium
2629 4578 2880 4638 apertum
2910 4571 2963 4623 in
3001 4570 3159 4637 caelo,
3194 4586 3360 4640 usque
3385 4572 3707 4628 adorabunt

2117 4663 2387 4716 viventem
2419 4664 2471 4716 in
2499 4662 2698 4717 smcula
2723 4663 3070 4717 swculorum.
3103 4662 3454 4732 Evangelium
3490 4679 3706 4719 secun-

2116 4755 2241 4807 dttm
2276 4752 2502 4818 Lucam,
2549 4768 2670 4823 cap.
2713 4768 2943 4816 XXXHII.
2982 4752 3303 4810 ViditJesus
3339 4753 3707 4824 publicanum

2117 4851 2336 4902 nomine
2368 4846 2520 4911 Levi,
2548 4862 2712 4918 usque
2732 4857 3052 4916 peccatores
3091 4848 3142 4901 in
3179 4847 3585 4916 ptenitentiam.

2190 4955 2218 4992 x
2260 4938 2380 4994 Kal.
2413 4935 2694 4994 Octobris.
2727 4937 2978 5010 Agauuo,
3003 4939 3186 4993 natale
3209 4948 3520 4992 sanctorum
3545 4937 3713 4991 Mau-

2115 5031 2238 5096 rici,
2280 5029 2570 5100 Exsuperi,
2624 5029 2878 5095 Candidi,
2910 5046 3033 5085 cum
3086 5031 3210 5086 aliis
3252 5030 3498 5100 quinque
3525 5030 3598 5084 nti
3630 5031 3713 5084 lia

2115 5139 2382 5180 nccxxxv.
2413 5123 2600 5178 Lectio
2637 5123 2764 5177 libri
2793 5121 3106 5192 Sapientiae.
3137 5123 3234 5176 Det
3263 5123 3420 5176 nobis
3445 5122 3586 5176 Deus
3605 5121 3712 5192 jo-

2119 5217 2454 5273 cunditatem
2471 5215 2678 5282 cordis,
2705 5232 2866 5286 usque
2886 5217 3010 5286 quia
3031 5215 3116 5269 lux
3147 5215 3239 5270 Dei
3263 5217 3550 5285 vestigium
3571 5217 3714 5282 ejus

2116 5321 2219 5365 est.
2262 5309 2618 5379 Evangelium
2665 5310 2965 5363 secundum
3025 5305 3214 5373 Joan.,
3267 5322 3388 5375 cap.
3425 5322 3705 5374 (λιιι-ιιι,

2119 5403 2264 5458 Dixit
2297 5403 2458 5458 Jesus
2513 5401 2801 5471 discipulis
2849 5403 2986 5464 suis,
3027 5398 3153 5455 Haec
3205 5404 3400 5454 mando
3433 5401 3612 5464 vobis,
3643 5413 3714 5454 ut

2117 5496 2358 5564 diligatis
2387 5495 2647 5556 invicem,
2673 5511 2836 5564 usque
2869 5494 3100 5548 oderunt
3133 5508 3216 5548 me
3252 5503 3444 5562 graus.

2189 5605 2239 5642 ιιι
2261 5587 2377 5643 Kal.
2404 5588 2598 5644 Octob.
2622 5587 2811 5642 Natale
2833 5585 3075 5642 S.Tecl:e
3107 5587 3355 5654 virginis,
3375 5598 3429 5640 et
3447 5586 3504 5640 S.
3530 5584 3714 5641 Marci

2117 5683 2484 5751 evangelista}.
2567 5681 2751 5735 [retin
2818 5681 2940 5734 libri
3004 5679 3319 5749 Sapientiae.
3379 5678 3718 5734 Cuntitelmr

2123 5776 2238 5842 tibi,
2281 5775 2502 5831 Domine
2561 5777 2692 5839 Rex,
2743 5791 2899 5844 usque
2937 5772 3248 5829 bettcdicam
3284 5789 3476 5827 nomen
3511 5781 3712 5842 ιιιυιι,
