3934 6188
275 300 377 366 5H

1607 310 1842 373 LIBER
1887 312 2219 375 COMITIS.

3433 324 3536 388 542

285 415 509 471 Domine
540 415 684 472 Deus
711 432 886 474 meus.
925 417 1276 492 Evangelium
1308 421 1607 478 secundum
1635 424 1852 509 Matth.,
1889 444 1931 500 Α
1958 429 2183 494 Lucam,
2215 443 2338 500 cap.
2374 444 2568 498 cccxx,
2600 430 2764 487 Facta
2811 439 2894 490 est
2922 432 3203 489 contentio
3231 449 3260 488 a
3291 434 3537 506 discipu-

279 525 397 577 cap.
431 526 686 576 cchvttt,
716 510 858 566 Dixit
889 510 1050 568 Jesus
1082 516 1372 585 discipulis
1415 518 1552 586 suis,
1583 517 1770 577 Videte
1796 536 1863 577 ne

277 603 396 674 quis
431 620 526 658 vos
565 605 816 672 seducat,
850 623 1019 673 usque
1045 607 1135 662 hic
1164 609 1347 664 salvus
1379 611 1507 666 erit.

351 711 451 748 vttt
494 694 614 750 Kal.
651 693 879 752 Octobr.
927 696 1124 753 Natale
1176 700 1235 755 S:
1273 699 1432 758 Jmn.
1479 702 1753 772 Baptistae,
1807 716 1864 759 et

281 798 598 842 sanctorum
619 785 842 853 Iuliani,
861 786 1262 858 ChristOphori.
1287 791 1473 848 Lectio
1493 793 1615 849 libri
1641 794 1865 864 Sapien-

283 881 384 933 Ii-n.
413 879 571 935 Dedit
590 881 721 952 mihi
750 879 1009 936 Dominus
1046 884 1288 953 linguam
1333 885 1636 941 mercedem
1663 900 1860 952 meam,

282 989 443 1043 usque
465 983 698 1028 vestram
717 974 767 1028 in
796 985 1036 1043 tempore
1058 992 1179 1032 suo.
1202 977 1547 1045 Evangelium
1567 978 1861 1034 secundum

279 1066 326 1121 Μ
346 1085 474 1130 rre.,
500 1082 620 1137 cap.
656 1083 868 1134 cxxxtx,
897 1067 1085 1126 Videte
1113 1085 1178 1125 ne
1209 1071 1332 1141 quis
1366 1085 1462 1126 vos
1486 1072 1736 1138 seducat,
1773 1087 1861 1125 us-

280 1173 376 1230 que
419 1158 507 1212 hic
538 1158 722 1213 salvus
749 1159 880 1213 erit.

357 1267 433 1304 vn
471 1250 590 1306 Kal.
623 1251 743 1306 Oct.
778 1251 832 1306 In
865 1252 1065 1316 Gallia,
1098 1252 1398 1320 Ambiacis,
1434 1253 1614 1309 natale
1649 1253 1707 1309 S.
1747 1255 1864 1310 Fir-

289 1343 419 1398 miui
458 1343 734 1412 martyris.
765 1341 950 1397 Lectio
987 1343 1243 1414 Epistolas
1279 1344 1422 1399 beati
1455 1345 1604 1400 Pauli
1635 1346 1861 1415 apostoli

285 1439 348 1490 ad
417 1433 698 1502 Ilehrwos,
753 1433 998 1502 Fratres,
1060 1435 1360 1506 recogitate
1411 1436 1720 1505 Dominum,
1767 1439 1862 1508 qui

285 1529 391 1584 tale
451 1529 735 1592 sustinuit,
775 1544 941 1597 usque
993 1529 1309 1585 exercitatis
1353 1545 1450 1600 per
1501 1545 1621 1585 eam
1677 1530 1866 1584 reddet

279 1621 528 1690 iustitiae,
559 1619 764 1688 Evang.
795 1621 1098 1675 secundum
1118 1619 1339 1682 Mattlt.,
1375 1636 1497 1688 cap.
1519 1635 1739 1684 ccum,
1775 1621 1864 1674 Di-

281 1716 358 1769 xit
391 1711 556 1769 Jesus
585 1712 864 1784 discipulis
895 1712 1033 1779 suis,
1073 1709 1320 1783 Vigilate,
1361 1727 1524 1782 usque
1569 1713 1861 1769 constituet

281 1821 431 1861 eum.

353 1896 639 1953 Dominica
692 1911 749 1950 Ill
802 1905 922 1965 post
969 1895 1027 1952 S.
1080 1895 1358 1968 Cypriani.
1406 1895 1591 1950 Lectio
1621 1895 1680 1950 Β.
1715 1894 1864 1949 Pauli

284 1990 521 2059 apostoli
583 1989 650 2043 ad
716 1990 1003 2058 Ephesios.
1060 1988 1314 2056 Fratres,
1368 1988 1545 2043 videte
1595 1988 1868 2060 quomodo

281 2093 439 2135 caute
470 2081 785 2144 atnhulatis,
822 2097 984 2151 usque
1031 2081 1263 2136 invicem
1314 2080 1367 2134 in
1421 2082 1613 2134 timore
1639 2079 1864 2133 Christi.

282 2168 493 2238 Evang.
547 2170 850 2222 secundum
903 2168 1119 2233 IlIatth.,
1173 2184 1291 2237 cap.
1345 2183 1674 2232 cccxxxvut,
1727 2168 1869 2222 Dixit

282 2258 442 2315 Iesus
496 2260 779 2328 discipulis
829 2261 945 2315 suis
994 2261 1301 2330 parabolam
1353 2261 1513 2324 hanc,
1563 2260 1751 2314 Simile
1785 2268 1868 2316 est
1923 2271 1926 2274 ‘

284 2367 515 2420 regnum
546 2352 807 2406 etelorum
835 2352 1040 2407 homini
1072 2352 1206 2424 regi,
1259 2355 1351 2422 qui
1382 2352 1552 2407 voluit
1580 2352 1866 2416 rationem,

283 2460 452 2516 usque
482 2445 550 2498 de
587 2445 841 2500 cordibus
873 2445 1091 2500 vestris.

355 2515 521 2589 Feria
559 2552 594 2590 tt
629 2537 981 2591 hebdomadte
1021 2553 1141 2606 qua:
1173 2515 1358 2606 supra.
1403 2536 1586 2592 Lectio
1617 2534 1870 2604 Epistula:

282 2626 342 2681 Β.
393 2627 555 2682 Pauli
607 2627 838 2695 apostoli
892 2627 960 2682 ad
1010 2626 1289 2683 Hebraeos.
1337 2627 1576 2693 Fratres,
1613 2628 1868 2682 rctniSsas

281 2736 479 2775 manus
515 2729 570 2775 et
601 2721 777 2776 soluta
828 2735 1042 2790 genua,
1092 2739 1256 2790 usque
1310 2722 1505 2777 melius
1557 2724 1866 2791 loquentem

281 2827 445 2876 quam
479 2812 637 2865 Abel.
671 2812 875 2883 Evaug.
925 2814 1223 2867 secundum
1274 2811 1534 2874 Marcom,
1564 2829 1684 2881 cap.
1717 2827 1867 2877 cxxt,

281 2904 652 2973 Interrogavit
679 2902 861 2958 Jesum
901 2921 1042 2961 unus
1088 2906 1154 2962 de
1183 2905 1400 2976 scribis,
1450 2921 1614 2976 usque
1648 2920 1756 2962 non
1786 2916 1872 2962 est

283 2997 444 3068 longe
477 3011 507 3049 a
543 3012 708 3068 regno
737 2996 856 3052 Dei.

813 3156 1010 3212 Desunt
1041 3158 1124 3213 hic
1151 3159 1343 3215 multa.

347 3269 714 3340 Evangelium
749 3273 1046 3328 secundum
1082 3273 1344 3340 Marcum,
1376 3288 1498 3343 cap.
1539 3289 1709 3341 cxvu,
1741 3288 1866 3330 cum

278 3378 547 3434 egressus
606 3373 754 3419 esset
806 3362 964 3421 Jesus
1029 3365 1083 3420 in
1148 3366 1271 3432 via,
1328 3381 1491 3436 usque
1545 3364 1714 3433 Veni,
1780 3381 1868 3422 se—

278 3469 452 3525 quere
481 3467 595 3508 me.

357 3545 526 3601 Feria
564 3561 639 3601 vt.
671 3545 860 3601 Lectio
908 3545 1164 3616 Epistula:
1210 3546 1270 3601 Β.
1325 3545 1476 3600 Pauli
1531 3545 1762 3616 apostoli
1805 3544 1871 3600 ad

280 3637 581 3710 Ephesios.
633 3637 875 3704 Fratres,
904 3640 1198 3708 unicuique
1243 3646 1422 3692 autem
1468 3647 1714 3693 nostrum
1745 3637 1872 3692 data

279 3743 362 3788 est
394 3731 603 3802 gratia,
641 3746 803 3798 itaque
846 3729 989 3784 sicut
1031 3741 1111 3785 est
1151 3731 1350 3784 veritas
1382 3729 1435 3784 in
1483 3730 1703 3784 Christo
1743 3728 1872 3784 Jesu

281 3825 526 3879 Domino
559 3832 768 3880 nostro.
798 3822 1152 3894 Evangelittm
1186 3822 1483 3903 secundum
1515 3821 1707 3885 Marc.,
1749 3835 1873 3891 cap.

279 3933 502 3981 Lxxvtt,
535 3915 793 3971 Exierunt
827 3915 1083 3971 Pbarisml
1113 3926 1169 3970 et
1194 3923 1497 3984 coeperunt,
1532 3929 1690 3986 usque
1716 3914 1874 3969 diuti-

279 4012 357 4069 sit
384 4012 547 4068 illum
584 4011 635 4064 in
666 4010 885 4065 domum
917 4023 1095 4065 suam.

355 4121 410 4160 vi
441 4103 576 4160 Idus
603 4101 738 4159 Nov.
767 4101 956 4157 Natale
989 4111 1304 4158 sanetorttm
1335 4107 1570 4170 quatuor
1597 4109 1880 4154 coronato-

279 4213 431 4266 rum,
465 4207 526 4252 et
567 4195 626 4251 S.
668 4194 919 4265 Raguull‘t
957 4193 1239 4264 martyris.
1274 4191 1459 4247 Lectio
1488 4192 1608 4246 libri
1645 4190 1876 4261 Sapien-

285 4291 402 4347 tiae.
461 4288 816 4358 Exspectatio
867 4289 1140 4353 justorum
1193 4285 1411 4350 lastitia,
1461 4301 1623 4354 usque
1672 4284 1878 4339 exalta-

279 4388 440 4443 hitur
473 4384 692 4440 civitas.
740 4382 944 4452 Evang.
997 4379 1298 4437 secundum
1348 4378 1482 4434 Luc.
1517 4379 1684 4448 (cap.)
1739 4393 1872 4445 xcv,

1967 525 2056 588 lis,
2093 539 2253 593 usque
2287 523 2459 578 tribus
2491 522 2676 578 Israel.

2037 629 2095 668 ιιι
2131 613 2259 668 Idus
2302 612 2569 669 Novemb.
2604 613 2865 679 Turonis,
2904 614 3174 684 depositio
3220 614 3278 672 S.
3323 615 3540 672 Martini

1963 705 2208 776 epist-cpi
2240 714 2295 762 et
2337 705 2694 762 confessoris.
2744 706 2804 762 In
2835 708 3038 778 vigilia.
3074 708 3255 762 Lectio
3279 709 3406 763 libri
3437 709 3540 764 Sa-

1965 797 2204 868 pientiae.
2236 797 2450 855 Iustum
2481 798 2702 852 deduxit
2730 797 3018 865 Dominus,
3047 816 3209 870 usque
3237 803 3538 857 claritatem

1963 901 2222 943 asternam
2257 888 2519 943 Dominus
2549 889 2687 944 Deus
2716 901 2924 945 noster.
2954 891 3305 960 Evangelium
3333 907 3538 946 secun-

1964 977 2095 1032 dum
2128 978 2352 1044 Lucam,
2385 993 2509 1049 cap.
2537 994 2676 1044 cuv,
2707 980 2848 1034 Dixit
2881 980 3046 1036 Jesus
3087 982 3369 1053 discipulis
3399 984 3536 1047 suis,

1967 1071 2090 1125 Sint
2138 1070 2307 1127 lumbi
2358 1071 2528 1127 vestri
2559 1071 2862 1144 praecincti,
2894 1089 3054 1143 usque
3104 1075 3271 1130 Filius
3306 1075 3540 1130 hominis

1967 1160 2134 1216 venit.

2035 1250 2170 1307 Item
2201 1251 2258 1307 in
2294 1251 2402 1308 die.
2439 1253 2626 1308 Lectio
2667 1253 2792 1308 libri
2835 1253 3146 1324 Sapientiae.
3184 1255 3323 1312 Ecce
3355 1272 3541 1313 sacer-

1965 1343 2067 1402 dos
2107 1360 2355 1415 magnus,
2386 1363 2550 1415 usque
2591 1346 2895 1402 suavitatis.
2935 1347 3284 1418 Evangelium
3333 1365 3540 1405 secun-

1967 1437 2095 1492 dum
2132 1436 2466 1502 Matthznum,
2493 1453 2616 1509 cap.
2647 1453 2861 1502 ccnxtx,
2896 1438 3036 1494 Dixit
3066 1441 3226 1497 Jesus
3256 1442 3542 1513 discipulis

1968 1528 2082 1582 suis
2111 1527 2426 1598 parabolatn
2458 1528 2618 1594 hanc,
2660 1528 2830 1584 Homo
2860 1531 3078 1600 quidam
3109 1547 3353 1604 peregre,
3381 1550 3541 1605 usque

1969 1621 2020 1675 in
2055 1621 2308 1690 gaudium
2336 1620 2543 1676 domini
2575 1625 2673 1676 tul.

2037 1711 2196 1766 Feria
2251 1729 2308 1768 ιι.
2362 1711 2546 1769 Lectio
2581 1713 2839 1782 Epistolas
2884 1714 2946 1768 Β.
3001 1712 3155 1770 Pauli
3207 1717 3438 1785 apostoli
3477 1720 3544 1772 ad

1897 1789 1937 1843 Β
1969 1802 2253 1870 Ephesiae.
2302 1803 2544 1869 Fratres,
2592 1807 2772 1860 omnis
2825 1821 3006 1861 sermo
3047 1809 3244 1872 malus,
3293 1825 3454 1878 usque
3489 1810 3543 1864 in

1969 1899 2192 1952 odorem
2243 1899 2550 1953 suavitatis.
2587 1898 2938 1968 Evangelium
2988 1900 3284 1953 secundum
3318 1901 3544 1967 Lucam,

1967 2003 2091 2058 eap.
2143 2003 2298 2054 ccxn,
2329 1986 2565 2044 Docente
2592 1986 2718 2043 Jesu
2749 1989 2802 2042 in
2838 1989 3060 2058 templo,
3089 2005 3251 2059 usque
3279 1999 3548 2061 potestate

1968 2081 2082 2135 haec
2112 2080 2272 2135 facio.

2042 2171 2221 2227 Idibus
2255 2171 2388 2227 Nov.
2419 2171 2607 2228 Natale
2638 2170 2699 2227 S.
2729 2171 2914 2229 Brieii.
2943 2170 3131 2229 LeCtio
3161 2173 3281 2228 libri
3317 2171 3545 2244 Sapien-

1969 2266 2078 2320 tiae.
2110 2264 2420 2319 Benedictio
2457 2265 2668 2319 Domini
2717 2281 2882 2334 super
2907 2275 3072 2334 caput
3105 2266 3235 2333 justi
3267 2283 3426 2337 usque
3452 2283 3548 2322 cu-

1969 2373 2102 2412 rona
2149 2357 2354 2428 gloriae.
2406 2355 2757 2430 Evangelium
2805 2359 3106 2410 secundum
3151 2355 3376 2422 Lucam,
3420 2374 3544 2426 cap.

1969 2464 2238 2511 ccxxvnt,
2301 2447 2448 2503 Dixit
2501 2447 2664 2504 Jesus
2725 2448 3010 2517 discipulis
3063 2450 3177 2504 suis
3231 2449 3546 2519 parabolam

1970 2541 2159 2619 hanc,
2199 2541 2373 2595 Homo
2425 2539 2647 2610 quidam
2709 2539 2905 2595 nobilis
2949 2539 3115 2604 abiit,
3165 2555 3324 2610 usque
3372 2542 3545 2596 abun-

1970 2632 2140 2686 daltil.

2041 2721 2194 2775 Fcria
2230 2736 2315 2776 ιιι.
2365 2720 2548 2776 Lectio
2599 2720 2855 2789 Epistulae
2892 2720 2949 2776 Β.
3000 2719 3145 2774 Pauli
3197 2721 3428 2792 apostoli
3481 2721 3549 2775 ad

1972 2813 2256 2882 Ephrsios.
2315 2813 2560 2876 Fratres,
2614 2816 2784 2868 nolite
2841 2814 3243 2868 communicare
3295 2814 3551 2882 uperibus

1971 2906 2363 2972 infrucmosis,
2438 2921 2598 2973 usque
2667 2919 2786 2973 qua:
2846 2906 2916 2961 sit
2995 2904 3250 2958 Voluntas
3312 2904 3549 2958 Domini.

1974 2997 2321 3067 Evangeiiutn
2385 2997 2682 3053 secundum
2745 2996 2970 3058 Lucatn,
3007 3010 3130 3065 cap.
3187 3011 3383 3061 Lxxtv,
3443 2996 3553 3050 Ro-

1897 3087 2136 3185 cgahat
2189 3084 2373 3144 .Icsum
2443 3086 2663 3156 quidam
2722 3084 3063 3152 Pharisaeus,
3130 3102 3295 3156 usque
3361 3085 3549 3140 dilexit

1977 3182 2228 3235 multum.

2047 3272 2176 3327 Item
2219 3273 2355 3327 feria
2404 3288 2480 3328 tv.
2519 3272 2706 3328 Lectio
2739 3270 2890 3327 Isaiae
2931 3274 3234 3342 prophetae.
3272 3271 3326 3325 In
3361 3269 3553 3325 diebus

1979 3365 2088 3421 illis
2119 3366 2252 3420 dixit
2290 3366 2459 3422 Isaias
2510 3367 2796 3435 propheta,
2831 3365 2949 3420 Erit
2995 3366 3052 3420 in
3097 3365 3410 3420 novissimis
3439 3363 3554 3418 die-

1980 3458 2102 3524 bus,
2132 3475 2296 3529 usque
2327 3459 2379 3514 in
2412 3459 2616 3515 lumine
2646 3458 2857 3514 Domini
2889 3457 2980 3514 Dei
3010 3459 3198 3514 nostri.

2053 3547 2305 3604 ltem~uhi
2335 3564 2523 3619 supra.
2554 3549 2741 3604 Lectio
2773 3548 2925 3604 Isaiae
2952 3548 3246 3618 prophetat.
3278 3548 3334 3602 In
3362 3546 3554 3603 diebus

1981 3638 2086 3695 illis
2136 3640 2352 3696 locutus
2397 3649 2481 3695 est
2517 3641 2780 3696 Dominus
2819 3641 2887 3696 ad
2920 3641 3102 3696 Achaz
3142 3641 3346 3701 dicens,
3397 3652 3555 3706 usque

1981 3733 2187 3804 eligere
2249 3731 2474 3787 bonum.
2543 3729 2894 3802 Evangelium
2955 3733 3256 3787 secundum
3319 3731 3556 3796 Lucam,

1981 3839 2102 3895 cap.
2140 3841 2220 3890 ιιι,
2264 3823 2462 3880 Missus
2490 3833 2575 3879 est
2612 3823 2831 3880 Gabriel
2877 3823 3106 3894 angelus
3148 3840 3179 3877 a
3228 3821 3362 3888 Deo,
3397 3839 3557 3894 usque

1983 3919 2078 3971 Iiat
2105 3915 2233 3970 mihi
2264 3916 2564 3972 secundum
2597 3917 2821 3970 verbum
2851 3924 3025 3970 tuum.

2053 4007 2209 4064 Feria
2237 4024 2310 4063 νι.
2341 4007 2524 4063 Lectio
2555 4007 2710 4062 Isaiae
2739 4007 3038 4078 prophetas.
3067 4008 3192 4064 Hec
3221 4008 3353 4066 dicit
3382 4009 3556 4064 Domi-

1985 4116 2091 4156 nus
2145 4099 2324 4163 Deus,
2398 4097 2720 4169 Egredietur
2773 4099 2962 4168 virga,
3030 4116 3193 4171 usque
3249 4100 3382 4155 ﬁdes
3437 4101 3558 4156 ein-

1986 4191 2218 4247 ctorium
2262 4203 2458 4245 renum
2503 4186 2645 4257 ejus.
2689 4186 3039 4259 Evangelium
3086 4188 3395 4245 secundum
3445 4188 3555 4244 Lu-

1985 4275 2144 4345 cam,
2197 4297 2316 4353 cap.
2371 4297 2468 4347 ιιι,
2500 4280 2817 4352 Exsurgens
2873 4280 3079 4349 Maria,
3130 4298 3292 4352 usque
3343 4281 3399 4337 in
3449 4281 3561 4336 Deo

1985 4380 2159 4433 saluta
2169 4376 2208 4430 ri
2251 4389 2393 4430 meo.

281 4480 648 4535 Descendens
680 4476 837 4533 Iesus
883 4477 949 4531 de
991 4482 1195 4538 monte,
1239 4487 1405 4543 usque
1443 4472 1660 4541 copiosa
1707 4481 1786 4526 est
1823 4472 1871 4526 in

2057 4491 2296 4548 Sahbato
2327 4491 2381 4546 in
2421 4507 2493 4546 xu
2530 4490 2881 4546 lectionibus.
2918 4488 3100 4544 Lectio
3139 4488 3292 4542 Isaia:
3326 4487 3562 4558 prepbe-

277 4575 472 4630 caelis.

357 4663 728 4721 “ebdomada
761 4677 823 4718 ll.
867 4661 1054 4716 Lectio
1088 4659 1341 4729 Epistolas
1371 4660 1433 4715 B.
1469 4659 1619 4714 Pauli
1652 4660 1882 4728 aposmli

280 4760 352 4815 ad
403 4755 754 4814 Corinthios.
809 4755 1046 4820 Fratres,
1095 4756 1174 4808 sic
1219 4767 1316 4808 nos
1369 4754 1644 4808 existimet
1698 4755 1880 4819 homo,

279 4867 462 4918 usque
493 4861 624 4904 tunc
659 4850 778 4904 laus
807 4858 886 4903 est
917 4847 1216 4915 unicuique
1242 4860 1270 4898 a
1302 4844 1427 4898 Deo.
1455 4844 1654 4912 Evang.
1691 4860 1884 4899 secun-

279 4943 421 4996 duttt
460 4939 751 5004 Joannem,
784 4954 906 5009 cap.
939 4955 1012 5005 ιι,
1049 4936 1316 4993 Miserum
1359 4935 1526 4991 Judaei
1567 4935 1636 4990 ab
1665 4937 1882 4992 Jerusa-

277 5037 424 5098 Iem,
463 5049 632 5102 usque
661 5031 750 5086 ubi
787 5042 901 5085 erat
930 5030 1166 5086 Joannes
1195 5030 1495 5098 baptizans.

357 5144 393 5180 ν
441 5125 578 5190 Idus
610 5125 748 5179 Nov.
780 5123 968 5178 Passio
997 5121 1054 5177 S.
1087 5121 1359 5177 Theodori
1389 5121 1661 5191 martyris.
1698 5119 1882 5174 LeCIio

274 5221 420 5278 libri
479 5217 782 5287 Sapientiae.
825 5214 1024 5269 B-atus
1071 5214 1236 5269 hamo
1267 5213 1356 5282 qui
1410 5212 1613 5266 IItVl‘IIII
1660 5214 1882 5281 sap'en-

278 5315 458 5371 tiam.
495 5326 655 5379 usque
685 5309 860 5364 nubes
889 5323 1010 5363 rore
1035 5316 1415 5363 concrescunt.
1448 5305 1654 5378 Evang.
1687 5321 1881 5361 secun-

276 5409 424 5461 dum
456 5403 617 5458 Joan.
669 5416 794 5469 cap.
817 5416 1034 5465 cxxxtv,
1074 5398 1185 5454 IIoc
1209 5408 1291 5453 est
1319 5410 1648 5469 praeceptum
1677 5411 1879 5463 meum,

277 5513 344 5556 ut
378 5497 632 5567 diligatis
666 5497 920 5558 inviecm,
950 5509 1110 5563 usque
1135 5494 1366 5547 oderunt
1396 5508 1478 5545 tne
1505 5493 1696 5563 gratis.

357 5609 418 5647 vi
465 5590 590 5644 Idus
623 5589 757 5644 Nov.
784 5588 970 5642 Ilomte
992 5586 1260 5653 depozitio
1293 5584 1348 5640 S.
1386 5585 1585 5640 Leonis
1616 5585 1877 5654 episcopi,

272 5697 334 5744 et
364 5687 432 5741 S.
471 5681 699 5737 Menum.
732 5682 771 5736 L
806 5681 913 5742 ctio
941 5680 1057 5734 libri
1086 5680 1176 5746 Sa,
1198 5679 1395 5733 lentius.
1430 5679 1631 5748 Lingua
1664 5677 1898 5746 sitione-

275 5783 462 5844 tinm,
501 5789 658 5845 usque
690 5774 720 5829 d
749 5774 834 5845 ligt
857 5783 940 5828 tur
969 5787 998 5827 a
1047 5770 1296 5828 Domino.
1334 5768 1530 5840 Evang.
1585 5770 1877 5826 secundum

1985 4597 2071 4641 tte.
2107 4587 2162 4641 In
2213 4586 2407 4642 diebus
2457 4585 2563 4640 illis
2610 4585 2924 4638 clamabunt
2955 4585 3023 4636 ad
3079 4581 3362 4635 Dominum
3409 4596 3438 4633 a
3482 4581 3562 4634 la-

1983 4682 2065 4733 cie
2105 4679 2434 4743 tribulautis,
2485 4691 2648 4747 usque
2702 4676 2922 4732 sanabit
2964 4689 3062 4731 eos
3109 4673 3374 4730 Dominus
3424 4673 3562 4728 Deus

1981 4781 2194 4826 IIOSICI'.

2054 4889 2187 4943 Item
2221 4889 2310 4942 ubi
2343 4902 2527 4956 supra.
2556 4886 2741 4940 Lectio
2771 4884 2925 4940 Isaia:
2950 4885 3242 4954 prOpbette.
3276 4880 3397 4936 II-.ec
3422 4879 3556 4935 dicit

1983 4980 2245 5035 Dominus
2299 4980 2478 5042 Deus,
2529 4978 2828 5032 Laetabitur
2878 4977 3128 5044 deserta,
3180 4991 3342 5044 usque
3383 4971 3565 5029 fontes

1983 5088 2244 5142 aquarum
2284 5071 2546 5126 Dominus
2580 5071 2718 5126 Deus
2752 5078 2958 5124 noster.

2056 5186 2188 5240 Item
2223 5185 2313 5239 ubi
2345 5200 2531 5255 Supra.
2565 5183 2750 5238 Lectio
2778 5182 2928 5236 Isaia:
2958 5179 3252 5250 prOphetaz.
3288 5176 3411 5232 Ilaec
3435 5176 3564 5231 dicit

1987 5279 2248 5336 Dominus
2300 5277 2463 5343 Deus,
2512 5276 2685 5346 Super
2734 5285 2971 5328 montem
3020 5271 3293 5326 exct‘lsum
3329 5269 3563 5325 ascende

1985 5382 2064 5435 tu,
2102 5387 2265 5439 usque
2311 5369 2366 5425 in
2400 5369 2522 5424 sinu
2572 5384 2674 5424 suo
2721 5367 2916 5422 levabit
2965 5379 3061 5421 eos
3109 5363 3368 5418 Dominus
3418 5362 3562 5416 Deus

1984 5473 2189 5518 noster.

2057 5582 2191 5636 llent
2243 5581 2402 5636 lectio
2436 5578 2588 5635 Isaia:
2641 5576 2936 5646 ['rotvltetm.
2973 5574 3092 5629 Ilaec
3136 5571 3269 5627 dicit
3304 5570 3563 5626 Dominus

1987 5675 2129 5730 Deus
2174 5674 2377 5730 christo
2413 5689 2532 5730 meo
2565 5672 2728 5741 Cyro,
2765 5686 2926 5737 usque
2955 5682 3054 5740 ego
3088 5665 3348 5722 Dominus
3381 5663 3564 5721 creari

1985 5784 2132 5824 ουιιι.
