3956 6196
393 325 498 388 543
1356 334 1417 394 S.
1467 335 1916 400 HIERONYMI
1969 345 1979 391 ι

2096 339 2294 400 mUM
2325 341 2730 409 MANTISSA.
3046 421 3051 427 ,
3533 348 3630 412 stt

457 442 593 498 item
624 443 782 501 lectio
815 444 996 501 Daniel
1029 449 1325 516 prophetae.
1356 451 1415 505 ln
1441 450 1634 507 diebus
1663 453 1770 508 illis
1797 467 1959 524 ange-
1983 453 2039 516 Δ
2065 453 2210 510 Dixit
2239 455 2398 513 Jesus
2435 458 2719 527 discipulis
2752 459 2885 526 suis,
2931 460 3066 520 Cum
3102 462 3382 519 audieritis
3424 463 3630 535 praelia,

385 533 472 589 lus
504 535 805 599 descendit,
845 554 1005 608 usque
1038 542 1472 610 superexaltatus
1506 544 1560 598 in
1595 545 1812 600 saecula.

388 717 513 770 stoli
567 716 634 770 ad
687 718 1061 777 Colossenses.
1119 721 1375 791 Fratres,
1438 741 1690 796 rogamus
1738 741 1834 782 vos
1863 743 1962 796 per

389 803 682 856 adventum
739 803 952 861 Domini
1005 811 1166 864 nostri
1222 811 1348 868 Jesu
1411 815 1652 880 Christi,
1704 831 1862 886 usque
1906 825 1962 871 et
2022 821 2033 831 '

389 892 633 947 drstruet
656 894 1067 953 illustrationem
1093 903 1358 961 adventus
1385 906 1468 961 sui
1499 906 1609 962 Deo
1631 923 1752 962 suo.
1783 908 1964 962 Evan-

391 985 585 1052 ενιίιιιιι
617 989 913 1042 secundum
949 991 1170 1057 Lucam,
1207 1010 1329 1065 cap.
1361 1013 1445 1063 Ill,
1477 999 1636 1054 Anno
1681 1016 1770 1067 xv,
1800 1017 1962 1066 usque

389 1083 444 1129 et
471 1076 676 1132 νίιιιιιιίι
709 1081 883 1137 omnis
912 1097 1042 1138 caro
1071 1085 1307 1141 salutare
1336 1088 1454 1145 Dei.

464 1166 810 1239 "ebdomada
838 1188 854 1227 ι
883 1185 1004 1229 ante
1032 1181 1209 1232 natale
1239 1181 1467 1238 Domini.
1496 1183 1682 1240 Lectio
1709 1188 1964 1257 Epistolas

392 1261 533 1317 beati
573 1263 724 1318 Pauli
757 1268 985 1333 apostoli
1017 1269 1084 1324 ad
1118 1269 1515 1344 Philippenses.
1562 1277 1800 1342 Fratres,
1831 1295 1966 1349 sane

393 1357 516 1408 drte
545 1355 596 1410 in
630 1356 859 1412 Domino
889 1375 1128 1428 semper,
1157 1380 1321 1432 usque
1345 1366 1730 1437 intelligentias
1757 1381 1966 1427 vestras

395 1447 447 1500 in
487 1445 707 1504 Christo
733 1447 861 1506 Jesu
897 1453 1124 1508 Domino
1155 1465 1364 1511 nostro.
1396 1457 1744 1530 Evangelium
1773 1477 1967 1518 secun-

393 1539 522 1593 dum
554 1539 816 1598 Joannem
867 1559 988 1612 cap.
1033 1561 1107 1610 ix,
1159 1547 1419 1603 Miserunt
1449 1553 1517 1606 ab
1559 1550 1963 1625 Hierosolymis,

394 1645 558 1698 usque
590 1633 676 1686 ubi
709 1643 825 1689 erat
853 1633 1089 1692 Joannes
1119 1640 1418 1708 baptizans.

466 1722 599 1774 ltem
632 1723 720 1778 ubi
758 1738 942 1792 supra.
973 1726 1156 1780 Lectio
1189 1729 1442 1798 Epistula:
1467 1731 1527 1788 Β.
1557 1733 1707 1790 Pauli
1738 1739 1963 1806 apostoli

395 1812 460 1863 ad
495 1810 766 1870 llebrzeos.
798 1815 1038 1880 Fratres,
1071 1820 1237 1876 nolite
1265 1825 1518 1880 amittere
1555 1827 1963 1897 confidentiam,
2001 1809 2048 1867 Β

398 1921 557 1974 usque
589 1907 644 1962 in
681 1909 1089 1978 acquisitionem
1125 1915 1334 1970 animae.

467 1997 598 2053 ltem
625 1999 797 2092 lectio
825 2003 915 2058 ubi
949 2019 1135 2072 supra.
1170 2007 1352 2063 Lectio
1388 2009 1633 2068 Jeremiaa
1665 2015 1965 2085 prophetas.

399 2087 538 2144 Ecce
567 2087 684 2146 dies
711 2093 957 2156 veniunt,
999 2097 1130 2151 dicit
1169 2099 1447 2167 Dominus,
1480 2119 1642 2174 usque
1675 2105 1726 2160 in
1763 2115 1964 2164 terram

397 2195 574 2246 suum,
610 2183 743 2238 dicit
775 2185 1038 2243 Dominus
1067 2191 1428 2260 omnipotens.

471 2272 526 2325 ln
574 2273 755 2344 vigilia
801 2279 1042 2349 (natalis)
1091 2279 1326 2339 Domini.
1380 2286 1462 2341 Ad
1507 2303 1732 2346 nonam.
1781 2292 1967 2348 Lectio

398 2362 549 2417 isaize
581 2367 880 2434 protohetzc.
923 2371 1052 2424 Haec
1093 2369 1223 2426 dicit
1263 2373 1546 2445 Dominus,
1577 2379 1804 2449 Propter
1835 2382 1965 2439 Sion

397 2471 509 2510 non
558 2458 767 2522 tacebo,
800 2476 961 2530 usque
993 2463 1121 2531 quia
1155 2467 1484 2534 complacuit
1513 2469 1763 2528 Domino.
1786 2476 1840 2530 in
1892 2486 1967 2532 te.

401 2547 751 2620 Evangelium
799 2555 1098 2609 secundum
1149 2556 1480 2624 Matthzeum,
1529 2576 1650 2631 eap.
1699 2579 1781 2628 tu,
1829 2566 1964 2622 Cum

401 2653 550 2698 esset
614 2647 944 2717 desponsata
996 2659 1171 2705 mater
1213 2650 1372 2719 Jesu,
1440 2671 1600 2726 usque
1646 2673 1676 2711 a
1734 2661 1969 2730 peccatis

401 2752 611 2791 eorum.

479 2843 566 2882 xv:
598 2829 716 2884 Κιι.
758 2831 1011 2888 Deceml).
1045 2833 1236 2899 Gallia,
1289 2838 1556 2908 depositio
1607 2842 1665 2898 S.
1715 2842 1967 2900 Eucherii

403 2921 664 3004 ειιὶςοομί.
707 2923 891 2979 Lectio
927 2927 1047 2982 libri
1095 2929 1407 2998 Sapientiae.
1453 2933 1649 2990 Beatus
1681 2937 1842 2991 homo
1876 2939 1968 3007 qui

406 3001 612 3070 invenit
641 3017 981 3086 sapientiam,
1015 3037 1179 3092 usque
1212 3025 1382 3080 nubes
1419 3031 1541 3083 rOre
1585 3041 1968 3088 concrescunt.

1987 597 2003 605 ..
2063 563 2224 618 usque
2254 549 2464 606 animas
2494 559 2721 606 vestras.

458 625 589 682 item
617 629 684 680 ad
714 627 955 684 M‘ssam.
985 629 1168 685 Lectio
1199 632 1450 702 Epistolas
1478 634 1620 690 beati
1651 634 1804 691 Pauli
1832 651 1962 707 ερο-

2134 656 2192 711 ιιι
2237 640 2354 694 Kal.
2393 641 2644 698 Decemb.
2681 642 2870 700 Natale
2893 643 2950 700 S.
2973 645 3275 702 Saturnini.
3301 646 3487 702 Lectio
3515 647 3633 704 libri

2066 732 2382 802 Sapientiae.
2411 733 2609 790 Beatus
2635 737 2716 791 vir
2736 736 2827 806 qui
2859 737 3110 792 iuventus
3139 748 3222 793 est
3252 738 3371 794 sine
3401 741 3633 806 macula,

2065 841 2229 895 usque
2255 825 2434 882 onmis
2457 827 2684 882 ecclesia
2713 837 3043 884 sanctorum.
3069 829 3418 900 Evangelium
3443 847 3611 888 secun

2068 917 2195 971 dum
2227 913 2557 984 Matthaeum,
2587 934 2706 988 cap.
2739 934 2954 982 cxxxtx,
2989 918 3133 974 Dixit
3163 919 3321 976 Jesus
3358 923 3639 993 discipulis

2066 1009 2197 1064 suis.
2235 1009 2424 1065 Videte
2467 1023 2534 1066 ne
2573 1011 2692 1081 quis
2729 1026 2822 1066 vos
2857 1013 3101 1074 seducat.
3136 1028 3298 1082 usque
3337 1013 3426 1070 hic
3458 1017 3638 1072 salvus

2066 1102 2188 1157 erit.

2037 1241 2046 1252 .
2139 1210 2174 1248 ιι
2213 1195 2334 1248 Kal.
2373 1195 2623 1250 Deceml).
2657 1193 2845 1251 Natale
2865 1196 2922 1253 S.
2953 1196 3198 1251 Andreae.
3227 1197 3284 1251 In
3315 1195 3517 1266 vigilia.
3539 1196 3644 1252 Le-

2069 1288 2178 1341 ctio
2207 1287 2461 1355 Epistolas
2492 1289 2628 1343 beati
2663 1288 2809 1342 Pauli
2839 1290 3063 1356 apostoli
3094 1288 3162 1364 ad
3193 1287 3478 1359 Ephesios.
3506 1287 3638 1341 Fra-

2072 1388 2200 1440 tres,
2231 1380 2552 1434 benedictus
2595 1380 2736 1434 Deus
2779 1389 2831 1436 et
2871 1380 3030 1434 Pater
3062 1379 3270 1434 Domini
3303 1379 3474 1434 nostri
3509 1378 3637 1433 Jesu

2070 1467 2270 1524 Christi
2306 1470 2396 1536 qui
2431 1469 2704 1524 benedixit
2737 1483 2857 1534 nos,
2897 1486 3059 1539 usque
3092 1467 3550 1537 superabundavit
3579 1465 3638 1519 in

2071 1556 2248 1610 noh’s.
2290 1556 2638 1626 Evangelium
2685 1557 2981 1613 secundum
3023 1556 3311 1620 Joannem,
3359 1571 3479 1624 cap.
3524 1569 3638 1619 xvt,

2073 1646 2264 1702 Stabat
2293 1645 2532 1702 Joannes
2559 1657 2612 1702 et
2643 1662 2708 1701 ex
2745 1646 3027 1716 discipulis
3055 1646 3174 1716 ejus
3200 1646 3326 1714 duo,
3355 1660 3515 1715 usque
3552 1660 3646 1698 su-

2073 1754 2167 1808 per
2199 1737 2393 1794 Filium
2433 1739 2684 1794 hominis.

2145 1827 2204 1884 In
2239 1830 2344 1884 die.
2397 1827 2580 1885 Lectio
2627 1829 2883 1900 Epistolte
2925 1829 3066 1886 beati
3117 1828 3268 1884 Pauli
3311 1825 3538 1896 apostoli
3573 1826 3644 1879 ad

2081 1921 2377 1977 Bomanos.
2411 1923 2584 1977 Corde
2615 1922 2758 1977 enim
2794 1923 3028 1978 creditur
3059 1922 3124 1976 ad
3162 1921 3448 1992 justitiam,
3481 1935 3646 1989 usque

2080 2013 2241 2064 verba
2261 2025 2470 2066 eorum.
2490 2013 2837 2082 Evangelium
2859 2015 3154 2068 secundum
3173 2013 3387 2075 Matth..
3408 2029 3528 2084 cap.
3550 2029 3646 2076 xx,

2081 2099 2377 2154 Ambulans
2407 2099 2566 2156 Jesus
2608 2103 2760 2172 juxta
2805 2115 2954 2157 mare
2988 2102 3242 2170 Galilata,
3277 2119 3438 2174 usque
3471 2103 3649 2159 secuti

2077 2201 2206 2246 sunt
2233 2207 2380 2246 eum.

2155 2283 2424 2339 Eteodem
2458 2283 2547 2340 die
2578 2284 2636 2340 S.
2675 2285 2969 2341 Ambrosii.

2152 2375 2273 2429 Kal.
2327 2374 2579 2431 Deceml).
2633 2377 2907 2447 Depositio
2964 2377 3020 2434 S.
3073 2378 3240 2448 Elegi.
3289 2377 3476 2434 Lectio
3526 2377 3652 2432 libri

2085 2465 2398 2534 Sapientia.
2449 2466 2646 2534 Beatus
2691 2467 2854 2524 homo
2901 2469 2993 2539 qui
3051 2471 3254 2525 invenit
3299 2470 3654 2538 sapientiam,

2084 2573 2247 2627 usque
2291 2557 2462 2613 nubes
2493 2571 2617 2611 rore
2661 2567 2933 2612 crescunt.
2968 2557 3313 2628 Evangelium
3349 2558 3654 2612 secundum

2081 2649 2306 2718 Lucam,
2337 2664 2458 2718 cap.
2491 2664 2631 2714 cuv,
2669 2649 2810 2703 Dixit
2837 2647 2996 2704 Jesus
3029 2649 3308 2718 discipulis
3349 2648 3488 2714 suis,
3535 2647 3660 2701 Sint

2079 2740 2249 2794 lumbi
2283 2741 2447 2794 vestri
2475 2741 2778 2809 praecincti,
2817 2758 2980 2806 usque
3012 2742 3180 2797 Filius
3210 2741 3448 2796 hominis
3479 2741 3653 2795 venit.

2156 2846 2208 2885 tv
2241 2831 2367 2885 ldus
2395 2831 2648 2886 Deceml).
2694 2833 2880 2886 Romae
2923 2831 3186 2900 depositio
3232 2831 3404 2888 sancti
3437 2831 3659 2886 Damasi

2085 2936 2256 2992 papas.
2291 2921 2478 2978 Lectio
2509 2921 2630 2976 libri
2665 2920 2975 2991 Sapientiae.
3009 2921 3204 2976 Beatus
3237 2919 3319 2975 vir
3342 2922 3436 2991 qui
3465 2921 3661 2975 inven-

2087 3024 2172 3066 tus
2194 3021 2275 3066 est
2298 3014 2415 3068 sine
2439 3014 2666 3077 macula,
2686 3030 2848 3084 usque
2866 3014 3043 3070 omnis
3064 3013 3296 3068 ecclesia
3320 3021 3659 3068 sanctorum.

407 3106 751 3177 Evangelium
805 3114 1100 3168 secundmn
1166 3115 1508 3188 Matthteum,
1561 3135 1682 3191 cap.
1739 3129 2051 3192 ccuuhc
2083 3105 2434 3174 Eiangelium
2491 3108 2786 3160 secundum
2853 3103 3155 3171 Joannem,
3206 3120 3327 3173 cap.
3377 3119 3659 3165 cxxxvtu.

406 3191 638 3266 Vigilate
670 3215 830 3266 usque
864 3203 1158 3258 constituet
1195 3221 1340 3261 eum.

477 3305 545 3342 xv
578 3291 702 3344 Kal.
742 3290 1023 3350 Decembr.
1069 3296 1341 3364 Depositio
1376 3299 1434 3354 S.
1467 3301 1690 3366 Aniani,
1737 3306 1980 3375 episcopi

408 3390 462 3434 ct
506 3380 860 3450 confessoris,
907 3386 1229 3444 Aurelianis.
1280 3391 1465 3448 Lectio
1511 3394 1635 3448 libri
1669 3395 1979 3465 Sapientiae.

411 3472 626 3526 Justum
656 3474 879 3530 deduxit
905 3475 1188 3543 Dominus,
1215 3497 1378 3553 usque
1399 3486 1696 3540 claritat‘em
1722 3497 1979 3543 aeternam

411 3567 455 3620 D
479 3566 674 3622 imiuus
706 3567 847 3624 Deus
873 3581 1082 3628 noster.
1111 3575 1459 3646 Evangelium
1489 3580 1790 3635 secundum
1833 3579 1982 3636 Mat-

414 3664 636 3729 thaeuin,
673 3678 792 3732 cap.
825 3678 1040 3732 coxam,
1087 3667 1323 3726 Sedente
1365 3668 1496 3726 Jesu
1529 3687 1692 3742 supra
1739 3681 1980 3731 montem

415 3752 631 3821 Oliveti,
667 3771 828 3824 usque
851 3757 1038 3814 salvus
1062 3761 1186 3814 erit.

485 3861 517 3898 x
543 3845 664 3902 Kal.
699 3846 826 3903 Dec.
857 3848 1043 3904 Natale
1075 3851 1134 3904 S.
1163 3849 1390 3908 Caeciliae
1414 3853 1660 3924 virginis,
1686 3853 1984 3925 Valeriani,

413 3937 761 4002 T.burcii,'et
793 3941 1008 3996 Maximi
1043 3954 1362 4013 martyrum.
1393 3944 1577 4000 Lectio
1605 3945 1728 4000 libri
1759 3944 1988 4015 Sapien-

416 4033 520 4087 tia}.
556 4031 779 4086 Domine
812 4031 952 4088 Deus
989 4050 1177 4101 meus,
1225 4037 1478 4090 exaltasti
1533 4053 1701 4108 super
1747 4049 1984 4104 terram,

415 4141 579 4194 usque
611 4141 806 4180 nomen
845 4137 1019 4191 tuum,
1049 4127 1280 4183 Domine
1323 4128 1465 4184 Deus
1499 4141 1706 4185 noster.
1739 4131 1986 4202 Evange-

414 4217 547 4270 lium
598 4219 900 4272 secundum
948 4217 1164 4280 Matth,
1195 4234 1595 4289 capaccuvut,
1650 4222 1789 4277 Dixit
1831 4221 1988 4278 Jesns

417 4306 699 4376 discipulis
730 4307 850 4364 suis
882 4307 1196 4378 parabolam
1236 4310 1398 4374 hanc,
1431 4309 1621 4366 Simile
1652 4323 1734 4366 est
1761 4328 1986 4383 regnum

420 4398 684 4452 cmlorum
716 4399 901 4453 decem
936 4399 1256 4466 virginibus,
1289 4417 1451 4468 usque
1486 4417 1659 4470 neque
1691 4401 1846 4456 hora.

488 4505 541 4542 tx
585 4487 704 4542 Kal.
739 4489 990 4544 Decemb.
1033 4489 1218 4545 Natale
1253 4489 1311 4544 S.
1339 4492 1655 4554 Clementis,
1682 4501 1736 4546 et
1760 4493 1817 4547 S.
1845 4492 1988 4548 Feli-

419 4582 632 4648 citatis,
680 4589 734 4636 et
782 4581 839 4636 S.
890 4581 1233 4637 Columbam.
1285 4583 1468 4638 Lectio
1503 4584 1625 4638 libri
1675 4585 1984 4652 Sapientim.

418 4674 615 4729 Beatus
647 4673 734 4739 vir
763 4675 851 4743 qui
883 4675 936 4730 in
969 4677 1232 4746 sapientia
1269 4679 1588 4740 morabitur,
1618 4693 1777 4747 usque
1817 4678 1988 4734 iier-

417 4767 610 4822 uitabit
641 4767 792 4820 illum
822 4767 1083 4822 Dominus
1115 4769 1255 4824 Deus
1288 4778 1491 4823 noster.
1523 4770 1874 4840 Evangelium
1907 4786 1993 4825 se-

417 4859 654 4913 cundum
689 4861 1017 4927 Matthzcum,
1051 4876 1170 4928 cap.
1203 4876 1414 4925 ccnxtx,
1459 4862 1600 4916 Dixit
1638 4861 1797 4916 Jesus
1829 4862 1992 4916 disci-

416 4951 561 5017 pulis
596 4951 709 5006 suis
743 4952 1054 5022 parabolam
1106 4953 1266 5018 hanc,
1302 4952 1473 5006 llmuo
1506 4954 1724 5022 quidam
1767 4968 1992 5024 peregre

419 5042 796 5112 praticisceus,
833 5059 995 5112 usque
1034 5042 1088 5096 in
1122 5044 1373 5111 gaudium
1405 5043 1612 5098 domini
1645 5045 1743 5100 tui.

497 5135 625 5188 Item
656 5136 815 5188 lectio
847 5135 968 5188 libri
1007 5134 1317 5203 Sapientiae.
1348 5133 1624 5189 Mulierem
1663 5137 1876 5201 fortem,
1905 5155 1994 5190 us-

420 5241 519 5294 que
569 5227 620 5278 in
671 5229 839 5294 portis
889 5242 1051 5297 opera
1098 5227 1237 5297 ejus.
1293 5229 1642 5297 Evangelium
1695 5230 1991 5283 secundum

425 5317 756 5382 Mutthzcum,
792 5333 910 5386 cap.
947 5334 1104 5383 cxxx,
1155 5318 1436 5387 Loquente
1485 5319 1617 5375 Jesu
1655 5311 1734 5374 ad
1785 5323 1992 5383 turbas,

423 5426 586 5478 usque
617 5425 772 5463 soror
799 5423 850 5463 et
881 5422 1052 5464 mater
1077 5423 1184 5468 est.

493 5514 588 5550 vnt
629 5498 739 5551 Kal.
797 5498 1075 5555 Decembr.
1122 5501 1309 5555 Natale
1351 5491 1418 5556 S.’
1456 5501 1778 5572 Crysogoui.
1813 5501 1996 5558 Lectio

423 5587 544 5640 libri
575 5588 612 5640 S
633 5588 887 5654 upientiae.
916 5590 1104 5644 Justus
1131 5607 1222 5644 eor
1249 5606 1404 5646 suum
1437 5591 1653 5644 tradidit
1681 5594 1744 5642 ad
1772 5591 1998 5659 vigilan-

425 5677 578 5738 dum,
613 5695 772 5746 usque
801 5681 1167 5750 requireretur
1211 5697 1241 5735 a
1287 5683 1641 5749 generatione
1683 5681 1735 5736 in
1773 5698 1998 5750 genera-

434 5767 657 5819 tionem.
688 5766 1032 5836 Emzigrlium
1062 5774 1358 5826 secundum
1386 5773 1606 5835 Lucam,
1637 5787 1755 5836 «ap.
1787 5787 1995 5833 ccutx,

2085 3197 2228 3250 Dixit
2272 3195 2436 3252 Jesus
2479 3196 2755 3266 discipulis
2787 3195 2920 3259 suis,
2959 3194 3083 3249 Haec
3130 3196 3328 3250 mando
3377 3194 3552 3259 vobis,
3600 3202 3664 3248 ut

2083 3288 2320 3358 diligatis
2342 3289 2598 3353 invicem,
2627 3303 2789 3358 usque
2816 3289 2907 3356 qui
2939 3289 3173 3342 oderunt
3204 3302 3290 3339 me
3319 3285 3510 3356 gratis.

2155 3395 2215 3434 ιιι
2250 3379 2375 3436 ldus
2411 3379 2668 3436 Decemb.
2701 3379 2906 3434 Natalis
2938 3388 3141 3446 sanctae
3180 3377 3403 3432 Eulaliae
3431 3376 3663 3444 virginis

2083 3480 2137 3526 et
2163 3480 2477 3526 sanctorum
2515 3478 2814 3541 martyrum
2845 3469 3098 3536 Victoris,
3129 3468 3402 3534 Fusciani,
3431 3477 3487 3521 et
3511 3467 3663 3522 Gen-

2087 3564 2244 3619 tiani.
2270 3561 2459 3615 Lectio
2484 3560 2737 3631 Epistula:
2764 3561 2902 3615 beati
2934 3561 3084 3616 Pauli
3117 3560 3342 3629 apostoli
3375 3561 3439 3614 ad
3463 3560 3662 3614 Corin-

2085 3656 2250 3711 thios.
2282 3655 2519 3718 Fratres,
2567 3653 2658 3722 qui
2700 3651 2977 3721 gloriatur,
3015 3652 3070 3705 in
3118 3651 3346 3706 Domino
3377 3651 3659 3720 glorietur,

2085 3763 2249 3817 usque
2304 3746 2560 3800 exhibere
2629 3743 2870 3798 Christo.
2941 3741 3292 3810 Evangelium
3357 3741 3660 3796 secundum

2085 3838 2302 3904 Matth.,
2336 3853 2456 3907 cap.
2502 3851 2756 3891 ccnxvut.
2807 3834 2955 3888 Dixit
3000 3831 3160 3889 Jesus
3204 3832 3488 3901 discipulis
3539 3833 3660 3889 suis

2088 3932 2399 4002 parabolam
2433 3930 2595 3992 hanc,
2649 3927 2839 3981 Simile
2883 3933 2968 3980 est
3017 3939 3239 3994 regnum
3269 3923 3531 3979 calorum
3564 3924 3661 3980 dc-

2089 4040 2204 4080 cem
2237 4023 2559 4092 virginibus,
2588 4037 2749 4090 usque
2779 4033 2956 4089 neque
2987 4017 3198 4072 horam.

2159 4116 2289 4170 ltem
2323 4114 2484 4169 lectio
2512 4113 2767 4182 Epistolas
2802 4113 2944 4166 beati
2979 4109 3127 4165 Pauli
3174 4109 3402 4179 apostoli
3438 4109 3506 4163 ad
3547 4109 3663 4162 Ro-

2090 4223 2304 4263 manos.
2349 4205 2591 4271 Fratres,
2625 4207 2850 4268 scimus,
2901 4201 3249 4273 diligentibus
3280 4201 3447 4256 Deum
3477 4203 3661 4257 omnia

2089 4306 2450 4368 cooperantur
2481 4297 2534 4350 in
2567 4297 2790 4356 bonum.
2821 4310 2985 4362 usque
3015 4288 3238 4347 tradidit
3281 4293 3451 4346 illum.
3483 4293 3666 4348 Evan-

2090 4393 2288 4459 gelium
2315 4390 2610 4446 secundum
2641 4386 2867 4451 Joann.,
2896 4400 3019 4455 cap.
3044 4399 3306 4449 cxxxvut,
3334 4383 3481 4438 Dixit
3503 4382 3666 4439 Jesus

2018 4459 2066 4520 θ
2091 4483 2376 4553 discipulis
2408 4482 2542 4546 suis,
2579 4479 2704 4535 limo
2731 4478 2928 4534 mando
2959 4477 3134 4542 vobis,
3165 4486 3228 4531 ut
3255 4475 3494 4545 diligatis
3519 4477 3664 4532 invi-

2092 4591 2232 4639 cem,
2264 4589 2423 4644 usque
2451 4572 2539 4642 qui
2570 4573 2805 4626 oderunt
2833 4585 2918 4622 me
2946 4570 3139 4638 gratis.

2161 4683 2200 4722 ιι
2231 4666 2356 4720 ldus
2389 4665 2640 4719 Decemb.
2674 4660 2950 4729 Depositio
2995 4661 3052 4715 S.
3088 4659 3341 4716 Walerici
3385 4659 3666 4714 confesso-

2090 4758 2187 4812 ris.
2224 4755 2410 4811 Lectio
2439 4753 2560 4809 libri
2597 4753 2905 4821 Sapientize.
2951 4750 3168 4808 Justum
3213 4752 3434 4806 deduxit
3478 4752 3662 4806 Domi-

2094 4862 2217 4913 nus,
2254 4861 2416 4915 usque
2449 4843 2750 4898 claritatem
2798 4850 3054 4897 aeternam
3089 4840 3354 4896 Dominus
3392 4841 3664 4916 Deusno-

2092 4948 2225 4993 ster.
2274 4935 2622 5005 Evangelium
2664 4934 2960 4988 secundum
3016 4931 3230 4994 ΜιιιιΙι..
3273 4946 3397 4999 cap.
3447 4947 3660 4991 εοικιι.

2094 5027 2239 5080 Dixit
2272 5024 2430 5080 Jesus
2464 5021 2748 5091 discipulis
2787 5020 2922 5080 suis,
2960 5017 3132 5073 Homo
3162 5018 3378 5088 quidam
3412 5032 3659 5086 peregre,

2095 5135 2255 5189 usque
2289 5118 2341 5171 in
2371 5117 2622 5188 gaudimn
2651 5113 2862 5168 domini
2895 5111 2988 5164 tui.

2166 5210 2346 5263 Idibus
2387 5207 2641 5262 Decentii.
2694 5202 2971 5272 Depositio
3027 5201 3084 5258 S.
3134 5199 3378 5254 Autberti
3423 5196 3658 5268 episcopi

2094 5304 2469 5358 Camaracum.
2504 5301 2570 5354 Et
2597 5299 2654 5354 S.
2689 5297 2868 5351 Luciae
2901 5295 3144 5364 virginis.
3180 5293 3366 5347 Lectio
3407 5291 3526 5344 lihri
3568 5291 3661 5345 Sa-

2096 5398 2328 5464 pientiae
2367 5395 2508 5462 Silpit
2530 5391 2639 5446 ntia
2674 5390 2837 5444 vincit
2869 5387 3149 5452 malitiam,
3179 5402 3336 5454 usque
3365 5383 3660 5448 disciplina:

2097 5491 2218 5545 Dei.
2243 5487 2590 5556 Evangelium
2623 5483 2922 5541 secundum
2959 5480 3176 5534 Lucam.
3208 5494 3329 5546 cap.
3357 5492 3493 5536 acu,
3521 5474 3660 5550 Dixit

2095 5584 2254 5638 Jesus
2287 5579 2570 5649 discipulis
2618 5579 2750 5641 suis,
2801 5573 2992 5629 Ponite
3041 5573 3094 5626 in
3142 5570 3398 5624 cordibus
3447 5565 3654 5629 vestris,

2099 5692 2256 5746 tuque
2289 5674 2496 5726 animas
2530 5679 2758 5724 vestras.
3478 5751 3496 5757 _
3607 5746 3618 5757 .

2171 5785 2232 5821 xv
2269 5765 2388 5818 Kal.
2420 5761 2683 5820 Januarii.
2716 5759 2902 5814 Natale
2935 5757 2991 5812 S.
3032 5756 3173 5810 Ait-aa
3205 5751 3448 5824 virginis.
3478 5751 3657 5806 Lectio
