  <div class='ocr_page' id='page_1' title='image "/cluster/home/n/w/nwhite01/storage/ocr_20150623/30/hvd.32044096580527/279.png"; bbox 0 0 3934 6188; ppageno 0'>
   <div class='ocr_carea' id='block_1_1' title="bbox 409 313 1962 390">
    <p class='ocr_par' dir='ltr' id='par_1_1' title="bbox 409 316 1962 385">
     <span class='ocr_line' id='line_1_1' title="bbox 409 316 1962 385; baseline -0.003 -4"><span class='ocrx_word' id='word_1_1' title='bbox 409 316 516 382; x_wconf 63' lang='lat'><strong>547</strong></span> <span class='ocrx_word' id='word_1_2' title='bbox 1331 320 1397 381; x_wconf 95' lang='lat' dir='ltr'><strong>S.</strong></span> <span class='ocrx_word' id='word_1_3' title='bbox 1437 317 1887 385; x_wconf 79' lang='lat' dir='ltr'><strong>HIERONYMI</strong></span> <span class='ocrx_word' id='word_1_4' title='bbox 1927 317 1962 377; x_wconf 83' lang='lat' dir='ltr'><strong><em>C</em></strong></span> 
     </span>
    </p>
   </div>
   <div class='ocr_carea' id='block_1_2' title="bbox 2040 313 3593 390">
    <p class='ocr_par' dir='ltr' id='par_1_2' title="bbox 2040 313 3593 390">
     <span class='ocr_line' id='line_1_2' title="bbox 2040 313 3593 390; baseline 0.008 -15"><span class='ocrx_word' id='word_1_5' title='bbox 2040 316 2250 378; x_wconf 79' lang='lat' dir='ltr'><strong>ERUM</strong></span> <span class='ocrx_word' id='word_1_6' title='bbox 2293 313 2696 376; x_wconf 80' lang='lat' dir='ltr'><strong>MANTISSA.</strong></span> <span class='ocrx_word' id='word_1_7' title='bbox 3507 323 3593 390; x_wconf 76' lang='grc'><strong>548</strong></span> 
     </span>
    </p>
   </div>
   <div class='ocr_carea' id='block_1_3' title="bbox 469 421 3594 500">
    <p class='ocr_par' dir='ltr' id='par_1_3' title="bbox 469 421 3594 500">
     <span class='ocr_line' id='line_1_3' title="bbox 469 421 3594 500; baseline 0.001 -19"><span class='ocrx_word' id='word_1_8' title='bbox 469 426 636 481; x_wconf 73' lang='lat' dir='ltr'><strong>liissa</strong></span> <span class='ocrx_word' id='word_1_9' title='bbox 667 440 772 496; x_wconf 48' lang='lat' dir='ltr'><strong>qua</strong></span> <span class='ocrx_word' id='word_1_10' title='bbox 807 426 1064 482; x_wconf 80' lang='lat' dir='ltr'><strong>sacerdos</strong></span> <span class='ocrx_word' id='word_1_11' title='bbox 1083 441 1185 496; x_wconf 89' lang='lat' dir='ltr'><strong>pro</strong></span> <span class='ocrx_word' id='word_1_12' title='bbox 1213 441 1272 481; x_wconf 91' lang='lat' dir='ltr'><strong>se</strong></span> <span class='ocrx_word' id='word_1_13' title='bbox 1300 437 1480 482; x_wconf 87' lang='lat' dir='ltr'><strong>canet.</strong></span> <span class='ocrx_word' id='word_1_14' title='bbox 1506 426 1691 480; x_wconf 84' lang='lat' dir='ltr'><strong>Lectio</strong></span> <span class='ocrx_word' id='word_1_15' title='bbox 1709 425 1967 494; x_wconf 75' lang='lat' dir='ltr'><strong>Epistola:</strong></span> <span class='ocrx_word' id='word_1_16' title='bbox 1993 428 2042 486; x_wconf 82' lang='grc' dir='ltr'>Λ</span> <span class='ocrx_word' id='word_1_17' title='bbox 2073 424 2217 477; x_wconf 92' lang='lat' dir='ltr'><strong>Dixit</strong></span> <span class='ocrx_word' id='word_1_18' title='bbox 2260 425 2419 479; x_wconf 86' lang='lat' dir='ltr'><strong>Jesus</strong></span> <span class='ocrx_word' id='word_1_19' title='bbox 2475 421 2759 500; x_wconf 79' lang='lat' dir='ltr'><strong>discipulis</strong></span> <span class='ocrx_word' id='word_1_20' title='bbox 2812 421 2929 476; x_wconf 77' lang='lat' dir='ltr'><strong>suis</strong></span> <span class='ocrx_word' id='word_1_21' title='bbox 2984 431 3038 474; x_wconf 88' lang='lat' dir='ltr'><strong>et</strong></span> <span class='ocrx_word' id='word_1_22' title='bbox 3099 421 3268 478; x_wconf 89' lang='lat' dir='ltr'><strong>turbis</strong></span> <span class='ocrx_word' id='word_1_23' title='bbox 3301 422 3594 497; x_wconf 69' lang='lat' dir='ltr'><strong>Iudaeorum,</strong></span> 
     </span>
    </p>
   </div>
   <div class='ocr_carea' id='block_1_4' title="bbox 401 513 3599 587">
    <p class='ocr_par' dir='ltr' id='par_1_4' title="bbox 401 513 3599 587">
     <span class='ocr_line' id='line_1_4' title="bbox 401 513 3599 587; baseline 0.002 -15"><span class='ocrx_word' id='word_1_24' title='bbox 401 520 539 573; x_wconf 81' lang='lat' dir='ltr'><strong>beati</strong></span> <span class='ocrx_word' id='word_1_25' title='bbox 576 518 724 572; x_wconf 86' lang='lat' dir='ltr'><strong>Pauli</strong></span> <span class='ocrx_word' id='word_1_26' title='bbox 754 517 986 587; x_wconf 87' lang='lat' dir='ltr'><strong>apostoli</strong></span> <span class='ocrx_word' id='word_1_27' title='bbox 1018 517 1086 572; x_wconf 89' lang='lat' dir='ltr'><strong>ad</strong></span> <span class='ocrx_word' id='word_1_28' title='bbox 1129 516 1425 572; x_wconf 76' lang='lat' dir='ltr'><strong>Romanos.</strong></span> <span class='ocrx_word' id='word_1_29' title='bbox 1487 516 1730 580; x_wconf 84' lang='lat' dir='ltr'><strong>Fratres,</strong></span> <span class='ocrx_word' id='word_1_30' title='bbox 1761 514 1964 570; x_wconf 77' lang='lat' dir='ltr'><strong>scimus</strong></span> <span class='ocrx_word' id='word_1_31' title='bbox 2077 514 2241 568; x_wconf 90' lang='lat' dir='ltr'><strong>Sicut</strong></span> <span class='ocrx_word' id='word_1_32' title='bbox 2269 515 2414 569; x_wconf 89' lang='lat' dir='ltr'><strong>enim</strong></span> <span class='ocrx_word' id='word_1_33' title='bbox 2447 513 2609 568; x_wconf 86' lang='lat' dir='ltr'><strong>Pater</strong></span> <span class='ocrx_word' id='word_1_34' title='bbox 2643 513 2872 569; x_wconf 79' lang='lat' dir='ltr'><strong>suscitat</strong></span> <span class='ocrx_word' id='word_1_35' title='bbox 2897 522 3164 578; x_wconf 87' lang='lat' dir='ltr'><strong>mortuos,</strong></span> <span class='ocrx_word' id='word_1_36' title='bbox 3200 531 3352 584; x_wconf 76' lang='lat' dir='ltr'><strong>usque</strong></span> <span class='ocrx_word' id='word_1_37' title='bbox 3375 517 3435 573; x_wconf 89' lang='lat' dir='ltr'><strong>de</strong></span> <span class='ocrx_word' id='word_1_38' title='bbox 3454 535 3599 578; x_wconf 87' lang='lat' dir='ltr'><strong>morte</strong></span> 
     </span>
    </p>
   </div>
   <div class='ocr_carea' id='block_1_5' title="bbox 399 606 2344 679">
    <p class='ocr_par' dir='ltr' id='par_1_5' title="bbox 399 606 2344 679">
     <span class='ocr_line' id='line_1_5' title="bbox 399 606 2344 679; baseline -0.002 -15"><span class='ocrx_word' id='word_1_39' title='bbox 399 609 545 679; x_wconf 91' lang='lat' dir='ltr'><strong>quod</strong></span> <span class='ocrx_word' id='word_1_40' title='bbox 571 611 654 664; x_wconf 90' lang='lat' dir='ltr'><strong>lex</strong></span> <span class='ocrx_word' id='word_1_41' title='bbox 682 608 974 676; x_wconf 88' lang='lat' dir='ltr'><strong>spiritualis</strong></span> <span class='ocrx_word' id='word_1_42' title='bbox 1004 620 1105 673; x_wconf 84' lang='lat' dir='ltr'><strong>est,</strong></span> <span class='ocrx_word' id='word_1_43' title='bbox 1133 624 1296 677; x_wconf 84' lang='lat' dir='ltr'><strong>usque</strong></span> <span class='ocrx_word' id='word_1_44' title='bbox 1329 607 1493 679; x_wconf 88' lang='lat' dir='ltr'><strong>hujus</strong></span> <span class='ocrx_word' id='word_1_45' title='bbox 1519 608 1693 676; x_wconf 80' lang='lat' dir='ltr'><strong>gratia</strong></span> <span class='ocrx_word' id='word_1_46' title='bbox 1737 606 1832 661; x_wconf 87' lang='lat' dir='ltr'><strong>Dei</strong></span> <span class='ocrx_word' id='word_1_47' title='bbox 1867 621 1964 677; x_wconf 89' lang='lat' dir='ltr'><strong>per</strong></span> <span class='ocrx_word' id='word_1_48' title='bbox 2079 606 2131 659; x_wconf 91' lang='lat' dir='ltr'><strong>in</strong></span> <span class='ocrx_word' id='word_1_49' title='bbox 2159 609 2344 661; x_wconf 87' lang='lat' dir='ltr'><strong>vitam.</strong></span> 
     </span>
    </p>
   </div>
   <div class='ocr_carea' id='block_1_6' title="bbox 398 696 3604 772">
    <p class='ocr_par' dir='ltr' id='par_1_6' title="bbox 398 696 3604 772">
     <span class='ocr_line' id='line_1_6' title="bbox 398 696 3604 772; baseline -0.002 -14"><span class='ocrx_word' id='word_1_50' title='bbox 398 704 583 758; x_wconf 84' lang='lat' dir='ltr'><strong>Jesum</strong></span> <span class='ocrx_word' id='word_1_51' title='bbox 629 703 900 758; x_wconf 89' lang='lat' dir='ltr'><strong>Christum</strong></span> <span class='ocrx_word' id='word_1_52' title='bbox 964 703 1252 758; x_wconf 87' lang='lat' dir='ltr'><strong>Dominum</strong></span> <span class='ocrx_word' id='word_1_53' title='bbox 1278 713 1549 756; x_wconf 90' lang='lat' dir='ltr'><strong>nostrum.</strong></span> <span class='ocrx_word' id='word_1_54' title='bbox 1602 698 1962 772; x_wconf 74' lang='lat' dir='ltr'><strong>Evangelium</strong></span> <span class='ocrx_word' id='word_1_55' title='bbox 2151 699 2282 752; x_wconf 93' lang='lat' dir='ltr'><strong>Item</strong></span> <span class='ocrx_word' id='word_1_56' title='bbox 2315 697 2610 760; x_wconf 85' lang='lat' dir='ltr'><strong>secundum</strong></span> <span class='ocrx_word' id='word_1_57' title='bbox 2640 696 2927 762; x_wconf 82' lang='lat' dir='ltr'><strong>Joannem,</strong></span> <span class='ocrx_word' id='word_1_58' title='bbox 2977 710 3096 766; x_wconf 86' lang='lat' dir='ltr'><strong>cap.</strong></span> <span class='ocrx_word' id='word_1_59' title='bbox 3148 711 3254 760; x_wconf 74' lang='lat' dir='ltr'><strong>LVI,</strong></span> <span class='ocrx_word' id='word_1_60' title='bbox 3300 696 3433 754; x_wconf 74' lang='grc' dir='ltr'><strong>ῡιιὶι</strong></span> <span class='ocrx_word' id='word_1_61' title='bbox 3472 699 3604 758; x_wconf 69' lang='lat' dir='ltr'><strong>Iesus</strong></span> 
     </span>
    </p>
   </div>
   <div class='ocr_carea' id='block_1_7' title="bbox 400 785 3603 866">
    <p class='ocr_par' dir='ltr' id='par_1_7' title="bbox 400 785 3603 866">
     <span class='ocr_line' id='line_1_7' title="bbox 400 785 3603 866; baseline -0.002 -14"><span class='ocrx_word' id='word_1_62' title='bbox 400 797 700 852; x_wconf 69' lang='lat' dir='ltr'><strong>srcundum</strong></span> <span class='ocrx_word' id='word_1_63' title='bbox 757 795 1066 850; x_wconf 65' lang='lat' dir='ltr'><strong>Mattbmum</strong></span> <span class='ocrx_word' id='word_1_64' title='bbox 1119 811 1241 866; x_wconf 87' lang='lat' dir='ltr'><strong>cap.</strong></span> <span class='ocrx_word' id='word_1_65' title='bbox 1280 811 1464 858; x_wconf 79' lang='lat' dir='ltr'><strong>uxvr.</strong></span> <span class='ocrx_word' id='word_1_66' title='bbox 1492 793 1775 850; x_wconf 90' lang='lat' dir='ltr'><strong>Circuibat</strong></span> <span class='ocrx_word' id='word_1_67' title='bbox 1802 792 1965 848; x_wconf 71' lang='lat' dir='ltr'><strong>Iesus</strong></span> <span class='ocrx_word' id='word_1_68' title='bbox 2079 789 2255 844; x_wconf 78' lang='lat' dir='ltr'><strong>turbis</strong></span> <span class='ocrx_word' id='word_1_69' title='bbox 2303 788 2641 855; x_wconf 68' lang='lat' dir='ltr'><strong>Judarorum,</strong></span> <span class='ocrx_word' id='word_1_70' title='bbox 2685 785 2861 842; x_wconf 88' lang='lat' dir='ltr'><strong>Omne</strong></span> <span class='ocrx_word' id='word_1_71' title='bbox 2893 787 3040 856; x_wconf 86' lang='lat' dir='ltr'><strong>quod</strong></span> <span class='ocrx_word' id='word_1_72' title='bbox 3087 786 3178 841; x_wconf 88' lang='lat' dir='ltr'><strong>dat</strong></span> <span class='ocrx_word' id='word_1_73' title='bbox 3221 787 3366 855; x_wconf 90' lang='lat' dir='ltr'><strong>mihi,</strong></span> <span class='ocrx_word' id='word_1_74' title='bbox 3392 794 3603 859; x_wconf 72' lang='lat' dir='ltr'><strong>atquein</strong></span> 
     </span>
    </p>
   </div>
   <div class='ocr_carea' id='block_1_8' title="bbox 399 882 2516 959">
    <p class='ocr_par' dir='ltr' id='par_1_8' title="bbox 399 882 2516 959">
     <span class='ocr_line' id='line_1_8' title="bbox 399 882 2516 959; baseline -0.003 -17"><span class='ocrx_word' id='word_1_75' title='bbox 399 903 589 942; x_wconf 73' lang='lat' dir='ltr'><strong>ouwes</strong></span> <span class='ocrx_word' id='word_1_76' title='bbox 618 888 884 953; x_wconf 48' lang='lat' dir='ltr'><strong>civitates,</strong></span> <span class='ocrx_word' id='word_1_77' title='bbox 917 904 1080 959; x_wconf 81' lang='lat' dir='ltr'><strong>usque</strong></span> <span class='ocrx_word' id='word_1_78' title='bbox 1106 903 1324 944; x_wconf 91' lang='lat' dir='ltr'><strong>omnem</strong></span> <span class='ocrx_word' id='word_1_79' title='bbox 1354 887 1752 942; x_wconf 84' lang='lat' dir='ltr'><strong>inﬁrmitatem.</strong></span> <span class='ocrx_word' id='word_1_80' title='bbox 2080 882 2379 938; x_wconf 87' lang='lat' dir='ltr'><strong>novissimo</strong></span> <span class='ocrx_word' id='word_1_81' title='bbox 2408 882 2516 936; x_wconf 89' lang='lat' dir='ltr'><strong>die.</strong></span> 
     </span>
    </p>
   </div>
   <div class='ocr_carea' id='block_1_9' title="bbox 472 969 2025 1070">
    <p class='ocr_par' dir='ltr' id='par_1_9' title="bbox 472 996 1972 1070">
     <span class='ocr_line' id='line_1_9' title="bbox 472 996 1972 1070; baseline 0.002 -20"><span class='ocrx_word' id='word_1_82' title='bbox 472 997 628 1052; x_wconf 80' lang='lat' dir='ltr'><strong>Missa</strong></span> <span class='ocrx_word' id='word_1_83' title='bbox 665 999 867 1052; x_wconf 83' lang='lat' dir='ltr'><strong>votiva.</strong></span> <span class='ocrx_word' id='word_1_84' title='bbox 917 999 1102 1054; x_wconf 84' lang='lat' dir='ltr'><strong>Lectio</strong></span> <span class='ocrx_word' id='word_1_85' title='bbox 1152 1000 1298 1054; x_wconf 70' lang='lat' dir='ltr'><strong>Isaiae</strong></span> <span class='ocrx_word' id='word_1_86' title='bbox 1325 998 1621 1070; x_wconf 75' lang='lat' dir='ltr'><strong>praphetre.</strong></span> <span class='ocrx_word' id='word_1_87' title='bbox 1665 998 1791 1052; x_wconf 66' lang='lat' dir='ltr'><strong>I-Iaac</strong></span> <span class='ocrx_word' id='word_1_88' title='bbox 1833 996 1972 1053; x_wconf 90' lang='lat' dir='ltr'><strong>dicit</strong></span> 
     </span>
    </p>
   </div>
   <div class='ocr_carea' id='block_1_10' title="bbox 2054 969 3607 1070">
    <p class='ocr_par' dir='ltr' id='par_1_10' title="bbox 2151 969 3607 1037">
     <span class='ocr_line' id='line_1_10' title="bbox 2151 969 3607 1037; baseline 0.002 -10"><span class='ocrx_word' id='word_1_89' title='bbox 2151 973 2285 1028; x_wconf 89' lang='lat' dir='ltr'><strong>Item</strong></span> <span class='ocrx_word' id='word_1_90' title='bbox 2333 973 2626 1028; x_wconf 89' lang='lat' dir='ltr'><strong>secundum</strong></span> <span class='ocrx_word' id='word_1_91' title='bbox 2647 970 2938 1034; x_wconf 80' lang='lat' dir='ltr'><strong>Joannem,</strong></span> <span class='ocrx_word' id='word_1_92' title='bbox 2969 983 3094 1037; x_wconf 85' lang='lat' dir='ltr'><strong>cap.</strong></span> <span class='ocrx_word' id='word_1_93' title='bbox 3126 984 3252 1034; x_wconf 79' lang='lat' dir='ltr'><strong>va,</strong></span> <span class='ocrx_word' id='word_1_94' title='bbox 3309 969 3446 1026; x_wconf 83' lang='lat' dir='ltr'><strong>Dixit</strong></span> <span class='ocrx_word' id='word_1_95' title='bbox 3471 972 3607 1030; x_wconf 80' lang='lat' dir='ltr'><strong>Jesns</strong></span> 
     </span>
    </p>
   </div>
   <div class='ocr_carea' id='block_1_11' title="bbox 401 1059 1954 1170">
    <p class='ocr_par' dir='ltr' id='par_1_11' title="bbox 401 1090 1954 1162">
     <span class='ocr_line' id='line_1_11' title="bbox 401 1090 1954 1162; baseline 0.001 -20"><span class='ocrx_word' id='word_1_96' title='bbox 401 1091 678 1157; x_wconf 72' lang='lat' dir='ltr'><strong>Dominus,</strong></span> <span class='ocrx_word' id='word_1_97' title='bbox 711 1090 766 1144; x_wconf 90' lang='lat' dir='ltr'><strong>In</strong></span> <span class='ocrx_word' id='word_1_98' title='bbox 790 1091 878 1145; x_wconf 87' lang='lat' dir='ltr'><strong>die</strong></span> <span class='ocrx_word' id='word_1_99' title='bbox 909 1093 995 1144; x_wconf 83' lang='lat' dir='ltr'><strong>illa</strong></span> <span class='ocrx_word' id='word_1_100' title='bbox 1026 1091 1275 1146; x_wconf 78' lang='lat' dir='ltr'><strong>dill‘ertur</strong></span> <span class='ocrx_word' id='word_1_101' title='bbox 1295 1108 1498 1148; x_wconf 89' lang='lat' dir='ltr'><strong>munus</strong></span> <span class='ocrx_word' id='word_1_102' title='bbox 1518 1092 1769 1157; x_wconf 88' lang='lat' dir='ltr'><strong>Domino,</strong></span> <span class='ocrx_word' id='word_1_103' title='bbox 1799 1106 1954 1162; x_wconf 66' lang='lat' dir='ltr'><strong>usque</strong></span> 
     </span>
    </p>
   </div>
   <div class='ocr_carea' id='block_1_12' title="bbox 2060 1059 3613 1170">
    <p class='ocr_par' dir='ltr' id='par_1_12' title="bbox 2081 1059 3613 1136">
     <span class='ocr_line' id='line_1_12' title="bbox 2081 1059 3613 1136; baseline 0.001 -14"><span class='ocrx_word' id='word_1_104' title='bbox 2081 1066 2360 1136; x_wconf 86' lang='lat' dir='ltr'><strong>discipulis</strong></span> <span class='ocrx_word' id='word_1_105' title='bbox 2393 1066 2508 1120; x_wconf 85' lang='lat' dir='ltr'><strong>suis</strong></span> <span class='ocrx_word' id='word_1_106' title='bbox 2531 1076 2588 1120; x_wconf 92' lang='lat' dir='ltr'><strong>et</strong></span> <span class='ocrx_word' id='word_1_107' title='bbox 2624 1065 2800 1118; x_wconf 85' lang='lat' dir='ltr'><strong>turbis</strong></span> <span class='ocrx_word' id='word_1_108' title='bbox 2828 1061 3163 1118; x_wconf 68' lang='lat' dir='ltr'><strong>Iudaeorum.</strong></span> <span class='ocrx_word' id='word_1_109' title='bbox 3198 1059 3308 1134; x_wconf 70' lang='lat' dir='ltr'><strong>Ego</strong></span> <span class='ocrx_word' id='word_1_110' title='bbox 3334 1076 3446 1118; x_wconf 86' lang='lat' dir='ltr'><strong>sum</strong></span> <span class='ocrx_word' id='word_1_111' title='bbox 3474 1067 3613 1133; x_wconf 85' lang='lat' dir='ltr'><strong>panis</strong></span> 
     </span>
    </p>
   </div>
   <div class='ocr_carea' id='block_1_13' title="bbox 399 1155 3014 1254">
    <p class='ocr_par' dir='ltr' id='par_1_13' title="bbox 399 1155 3014 1254">
     <span class='ocr_line' id='line_1_13' title="bbox 399 1155 3014 1254; baseline 0.001 -20"><span class='ocrx_word' id='word_1_112' title='bbox 399 1182 682 1236; x_wconf 69' lang='lat' dir='ltr'><strong>Imreditas</strong></span> <span class='ocrx_word' id='word_1_113' title='bbox 705 1198 823 1236; x_wconf 87' lang='lat' dir='ltr'><strong>m.-a</strong></span> <span class='ocrx_word' id='word_1_114' title='bbox 851 1183 1037 1248; x_wconf 90' lang='lat' dir='ltr'><strong>Israel,</strong></span> <span class='ocrx_word' id='word_1_115' title='bbox 1068 1183 1200 1239; x_wconf 86' lang='lat' dir='ltr'><strong>dicit</strong></span> <span class='ocrx_word' id='word_1_116' title='bbox 1227 1185 1490 1240; x_wconf 81' lang='lat' dir='ltr'><strong>Dominus</strong></span> <span class='ocrx_word' id='word_1_117' title='bbox 1523 1185 1896 1254; x_wconf 88' lang='lat' dir='ltr'><strong>omnipotens.</strong></span> <span class='ocrx_word' id='word_1_118' title='bbox 2078 1161 2257 1224; x_wconf 59' lang='lat'><strong>“&quot;159</strong></span> <span class='ocrx_word' id='word_1_119' title='bbox 2289 1174 2452 1227; x_wconf 70' lang='lat'><em>&quot;&quot;7&quot;&quot;</em></span> <span class='ocrx_word' id='word_1_120' title='bbox 2483 1159 2536 1212; x_wconf 72' lang='lat' dir='ltr'><strong>i&quot;</strong></span> <span class='ocrx_word' id='word_1_121' title='bbox 2571 1157 2870 1211; x_wconf 65' lang='lat' dir='ltr'><strong>“°&#39;i&quot;‘i&quot;‘°</strong></span> <span class='ocrx_word' id='word_1_122' title='bbox 2904 1155 3014 1211; x_wconf 62' lang='grc' dir='ltr'><strong>ὼε·</strong></span> 
     </span>
    </p>
   </div>
   <div class='ocr_carea' id='block_1_14' title="bbox 471 1275 1959 1348">
    <p class='ocr_par' dir='ltr' id='par_1_14' title="bbox 471 1275 1959 1348">
     <span class='ocr_line' id='line_1_14' title="bbox 471 1275 1959 1348; baseline 0.001 -20"><span class='ocrx_word' id='word_1_123' title='bbox 471 1276 574 1328; x_wconf 92' lang='lat' dir='ltr'><strong>P.o</strong></span> <span class='ocrx_word' id='word_1_124' title='bbox 605 1275 858 1330; x_wconf 80' lang='lat' dir='ltr'><strong>inﬁrmis.</strong></span> <span class='ocrx_word' id='word_1_125' title='bbox 915 1275 1099 1331; x_wconf 89' lang='lat' dir='ltr'><strong>L-ctio</strong></span> <span class='ocrx_word' id='word_1_126' title='bbox 1148 1277 1407 1347; x_wconf 51' lang='lat' dir='ltr'><strong>Epistulae</strong></span> <span class='ocrx_word' id='word_1_127' title='bbox 1452 1278 1590 1332; x_wconf 86' lang='lat' dir='ltr'><strong>beati</strong></span> <span class='ocrx_word' id='word_1_128' title='bbox 1621 1276 1772 1331; x_wconf 83' lang='lat' dir='ltr'><strong>Pauli</strong></span> <span class='ocrx_word' id='word_1_129' title='bbox 1801 1275 1959 1348; x_wconf 83' lang='lat' dir='ltr'><strong>[Lege</strong></span> 
     </span>
    </p>
   </div>
   <div class='ocr_carea' id='block_1_15' title="bbox 398 1332 3354 1436">
    <p class='ocr_par' dir='ltr' id='par_1_15' title="bbox 398 1332 3354 1436">
     <span class='ocr_line' id='line_1_15' title="bbox 398 1332 3354 1436; baseline 0.001 -20"><span class='ocrx_word' id='word_1_130' title='bbox 398 1361 614 1433; x_wconf 60' lang='lat' dir='ltr'><strong>Jacobi]</strong></span> <span class='ocrx_word' id='word_1_131' title='bbox 639 1365 897 1433; x_wconf 85' lang='lat' dir='ltr'><strong>apostoli.</strong></span> <span class='ocrx_word' id='word_1_132' title='bbox 937 1363 1177 1432; x_wconf 79' lang='lat' dir='ltr'><strong>Fratres,</strong></span> <span class='ocrx_word' id='word_1_133' title='bbox 1197 1332 1455 1420; x_wconf 48' lang='lat' dir='ltr'><strong>ltristatur</strong></span> <span class='ocrx_word' id='word_1_134' title='bbox 1479 1367 1676 1436; x_wconf 84' lang='lat' dir='ltr'><strong>aliquis</strong></span> <span class='ocrx_word' id='word_1_135' title='bbox 1702 1332 1968 1432; x_wconf 70' lang='lat' dir='ltr'><strong>vesirum,</strong></span> <span class='ocrx_word' id='word_1_136' title='bbox 2377 1333 2765 1391; x_wconf 63' lang='lat' dir='ltr'><strong>LECTIONES</strong></span> <span class='ocrx_word' id='word_1_137' title='bbox 2816 1332 3354 1393; x_wconf 60' lang='lat' dir='ltr'><strong>DEFUNCTORUM°</strong></span> 
     </span>
    </p>
   </div>
   <div class='ocr_carea' id='block_1_16' title="bbox 401 1449 3616 1524">
    <p class='ocr_par' dir='ltr' id='par_1_16' title="bbox 401 1449 3616 1524">
     <span class='ocr_line' id='line_1_16' title="bbox 401 1449 3616 1524; baseline 0 -18"><span class='ocrx_word' id='word_1_138' title='bbox 401 1472 563 1523; x_wconf 82' lang='lat' dir='ltr'><strong>usque</strong></span> <span class='ocrx_word' id='word_1_139' title='bbox 590 1471 683 1509; x_wconf 88' lang='lat' dir='ltr'><strong>ora</strong></span> <span class='ocrx_word' id='word_1_140' title='bbox 716 1471 812 1524; x_wconf 89' lang='lat' dir='ltr'><strong>pro</strong></span> <span class='ocrx_word' id='word_1_141' title='bbox 848 1456 1101 1518; x_wconf 76' lang='lat' dir='ltr'><strong>invicem,</strong></span> <span class='ocrx_word' id='word_1_142' title='bbox 1137 1467 1197 1510; x_wconf 85' lang='lat' dir='ltr'><strong>ut</strong></span> <span class='ocrx_word' id='word_1_143' title='bbox 1225 1457 1533 1512; x_wconf 79' lang='lat' dir='ltr'><strong>salvemini.</strong></span> <span class='ocrx_word' id='word_1_144' title='bbox 2153 1453 2196 1510; x_wconf 92' lang='lat' dir='ltr'><strong>I.</strong></span> <span class='ocrx_word' id='word_1_145' title='bbox 2228 1454 2396 1508; x_wconf 84' lang='lat' dir='ltr'><strong>Parce</strong></span> <span class='ocrx_word' id='word_1_146' title='bbox 2417 1452 2573 1513; x_wconf 82' lang='lat' dir='ltr'><strong>milli.</strong></span> <span class='ocrx_word' id='word_1_147' title='bbox 2604 1451 2855 1513; x_wconf 84' lang='lat' dir='ltr'><strong>Domine,</strong></span> <span class='ocrx_word' id='word_1_148' title='bbox 2893 1449 3029 1504; x_wconf 80' lang='lat' dir='ltr'><strong>nihil</strong></span> <span class='ocrx_word' id='word_1_149' title='bbox 3064 1450 3356 1507; x_wconf 81' lang='lat' dir='ltr'><strong>enimsunt</strong></span> <span class='ocrx_word' id='word_1_150' title='bbox 3377 1449 3486 1507; x_wconf 87' lang='lat' dir='ltr'><strong>dies</strong></span> <span class='ocrx_word' id='word_1_151' title='bbox 3505 1452 3616 1515; x_wconf 84' lang='lat' dir='ltr'><strong>mei,</strong></span> 
     </span>
    </p>
   </div>
   <div class='ocr_carea' id='block_1_17' title="bbox 471 1543 2734 1614">
    <p class='ocr_par' dir='ltr' id='par_1_17' title="bbox 471 1543 2734 1614">
     <span class='ocr_line' id='line_1_17' title="bbox 471 1543 2734 1614; baseline 0.001 -18"><span class='ocrx_word' id='word_1_152' title='bbox 471 1543 576 1600; x_wconf 90' lang='lat' dir='ltr'><strong>Pro</strong></span> <span class='ocrx_word' id='word_1_153' title='bbox 604 1545 706 1599; x_wconf 92' lang='lat' dir='ltr'><strong>iter</strong></span> <span class='ocrx_word' id='word_1_154' title='bbox 726 1546 1039 1614; x_wconf 76' lang='lat' dir='ltr'><strong>agentibus.</strong></span> <span class='ocrx_word' id='word_1_155' title='bbox 1065 1545 1253 1600; x_wconf 79' lang='lat' dir='ltr'><strong>Lectio</strong></span> <span class='ocrx_word' id='word_1_156' title='bbox 1281 1545 1408 1600; x_wconf 86' lang='lat' dir='ltr'><strong>libri</strong></span> <span class='ocrx_word' id='word_1_157' title='bbox 1440 1546 1741 1602; x_wconf 88' lang='lat' dir='ltr'><strong>Geneseos.</strong></span> <span class='ocrx_word' id='word_1_158' title='bbox 1767 1545 1828 1600; x_wconf 87' lang='lat' dir='ltr'><strong>In</strong></span> <span class='ocrx_word' id='word_1_159' title='bbox 1858 1545 1974 1600; x_wconf 86' lang='lat' dir='ltr'><strong>die-</strong></span> <span class='ocrx_word' id='word_1_160' title='bbox 2082 1561 2248 1614; x_wconf 81' lang='lat' dir='ltr'><strong>usque</strong></span> <span class='ocrx_word' id='word_1_161' title='bbox 2273 1560 2384 1598; x_wconf 91' lang='lat' dir='ltr'><strong>non</strong></span> <span class='ocrx_word' id='word_1_162' title='bbox 2415 1545 2734 1599; x_wconf 83' lang='lat' dir='ltr'><strong>subsistant.</strong></span> 
     </span>
    </p>
   </div>
   <div class='ocr_carea' id='block_1_18' title="bbox 401 1636 3620 1705">
    <p class='ocr_par' dir='ltr' id='par_1_18' title="bbox 401 1636 3620 1705">
     <span class='ocr_line' id='line_1_18' title="bbox 401 1636 3620 1705; baseline -0 -16"><span class='ocrx_word' id='word_1_163' title='bbox 401 1637 624 1692; x_wconf 86' lang='lat' dir='ltr'><strong>husillis</strong></span> <span class='ocrx_word' id='word_1_164' title='bbox 647 1639 865 1692; x_wconf 89' lang='lat' dir='ltr'><strong>locutus</strong></span> <span class='ocrx_word' id='word_1_165' title='bbox 891 1649 974 1693; x_wconf 82' lang='lat' dir='ltr'><strong>est</strong></span> <span class='ocrx_word' id='word_1_166' title='bbox 1005 1639 1276 1693; x_wconf 83' lang='lat' dir='ltr'><strong>Abraham</strong></span> <span class='ocrx_word' id='word_1_167' title='bbox 1307 1639 1515 1704; x_wconf 87' lang='lat' dir='ltr'><strong>dicens,</strong></span> <span class='ocrx_word' id='word_1_168' title='bbox 1542 1639 1804 1694; x_wconf 89' lang='lat' dir='ltr'><strong>Dominus</strong></span> <span class='ocrx_word' id='word_1_169' title='bbox 1821 1636 1970 1703; x_wconf 73' lang='lat' dir='ltr'><strong>C(Pii,</strong></span> <span class='ocrx_word' id='word_1_170' title='bbox 2022 1639 2034 1648; x_wconf 88' lang='lat'>&#39;</span> <span class='ocrx_word' id='word_1_171' title='bbox 2155 1639 2222 1693; x_wconf 93' lang='lat' dir='ltr'><strong>Il.</strong></span> <span class='ocrx_word' id='word_1_172' title='bbox 2283 1637 2468 1694; x_wconf 72' lang='lat' dir='ltr'><strong>Tredet</strong></span> <span class='ocrx_word' id='word_1_173' title='bbox 2489 1638 2685 1691; x_wconf 70' lang='lat' dir='ltr'><strong>animae</strong></span> <span class='ocrx_word' id='word_1_174' title='bbox 2717 1652 2850 1693; x_wconf 64' lang='lat' dir='ltr'><strong>mea</strong></span> <span class='ocrx_word' id='word_1_175' title='bbox 2880 1636 3006 1692; x_wconf 70' lang='lat' dir='ltr'><strong>vita:</strong></span> <span class='ocrx_word' id='word_1_176' title='bbox 3039 1650 3193 1701; x_wconf 70' lang='lat' dir='ltr'><strong>meae,</strong></span> <span class='ocrx_word' id='word_1_177' title='bbox 3233 1650 3391 1705; x_wconf 80' lang='lat' dir='ltr'><strong>usque</strong></span> <span class='ocrx_word' id='word_1_178' title='bbox 3425 1648 3620 1705; x_wconf 87' lang='lat' dir='ltr'><strong>possum</strong></span> 
     </span>
    </p>
   </div>
   <div class='ocr_carea' id='block_1_19' title="bbox 401 1729 2293 1814">
    <p class='ocr_par' dir='ltr' id='par_1_19' title="bbox 401 1729 2293 1814">
     <span class='ocr_line' id='line_1_19' title="bbox 401 1729 2293 1814; baseline 0.002 -33"><span class='ocrx_word' id='word_1_179' title='bbox 401 1729 495 1799; x_wconf 91' lang='lat' dir='ltr'><strong>qui</strong></span> <span class='ocrx_word' id='word_1_180' title='bbox 531 1729 652 1782; x_wconf 91' lang='lat' dir='ltr'><strong>tulit</strong></span> <span class='ocrx_word' id='word_1_181' title='bbox 691 1745 776 1782; x_wconf 91' lang='lat' dir='ltr'><strong>me</strong></span> <span class='ocrx_word' id='word_1_182' title='bbox 810 1729 877 1783; x_wconf 89' lang='lat' dir='ltr'><strong>de</strong></span> <span class='ocrx_word' id='word_1_183' title='bbox 925 1731 1107 1795; x_wconf 85' lang='lat' dir='ltr'><strong>domo,</strong></span> <span class='ocrx_word' id='word_1_184' title='bbox 1143 1746 1303 1801; x_wconf 71' lang='lat' dir='ltr'><strong>usque</strong></span> <span class='ocrx_word' id='word_1_185' title='bbox 1353 1730 1473 1801; x_wconf 83' lang='lat' dir='ltr'><strong>ipse</strong></span> <span class='ocrx_word' id='word_1_186' title='bbox 1503 1730 1682 1786; x_wconf 91' lang='lat' dir='ltr'><strong>mittet</strong></span> <span class='ocrx_word' id='word_1_187' title='bbox 1716 1729 1969 1802; x_wconf 74' lang='lat' dir='ltr'><strong>angelum</strong></span> <span class='ocrx_word' id='word_1_188' title='bbox 2007 1761 2046 1814; x_wconf 73' lang='grc' dir='ltr'><strong><em>Β</em></strong></span> <span class='ocrx_word' id='word_1_189' title='bbox 2075 1745 2293 1788; x_wconf 89' lang='lat' dir='ltr'><strong>eruere.</strong></span> 
     </span>
    </p>
   </div>
   <div class='ocr_carea' id='block_1_20' title="bbox 403 1821 3621 1893">
    <p class='ocr_par' dir='ltr' id='par_1_20' title="bbox 403 1821 3621 1893">
     <span class='ocr_line' id='line_1_20' title="bbox 403 1821 3621 1893; baseline -0.002 -15"><span class='ocrx_word' id='word_1_190' title='bbox 403 1835 564 1878; x_wconf 89' lang='lat' dir='ltr'><strong>suum</strong></span> <span class='ocrx_word' id='word_1_191' title='bbox 601 1835 786 1875; x_wconf 86' lang='lat' dir='ltr'><strong>coram</strong></span> <span class='ocrx_word' id='word_1_192' title='bbox 823 1830 896 1876; x_wconf 76' lang='lat' dir='ltr'><strong>te:</strong></span> <span class='ocrx_word' id='word_1_193' title='bbox 2145 1824 2235 1882; x_wconf 93' lang='lat' dir='ltr'><strong>III.</strong></span> <span class='ocrx_word' id='word_1_194' title='bbox 2267 1823 2460 1878; x_wconf 82' lang='lat' dir='ltr'><strong>Manus</strong></span> <span class='ocrx_word' id='word_1_195' title='bbox 2493 1832 2622 1887; x_wconf 63' lang='lat' dir='ltr'><strong>tum,</strong></span> <span class='ocrx_word' id='word_1_196' title='bbox 2657 1839 2824 1893; x_wconf 79' lang='lat' dir='ltr'><strong>usque</strong></span> <span class='ocrx_word' id='word_1_197' title='bbox 2842 1822 3141 1878; x_wconf 87' lang='lat' dir='ltr'><strong>custodivit</strong></span> <span class='ocrx_word' id='word_1_198' title='bbox 3172 1821 3423 1891; x_wconf 77' lang='lat' dir='ltr'><strong>spiritum</strong></span> <span class='ocrx_word' id='word_1_199' title='bbox 3444 1833 3621 1875; x_wconf 88' lang='lat' dir='ltr'><strong>meum.</strong></span> 
     </span>
    </p>
   </div>
   <div class='ocr_carea' id='block_1_21' title="bbox 476 1910 3667 1994">
    <p class='ocr_par' dir='ltr' id='par_1_21' title="bbox 476 1910 3667 1994">
     <span class='ocr_line' id='line_1_21' title="bbox 476 1910 3667 1994; baseline -0 -29"><span class='ocrx_word' id='word_1_200' title='bbox 476 1912 533 1966; x_wconf 91' lang='lat' dir='ltr'><strong>lu</strong></span> <span class='ocrx_word' id='word_1_201' title='bbox 564 1913 771 1982; x_wconf 77' lang='lat' dir='ltr'><strong>agenda</strong></span> <span class='ocrx_word' id='word_1_202' title='bbox 787 1925 1142 1969; x_wconf 91' lang='lat' dir='ltr'><strong>mortuorum.</strong></span> <span class='ocrx_word' id='word_1_203' title='bbox 1175 1914 1970 1972; x_wconf 77' lang='lat' dir='ltr'><strong>LectioliliriIlachabteorum.</strong></span> <span class='ocrx_word' id='word_1_204' title='bbox 2146 1917 2236 1974; x_wconf 85' lang='lat' dir='ltr'><strong>IV.</strong></span> <span class='ocrx_word' id='word_1_205' title='bbox 2277 1915 2570 1986; x_wconf 77' lang='lat' dir='ltr'><strong>Responde</strong></span> <span class='ocrx_word' id='word_1_206' title='bbox 2610 1917 2769 1982; x_wconf 87' lang='lat' dir='ltr'><strong>mihi,</strong></span> <span class='ocrx_word' id='word_1_207' title='bbox 2807 1925 3044 1985; x_wconf 84' lang='lat' dir='ltr'><strong>quantas</strong></span> <span class='ocrx_word' id='word_1_208' title='bbox 3077 1915 3256 1970; x_wconf 86' lang='lat' dir='ltr'><strong>habeo</strong></span> <span class='ocrx_word' id='word_1_209' title='bbox 3304 1910 3624 1982; x_wconf 72' lang='lat' dir='ltr'><strong>iniquitates!</strong></span> <span class='ocrx_word' id='word_1_210' title='bbox 3659 1976 3667 1994; x_wconf 32' lang='lat' dir='ltr'><strong><em>y</em></strong></span> 
     </span>
    </p>
   </div>
   <div class='ocr_carea' id='block_1_22' title="bbox 405 2004 3440 2080">
    <p class='ocr_par' dir='ltr' id='par_1_22' title="bbox 405 2004 3440 2080">
     <span class='ocr_line' id='line_1_22' title="bbox 405 2004 3440 2080; baseline 0 -22"><span class='ocrx_word' id='word_1_211' title='bbox 405 2004 463 2059; x_wconf 93' lang='lat' dir='ltr'><strong>In</strong></span> <span class='ocrx_word' id='word_1_212' title='bbox 495 2007 683 2060; x_wconf 85' lang='lat' dir='ltr'><strong>diebus</strong></span> <span class='ocrx_word' id='word_1_213' title='bbox 704 2005 812 2059; x_wconf 84' lang='lat' dir='ltr'><strong>illis</strong></span> <span class='ocrx_word' id='word_1_214' title='bbox 845 2005 926 2060; x_wconf 84' lang='lat' dir='ltr'><strong>vir</strong></span> <span class='ocrx_word' id='word_1_215' title='bbox 958 2005 1292 2064; x_wconf 73' lang='lat' dir='ltr'><strong>fortissimus</strong></span> <span class='ocrx_word' id='word_1_216' title='bbox 1328 2007 1491 2075; x_wconf 82' lang='lat' dir='ltr'><strong>Juda,</strong></span> <span class='ocrx_word' id='word_1_217' title='bbox 1517 2023 1681 2077; x_wconf 79' lang='lat' dir='ltr'><strong>usque</strong></span> <span class='ocrx_word' id='word_1_218' title='bbox 1705 2015 1817 2061; x_wconf 84' lang='lat' dir='ltr'><strong>uta</strong></span> <span class='ocrx_word' id='word_1_219' title='bbox 1847 2020 1974 2077; x_wconf 88' lang='lat' dir='ltr'><strong>pec-</strong></span> <span class='ocrx_word' id='word_1_220' title='bbox 2075 2026 2236 2080; x_wconf 78' lang='lat' dir='ltr'><strong>usque</strong></span> <span class='ocrx_word' id='word_1_221' title='bbox 2263 2011 2644 2063; x_wconf 84' lang='lat' dir='ltr'><strong>vestimentum</strong></span> <span class='ocrx_word' id='word_1_222' title='bbox 2687 2009 2830 2078; x_wconf 91' lang='lat' dir='ltr'><strong>quod</strong></span> <span class='ocrx_word' id='word_1_223' title='bbox 2855 2007 3164 2063; x_wconf 90' lang='lat' dir='ltr'><strong>comeditur</strong></span> <span class='ocrx_word' id='word_1_224' title='bbox 3207 2023 3239 2061; x_wconf 84' lang='lat' dir='ltr'><strong>a</strong></span> <span class='ocrx_word' id='word_1_225' title='bbox 3282 2009 3440 2060; x_wconf 81' lang='lat' dir='ltr'><strong>tinea.</strong></span> 
     </span>
    </p>
   </div>
   <div class='ocr_carea' id='block_1_23' title="bbox 406 2098 3626 2166">
    <p class='ocr_par' dir='ltr' id='par_1_23' title="bbox 406 2098 3626 2166">
     <span class='ocr_line' id='line_1_23' title="bbox 406 2098 3626 2166; baseline -0.001 -15"><span class='ocrx_word' id='word_1_226' title='bbox 406 2099 544 2154; x_wconf 72' lang='lat' dir='ltr'><strong>ratis</strong></span> <span class='ocrx_word' id='word_1_227' title='bbox 573 2101 880 2154; x_wconf 86' lang='lat' dir='ltr'><strong>solvantur.</strong></span> <span class='ocrx_word' id='word_1_228' title='bbox 2151 2101 2212 2157; x_wconf 83' lang='lat' dir='ltr'><strong>V.</strong></span> <span class='ocrx_word' id='word_1_229' title='bbox 2246 2101 2420 2156; x_wconf 83' lang='lat' dir='ltr'><strong>Homo</strong></span> <span class='ocrx_word' id='word_1_230' title='bbox 2445 2109 2606 2157; x_wconf 87' lang='lat' dir='ltr'><strong>natus</strong></span> <span class='ocrx_word' id='word_1_231' title='bbox 2633 2099 2701 2155; x_wconf 90' lang='lat' dir='ltr'><strong>de</strong></span> <span class='ocrx_word' id='word_1_232' title='bbox 2724 2100 2970 2166; x_wconf 90' lang='lat' dir='ltr'><strong>muliere,</strong></span> <span class='ocrx_word' id='word_1_233' title='bbox 2995 2099 3147 2155; x_wconf 87' lang='lat' dir='ltr'><strong>brevi</strong></span> <span class='ocrx_word' id='word_1_234' title='bbox 3173 2098 3364 2154; x_wconf 80' lang='lat' dir='ltr'><strong>vivens</strong></span> <span class='ocrx_word' id='word_1_235' title='bbox 3393 2107 3626 2166; x_wconf 84' lang='lat' dir='ltr'><strong>tempore,</strong></span> 
     </span>
    </p>
   </div>
   <div class='ocr_carea' id='block_1_24' title="bbox 477 2191 2878 2266">
    <p class='ocr_par' dir='ltr' id='par_1_24' title="bbox 477 2191 2878 2266">
     <span class='ocr_line' id='line_1_24' title="bbox 477 2191 2878 2266; baseline 0.001 -20"><span class='ocrx_word' id='word_1_236' title='bbox 477 2191 608 2246; x_wconf 84' lang='lat' dir='ltr'><strong>Item</strong></span> <span class='ocrx_word' id='word_1_237' title='bbox 637 2192 800 2247; x_wconf 87' lang='lat' dir='ltr'><strong>lectio</strong></span> <span class='ocrx_word' id='word_1_238' title='bbox 819 2191 1072 2261; x_wconf 60' lang='lat' dir='ltr'><strong>Epistolas</strong></span> <span class='ocrx_word' id='word_1_239' title='bbox 1096 2193 1240 2248; x_wconf 79' lang='lat' dir='ltr'><strong>beati</strong></span> <span class='ocrx_word' id='word_1_240' title='bbox 1271 2193 1420 2248; x_wconf 84' lang='lat' dir='ltr'><strong>Pauli</strong></span> <span class='ocrx_word' id='word_1_241' title='bbox 1443 2195 1674 2264; x_wconf 81' lang='lat' dir='ltr'><strong>apostoli</strong></span> <span class='ocrx_word' id='word_1_242' title='bbox 1705 2194 1772 2248; x_wconf 86' lang='lat' dir='ltr'><strong>ad</strong></span> <span class='ocrx_word' id='word_1_243' title='bbox 1803 2193 1976 2248; x_wconf 48' lang='lat' dir='ltr'><strong>Tltas-</strong></span> <span class='ocrx_word' id='word_1_244' title='bbox 2077 2211 2240 2266; x_wconf 82' lang='lat' dir='ltr'><strong>usque</strong></span> <span class='ocrx_word' id='word_1_245' title='bbox 2261 2196 2433 2250; x_wconf 89' lang='lat' dir='ltr'><strong>donec</strong></span> <span class='ocrx_word' id='word_1_246' title='bbox 2459 2205 2640 2264; x_wconf 90' lang='lat' dir='ltr'><strong>optata</strong></span> <span class='ocrx_word' id='word_1_247' title='bbox 2673 2195 2878 2249; x_wconf 84' lang='lat' dir='ltr'><strong>veniat.</strong></span> 
     </span>
    </p>
   </div>
   <div class='ocr_carea' id='block_1_25' title="bbox 406 2282 3610 2354">
    <p class='ocr_par' dir='ltr' id='par_1_25' title="bbox 406 2282 3610 2354">
     <span class='ocr_line' id='line_1_25' title="bbox 406 2282 3610 2354; baseline 0 -18"><span class='ocrx_word' id='word_1_248' title='bbox 406 2284 798 2348; x_wconf 85' lang='lat' dir='ltr'><strong>salouicenses,</strong></span> <span class='ocrx_word' id='word_1_249' title='bbox 856 2282 1101 2345; x_wconf 81' lang='lat' dir='ltr'><strong>Fratres.</strong></span> <span class='ocrx_word' id='word_1_250' title='bbox 1173 2287 1426 2340; x_wconf 82' lang='lat' dir='ltr'><strong>nolumus</strong></span> <span class='ocrx_word' id='word_1_251' title='bbox 1485 2302 1578 2340; x_wconf 87' lang='lat' dir='ltr'><strong>vos</strong></span> <span class='ocrx_word' id='word_1_252' title='bbox 1617 2287 1867 2354; x_wconf 75' lang='lat' dir='ltr'><strong>ignorare</strong></span> <span class='ocrx_word' id='word_1_253' title='bbox 1910 2289 1977 2338; x_wconf 81' lang='lat' dir='ltr'><strong>tle</strong></span> <span class='ocrx_word' id='word_1_254' title='bbox 2155 2284 2239 2341; x_wconf 75' lang='lat' dir='ltr'><strong>Vl.</strong></span> <span class='ocrx_word' id='word_1_255' title='bbox 2266 2285 2398 2352; x_wconf 86' lang='lat' dir='ltr'><strong>Quis</strong></span> <span class='ocrx_word' id='word_1_256' title='bbox 2429 2286 2558 2339; x_wconf 89' lang='lat' dir='ltr'><strong>mihi</strong></span> <span class='ocrx_word' id='word_1_257' title='bbox 2593 2288 2697 2339; x_wconf 85' lang='lat' dir='ltr'><strong>hoc</strong></span> <span class='ocrx_word' id='word_1_258' title='bbox 2731 2283 2957 2349; x_wconf 88' lang='lat' dir='ltr'><strong>tribuat,</strong></span> <span class='ocrx_word' id='word_1_259' title='bbox 2992 2293 3050 2338; x_wconf 90' lang='lat' dir='ltr'><strong>ut</strong></span> <span class='ocrx_word' id='word_1_260' title='bbox 3077 2283 3131 2338; x_wconf 89' lang='lat' dir='ltr'><strong>in</strong></span> <span class='ocrx_word' id='word_1_261' title='bbox 3161 2283 3439 2340; x_wconf 84' lang='lat' dir='ltr'><strong>infernum</strong></span> <span class='ocrx_word' id='word_1_262' title='bbox 3467 2293 3610 2352; x_wconf 65' lang='lat' dir='ltr'><strong>prout</strong></span> 
     </span>
    </p>
   </div>
   <div class='ocr_carea' id='block_1_26' title="bbox 409 2375 3281 2448">
    <p class='ocr_par' dir='ltr' id='par_1_26' title="bbox 409 2375 3281 2448">
     <span class='ocr_line' id='line_1_26' title="bbox 409 2375 3281 2448; baseline 0.001 -23"><span class='ocrx_word' id='word_1_263' title='bbox 409 2375 825 2435; x_wconf 80' lang='lat' dir='ltr'><strong>dormientibus.</strong></span> <span class='ocrx_word' id='word_1_264' title='bbox 852 2391 1012 2445; x_wconf 81' lang='lat' dir='ltr'><strong>usque</strong></span> <span class='ocrx_word' id='word_1_265' title='bbox 1046 2377 1232 2445; x_wconf 80' lang='lat' dir='ltr'><strong>itaque</strong></span> <span class='ocrx_word' id='word_1_266' title='bbox 1265 2377 1620 2432; x_wconf 81' lang='lat' dir='ltr'><strong>cunsolaniiui</strong></span> <span class='ocrx_word' id='word_1_267' title='bbox 1649 2378 1882 2431; x_wconf 85' lang='lat' dir='ltr'><strong>invicem</strong></span> <span class='ocrx_word' id='word_1_268' title='bbox 1918 2379 1976 2430; x_wconf 94' lang='lat' dir='ltr'><strong>in</strong></span> <span class='ocrx_word' id='word_1_269' title='bbox 2079 2393 2304 2448; x_wconf 73' lang='lat' dir='ltr'><strong>gisme.</strong></span> <span class='ocrx_word' id='word_1_270' title='bbox 2329 2393 2490 2446; x_wconf 82' lang='lat' dir='ltr'><strong>usque</strong></span> <span class='ocrx_word' id='word_1_271' title='bbox 2521 2379 2614 2431; x_wconf 83' lang='lat' dir='ltr'><strong>sed</strong></span> <span class='ocrx_word' id='word_1_272' title='bbox 2652 2391 2813 2445; x_wconf 88' lang='lat' dir='ltr'><strong>parce</strong></span> <span class='ocrx_word' id='word_1_273' title='bbox 2843 2376 3086 2444; x_wconf 85' lang='lat' dir='ltr'><strong>peccatis</strong></span> <span class='ocrx_word' id='word_1_274' title='bbox 3119 2376 3281 2429; x_wconf 87' lang='lat' dir='ltr'><strong>meis.</strong></span> 
     </span>
    </p>
   </div>
   <div class='ocr_carea' id='block_1_27' title="bbox 409 2465 3636 2540">
    <p class='ocr_par' dir='ltr' id='par_1_27' title="bbox 409 2465 3636 2540">
     <span class='ocr_line' id='line_1_27' title="bbox 409 2465 3636 2540; baseline 0 -22"><span class='ocrx_word' id='word_1_275' title='bbox 409 2466 587 2521; x_wconf 78' lang='lat' dir='ltr'><strong>verbis</strong></span> <span class='ocrx_word' id='word_1_276' title='bbox 617 2467 671 2520; x_wconf 89' lang='lat' dir='ltr'><strong>in</strong></span> <span class='ocrx_word' id='word_1_277' title='bbox 705 2465 924 2522; x_wconf 83' lang='lat' dir='ltr'><strong>Christo</strong></span> <span class='ocrx_word' id='word_1_278' title='bbox 952 2466 1078 2521; x_wconf 84' lang='lat' dir='ltr'><strong>Jesu</strong></span> <span class='ocrx_word' id='word_1_279' title='bbox 1115 2467 1340 2520; x_wconf 85' lang='lat' dir='ltr'><strong>Domino</strong></span> <span class='ocrx_word' id='word_1_280' title='bbox 1376 2480 1586 2522; x_wconf 88' lang='lat' dir='ltr'><strong>nostro.</strong></span> <span class='ocrx_word' id='word_1_281' title='bbox 2154 2470 2269 2529; x_wconf 86' lang='lat' dir='ltr'><strong>VII.</strong></span> <span class='ocrx_word' id='word_1_282' title='bbox 2306 2469 2545 2540; x_wconf 84' lang='lat' dir='ltr'><strong>Spiritus</strong></span> <span class='ocrx_word' id='word_1_283' title='bbox 2599 2481 2752 2522; x_wconf 84' lang='lat' dir='ltr'><strong>meus</strong></span> <span class='ocrx_word' id='word_1_284' title='bbox 2790 2467 3190 2531; x_wconf 87' lang='lat' dir='ltr'><strong>attenuabitur,</strong></span> <span class='ocrx_word' id='word_1_285' title='bbox 3258 2466 3374 2521; x_wconf 88' lang='lat' dir='ltr'><strong>dies</strong></span> <span class='ocrx_word' id='word_1_286' title='bbox 3401 2466 3496 2520; x_wconf 89' lang='lat' dir='ltr'><strong>mei</strong></span> <span class='ocrx_word' id='word_1_287' title='bbox 3529 2465 3636 2519; x_wconf 62' lang='lat' dir='ltr'><strong>breo</strong></span> 
     </span>
    </p>
   </div>
   <div class='ocr_carea' id='block_1_28' title="bbox 480 2557 3635 2631">
    <p class='ocr_par' dir='ltr' id='par_1_28' title="bbox 480 2557 3635 2631">
     <span class='ocr_line' id='line_1_28' title="bbox 480 2557 3635 2631; baseline 0.001 -23"><span class='ocrx_word' id='word_1_288' title='bbox 480 2557 611 2609; x_wconf 87' lang='lat' dir='ltr'><strong>Item</strong></span> <span class='ocrx_word' id='word_1_289' title='bbox 656 2557 816 2611; x_wconf 87' lang='lat' dir='ltr'><strong>lectio</strong></span> <span class='ocrx_word' id='word_1_290' title='bbox 847 2557 1001 2611; x_wconf 69' lang='lat' dir='ltr'><strong>Isaia:</strong></span> <span class='ocrx_word' id='word_1_291' title='bbox 1041 2560 1339 2627; x_wconf 73' lang='lat' dir='ltr'><strong>prolibelze.</strong></span> <span class='ocrx_word' id='word_1_292' title='bbox 1405 2559 1526 2614; x_wconf 78' lang='lat' dir='ltr'><strong>Il;ec</strong></span> <span class='ocrx_word' id='word_1_293' title='bbox 1553 2559 1682 2614; x_wconf 86' lang='lat' dir='ltr'><strong>dicit</strong></span> <span class='ocrx_word' id='word_1_294' title='bbox 1716 2559 1980 2613; x_wconf 91' lang='lat' dir='ltr'><strong>Dominus</strong></span> <span class='ocrx_word' id='word_1_295' title='bbox 2081 2563 2392 2627; x_wconf 80' lang='lat' dir='ltr'><strong>viabuntur,</strong></span> <span class='ocrx_word' id='word_1_296' title='bbox 2416 2576 2575 2631; x_wconf 79' lang='lat' dir='ltr'><strong>usque</strong></span> <span class='ocrx_word' id='word_1_297' title='bbox 2609 2559 2868 2630; x_wconf 88' lang='lat' dir='ltr'><strong>patientia</strong></span> <span class='ocrx_word' id='word_1_298' title='bbox 2893 2573 3012 2614; x_wconf 82' lang='lat' dir='ltr'><strong>mea</strong></span> <span class='ocrx_word' id='word_1_299' title='bbox 3045 2567 3100 2612; x_wconf 92' lang='lat' dir='ltr'><strong>tu</strong></span> <span class='ocrx_word' id='word_1_300' title='bbox 3135 2573 3221 2622; x_wconf 83' lang='lat' dir='ltr'><strong>es,</strong></span> <span class='ocrx_word' id='word_1_301' title='bbox 3255 2557 3477 2613; x_wconf 86' lang='lat' dir='ltr'><strong>Domine</strong></span> <span class='ocrx_word' id='word_1_302' title='bbox 3508 2557 3635 2611; x_wconf 89' lang='lat' dir='ltr'><strong>Deus</strong></span> 
     </span>
    </p>
   </div>
   <div class='ocr_carea' id='block_1_29' title="bbox 413 2648 2259 2722">
    <p class='ocr_par' dir='ltr' id='par_1_29' title="bbox 413 2648 2259 2722">
     <span class='ocr_line' id='line_1_29' title="bbox 413 2648 2259 2722; baseline 0.004 -21"><span class='ocrx_word' id='word_1_303' title='bbox 413 2648 574 2713; x_wconf 79' lang='lat' dir='ltr'><strong>Deus,</strong></span> <span class='ocrx_word' id='word_1_304' title='bbox 621 2648 839 2703; x_wconf 88' lang='lat' dir='ltr'><strong>Orictur</strong></span> <span class='ocrx_word' id='word_1_305' title='bbox 884 2649 935 2702; x_wconf 88' lang='lat' dir='ltr'><strong>itt</strong></span> <span class='ocrx_word' id='word_1_306' title='bbox 995 2650 1232 2704; x_wconf 73' lang='lat' dir='ltr'><strong>tenebris</strong></span> <span class='ocrx_word' id='word_1_307' title='bbox 1277 2652 1365 2704; x_wconf 84' lang='lat' dir='ltr'><strong>lux</strong></span> <span class='ocrx_word' id='word_1_308' title='bbox 1405 2661 1516 2715; x_wconf 84' lang='lat' dir='ltr'><strong>tua,</strong></span> <span class='ocrx_word' id='word_1_309' title='bbox 1545 2668 1704 2722; x_wconf 70' lang='lat' dir='ltr'><strong>usque</strong></span> <span class='ocrx_word' id='word_1_310' title='bbox 1750 2652 1877 2719; x_wconf 83' lang='lat' dir='ltr'><strong>quia</strong></span> <span class='ocrx_word' id='word_1_311' title='bbox 1919 2665 1980 2704; x_wconf 88' lang='lat' dir='ltr'><strong>os</strong></span> <span class='ocrx_word' id='word_1_312' title='bbox 2085 2669 2259 2709; x_wconf 87' lang='lat' dir='ltr'><strong>meus.</strong></span> 
     </span>
    </p>
   </div>
   <div class='ocr_carea' id='block_1_30' title="bbox 413 2733 3637 2813">
    <p class='ocr_par' dir='ltr' id='par_1_30' title="bbox 413 2733 3637 2813">
     <span class='ocr_line' id='line_1_30' title="bbox 413 2733 3637 2813; baseline -0.001 -21"><span class='ocrx_word' id='word_1_313' title='bbox 413 2739 625 2794; x_wconf 88' lang='lat' dir='ltr'><strong>Domini</strong></span> <span class='ocrx_word' id='word_1_314' title='bbox 656 2742 891 2794; x_wconf 89' lang='lat' dir='ltr'><strong>locutum</strong></span> <span class='ocrx_word' id='word_1_315' title='bbox 925 2753 1026 2797; x_wconf 85' lang='lat' dir='ltr'><strong>est.</strong></span> <span class='ocrx_word' id='word_1_316' title='bbox 1095 2743 1440 2813; x_wconf 74' lang='lat' dir='ltr'><strong>Evattgelium</strong></span> <span class='ocrx_word' id='word_1_317' title='bbox 1477 2747 1773 2798; x_wconf 77' lang='lat' dir='ltr'><strong>secundum</strong></span> <span class='ocrx_word' id='word_1_318' title='bbox 1814 2743 1981 2796; x_wconf 81' lang='lat' dir='ltr'><strong>Joan-</strong></span> <span class='ocrx_word' id='word_1_319' title='bbox 2156 2743 2290 2799; x_wconf 78' lang='lat' dir='ltr'><strong>VIII.</strong></span> <span class='ocrx_word' id='word_1_320' title='bbox 2321 2741 2448 2796; x_wconf 82' lang='lat' dir='ltr'><strong>Pelii</strong></span> <span class='ocrx_word' id='word_1_321' title='bbox 2477 2756 2610 2797; x_wconf 72' lang='lat' dir='ltr'><strong>mea:</strong></span> <span class='ocrx_word' id='word_1_322' title='bbox 2643 2739 2985 2810; x_wconf 81' lang='lat' dir='ltr'><strong>consumptis</strong></span> <span class='ocrx_word' id='word_1_323' title='bbox 3007 2740 3297 2803; x_wconf 81' lang='lat' dir='ltr'><strong>carnibus,</strong></span> <span class='ocrx_word' id='word_1_324' title='bbox 3322 2752 3480 2807; x_wconf 77' lang='lat' dir='ltr'><strong>usque</strong></span> <span class='ocrx_word' id='word_1_325' title='bbox 3509 2733 3637 2790; x_wconf 84' lang='lat' dir='ltr'><strong>scul-</strong></span> 
     </span>
    </p>
   </div>
   <div class='ocr_carea' id='block_1_31' title="bbox 411 2833 2572 2905">
    <p class='ocr_par' dir='ltr' id='par_1_31' title="bbox 411 2833 2572 2905">
     <span class='ocr_line' id='line_1_31' title="bbox 411 2833 2572 2905; baseline 0 -18"><span class='ocrx_word' id='word_1_326' title='bbox 411 2849 556 2900; x_wconf 86' lang='lat' dir='ltr'><strong>nem,</strong></span> <span class='ocrx_word' id='word_1_327' title='bbox 601 2850 720 2902; x_wconf 85' lang='lat' dir='ltr'><strong>cap.</strong></span> <span class='ocrx_word' id='word_1_328' title='bbox 753 2851 894 2898; x_wconf 81' lang='lat' dir='ltr'><strong>xcrv,</strong></span> <span class='ocrx_word' id='word_1_329' title='bbox 931 2834 1072 2888; x_wconf 77' lang='lat' dir='ltr'><strong>Dixit</strong></span> <span class='ocrx_word' id='word_1_330' title='bbox 1107 2835 1316 2891; x_wconf 67' lang='lat' dir='ltr'><strong>Martha</strong></span> <span class='ocrx_word' id='word_1_331' title='bbox 1359 2839 1424 2892; x_wconf 87' lang='lat' dir='ltr'><strong>ad</strong></span> <span class='ocrx_word' id='word_1_332' title='bbox 1457 2837 1665 2901; x_wconf 71' lang='lat' dir='ltr'><strong>Iesum,</strong></span> <span class='ocrx_word' id='word_1_333' title='bbox 1696 2853 1858 2905; x_wconf 82' lang='lat' dir='ltr'><strong>usque</strong></span> <span class='ocrx_word' id='word_1_334' title='bbox 1885 2837 1978 2904; x_wconf 88' lang='lat' dir='ltr'><strong>qui</strong></span> <span class='ocrx_word' id='word_1_335' title='bbox 2084 2847 2280 2905; x_wconf 90' lang='lat' dir='ltr'><strong>pantur</strong></span> <span class='ocrx_word' id='word_1_336' title='bbox 2316 2834 2370 2887; x_wconf 92' lang='lat' dir='ltr'><strong>in</strong></span> <span class='ocrx_word' id='word_1_337' title='bbox 2401 2833 2572 2887; x_wconf 88' lang='lat' dir='ltr'><strong>silice.</strong></span> 
     </span>
    </p>
   </div>
   <div class='ocr_carea' id='block_1_32' title="bbox 413 2920 3637 2994">
    <p class='ocr_par' dir='ltr' id='par_1_32' title="bbox 413 2920 3637 2994">
     <span class='ocr_line' id='line_1_32' title="bbox 413 2920 3637 2994; baseline -0.002 -17"><span class='ocrx_word' id='word_1_338' title='bbox 413 2926 465 2977; x_wconf 92' lang='lat' dir='ltr'><strong>in</strong></span> <span class='ocrx_word' id='word_1_339' title='bbox 495 2925 635 2978; x_wconf 88' lang='lat' dir='ltr'><strong>hunc</strong></span> <span class='ocrx_word' id='word_1_340' title='bbox 667 2927 922 2978; x_wconf 83' lang='lat' dir='ltr'><strong>mundum</strong></span> <span class='ocrx_word' id='word_1_341' title='bbox 956 2928 1172 2982; x_wconf 80' lang='lat' dir='ltr'><strong>venisti.</strong></span> <span class='ocrx_word' id='word_1_342' title='bbox 2156 2927 2247 2981; x_wconf 72' lang='lat' dir='ltr'><strong>IX.</strong></span> <span class='ocrx_word' id='word_1_343' title='bbox 2291 2926 2418 2981; x_wconf 89' lang='lat' dir='ltr'><strong>Scio</strong></span> <span class='ocrx_word' id='word_1_344' title='bbox 2473 2925 2620 2980; x_wconf 86' lang='lat' dir='ltr'><strong>enim</strong></span> <span class='ocrx_word' id='word_1_345' title='bbox 2682 2922 2825 2994; x_wconf 89' lang='lat' dir='ltr'><strong>quod</strong></span> <span class='ocrx_word' id='word_1_346' title='bbox 2888 2922 3226 2994; x_wconf 82' lang='lat' dir='ltr'><strong>Redemptor</strong></span> <span class='ocrx_word' id='word_1_347' title='bbox 3288 2938 3440 2980; x_wconf 85' lang='lat' dir='ltr'><strong>meus</strong></span> <span class='ocrx_word' id='word_1_348' title='bbox 3500 2920 3637 2980; x_wconf 80' lang='lat' dir='ltr'><strong>vivit,</strong></span> 
     </span>
    </p>
   </div>
   <div class='ocr_carea' id='block_1_33' title="bbox 481 3012 3124 3092">
    <p class='ocr_par' dir='ltr' id='par_1_33' title="bbox 481 3012 3124 3092">
     <span class='ocr_line' id='line_1_33' title="bbox 481 3012 3124 3092; baseline 0.002 -25"><span class='ocrx_word' id='word_1_349' title='bbox 481 3012 613 3068; x_wconf 91' lang='lat' dir='ltr'><strong>Item</strong></span> <span class='ocrx_word' id='word_1_350' title='bbox 644 3014 996 3086; x_wconf 78' lang='lat' dir='ltr'><strong>Evangeliutn</strong></span> <span class='ocrx_word' id='word_1_351' title='bbox 1023 3019 1316 3073; x_wconf 79' lang='lat' dir='ltr'><strong>secundum</strong></span> <span class='ocrx_word' id='word_1_352' title='bbox 1351 3018 1617 3074; x_wconf 80' lang='lat' dir='ltr'><strong>Joannem</strong></span> <span class='ocrx_word' id='word_1_353' title='bbox 1644 3036 1762 3088; x_wconf 88' lang='lat' dir='ltr'><strong>cap.</strong></span> <span class='ocrx_word' id='word_1_354' title='bbox 1790 3034 1978 3084; x_wconf 83' lang='lat' dir='ltr'><strong>xxxix,</strong></span> <span class='ocrx_word' id='word_1_355' title='bbox 2085 3037 2248 3092; x_wconf 79' lang='lat' dir='ltr'><strong>usque</strong></span> <span class='ocrx_word' id='word_1_356' title='bbox 2279 3021 2395 3077; x_wconf 68' lang='lat' dir='ltr'><strong>haec</strong></span> <span class='ocrx_word' id='word_1_357' title='bbox 2429 3034 2556 3090; x_wconf 91' lang='lat' dir='ltr'><strong>spes</strong></span> <span class='ocrx_word' id='word_1_358' title='bbox 2589 3033 2706 3074; x_wconf 88' lang='lat' dir='ltr'><strong>mea</strong></span> <span class='ocrx_word' id='word_1_359' title='bbox 2738 3018 2792 3072; x_wconf 89' lang='lat' dir='ltr'><strong>iu</strong></span> <span class='ocrx_word' id='word_1_360' title='bbox 2827 3017 2953 3072; x_wconf 87' lang='lat' dir='ltr'><strong>sinu</strong></span> <span class='ocrx_word' id='word_1_361' title='bbox 2981 3031 3124 3073; x_wconf 91' lang='lat' dir='ltr'><strong>meo.</strong></span> 
     </span>
    </p>
   </div>
   <div class='ocr_carea' id='block_1_34' title="bbox 416 3209 692 3223">
    <p class='ocr_par' dir='ltr' id='par_1_34' title="bbox 416 3209 692 3223">
     <span class='ocr_line' id='line_1_34' title="bbox 416 3209 692 3223; baseline 0.004 -1"><span class='ocrx_word' id='word_1_362' title='bbox 416 3209 692 3223; x_wconf 55' lang='lat'><strong>0—.—</strong></span> 
     </span>
    </p>
   </div>
   <div class='ocr_carea' id='block_1_35' title="bbox 704 3213 1084 3223">
    <p class='ocr_par' dir='ltr' id='par_1_35' title="bbox 704 3213 1084 3223">
     <span class='ocr_line' id='line_1_35' title="bbox 704 3213 1084 3223; baseline 0 -2"><span class='ocrx_word' id='word_1_363' title='bbox 704 3213 1084 3223; x_wconf 54' lang='grc' dir='ltr'>Ἢ</span> 
     </span>
    </p>
   </div>
   <div class='ocr_carea' id='block_1_36' title="bbox 1417 3203 2970 3225">
    <p class='ocr_par' dir='ltr' id='par_1_36' title="bbox 1417 3213 2970 3225">
     <span class='ocr_line' id='line_1_36' title="bbox 1417 3213 2970 3225; baseline 0 -2"><span class='ocrx_word' id='word_1_364' title='bbox 1417 3213 2970 3225; x_wconf 55' lang='grc' dir='ltr'><strong>..-Ἥ</strong></span> 
     </span>
    </p>
   </div>
   <div class='ocr_carea' id='block_1_37' title="bbox 445 3213 1998 3242">
    <p class='ocr_par' dir='ltr' id='par_1_37' title="bbox 445 3213 1998 3240">
     <span class='ocr_line' id='line_1_37' title="bbox 445 3213 1998 3223; baseline 0 -1"><span class='ocrx_word' id='word_1_365' title='bbox 445 3213 1084 3223; x_wconf 67' lang='lat'><strong>——————-———--—————</strong></span> <span class='ocrx_word' id='word_1_366' title='bbox 1103 3213 1147 3222; x_wconf 65' lang='grc' dir='ltr'><strong>..ο</strong></span> <span class='ocrx_word' id='word_1_367' title='bbox 1171 3213 1998 3223; x_wconf 43' lang='grc' dir='ltr'><strong>ᾜνΨΟᾟ</strong></span> 
     </span>
     <span class='ocr_line' id='line_1_38' title="bbox 445 3225 1998 3240; baseline 0.002 -3"><span class='ocrx_word' id='word_1_368' title='bbox 445 3225 1140 3240; x_wconf 54' lang='grc' dir='ltr'><strong>ἰ-ου--ωα--η-σ--ς-ο-σ-α</strong></span> <span class='ocrx_word' id='word_1_369' title='bbox 1171 3229 1472 3238; x_wconf 74' lang='lat'><strong>-——-——_——</strong></span> <span class='ocrx_word' id='word_1_370' title='bbox 1521 3230 1998 3240; x_wconf 78' lang='lat'><strong>——-——————————_</strong></span> 
     </span>
    </p>
   </div>
   <div class='ocr_carea' id='block_1_38' title="bbox 2069 3213 3622 3242">
    <p class='ocr_par' dir='ltr' id='par_1_38' title="bbox 2069 3219 3622 3242">
     <span class='ocr_line' id='line_1_39' title="bbox 2069 3219 3622 3242; baseline -0.005 0"><span class='ocrx_word' id='word_1_371' title='bbox 2069 3219 3622 3242; x_wconf 59' lang='lat' dir='ltr'><strong>_———_-——_———.—c—_——_I_</strong></span> 
     </span>
    </p>
   </div>
   <div class='ocr_carea' id='block_1_39' title="bbox 977 3351 3093 3514">
    <p class='ocr_par' dir='ltr' id='par_1_39' title="bbox 977 3351 3093 3514">
     <span class='ocr_line' id='line_1_40' title="bbox 977 3351 3093 3514; baseline 0.001 -25"><span class='ocrx_word' id='word_1_372' title='bbox 977 3376 1108 3490; x_wconf 86' lang='lat' dir='ltr'><strong>s.</strong></span> <span class='ocrx_word' id='word_1_373' title='bbox 1187 3351 1896 3492; x_wconf 63' lang='lat' dir='ltr'><strong>musam!</strong></span> <span class='ocrx_word' id='word_1_374' title='bbox 1971 3377 3093 3514; x_wconf 73' lang='lat' dir='ltr'><strong>HIERONYMI,</strong></span> 
     </span>
    </p>
   </div>
   <div class='ocr_carea' id='block_1_40' title="bbox 1465 3595 2602 3666">
    <p class='ocr_par' dir='ltr' id='par_1_40' title="bbox 1465 3595 2602 3666">
     <span class='ocr_line' id='line_1_41' title="bbox 1465 3595 2602 3666; baseline -0.004 -8"><span class='ocrx_word' id='word_1_375' title='bbox 1465 3595 2037 3658; x_wconf 81' lang='lat' dir='ltr'><strong>STRIDONENSIS</strong></span> <span class='ocrx_word' id='word_1_376' title='bbox 2085 3597 2181 3655; x_wconf 71' lang='lat' dir='ltr'><strong>I’Ii</strong></span> <span class='ocrx_word' id='word_1_377' title='bbox 2192 3595 2434 3655; x_wconf 87' lang='lat' dir='ltr'><strong>ESBYT</strong></span> <span class='ocrx_word' id='word_1_378' title='bbox 2447 3595 2602 3666; x_wconf 77' lang='lat' dir='ltr'><strong>ER],</strong></span> 
     </span>
    </p>
   </div>
   <div class='ocr_carea' id='block_1_41' title="bbox 2491 3231 2962 3242">
    <p class='ocr_par' dir='ltr' id='par_1_41' title="bbox 2491 3231 2962 3242">
     <span class='ocr_line' id='line_1_42' title="bbox 2491 3231 2962 3242; baseline 0.002 -3"><span class='ocrx_word' id='word_1_379' title='bbox 2491 3231 2962 3242; x_wconf 56' lang='lat' dir='ltr'><strong>m—</strong></span> 
     </span>
    </p>
   </div>
   <div class='ocr_carea' id='block_1_42' title="bbox 714 3774 3378 3990">
    <p class='ocr_par' dir='ltr' id='par_1_42' title="bbox 714 3774 3378 3990">
     <span class='ocr_line' id='line_1_43' title="bbox 714 3774 3378 3990; baseline 0.002 -53"><span class='ocrx_word' id='word_1_380' title='bbox 714 3774 1825 3990; x_wconf 75' lang='lat' dir='ltr'><strong>OPERUM</strong></span> <span class='ocrx_word' id='word_1_381' title='bbox 2028 3774 3378 3942; x_wconf 77' lang='lat' dir='ltr'><strong>MANTISSA</strong></span> 
     </span>
    </p>
   </div>
   <div class='ocr_carea' id='block_1_43' title="bbox 1857 4037 2211 4084">
    <p class='ocr_par' dir='ltr' id='par_1_43' title="bbox 1857 4037 2211 4084">
     <span class='ocr_line' id='line_1_44' title="bbox 1857 4037 2211 4084; baseline 0.006 -2"><span class='ocrx_word' id='word_1_382' title='bbox 1857 4037 2211 4084; x_wconf 73' lang='lat' dir='ltr'><strong>CONTINENS</strong></span> 
     </span>
    </p>
   </div>
   <div class='ocr_carea' id='block_1_44' title="bbox 1085 4209 2987 4343">
    <p class='ocr_par' dir='ltr' id='par_1_44' title="bbox 1085 4209 2987 4343">
     <span class='ocr_line' id='line_1_45' title="bbox 1085 4209 2987 4343; baseline -0.002 -3"><span class='ocrx_word' id='word_1_383' title='bbox 1085 4211 1751 4340; x_wconf 79' lang='lat' dir='ltr'><strong>SCRIPTA</strong></span> <span class='ocrx_word' id='word_1_384' title='bbox 1848 4209 2987 4343; x_wconf 88' lang='lat' dir='ltr'><strong>SUPPOSITITIA.</strong></span> 
     </span>
    </p>
   </div>
   <div class='ocr_carea' id='block_1_45' title="bbox 1439 4593 2623 4737">
    <p class='ocr_par' dir='ltr' id='par_1_45' title="bbox 1439 4593 2623 4737">
     <span class='ocr_line' id='line_1_46' title="bbox 1439 4593 2623 4737; baseline -0.003 -34"><span class='ocrx_word' id='word_1_385' title='bbox 1439 4593 1841 4703; x_wconf 77' lang='lat' dir='ltr'><strong>PARS</strong></span> <span class='ocrx_word' id='word_1_386' title='bbox 1940 4595 2546 4701; x_wconf 76' lang='lat' dir='ltr'><strong>TERTIA</strong></span> <span class='ocrx_word' id='word_1_387' title='bbox 2582 4666 2623 4737; x_wconf 90' lang='lat'><strong>,</strong></span> 
     </span>
    </p>
   </div>
   <div class='ocr_carea' id='block_1_46' title="bbox 1165 4815 2893 4880">
    <p class='ocr_par' dir='ltr' id='par_1_46' title="bbox 1165 4815 2893 4880">
     <span class='ocr_line' id='line_1_47' title="bbox 1165 4815 2893 4880; baseline -0.001 0"><span class='ocrx_word' id='word_1_388' title='bbox 1165 4816 1730 4880; x_wconf 82' lang='lat' dir='ltr'><strong>COMMENTARII</strong></span> <span class='ocrx_word' id='word_1_389' title='bbox 1792 4817 1871 4878; x_wconf 84' lang='lat' dir='ltr'><strong>IN</strong></span> <span class='ocrx_word' id='word_1_390' title='bbox 1934 4815 2223 4877; x_wconf 83' lang='lat' dir='ltr'><strong>NOVUM</strong></span> <span class='ocrx_word' id='word_1_391' title='bbox 2279 4815 2893 4879; x_wconf 83' lang='lat' dir='ltr'><strong>TESTAMENTUM.</strong></span> 
     </span>
    </p>
   </div>
   <div class='ocr_carea' id='block_1_47' title="bbox 899 5105 3205 5199">
    <p class='ocr_par' dir='ltr' id='par_1_47' title="bbox 899 5105 3205 5199">
     <span class='ocr_line' id='line_1_48' title="bbox 899 5105 3205 5199; baseline -0.002 -11"><span class='ocrx_word' id='word_1_392' title='bbox 899 5109 1487 5188; x_wconf 83' lang='lat' dir='ltr'><strong>ADMONITIO</strong></span> <span class='ocrx_word' id='word_1_393' title='bbox 1558 5111 1668 5187; x_wconf 80' lang='lat' dir='ltr'><strong>IN</strong></span> <span class='ocrx_word' id='word_1_394' title='bbox 1730 5107 2500 5188; x_wconf 85' lang='lat' dir='ltr'><strong>EXPOSITIONEM</strong></span> <span class='ocrx_word' id='word_1_395' title='bbox 2559 5105 3205 5199; x_wconf 83' lang='lat' dir='ltr'><strong>SEQUENTEM.</strong></span> 
     </span>
    </p>
   </div>
   <div class='ocr_carea' id='block_1_48' title="bbox 491 5373 3674 5450">
    <p class='ocr_par' dir='ltr' id='par_1_48' title="bbox 491 5373 3674 5450">
     <span class='ocr_line' id='line_1_49' title="bbox 491 5373 3674 5450; baseline 0.003 -20"><span class='ocrx_word' id='word_1_396' title='bbox 491 5373 1272 5450; x_wconf 65' lang='lat' dir='ltr'><strong>Falsoascriptisllieronymo</strong></span> <span class='ocrx_word' id='word_1_397' title='bbox 1303 5377 1355 5432; x_wconf 88' lang='lat' dir='ltr'><strong>itt</strong></span> <span class='ocrx_word' id='word_1_398' title='bbox 1388 5394 1587 5432; x_wconf 84' lang='lat' dir='ltr'><strong>novum</strong></span> <span class='ocrx_word' id='word_1_399' title='bbox 1614 5379 2024 5436; x_wconf 82' lang='lat' dir='ltr'><strong>Testamentum</strong></span> <span class='ocrx_word' id='word_1_400' title='bbox 2063 5381 2500 5448; x_wconf 86' lang='lat' dir='ltr'><strong>commentariis,</strong></span> <span class='ocrx_word' id='word_1_401' title='bbox 2532 5381 2679 5435; x_wconf 90' lang='lat' dir='ltr'><strong>hunc</strong></span> <span class='ocrx_word' id='word_1_402' title='bbox 2714 5380 2924 5450; x_wconf 88' lang='lat' dir='ltr'><strong>primus</strong></span> <span class='ocrx_word' id='word_1_403' title='bbox 2957 5382 3249 5438; x_wconf 86' lang='lat' dir='ltr'><strong>accensuit</strong></span> <span class='ocrx_word' id='word_1_404' title='bbox 3289 5385 3479 5438; x_wconf 84' lang='lat' dir='ltr'><strong>editor</strong></span> <span class='ocrx_word' id='word_1_405' title='bbox 3515 5384 3674 5438; x_wconf 86' lang='lat' dir='ltr'><strong>Bene-</strong></span> 
     </span>
    </p>
   </div>
   <div class='ocr_carea' id='block_1_49' title="bbox 419 5447 3669 5519">
    <p class='ocr_par' dir='ltr' id='par_1_49' title="bbox 419 5447 3669 5519">
     <span class='ocr_line' id='line_1_50' title="bbox 419 5447 3669 5519; baseline 0.003 -21"><span class='ocrx_word' id='word_1_406' title='bbox 419 5447 675 5511; x_wconf 78' lang='lat' dir='ltr'><strong>dictinus,</strong></span> <span class='ocrx_word' id='word_1_407' title='bbox 704 5447 862 5519; x_wconf 76' lang='lat' dir='ltr'><strong>quem</strong></span> <span class='ocrx_word' id='word_1_408' title='bbox 901 5447 960 5501; x_wconf 91' lang='lat' dir='ltr'><strong>S.</strong></span> <span class='ocrx_word' id='word_1_409' title='bbox 1004 5448 1248 5502; x_wconf 87' lang='lat' dir='ltr'><strong>Doctoris</strong></span> <span class='ocrx_word' id='word_1_410' title='bbox 1277 5450 1846 5519; x_wconf 18' lang='lat' dir='ltr'><strong>uomineiiusignitum</strong></span> <span class='ocrx_word' id='word_1_411' title='bbox 1887 5453 1940 5505; x_wconf 91' lang='lat' dir='ltr'><strong>in</strong></span> <span class='ocrx_word' id='word_1_412' title='bbox 1973 5451 2256 5506; x_wconf 80' lang='lat' dir='ltr'><strong>codicibus</strong></span> <span class='ocrx_word' id='word_1_413' title='bbox 2281 5466 2416 5506; x_wconf 84' lang='lat' dir='ltr'><strong>mss.</strong></span> <span class='ocrx_word' id='word_1_414' title='bbox 2451 5447 2672 5519; x_wconf 86' lang='lat' dir='ltr'><strong>reperit,</strong></span> <span class='ocrx_word' id='word_1_415' title='bbox 2707 5447 2770 5504; x_wconf 74' lang='lat' dir='ltr'><strong>ex</strong></span> <span class='ocrx_word' id='word_1_416' title='bbox 2795 5449 2912 5504; x_wconf 62' lang='lat' dir='ltr'><strong>&#39;uuo</strong></span> <span class='ocrx_word' id='word_1_417' title='bbox 2941 5463 3148 5513; x_wconf 83' lang='lat' dir='ltr'><strong>autem.</strong></span> <span class='ocrx_word' id='word_1_418' title='bbox 3177 5462 3244 5506; x_wconf 89' lang='lat' dir='ltr'><strong>ut</strong></span> <span class='ocrx_word' id='word_1_419' title='bbox 3268 5456 3432 5507; x_wconf 78' lang='lat' dir='ltr'><strong>visus</strong></span> <span class='ocrx_word' id='word_1_420' title='bbox 3458 5454 3533 5507; x_wconf 78' lang='lat' dir='ltr'><strong>illi</strong></span> <span class='ocrx_word' id='word_1_421' title='bbox 3565 5465 3669 5514; x_wconf 78' lang='lat' dir='ltr'><strong>est.</strong></span> 
     </span>
    </p>
   </div>
   <div class='ocr_carea' id='block_1_50' title="bbox 419 5517 3677 5594">
    <p class='ocr_par' dir='ltr' id='par_1_50' title="bbox 419 5517 3677 5594">
     <span class='ocr_line' id='line_1_51' title="bbox 419 5517 3677 5594; baseline 0.002 -25"><span class='ocrx_word' id='word_1_422' title='bbox 419 5519 726 5594; x_wconf 56' lang='lat' dir='ltr'><strong>antiquiore</strong></span> <span class='ocrx_word' id='word_1_423' title='bbox 761 5517 1466 5594; x_wconf 71' lang='lat' dir='ltr'><strong>Gemeticensi_descripsit.</strong></span> <span class='ocrx_word' id='word_1_424' title='bbox 1499 5517 2070 5594; x_wconf 7' lang='lat' dir='ltr'><strong>&#39;I‘ttttlus_erat,qquetu</strong></span> <span class='ocrx_word' id='word_1_425' title='bbox 2117 5531 2170 5576; x_wconf 90' lang='lat' dir='ltr'><strong>et</strong></span> <span class='ocrx_word' id='word_1_426' title='bbox 2203 5517 2524 5594; x_wconf 78' lang='lat' dir='ltr'><strong>retinemus,</strong></span> <span class='ocrx_word' id='word_1_427' title='bbox 2563 5521 2844 5588; x_wconf 69' lang='lat' dir='ltr'><strong>Expositio</strong></span> <span class='ocrx_word' id='word_1_428' title='bbox 2875 5532 3105 5594; x_wconf 72' lang='lat' dir='ltr'><strong>quatuor</strong></span> <span class='ocrx_word' id='word_1_429' title='bbox 3126 5521 3571 5594; x_wconf 56' lang='lat' dir='ltr'><strong>[Evangeliorum</strong></span> <span class='ocrx_word' id='word_1_430' title='bbox 3617 5526 3677 5576; x_wconf 77' lang='lat' dir='ltr'><strong>ds</strong></span> 
     </span>
    </p>
   </div>
   <div class='ocr_carea' id='block_1_51' title="bbox 419 5584 3676 5662">
    <p class='ocr_par' dir='ltr' id='par_1_51' title="bbox 419 5584 3676 5662">
     <span class='ocr_line' id='line_1_52' title="bbox 419 5584 3676 5662; baseline 0.003 -27"><span class='ocrx_word' id='word_1_431' title='bbox 419 5586 561 5639; x_wconf 75' lang='lat' dir='ltr'><strong>brevi</strong></span> <span class='ocrx_word' id='word_1_432' title='bbox 594 5584 890 5662; x_wconf 5' lang='lat' dir='ltr'><strong>Proverbia,</strong></span> <span class='ocrx_word' id='word_1_433' title='bbox 913 5591 1056 5662; x_wconf 73' lang='lat' dir='ltr'><strong>edita</strong></span> <span class='ocrx_word' id='word_1_434' title='bbox 1099 5584 1765 5662; x_wconf 35' lang='lat' dir='ltr'><strong>Ilieronytni‘presbylcri;</strong></span> <span class='ocrx_word' id='word_1_435' title='bbox 1811 5584 2012 5660; x_wconf 77' lang='lat' dir='ltr'><strong>quibus</strong></span> <span class='ocrx_word' id='word_1_436' title='bbox 2066 5606 2199 5646; x_wconf 87' lang='lat' dir='ltr'><strong>sane</strong></span> <span class='ocrx_word' id='word_1_437' title='bbox 2237 5591 2441 5662; x_wconf 85' lang='lat' dir='ltr'><strong>verbis,</strong></span> <span class='ocrx_word' id='word_1_438' title='bbox 2482 5584 2606 5644; x_wconf 90' lang='lat' dir='ltr'><strong>num</strong></span> <span class='ocrx_word' id='word_1_439' title='bbox 2641 5584 2706 5644; x_wconf 79' lang='lat' dir='ltr'><strong>ab</strong></span> <span class='ocrx_word' id='word_1_440' title='bbox 2740 5596 2857 5659; x_wconf 87' lang='lat' dir='ltr'><strong>ipso</strong></span> <span class='ocrx_word' id='word_1_441' title='bbox 2879 5584 3094 5645; x_wconf 85' lang='lat' dir='ltr'><strong>dicatur</strong></span> <span class='ocrx_word' id='word_1_442' title='bbox 3125 5584 3478 5662; x_wconf 59' lang='lat' dir='ltr'><strong>Hieronymo</strong></span> <span class='ocrx_word' id='word_1_443' title='bbox 3521 5597 3676 5646; x_wconf 83' lang='lat' dir='ltr'><strong>ador-</strong></span> 
     </span>
    </p>
   </div>
   <div class='ocr_carea' id='block_1_52' title="bbox 423 5656 3677 5731">
    <p class='ocr_par' dir='ltr' id='par_1_52' title="bbox 423 5656 3677 5731">
     <span class='ocr_line' id='line_1_53' title="bbox 423 5656 3677 5731; baseline -0.001 -12"><span class='ocrx_word' id='word_1_444' title='bbox 423 5668 570 5731; x_wconf 64' lang='grc' dir='ltr'><strong>ηξίίθο</strong></span> <span class='ocrx_word' id='word_1_445' title='bbox 595 5671 663 5710; x_wconf 69' lang='grc' dir='ltr'><strong>ειη</strong></span> <span class='ocrx_word' id='word_1_446' title='bbox 710 5659 777 5731; x_wconf 72' lang='lat' dir='ltr'><strong>ab</strong></span> <span class='ocrx_word' id='word_1_447' title='bbox 806 5659 926 5731; x_wconf 79' lang='lat' dir='ltr'><strong>aliis</strong></span> <span class='ocrx_word' id='word_1_448' title='bbox 959 5656 1205 5731; x_wconf 56' lang='lat' dir='ltr'><strong>ejusdem</strong></span> <span class='ocrx_word' id='word_1_449' title='bbox 1237 5656 1463 5731; x_wconf 58' lang='lat' dir='ltr'><strong>scriptis</strong></span> <span class='ocrx_word' id='word_1_450' title='bbox 1492 5656 1758 5731; x_wconf 45' lang='lat' dir='ltr'><strong>extirpta,</strong></span> <span class='ocrx_word' id='word_1_451' title='bbox 1789 5656 2054 5729; x_wconf 82' lang='lat' dir='ltr'><strong>quantum</strong></span> <span class='ocrx_word' id='word_1_452' title='bbox 2087 5664 2222 5725; x_wconf 84' lang='lat' dir='ltr'><strong>scio,</strong></span> <span class='ocrx_word' id='word_1_453' title='bbox 2256 5661 2479 5716; x_wconf 92' lang='lat' dir='ltr'><strong>dubium</strong></span> <span class='ocrx_word' id='word_1_454' title='bbox 2508 5663 2685 5731; x_wconf 85' lang='lat' dir='ltr'><strong>adhuc</strong></span> <span class='ocrx_word' id='word_1_455' title='bbox 2721 5656 3071 5730; x_wconf 80' lang='lat' dir='ltr'><strong>relinquitur.</strong></span> <span class='ocrx_word' id='word_1_456' title='bbox 3121 5663 3303 5718; x_wconf 79' lang='lat' dir='ltr'><strong>Verus</strong></span> <span class='ocrx_word' id='word_1_457' title='bbox 3333 5656 3459 5731; x_wconf 71' lang='lat' dir='ltr'><strong>ejus</strong></span> <span class='ocrx_word' id='word_1_458' title='bbox 3493 5675 3677 5718; x_wconf 85' lang='lat' dir='ltr'><strong>auctor</strong></span> 
     </span>
    </p>
   </div>
   <div class='ocr_carea' id='block_1_53' title="bbox 424 5725 3677 5803">
    <p class='ocr_par' dir='ltr' id='par_1_53' title="bbox 424 5725 3677 5803">
     <span class='ocr_line' id='line_1_54' title="bbox 424 5725 3677 5803; baseline 0.004 -28"><span class='ocrx_word' id='word_1_459' title='bbox 424 5726 576 5777; x_wconf 80' lang='lat' dir='ltr'><strong>visus</strong></span> <span class='ocrx_word' id='word_1_460' title='bbox 602 5735 681 5779; x_wconf 87' lang='lat' dir='ltr'><strong>est</strong></span> <span class='ocrx_word' id='word_1_461' title='bbox 710 5725 1016 5782; x_wconf 72' lang='lat' dir='ltr'><strong>Martianteo</strong></span> <span class='ocrx_word' id='word_1_462' title='bbox 1047 5725 1570 5784; x_wconf 36' lang='lat' dir='ltr'><strong>Valal&#39;iidus‘Strabo</strong></span> <span class='ocrx_word' id='word_1_463' title='bbox 1591 5725 1909 5799; x_wconf 77' lang='lat' dir='ltr'><strong>Fuldensis;</strong></span> <span class='ocrx_word' id='word_1_464' title='bbox 1942 5731 2019 5788; x_wconf 81' lang='lat' dir='ltr'><strong>ita</strong></span> <span class='ocrx_word' id='word_1_465' title='bbox 2055 5739 2258 5803; x_wconf 83' lang='lat' dir='ltr'><strong>tamen,</strong></span> <span class='ocrx_word' id='word_1_466' title='bbox 2293 5741 2350 5786; x_wconf 92' lang='lat' dir='ltr'><strong>ut</strong></span> <span class='ocrx_word' id='word_1_467' title='bbox 2377 5745 2497 5802; x_wconf 75' lang='lat' dir='ltr'><strong>quae</strong></span> <span class='ocrx_word' id='word_1_468' title='bbox 2530 5730 2787 5786; x_wconf 85' lang='lat' dir='ltr'><strong>immania</strong></span> <span class='ocrx_word' id='word_1_469' title='bbox 2811 5725 2938 5786; x_wconf 72' lang='lat' dir='ltr'><strong>sunt</strong></span> <span class='ocrx_word' id='word_1_470' title='bbox 2966 5741 3084 5788; x_wconf 83' lang='lat' dir='ltr'><strong>toto</strong></span> <span class='ocrx_word' id='word_1_471' title='bbox 3113 5725 3391 5788; x_wconf 73' lang='lat' dir='ltr'><strong>contextu</strong></span> <span class='ocrx_word' id='word_1_472' title='bbox 3414 5750 3512 5788; x_wconf 89' lang='lat' dir='ltr'><strong>ora</strong></span> <span class='ocrx_word' id='word_1_473' title='bbox 3543 5735 3677 5788; x_wconf 76' lang='lat' dir='ltr'><strong>iouis</strong></span> 
     </span>
    </p>
   </div>
  </div>
