3934 6188
473 355 576 419 551
1410 354 1468 416 S.
1506 352 1945 414 HIERONYMI
1985 349 2304 412 OPERUM
2349 350 2748 411 MANTISSA.
3617 355 3710 416 532

474 471 606 526 vicit
630 483 688 526 et
714 469 1077 540 supplantavit
1107 488 1118 524 :
1153 471 1224 524 ita
1275 477 1324 524 et
1372 485 1472 524 nos
1509 469 1768 523 debemus
1800 467 2055 536 supplan-
2085 471 2131 530 Α
2161 466 2240 521 sic
2283 465 2654 533 unusquisque
2681 473 2905 518 sanatus
2928 473 3028 528 est,
3055 464 3098 520 si
3133 465 3429 534 inSpexcrit
3454 464 3709 548 Christum

478 574 595 618 tare
625 563 848 617 fratrem
905 571 1147 614 nostrum
1205 561 1506 626 diabolum,
1548 562 1680 615 treis
1726 561 1953 627 vicibus,
1996 561 2050 616 in
2156 557 2210 611 in
2243 566 2406 625 caput
2455 557 2641 624 virga}.
2686 555 2740 608 id
2788 567 2895 619 cst,
2948 555 3000 609 in
3035 571 3281 611 crucem.
3309 556 3546 622 Quatuor
3577 570 3710 624 rotae,

478 655 828 720 cogitatione,
865 653 916 705 in
949 654 1132 713 verbo,
1169 643 1242 706 et.
1269 652 1320 705 in
1363 667 1547 720 opere.
1584 651 1706 706 ldeo
1757 650 1922 706 frater
1957 668 2056 706 no-
2157 660 2393 716 quatuor
2431 648 2792 715 evangelistas
2823 646 3134 716 significant
3165 649 3285 701 :sic
3316 649 3453 716 fugit
3485 649 3711 704 diabolus

405 763 412 770 “
479 756 591 797 stcr
611 752 716 806 est,
745 744 868 812 quia
903 743 1042 797 Deus
1071 745 1243 811 ipsum
1273 745 1498 811 creavit,
1537 747 1626 814 qui
1658 756 1708 798 et
1743 761 1864 812 nos,
1887 762 2055 800 unmn
2160 737 2533 806 Evangelium,
2560 739 2789 805 quando
2821 747 2978 790 sonat
3012 739 3062 790 in
3091 737 3310 793 οαςΙιιιιι.

481 845 684 904 patrem
716 835 976 888 habemus
1019 835 1220 901 Deum,
1262 846 1315 889 et
1362 838 1565 891 bonum
1619 837 1769 894 illum
1824 839 2056 903 creavit,
2230 829 2408 900 (VerS-
2451 829 2563 899 18.)
2608 829 2804 884 Christi
2856 842 3027 884 αυίειη
3073 831 3338 900 generatio
3370 831 3446 885 δὶσ
3489 840 3622 885 erat
3664 831 3715 888 id

481 926 572 979 sed
601 943 696 994 per
719 943 874 980 suum
911 927 1096 980 vitium
1125 929 1488 995 superbiende
1539 946 1595 982 se
1630 929 1878 996 privavit.
1910 930 2059 996 Qua-
2161 932 2265 987 est,
2296 925 2594 978 secundum
2624 940 2870 988 cantem,
2910 925 3182 980 dixerunt.
3210 924 3339 977 Ideo
3367 925 3574 977 Christi
3604 925 3719 980 dici.

483 1025 607 1068 tuor
636 1017 981 1086 evangelistze
1005 1019 1330 1086 signiﬁcant,
1371 1019 1648 1073 illatthacus
1671 1019 1860 1072 faciem
1887 1019 2061 1072 homi-
2163 1028 2274 1079 tur,
2303 1024 2360 1067 ut
2391 1019 2457 1066 ab
2497 1015 2612 1084 ipso
2665 1015 2966 1068 derivativo
3018 1015 3283 1068 vocabulo
3311 1014 3603 1069 Christiani
3635 1032 3718 1069 vu-

487 1110 591 1170 nis,
625 1108 796 1162 Lucas
823 1110 994 1172 vituli,
1051 1113 1268 1164 Marcus
1325 1110 1513 1173 leonis,
1548 1111 1786 1166 Joannes
1816 1113 2008 1180 aquila:
2042 1129 2058 1179 ;
2163 1117 2356 1159 centur
2386 1121 2400 1158 :
2432 1121 2525 1174 per
2573 1105 2954 1176 etymologiam
3017 1107 3214 1160 iterum
3247 1105 3517 1170 Christus.
3549 1107 3599 1162 id
3630 1118 3720 1172 εει,

490 1200 751 1253 Dominus
779 1200 935 1254 .lesus
964 1203 1217 1258 Christus
1251 1214 1420 1257 totum
1453 1206 1719 1274 implevit,
1751 1205 1916 1258 homo
1958 1221 2064 1259 ua-
2164 1207 2374 1258 ιιηειιιε.
2429 1198 2558 1266 quia
2600 1212 2694 1264 per
2749 1197 2924 1265 ipsum
2979 1210 3103 1266 post
3160 1198 3431 1250 lavatrum
3491 1197 3722 1252 chrisma:

488 1291 950 1354 scelido,.\'iu|lt|s
1003 1294 1352 1359 iunnolando,
1413 1295 1495 1348 [eo
1553 1297 1850 1365 surgentia.
1884 1298 2062 1365 aquila
2166 1291 2476 1342 ιιιιοιῑοιιειιι
2512 1292 2870 1358 percepimus.
2935 1288 3026 1344 Sil)
3083 1301 3200 1344 erat
3242 1304 3336 1357 per
3360 1289 3722 1344 aeternitatem.

489 1381 854 1434 ascendendo.
887 1383 1018 1436 [tota
1060 1384 1111 1435 iu
1147 1394 1286 1446 rota,
1334 1384 1448 1452 lege
1493 1385 1544 1436 in
1596 1385 1792 1452 legem,
1825 1399 1980 1440 vetus
2013 1387 2063 1439 in
2169 1380 2338 1432 Sonat
2381 1380 2570 1438 Maria.
2626 1381 2781 1434 stella
2833 1383 3045 1443 maris.”
3093 1383 3215 1450 (illia
3257 1382 3409 1435 Sicua
3438 1382 3611 1435 dUICiS
3634 1393 3720 1444 εει»

494 1491 712 1530 novum.
745 1475 852 1529 Cur
883 1486 1120 1543 quatuor
1171 1478 1520 1547 evangelista-
1577 1493 1684 1531 non
1720 1493 1813 1544 per
1841 1486 2069 1546 quatuor
2167 1483 2319 1522 ωειῐε
2345 1484 2587 1524 θιιιιιτιιιιι
2621 1482 2706 1526 οδε
2738 1473 2787 1536 ¹;
2817 1472 2898 1526 δῖε
2929 1472 3117 1538 Maria.
3161 1475 3212 1526 Ῐη
3258 1473 3388 1526 ιιιετί
3423 1474 3606 1526 "mm"
3640 1473 3726 1526 iul

491 1567 762 1635 apostolos
796 1571 1130 1631 scribuntur,
1186 1570 1285 1623 nisi
1352 1585 1446 1635 per
1492 1569 1630 1623 duos
1661 1570 1982 1638 discipulos,
2015 1586 2042 1622 e

2171 1555 2308 1610 inter
2335 1568 2650 1625 peccatores
2694 1562 2843 1611 velut
2897 1560 3050 1612 stella
3100 1560 3267 1612 maris
3304 1571 3320 1614 :
3354 1561 3481 1628 quia
3510 1571 3568 1612 ut
3600 1575 3723 1611 mors

494 1659 628 1710 duos
651 1661 943 1727 apostolos,
976 1663 1099 1728 quia
1138 1661 1228 1714 lilii
1289 1660 1457 1716 Jacob
1510 1664 1574 1715 de
1603 1667 1812 1718 duabus
1849 1665 2065 1727 liberis,
2169 1659 2273 1713 θδῑι
2306 1651 2461 1704 smn“
2514 1651 2662 1704 Viros
2710 1653 2775 1704 ad
2829 1660 3044 1720 Portum
3099 1652 3339 1716 adduc")
3367 1654 3411 1704 Si
3447 1667 3725 1719 δί’(Ιυῖηηυτ

495 1761 549 1803 et
579 1749 794 1803 duabus
825 1753 1040 1805 aut-illis
1076 1755 1184 1804 nati
1220 1763 1364 1806 sunt.
1390 1751 1674 1809 Matthaaus
1700 1755 1823 1819 mel,
1851 1755 2069 1813 ﬂoreus
2173 1740 2318 1793 illam
2351 1740 2468 1794 ίδίε
2498 1739 2664 1793 “alia
2694 1741 2746 1794 ίη
2800 1742 3002 1794 ¹¹¹¹¹¹¹ἀο
3032 1740 3121 1794 “bi
3166 1750 3323 1795 “ams
3349 1748 3432 1794 ⁸⁵³
3469 1734 3726 1802 (Ἂπίείυδν

477 1819 604 1906 ‘lac,
637 1839 810 1910 Lucas
844 1844 1043 1907 oleum,
1069 1841 1305 1898 Joannes
1341 1844 1544 1897 vinum.
2105 1832 2266 1901 Bqui
2295 1848 2485 1886 omnes
2544 1832 2610 1884 ad
2666 1834 2830 1886 vitam
2895 1833 3063 1894 ducit.
3120 1832 3166 1886 si
3219 1842 3518 1901 sequantur
3577 1833 3728 1885 illum.

2179 1919 2504 1984 Desponsam
2537 1931 2703 1974 mater
2728 1922 2864 1990 ejus,
2903 1922 2954 1975 id
3003 1931 3106 1986 est,
3152 1937 3248 1991 pro
3283 1932 3520 1991 quatuor
3549 1923 3730 1985 causis,

570 2045 637 2099 ΙΝ
673 2044 1121 2102 EVANGEUUM
1147 2045 1520 2103 SECUNDUM
1553 2047 1997 2107 MATTHIEUM.
2179 2024 2239 2107 ut
2270 2031 2374 2068 non
2413 2015 2743 2081 lapidaretur
2771 2026 2827 2068 ut
2861 2016 3126 2081 adultera,
3167 2024 3222 2107 et
3254 2025 3311 2068 ιιι
3357 2017 3407 2068 itt
3441 2015 3619 2083 fugam
3651 2015 3734 2068 lia-

2182 2105 2640 2170 beretsolatium,
2693 2119 2746 2159 et
2796 2107 3112 2176 genealogia
3159 2105 3363 2162 Christi
3402 2124 3498 2176 per
3528 2108 3734 2175 Ioseph,

575 2184 725 2254 (Cap.
767 2181 804 2238 Ι.
835 2212 898 2224 -
942 2183 1095 2236 Vers.
1141 2184 1213 2254 l).
1259 2203 1278 2236 ‹
1319 2183 1479 2238 Liber
1529 2185 1897 2253 generationis
1949 2183 2076 2238 Jesu

2183 2209 2242 2251 ut
2268 2208 2455 2266 partus
2491 2199 2760 2253 celaretur
2787 2201 3023 2253 diabolo.
3077 2200 3369 2270 Antequam
3397 2203 3733 2264 convenirent,

500 2273 701 2329 Christi
736 2273 827 2326 lilii
873 2273 1038 2328 David
1079 2275 1170 2328 lilii
1224 2276 1471 2329 Abrahae.
1519 2294 1537 2326 ι
1575 2275 1706 2329 Ideo
1729 2277 1865 2330 duos
1893 2284 2048 2342 patre

2184 2290 2234 2343 id
2261 2297 2364 2352 est,
2402 2297 2689 2360 antequam
2757 2291 2988 2347 fuissent
3051 2293 3104 2346 in
3167 2310 3267 2363 qua
3325 2293 3734 2347 habitatione':

506 2369 771 2433 nominat,
806 2369 930 2437 quia
977 2369 1042 2420 de
1095 2366 1260 2421 David
1293 2368 1490 2422 dicitur
1527 2385 1541 2420 :
1577 2368 1652 2420 De
1673 2371 1851 2434 fructu
1883 2371 2059 2422 ventri.

2185 2383 2391 2434 inventa
2439 2392 2514 2434 est
2554 2381 2618 2434 ab
2667 2379 2865 2450 Ioseph
2909 2384 2962 2436 in
3007 2392 3154 2437 utero
3189 2400 3207 2436 :
3245 2400 3351 2438 non
3387 2384 3440 2438 in
3488 2385 3659 2450 vulva,
3687 2392 3738 2438 ut

504 2461 583 2512 tui
610 2475 801 2525 ponam
828 2476 984 2526 super
1012 2459 1182 2512 sedem
1219 2476 1388 2514 meam
1427 2458 1605 2525 (Paul.
1641 2475 1826 2522 cum,
1857 2461 1966 2527 ll).
2009 2460 2057 2511 Dt

2186 2474 2405 2536 mulier,
2436 2473 2529 2527 sed
2563 2484 2622 2526 ut
2669 2474 2843 2543 virgo,
2892 2475 3088 2528 habens
3137 2478 3198 2528 de
3232 2477 3439 2542 Spiritu
3461 2487 3668 2542 sancto,
3695 2477 3737 2529 id

501 2552 779 2605 Abraham
810 2551 1010 2604 dicitur
1037 2565 1050 2600 :
1084 2548 1146 2602 In
1169 2550 1364 2602 semine
1387 2559 1474 2604 tuo
1508 2551 1874 2603 benedicentur
1903 2567 2081 2604 omnes
2184 2576 2289 2630 εει,
2327 2563 2498 2618 facins
2530 2581 2594 2618 ex
2627 2563 2832 2633 Spiritu
2885 2566 3144 2636 Spit-itus,
3182 2567 3322 2621 sicut
3365 2568 3478 2636 ipse
3507 2568 3635 2622 facit
3656 2583 3740 2636 po.

504 2651 684 2710 gem“
746 2639 899 2705 (δέκα
933 2655 1066 2704 νίκην
1109 2641 1217 2708 ἐλ
1273 2640 1394 2694 “eo
1443 2640 1608 2694 03"“
1653 2654 1778 2694 “me
1807 2643 2080 2696 Abraham
2187 2675 2331 2713 mum
2355 2673 2521 2726 super
2553 2658 2780 2727 lignum,
2805 2669 2858 2712 et
2887 2659 3047 2710 Evam
3077 2663 3141 2713 de
3171 2675 3292 2713 osse
3321 2659 3471 2714 Adae.

507 2734 785 2797 scribitur,
841 2735 968 2800 quia
1028 2737 1380 2806 propinquior
1432 2746 1518 2792 est
1575 2737 1794 2793 Christo
1839 2740 1905 2793 de
1947 2739 2060 2792 llbl’l

2255 2747 2432 2818 (Vers.
2477 2750 2695 2819 19-24.)
2730 2749 2919 2818 Ioseph
2952 2762 3129 2803 autem
3170 2752 3247 2804 vir
3293 2755 3442 2820 ejus;
3500 2754 3617 2807 ideo
3671 2752 3743 2807 vit'

507 2825 678 2892 Stirpe
713 2826 1006 2880 nascendo.

2192 2844 2304 2911 ejus
2328 2843 2550 2903 dicitur.
2581 2855 2635 2896 et
2662 2845 2784 2896 ideo
2806 2844 3010 2912 justus,
3042 2863 3106 2898 ne
3135 2845 3225 2898 alii
3248 2846 3605 2902 humanitatis
3633 2863 3745 2901 con-

581 2937 761 3007 (Vers.
809 2939 920 3003 l6).
964 2957 983 2990 ‹
1021 2938 1190 2994 Jacob
1241 2942 1424 3008 genuit
1468 2939 1690 3012 Jnscph,
1730 2963 1747 2996 ι
1783 2947 2082 3002 secundum
2182 2937 2517 3005 junctionem
2543 2937 2957 3005 suspicaveriut.
2992 2957 3010 2988 ι
3043 2937 3221 2993 Noluit
3245 2943 3696 3008 cauitraducere;
3724 2960 3740 2992 ι

508 3034 838 3086 creationem
866 3032 1004 3086 dixit
1035 3046 1052 3085 :
1092 3031 1269 3086 Lucas
1292 3038 1591 3090 secundum
1626 3038 1794 3108 legem
1839 3040 1996 3102 dixit,
2027 3050 2084 3094 ut
2189 3029 2241 3082 id
2275 3038 2379 3095 εει,
2420 3029 2470 3081 Ῐιι
2502 3027 2733 3097 ,ἱιιάίείον
2768 3030 3026 3100 "01988"!
3053 3033 3336 3088 iranSiSSBl
3365 3051 3378 3087 ε
3403 3035 3528 3102 quia
3557 3035 3748 3089 seiebal

508 3125 652 3177 filius
682 3123 799 3178 ιιυιι
829 3134 993 3178 esset.
1029 3124 1150 3178 Ideo
1178 3125 1509 3181 mulieresin
1541 3131 1852 3198 genealogia
1880 3131 2084 3186 Christi
2116 3181 2154 3198 η
2189 3122 2478 3192 virginem.
2530 3133 2588 3175 ut
2644 3121 2918 3176 diabolum
2971 3134 3157 3193 partus
3209 3125 3329 3194 ejus
3384 3127 3600 3182 lateret.
3638 3129 3748 3181 ttae

505 3225 656 3278 sunt,
688 3216 814 3284 quia
855 3216 985 3284 ipsa:
1013 3217 1077 3272 ad
1114 3216 1274 3270 vitam
1299 3227 1555 3272 aeternam
1599 3221 1824 3275 veniunt
1857 3232 1913 3277 ut
1942 3224 2038 3278 viri

2196 3227 2363 3268 autem
2388 3232 2448 3269 eo
2509 3217 2790 3286 cogitante,
2821 3217 2873 3272 id
2911 3229 3012 3282 est,
3039 3219 3328 3284 dimittere,
3367 3235 3434 3275 an
3465 3231 3649 3277 tenere
3673 3238 3749 3276 co-

508 3315 564 3358 et
595 3305 717 3358 ideo
752 3315 1066 3373 peccatores
1111 3308 1163 3360 in
1212 3307 1524 3376 genealogis
1569 3309 1768 3365 Christi
1804 3315 2088 3368 ιιοιιιίιιιιιιο
2190 3308 2412 3377 εἰιεὼιὶι.
2448 3307 2573 3362 Ιίωο
2599 3309 2884 3378 prophetia
2933 3312 3208 3381 impletur,
3235 3314 3467 3382 Adjutor
3492 3317 3542 3367 in
3585 3331 3754 3382 oppor-

513 3409 621 3462 tur,
652 3398 778 3466 quia
809 3399 926 3465 ipse
975 3398 1109 3452 dixit
1147 3410 1162 3452 :
1200 3397 1323 3451 Non
1357 3401 1470 3452 veni
1526 3416 1711 3455 vocare
1757 3402 1962 3472 justos,
1996 3423 2066 3460 set

2196 3398 2530 3464 tunitatibus,
2557 3400 2612 3453 in
2653 3394 2994 3455 tribulatione
3041 3404 3213 3473 (Psal.
3275 3420 3349 3470 ix,
3395 3406 3502 3475 l0).
3536 3407 3749 3477 Angelus

506 3500 808 3555 peccatores
865 3487 1085 3560 (Matth.
1139 3504 1212 3553 Ix,
1280 3490 1390 3558 15).
1441 3491 1614 3546 Lucas
1650 3495 1715 3548 de
1761 3494 1984 3551 Christo
2020 3499 2086 3551 ab
2192 3493 2405 3547 Domini
2439 3496 2490 3547 in
2515 3498 2712 3548 somnis
2738 3497 2899 3550 dixit.
2932 3495 3048 3550 Non
3085 3498 3136 3551 in
3167 3513 3380 3564 somno,
3408 3500 3533 3567 quia
3574 3503 3754 3568 saepius

507 3579 680 3633 Adam
715 3581 921 3648 dicens,
957 3583 1195 3637 ostendit
1228 3583 1372 3652 quod
1403 3599 1496 3652 per
1521 3584 1724 3640 Christi
1759 3603 1929 3656 genus
1959 3589 2088 3643 Atla:
2192 3584 2268 3640 illi
2300 3587 2524 3655 angelus
2547 3588 2600 3640 in
2648 3589 2855 3642 somnis
2905 3589 3070 3644 venit.
3124 3589 3240 3644 Non
3273 3593 3461 3658 semel,
3497 3595 3626 3661 quia
3657 3607 3755 3662 my-

509 3675 737 3730 solvitur
763 3691 789 3728 a
824 3685 1070 3744 peccato,
1103 3679 1216 3733 sive
1237 3679 1378 3746 quod
1407 3679 1474 3734 dc
1508 3677 1726 3734 Christo
1748 3691 1971 3745 exeunt,
1995 3683 2086 3750 qui
2192 3679 2416 3732 sterium
2447 3678 2538 3732 Dei
2591 3696 2698 3733 non
2742 3690 2919 3748 potest
2952 3697 3286 3752 cognoscere
3327 3685 3498 3738 semel
3528 3701 3543 3738 :
3577 3683 3756 3753 Ioseph

510 3779 859 3826 revertuntur
887 3771 951 3824 ad
979 3770 1219 3826 Patrem.
1251 3770 1445 3842 Figura
1499 3788 1606 3827 χιιι
1645 3773 1885 3827 virorum
1918 3775 1969 3827 in
1999 3789 2063 3845 ge

2202 3763 2270 3818 ﬁli
2300 3763 2489 3830 David,
2523 3768 2572 3819 id
2613 3777 2717 3831 est,
2771 3769 3052 3837 prophetia
3087 3771 3306 3840 impleta
3351 3772 3404 3827 in
3430 3772 3634 3845 Joseph
3674 3788 3755 3843 per

511 3864 755 3935 nealogia
781 3864 1006 3930 Christi,
1033 3865 1134 3920 hoc
1165 3875 1266 3930 est,
1298 3882 1407 3921 sui
1435 3868 1742 3922 mansiones
1771 3868 1892 3922 liliis
1921 3869 2064 3922 lsrae

2200 3855 2384 3922 David,
2423 3859 2496 3914 De
2522 3861 2698 3930 [ructu
2735 3863 2928 3915 ventris
2979 3864 3059 3916 tui
3097 3863 3267 3932 (Psal.
3295 3881 3479 3930 cum,
3515 3869 3628 3939 ll),
3659 3879 3753 3922 etc.

509 3958 578 4010 ab
599 3955 862 4027 'A‘lgypto,
914 3972 1088 4026 usque
1140 3958 1206 4011 ad
1259 3969 1460 4012 terram
1525 3961 1989 4027 repromissionis,
2035 3961 2062 4015 ίι

2200 3949 2318 4002 Noli
2347 3952 2548 4016 timere,
2584 3952 2636 4006 id
2663 3962 2765 4021 est,
2801 3954 2987 4025 dilige,
3034 3965 3088 4009 et
3121 3961 3292 4026 gaude
3321 3960 3629 4031 conjugcm,
3662 3974 3753 4013 non

511 4060 616 4114 est,
649 4052 714 4104 de
741 4051 941 4104 uitindo
973 4053 1037 4104 ad
1065 4052 1262 4105 coelum
1292 4070 1306 4106 :
1333 4053 1475 4120 quod
1516 4054 1786 4122 significat
1812 4070 1908 4124 per
1933 4063 2064 4110 tern:

2202 4044 2526 4112 nuptialem;
2586 4061 2758 4115 neque
2809 4049 3139 4102 creationem
3186 4047 3368 4120 [ForL
3427 4051 3755 4124 coitionem].

512 4157 714 4211 genera
754 4143 819 4195 ad
851 4143 1151 4206 Christum,
1195 4159 1292 4212 per
1341 4143 1522 4208 Iidem,
1559 4160 1732 4214 spem,
1765 4160 1820 4201 et
1849 4147 2090 4202 charita-
2195 4139 2289 4192 sed
2315 4141 2768 4194 cohabitatiohem
2803 4157 2818 4196 :
2862 4152 3008 4197 tuam
3041 4144 3194 4210 dixit,
3232 4156 3287 4198 ul
3318 4147 3637 4202 etedidisscl
3663 4161 3756 4199 non

515 4243 646 4286 tem.
677 4232 814 4297 Quid
851 4247 944 4301 per
973 4248 1086 4300 xiv,
1137 4235 1236 4286 nisi
1287 4249 1380 4303 per
1434 4251 1466 4288 ι
1517 4237 1674 4290 verba
1713 4239 1870 4304 legis,
1912 4249 1967 4295 et
1996 4257 2092 4310 per
2195 4232 2262 4284 ab
2295 4231 2421 4297 alio,
2452 4237 2550 4287 sed
2600 4237 2663 4286 de
2719 4233 2921 4305 Spiritu
2963 4248 3148 4291 sancto
3208 4249 3560 4308 conceptum.
3593 4237 3758 4292 Paria

514 4332 746 4394 quatuor
791 4326 1022 4379 virtutes
1057 4342 1072 4378 :
1113 4326 1286 4394 prima
1363 4328 1668 4395 prudentia,
1723 4332 1926 4385 servire
1961 4333 2089 4398 Deo,
2196 4327 2390 4393 ﬁlium,
2424 4328 2473 4378 id
2511 4337 2612 4392 est,
2648 4336 2706 4380 ut
2736 4328 2906 4397 majus
2940 4330 3192 4396 gaudium
3234 4340 3380 4384 esset
3410 4328 3487 4382 illi
3530 4313 3596 4382 de
3639 4331 3755 4392 lilio,

515 4431 623 4469 non
675 4416 828 4470 idolis
872 4431 888 4468 :
955 4415 1196 4470 secunda
1249 4418 1632 4484 temperantia,
1685 4435 1790 4473 non
1838 4425 2094 4492 concupio
2195 4422 2502 4473 sicutinter
2541 4423 2785 4475 homines
2811 4437 2924 4476 mos
2954 4422 3143 4476 est.Et
3176 4426 3382 4477 vacabis
3416 4441 3603 4477 nomen
3635 4423 3760 4492 ejus.

519 4521 671 4561 scere
705 4524 719 4561 :
754 4507 912 4561 tertia
957 4505 1190 4575 justitia,
1217 4525 1321 4560 non
1367 4509 1674 4563 adulterare
1705 4523 1720 4563 :
1755 4521 1946 4578 quarta
1985 4515 2095 4566 lor-
2125 4511 2176 4570 D
2204 4511 2336 4566 item
2363 4513 2428 4563 ad
2457 4511 2695 4566 laetitiam
2731 4512 2847 4580 ejus
2874 4525 3042 4567 esset.
3079 4514 3276 4580 Iesum,
3309 4532 3372 4571 ac
3400 4517 3632 4572 dixisset
3659 4515 3764 4570 Sal-

517 4599 710 4661 titudo,
737 4599 1029 4661 dimittere,
1089 4615 1194 4654 non
1256 4601 1529 4655 occidere.
1590 4603 1694 4656 Per
1723 4614 1959 4672 quatuor
1990 4604 2094 4660 fuit
2201 4614 2439 4656 vatorem
2517 4604 2577 4654 '2
2637 4603 2856 4658 Salrum
2907 4605 3063 4674 faciet
3115 4607 3366 4674 populum
3419 4624 3613 4672 suum;
3669 4621 3763 4659 non

513 4691 746 4758 perditio
779 4691 986 4756 mutuli,
1029 4707 1125 4760 per
1169 4691 1366 4755 virum,
1416 4710 1514 4762 per
1563 4697 1864 4761 mulierem,
1898 4714 1994 4766 per
2023 4699 2090 4752 li-
2199 4694 2331 4747 dixit
2365 4710 2571 4758 omnes,
2623 4696 2724 4749 nisi
2775 4697 2869 4764 qui
2925 4700 3153 4751 credunt
3211 4699 3262 4752 in
3310 4715 3456 4762 eum,
3488 4717 3520 4752 a
3549 4697 3765 4767 peccatis

512 4803 696 4854 gnum,
737 4802 829 4852 per
861 4797 1190 4855 serpentem,
1224 4798 1278 4842 et
1327 4805 1422 4857 per
1457 4799 1694 4858 quatuor
1723 4802 2065 4847 restaurator

2214 4803 2415 4849 rerum;
2461 4787 2510 4840 id
2541 4801 2643 4853 ρει,
2700 4791 2843 4856 quod
2897 4805 3001 4842 non
3033 4791 3206 4856 potuit
3239 4791 3377 4847 alius
3407 4793 3652 4847 ttiedicus
3693 4790 3767 4842 la-

512 4891 609 4946 per
649 4877 949 4943 Christum,
987 4895 1082 4948 per
1122 4878 1366 4942 Mariam,
1401 4896 1496 4950 per
1519 4898 1757 4950 t'ruceln,
1790 4899 1885 4951 per
1920 4886 2092 4938 virum
2198 4897 2340 4934 cere.
2381 4879 2489 4932 Hoc
2527 4892 2700 4934 autem
2736 4896 2899 4936 tomm
2927 4883 3126 4953 factum
3151 4895 3248 4948 est,
3285 4886 3334 4938 id
3372 4898 3476 4949 est,
3505 4886 3650 4954 quod
3678 4899 3765 4935 an-

510 4969 731 5040 Joseph.
770 4971 1006 5040 Serpens
1043 4973 1130 5040 qui
1171 4973 1272 5026 fuit
1319 4975 1371 5026 iu
1407 4972 1571 5028 Israel
1605 4976 1880 5030 Christum
1915 4978 2091 5047 signi-
2199 4974 2349 5040 gc-lus
2401 4976 2582 5027 dixit:
2621 4986 2676 5027 ut
2737 4976 3113 5043 adimpleretur
3167 4978 3304 5046 quod
3352 4977 3547 5029 dictum
3608 4985 3684 5029 est
3738 4989 3768 5026 ιι

513 5064 696 5116 licavit
731 5081 744 5117 :
781 5063 896 5134 ipsa
925 5065 992 5118 de
1037 5081 1164 5120 aere
1217 5067 1356 5120 facta
1415 5083 1534 5121 cum
1568 5079 1802 5135 quatuor
1843 5071 1973 5122 rotis
2006 5087 2094 5122 I‘O-
2199 5067 2447 5129 Ποιηίηοι
2473 5065 2523 5118 id
2569 5078 2669 5132 (εει,
2709 5083 2801 5134 lter
2834 5070 3150 5138 ιιιοριιοιειηι
3193 5069 3384 5122 Isaiam
3420 5073 3483 5124 de
3525 5069 3763 5130 (ἓδτίειο,

511 5157 694 5209 tundis
735 5175 747 5210 :
782 5158 872 5226 qui
905 5173 1023 5210 eam
1060 5158 1315 5213 videbant
1360 5161 1712 5214 sanabantur.
1751 5160 1816 5213 Et
1858 5161 2095 5216 elevavit
2202 5159 2289 5212 hic
2323 5157 2388 5212 ad
2418 5161 2648 5214 litteram
2681 5171 2910 5215 tantum.
2933 5158 3088 5215 Ecce
3120 5166 3264 5230 virgo
3286 5164 3338 5218 in
3371 5172 3516 5217 utero
3539 5161 3767 5222 habebit,

509 5250 660 5304 illum
695 5252 748 5305 in
786 5261 947 5319 caput
984 5251 1170 5320 virgas,
1209 5260 1266 5305 ut
1300 5251 1398 5306 toti
1444 5252 1687 5306 viderent
1736 5268 1878 5317 eauti,
1921 5262 1973 5305 et
2001 5253 2092 5306 fu-
2195 5261 2246 5303 et
2293 5251 2494 5303 vocabit
2522 5267 2706 5304 nomen
2753 5251 2865 5320 ejus
2903 5251 3216 5306 Emmanuel
3246 5271 3265 5317 ;
3299 5255 3420 5310 ideo
3453 5255 3551 5308 hoc
3576 5265 3766 5306 n0men

509 5349 720 5412 gissent
761 5344 1014 5398 animalia
1057 5345 1277 5410 deserti,
1338 5358 1446 5414 pra:
1509 5346 1700 5398 timore
1734 5355 1998 5409 rotarum,
2035 5355 2090 5398 et
2199 5343 2608 5410 interpretatum
2667 5340 2844 5412 (Fort.
2909 5345 3410 5418 iuintcrpretatum]
3468 5356 3581 5410 est,
3646 5341 3768 5414 quia

478 5470 489 5500 Ι

583 5523 598 5553 ⁸
640 5522 952 5587 Addiderat,
983 5535 1042 5577 ut
1071 5539 1164 5593 per
1211 5521 1434 5593 credere
1478 5531 1580 5580 est.
1627 5519 1980 5593 Antiquarius
2023 5520 2089 5574 ad
2200 5524 2564 5589 castigamus.

509 5608 831 5659 marginem,
895 5589 1123 5646 deletum
1183 5604 1257 5648 est
1310 5592 1549 5671 verbum_
1581 5589 1935 5670 unum,forte
1966 5607 2088 5644 vero
2233 5663 2245 5671 _
2273 5597 2290 5624 '
2335 5594 2584 5671 Fortasse
2618 5598 2800 5667 iniqua
2836 5613 2933 5669 pro
2967 5603 3019 5652 in
3050 5616 3174 5670 qua,
3215 5602 3359 5671 quod
3403 5613 3560 5654 sensu
3601 5605 3768 5661 caret,

507 5678 754 5734 oriturum
778 5678 798 5716 .'
829 5681 946 5730 quin
990 5666 1147 5717 verba
1171 5665 1744 5734 posttnoduurintrusa
1777 5666 1828 5712 in
1855 5671 2086 5726 textum,
2198 5663 2326 5716 οὶιιιι
2348 5669 2619 5734 scriptum
2651 5663 2754 5723 est.

515 5733 884 5812 Pittll‘lttulmusm
924 5732 1184 5796 retinuit,'
1208 5747 1480 5812 __sattsque_
1519 5732 1708 5812 habuit
1769 5737 2086 5812 parenthesi
2197 5806 2208 5812 _
2274 5735 2293 5765 ³
2336 5733 2496 5812 Nullo
2519 5754 2680 5812 seinsu
2719 5756 2814 5806 pro
2830 5739 3087 5812 dixisset,
3117 5741 3245 5812 legit
3282 5742 3619 5796 Martianans
3645 5739 3770 5794 dnc-

518 5799 813 5852 includere.
843 5800 952 5853 Nos
979 5805 1243 5868 ejusmodi
1304 5799 1410 5856 alia
1469 5804 1608 5856 haud
1655 5799 1824 5871 pauca
1864 5801 2089 5857 inferius
2197 5806 2295 5864 bus
2327 5807 2503 5862 vetbts
2535 5810 2666 5862 tlizt'!
2708 5799 2776 5864 ἐι.
2825 5799 3197 5868 ίιυνιοιίιξιιιιῖ
3224 5816 3376 5869 taciti
3403 5815 3769 5867 eruendum”.
