3956 6196
314 394 426 458 533

1224 392 1638 457 mensum)
1676 395 1751 455 iV
1796 378 2173 458 EHNGEL.
2209 372 2663 459 MAITILEUS.

3476 392 3574 452 55".

311 511 371 565 in
399 516 626 579 utraque
654 518 839 579 lingua
873 509 1146 565 excelsum
1185 510 1387 567 dicitur
1420 512 1693 565 nobiscum
1725 511 1887 573 Deus,
1921 526 1965 580 Α
1996 526 2154 568 natus
2178 526 2282 578 est,
2331 513 2419 567 ubi
2488 515 2608 566 est?
2668 510 2735 564 At
2790 508 2871 562 illi
2915 496 3163 562 dixerunt
3195 509 3244 560 in
3274 503 3575 560 Bethlehem

312 605 367 660 id
399 612 502 669 est,
556 602 703 658 Deus
748 612 802 658 et
860 601 1048 667 bomo,
1094 604 1147 657 in
1184 618 1291 658 una
1311 604 1418 659 ﬁde
1453 606 1547 659 sit.
1587 602 1734 658 Fecit
1763 606 1896 657 sicut

310 691 559 759 prwcepit
615 689 666 744 ei
717 690 937 760 angelus
962 707 981 745 :
1010 692 1251 748 ostendit
1293 693 1435 762 quod
1470 695 1588 763 ipse
1628 695 1895 748 visionem

314 781 530 837 Domini
585 781 789 837 meruit
862 782 1064 849 videre,
1131 781 1223 853 (ιηί
1277 783 1405 839 fecit
1462 784 1606 839 sicut
1658 785 1707 838 ei
1760 799 1897 853 pra:-

310 875 480 944 cepit.

386 965 563 1039 (Vers.
591 956 708 1037 25.)
747 965 818 1021 Et
862 982 966 1021 non
997 966 1337 1037 cognoscebat
1373 983 1513 1024 eam.
1560 965 1721 1020 donec
1743 983 1896 1036 pepe-

310 1062 384 1116 rit
409 1061 577 1131 ﬁlium
602 1078 777 1118 suum.
812 1060 994 1115 Donec
1023 1077 1120 1130 pro
1153 1078 1427 1129 nunquam
1453 1061 1651 1116 dicitur
1687 1060 1728 1113 ¹.
1779 1060 1896 1114 Pii-

311 1159 619 1228 mogenitus
647 1157 701 1212 in
730 1158 846 1229 lege
875 1158 1097 1220 dicitur,
1121 1159 1210 1226 qui
1239 1158 1387 1227 prius
1416 1156 1627 1225 aperuit
1653 1156 1891 1209 vulv.im.

310 1250 435 1306 Non
469 1267 627 1321 quem
652 1262 960 1321 sequuntur
995 1251 1113 1319 ﬁlii,
1160 1253 1252 1304 sed
1300 1251 1393 1320 qui
1438 1251 1593 1317 prius
1624 1249 1891 1302 nascitur.

305 1342 561 1398 Christus
584 1358 684 1413 pro
723 1342 899 1397 tribus
933 1342 1136 1397 dicitur
1170 1342 1587 1411 primogenitus,
1621 1340 1675 1395 in
1712 1355 1898 1397 resur-

308 1437 562 1490 rectione
585 1451 615 1489 a
646 1436 903 1500 mortuis,
932 1445 985 1491 et
1016 1452 1046 1489 a
1087 1434 1279 1499 Maria,
1313 1444 1367 1489 et
1401 1450 1431 1488 a
1459 1435 1745 1491 creaturis.

378 1523 535 1596 (Cap.
571 1521 663 1577 XI.
701 1554 773 1565 —-
806 1523 966 1579 Vers.
1000 1525 1073 1593 l.)
1158 1522 1289 1579 Cum
1344 1540 1468 1595 ergo
1529 1533 1692 1579 natus
1760 1537 1893 1581 esset

302 1613 490 1683 Iesus,
525 1626 636 1671 tres
670 1614 960 1671 conﬁrmat
987 1632 1207 1681 causas,
1239 1617 1438 1683 locum,
1486 1628 1718 1688 tempus,
1754 1636 1891 1690 per-

300 1720 536 1774 sonam,
586 1707 641 1761 in
684 1706 992 1763 Belhlehein
1022 1725 1042 1763 :
1078 1718 1263 1779 aptum
1307 1709 1427 1775 fuit,
1464 1711 1587 1780 quia
1640 1716 1660 1745 ³
1704 1712 1892 1767 domus

293 1802 461 1867 panis
491 1800 891 1869 interpretatur,
925 1809 983 1855 ut
1006 1802 1080 1856 ibi
1112 1802 1270 1871 panis
1304 1802 1460 1857 vivus
1500 1803 1745 1860 caelestis
1783 1822 1885 1871 ua:

2000 604 2181 664 ludar,
2243 606 2421 660 verbis
2485 605 2699 669 dicunt,
2763 602 2915 675 quod
2970 599 3130 654 lactis
3178 607 3399 669 negant,
3448 596 3578 651 caeci

2002 697 2213 766 palpant
2246 705 2304 751 ut
2330 695 2481 750 Isaac
2511 691 2681 749 Jacob
2716 709 2730 748 :
2762 695 2887 746 dmn
2937 690 3016 744 ire
3070 676 3378 759 itegligun't,
3415 699 3577 756 quem

1998 788 2275 841 adorando
2327 795 2653 841 monstrant.
2697 782 2837 838 Tres
2897 780 3060 851 magi,
3111 789 3220 834 tres
3267 777 3407 832 lilios
3442 774 3578 837 Noe,

1999 895 2121 934 cum
2156 880 2330 935 tribus
2356 877 2689 941 muneribus,
2734 875 3060 930 Trinitatem
3099 872 3334 928 adorare
3367 869 3577 938 signiti-

1997 982 2146 1027 cant.
2182 970 2327 1025 Tunc
2364 970 2624 1035 Herodes,
2655 970 2795 1024 clam
2828 969 3042 1032 roratis,
3070 965 3158 1021 hic
3181 962 3384 1019 defecit
3410 952 3581 1015 histo-

1998 1067 2100 1129 ria,
2134 1066 2259 1119 dum
2296 1066 2494 1119 secreti
2524 1064 2725 1118 indicat
2763 1073 2972 1129 tempus
2997 1058 3191 1123 stellae,
3217 1068 3444 1130 propter
3473 1057 3579 1111 hoc

1996 1153 2574 1222 distantfopiuiones,
2629 1156 2851 1225 quando
2906 1153 3046 1222 magi
3093 1157 3384 1206 venerunt.
3440 1148 3575 1203 Nam

1999 1256 2120 1315 post
2150 1262 2353 1301 annum
2408 1261 2572 1300 utinm
2632 1255 2727 1299 aut
2775 1247 2933 1307 duos,
2972 1247 3061 1298 alti
3118 1245 3303 1298 dicunt
3332 1259 3347 1300 ;
3381 1259 3486 1295 non
3522 1240 3575 1292 in

1996 1336 2336 1403 Bethlehem,
2368 1340 2461 1393 sed
2511 1342 2564 1393 in
2605 1339 2861 1409 {Egyptm
2901 1339 3185 1392 inveniunt
3231 1352 3394 1401 eum;
3446 1344 3497 1388 et
3531 1334 3575 1385 si

1997 1433 2049 1485 in
2080 1434 2362 1488 duodecim
2415 1436 2552 1496 dies,
2601 1435 2871 1502 quomodo
2919 1435 2985 1485 de
3036 1435 3198 1501 longa
3231 1440 3374 1485 terra
3397 1429 3577 1487 Persa-

1996 1522 2076 1578 Vel
2117 1523 2308 1588 Evilze,
2339 1524 2552 1581 Arabite
2586 1524 2672 1579 vel
2714 1522 2889 1580 Cedar
2924 1523 2975 1575 in
3012 1537 3083 1575 tu
3127 1522 3241 1576 dies
3264 1521 3447 1574 venire
3482 1535 3577 1591 po.

1996 1617 2387 1673 tueruut?Sed
2418 1627 2599 1687 potest
2663 1617 2717 1672 id
2772 1616 2953 1671 facere
3011 1615 3153 1670 Deus
3200 1612 3361 1682 cujus
3408 1612 3574 1667 verba

1994 1725 2121 1764 saxa
2177 1710 2382 1773 volant,
2428 1721 2636 1765 montes
2696 1710 3016 1770 movebunt,
3079 1708 3165 1762 cui
3244 1717 3441 1761 natura
3490 1719 3577 1760 est

1996 1803 2111 1859 ﬁeri
2138 1805 2281 1872 quod
2307 1804 2482 1874 jubet.
2528 1803 2818 1874 Diligenter
2842 1813 3020 1856 tamen
3046 1799 3232 1855 didicit
3260 1799 3326 1853 ab
3353 1800 3426 1852 eis
3450 1806 3577 1853 lent-

294 1902 573 1945 Sceretur.
604 1866 741 1946 J'uda
787 1903 872 1947 est
917 1866 1129 1963 respice
1164 1893 1475 1949 Betbleliem
1523 1896 1785 1965 gentium.
1820 1866 1895 1949 lit
1926 1890 1965 1944 Β
1991 1909 2092 1962 pus
2119 1866 2392 1960 slellte,'id
2420 1905 2526 1962 est,
2556 1906 2613 1949 nt
2635 1866 2801 1949 sciret
2829 1893 2850 1923 “
2884 1897 2936 1951 in
2968 1908 3079 1960 quo
3106 1905 3354 1963 tempore
3386 1907 3402 1943 :
3443 1890 3578 1944 forte

236 2026 243 2033 .
293 1983 485 2038 diebus
514 1982 746 2039 Herodis
773 1986 935 2055 regis,
978 1986 1031 2041 id
1093 1993 1196 2051 est,
1253 1988 1420 2049 refert
1455 2002 1610 2060 reges
1644 1998 1699 2047 et
1728 1990 1894 2045 duces

293 2074 523 2141 ludicre,
579 2085 635 2132 ut
688 2076 891 2133 dietum
943 2089 1028 2133 est
1067 2096 1082 2135 ι
1125 2077 1250 2134 Νοη
1287 2081 1494 2150 deﬁciet
1536 2084 1781 2152 princeps
1830 2085 1895 2139 de

296 2168 476 2235 Iuda,
513 2187 605 2223 nec
639 2170 747 2224 dux
775 2171 839 2226 de
892 2172 1182 2241 femoribus
1234 2175 1375 2245 ejus,
1415 2177 1579 2232 donec
1608 2179 1784 2232 veniat
1808 2181 1893 2233 cui

300 2261 681 2331 repromissum
715 2272 821 2330 est,
850 2264 962 2333 ipse
990 2265 1090 2317 erit
1124 2267 1447 2335 exspectatio
1474 2268 1704 2338 gentium
1737 2267 1888 2340 (Gen.

300 2368 372 2404 xi.
402 2368 457 2418 ι,
483 2352 593 2423 10).
624 2352 751 2407 Ideo
780 2355 913 2407 dixit
939 2352 1206 2410 Herodem
1236 2371 1417 2425 regem
1443 2356 1891 2422 contraJudmm.

296 2445 433 2512 quia
469 2444 568 2512 ipsi
599 2444 855 2499 dixerunt
884 2444 951 2500 ad
1007 2462 1246 2509 crucem,
1279 2446 1400 2502 Non
1441 2448 1692 2503 habemus
1716 2465 1890 2520 regem

298 2537 412 2590 nisi
437 2534 694 2591 Caesarem
725 2535 909 2608 (Joan.
944 2553 1056 2602 nx,
1088 2538 1199 2607 15).
1222 2537 1364 2594 Ecce
1396 2541 1538 2610 magi
1560 2539 1627 2594 ab
1674 2539 1890 2597 Oriente

303 2629 578 2685 ueniunt:
607 2629 735 2684 dum
781 2628 976 2686 Oriens
1024 2642 1108 2687 est
1170 2632 1265 2707 qui
1321 2632 1601 2702 quaeritur,
1653 2634 1778 2692 ideo
1819 2638 1890 2691 ab

306 2719 530 2774 Oriente
566 2712 837 2777 indicatur
856 2741 873 2787 ;
909 2722 1029 2790 ipse
1071 2721 1140 2777 ad
1184 2725 1540 2792 semetipsum
1587 2738 1688 2778 nos
1715 2725 1885 2781 ducit.

308 2812 367 2866 In
408 2810 742 2885 lerosolyma
805 2824 1092 2883 venerunt,
1132 2817 1261 2886 quia
1309 2817 1373 2871 de
1408 2816 1539 2872 Sion
1580 2819 1742 2872 exibit
1776 2819 1881 2883 lex,

302 2918 353 2959 et
397 2908 608 2959 verbum
642 2907 851 2961 Domini
885 2909 950 2962 de
981 2907 1282 2962 Jerusalem
1312 2908 1448 2977 (lsa.
1477 2923 1538 2973 tt,
1567 2908 1647 2977 5).

377 2996 555 3067 (Vers.
588 2998 642 3064 Ξ,
665 3000 742 3069 5.)
798 2999 1063 3065 Dicentes,
1109 2997 1213 3054 Ubi
1244 3009 1321 3054 est
1370 3001 1460 3070 qui
1494 3011 1653 3055 natus
1690 3012 1766 3056 est
1796 3016 1888 3056 rex

303 3092 613 3145 Juduorum
632 3092 659 3147 ?
688 3092 742 3147 ld
774 3102 879 3159 est,
906 3108 999 3148 rex
1029 3092 1464 3149 confessionum.
1507 3093 1726 3148 Addunt
1760 3110 1887 3147 can-

306 3199 425 3237 sam
460 3185 882 3251 inquirentibus,
919 3182 1053 3249 Quis
1083 3183 1222 3239 dixit
1245 3180 1443 3237 vobis?
1490 3180 1725 3237 Vidimus
1745 3184 1882 3238 enim

304 3276 517 3331 stellam
570 3276 684 3345 ejus
714 3277 768 3329 in
819 3274 1258 3332 0riente.8tella
1312 3285 1484 3342 muta,
1538 3264 1635 3332 sed
1682 3276 1884 3341 lucida,

304 3370 397 3424 lus
429 3369 578 3423 ducit
611 3369 676 3422 ad
720 3368 973 3423 verbum.
1001 3369 1129 3423 Item
1156 3367 1361 3423 stellam
1385 3368 1523 3437 ejus,
1549 3379 1729 3423 etnon
1761 3368 1883 3424 (ναξΙί

302 3473 361 3517 et
392 3474 577 3525 terrai,
617 3478 827 3516 necnon
852 3476 1041 3516 eorum
1066 3460 1192 3527 fuit,
1230 3462 1327 3517 sed
1356 3460 1479 3517 Filii
1504 3459 1623 3521 Dei.
1645 3460 1758 3517 Nec
1784 3460 1888 3517 fuit

308 3566 496 3626 postea
554 3572 653 3611 nec
697 3566 856 3611 antea
909 3555 1105 3612 similis
1157 3555 1377 3610 Christo
1428 3556 1481 3609 in
1533 3569 1718 3621 carne,
1768 3556 1887 3615 ideo

302 3652 461 3706 stella
496 3651 639 3717 illos,
668 3661 725 3703 ut
781 3651 1021 3707 caelestis
1075 3648 1326 3705 cmlestes
1372 3651 1440 3705 ad
1479 3649 1754 3704 emlestem
1783 3652 1884 3707 du-

300 3747 477 3800 xisset
508 3760 522 3797 :
558 3755 613 3799 et
666 3744 790 3799 ideo
841 3759 949 3799 non
1005 3744 1109 3798 alia
1149 3726 1428 3809 creatura,
1486 3741 1580 3796 sed
1623 3752 1794 3806 muta,
1830 3752 1888 3796 ut

306 3851 489 3893 mutus
538 3849 686 3892 muta
743 3836 813 3893 ad
854 3848 1066 3891 mutum
1126 3835 1399 3891 duxisset.
1451 3833 1759 3897 uenerant,
1794 3836 1885 3904 qui

302 3932 468 3988 idolis
514 3931 841 3987 adurebant.
883 3928 1121 3983 Herodes
1156 3944 1250 3982 rex
1283 3928 1531 3981 turbatus
1565 3939 1668 3995 est,
1700 3927 1752 3983 id
1777 3938 1883 3991 esr,

303 4041 404 4094 per
434 4024 696 4078 invidiam
727 4038 795 4078 ne
833 4037 892 4078 se
924 4036 1165 4091 suosque
1198 4021 1339 4075 lilios
1383 4029 1743 4089 superasset:
1770 4020 1887 4075 sive

300 4120 606 4172 timuerunt
636 4130 852 4182 omnes,
899 4130 967 4169 ne
1008 4131 1117 4168 non
1172 4114 1278 4168 illis
1334 4115 1473 4169 bene
1519 4123 1669 4169 esset
1698 4111 1739 4166 ³.
1772 4111 1885 4168 Res

292 4209 481 4277 justus
529 4208 657 4263 dum
714 4208 858 4276 apud
922 4220 1101 4275 regem
1165 4207 1411 4285 iniquum
1452 4203 1637 4271 fuerit,
1694 4213 1884 4259 utnon

298 4314 417 4357 tam
452 4302 589 4356 ﬁunt
610 4302 762 4356 cbari
796 4304 936 4370 apud
966 4301 1131 4353 alium
1182 4313 1363 4368 regem
1409 4297 1541 4352 socii
1584 4298 1723 4369 regis
1753 4313 1770 4350 :
1801 4295 1885 4351 vel

294 4398 428 4453 ideo
469 4395 672 4449 turbati
717 4402 848 4447 sunt
883 4404 943 4447 ut
980 4391 1093 4462 regi
1147 4390 1499 4460 placuissent.
1524 4388 1658 4444 ltem
1696 4391 1763 4443 ad
1795 4388 1885 4443 iit-

298 4500 503 4552 teratu,
535 4486 775 4542 turbatio
808 4485 867 4540 lit
924 4485 1084 4540 malis
1135 4482 1381 4539 ostensio
1428 4482 1597 4546 bona,
1622 4491 1676 4536 et
1707 4482 1884 4534 malus

291 4579 496 4632 oculos
533 4577 668 4633 solis
702 4586 825 4631 ortu
856 4577 1127 4630 turbatur.

376 4670 553 4741 (Vers.
584 4669 726 4739 4-7.)
760 4666 825 4722 Et
853 4684 1174 4738 congregans
1203 4682 1382 4722 antiies
1401 4668 1659 4735 principes
1692 4680 1873 4721 sacer—

290 4762 483 4816 dotum
508 4769 555 4816 et
574 4760 776 4815 scribas
790 4759 970 4829 populi
990 4776 1008 4823 ;
1033 4761 1083 4813 id
1100 4769 1209 4821 est,
1226 4773 1473 4827 sperans,
1492 4769 1550 4812 ut
1570 4774 1692 4812 cum
1716 4759 1879 4812 adve-

293 4855 531 4921 nissent,
562 4853 643 4908 vel
663 4853 947 4909 consilium
967 4852 1284 4920 recepisset,
1318 4851 1559 4915 utDeus,
1590 4847 1877 4918 Interroga

286 4956 504 5021 patrem
521 4957 693 5011 tuum,
711 4956 759 5000 et
778 4944 1113 4998 unnuntiubit
1138 4945 1267 5007 tibi;
1292 4945 1521 5012 majores
1552 4951 1696 5008 tuos,
1722 4953 1772 4996 et
1795 4943 1879 4995 di-

288 5048 423 5095 cent
450 5039 543 5091 tibi
567 5037 751 5107 (Deut.
778 5052 951 5101 xxxn,
977 5037 1055 5106 7),
1091 5047 1276 5107 patres
1298 5036 1575 5106 principes
1597 5035 1877 5090 seniorum

284 5142 361 5188 ct
389 5132 618 5187 scribas.
663 5126 764 5183 Ubi
796 5129 1037 5184 Christus
1066 5137 1395 5183 nasceretur.
1420 5131 1540 5183 Non
1579 5127 1737 5189 dixit,
1775 5124 1878 5181 Ubi

266 5276 285 5293 “
378 5291 400 5321 ¹
440 5288 725 5359 Perperam
758 5286 1104 5341 Marttanzeus
1152 5288 1315 5339 donec
1353 5299 1769 5359 pronumguam
1797 5284 1883 5336 die

278 5363 343 5418 ei
354 5371 465 5424 tur,
491 5356 781 5430 subiuncta
807 5361 971 5414 etiam
1000 5360 1346 5430 glossemate,
1374 5356 1511 5423 forte
1526 5356 1835 5430 priusquam
1856 5371 1874 5408 :

277 5445 535 5501 quorum
576 5425 720 5485 istud
768 5425 1104 5488 indusimus,
1158 5429 1288 5481 illud
1341 5440 1480 5480 vene
1522 5425 1744 5479 Ιθιιιοηὶ
1781 5443 1877 5492 pro

282 5516 571 5570 umquam
603 5501 967 5555 restituimus.

380 5564 541 5634 1"Qui
572 5587 667 5639 pro
698 5571 847 5640 quia,
870 5580 924 5621 ct
947 5568 1033 5622 ubi
1064 5568 1342 5637 legebatur
1374 5583 1471 5635 pro
1500 5566 1595 5619 ibi.
1631 5564 1740 5619 Sed
1780 5583 1879 5621 nec

270 5640 638 5709 subsequens
672 5650 962 5696 contextus
994 5640 1205 5692 mendis
1244 5648 1416 5709 caret,
1447 5652 1677 5706 quorum
1706 5641 1872 5690 multa

272 5708 647 5777 stutultntus,
673 5713 908 5765 maxime
939 5708 1399 5771 interpunctiouis
1437 5711 1593 5761 vitia.

370 5781 398 5813 ³
434 5780 731 5850 Legebatur
777 5796 868 5833 nec
926 5796 1029 5831 non
1089 5778 1198 5832 illis
1239 5780 1363 5831 bene
1406 5796 1534 5839 esse,
1580 5778 1709 5839 Rex,
1748 5788 1878 5841 etin.

272 5852 600 5920 cuiusmodi
627 5853 730 5905 alia
776 5854 1025 5911 interius,
1078 5868 1195 5916 qua:
1246 5853 1409 5903 tertio
1459 5867 1544 5919 ειη·
1569 5868 1602 5918 t1
1630 5870 1673 5904 ὐ
1714 5866 1877 5903 xeno

616 5950 885 6008 ΡΑτειοι..
936 5946 1127 6006 XXX.

1999 1990 2206 2058 putavit
2233 1990 2376 2059 quod
2407 1989 2476 2043 ab
2517 1989 2634 2058 ipso
2665 1997 2823 2042 natus
2854 1994 3000 2042 esset
3044 1984 3212 2049 illius,
3255 1982 3336 2038 vel
3370 1982 3437 2037 de
3478 1996 3578 2036 suo

1994 2094 2215 2150 genere.
2454 2074 2462 2081 ’

2068 2173 2251 2246 (Vers.
2280 2175 2337 2237 9,
2366 2173 2479 2241 10.)
2504 2170 2610 2238 Qui
2637 2187 2757 2226 cum
2777 2169 3048 2224 audissent
3080 2183 3281 2239 regem,
3305 2165 3573 2221 abierunt.

1992 2264 2222 2334 Quando
2254 2268 2321 2321 ad
2354 2263 2633 2323 Christum
2663 2262 3017 2333 quaerendum
3053 2260 3239 2325 mittit,
3271 2256 3577 2312 audiendus

1990 2368 2115 2417 est:
2144 2365 2200 2413 et
2228 2356 2445 2428 quando
2489 2357 2557 2413 ad
2588 2370 2649 2412 se
2674 2355 2875 2412 reverti
2909 2353 3089 2425 jubet,
3141 2348 3576 2408 contemnendus

1992 2455 2098 2505 est.
2130 2446 2265 2504 Cum
2292 2447 2436 2503 enim
2463 2445 2800 2505 Salvatorem
2830 2445 2885 2500 in
2907 2444 3077 2499 altum
3101 2441 3349 2506 duceret,
3375 2441 3573 2503 renuit,

1992 2539 2112 2612 ipse
2150 2556 2256 2597 non
2293 2541 2475 2597 renuit
2506 2555 2522 2596 :
2574 2540 2704 2597 dum
2735 2554 2866 2596 vero
2890 2537 3148 2594 deorsum
3175 2535 3403 2592 dimittit
3435 2543 3491 2591 et
3516 2550 3575 2589 se

1992 2636 2224 2690 adorare
2247 2633 2425 2703 jubet,
2463 2635 2740 2690 recusavit
2764 2632 3033 2703 legaliter,
3087 2629 3372 2685 Dominum
3410 2630 3576 2705 Deum

1993 2736 2145 2781 tuum
2185 2725 2439 2783 adorabis
2480 2726 2800 2796 ("all/1.1V,
2839 2724 2951 2795 10),
2979 2735 3035 2779 et
3069 2724 3303 2793 reliqua.
3360 2721 3452 2779 Sic
3499 2722 3573 2779 illi

1991 2828 2252 2872 exeuntes
2272 2817 2425 2872 exire
2446 2818 2647 2881 sciunt,
2672 2818 2850 2873 redire
2868 2816 3137 2872 nesciunt.
3165 2815 3229 2869 Et
3252 2832 3368 2872 ecce
3394 2815 3573 2878 stella.

1990 2926 2150 2980 quam
2173 2910 2436 2977 viderant,
2468 2920 2523 2965 et
2547 2911 2780 2981 reliqua.
2807 2909 3039 2965 Dubium
3061 2910 3119 2963 ﬁt
3145 2909 3232 2965 ubi
3264 2925 3324 2964 se
3344 2909 3575 2967 absentis

1992 3003 2090 3066 dit,
2126 3003 2347 3072 quando
2374 3001 2463 3057 isti
2490 3001 2766 3056 abierunt.
2797 3000 3018 3072 Aliquid
3051 2999 3275 3056 humani
3313 2998 3572 3058 consilii:

1990 3096 2115 3165 quia
2142 3094 2403 3151 Dominus
2421 3097 2767 3150 abscondita
2793 3095 3051 3152 cordibus
3078 3096 3304 3159 nostris,
3330 3106 3392 3149 ut
3408 3096 3573 3151 etiam

1994 3187 2326 3257 iuquiratur.
2351 3186 2540 3253 Stella,
2583 3186 2738 3253 ﬁdes,
2783 3203 2853 3245 an
2888 3187 3021 3245 les?
3065 3186 3429 3255 Compunctio
3450 3203 3575 3257 quae

1994 3291 2094 3331 nos
2123 3276 2272 3332 ducit
2326 3277 2394 3331 ad
2448 3276 2755 3343 Christum,
2812 3274 3172 3335 antecedebat
3202 3292 3325 3344 eos,
3353 3278 3573 3349 quando

1992 3378 2260 3423 venerunt
2306 3370 2375 3423 ad
2433 3368 2739 3436 Christum,
2778 3369 2933 3424 stella
2966 3385 3064 3425 eos
3118 3369 3415 3439 perduxit:
3447 3386 3571 3429 nam

1990 3462 2057 3512 ad
2089 3457 2357 3517 llerodcm
2402 3460 2559 3516 stella
2593 3478 2688 3517 eos
2718 3477 2828 3517 non
2888 3461 3059 3517 duxit.
3093 3462 3337 3519 Heredes
3383 3463 3572 3521 diabo-

1991 3551 2099 3605 lum
2130 3551 2499 3624 signilicabat,
2553 3556 2681 3623 quia
2714 3556 2806 3624 qui
2837 3554 2989 3611 esiet
3041 3555 3109 3609 de
3134 3555 3343 3620 diaboli
3370 3571 3571 3627 sugge-

1989 3645 2190 3712 stione,
2217 3647 2284 3700 ad
2311 3645 2589 3703 Christum
2614 3663 2736 3702 cum
2772 3646 2897 3702 ﬁdei
2928 3646 3085 3703 stella
3118 3648 3284 3703 vadit.
3330 3645 3570 3703 Videntes

1989 3739 2199 3795 stellam
2223 3741 2393 3811 gavisi
2431 3752 2577 3808 sunt,
2614 3756 2668 3799 et
2698 3743 2929 3811 reliqua,
2952 3745 3081 3812 quia
3122 3758 3242 3797 mos
3264 3753 3348 3799 est
3389 3745 3569 3799 omttio

1990 3834 2111 3899 bus,
2146 3835 2453 3903 perditione
2482 3836 2702 3890 inventa
2741 3836 2788 3901 ⁸,
2819 3835 3057 3906 gaudere
3070 3835 3211 3906 ejus.
3231 3836 3358 3891 Ideo
3382 3847 3568 3892 oSIen-

1990 3926 2090 3991 dit,
2114 3935 2170 3981 et
2202 3928 2559 3982 excelsiorem
2615 3942 2871 3998 puerum,
2931 3942 3095 3998 quam
3124 3944 3283 3987 suam
3312 3939 3567 3989 tument.

2063 4017 2243 4089 (Vers.
2270 4020 2383 4091 il.)
2404 4020 2469 4075 Et
2492 4022 2753 4077 intrantes
2780 4022 3019 4090 domum,
3034 4032 3093 4077 et
3110 4024 3317 4093 religas
3340 4041 3355 4079 :
3386 4036 3566 4077 utrum

1990 4116 2207 4169 domum
2229 4129 2299 4168 an
2327 4114 2736 4170 dirersorittm?
2764 4114 2832 4168 Et
2852 4114 3185 4185 procidentes
3211 4116 3567 4173 adornaverat!

1988 4221 2126 4272 eunt,
2173 4218 2302 4261 ante
2353 4206 2565 4262 stellam
2599 4206 2943 4262 adorabant:
2995 4208 3235 4264 cessavit
3288 4219 3565 4269 creatura.

1987 4300 2115 4355 dum
2141 4309 2359 4355 creator
2407 4302 2689 4355 adorator.
2720 4301 2789 4356 Et
2828 4302 3021 4370 apertis
3050 4301 3312 4357 thesauris
3347 4303 3480 4367 suis,
3514 4312 3571 4359 et

1990 4390 2194 4461 reliqua
2225 4407 2241 4447 :
2279 4407 2475 4446 aurum
2516 4393 2651 4464 regi,
2687 4392 2813 4449 llius
2845 4391 2977 4453 Deo.
3015 4406 3198 4463 myrra
3230 4391 3566 4461 sepulcrum.

1993 4482 2186 4540 Utrum
2239 4500 2382 4540 unus
2422 4501 2641 4544 aurum.
2695 4486 2837 4543 alius
2873 4484 3020 4546 titus,
3081 4485 3277 4538 tertius
3329 4500 3566 4555 myrram

1916 4582 1960 4635 ι)
1988 4577 2241 4632 obtulit;
2274 4578 2635 4646 noniscitur:
2686 4590 2759 4630 an
2793 4577 3167 4646 unusquisque
3216 4575 3319 4630 tria
3369 4577 3569 4631 obtuli

1985 4669 2147 4729 dona,
2174 4678 2363 4735 aperte
2395 4685 2502 4723 non
2534 4668 2752 4730 dicitur.
2805 4669 2901 4723 scd
2954 4677 3245 4736 utrumque
3278 4666 3335 4721 in
3370 4658 3562 4735 ﬁgura.

1984 4761 2101 4816 Non
2133 4762 2472 4828 discordant,
2505 4765 2634 4831 quia
2668 4773 2777 4817 tres
2812 4762 2998 4816 ﬁdeles
3043 4776 3213 4816 unum
3236 4772 3386 4823 sunt,
3428 4774 3477 4814 et
3511 4763 3565 4812 in

1986 4871 2152 4911 unum
2184 4867 2370 4911 essent
2424 4865 2539 4911 tres
2594 4856 2830 4923 fructus,
2892 4857 3220 4919 tricesimus,
3262 4853 3566 4920 qualrage-

1984 4948 2178 5012 simus,
2239 4948 2611 5005 centesimus:
2673 4949 2982 5004 tricesimus
3018 4949 3070 5001 in
3106 4947 3209 5001 title
3255 4943 3561 5001 Trinitatis.

1983 5041 2439 5111 qudragesimus
2468 5041 2522 5097 in
2559 5040 2891 5112 perfectione
2921 5040 3152 5095 actualis
3199 5040 3341 5101 vitae,
3377 5045 3560 5087 cente-

1984 5133 2155 5188 simus
2174 5142 2391 5189 merus:
2417 5135 2541 5189 vita:
2554 5132 3035 5204 contemplatione.
3053 5129 3442 5195 Unusquisque
3462 5136 3561 5178 tm

1984 5307 2114 5348 00011
2125 5309 2141 5343 ῐ
2152 5301 2297 5347 runt.

2056 5362 2078 5395 ⁸
2112 5364 2279 5418 Antea
2310 5373 2366 5418 ut
2413 5366 2656 5420 scissent.
2692 5364 2862 5418 Paulo
2891 5367 3013 5431 post
3035 5364 3250 5431 supple
3284 5356 3589 5431 Diultoltts,’

1986 5447 2077 5488 aut
2100 5437 2228 5503 quid
2256 5435 2458 5500 simile,
2484 5439 2574 5491 ubi
2597 5436 2813 5492 dicitur.
2842 5428 2960 5485 cum
2980 5431 3122 5485 enim
3153 5428 3487 5503 Sttltltlldrelll
3508 5429 3560 5479 in

1988 5499 2179 5569 altum,
2211 5518 2342 5571 etc.,
2373 5499 2533 5575 quem
2570 5505 2866 5576 signiﬁcari
2907 5504 3128 5556 nomine
3173 5499 3425 5559 Ilemdm,
3463 5516 3555 5550 au-

1984 5589 2102 5628 Cllil'
2124 5586 2293 5630 notat.

2058 5648 2080 5679 ⁸
2120 5645 2438 5716 Scripserit,
2467 5656 2583 5699 utut
2615 5660 2874 5715 perquam
2893 5645 3148 5716 barbare,
3181 5650 3372 5716 auctor
3393 5657 3501 5710 μυν-
3524 5644 3569 5692 si:

1989 5719 2126 5773 tione
2150 5714 2383 5773 inventa.
2424 5719 2598 5785 Supra
2620 5714 2790 5782 atque
2824 5714 2959 5769 inira
2994 5715 3163 5769 multa
3202 5715 3565 5785 t‘ihllgntlltll‘,

1986 5804 2106 5859 qua!
2130 5802 2290 5843 contu
2315 5802 2563 5843 emOrare
2592 5802 2696 5839 IIOII
2725 5798 2900 5839 vttt'nl.

3246 5943 3316 6006 18
