3956 6196
437 337 544 402 555
577 287 584 294 θ

1376 336 1432 396 S.
1485 334 1926 395 ιιιΕιιΟΝΥΜι
1971 335 2296 395 UPERUM
2343 332 2753 392 MANTISSA.

3574 322 3678 384 5.36

431 448 750 512 alien-bim,
787 465 879 520 per
939 463 1130 503 aurum
1189 449 1578 504 conscientiam
1639 455 1854 517 peram,
1913 463 2007 514 per
2039 463 2081 516 Α
2113 445 2220 499 vuli
2261 445 2425 500 occisi
2483 455 2632 498 sunt.
2682 441 2933 513 Defuncti
2975 449 3096 494 sunt
3143 440 3300 501 enim,
3355 448 3408 490 et
3458 438 3680 504 riliqu...

432 542 559 596 thus
592 543 888 595 orationem
930 551 1150 603 rectam,
1208 557 1302 610 per
1346 555 1584 612 myrram
1628 527 1999 596 mortiﬁcatio-

434 653 553 690 nunt
585 634 1060 688 voluntatis.'ltem
1099 635 1201 688 tria
1232 649 1480 697 munera,
1505 634 1760 700 cogitatio
1794 643 1998 698 saneta,

432 729 654 780 vcrlmnt
687 726 908 790 bonum,
949 735 1002 780 et
1035 742 1170 795 opus
1224 706 1542 795 perfectum.
1582 725 1748 779 Stella
1781 726 1860 778 sic
1904 741 2000 792 ap-

433 817 610 885 paruit
654 824 862 869 tantum
899 817 950 869 in
987 818 1104 884 ejus
1133 817 1434 882 nativitate,
1466 816 1608 870 sicut
1664 816 1916 870 columba
1947 815 2001 869 in

433 908 719 978 baptismo.
753 909 884 964 Nam
919 910 1079 965 stella
1108 913 1326 982 quando
1366 909 1722 965 antecedebat
1753 924 1868 973 eos,
1900 923 2002 962 non

434 999 591 1068 longe
623 1015 653 1054 a
692 1010 858 1056 terra.

505 1092 684 1162 (Vers.
729 1093 842 1162 12.)
880 1093 943 1145 Et
997 1110 1246 1163 responso
1306 1106 1513 1162 accepto
1573 1096 1626 1148 in
1677 1095 1901 1159 somnis,
1951 1100 2008 1148 et

436 1184 660 1254 reliqua.
687 1183 814 1238 Ideo
848 1185 899 1238 in
928 1187 1136 1238 somnis
1163 1184 1320 1239 oculo
1351 1186 1557 1248 clauso,
1585 1194 1642 1238 ut
1675 1184 1838 1238 Deum
1871 1184 2008 1237 invi-

435 1275 645 1331 sibilent
682 1284 736 1328 et
790 1274 1384 1343 inconiprehensibilcm
1417 1276 1727 1340 adorarent,
1763 1282 1818 1327 et
1871 1273 2007 1344 vigi-

437 1370 514 1426 les
572 1386 677 1424 non
741 1370 1055 1440 aperiantur
1105 1368 1245 1422 oeuli
1306 1368 1372 1420 ad
1427 1377 1729 1431 creaturas,
1787 1367 1881 1421 sed
1944 1365 2008 1419 ad

433 1474 758 1518 creatorem.
807 1461 887 1516 Ne
917 1462 1152 1516 redirent
1206 1460 1274 1513 ad
1325 1459 1608 1524 Herodem,
1669 1459 1852 1523 idest,
1893 1468 2012 1528 past

435 1555 810 1625 pmnitentiam
842 1553 905 1605 ad
935 1553 1232 1606 diabolum.
1285 1550 1388 1605 Per
1419 1553 1585 1605 aliam
1644 1553 1779 1604 viam
1823 1550 2012 1604 reversi

439 1655 560 1698 sunt
601 1645 656 1698 in
699 1661 850 1698 suam
899 1645 1185 1715 regionem.
1242 1642 1410 1711 Regio
1456 1642 1738 1711 paradisus
1773 1651 1878 1696 est.
1921 1639 2016 1694 Ille

443 1753 539 1808 per
572 1739 730 1790 aliam
757 1737 900 1791 viam
934 1737 1262 1807 regreditur,
1295 1737 1385 1807 qui
1439 1743 1602 1788 totam
1661 1733 1826 1786 vitam
1863 1749 2012 1788 suam

439 1830 712 1894 emendat,
755 1836 808 1882 et
843 1829 907 1882 de
932 1827 1198 1897 pravitate
1225 1827 1374 1882 venit
1413 1829 1478 1880 ad
1503 1826 1873 1879 sanctitatem.

512 1917 689 1988 (Vers.
723 1918 937 1989 15-15.)
973 1918 1076 1983 Qui
1105 1933 1223 1972 cum
1254 1917 1607 1978 recessissent,
1655 1932 1768 1970 ecce
1802 1913 2016 1983 angelus

450 2013 679 2076 Domini,
707 2023 762 2066 et
796 2011 1025 2080 reliqua.
1055 2008 1299 2075 Gabriel,
1336 2008 1596 2077 fortitudo
1660 2008 1755 2062 Dei
1797 2008 2016 2064 dicitur.

443 2108 673 2174 Dignum
708 2114 824 2156 erat
858 2112 912 2155 ut
947 2102 1322 2156 inﬁrmitatem
1359 2101 1720 2156 humanitatis
1755 2099 2018 2156 fortitudo

447 2202 534 2255 ltei
567 2196 924 2253 confortaret.
958 2195 1022 2249 Et
1043 2194 1201 2249 aliter
1229 2210 1242 2248 :
1281 2193 1405 2262 quia
1444 2201 1570 2247 tunc
1601 2193 1828 2262 angelus
1859 2191 2019 2247 nobis

443 2293 866 2362 appropinquat,
913 2301 1032 2342 cum
1069 2301 1167 2340 nos
1237 2285 1632 2341 recesserimus
1685 2284 1753 2338 ab
1807 2280 2021 2337 Herode

439 2382 676 2436 diabolo.
707 2379 848 2449 Fuge
872 2381 929 2431 in
956 2375 1290 2448 Egi/ptum:
1345 2375 1470 2444 fuga
1523 2375 1803 2429 victoriam
1833 2382 2018 2428 osten-

441 2477 537 2537 dit,
571 2471 860 2528 sicutJesu
891 2469 1038 2524 Nave
1091 2471 1308 2536 quando
1355 2467 1512 2531 dixit,
1561 2464 1784 2520 Dividite
1819 2481 1926 2528 vos,
1969 2476 2020 2518 et

441 2568 510 2619 ite
530 2567 584 2616 in
605 2566 784 2634 fugam
815 2563 982 2617 donec
1012 2562 1145 2615 cives
1185 2559 1331 2629 foras
1354 2567 1564 2620 exeant,
1595 2567 1775 2625 postea
1811 2573 2022 2611 conver~

444 2658 556 2720 tite,
577 2666 623 2709 et
644 2653 858 2707 vincetis
876 2667 960 2705 eos
983 2648 1168 2720 (Josue
1197 2665 1312 2714 vttt,
1365 2649 1507 2717 4-7).
1539 2645 1790 2701 Christus
1816 2648 2021 2715 primus

447 2747 601 2816 fugit,
634 2745 807 2798 donec
839 2748 985 2796 retro
1052 2739 1326 2794 diabolum
1361 2739 1551 2793 vincit.
1603 2737 1694 2792 Sic
1731 2737 1928 2806 Joseph
1966 2739 2020 2790 in

447 2837 678 2908 Egypto
705 2851 736 2890 a
766 2835 981 2889 domina
1014 2847 1111 2887 sua
1149 2831 1288 2903 fugit
1321 2831 1546 2902 inclyta,
1579 2839 1632 2884 et
1672 2830 2018 2900 postmodum

447 2935 562 3000 ipse
580 2941 740 2998 super
760 2923 1051 2996 Egyptum
1079 2939 1171 2977 rex
1195 2923 1317 2978 fuit.
1344 2923 1513 2992 Usque
1535 2924 1657 2975 dum
1681 2923 1850 2974 dicam
1881 2919 1973 2972 tibi
2003 2933 2020 2972 :

447 3022 534 3076 hic
568 3017 805 3074 ostendit
839 3016 982 3086 quod
1021 3030 1125 3070 non
1169 3030 1382 3083 semper
1413 3014 1726 3084 fugiendum
1761 3020 1845 3066 est
1899 3013 2016 3064 dia-

2105 539 2226 592 Ideo
2260 535 2620 606 synecdoche,
2652 550 2778 604 pars
2806 549 2902 604 pro
2959 543 3094 587 toto.

2178 631 2359 698 (γεγε.
2384 629 2500 700 23.)
2541 626 2691 681 Venit
2719 628 2772 680 in
2830 627 3095 679 civitatem
3149 617 3438 685 Nazaretlt.
3475 624 3528 676 id
3581 634 3685 689 νει,

2105 725 2202 792 flos
2235 722 2551 786 munditiw;
2587 730 2768 788 aptum
2815 721 2936 780 fuit,
2975 719 3046 772 ibi
3097 719 3360 784 habitare,
3388 716 3479 785 qui
3531 718 3686 781 dixit,

2106 813 2219 884 Ego
2246 830 2360 866 sum
2386 815 2484 880 flos
2508 812 2680 880 campi
2702 817 2752 864 et
2771 809 2940 864 lilium
2967 809 3289 862 convallium
3319 805 3502 878 (Cant.
3529 825 3584 872 tt,
3613 810 3686 873 1).

2108 904 2430 968 Archelaus,
2451 903 2530 956 leo
2551 903 2889 972 inrestigans,
2918 901 3208 956 Nazarauts
3233 909 3472 957 sanctus.
3501 901 3686 972 Surge,

2108 997 2286 1064 accipe
2307 1012 2525 1066 puerum
2547 1007 2594 1048 et
2631 1004 2850 1048 matrem
2880 993 3018 1063 ejus.
3057 992 3240 1047 Primo
3287 1009 3450 1063 surge
3483 1010 3511 1046 a
3544 1004 3688 1047 terra

2109 1090 2201 1157 qui
2233 1101 2446 1142 terrena
2481 1086 2761 1155 relinquis.
2813 1084 2880 1138 Et
2913 1101 3158 1154 puerum,
3215 1094 3399 1153 postea
3459 1099 3688 1140 matrem

2105 1183 2260 1252 jubet
2290 1181 2560 1250 accipere.
2603 1179 2790 1234 Potius
2825 1178 2992 1233 Deum
3030 1194 3237 1242 amare,
3271 1188 3453 1249 postea
3511 1181 3694 1248 proxi-

2113 1287 2282 1327 mum.
2315 1271 2642 1337 Archelaus,
2676 1270 2922 1338 hmresis,
2959 1271 3049 1341 qui
3085 1285 3144 1326 se
3173 1280 3366 1341 putant
3400 1287 3522 1328 esse
3552 1276 3694 1343 quod

2113 1379 2217 1418 non
2241 1372 2389 1428 sunt,
2420 1372 2472 1418 et
2503 1362 2632 1418 caeci
2658 1376 2802 1418 sunt.
2891 1415 2898 1418 _

2185 1454 2338 1526 (Cap.
2364 1454 2456 1510 ΙΙΙ.
2488 1483 2556 1496 —-
2588 1455 2738 1511 Vers.
2778 1456 2924 1526 1-4.)
2985 1455 3049 1510 1η
3087 1457 3269 1512 diebus
3300 1454 3430 1512 illis.
3479 1454 3600 1509 Non
3631 1455 3696 1508 ad

2117 1561 2296 1617 regem
2322 1546 2650 1602 Archelaum
2682 1547 3004 1615 dicendum,
3034 1549 3129 1604 sed
3164 1564 3193 1604 a
3222 1565 3291 1604 xv
3323 1565 3468 1604 anno
3491 1547 3697 1603 Tiberii

2119 1638 2382 1704 Caesaris;
2441 1641 2563 1708 quia
2602 1641 2652 1693 in
2714 1640 2832 1710 ipso
2886 1655 3032 1696 anno
3097 1641 3298 1696 factum
3333 1652 3414 1695 est
3472 1641 3696 1692 verbum

2122 1730 2334 1784 Domini
2365 1745 2527 1801 super
2559 1729 2843 1796 Joannem,
2902 1744 3026 1788 ante
3072 1733 3371 1797 Christum,
3405 1747 3508 1785 vox
3569 1743 3699 1786 ante

2124 1820 2372 1885 verbum,
2431 1822 2650 1876 lucerna
2701 1833 2829 1878 ante
2883 1823 3077 1890 solem,
3132 1823 3230 1880 llos
3291 1835 3413 1878 ante
3435 1823 3699 1878 fructum.

2127 1912 2498 1966 Pmuitentiam
2520 1915 2737 1983 agite,et
2757 1929 2865 1969 non
2883 1914 3207 1984 operamini,
3223 1915 3348 1984 quia
3370 1929 3536 1984 opera
3555 1914 3702 1969 foras

2123 2020 2348 2074 corpora
2387 2006 2628 2074 dicitur;
2691 2007 2836 2078 agite
2882 2007 3126 2062 interiori
3160 2006 3386 2073 homini,
3426 2009 3495 2062 de
3539 2009 3704 2062 corde

2121 2107 2334 2168 agatur.
2373 2097 2696 2152 Pmnitentia
2730 2113 2857 2152 vera
2891 2109 2996 2164 est,
3035 2100 3237 2154 amissa
3257 2097 3482 2164 deﬂere,
3517 2109 3573 2152 et
3597 2112 3706 2167 pce-

2123 2190 2340 2246 nitenda
2377 2205 2482 2244 non
2535 2191 2898 2248 committere.
2946 2192 3395 2260 Appropinquarit
3446 2193 3589 2245 enim
3633 2209 3706 2246 re-

2122 2298 2280 2352 gnum
2303 2281 2595 2336 caelorum:
2621 2283 2673 2337 id
2697 2293 2804 2347 est,
2839 2284 3192 2352 baptismum,
3228 2283 3314 2338 vel
3345 2284 3705 2354 Evangelium

2122 2371 2352 2436 Christi,
2386 2374 2728 2444 martyrium,
2763 2374 2845 2427 vel
2881 2373 3148 2444 Ecclesia.
3189 2372 3306 2428 Vox
3335 2373 3632 2428 clamantis
3661 2374 3708 2428 in

2123 2465 2328 2518 deserto
2368 2467 2408 2531 ’,
2445 2462 2673 2519 Joannis
2707 2465 2913 2520 Christi
2941 2467 3139 2521 trinum
3179 2467 3232 2519 in
3261 2468 3478 2520 modum
3508 2470 3567 2520 lit
3598 2466 3709 2519 cla-

2125 2571 2262 2620 mor,
2297 2557 2340 2610 si
2373 2556 2528 2626 longe
2554 2567 2640 2613 est
2664 2574 2679 2613 :
2713 2557 2888 2628 Longe
2915 2573 2947 2611 a
2967 2559 3327 2628 peccatoribus
3356 2559 3506 2613 salus
3537 2560 3713 2630 (Psal.

2124 2664 2311 2714 exvnt,
2347 2648 2472 2718 155)
2506 2665 2521 2715 ;
2556 2653 2796 2704 secundo
2827 2651 2893 2703 ad
2919 2651 3166 2717 surdum,
3202 2650 3350 2705 Sicut
3382 2655 3522 2719 aspis
3549 2656 3714 2706 surda

2125 2737 2299 2806 (Psal.
2340 2754 2472 2804 Lvtt,
2517 2738 2596 2808 5),
2653 2749 2706 2794 et
2753 2741 2962 2810 reliqua
2998 2756 3013 2795 :
3055 2742 3214 2797 tertio
3263 2743 3599 2812 indignatur,
3664 2743 3714 2798 id

2124 2839 2226 2895 est,
2246 2832 2549 2901 indignatus
2575 2841 2648 2885 est
2678 2831 2829 2900 furor
2861 2842 2980 2886 tuus
3007 2833 3176 2903 (Psal.
3200 2850 3392 2901 Lutn,
3424 2835 3500 2904 1).
3529 2833 3601 2889 In
3629 2839 3718 2890 αι.

2123 2928 2284 2984 serto,
2306 2921 2356 2975 id
2380 2929 2486 2982 est,
2507 2922 2625 2975 sine
2656 2920 2794 2991 lege,
2822 2923 2939 2976 sine
2967 2939 3112 2993 rege,
3149 2925 3266 2979 sine
3292 2927 3604 2992 sacerdote,
3641 2930 3718 2980 vel

2125 3013 2406 3082 prophetia
2424 3012 2782 3069 erantJudtei.
2803 3011 2871 3068 Ut
2887 3015 2980 3080 qui
2999 3017 3363 3072 amantamico
3381 3019 3715 3088 conjungr-m

447 3113 652 3173 bolum,
705 3119 762 3163 ut
811 3107 1009 3164 Paulus
1043 3108 1319 3178 apostolus
1355 3109 1427 3160 ait
1453 3105 1615 3175 (lino,
1641 3109 1763 3159 Jac.
1796 3119 1868 3169 tv,
1923 3103 1973 3164 7)
2006 3121 2018 3155 :
2047 3148 2089 3202 c
2126 3103 2421 3173 conjugere
2455 3119 2707 3174 sponsam
2747 3122 2763 3160 :
2799 3106 2880 3161 sic
2898 3104 3136 3163 Joannes
3165 3105 3460 3162 Ecclesiam
3492 3109 3719 3166 Christo

445 3200 688 3255 Resistite
717 3197 955 3264 diabolo,
1017 3207 1067 3252 et
1116 3198 1281 3268 fugiet
1347 3216 1378 3250 a
1429 3195 1589 3250 vobis.
1645 3196 1870 3248 Noctem
1934 3195 2020 3248 hic

445 3291 686 3345 ostendit
707 3290 850 3358 quod
885 3289 1094 3342 secessit
1154 3289 1349 3343 litterae
1408 3288 1642 3341 tenebrae
1672 3284 1830 3353 Legis
1878 3285 2018 3353 apud

447 3381 664 3436 Judmos
697 3389 818 3447 post
851 3379 1126 3434 Christum
1161 3393 1332 3446 usque
1364 3379 1547 3432 hodie.
1584 3378 1752 3447 Usque
1783 3375 1848 3428 ad
1885 3393 2022 3429 mor-

451 3485 550 3526 tem
576 3472 842 3526 llerodis:
871 3480 1155 3539 exspectat
1191 3469 1236 3535 ί,
1270 3471 1319 3522 id
1345 3477 1452 3533 est,
1490 3477 1599 3522 tres
1647 3481 1818 3522 annos
1846 3483 1860 3520 :
1897 3482 2024 3536 gen~

455 3567 576 3620 tiles
606 3563 876 3632 signiﬁcat
923 3561 1242 3616 Trinitatem
1279 3563 1606 3616 credituros.
1669 3557 1735 3612 Et
1763 3574 1868 3612 non
1899 3573 2022 3625 per-

453 3658 604 3710 venit
637 3655 900 3720 usquead
952 3661 1203 3708 mortem.
1255 3651 1496 3707 llerodes
1547 3650 1747 3705 iudicat
1789 3647 2022 3716 Judaeos,

453 3751 546 3820 qui
566 3750 632 3802 ad
653 3747 927 3802 Christum
968 3747 1190 3801 veniunt
1216 3754 1337 3814 post
1361 3751 1585 3798 mortem
1624 3743 1814 3797 litterae
1845 3741 2021 3811 chis.

458 3843 542 3896 Ea:
593 3840 829 3911 Egypto
855 3840 1032 3894 vocavi
1081 3838 1251 3908 ﬁlium
1285 3852 1479 3903 meum,
1510 3836 1672 3905 primi
1730 3833 1938 3904 Moyses
1975 3843 2028 3888 et

457 3936 634 3988 Aaron
670 3941 964 4000 provocant
1015 3930 1318 3985 Christum.
1817 3923 1826 3936 ³

529 4024 706 4094 (Vers.
742 4020 954 4091 lli-20.)
993 4020 1138 4074 Tunc
1174 4020 1404 4074 Herodes
1437 4021 1636 4086 videns,
1676 4019 1814 4087 quod
1841 4018 2028 4072 illusus

457 4117 572 4168 sita
601 4115 786 4182 magis.
817 4113 910 4166 Hie
941 4111 1222 4181 prophetia
1255 4111 1531 4180 impletur,
1569 4111 1736 4163 Draco
1768 4111 1864 4163 iste
1879 4125 2029 4179 quem

461 4207 706 4277 {armasti
730 4205 798 4258 ad
829 4204 1157 4258 illudeudum
1174 4205 1271 4258 eis.
1295 4202 1364 4262 Et
1391 4205 1551 4256 mittit
1573 4214 1620 4258 et
1647 4204 1838 4256 occidit
1856 4218 2030 4256 omnes

460 4313 670 4368 pueros,
712 4309 769 4352 ut
802 4315 980 4367 regem
1015 4312 1198 4352 natum
1237 4298 1546 4352 inveniret:
1580 4299 1666 4351 hic
1701 4299 1818 4366 plus
1849 4296 2034 4351 illudi-

466 4408 575 4460 tur,
631 4407 770 4464 quos
819 4392 1120 4446 exstinctos
1175 4389 1399 4460 putavit,
1448 4388 1597 4442 vivos
1635 4389 1686 4441 in
1721 4385 2031 4455 paradisum

463 4487 632 4539 misit.
670 4487 708 4537 Α
744 4484 945 4536 bimatu
979 4492 1029 4536 et
1074 4481 1241 4550 infra,
1275 4482 1327 4535 id
1357 4489 1457 4546 est,
1493 4483 1562 4534 ab
1587 4494 1729 4532 anno
1756 4479 2030 4548 praeterito
2068 4493 2110 4545 ο

461 4589 515 4630 i-t
545 4578 811 4645 sequenti,
844 4575 967 4644 quia
994 4573 1233 4628 infantiae
1257 4586 1452 4626 nomen
1480 4584 1748 4624 annorum
1777 4573 2028 4622 duorum.

472 4668 582 4724 Vox
612 4670 665 4722 in
692 4667 887 4733 Roma,
920 4678 970 4721 et
999 4665 1229 4736 reliqua.
1269 4663 1470 4719 Rachel
1510 4662 1900 4732 interpretatur
1925 4663 2033 4716 ovis

459 4763 636 4816 videns
699 4760 906 4815 Deum:
967 4759 1138 4813 Bama
1182 4759 1436 4814 excelsus.
1487 4755 1712 4820 Rachel,
1769 4755 2033 4821 Ecclesia,

462 4871 582 4924 quae
604 4855 780 4924 plorat
810 4855 861 4908 in
899 4853 1038 4908 valle
1073 4854 1456 4925 lacrymarum,
1499 4864 1635 4919 quos
1656 4847 1912 4919 perdidit,
1941 4847 2034 4917 qui

465 4961 594 5002 ante
619 4955 1002 5016 peccaverunt,
1039 4947 1106 5000 de
1160 4943 1360 5016 quibus
1401 4957 1508 4997 non
1559 4942 1674 4995 vult
1725 4940 2033 5005 consolari,

463 5042 588 5108 quia
620 5057 726 5093 non
759 5050 884 5093 sunt
914 5037 1230 5092 Christiani.
1273 5036 1476 5090 Rachel
1509 5046 1678 5089 mater
1710 5034 1815 5087 fuit
1850 5032 2038 5102 Benja-

471 5135 604 5198 min,
635 5133 750 5185 sive
777 5131 904 5199 quia
935 5130 1006 5182 ibi
1049 5141 1263 5184 mortua
1297 5139 1380 5182 est
1409 5137 1462 5181 et
1513 5127 1746 5196 sepulta,
1783 5126 1872 5179 ubi
1909 5139 2036 5194 par-

534 5354 550 5384 ί
599 5351 954 5406 lteStituimns
1007 5362 1281 5418 utcunque
1322 5365 1577 5413 sensum,
1644 5366 1754 5417 quo
1824 5351 2042 5411 pellitus

459 5422 756 5491 .‘llartianmi
797 5425 960 5475 editio
988 5422 1250 5476 carebat:
1309 5438 1328 5471 ί
1370 5421 1592 5474 Noctem
1657 5428 1758 5491 hic,
1800 5423 2042 5491 ostendit

460 5489 602 5562 quod
637 5493 866 5547 secessit
891 5494 1087 5545 littera:
1138 5493 1370 5562 lene-bra:
1414 5491 1573 5560 legis.
1608 5489 1763 5558 Apud
1823 5490 2041 5562 Jndteos

467 5560 590 5629 post
617 5561 892 5616 Christum
920 5577 1089 5630 usque
1109 5561 1290 5626 hodie,
1319 5576 1490 5628 usque
1519 5562 1581 5612 ad
1609 5571 1838 5613 mortem
1874 5560 2040 5613 Hero-

465 5634 549 5684 dis
583 5643 887 5699 esspectas,
931 5650 948 5681 ι
1006 5641 1116 5684 etc.
1189 5632 1244 5683 In
1293 5631 1644 5699 sequentibus
1700 5630 1904 5684 leviora
1937 5632 2040 5683 alia

468 5715 605 5765 pene
633 5702 911 5752 innumera
952 5704 1306 5769 castigantur.

538 5770 556 5797 ²
593 5772 768 5838 Atque
831 5773 942 5824 h.ec
1017 5787 1233 5838 nurum,
1295 5787 1456 5840 quam
1511 5773 1797 5842 depravata
1857 5783 2032 5825 erant.

2126 3195 2428 3264 conjunxit.
2453 3196 2581 3250 ideo
2610 3195 2819 3253 amicus
2844 3196 3028 3266 sponsi
3052 3196 3269 3253 dicitur.
3289 3196 3528 3253 Joannes
3549 3201 3720 3256 habe-

2125 3288 2214 3339 bat
2247 3295 2448 3339 vestem
2477 3285 2543 3339 de
2582 3287 2704 3354 pilis
2725 3287 3080 3352 camelorum,
3102 3287 3290 3357 ipsein
3325 3290 3533 3362 jejunio
3553 3302 3718 3347 natus

2125 3384 2227 3443 est,
2249 3387 2303 3430 et
2325 3377 2824 3434 habebatvcstitum
2853 3391 2906 3435 et
2924 3382 3100 3436 cibum
3118 3381 3308 3451 jejunii
3333 3401 3348 3450 ;
3377 3394 3558 3451 aptum
3593 3387 3715 3451 fuit,

2125 3473 2250 3527 dum
2285 3473 2660 3542 paenitentiam
2697 3475 2903 3542 docuit,
2935 3487 2991 3530 ut
3016 3478 3168 3545 prius
3233 3479 3284 3531 in
3318 3494 3376 3534 se
3428 3479 3711 3548 impleret,

2129 3577 2184 3615 nt
2213 3565 2391 3616 omnis
2423 3564 2513 3632 qui
2544 3565 2766 3618 verbum
2794 3567 3078 3636 prmdieat,
3111 3571 3360 3638 exemplo
3392 3571 3711 3627 conﬁrmet.

2131 3654 2395 3708 Vestitum
2423 3654 2651 3710 Joannis
2683 3658 2751 3710 de
2787 3659 3088 3727 camelotis,
3113 3661 3389 3730 signiﬁcat
3411 3661 3715 3718 Ecclesiam

2129 3747 2392 3814 gentium,
2421 3747 2501 3804 vel
2535 3749 2756 3806 divitias
2781 3766 2993 3818 eorum,
3023 3768 3160 3823 quos
3190 3754 3442 3810 Christus
3470 3756 3721 3826 collegit,

2129 3849 2182 3893 et
2214 3838 2275 3894 lit
2300 3840 2568 3896 Ecclesia.
2626 3840 2795 3908 Zona,
2829 3845 2883 3899 id
2912 3853 3016 3912 est,
3054 3846 3402 3902 mortiﬁcatio
3431 3849 3722 3903 vitiorum:

2131 3935 2269 3987 circa
2296 3934 2520 3999 lumbos,
2561 3935 2611 3989 id
2653 3948 2758 4002 est,
2815 3938 2937 4007 quia
2969 3939 3041 3994 ibi
3079 3952 3162 3994 est
3199 3939 3488 3995 l'ornicatio
3511 3943 3618 3996 viri
3671 3956 3723 3995 et

2134 4027 2420 4080 mulierum
2457 4026 2508 4080 in
2544 4027 2822 4084 umbilico.
2861 4026 3054 4082 Eccam
3095 4031 3208 4100 ejus
3236 4030 3473 4092 locustcc,
3525 4033 3699 4085 miser

2135 4117 2285 4170 rimae
2310 4132 2436 4172 aves
2471 4124 2622 4178 sunt,
2659 4121 2953 4174 ostendunt
2981 4120 3220 4187 Judams,
3281 4121 3372 4190 qui
3407 4136 3532 4174 sunt
3567 4122 3723 4175 litte-

2135 4221 2251 4260 ram
2273 4205 2410 4276 legis
2436 4207 2510 4261 uti
2544 4208 2765 4262 locustae
2789 4227 2803 4274 ;
2839 4209 2938 4262 mel
2964 4208 3217 4274 silvestre,
3241 4209 3507 4280 signiﬁcat
3531 4214 3726 4266 dulces

2135 4313 2415 4354 sermones
2450 4297 2568 4364 Dei,
2605 4299 2687 4354 vel
2714 4297 2931 4355 Judzeos
2963 4302 3055 4369 qui
3091 4311 3452 4371 susceperunt
3501 4303 3724 4358 dulcem

2141 4389 2605 4459 praedicationem,
2636 4403 2689 4447 et
2724 4405 2987 4448 venerunt
3023 4394 3087 4448 ad
3125 4393 3430 4447 Christum.

2211 4482 2390 4554 (Vers.
2425 4485 2503 4553 5.)
2543 4483 2687 4538 Tunc
2715 4484 2889 4539 exibat
2916 4489 2986 4539 ad
3042 4502 3159 4540 cum
3213 4485 3614 4555 Hierosolyma,
3672 4497 3726 4542 et

2139 4572 2367 4640 reliqua.
2388 4573 2440 4626 ld
2467 4584 2570 4640 est,
2593 4573 2745 4629 Judae
2771 4583 2938 4638 terra,
2955 4590 3052 4644 pro
3076 4574 3468 4630 habitatoribus
3491 4575 3725 4630 dieitur.

2137 4664 2494 4738 Jerosolyma,
2524 4671 2654 4724 visio
2685 4672 2856 4740 pacis,
2917 4671 3118 4726 indicat
3171 4672 3445 4740 paciﬁcos,
3513 4675 3610 4740 qui
3657 4677 3726 4725 ad

2138 4759 2417 4814 Christum
2470 4767 2696 4818 veniunt
2735 4780 2832 4834 per
2869 4766 3296 4820 confessionem.
3351 4763 3635 4826 Jordanis,
3672 4767 3723 4818 id

2149 4863 2250 4919 est,
2286 4853 2574 4920 descensio,
2609 4858 2876 4927 signiﬁcat
2903 4861 3295 4914 descendentes
3329 4860 3380 4911 in
3410 4858 3729 4915 humilitate

2146 4945 2211 4997 ad
2227 4945 2526 5001 Christum.

2212 5035 2392 5108 (Vers.
2423 5039 2503 5108 6.)
2537 5037 2604 5091 Ει
2638 5039 3050 5108 baptizabantur
3075 5040 3130 5092 in
3175 5038 3435 5094 Iordane.
3467 5039 3728 5096 Ostendit

2143 5133 2267 5200 quia
2299 5145 2393 5199 per
2427 5132 2832 5184 descensionem
2867 5131 3104 5184 humiles
3137 5142 3400 5185 venerunt
3423 5136 3489 5184 ad
3541 5133 3726 5200 bapti-

2151 5376 2168 5407 α
2210 5358 2270 5410 In
2327 5357 2541 5411 deserto
2598 5356 2825 5412 Joannis
2877 5357 3080 5424 Christi
3137 5357 3337 5412 trinum
3407 5355 3623 5410 modum
3667 5357 3728 5408 lit

2143 5433 2348 5480 clamor
2381 5466 2394 5479 .
2431 5467 2444 5480 .
2477 5465 2491 5481 .
2521 5467 2534 5480 .
2565 5431 2796 5481 secunda
2832 5445 2858 5479 a
2906 5431 3150 5490 surdum,
3187 5428 3230 5481 si
3276 5441 3397 5479 cum
3429 5429 3579 5494 aSpis
3603 5441 3728 5479 sur-

2147 5497 2272 5559 da,»
2309 5507 2414 5551 etc.
2438 5512 2585 5560 mox,
2614 5517 2631 5548 ι
2660 5511 2812 5551 erant
2835 5497 3030 5564 Judaei,
3055 5508 3108 5551 et
3131 5502 3221 5567 qui
3247 5501 3666 5567 amoreamico,
3700 5514 3719 5545 ι

2145 5578 2273 5627 etc..
2308 5576 2364 5619 nt
2405 5569 2538 5620 nihil
2573 5570 2638 5621 de
2674 5568 2796 5620 aliis
2852 5565 3307 5634 ittterpuncilonis
3362 5565 3512 5620 vitiis
3564 5577 3728 5632 atque

2151 5636 2548 5704 orthographia:
2605 5641 2802 5701 dicam,
2857 5650 2908 5690 et
2941 5651 3060 5705 qua:
3117 5644 3432 5705 contextum
3501 5649 3722 5690 omnem

2154 5703 2518 5774 pertertcbat,
2553 5718 2606 5759 et
2635 5721 2879 5769 sensum,
2912 5703 3053 5760 nulla
3087 5711 3374 5762 verborum
3401 5703 3722 5776 Scriptura,

2151 5792 2269 5843 qth
2305 5790 2669 5844 exponuntur,
2713 5776 3007 5830 distinctio.
