3934 6188
254 325 363 405 ssi

1179 325 1590 406 e'xrom‘to
1635 344 1710 406 IV
1751 343 2124 406 EVANGEL.
2170 319 2639 404 ituraeos.

3415 325 3523 400 sas

249 470 453 511 smum.
484 454 810 524 Conﬁtentes
833 430 1048 522 peccata
1077 471 1172 510 sua
1198 473 1215 519 ;
1249 456 1488 511 ostendit
1517 455 1658 523 quod
1685 471 1844 523 opor-
1874 463 1916 512 Α
1945 455 2174 516 stitiam,
2209 464 2262 508 et
2293 456 2523 524 reliqua,
2562 455 2612 506 id
2638 461 2739 517 est,
2771 452 2941 522 legem
2972 459 3200 515 naturae,
3236 450 3319 506 vel
3353 451 3519 521 legen-

249 557 330 603 tet
361 545 609 602 conﬁteri
641 557 884 616 peccata,
939 555 1232 616 antequam
1292 547 1356 600 ad
1393 546 1832 599 communionem

248 640 453 695 veniat.
496 640 776 702 Pharisa'i,
816 640 866 692 id
919 648 1023 702 est,
1059 639 1238 702 divisi,
1300 639 1381 691 vel
1435 637 1716 692 Sarabataa
1743 654 1834 691 vo-

247 741 466 798 cantur,
500 729 772 800 Satlucsei,
799 729 1081 794 iustiﬁcati
1107 735 1250 797 apud
1275 731 1618 798 semctipsos.

323 819 507 892 (Vers.
542 820 595 886 7,
633 819 709 889 8.)
750 818 814 871 Et
849 819 985 872 dixit
1024 819 1124 883 eis,
1177 816 1458 887 Progenies
1510 818 1832 884 viperarum.

249 911 402 968 Idem
438 927 706 966 venenum
744 912 797 964 in
838 911 1022 979 lingua
1053 919 1260 964 tantum
1295 919 1417 976 est;
1451 924 1576 963 nam
1614 909 1837 978 patrici-

250 1006 354 1060 das
408 1015 463 1060 et
516 1005 837 1059 matricidas
885 1006 1101 1074 viperas
1154 1004 1431 1073 pharisaei,
1481 1011 1538 1056 et
1597 1001 1834 1056 saductei

251 1095 510 1152 simulant
541 1096 633 1164 qui
670 1106 900 1149 matrem
949 1110 1104 1148 suam
1146 1110 1502 1166 synagogam,
1550 1101 1604 1148 et
1651 1103 1834 1160 patres

196 1171 205 1258 ξ
245 1199 303 1243 et
327 1188 618 1258 prophetas
648 1187 994 1243 occiderunt.
1047 1185 1180 1250 Quis
1235 1187 1615 1242 demonstravit
1663 1187 1834 1246 vobis,

249 1233 617 1258 μνη-,νηηη
652 1233 994 1243 ν---η---νη
1050 1233 1178 1250 ...κη
1236 1233 1611 1242 "um-"mm
1666 1233 1831 1246 --ν-η

179 1233 203 1402 ι
246 1289 306 1334 et
341 1280 585 1346 reliqua:
629 1279 681 1332 id
717 1285 822 1342 est,
854 1279 994 1348 quis,
1029 1293 1134 1331 non
1187 1293 1284 1344 pro
1316 1279 1708 1348 possibilitate,
1739 1278 1831 1331 sed

249 1387 350 1402 ...Α
380 1371 696 1402 ,ΗΜΛ-,Ιιηολ
758 1372 885 1402 ,1....ι
929 1371 1132 1402 ,Ηιιῖιηιι
1195 1370 1354 1402 (nnis.
1391 1371 1592 1402 ruunt-na
1651 1370 1808 1402 lanula.

246 1387 351 1442 pro
379 1371 719 1434 diﬂicultate,
757 1372 886 1425 dum
929 1371 1152 1434 dicitur,
1191 1370 1354 1438 facite
1387 1371 1592 1441 fructus
1649 1370 1832 1432 bonos.

251 1465 304 1518 id
340 1472 450 1529 est,
485 1465 739 1530 deponite
772 1478 934 1516 omne
966 1463 1154 1517 vitium
1188 1478 1204 1529 ;
1244 1464 1329 1518 vel
1386 1464 1548 1534 [adite
1602 1466 1833 1535 fructum

246 1558 470 1628 dignum
497 1556 840 1624 paenitentiae,
881 1554 934 1610 id
961 1565 1062 1620 cst,
1099 1557 1189 1622 qui
1217 1556 1380 1612 habet
1434 1557 1569 1611 duas
1603 1561 1833 1622 tunicas,

245 1651 344 1704 dct
370 1665 478 1704 non
507 1648 724 1704 habenti
752 1664 768 1704 :
795 1648 887 1718 qui
920 1647 1049 1702 facit
1105 1648 1317 1714 illicite,
1370 1650 1440 1703 ab
1481 1649 1680 1703 illicitis
1711 1652 1835 1702 abs-

249 1743 452 1797 tineat.

315 1832 504 1900 (Vera.
535 1834 614 1904 9.)
640 1834 818 1890 Potest
843 1834 988 1890 Deus
1009 1851 1040 1888 a
1063 1833 1325 1904 lapidibus
1348 1835 1487 1900 istis,
1516 1845 1571 1890 et
1601 1835 1828 1905 reliqua.

246 1925 486 1994 Lapides
533 1937 714 1989 erant,
752 1927 876 1995 quia
937 1927 1146 1996 lapides
1194 1927 1467 1988 colebant.
1500 1927 1595 1982 sed
1648 1928 1832 1996 plures

247 2019 374 2072 inde
409 2019 478 2072 ad
507 2019 710 2073 Christi
749 2019 909 2074 [idem
943 2027 1232 2073 venerunt.
1266 2018 1325 2073 ld
1354 2029 1461 2083 est,
1519 2019 1727 2089 lapides
1757 2019 1831 2074 si-

245 2112 482 2174 mulant,
508 2112 634 2182 quia
666 2113 820 2180 pravi
855 2123 909 2166 et
968 2112 1086 2166 duri
1117 2121 1174 2167 et
1229 2111 1410 2182 frigidi
1446 2114 1498 2166 in
1524 2111 1629 2167 ﬁde
1682 2122 1827 2167 sunt.

246 2204 463 2257 Securis
493 2205 667 2273 posita
691 2212 794 2270 est,
843 2202 896 2257 id
927 2215 1033 2268 εει,
1067 2203 1437 2273 Evangelium,
1471 2205 1540 2257 ad
1594 2205 1827 2258 radicem

244 2295 520 2359 arborum,
551 2295 601 2349 id
627 2305 730 2358 est,
767 2293 991 2350 Judaeis.
1028 2295 1252 2350 Securis
1284 2312 1348 2349 ex
1411 2297 1556 2350 ferro
1600 2309 1653 2350 et
1685 2299 1831 2368 ligno

245 2399 505 2442 constat:
543 2389 622 2442 sic
655 2387 908 2442 Christus
942 2403 1008 2442 ex
1035 2388 1323 2442 divinitate
1357 2399 1410 2443 et
1446 2389 1783 2443 humanitate
1812 2405 1826 2446 :

246 2481 486 2545 radices,
522 2480 926 2549 cogitationes:
958 2479 1239 2544 arborum,
1293 2490 1642 2550 peccatorum
1677 2489 1720 2545 ;’
1750 2482 1827 2535 vel

248 2575 462 2628 radices
491 2571 607 2637 lilii,
636 2574 914 2635 arborum,
961 2583 1268 2642 parentum.

317 2661 498 2732 (Vers.
533 2662 642 2731 10.)
677 2662 864 2718 Omnis
906 2664 1086 2726 arbor,
1137 2666 1227 2732 qui
1283 2678 1382 2717 non
1410 2661 1542 2732 facit
1596 2665 1827 2733 fructum

244 2758 465 2816 bonum,
497 2757 775 2810 excidetur
800 2771 820 2810 :
877 2756 927 2810 id
961 2764 1063 2820 est,
1123 2757 1394 2811 dividetur
1455 2757 1522 2810 ab
1560 2757 1826 2812 Ecclesia.

246 2849 312 2902 In
347 2850 518 2920 ignem
563 2851 821 2912 mittetur,
883 2850 933 2903 id
966 2858 1072 2912 cst,
1130 2849 1182 2902 iu
1222 2849 1310 2902 die
1342 2848 1556 2917 jtttlicii.
1613 2848 1830 2903 Fortior

245 2958 326 2994 me
359 2952 481 2996 est:
513 2943 565 2995 id
592 2949 693 3006 est,
733 2957 838 2996 non
868 2942 1045 2996 solum
1074 2943 1140 2995 de
1165 2939 1397 3006 J0aune,
1431 2942 1524 2996 sed
1561 2943 1626 2995 de
1655 2943 1829 2996 omni-

244 3035 345 3086 lms
401 3035 602 3088 fortior
651 3043 735 3088 est
795 3033 1090 3089 Christus:
1157 3035 1279 3087 idco
1332 3032 1554 3095 fortior.
1609 3037 1736 3104 quia
1773 3035 1824 3090 in

1943 548 2156 610 litterm,
2201 549 2323 615 quia
2385 562 2500 600 mos
2545 547 2646 599 fuit
2711 547 2761 598 in
2793 547 2875 599 eis
2928 543 3176 598 seniores
3229 544 3516 598 honorare.

1940 639 2278 705 Baptismum
2328 638 2553 692 Christi.
2588 637 2656 692 Ut
2684 652 2788 691 non
2823 636 3101 691 diﬂerreut
3134 637 3464 705 baptismum
3489 640 3517 712 "

1937 726 2169 782 Joannis
2223 731 2291 781 de
2351 728 2622 798 baptismo
2673 728 2903 785 Christi.
2935 728 3073 795 Quia
3104 742 3245 797 aqua
3278 728 3419 782 lavat
3467 743 3515 784 et

1940 821 2278 888 exstinguit;
2332 821 2454 875 idco
2511 831 2608 890 per
2659 833 2831 889 aquas
2884 819 3213 889 baptismum
3271 819 3408 875 fuit:
3449 822 3520 874 ita

1937 907 2180 965 Joannes
2209 912 2354 966 lavat
2380 921 2433 966 et
2479 909 2779 978 exstinguit
2833 919 3144 980 peccatum,
3203 911 3442 967 viviticat
3469 926 3523 966 et

1937 1000 2100 1054 satiat
2129 1004 2148 1034 ⁸
2179 1019 2192 1056 :
2225 1003 2296 1056 ita
2352 1003 2652 1071 baptismus
2703 1007 2859 1059 mari.
2885 1004 2949 1057 Et
2974 1005 3099 1072 quia
3153 1006 3360 1058 duobus
3389 1005 3520 1059 subs

1945 1093 2166 1146 stantiis
2227 1093 2572 1164 baptizantur
2602 1137 2616 1162 ,
2658 1096 2709 1150 id
2756 1107 2858 1162 est;
2893 1112 3031 1166 aqua
3060 1106 3116 1151 et
3141 1113 3238 1150 vox
3269 1101 3524 1152 saccrtloo

1941 1185 2029 1249 tis,
2097 1185 2362 1240 visibilem
2417 1196 2470 1240 et
2531 1188 2885 1252 invisibiletn,
2919 1203 3122 1257 corpus
3151 1198 3204 1243 et
3261 1191 3520 1243 animum.

1938 1277 2184 1330 Ascendit
2211 1278 2274 1331 de
2302 1293 2465 1348 aqua,
2515 1281 2811 1350 signiﬁcat,
2877 1291 3064 1347 postea
3100 1284 3396 1336 ascendere
3431 1297 3525 1349 per

1940 1370 2081 1423 bona
2108 1385 2298 1440 opera,
2329 1380 2386 1424 et
2416 1375 2586 1440 gradu
2624 1371 2950 1427 humilitatis
2985 1374 3357 1428 descendere:
3395 1377 3522 1442 quin

1935 1461 2192 1516 Iordanis
2219 1463 2484 1516 descensio
2514 1462 2740 1518 dicitur.
2773 1461 2908 1518 Ecce
2945 1466 3114 1532 aperti
3145 1475 3268 1518 sunt
3299 1465 3435 1528 mli,
3469 1468 3522 1520 id

1937 1564 2044 1618 est,
2075 1555 2405 1623 baptismum
2437 1557 2713 1612 ostendit:
2769 1555 2966 1610 caelum
3015 1567 3259 1626 apertqu
3290 1569 3373 1612 est
3403 1562 3526 1613 uui-

1940 1649 2136 1717 Cuique
2185 1657 2307 1718 poSt
2360 1649 2581 1718 culpam
2638 1649 2790 1703 Ade.
2846 1647 2917 1703 Et
2976 1650 3105 1703 uidit
3159 1651 3406 1719 spiritum
3433 1650 3526 1706 de-

1939 1740 2270 1794 scendentem
2324 1741 2460 1794 sicut
2533 1739 2879 1794 coluntbam:
2946 1741 3189 1796 ostendit
3265 1742 3413 1810 quod
3471 1742 3524 1796 in

1942 1833 2113 1886 forma
2136 1832 2406 1888 columba:
2433 1843 2665 1898 tantum,
2693 1835 2819 1902 quia
2848 1835 2917 1889 ab
2937 1847 3062 1888 aere
3085 1833 3308 1903 spiritus
3325 1845 3524 1906 corpus

1940 1925 2194 1994 accepit:
2224 1925 2525 1979 similitudo
2558 1926 2822 1980 columbas
2851 1927 2918 1980 ad
2958 1928 3058 1981 hoc
3089 1925 3230 1982 facta
3261 1938 3366 1990 est,
3397 1943 3525 1982 nam

1939 2028 2099 2070 antea
2133 2032 2238 2070 non
2292 2016 2412 2073 fuit.
2472 2019 2601 2073 Ideo
2651 2021 2704 2072 in
2759 2020 3009 2074 colmnba
3049 2021 3194 2074 venit
3219 2023 3443 2090 spiritus
3469 2024 3522 2074 in

1939 2111 2242 2172 Christum.
2285 2113 2412 2180 quia
2465 2112 2580 2166 avis
2614 2113 2762 2167 mitis
2797 2124 2920 2166 est:
2959 2112 3034 2165 ita
3063 2111 3317 2168 Christus
3378 2114 3524 2166 suits

1939 2201 2056 2254 sine
2091 2203 2324 2257 macula.
2373 2201 2506 2256 Nam
2557 2205 2712 2258 aliter
2765 2215 2974 2272 septem
3008 2205 3207 2276 ﬁguras
3238 2205 3400 2259 habet
3431 2219 3524 2259 co.

1939 2289 2145 2354 lumba,
2176 2293 2508 2361 septiformis
2532 2293 2768 2363 Spiritus
2792 2297 3162 2366 signiﬁcatur;
3195 2307 3248 2351 et
3279 2299 3402 2352 ideo
3425 2301 3521 2368 per

1937 2383 2245 2438 columbam
2274 2387 2421 2438 venit
2445 2387 2672 2454 spiritus
2697 2387 2747 2441 in
2771 2387 3011 2454 Christo,
3049 2392 3190 2445 sicut
3218 2392 3370 2445 stella
3401 2408 3523 2460 qua:

1939 2489 2039 2530 nec
2069 2490 2228 2530 antea
2264 2479 2387 2543 fuit,
2438 2495 2536 2534 nec
2571 2491 2776 2549 postea.
2838 2480 2931 2537 Vel
2961 2483 3082 2538 ideo
3132 2485 3258 2554 quia
3291 2485 3435 2540 ﬁlius
3463 2487 3516 2538 lu

1939 2583 2186 2638 corpore,
2214 2571 2340 2640 quia
2369 2573 2506 2629 sicut
2534 2589 2640 2627 non
2667 2575 2971 2643 potuissent
2999 2579 3244 2634 homines
3284 2595 3523 2649 prtesvu-

1942 2659 2068 2714 tiam
2099 2661 2218 2715 Filii
2247 2661 2340 2717 Dei
2375 2664 2650 2719 sustinere
2681 2667 2801 2720 sine
2829 2682 3059 2736 corpore
3086 2686 3100 2721 :
3139 2670 3211 2720 ita
3243 2685 3342 2724 nec
3364 2671 3523 2738 Spit-l-

1940 2761 2051 2806 tum
2086 2754 2205 2810 sine
2233 2755 2495 2812 columba:
2540 2761 2720 2824 Specie
2748 2761 3159 2814 SustiuuiSScut.
3193 2761 3304 2814 Cur
3354 2775 3520 2830 super

1939 2845 2215 2911 apostolos
2248 2847 2300 2900 in
2331 2848 2478 2918 igne,
2510 2857 2565 2902 et
2593 2849 2816 2904 Christo
2850 2852 2901 2904 in
2959 2851 3234 2918 columba,
3273 2852 3339 2906 ad
3373 2854 3521 2907 liue-

1940 2951 2054 2990 ram
2086 2937 2373 2992 dicendum
2403 2944 2722 2996 ostendunt.
2765 2940 2832 2994 Et
2863 2958 2964 2995 vox
2989 2945 3054 2996 de
3082 2945 3242 3003 caelis,
3285 2945 3373 2998 hic
3399 2944 3518 2997 Tris

1941 3029 2082 3083 nitas
2111 3039 2480 3100 comparatur.
2531 3032 2643 3086 Vox
2678 3033 2854 3088 Patris
2890 3033 3083 3087 Filium
3113 3035 3264 3095 dicit,
3296 3038 3518 3105 Spiritus

243 3127 456 3196 spiritu
486 3139 678 3182 sancto
725 3135 779 3181 et,
854 3128 936 3194 in.
973 3127 1093 3196 igne
1147 3127 1402 3194 baptizat,
1461 3125 1826 3182 calciamenta
1859 3163 1900 3220 Ο
1940 3134 2037 3186 per
2066 3120 2396 3174 columbam.
2429 3120 2530 3176 Hic
2553 3131 2627 3176 est
2653 3121 2827 3176 Filius
2849 3139 3017 3187 meus,
3050 3135 3098 3174 et
3122 3125 3362 3192 reliqua:
3390 3128 3515 3194 quia

239 3230 478 3284 portare,
516 3220 636 3272 ideo
669 3233 772 3272 nou
808 3233 1026 3288 possum
1081 3217 1516 3273 incarnationem
1563 3218 1683 3288 ejus
1716 3219 1830 3289 ple-

241 3330 364 3365 ltlllS
400 3328 684 3366 enarrare.

312 3404 494 3474 (Vers.
531 3406 616 3469 il,
649 3405 761 3472 ιε.)
799 3403 919 3475 Ipse
968 3420 1057 3459 vos
1093 3402 1387 3472 baptizabit
1436 3403 1554 3472 igne
1578 3419 1596 3456 :
1633 3403 1682 3456 id
1719 3415 1822 3467 est,

238 3500 292 3551 in
327 3497 562 3565 judicio,
590 3499 670 3551 vel
696 3500 748 3552 in
781 3497 984 3567 Spiritu
1015 3506 1204 3552 sancto
1223 3505 1276 3549 et
1303 3495 1446 3564 igne.
1471 3495 1636 3562 Cujus
1663 3497 1828 3550 venti-

237 3591 478 3654 labrutn,
513 3601 568 3644 et
621 3591 851 3660 reliqua,
904 3590 955 3642 id
990 3598 1093 3652 est,
1145 3589 1353 3658 justum
1412 3587 1728 3657 judicium;
1769 3589 1823 3640 in

233 3698 423 3747 manu,
461 3681 512 3734 id
544 3693 651 3745 est,
690 3682 741 3735 in
768 3689 1038 3750 poteSIate
1068 3695 1164 3734 sua
1193 3695 1208 3744 ;
1240 3695 1389 3744 area,
1451 3682 1502 3733 id
1527 3690 1631 3741 est,
1667 3696 1824 3732 mnu-

230 3775 339 3828 dus
367 3775 448 3828 vel
480 3773 759 3828 Ecclesia:
798 3773 1058 3836 triticum,
1082 3775 1134 3826 id
1162 3783 1269 3838 est,
1294 3782 1537 3828 sanctum
1568 3790 1581 3827 ;
1619 3774 1671 3825 in
1701 3772 1824 3825 lior-

232 3883 408 3930 reum,
445 3866 498 3918 in
528 3880 693 3936 regna
729 3866 1040 3922 caelorum:
1077 3865 1262 3933 patere.
1298 3873 1639 3934 peccatores,
1693 3866 1818 3934 quia

231 3960 392 4026 p1lca
431 3958 566 4012 levis
590 3969 699 4024 est,
728 3969 782 4012 et
815 3967 1062 4027 portatur
1091 3973 1120 4010 a
1179 3967 1359 4022 vento,
1397 3966 1450 4010 et
1481 3956 1618 4025 ignis
1675 3974 1821 4011 com-

227 4055 382 4105 burit
415 4072 428 4105 :
465 4053 544 4107 sic
580 4061 902 4120 peccatores
959 4050 1062 4119 ipsi
1104 4050 1422 4105 custodiunt
1452 4049 1656 4117 iguetn,
1691 4051 1817 4119 quia

225 4160 341 4197 non
371 4143 558 4198 deﬁcit
590 4144 756 4213 ignis,
795 4144 894 4198 nisi
931 4143 1185 4199 deticiant
1235 4143 1401 4211 ligna.

303 4231 489 4305 (τετε.
528 4236 646 4288 154
663 4236 737 4305 7.)
791 4234 937 4288 Tunc
978 4235 1110 4288 venit
1141 4233 1296 4288 Jesus
1326 4237 1394 4288 ad
1428 4233 1730 4300 Galilazam,
1760 4247 1815 4290 ut

223 4327 620 4396 baptizaretur,
646 4337 699 4382 et
730 4329 958 4396 reliqua.
986 4328 1234 4382 Christus
1257 4329 1321 4380 ad
1353 4326 1615 4384 Joannem
1646 4330 1814 4395 venit,

221 4420 280 4474 id
307 4430 415 4484 est,
447 4435 646 4490 sponsa
678 4419 955 4474 osculatur
982 4435 1264 4488 sponsum,
1295 4419 1416 4487 quia
1462 4417 1690 4474 Joannis
1720 4436 1814 4488 per

1935 3211 2086 3278 prius
2115 3211 2258 3268 illius
2290 3213 2458 3266 Adam
2492 3213 2793 3284 displicuit,
2823 3216 2876 3269 in
2907 3214 3128 3270 Christo
3157 3227 3336 3270 autem
3361 3233 3512 3272 cont-

1934 3303 2155 3370 placuit.

2010 3395 2166 3465 (Cap.
2204 3394 2373 3454 IV.—
2409 3397 2560 3454 Vers.
2582 3399 2632 3466 1,
2660 3400 2739 3471 2.)
2775 3399 2914 3454 Tum:
2939 3401 3094 3456 Jestts
3127 3403 3318 3458 ductus
3337 3416 3434 3472 est,
3463 3410 3514 3460 ld

1930 3498 2034 3550 est,
2071 3503 2100 3541 a
2131 3489 2340 3558 Spiritu
2370 3502 2563 3547 sancto
2597 3495 2792 3548 ductus
2823 3493 2874 3546 in
2931 3494 3151 3550 deserto
3185 3510 3308 3566 post
3340 3499 3514 3568 bapti«

1929 3596 2106 3635 smum
2141 3584 2477 3638 :ostendunt
2507 3589 2647 3654 quod
2690 3602 2784 3654 per
2809 3586 3080 3655 jejunium
3119 3599 3173 3643 et
3200 3593 3505 3646 Orationem

1929 3673 2172 3726 vincitur
2217 3675 2489 3731 diabolus.
2566 3677 2843 3734 Debemus
2902 3689 2955 3733 et
2995 3695 3092 3734 nos
3128 3683 3178 3735 iu
3234 3683 3508 3738 desertum

1928 3763 2052 3817 duci
2086 3780 2115 3818 a
2151 3765 2320 3831 vitiis,
2350 3769 2708 3824 utvincamus
2743 3771 2877 3838 ipsa.
2921 3770 2987 3824 δε
3017 3781 3312 3826 tentaretur
3338 3793 3369 3826 a
3393 3778 3513 3831 dia-

1927 3856 2067 3922 bolo,
2127 3857 2178 3911 id
2212 3868 2315 3923 est,
2379 3868 2438 3914 ut
2490 3859 2769 3915 diabolum
2807 3863 3073 3916 vinceret.
3125 3861 3506 3934 Quadraginta

1924 3951 2109 4004 diebus
2139 3960 2189 4004 et
2231 3951 2593 4022 quadraginta
2653 3955 2914 4015 noctibus,
2965 3969 3030 4007 ue
3083 3956 3320 4011 haeretici
3359 3959 3508 4012 dice.

1928 4054 2069 4105 rent,
2123 4045 2264 4110 quod
2314 4052 2474 4096 nocte
2529 4048 2934 4098 mandat-asset.
2989 4060 3054 4097 at.
3106 4047 3321 4112 signum
3364 4052 3506 4116 quod

1926 4134 2140 4204 iloyses
2165 4136 2432 4204 jejuuavit
2458 4135 2510 4188 itt
2537 4145 2739 4198 tuante,
2777 4147 2827 4190 et
2854 4153 2919 4191 at.
2953 4137 3092 4192 [ﬁlias
3121 4157 3135 4194 :
3167 4152 3224 4194 et
3257 4141 3356 4193 fuit
3380 4157 3506 4195 cum

1924 4227 2204 4296 discipulis
2246 4229 2363 4282 suis
2422 4227 2782 4296 quadraginta
2841 4231 3032 4284 tlieltus
3089 4245 3210 4300 post
3260 4246 3509 4288 resurre-

1922 4320 2160 4374 ctionem
2195 4337 2210 4374 :
2251 4330 2304 4374 et
2337 4337 2401 4374 xi.
2453 4321 2661 4374 dierum
2724 4322 3009 4385 diluvium,
3071 4324 3198 4392 quia
3246 4339 3342 4394 per
3392 4328 3506 4381 haec

1923 4421 2204 4479 peccatum
2239 4415 2367 4466 Adae
2397 4413 2577 4468 delere
2604 4414 2812 4467 debuit.
2841 4412 3034 4469 Postea
3064 4419 3270 4483 esuriit,
3307 4421 3507 4474 imlicat

221 4507 532 4563 ecclesiam
566 4524 799 4577 sponsus
817 4519 919 4564 est,
959 4507 1056 4563 llic
1077 4509 1228 4571 dicit,
1249 4508 1515 4562 osculetur
1543 4526 1620 4563 me
1637 4513 1816 4566 osculo
1847 4513 1898 4573 ι)
1929 4520 2116 4558 verum
2153 4506 2453 4568 hominem,
2482 4517 2538 4560 ut
2562 4507 3036 4564 diabolusfalleret
3057 4509 3173 4578 ejus
3196 4515 3478 4567 nativitata

216 4603 338 4654 oris
370 4605 454 4654 sui
486 4601 677 4667 tCant.
725 4619 763 4667 ι,
797 4602 884 4673 i):
923 4603 1006 4655 vel
1065 4602 1187 4656 ideo
1237 4601 1492 4656 Christus
1529 4617 1557 4655 a
1605 4603 1813 4659 Joanne

214 4695 565 4761 baptizatur,
601 4705 662 4748 ut
693 4711 885 4750 servus
917 4712 1021 4751 non
1053 4711 1113 4750 se
1173 4706 1397 4751 excuset
1427 4712 1526 4751 suo
1583 4697 1813 4752 Domino

215 4786 525 4854 baptizari,
557 4787 642 4841 vel
675 4787 934 4841 Dominus
971 4803 1078 4842 non
1105 4771 1430 4854 dediguetur
1467 4805 1494 4842 a
1529 4805 1686 4843 εει-ιο
1715 4807 1814 4846 suo

209 4879 522 4947 baptizari.
593 4878 706 4948 Ego
739 4898 770 4933 a
831 4891 880 4934 te
929 4879 1088 4933 debeo
1145 4879 1431 4948 baptizari.
1497 4881 1596 4935 Per
1650 4883 1808 4936 istam

207 4988 450 5026 causam
484 4971 729 5028 Joannes
777 4975 1032 5042 cognovit
1077 4973 1355 5027 Christqu
1417 4975 1559 5028 ittter
1591 4975 1807 5039 multos,

203 5067 358 5118 dum
385 5063 642 5118 Iordanis
675 5065 809 5136 fugit
837 5068 1013 5129 illum,
1041 5076 1094 5121 et
1116 5077 1328 5120 montes
1356 5067 1764 5120 exsultaveruut
1796 5085 1808 5120 :

201 5159 352 5226 quia
380 5165 640 5210 creatura
676 5167 980 5212 creatorem
1015 5157 1229 5226 agnovit
1257 5171 1274 5224 ;
1308 5163 1360 5210 et
1393 5157 1514 5210 ideo
1543 5158 1608 5209 ad
1641 5156 1811 5211 Joan-

197 5265 352 5303 nem
388 5250 560 5312 venit,
595 5258 656 5302 ut
687 5252 976 5304 mundarct
1000 5265 1190 5320 aquas,
1215 5261 1268 5303 et
1299 5258 1354 5300 ut
1379 5249 1588 5318 Spiritu
1617 5259 1810 5303 sancto

193 5347 718 5398 ilcrnoustraretur.
743 5343 984 5408 Quatuor
1017 5358 1236 5396 causas.
1273 5340 1400 5394 Sine
1424 5344 1598 5407 modo,
1623 5342 1674 5394 itt
1703 5349 1808 5406 est,

192 5441 398 5490 donec
454 5438 716 5504 baptizati
783 5447 966 5490 essent
1023 5437 1200 5497 ambo,
1265 5436 1320 5487 id
1374 5445 1478 5499 est,
1531 5436 1598 5488 ab
1652 5437 1812 5489 undis

189 5528 496 5592 Christus,
530 5532 614 5582 vel
649 5531 929 5599 martyrio,
961 5529 1028 5581 ad
1066 5539 1116 5582 te
1149 5530 1416 5597 pervenit.
1471 5527 1694 5581 Omnem
1718 5528 1812 5596 ju-

279 5663 302 5694 ⁸
340 5660 542 5717 Deesse
567 5665 788 5716 verbum
827 5665 1070 5730 aliquod,
1129 5674 1186 5717 ιιι
1217 5663 1358 5714 alius
1421 5664 1810 5732 pet-rectusque

177 5737 270 5788 sit
303 5748 537 5794 sensus,
566 5736 913 5802 perspiCunm
951 5746 1050 5788 est.
1095 5734 1186 5788 Sic
1237 5736 1394 5802 paulo
1425 5747 1563 5799 post,
1601 5734 1692 5785 ubi
1725 5736 1811 5786 di-

173 5807 385 5864 citur.
414 5805 702 5871 baptrsmus
735 5807 873 5859 mari
897 5821 912 5856 :
941 5821 1102 5875 quem
1138 5822 1198 5862 cx
1261 5806 1476 5875 ingenio
1509 5805 1686 5858 locum
1721 5821 1806 5858 re-

1992 4596 2279 4669 (Vers.,5.)
2301 4601 2562 4654 Accedens
2582 4609 2833 4668 tentator,
2860 4603 2909 4656 id
2928 4614 3033 4669 est,
3064 4613 3318 4676 tanquam
3345 4609 3507 4677 pisris

1922 4699 2094 4742 tentat
2166 4691 2404 4752 hamum,
2447 4702 2500 4745 et
2532 4692 2810 4747 vincitur:
2846 4703 2904 4748 ut
2937 4697 3030 4765 qui
3064 4699 3299 4766 primum
3334 4700 3509 4753 humi-

1919 4796 2041 4834 nem
2080 4795 2175 4848 per
2203 4783 2380 4848 gulam
2437 4785 2590 4849 vicit,
2623 4799 2650 4836 a
2683 4788 2931 4842 secundo
2974 4803 3070 4856 per
3110 4792 3497 4844 abstinentiam

1919 4878 2195 4927 vincatur.
2235 4874 2295 4928 Si
2321 4876 2462 4943 ﬁlius
2492 4877 2586 4931 Dei
2609 4894 2684 4941 es,
2716 4880 2800 4932 dic
2825 4891 2881 4933 ut
2909 4882 3132 4951 lapides,
3166 4898 3213 4937 ct
3252 4887 3452 4953 reliqua
3482 4903 3497 4941 :

1916 4986 2015 5041 per
2053 4974 2460 5041 etymologiam,
2486 4977 2640 5044 panis
2670 4993 2696 5027 a
2731 4982 3021 5045 pascendo,
3046 4992 3100 5034 ut
3130 4984 3334 5035 videi-et
3363 4982 3411 5033 si
3432 4983 3500 5034 tle

1919 5073 2066 5127 petra
2093 5066 2364 5134 potuisset
2385 5073 2485 5120 hoc
2518 5068 2699 5121 facere
2730 5089 2742 5124 :
2783 5072 2865 5123 vel
2898 5073 3022 5140 quia
3049 5076 3271 5140 mystice
3299 5074 3496 5126 diaboli

1917 5154 2100 5220 cibus,
2126 5157 2372 5212 homines
2390 5159 2587 5228 lapidei
2615 5173 2670 5216 et
2704 5163 2826 5215 duri
2862 5164 2912 5216 in
2945 5175 3205 5232 peccato;
3256 5165 3350 5218 sed
3383 5165 3493 5228 illc,

1918 5248 2006 5315 qui
2040 5248 2107 5302 de
2132 5264 2272 5318 aqua
2319 5250 2531 5316 vinum,
2567 5263 2621 5306 et
2661 5255 2728 5308 de
2759 5263 2912 5322 petra
2978 5272 3171 5323 aquam
3211 5259 3486 5325 moduxit,

1919 5341 2095 5408 potttit
2129 5341 2232 5396 hoc
2265 5343 2309 5395 si
2335 5343 2620 5400 voluisset.

1987 5431 2165 5502 (Vers.
2201 5435 2257 5501 4,
2293 5437 2370 5504 5.)
2411 5437 2530 5491 Non
2550 5441 2600 5493 in
2628 5443 2737 5494 solo
2764 5460 2894 5506 ptine
2930 5444 3047 5492 t'ft‘it
3087 5443 3243 5492 Immo
3277 5458 3294 5494 :
3329 5452 3382 5497 ει
3406 5453 3464 5496 re

1915 5525 2082 5596 liqua,
2133 5529 2182 5581 id
2214 5540 2317 5595 est,
2354 5546 2459 5585 non
2496 5534 2722 5589 vixisset
2758 5537 2941 5596 humi,
2995 5537 3038 5587 si
3077 5547 3182 5588 tfltt
3235 5539 3498 5591 voluisset

1917 5665 2078 5732 figere
2107 5681 2213 5718 non
2245 5669 2390 5721 libet.

1989 5737 2008 5764 ⁸
2040 5737 2343 5811 Corruptus
2377 5739 2526 5793 locus
2555 5755 2856 5809 sensusque
2889 5757 2970 5795 ρει
3005 5763 3019 5806 ;
3053 5747 3144 5794 sed
3213 5762 3334 5811 qum
3381 5749 3500 5798 ttttd

1916 5808 2226 5874 emendare,
2279 5825 2381 5860 non
2416 5820 2497 5863 est
2530 5812 2580 5862 iu
2616 5808 2897 5882 promptu,
2946 5816 3170 5868 Ottllillm
3205 5808 3309 5869 non
3343 5818 3498 5868 tinet.
