3956 6196
433 327 538 388 559

429 440 586 498 Deus,
618 444 678 488 ct‘
729 433 838 501 jam
864 441 1052 498 panem
1068 421 1467 484 manducasset,
1495 427 1547 471 et
1574 416 1617 472 si
1644 428 1747 466 non
1777 409 2001 462 mauduo
2033 409 2068 463 Α

427 537 601 583 casset
623 538 839 594 panem,
867 520 910 575 si
967 516 1248 577 voluisset,
1270 511 1516 572 vixisset,
1548 507 1692 560 sicut
1715 503 1926 572 Moyses
1947 511 1999 549 et

432 624 594 682 lilias,
612 634 678 671 xi.
703 615 914 668 diebus.
931 611 1153 665 Verbum
1177 606 1292 668 Dei,
1312 603 1527 664 animae,
1549 599 1598 653 id
1618 607 1719 662 est,
1747 604 2000 649 aeternam

433 715 615 766 titam.
649 707 715 762 In
759 714 943 760 sancta
977 702 1207 760 civitate,
1253 699 1303 750 id
1339 706 1454 755 est,
1483 689 1816 752 Jerusalem;
1849 699 2004 751 super

430 807 642 872 pinnam
669 799 870 868 templi,
902 795 955 849 id
985 802 1092 858 est,
1119 806 1278 860 super
1309 800 1524 842 murum
1563 797 1703 836 arcae
1738 779 2001 839 maceria',

431 895 718 948 elationem
745 888 1047 959 signiﬁcant
1078 902 1091 939 :
1120 897 1226 936 non
1253 890 1357 944 est,
1382 888 1438 930 ut
1464 893 1491 930 a
1514 875 1690 942 capite
1718 885 1774 924 se
1799 880 2006 922 tentare

432 987 660 1046 dimisit,
685 957 774 1052 qui
801 957 902 1050 per
922 976 1259 1032 mcuibruma
1283 972 1457 1025 Pilato
1478 966 1714 1033 cruciligi
1740 959 2006 1030 permisit.

437 1082 544 1132 llas
573 1088 683 1129 tres
706 1051 1048 1126 tentationes
1097 1068 1150 1120 iu
1207 1065 1376 1118 Adam
1409 1061 1565 1132 prius
1613 1054 1862 1109 diabolus
1892 1051 2007 1104 exi-

435 1175 506 1240 git
538 1188 553 1237 ;
589 1185 684 1240 per
729 1166 907 1236 gulam
965 1163 1116 1226 dixit,
1151 1169 1304 1229 gusta
1349 1156 1504 1227 (Cen.
1539 1168 1620 1216 ιιι,
1659 1149 1749 1218 5);
1785 1161 1882 1216 per
1918 1159 2010 1194 va-

439 1280 559 1316 nam
609 1260 856 1331 gloriam,
929 1255 1076 1309 eritis
1131 1253 1268 1305 sicut
1321 1250 1397 1301 dii
1445 1243 1696 1318 (Ibid.);
1733 1255 1826 1308 per
1885 1252 2012 1290 ava-

438 1353 642 1416 ritiam,
689 1350 906 1402 scientes
943 1346 1134 1400 bonum
1172 1354 1217 1395 et
1259 1341 1459 1393 malum
1526 1335 1752 1406 (Ibid.);
1783 1331 1881 1385 sed
1919 1343 2013 1397 per

442 1447 538 1497 has
565 1454 678 1495 tres
717 1441 916 1492 iterum
949 1434 1178 1491 tentavit
1216 1432 1496 1486 Christum
1527 1445 1542 1483 :
1582 1425 1725 1492 gula.
1755 1424 1821 1477 de
1860 1431 2012 1490 petra

443 1537 474 1587 li
498 1535 556 1586 'ri
583 1544 779 1599 panem
821 1548 833 1581 :
872 1542 965 1597 per
991 1539 1182 1579 vanam
1209 1523 1462 1591 gloriam,
1489 1521 1634 1572 mitte
1665 1527 1710 1568 te
1731 1517 2010 1568 deorsum:

443 1640 536 1696 per
569 1622 876 1686 avaritiam,
915 1619 1094 1672 omnia
1129 1615 1221 1670 tibi
1241 1614 1396 1674 dabo.
1423 1621 1477 1666 et
1521 1611 1748 1676 reliqua.
1795 1606 1897 1658 Sed
1921 1603 2014 1671 qui

441 1733 562 1773 eum
597 1715 650 1768 in
667 1713 948 1784 abyssum,
970 1711 1137 1765 verbo
1156 1703 1581 1778 praedicationis,
1609 1699 1787 1758 ducit.
1833 1705 2018 1751 osten-

1381 309 1446 367 S.
1486 296 1930 363 HlEl‘tONYMI
1972 291 2290 353 OPERUM
2338 287 2739 368 MANTISSA.

3563 276 3668 338 5-00

2179 398 2356 468 (γωδ.
2393 395 2596 464 lii-l3.)
2617 395 2679 447 In
2705 391 2894 461 [inibus
2918 389 3209 453 ‘Zal-ulon,
3237 396 3283 441 et
3309 385 3664 453 Nephthalim.

2104 489 2365 542 Zabulon.
2395 485 2654 538 habitatio
2677 481 3086 550 pulchritudinis
3118 479 3314 532 dicitur
3345 496 3360 540 ;
3396 476 3669 544 Nephtha-

2105 583 2218 645 lim,
2244 579 2429 632 oblivia
2457 577 2673 630 dicitur.
2701 573 2799 628 Hic
2824 573 3058 626 ostendit
3080 573 3202 640 quia
3233 572 3320 639 qui
3341 570 3671 624 obliviscitur

2105 680 2323 740 peccata
2355 684 2471 732 sua,
2513 669 2629 736 ipse
2662 667 2715 719 in
2765 666 3168 736 pulchritudine
3229 664 3462 717 habitat.
3505 661 3670 715 Trans

2104 762 2409 823 Iordanem.
2442 771 2494 812 et
2528 759 2728 827 reliqua
2767 773 2781 812 :
2824 756 2950 826 quia
2979 771 3073 824 pro
3105 756 3296 826 timore
3319 754 3557 823 gentium
3585 769 3674 822 po-

2107 855 2375 924 pulorum,
2429 853 2528 905 iste
2558 851 2608 903 iu
2631 860 2788 904 nocte
2812 851 3064 902 manebat
3096 847 3149 902 in
3180 861 3394 916 campo.

2181 965 2362 1037 (Vers.
2403 965 2512 1036 16.)
2572 964 2703 1020 Vidit
2737 963 2904 1017 lucent
2965 968 3320 1037 magnampttt
3351 962 3486 1017 dicit
3518 978 3532 1014 :
3569 960 3676 1016 Lux

2110 1035 2316 1115 ortaest
2337 1060 2436 1124 eis,
2465 1060 2555 1127 qui
2575 1057 2824 1111 sedebant
2857 1058 3182 1117 intenebris,
3212 1035 3262 1109 id
3291 1064 3395 1120 est,
3428 1057 3674 1126 ignoran-

2116 1155 2201 1208 tiae
2228 1161 2602 1223 peccatorum,
2644 1151 2738 1202 lita:
2774 1161 2888 1203 orta
2937 1162 3035 1211 est,
3065 1150 3158 1212 eis,
3193 1149 3244 1202 id
3277 1159 3384 1212 est,
3410 1148 3678 1204 Christus.

2185 1244 2363 1312 (Vera.
2405 1241 2487 1306 l7,
2517 1239 2630 1309 l8.)
2670 1238 3049 1293 Paenitentiam
3087 1238 3335 1306 agite,~id
3360 1245 3466 1302 est,
3502 1240 3679 1292 vinum

2109 1335 2168 1388 in
2230 1333 2452 1386 vulnere
2516 1331 3212 1400 ponite;appropinquavit
3268 1331 3407 1384 enim
3469 1345 3682 1400 regnum

2115 1427 2380 1490 canorum,
2415 1425 2466 1478 id
2495 1434 2598 1488 est,
2654 1424 2830 1477 oleum
2889 1423 2943 1479 iit
2975 1423 3213 1478 vulnus:
3258 1423 3682 1479 consolationem

2119 1519 2232 1583 dat,
2262 1519 2390 1586 quia
2425 1518 2477 1571 in
2523 1515 2702 1572 Veteri
2747 1531 2942 1586 pecora
2993 1515 3374 1582 immolabant,
3435 1517 3490 1570 in
3540 1516 3686 1570 Novo

2120 1612 2497 1680 unusquisque
2545 1609 2770 1664 Domino
2801 1609 3014 1664 offeret.
3074 1610 3418 1677 Atnbutabat,
3451 1609 3688 1664 ostendit

2128 1702 2284 1756 nobis
2327 1703 2380 1756 in
2433 1703 2636 1756 mundo
2673 1717 2791 1756 esse
2840 1702 3116 1771 prasenti,
3181 1704 3523 1769 transiendo,
3589 1717 3687 1756 non

443 1811 522 1864 dit
544 1823 640 1878 per
663 1809 760 1861 has
797 1816 906 1859 tres
939 1804 1157 1857 vincere
1191 1798 1494 1854 diabolum.
1532 1793 1632 1848 llic
1657 1790 1898 1848 Ostendit
1926 1801 2016 1841 νϐ·-
2049 1779 2090 1835 Β
2120 1795 2374 1850 amando.
2407 1794 2592 1863 Juxta
2621 1810 2791 1859 mare,
2843 1796 3114 1849 mundana
3166 1811 3358 1860 carne,
3400 1810 3556 1850 mare
3585 1794 3689 1851 Ga-

447 1918 565 1956 rum
613 1899 780 1955 Deum
809 1908 862 1952 et
895 1910 1081 1951 verum
1108 1893 1386 1948 hominem
1425 1906 1440 1943 :
1469 1892 1631 1944 homo
1654 1899 1812 1956 quem
1847 1887 2018 1937 tentat

381 1987 386 1998 ’
446 1993 713 2056 diabolus,
767 1989 910 2043 Deus
957 1996 1060 2050 est,
1120 1984 1206 2056 cui
1258 1980 1434 2050 angeli
1493 1977 1900 2032 ministrabant.
1952 1986 2020 2025 XI.

449 2086 582 2151 dies,
615 2083 820 2139 decima
857 2087 982 2135 sunt
1020 2075 1174 2140 anni,
1213 2084 1272 2129 ut
1300 2074 1443 2130 sicut
1471 2071 1538 2126 ab
1570 2069 1827 2125 omnibus
1855 2065 2020 2121 rebus

449 2178 684 2233 decimas
710 2175 842 2228 dare
878 2171 1156 2231 debemus,
1231 2166 1302 2219 ita
1338 2174 1391 2219 et
1423 2162 1632 2218 dierum
1661 2159 1784 2216 vita:
1823 2163 2022 2212 nostra

451 2271 560 2324 Deo
583 2267 832 2336 decimas
856 2266 984 2318 dare
1008 2262 1354 2316 Studeamus.

521 2357 698 2429 (νει-ε.
737 2354 791 2418 6,
829 2355 903 2423 7.)
941 2351 1205 2417 Quoniam
1259 2347 1463 2415 angelis
1517 2345 1650 2408 suis,
1675 2350 1729 2396 et
1770 2339 1971 2409 reliqua
2006 2353 2019 2400 ;

454 2461 512 2505 ut
538 2449 757 2503 vicisset
809 2446 1088 2508 Christum
1115 2439 1365 2508 exemplo
1421 2437 1558 2500 hoc,
1613 2431 2028 2487 sicutChristus

457 2543 602 2594 illum
640 2538 887 2607 exemplo
925 2549 1028 2589 suo
1063 2533 1195 2586 vicit
1221 2546 1316 2600 per
1346 2531 1697 2597 scripturam.
1761 2523 1868 2603 Sed
1907 2523 2024 2576 dia-

459 2633 611 2687 holus
644 2645 748 2684 non
801 2600 1010 2680 rectum
1050 2623 1202 2676 illitm
1259 2619 1528 2688 psalmum
1563 2617 1632 2669 de
1683 2600 1904 2670 Christo
1951 2612 2032 2664 itt-

461 2722 708 2791 telligit:
771 2719 847 2772 ait
911 2716 987 2770 illi
1041 2713 1222 2777 Jesus,
1292 2710 1412 2764 Non
1471 2709 1696 2762 tentabis
1751 2706 2030 2760 Dominum

463 2815 626 2867 Deum
657 2821 827 2872 tuum,
864 2807 954 2861 hic
983 2805 1113 2860 dicit
1140 2819 1163 2868 ξ
1192 2805 1317 2857 dum
1339 2816 1436 2871 ego
1456 2815 1574 2854 sum
1614 2799 1868 2851 [Potuinus
1893 2794 2032 2846 Deus

464 2919 605 2969 tuus,
641 2918 738 2957 cur
765 2915 850 2954 me
883 2896 1098 2954 lentas?

532 2965 710 3066 (\lers.
745 2993 927 3062 8-10.)
956 2991 1026 3045 Et
1086 2988 1310 3045 ostendit
1342 2989 1387 3042 ei
1411 2965 1585 3046 omnia
1614 3001 1771 3053 regna
1801 2983 1980 3036 mundi
2015 2997 2032 3032 :

464 3089 517 3143 id
548 3098 655 3152 est,
681 3100 896 3150 aurum,
931 3096 1238 3152 argentum.
1273 3079 1403 3134 Ha'c
1451 3078 1627 3131 omnia
1677 3077 1769 3128 tibi
1801 3075 1956 3138 dabo,
1983 3081 2035 3126 ct

465 3173 866 3247 reliqua..Vere
895 3174 1060 3237 cadit,
1086 3171 1179 3241 qui
1212 3169 1403 3224 adorat
1437 3169 1714 3232 diabolum
1753 3182 1767 3230 ;
1812 3169 2039 3235 quicun-

468 3267 899 3338 quetuouacltus
933 3265 1165 3333 principi
1199 3273 1418 3331 pr0ptcr
1452 3263 1755 3313 mercedem
1811 3271 2038 3312 curave-

419 3379 422 3382 ‘
471 3366 560 3426 rit,
613 3376 671 3414 se
737 3361 954 3414 diabolo
1009 3357 1371 3424 mancipatur.
1430 3351 1570 3404 Vade
1636 3360 1798 3415 retro,
1856 3351 2040 3413 idest,

471 3467 699 3524 regnum
748 3460 900 3504 tuum
927 3462 1090 3514 nunc,
1115 3450 1196 3504 vel
1229 3449 1280 3500 iu
1314 3444 1520 3514 judicio
1557 3444 1608 3497 iu
1633 3442 1936 3496 internum.

523 3543 705 3614 (γεῖς.
725 3539 930 3608 10,11.)
954 3537 1233 3591 Dominum
1249 3547 1395 3589 tuum
1415 3531 1684 3597 adorabis,
1723 3541 1776 3584 ct
1811 3530 2044 3600 reliqua.

475 3637 577 3692 l’er
595 3636 696 3689 tria
718 3633 961 3701 exempla
978 3627 1376 3685 Deuterouomii
1396 3643 1503 3694 quo
1525 3624 1859 3695 significatur
1873 3620 2046 3674 Evan-

476 3731 672 3800 gelium
698 3728 738 3792 ⁸,
764 3727 817 3781 id
847 3735 950 3788 est,
969 3721 1181 3776 iteratio
1205 3720 1356 3791 legis,
1383 3719 1640 3773 Dominus
1675 3715 1947 3771 diabolum
1967 3715 2047 3766 vi-

475 3821 550 3876 cit
573 3838 586 3873 :
607 3820 735 3873 item
754 3816 1043 3886 signiticet,
1076 3814 1126 3866 id
1145 3821 1247 3875 est,
1272 3809 1492 3864 tentatio
1513 3810 1566 3860 in
1587 3807 1752 3862 David
1771 3816 1826 3862 et
1847 3803 2046 3860 Goliat.

477 3930 507 3968 v
540 3911 766 3981 lapides,
795 3924 822 3962 v
849 3907 973 3962 libri
1007 3905 1182 3976 Moysi
1223 3920 1238 3958 ;
1277 3906 1368 3972 qui
1405 3907 1470 3955 de
1497 3916 1602 3954 uno
1625 3901 1824 3955 occidit
1854 3900 2046 3953 diabo-

478 4008 609 4070 lum,
637 4003 686 4057 id
709 4011 811 4068 est,
852 4015 1014 4054 unum
1064 3999 1262 4051 librum
1296 4005 1353 4048 ut
1386 3995 1641 4063 lapidem.
1681 3991 1784 4045 Per
1817 4007 1874 4044 ιιι
1928 4002 2050 4044 ten-

481 4099 732 4160 tationes,
769 4096 820 4148 id
854 4104 959 4157 est,
1012 4089 1318 4160 suggestio,
1372 4087 1681 4151 delectatio,
1713 4083 1999 4139 consensio
2031 4101 2047 4149 ;

479 4193 571 4246 sed
619 4188 896 4243 Christum
960 4199 1054 4253 per
1105 4183 1276 4236 solam
1341 4181 1743 4248 Suggestiouem
1799 4175 2047 4238 tentavit,

479 4287 602 4353 quia
627 4283 901 4352 suggestio
929 4296 993 4335 ex
1029 4277 1245 4354 diabolo
1290 4276 1368 4328 lit.

549 4378 731 4449 (\‘ers.
783 4372 892 4444 12.)
949 4371 1081 4426 Cum
1141 4381 1315 4424 autent
1368 4367 1603 4446 audisset
1669 4363 1855 4430 Jesus,
1913 4365 2051 4427 quod

479 4474 705 4527 Joannes
738 4468 964 4523 traditus
989 4475 1142 4530 esset,
1174 4463 1381 4518 secessit
1427 4463 1480 4515 in
1508 4461 1792 4515 Caliltcam
1823 4473 1838 4508 :
1864 4459 1916 4511 id
1947 4467 2048 4522 est,
2079 4472 2131 4532 D

485 4583 513 4620 a
539 4563 763 4628 Judaeis,
791 4562 1008 4617 abiitad
1042 4571 1254 4628 gentes,
1288 4556 1374 4611 vel
1400 4555 1584 4610 relicta
1613 4566 1886 4624 synagoga
1919 4566 2042 4604 cum

487 4658 625 4728 Lege
677 4671 794 4722 sua,
860 4653 1145 4709 collocavit
1198 4649 1496 4706 Ecclesium
1559 4657 1614 4703 et
1668 4643 2048 4714 Evangeliem.

484 4751 723 4814 Galilaia,
783 4747 1090 4801 volubilitas
1128 4745 1328 4798 dicitur
1365 4741 1475 4796 :ad
1513 4756 1608 4796 cos
1655 4740 1803 4794 venit
1841 4737 1934 4807 qui
1989 4737 2054 4788 de

489 4842 629 4896 utan
665 4841 731 4895 ad
763 4841 963 4894 bonum
986 4839 1209 4891 veniunt
1233 4854 1246 4892 :
1273 4845 1328 4890 et
1351 4836 1475 4904 quia
1499 4850 1594 4905 pro
1609 4834 1844 4888 sanitate
1865 4830 2056 4901 puclla:

491 4936 660 4998 venit,
697 4943 754 4988 et
788 4933 1074 4987 mulierem
1103 4932 1154 4985 iit
1205 4931 1286 4985 via
1319 4932 1553 4993 satiavit,
1589 4927 1857 4997 signiﬁcat
1893 4943 2056 4996 syna-

485 5043 676 5098 gOgam
732 5035 787 5080 et
839 5023 1162 5079 Ecclesium.
1223 5023 1440 5078 Relicta
1513 5022 1736 5076 civitate
1801 5019 2054 5079 Calilzea,

490 5119 636 5174 venit
691 5120 743 5172 iit
799 5117 1123 5172 Cafarnaum
1163 5135 1174 5172 :
1208 5117 1330 5171 villa
1411 5115 1780 5184 pulcherrima
1866 5114 2057 5182 ligni-at

491 5210 813 5265 Ecclesiatn.
865 5210 1130 5265 lN'azarcth
1182 5211 1280 5276 [los
1320 5209 1540 5273 dicitur,
1600 5210 1726 5278 quia
1808 5208 1875 5260 de
1929 5207 2062 5259 llore

493 5304 699 5355 fructus
730 5302 828 5367 (it;
867 5301 1197 5358 Cafarnaum
1249 5301 1375 5354 villa
1406 5301 1780 5370 pinguedinis:
1817 5303 1904 5353 lux
1941 5301 2060 5353 illu~

491 5396 684 5466 mittat,
715 5407 768 5452 et
795 5397 1062 5464 pinguedo
1102 5395 1369 5465 sanguine
1400 5405 1573 5450 caret.
1608 5393 1884 5457 Ostendit,
1918 5392 2061 5460 quod

492 5489 746 5543 Christus
776 5505 802 5540 ιι
829 5489 963 5542 llore
996 5488 1194 5542 littera:
1225 5489 1355 5557 legis
1412 5489 1658 5557 pervenit
1707 5487 1774 5541 ad
1822 5487 2057 5540 fructum

493 5580 829 5646 pinguediuis
861 5580 1138 5649 Evangelii
1173 5581 1326 5646 lucis,
1362 5581 1413 5634 id
1452 5595 1554 5644 ρει,
1585 5583 1847 5634 scientiae.

566 5691 578 5718 '
608 5691 1222 5770 AttteahDe-uteronomio,
1252 5694 1662 5765 quisigni/icant
1691 5695 2061 5764 Evangeliuzn.

497 5755 723 5814 Leviora
757 5765 1186 5821 dissimulamus.

2123 1888 2296 1952 tiliam,
2344 1889 2462 1957 ipse
2496 1897 2581 1944 est
2605 1896 2862 1954 stagnum
2899 1887 3260 1952 Genezareth,
3303 1888 3458 1945 lacus
3497 1888 3694 1942 salina-

2123 1997 2264 2047 rum,
2293 1990 2347 2036 et
2379 1993 2528 2036 mare
2564 1978 2893 2046 Tiberiadis,
2940 1987 2995 2033 et
3031 1978 3185 2034 lacus
3213 1978 3457 2034 Citierct.

2195 2093 2372 2164 (Vers.
2411 2092 2500 2161 l9,
2560 2093 2650 2146 29..
2688 2091 2707 2161 )
2769 2090 2922 2146 Venit
2949 2104 3066 2159 post
3105 2109 3186 2147 me
3217 2108 3236 2148 :
3267 2093 3317 2147 id
3355 2101 3456 2158 est,
3495 2095 3698 2147 animas

2129 2189 2342 2244 trahere
2373 2189 2437 2243 de
2465 2187 2650 2258 pelago
2683 2187 2888 2257 peccati
2922 2190 2986 2241 ad
3019 2187 3168 2242 littus
3201 2188 3405 2258 requiei
3459 2197 3694 2249 aeternae,

2129 2282 2253 2350 quia
2287 2289 2520 2366 nios/est
2553 2280 2891 2349 piscantibus
2927 2297 3116 2336 navem
3153 2293 3209 2337 et
3245 2291 3415 2336 rctem
3445 2282 3499 2335 in
3549 2296 3693 2334 mare

2132 2377 2392 2430 habere:
2453 2375 2525 2430 ita
2588 2376 2817 2443 apostoli
2869 2373 3198 2440 Ecclesiam,
3260 2373 3583 2445 Evangelia,
3647 2387 3696 2428 ct

2134 2471 2417 2534 mundum,
2475 2469 2694 2538 pisces,
2749 2470 3056 2526 homines:
3105 2475 3378 2522 mittentes
3433 2468 3604 2523 retias
3650 2469 3698 2521 iu

2134 2577 2302 2626 mare,
2330 2560 2766 2631 praedicationem
2799 2559 2850 2613 iit
2887 2561 3171 2613 mundum.
3195 2558 3312 2623 Illi,
3347 2559 3546 2612 relictis
3587 2563 3702 2610 reti-

2135 2657 2228 2708 bus
2263 2664 2310 2707 et
2329 2665 2498 2722 patre,
2524 2653 2690 2704 secuti
2719 2663 2841 2704 sunt
2889 2669 3031 2705 eum.
3063 2653 3227 2718 ldem,
3283 2661 3429 2718 patre
3456 2652 3704 2707 diabolo:

2139 2749 2301 2801 retias
2354 2745 2728 2808 habitationis,
2783 2755 2836 2800 et
2893 2747 3109 2815 negotia
3157 2745 3364 2799 saeculi.
3433 2743 3706 2798 Petruset

2137 2843 2379 2894 Andreas
2441 2841 2607 2892 retias
2658 2840 2924 2892 miserunt
2985 2839 3037 2891 iu
3114 2852 3264 2891 mare
3320 2853 3334 2889 :
3390 2839 3706 2897 ostendunt,

2138 2932 2281 3002 quod
2313 2931 2575 2985 Dominus
2621 2931 2785 2999 elegit
2810 2929 2946 2982 alios
2988 2930 3290 2998 cupientes,
3328 2930 3492 2984 rebus
3523 2929 3706 2981 mundi

2143 3027 2502 3080 adhaerentes.
2553 3023 2787 3078 Jacobus
2818 3033 2871 3078 et
2903 3023 3141 3079 Joannes
3183 3023 3350 3078 retias
3380 3022 3707 3083 refecerunt,

2067 3133 2109 3190 ο
2144 3128 2200 3171 ut
2231 3117 2514 3171 mitterent
2535 3131 2628 3171 eas
2665 3119 2718 3169 in
2755 3131 2929 3182 mare,
2964 3116 3014 3170 id
3073 3125 3178 3183 est,
3217 3117 3360 3186 quod
3395 3116 3561 3188 elegit
3583 3115 3710 3170 alios

2143 3211 2424 3282 cupientes
2458 3209 2737 3264 adhaerere
2788 3211 2950 3264 rebus
2998 3211 3207 3264 mundi.
3257 3209 3393 3275 Quis
3447 3209 3570 3280 plus
3596 3211 3704 3262 relic

2145 3313 2264 3377 quit
2309 3307 2377 3362 de
2404 3308 2492 3363 liis
2523 3305 2802 3376 quatuor?
2838 3305 3028 3360 Petrus
3064 3317 3118 3360 et
3163 3307 3411 3360 Andreas
3465 3307 3590 3374 plus
3635 3320 3710 3358 re-

2061 3467 2068 3469 ,
2145 3400 2442 3468 liquerunt,
2481 3402 2606 3468 quia
2641 3399 2863 3468 propria
2887 3413 3075 3454 eorum
3109 3407 3258 3466 sunt,
3296 3413 3416 3450 nam
3449 3398 3534 3451 his
3588 3399 3712 3451 duo-

2145 3491 2249 3546 bus
2283 3511 2297 3548 :
2339 3493 2462 3546 aliis
2492 3491 2591 3544 fuit
2619 3505 2726 3544 non
2755 3507 2874 3544 sua.
2911 3489 3136 3544 Faciam
3171 3507 3278 3544 ros.
3315 3489 3543 3556 Mutavit
3595 3487 3710 3541 affe-

2147 3595 2315 3651 ctum,
2343 3600 2447 3638 non
2474 3584 2731 3650 ofﬁciunt,
2757 3587 2851 3638 sed
2881 3587 2963 3638 his
2994 3595 3248 3652 quatuor,
3288 3583 3402 3637 hinc
3432 3593 3514 3636 est
3552 3583 3714 3652 prima

2147 3679 2406 3748 quadriga
2440 3695 2456 3734 :
2489 3693 2632 3732 nunc
2657 3678 2768 3732 bini
2794 3688 2847 3729 et
2871 3677 2981 3730 bini
3008 3677 3303 3730 mittuntur
3323 3677 3376 3730 in
3399 3675 3714 3730 Ecclesiam.

2149 3772 2517 3826 sicutinarca
2539 3770 2672 3825 Noe.
2721 3770 2919 3825 Biuict
2977 3771 3100 3824 bina
3155 3771 3433 3837 animalia,
3485 3779 3717 3839 quatuor

2148 3866 2378 3920 virtutes
2433 3865 2742 3934 signiﬁcant
2777 3884 2791 3920 :
2825 3864 3058 3935 justitia,
3091 3865 3401 3932 prudentia,
3438 3865 3714 3924 fortitudo,

2148 3958 2536 4026 temperantia.
2587 3958 2690 4011 Per
2723 3968 2832 4012 tres
2863 3958 3174 4013 vocationes
3217 3955 3393 4010 vocati
3447 3963 3576 4009 sunt
3630 3971 3718 4021 po-

2150 4051 2257 4121 puli
2287 4066 2302 4104 :
2337 4051 2509 4120 prima
2537 4066 2632 4121 per
2654 4051 2938 4117 Joannem,
2965 4052 3030 4104 ad
3052 4051 3368 4112 amicitiam,
3401 4048 3530 4102 Ecce
3557 4065 3719 4118 agnus

2153 4144 2250 4198 Dei
2317 4143 2521 4215 (Joan.
2561 4161 2597 4205 ι,
2660 4143 2779 4212 29)
2835 4145 3147 4208 ;secunda,
3207 4142 3274 4196 ad
3326 4141 3720 4200 credultateiu,

2151 4237 2358 4291 Joanne
2387 4239 2624 4302 dicente,
2665 4236 2777 4288 Hoc
2822 4237 3048 4300 primunt
3074 4237 3278 4304 signum
3309 4237 3429 4304 fecit
3467 4233 3619 4287 Jesus
3671 4233 3719 4282 in

2154 4332 2301 4386 Cana
2337 4329 2595 4396 Galila‘w,
2657 4330 3006 4396 utcrcderent
3057 4331 3111 4382 in
3162 4346 3281 4383 eum
3319 4327 3566 4395 discipuli
3614 4327 3720 4395 (sz

2157 4423 2340 4493 (Joan.
2379 4439 2435 4486 ll,
2487 4422 2613 4493 Il);
2653 4425 2808 4476 ti-riia
2849 4423 3064 4476 vocatio
3091 4424 3156 4476 ad
3199 4423 3581 4492 apostolatum,
3643 4419 3724 4470 l'e-

2158 4516 2266 4567 nite
2293 4524 2408 4582 post
2436 4530 2534 4575 me,
2568 4525 2621 4567 et
2655 4516 2880 4582 rtliqua.

2231 4627 2408 4696 (Vcrs.
2443 4627 2560 4694 23.)
2597 4624 2865 4680 Circuibat
2915 4627 3071 4681 Jesus
3107 4638 3272 4681 totant
3336 4627 3639 4692 Calilceam,
3673 4637 3721 4675 εἰ

2163 4722 2391 4789 reliqua.
2453 4721 2608 4775 Sicut
2670 4721 2893 4775 Ccdcou
2958 4722 3209 4776 vincebat
3263 4723 3601 4786 I’liilistinus,
3657 4721 3722 4772 ita

2163 4816 2412 4868 Christus
2460 4815 2748 4868 daemonia.
2807 4815 3029 4882 Docens,
3067 4815 3122 4868 id
3175 4824 3280 4881 est,
3343 4831 3404 4866 ea
3448 4833 3566 4883 quae
3598 4816 3723 4881 lt'gis

2163 4919 2360 4969 erant;
2411 4906 2731 4976 prazdicans,
2803 4905 2853 4960 id
2906 4920 3011 4972 eat,
3070 4909 3440 4980 Evangeliuut.
3516 4909 3721 4964 Omnem

2167 5004 2497 5073 languorem,
2553 5003 2602 5057 id
2645 5014 2750 5066 est,
2820 5005 3063 5059 medicus
3115 5005 3216 5058 fuit
3269 5005 3472 5073 populi,
3526 5007 3574 5060 id
3623 5015 3723 5066 est,

2169 5100 2334 5154 Israel
2371 5113 2387 5158 ;
2422 5097 2651 5164 languor
2682 5097 2956 5166 corporis,
2990 5097 3279 5152 inﬁrmitas
3308 5100 3526 5152 auium.

2238 5213 2419 5284 (Vers.
2443 5213 2557 5280 24.)
2581 5210 2648 5264 Et
2683 5213 2812 5267 abiit
2841 5215 3015 5280 opinio
3047 5214 3163 5282 ejus
3203 5216 3255 5266 in
3287 5225 3454 5267 totam
3487 5212 3726 5284 Syriam:

2169 5309 2220 5362 id
2247 5319 2348 5374 est,
2388 5310 2440 5360 in
2470 5324 2660 5362 omnes
2707 5319 2917 5379 gentes.
2972 5309 3165 5364 Omnes
3223 5311 3356 5361 male
3395 5310 3652 5368 habentes,
3681 5304 3729 5356 id

2169 5408 2273 5458 est,
2310 5399 2496 5453 multis
2540 5404 2776 5468 peccatis
2809 5401 2984 5453 insani
3011 5401 3248 5462 fuerunt,
3291 5399 3368 5452 vel
3429 5403 3564 5452 mala
3602 5395 3721 5446 ille.

2175 5491 2239 5544 Et
2292 5493 2415 5556 quia
2451 5491 2714 5545 dwmania
2741 5490 3004 5544 habebunt
3029 5508 3046 5548 :
3081 5493 3131 5544 id
3164 5502 3268 5554 est,
3295 5493 3348 5543 in
3375 5491 3553 5544 anima
3581 5483 3730 5540 idolis

2171 5585 2413 5638 creditur
2447 5600 2461 5635 :
2493 5582 2781 5644 Iunaticos,
2837 5583 2892 5638 id
2933 5594 3038 5650 est,
3093 5583 3320 5638 lunatici
3386 5584 3640 5650 putabant
3669 5576 3732 5627 de

2207 5700 2261 5818 l'
2299 5696 2562 5822 ιΥιίἷιιειιὶιι
2598 5698 2788 5765 ﬁnibus
2813 5701 3146 5767 superiorem
3177 5701 3419 5769 proxime
3451 5694 3728 5753 sectionem

2226 5784 2290 5821 au
2336 5789 2360 5821 υ
2407 5784 2470 5820 an
2505 5805 2518 5821 .
2861 5812 2870 5821 .

2172 5784 2518 5824 ClaUUCDalll.
