3934 6188
279 319 377 382 561
1198 315 1615 378 EXJ’OSITIO
1671 319 1737 375 lV
1784 319 1857 376 Ei

1969 319 2033 372 iii
2055 318 2162 380 EL.
2208 319 2669 380 ΜΛΤΤΠᾹὼι).

3445 325 3552 388 5δὲ

278 435 568 487 ortnlunte
592 431 957 487 inﬁrmitates.
987 432 1302 487 Obtulcruut
1327 435 1376 487 ei
1398 434 1724 504 paralyticas
1757 451 1774 488 :
1808 433 1858 486 id
1894 437 1933 489 Α
1970 432 2120 485 dent.
2151 432 2306 485 Beati
2342 433 2537 486 mundo
2575 435 2748 494 corde,
2780 431 2830 486 id
2860 440 2962 500 est,
3030 435 3121 504 qui
3152 449 3290 504 puro
3330 439 3491 493 corde
3531 459 3546 506 ;

275 538 387 585 est.
421 528 554 594 pigri
585 528 649 577 ad
681 516 885 580 honuni
911 528 1201 595 agendum.

350 614 534 682 (Vers.
567 615 682 684 95.)
730 613 797 666 Et
821 625 1012 668 secuta:
1040 627 1159 669 sunt
1189 633 1305 670 eum
1359 620 1525 673 turba:
1560 621 1758 684 multat,
1809 620 1862 673 id

279 717 390 770 est,
443 707 620 773 primo
673 707 938 776 discipuli
991 709 1055 760 ad
1119 709 1274 761 iidem
1321 727 1335 763 :
1388 711 1614 766 secundi
1663 712 1860 766 iniirmi

281 815 382 862 pro
410 797 644 850 sanitate
669 813 683 852 :
716 798 858 851 tertii
884 800 1014 868 legis
1033 800 1213 867 periti,
1233 801 1298 853 ad
1318 803 1856 870 reprehendendum:

279 891 459 959 quarti
505 907 794 958 pauperes,
831 906 928 958 pro
979 892 1369 960 eieemosyna:
1420 894 1625 961 quinta:
1667 895 1862 950 mulie—

284 996 395 1041 res,
429 997 495 1033 ne
540 982 668 1047 ipsae
715 987 1071 1051 desperarent
1116 989 1306 1041 :scxti
1361 989 1739 1053 parvulorum,
1803 997 1860 1041 ut

283 1073 419 1126 dixit
460 1073 672 1127 :Sinite
728 1076 978 1142 parvulos
1041 1079 1214 1132 venire
1272 1079 1507 1147 (Matth.
1569 1096 1684 1145 xu,
1746 1079 1858 1152 14).

285 1164 534 1233 Decapoti
565 1181 581 1217 :
617 1166 667 1220 id
692 1176 794 1232 est,
856 1169 946 1238 qui
981 1169 1143 1224 verba
1187 1171 1322 1241 legis
1381 1174 1692 1237 observant,
1725 1184 1771 1227 et
1799 1174 1864 1226 de

282 1258 605 1326 Jerusalem,
629 1262 678 1313 id
703 1271 809 1321 est,
843 1263 985 1330 quod
1031 1264 1278 1320 videntes
1316 1281 1524 1334 pacem,
1583 1267 1861 1322 Christum

283 1351 456 1404 secuti
487 1365 687 1414 essent,
716 1363 766 1408 et
798 1355 861 1406 de
897 1353 1089 1409 Iudam
1123 1373 1139 1409 :
1163 1357 1212 1411 id
1250 1367 1351 1424 est,
1387 1359 1478 1428 qui
1515 1375 1613 1430 per
1641 1361 1858 1416 confes-

284 1442 497 1495 sEOnetn
527 1445 697 1497 secuti
726 1456 849 1500 sunt
881 1447 1184 1501 Christum.

357 1532 516 1602 (Cap.
559 1535 618 1588 V.
653 1566 714 1576 --
750 1535 894 1591 Vers.
933 1540 1006 1608 1.)
1046 1539 1234 1595 Videas
1263 1531 1434 1596 autem
1465 1543 1622 1597 Jesus
1649 1544 1859 1601 turbas.

285 1627 415 1681 lam
451 1639 684 1697 quatuor
710 1631 880 1684 turbae
911 1646 1110 1688 secutze
1139 1648 1264 1688 sunt
1293 1636 1601 1700 Christum.
1640 1648 1694 1694 et
1729 1640 1861 1710 ipsa:

283 1729 518 1787 quatuor
535 1733 839 1791 sequuntur
858 1725 1153 1780 Ecclesium
1182 1745 1194 1781 :
1223 1729 1394 1796 prima
1418 1744 1470 1783 ut
1493 1734 1557 1785 ad
1578 1733 1857 1787 Christum

282 1828 379 1879 per
408 1814 659 1867 timorem
697 1824 748 1870 ct
798 1830 1062 1884 amorem,
1113 1818 1239 1874 item
1299 1822 1365 1875 ad
1409 1823 1702 1878 Ecclesiam
1765 1840 1854 1879 ve-

283 1909 434 1956 niuttl
466 1911 772 1970 ;secund.-i,
800 1909 892 1977 qui
920 1925 1018 1980 pro
1039 1912 1342 1981 cupiditate
1380 1915 1485 1969 cibi
1520 1926 1612 1969 aut
1645 1927 1802 1985 potus
1839 1936 1853 1984 ;

282 1999 465 2060 tertia,
519 2015 621 2068 pro
685 2002 909 2064 invidia,
967 2012 1023 2058 ut
1062 2006 1295 2062 habeant
1363 2011 1506 2077 quod
1559 2024 1854 2078 accusent;

279 2105 473 2144 uuarta
508 2093 782 2148 doctores.
819 2095 1074 2152 Christus
1134 2101 1231 2152 tria
1292 2102 1502 2169 relugia
1540 2103 1748 2165 habuit,
1796 2117 1858 2159 ιιι

280 2185 492 2250 ingeret
523 2186 734 2252 turbas,
769 2188 820 2240 in
861 2201 1062 2254 monte,
1097 2193 1148 2244 in
1176 2191 1416 2257 deserto,
1449 2197 1498 2247 in
1537 2213 1672 2251 nave
1697 2215 1857 2267 super

281 2294 477 2342 mare;
525 2280 636 2333 tunc
685 2282 785 2333 tria
837 2283 997 2336 nobis
1049 2285 1349 2353 relinquit;
1403 2288 1457 2341 in
1508 2290 1852 2345 altitudinem

277 2374 658 2425 tnatnlatorum
698 2375 1028 2431 descendere
1061 2382 1114 2432 in
1147 2380 1386 2446 deserto,
1417 2383 1671 2437 deserere
1703 2385 1850 2450 vitia,

274 2475 329 2519 et
369 2465 421 2517 in
459 2466 722 2520 unitatem
773 2468 1033 2525 ECClerlle
1065 2472 1293 2528 intrare.
1336 2476 1503 2533 Navis
1559 2478 1854 2533 Ecclesium

278 2560 599 2627 significat:
638 2570 694 2614 ut
747 2564 837 2631 qui
872 2565 1033 2618 habet
1069 2567 1496 2636 gubernatorem
1527 2581 1579 2624 et
1616 2574 1857 2639 naviga-

279 2665 449 2719 tnres,
475 2663 527 2707 et
558 2671 716 2724 aqua,
750 2657 839 2724 qui
863 2659 1097 2728 jactant,
1141 2661 1196 2716 hi
1242 2664 1306 2714 de
1343 2679 1503 2718 nave.
1555 2664 1702 2718 idem
1739 2669 1855 2734 epi-

276 2749 452 2815 scopi,
476 2749 908 2815 etlaboratores,
937 2755 1098 2822 etqni
1129 2755 1431 2810 ministeria
1451 2757 1592 2811 intus
1626 2759 1855 2822 faciunt,

278 2850 331 2891 et
367 2852 484 2894 tres
544 2837 828 2896 odendunt
873 2861 1063 2903 naves.
1100 2847 1400 2914 periculum
1449 2849 1500 2902 in
1555 2851 1738 2918 undis,
1802 2852 1854 2904 in

279 2939 464 2993 vento,
516 2931 570 2985 in
643 2933 842 2989 silice:
879 2935 957 2988 sic
1015 2935 1270 2990 Ecclesize
1324 2938 1621 3006 periculum
1676 2940 1855 3004 undis,

279 3025 601 3078 tentationis
631 3026 850 3090 diaboli,
887 3027 937 3081 in
966 3037 1130 3081 vento
1156 3040 1527 3108 peccatorum,
1559 3030 1610 3083 in
1661 3031 1815 3086 silice
1839 3069 1854 3096 .

1973 543 2078 578 non
2105 528 2340 596 tangitur
2379 526 2484 580 ulla
2513 527 2854 581 conscientia
2883 529 3113 597 peccati,
3151 528 3278 597 quia
3315 531 3550 584 mundus

1973 618 2116 672 Deus
2154 619 2382 672 nmndos
2413 621 2576 672 corde
2613 619 2855 687 respicit.

2047 708 2343 779 (Vers.9.)
2406 711 2561 766 Beati
2621 712 2879 780 paciﬁci:
2922 713 2972 766 id
3031 720 3140 776 est,
3203 713 3254 765 in
3317 722 3550 782 quatuor

1970 813 2185 870 partes;
2220 803 2579 870 iuterDenm,
2650 813 2702 857 et
2771 804 3050 859 hominem
3109 813 3163 858 et
3217 805 3546 874 proximum,

1969 899 2107 950 inter
2140 899 2410 952 hominem
2443 908 2494 952 ct
2550 901 2784 952 emicant
2841 916 3020 954 suum.
3069 900 3292 969 Oportet
3339 901 3548 954 vitium

1967 991 2142 1052 odire,
2172 1000 2225 1043 et
2257 992 2534 1045 hominem
2569 993 2815 1061 diligere.

2043 1083 2223 1150 (γεγε.
2266 1083 2380 1151 10.)
2441 1082 2591 1136 Beati
2646 1068 2742 1152 qui
2792 1086 3208 1154 persecutionem
3271 1088 3549 1156 patiuntur

1969 1185 2182 1244 propter
2208 1175 2575 1244 justitiam,”
2600 1187 2704 1242 εει,
2737 1177 2791 1230 in
2818 1177 3063 1232 Christo.
3133 1177 3226 1231 lite
3254 1186 3378 1231 actu
3411 1177 3543 1231 hea-

1969 1267 2229 1321 titudines
2258 1269 2322 1320 ad
2356 1277 2480 1321 octo
2512 1269 2756 1323 homines
2795 1272 3095 1338 pertinent,
3130 1271 3219 1338 qui
3251 1270 3470 1323 {uerunt
3492 1271 3543 1322 in

1965 1373 2116 1421 arca,
2151 1370 2204 1413 et
2235 1361 2394 1412 modo
2434 1359 2634 1414 debent
2671 1377 2813 1426 esse,
2847 1363 2971 1432 quia
3030 1375 3238 1431 septem
3291 1363 3546 1417 mulieres

1965 1467 2132 1504 unum
2167 1452 2340 1504 virum
2376 1451 2680 1507 habuerunt
2705 1453 2979 1508 Christum
3015 1455 3106 1509 :id
3141 1464 3244 1519 est,
3282 1456 3332 1508 in
3358 1469 3541 1508 resur-

1965 1545 2228 1597 rcctinne.
2258 1543 2350 1597 "te
2377 1555 2500 1599 ueto
2531 1545 2897 1600 beatitudines
2924 1548 2974 1599 in
3009 1547 3226 1601 Christo
3269 1547 3546 1614 compleo-

1966 1644 2073 1688 tttr.
2099 1634 2249 1690 Beati
2273 1652 2542 1704 pauperes
2558 1637 2755 1706 spiritu
2780 1653 2794 1691 :
2820 1637 2989 1692 Filius
3021 1639 3244 1691 hominis
3268 1655 3369 1691 non
3391 1637 3544 1691 habet

1964 1725 2052 1776 ubi
2082 1732 2242 1793 caput
2273 1726 2488 1780 reclinet
2514 1726 2732 1795 (Matth.
2759 1727 3007 1796 vnt,20).
3040 1727 3186 1780 Beati
3220 1727 3378 1780 mites
3409 1745 3423 1781 :
3452 1725 3547 1779 Di.

1961 1821 2088 1873 scite
2113 1835 2143 1871 a
2176 1835 2276 1882 me,
2319 1819 2440 1887 quia
2470 1819 2609 1873 mitis
2637 1837 2750 1874 sum
2775 1818 2990 1889 (Matth.
3022 1837 3099 1882 XI,
3123 1819 3237 1890 ‘29).
3277 1817 3422 1873 Beati
3452 1818 3542 1888 qui

1960 1909 2141 1979 lugent
2170 1929 2183 1965 :
2230 1911 2420 1964 l'idens
2443 1912 2709 1965 civitatem
2742 1911 2885 1981 ﬂevit
2909 1928 3066 1979 super
3095 1929 3210 1966 eam
3243 1910 3394 1981 (Luc.
3425 1925 3540 1974 χιιι,

1958 2003 2070 2072 41).
2107 2003 2258 2059 Beati
2284 2004 2372 2072 qui
2396 2005 2642 2058 esuriant
2677 2021 2691 2060 :
2724 2003 2868 2059 Meus
2891 2005 3037 2058 cibus
3063 2015 3140 2059 est
3165 2005 3430 2073 utfaciam
3454 2023 3545 2060 vo-

1959 2092 2210 2146 luutatem
2225 2093 2401 2147 Patris
2421 2099 2522 2148 mei
2541 2093 2723 2164 (Joan.
2748 2110 2822 2156 tv,
2844 2095 3113 2164 5.5).Beati
3138 2097 3540 2159 misericordes,

1961 2185 2011 2238 id
2039 2194 2142 2246 est,
2175 2185 2599 2239 .lllisericordium
2619 2187 2751 2254 rolo,
2779 2199 2826 2240 et
2849 2203 2951 2241 non
2971 2187 3294 2255 sacriﬁcium
3318 2185 3536 2256 (Matth.

1960 2278 2143 2343 tx,l5.
2177 2277 2286 2347 l-i).
2313 2279 2458 2332 Beati
2481 2279 2682 2333 mundo
2705 2281 2888 2340 corde.
2912 2280 3064 2334 idest
3091 2297 3104 2332 :
3138 2278 3318 2333 Eslotc
3347 2281 3540 2337 sancti.

1959 2371 2205 2440 quoniam
2261 2386 2353 2438 ego
2413 2381 2625 2425 sanctus
2666 2387 2802 2425 sum.
2873 2371 3021 2424 Beati
3055 2370 3264 2440 paciﬁci
3303 2388 3316 2424 :
3355 2369 3543 2424 Pacem

1959 2478 2127 2514 meum
2160 2463 2225 2514 do
2262 2463 2404 2516 vobis
2467 2462 2664 2532 (Joan.
2704 2478 2817 2528 XIV,
2850 2462 2944 2524 9.7)
2981 2472 3033 2517 et
3096 2463 3324 2532 reliqua.
3394 2459 3544 2514 Beati

1958 2557 2050 2624 qui
2080 2556 2514 2624 persecutionem
2547 2554 2850 2623 patiuntur,
2890 2555 2942 2609 id
2975 2563 3058 2608 est
3093 2570 3106 2606 :
3152 2553 3210 2608 Si
3264 2568 3344 2606 me
3371 2569 3545 2620 ρεπεν

1959 2645 2066 2696 cuti
2096 2652 2240 2706 sunt,
2274 2652 2325 2695 et
2357 2659 2445 2696 eos
2473 2653 2858 2712 persequentur
2915 2643 3092 2711 (Joan.
3131 2659 3220 2709 xv,
3253 2642 3367 2708 ‘20).

2031 2734 2208 2801 (νοτε.
2243 2735 2328 2799 15,
2366 2735 2480 2804 ll.)
2534 2735 2632 2789 Vos
2675 2738 2802 2790 estis
2841 2735 2922 2788 sal
2972 2744 3145 2790 teme.
3180 2737 3237 2788 Id
3272 2743 3378 2799 est,
3414 2750 3545 2805 apo-

1960 2827 2086 2881 stoli
2143 2835 2196 2880 et
2249 2829 2506 2882 doctores
2556 2827 2859 2882 dicuntur:
2912 2838 3088 2890 teri-cc.
3129 2826 3293 2895 hujus
3346 2827 3534 2880 mundi

1959 2916 2181 2972 dicitur.
2218 2915 2370 2982 Quod
2397 2917 2444 2969 si
2477 2918 2558 2970 sal
2589 2916 2880 2980 cvanuerit,
2913 2926 2967 2968 et
2996 2916 3225 2985 reliqua.
3263 2913 3319 2969 Si
3355 2915 3548 2970 doctor

1961 3009 2245 3072 erraverit,
2277 3009 2332 3063 in
2361 3024 2468 3078 quo
2509 3009 2872 3064 emendatur?
2907 3008 2997 3064 Sal
3052 3019 3293 3078 saporat,
3331 3024 3546 3064 vermes

275 3122 434 3177 falsis
470 3119 760 3174 fratribus.
795 3117 1024 3184 Quando
1058 3121 1390 3175 ascendebat
1425 3101 1476 3174 in
1522 3130 1760 3176 montem
1784 3122 1857 3177 si-

1969 3101 2175 3156 nccidit.
2219 3101 2551 3170 Prajiciatur
2600 3112 2648 3155 et
2707 3101 3049 3156 conculcetur
3105 3103 3168 3156 ab
3225 3102 3543 3164 hominibus,

277 3218 578 3286 gnificahat
601 3214 867 3277 theorica,
907 3215 1084 3276 idest,
1145 3214 1561 3281 contemplativa
1595 3231 1610 3270 ι
1639 3217 1858 3283 quando

275 3304 588 3365 de~cendit,
629 3302 786 3355 docet
811 3303 1070 3370 practica,
1106 3303 1158 3356 id
1194 3311 1300 3367 εει,
1339 3303 1575 3359 actuale.
1619 3303 1690 3357 Et
1739 3321 1858 3360 cum

276 3399 524 3458 sedisset,
559 3395 765 3450 indicat
783 3395 1212 3449 incarnationem
1239 3396 1359 3462 eius
1389 3410 1493 3449 non
1516 3396 1855 3464 apparuisse,

275 3490 406 3557 quia
461 3487 557 3555 qui
613 3485 780 3545 sedit,
809 3487 1138 3539 vestimento
1169 3498 1367 3554 corpus
1397 3499 1551 3538 suum
1586 3483 1849 3538 defendit.

350 3579 562 3648 (νει-ε.
617 3578 826 3647 1-5.)
889 3578 1231 3630 Accesserant
1295 3578 1365 3630 ad
1431 3594 1546 3632 eum
1607 3577 1860 3646 discipuli

273 3677 392 3746 ejus
428 3674 526 3727 :id
582 3679 686 3736 est,
728 3683 925 3739 corpus
983 3679 1039 3724 et
1096 3669 1298 3725 anima.
1365 3669 1430 3724 Et
1490 3669 1731 3737 aperiens
1802 3686 1857 3723 os

277 3781 457 3826 nium,
491 3762 544 3817 id
574 3771 674 3824 est,
711 3761 802 3828 qui
839 3760 1053 3828 aperuit
1098 3774 1192 3813 ora
1226 3758 1640 3828 prophetarum.
1701 3757 1859 3812 Beati

275 3875 535 3929 pauperes
569 3857 786 3925 spiritu,
821 3855 872 3909 id
906 3862 1013 3921 est,
1043 3854 1131 3923 qni
1161 3868 1256 3921 pro
1284 3852 1487 3923 Spiritu
1511 3863 1700 3909 sancto
1731 3871 1862 3921 pau-

274 3967 438 4016 peres
469 3959 618 4010 sunt,
654 3964 776 4003 cum
842 3947 1040 4002 divites
1070 3960 1190 4000 esse
1223 3946 1453 4014 possint.
1486 3943 1642 3999 Beati
1678 3947 1856 4012 mites,

275 4044 330 4095 id
367 4051 474 4105 est,
514 4041 607 4111 qui
644 4039 772 4112 nulli
807 4039 1004 4093 malum
1041 4054 1136 4108 pro
1167 4037 1309 4092 male
1343 4037 1518 4093 reddit
1551 4053 1567 4105 ;
1609 4039 1859 4108 quoniam

272 4141 294 4192 i
318 4139 378 4192 isi
409 4136 749 4204 possidebunt
775 4145 992 4199 terram,
1016 4136 1082 4187 de
1109 4149 1209 4200 qua
1239 4132 1462 4200 dicitur,
1493 4133 1646 4187 credo
1665 4136 1859 4196 videre,

274 4241 331 4281 et
360 4228 594 4295 reliqua.
625 4224 779 4279 Beati
803 4224 891 4293 qui
925 4224 1102 4293 lugent
1131 4240 1290 4283 nunc.
1323 4239 1429 4278 non
1465 4225 1532 4278 de
1561 4226 1707 4279 omni
1735 4225 1858 4280 fletu

275 4321 386 4372 hoc
419 4317 554 4370 dicit
598 4316 734 4370 τεεὰ
795 4315 863 4368 de
907 4315 1104 4379 tribus,
1154 4329 1294 4382 quos
1351 4314 1610 4368 secndum
1647 4324 1860 4383 Oportet

277 4411 486 4461 habere
523 4423 538 4463 :
575 4407 808 4476 primum
864 4405 1048 4459 ﬂetum
1095 4421 1190 4476 pro
1228 4416 1454 4474 peccato
1483 4423 1581 4460 suo
1614 4422 1630 4463 :
1661 4422 1855 4460 secum-

275 4505 434 4563 dum,
471 4516 569 4568 pro
609 4507 834 4566 peccato
872 4499 1107 4565 proximi
1144 4516 1158 4552 :
1191 4499 1352 4554 tertio
1403 4515 1499 4569 pro
1531 4514 1718 4553 amore
1748 4515 1856 4554 ca:-

273 4594 404 4647 ln'sti
479 4594 755 4657 Lacrvma:
802 4603 912 4648 tres
963 4600 1188 4646 naturas
1227 4593 1426 4648 habent
1457 4612 1470 4648 :
1501 4610 1706 4657 amara,
1762 4609 1860 4662 pro

276 4696 507 4752 peccato
553 4701 659 4738 non
697 4685 825 4739 ﬂere
856 4701 870 4741 :
904 4686 1106 4751 calida,
1142 4704 1236 4756 per
1273 4689 1514 4741 calorem
1577 4687 1859 4741 tharitutés

276 4777 515 4842 proximi
551 4777 753 4832 deﬂere
787 4779 1007 4842 delicta,
1059 4779 1241 4847 jaceat
1269 4795 1295 4833 a
1347 4780 1486 4834 male
1521 4780 1560 4843 ί,
1587 4794 1684 4847 ιντο
1738 4779 1858 4846 ei“

273 4885 468 4925 amore
525 4869 675 4924 ﬂere.
713 4869 912 4926 Tribus
970 4875 1150 4925 causis
1203 4871 1452 4942 lacrymze
1510 4871 1855 4925 funduntur:

277 4979 380 5028 pro
416 4960 819 5026 recordatione,
850 4979 943 5031 pro
989 4962 1186 5018 timore
1227 4962 1418 5026 futuri,
1459 4977 1558 5032 pro
1613 4961 1854 5032 peregri-

277 5055 523 5107 natione.

357 5145 536 5213 (Vers.
572 5143 714 5212 6-8.)
750 5143 900 5196 Beati
942 5145 1031 5212 qui
1091 5144 1352 5202 esuriant.
1397 5151 1450 5197 et
1509 5143 1716 5212 reliqua
1759 5141 1854 5199 :id

270 5247 387 5300 est,
418 5237 501 5290 cui
523 5252 628 5290 non
661 5237 858 5290 MlmCll
885 5238 1143 5307 quidquid
1168 5239 1292 5290 boni
1325 5237 1470 5298 facit,
1496 5235 1601 5290 nisi
1622 5235 1856 5304 amplius

277 5329 463 5382 facere
529 5331 657 5382 vult.
702 5327 814 5396 Ipsi
873 5331 1286 5391 saturabttntur,
1321 5329 1369 5382 id
1407 5338 1510 5390 est,
1576 5329 1627 5380 in
1691 5341 1856 5393 regno

279 5425 402 5477 υυὶ.
431 5422 578 5477 Beati
612 5424 980 5476 misericordes
1023 5439 1038 5476 :
1072 5424 1120 5477 id
1152 5433 1258 5487 est,
1289 5423 1380 5492 qui
1411 5423 1762 5480 mist-rentur,
1789 5421 1858 5474 de

277 5536 314 5570 ιι
344 5515 505 5572 ist-ria
537 5516 861 5582 liberantur,
887 5525 942 5570 et
981 5533 1101 5570 cum
1129 5518 1272 5570 dono
1307 5531 1410 5570 suo
1440 5517 1492 5568 in
1516 5514 1714 5569 cadum
1761 5529 1857 5567 va-

1960 3197 2011 3251 id
2055 3206 2174 3261 est,
2226 3205 2425 3252 exeant
2470 3207 2624 3252 extra
2672 3195 2972 3252 Ecclesiam
3023 3209 3078 3254 et
3126 3205 3448 3268 reputtntur
3489 3194 3546 3248 in

1961 3297 2114 3358 parte
2145 3290 2451 3359 gentilium.
2495 3289 2596 3344 Vos
2629 3292 2754 3345 estis
2800 3291 2893 3346 lux
2933 3292 3120 3345 mundi
3149 3307 3167 3345 :
3195 3292 3245 3346 id
3281 3303 3387 3356 est,
3423 3290 3544 3360 quia

1960 3381 2050 3435 lux
2086 3381 2350 3438 absconsa
2395 3383 2620 3449 revelat,
2648 3393 2702 3438 et
2730 3384 2986 3439 tenebras
3018 3383 3326 3449 illuminat,
3363 3382 3438 3436 ita
3488 3389 3540 3434 et

1961 3489 2057 3526 vos
2106 3476 2360 3531 tenebras
2409 3489 2762 3546 peccatorum
2822 3477 3146 3532 illuminate.
3189 3476 3340 3533 Alias
3391 3492 3546 3538 vero,

1960 3568 2105 3623 sicut
2134 3570 2215 3625 sol
2245 3585 2465 3639 semper
2497 3571 2552 3626 in
2589 3571 2728 3627 etelo
2768 3582 2972 3636 manet,
3027 3572 3097 3626 ita
3123 3581 3178 3628 et
3211 3587 3308 3627 vos
3333 3571 3406 3626 ibi
3437 3586 3550 3624 ma.

1961 3671 2110 3716 ncte.

2032 3753 2212 3824 (Vers.
2247 3754 2458 3825 14-16.)
2491 3753 2611 3808 Non
2642 3765 2809 3823 potest
2839 3756 3024 3810 civitas
3050 3754 3325 3809 abscondi.
3361 3754 3414 3808 ιιι
3442 3763 3547 3822 est,

1959 3845 2231 3912 Ecclesia,
2271 3861 2430 3916 super
2479 3859 2744 3912 montem;
2784 3847 2835 3902 id
2885 3857 2990 3912 est,
3032 3862 3196 3916 super
3241 3845 3544 3901 Christum.

1965 3935 2154 4008 Neque
2212 3936 2506 3990 accendunt
2560 3938 2848 4004 lucernam,
2897 3939 2949 3993 id
3003 3949 3108 4002 est,
3166 3937 3446 4006 apostolos
3496 3949 3551 3991 et

1961 4030 2235 4084 ductores.
2271 4029 2390 4083 Non
2413 4040 2611 4099 ponunt
2639 4031 2733 4084 sub
2761 4031 2960 4096 modio,
2986 4031 3038 4085 id
3068 4041 3172 4096 est,
3197 4032 3298 4085 sub
3321 4030 3545 4094 timore,

1962 4124 2042 4177 vel
2075 4112 2280 4176 amore.
2315 4120 2560 4188 Quatuor
2594 4123 2987 4179 similitudines
3023 4123 3222 4178 habent
3257 4122 3491 4191 apostoli
3528 4139 3544 4176 :

1961 4215 2063 4278 sal,
2088 4217 2192 4275 sol.
2219 4217 2460 4279 lucerna,
2487 4215 2704 4270 civitas.
2736 4215 2906 4285 Super
2932 4216 3331 4282 candelabrum,
3359 4215 3412 4268 id
3435 4226 3544 4278 est,

1962 4307 2220 4361 Ecclesia.
2265 4306 2332 4361 Ut
2387 4308 2557 4363 luceat
2609 4311 2847 4363 omnibus
2894 4311 2985 4378 qui
3021 4312 3073 4363 in
3105 4311 3261 4364 domo
3298 4320 3468 4364 sunt:
3495 4311 3552 4366 id

1961 4409 2064 4465 est,
2089 4400 2141 4454 in
2170 4401 2431 4465 Ecclesia,
2457 4405 2540 4457 vel
2570 4403 2624 4456 in
2652 4405 2876 4457 mundo.
2913 4404 3004 4457 Sic
3035 4404 3207 4456 luceat
3233 4403 3326 4456 lux
3353 4413 3549 4466 vestra,

1963 4495 2017 4548 id
2047 4506 2151 4560 est,
2181 4494 2453 4560 doctrina,
2485 4495 2599 4551 sive
2625 4498 2768 4551 bona
2795 4512 2979 4567 opera.
3017 4496 3085 4550 Et
3113 4497 3407 4566 gloriﬁcent
3441 4496 3552 4551 1³η-

1961 4594 2090 4638 trem
2124 4597 2375 4651 vestrum,
2410 4588 2459 4641 id
2492 4599 2596 4653 est,
2634 4588 2688 4642 in
2725 4587 3028 4643 benefactis
3059 4589 3277 4644 vestris.

2036 4679 2216 4750 (Vers.
2269 4683 2382 4746 17.)
2437 4677 2621 4736 Nolite
2692 4693 2913 4751 putare.
2976 4682 3104 4751 quia
3167 4681 3280 4736 νειιὶ
3353 4680 3550 4734 solvere

1959 4774 2146 4844 legem.
2182 4774 2237 4827 ιιι
2279 4783 2382 4841 εει,
2432 4776 2798 4844 quodcunque
2846 4788 2986 4844 opus
3034 4773 3238 4827 factum
3288 4781 3392 4834 est,
3431 4771 3548 4836 ipse

1961 4866 2224 4937 implevit.
2268 4867 2500 4940 Qpando
2558 4868 2651 4920 [iiii
2705 4868 2869 4922 Israel
2919 4873 3300 4929 peccaverunt,
3337 4862 3547 4932 Moyses

1963 4969 2016 5014 et
2041 4959 2168 5014 Levi
2203 4970 2316 5015 tres
2344 4961 2551 5030 gladios
2575 4962 2643 5014 ad
2670 4961 2962 5014 vindictam
2997 4973 3163 5028 super
3195 4972 3287 5010 ros
3318 4969 3544 5022 accepe-

1965 5063 2114 5117 runt,
2152 5053 2292 5120 quod
2325 5052 2577 5106 Christus
2609 5054 2734 5106 fecit
2772 5068 2895 5105 cum
2934 5053 3068 5105 dixit
3097 5069 3109 5103 :
3135 5048 3255 5102 Non
3302 5047 3416 5100 veni
3449 5061 3545 5112 pa-

1959 5162 2066 5198 cent
2099 5147 2322 5206 mittere,
2347 5146 2436 5199 sed
2464 5145 2700 5215 gladium
2728 5143 3159 5215 (.11αιιΙι.ιι,“5ι1).
3185 5139 3286 5195 Sed
3305 5122 3539 5208 ir'nplere,

1959 5239 2018 5293 id
2056 5250 2157 5302 est,
2196 5240 2338 5307 quod
2389 5242 2569 5294 minus
2618 5251 2756 5302 erat,
2793 5239 2916 5306 quia
2969 5248 3127 5290 vetus
3163 5234 3291 5300 Lex,
3329 5234 3375 5287 si
3425 5236 3544 5301 quis

1962 5333 2348 5392 adulterassut,
2383 5333 2559 5399 puniri
2587 5333 2813 5402 jubeh’tt
2846 5349 2858 5384 :
2903 5345 3049 5384 nunc
3079 5339 3259 5382 autezn
3293 5344 3395 5378 non
3429 5328 3542 5377 sul-

1961 5425 2125 5484 vitur,
2157 5423 2251 5477 sed
2303 5423 2578 5490 impletur,
2616 5439 2738 5477 cum
2791 5421 2990 5474 dzcitnr
3041 5423 3209 5489 (vers.
3250 5417 3340 5486 28)
3379 5431 3394 5471 :
3440 5415 3547 5481 Qui

1962 5513 2148 5567 viderit
2203 5512 2472 5567 mulierem
2512 5513 2580 5565 ad
2631 5512 3100 5578 concupiscendam
3130 5525 3284 5572 eam,
3330 5517 3383 5561 et
3415 5505 3548 5566 rdi-

363 5695 655 5751 ¹Ριιῐιει8ςρ
687 5697 896 5766 ριιιεεηε
931 5695 1058 5750 caelo
1093 5711 1109 5748 :
1139 5695 1232 5750 sed
1289 5708 1391 5747 non
1429 5691 1552 5746 lihet
1609 5691 1859 5758 augurari
1905 5707 2077 5763 neque
2103 5707 2278 5766 npt‘t‘zP.
2298 5693 2528 5763 pretium
2569 5699 2669 5748 est.
2698 5693 2987 5750 Innumcra
3025 5691 3128 5747 alia
3173 5692 3323 5751 taciti
3365 5703 3545 5752 etnon-

276 5771 498 5824 dantis.
