3934 6188
417 321 524 394 563

1362 326 1424 384 ε.
1464 303 1905 387 lllERONYMl
1949 327 2266 390 OPERUM
2311 330 2717 392 MANTISSA.

3566 325 3660 391 E04

415 449 517 500 qui
563 441 659 492 :et
707 433 901 486 iterum
935 452 950 488 :
988 434 1062 488 De
1096 438 1235 488 omni
1293 439 1447 491 verbo
1505 438 1692 501 otiow,
1736 440 1991 492 rationem
2021 447 2066 504 Α
2095 449 2331 508 quatuor
2379 441 2662 496 elementis
2707 443 2880 496 factus
2913 452 3018 497 est.
3061 440 3272 495 Audisti
3311 441 3435 510 quia
3473 440 3660 495 dictum

416 528 632 583 mittere
681 531 735 580 in
786 527 872 580 die
911 526 1105 595 judicii
1155 526 1368 594 (Matth.
1408 544 1504 591 xtl,
1539 529 1652 598 56).
1695 531 1835 583 Ecce
1881 547 1991 584 non

417 623 538 674 t~.>...i
602 622 811 672 solm-re
861 622 1056 686 leg-tn.
1109 621 1204 674 sed
1253 635 1452 688 augere
1492 622 1636 690 quod
1682 633 1837 677 vetus
1884 641 1994 679 non

415 713 565 782 dixit.

484 809 550 876 (ν
587 825 660 861 rs.
701 807 810 878 i8.)
851 809 1014 862 Amen
1061 808 1180 862 dico
1222 808 1388 863 vobis.
1423 812 1608 875 Amen,
1641 809 1690 864 id
1722 819 1826 876 εει,
1858 829 1992 878 aere,

411 903 522 953 »ινα
562 899 808 954 ﬁdeliter.
851 898 976 954 Iota
1027 917 1210 964 unum,
1248 915 1446 954 nomen
1477 901 1696 964 litterm,
1729 919 1851 972 qua:
1883 920 1994 960 uno

411 999 574 1048 ducto
621 993 678 1046 ﬁt
721 995 855 1048 deca
880 994 1125 1056 ‘littera,
1159 995 1210 1048 id
1246 1006 1350 1057 est,
1387 996 1573 1050 decem
1611 997 1774 1051 verba
1809 997 1990 1067 Legis,

407 1083 551 1148 apud
597 1083 818 1140 Gracos
878 1085 1106 1150 litterae,
1151 1085 1297 1154 quod
1358 1101 1460 1141 nos
1513 1102 1680 1140 unum
1731 1087 1989 1144 diximus.

413 1174 559 1230 (Inus
592 1191 747 1245 apex,
783 1192 952 1230 unum
1004 1186 1289 1244 punctum,
1327 1182 1391 1233 ad
1428 1179 1698 1244 litteram;
1738 1182 1803 1234 ad
1849 1196 1992 1235 sen—

408 1285 530 1321 :‘tlln
577 1279 780 1335 autem,
813 1271 1039 1324 mi-aima
1087 1271 1334 1324 mandata
1373 1272 1551 1342 Legis.
1593 1272 1769 1326 Donec
1813 1277 1991 1329 omnia

407 1363 561 1427 ﬁant,
586 1363 711 1433 quia
738 1379 857 1433 quae
884 1365 1000 1432 lege
1021 1365 1243 1419 minima
1270 1363 1511 1432 fuerunt,
1534 1368 1691 1436 plena
1717 1372 1990 1439 mysteri's

411 1457 581 1521 ﬁant;
615 1455 722 1510 iota
754 1467 910 1510 vetus
941 1455 1074 1522 Lex,
1108 1471 1244 1526 ape;
1282 1457 1450 1511 Nova.

480 1547 660 1620 (Vera.
696 1550 783 1612 19,
815 1549 930 1620 20.)
967 1550 1070 1615 Qui
1109 1551 1247 1605 enim
1294 1552 1505 1606 solverit
1538 1569 1703 1607 unum
1738 1554 1802 1608 de
1833 1571 1988 1609 man-

406 1643 551 1696 datis
601 1644 720 1698 istis
769 1644 1027 1700 minimis.
1077 1645 1134 1699 ll
1184 1657 1288 1709 εει,
1327 1647 1417 1715 qui
1457 1647 1683 1702 multum
1720 1649 1900 1714 docet,
1933 1660 1990 1705 et

409 1735 633 1789 minime
684 1736 894 1804 implet.
957 1735 1219 1792 Pbarismi
1275 1740 1591 1794 cxcolantes
1642 1739 1894 1806 culicem,
1936 1750 1990 1794 et

2098 540 2174 584 est
2212 533 2465 600 antiquis,
2497 534 2616 587 Non
2649 535 3010 599 mmehaberis,
3044 534 3096 587 id
3129 543 3236 589 est.
3263 548 3371 585 non
3407 532 3664 588 adultera.

2099 621 2196 674 bis.
2234 622 2338 687 Qui
2371 624 2553 677 viderit
2601 625 2876 678 mulierem
2916 625 2986 677 ad
3030 624 3498 690 concupiscendum
3532 641 3659 679 eam.

2102 714 2228 768 Dum
2257 717 2714 785 concupiscentia:
2746 728 2894 780 sunt,
2927 719 3122 786 prima,
3153 733 3316 786 quam
3357 719 3401 771 si
3447 720 3664 786 pus-ili-

2097 807 2220 862 litas
2266 819 2528 877 sequatur
2587 809 2838 874 affectus,
2879 811 3058 880 operis
3103 825 3212 864 non
3264 811 3549 880 sequitur;
3589 827 3662 866 se-

2096 899 2272 955 cunda
2303 915 2424 970 quin
2458 911 2891 970 consummatur,
2923 904 2968 957 si
3003 904 3344 974 possibilitas
3371 913 3621 974 suppetat
3648 921 3663 964 :

2097 993 2399 1048 mmehatus
2430 993 2484 1048 in
2512 1010 2760 1064 corpore,
2789 1007 2852 1050 et
2872 998 2923 1050 in
2954 997 3120 1050 corde
3151 998 3233 1050 ﬁt.

2166 1088 2343 1159 (Vers.
2377 1089 2468 1154 29,
2500 1090 2615 1159 50.)
2658 1091 2719 1146 Si
2763 1093 2946 1145 oculus
2982 1100 3104 1144 tuus
3134 1093 3318 1145 dexter
3343 1090 3665 1145 scandalizat

2097 1189 2166 1246 te,
2212 1197 2337 1234 erue
2363 1197 2502 1246 eum,
2535 1191 2584 1235 et
2613 1183 2814 1251 projice
2852 1183 2947 1237 abs
2978 1195 3046 1239 te.
3079 1185 3135 1237 ld
3171 1193 3273 1248 est,
3307 1183 3563 1252 princeps
3595 1181 3666 1236 vel

2096 1274 2284 1328 doctor
2313 1285 2459 1339 tuus,
2493 1291 2642 1338 erue,
2669 1277 2719 1330 id
2750 1286 2852 1341 est,
2882 1293 3073 1346 separa
3101 1292 3224 1330 eum
3256 1291 3285 1328 a
3315 1287 3386 1340 te,
3415 1277 3458 1330 si
3491 1287 3545 1330 te
3581 1275 3662 1330 Dei

2095 1368 2320 1422 servitio
2348 1369 2722 1438 prohibuerit;
2753 1386 2918 1424 unum
2947 1371 3252 1425 membrum
3288 1379 3459 1434 tuum,
3489 1369 3541 1422 id
3573 1379 3663 1432 est,

2095 1458 2290 1514 melius
2329 1470 2415 1514 est
2467 1461 2561 1514 tibi
2591 1470 2648 1514 ut
2685 1461 2938 1531 princeps
2977 1470 3185 1531 pereat,
3221 1449 3382 1530 quam
3416 1476 3542 1514 cum
3579 1461 3664 1515 illo

2095 1553 2256 1605 vadas
2283 1552 2334 1604 in
2359 1550 2658 1606 infernum.
2685 1552 2907 1619 Oculus,
2935 1553 2985 1607 id
3017 1562 3119 1616 εει,
3140 1552 3465 1606 desiderium
3494 1562 3664 1628 tuum,

2093 1645 2215 1712 quia
2238 1657 2439 1712 corpus
2467 1658 2562 1712 per
2583 1645 2734 1698 illum
2763 1644 2816 1698 in
2840 1645 3150 1714 gehennam
3182 1644 3434 1698 mittitur.
3469 1643 3664 1697 Dextra

2093 1755 2301 1804 manus,
2325 1739 2378 1794 id
2405 1749 2511 1802 εει,
2541 1739 2808 1801 minister,
2841 1748 2933 1792 aut
2966 1739 3043 1792 ira
3074 1747 3165 1792 tua
3201 1737 3575 1795 :scandalisat
3600 1745 3663 1799 te,

407 1829 684 1895 cameluru
716 1829 1008 1896 glutientes
1041 1845 1058 1896 ξ,
1088 1830 1141 1884 id
1170 1840 1270 1894 est,
1303 1832 1394 1899 qui
1434 1832 1554 1886 aliis
1593 1833 1816 1888 minime
1851 1850 1984 1901 prm-
2020 1813 2060 1865 Β
2093 1833 2143 1886 id
2191 1841 2294 1894 est,
2327 1831 2562 1885 amanda
2600 1847 2629 1885 a
2665 1840 2716 1886 te
2748 1849 2761 1884 :
2799 1848 3009 1896 manus,
3041 1832 3092 1886 id
3144 1842 3248 1898 est,
3279 1847 3415 1901 opus
3465 1831 3662 1884 ma‘um

410 1922 573 1986 dicat,
607 1931 662 1976 ct
694 1922 793 1976 sibi
833 1923 1037 1992 majora
1082 1925 1389 1978 committit.
1431 1923 1684 1980 Minimus
1721 1927 1989 1980 vocabitur

411 2016 466 2088 iu
516 2032 671 2083 regno
717 2015 984 2081 caelorum,
1024 2016 1074 2070 id
1116 2026 1216 2082 cst,
1258 2019 1310 2069 in
1361 2016 1626 2074 Ecclesia.
1666 2019 1789 2072 Nisi
1821 2019 1988 2073 abun-

406 2109 603 2172 daverit
628 2107 842 2176 justitia
873 2120 1038 2162 vestra
1069 2109 1187 2174 plus
1217 2125 1376 2179 quam
1405 2112 1701 2180 scribarum
1730 2120 1778 2164 cl
1807 2111 1987 2180 phari-

408 2217 634 2253 su-orum
667 2217 686 2254 :
719 2200 846 2270 quia
901 2201 975 2255 illi
1027 2216 1222 2272 magna
1267 2202 1570 2265 docebant,
1613 2213 1669 2257 et
1712 2203 1984 2258 modicum

403 2292 698 2372 incubant,
737 2295 822 2348 vel
860 2294 986 2365 quia
1028 2294 1130 2348 alia
1173 2295 1428 2350 mandata
1470 2297 1538 2350 de
1579 2298 1693 2366 lege
1733 2299 1986 2365 repudia-

405 2387 564 2460 bant;
599 2374 742 2456 'qute
795 2402 904 2441 non
953 2390 1238 2451 amabant,
1287 2403 1396 2442 non
1455 2389 1728 2456 dicebant,
1769 2404 1822 2446 et
1867 2407 1986 2460 qua:

403 2482 563 2556 amab
583 2490 682 2542 int,
714 2482 989 2535 d'cebant.

475 2574 657 2642 (νει-ε.
688 2575 779 2636 21,
810 2574 926 2644 22.)
959 2575 1199 2628 Audistis
1232 2576 1354 2643 quia
1393 2577 1591 2628 dictum
1625 2587 1698 2629 est
1730 2578 1980 2644 antiquis,

405 2685 503 2721 non
534 2667 760 2746 occides,
787 2667 836 2721 id
869 2674 973 2732 est,
1002 2681 1112 2721 non
1141 2667 1354 2722 solvere
1382 2667 1577 2737 legem.
1610 2670 1712 2733 Qui
1735 2671 1986 2724 irascitur

401 2763 568 2842 fratri
595 2776 690 2814 suo
721 2777 740 2814 .'
773 2759 824 2815 id
855 2771 956 2823 με’,
987 2760 1064 2814 ira
1100 2760 1152 2814 in
1185 2760 1350 2814 corde
1379 2760 1499 2814 sine
1533 2775 1687 2837 voce,
1715 2777 1842 2816 reus
1883 2765 1986 2818 erit

399 2856 452 2927 tu
485 2855 714 2924 judicio,
753 2853 805 2908 id
837 2861 944 2920 est,
983 2853 1036 2908 in
1071 2854 1154 2906 die
1200 2853 1409 2922 iudicii.
1450 2853 1647 2918 Raclm,
1677 2854 1727 2908 id
1763 2865 1866 2917 est,
1894 2873 1983 2910 ra-

399 2963 552 3014 cuus,
587 2947 669 3000 vel
702 2947 899 3001 inanis.
946 2944 1141 3010 Fatue,
1175 2946 1227 3000 id
1261 2953 1366 3011 est,
1400 2949 1521 3003 sine
1555 2948 1777 3001 cert-bro
1812 2965 1828 3004 :
1863 2965 1982 3004 reus

397 3039 491 3116 qri:
536 3042 784 3107 geltcnna:
830 3038 991 3109 ignis.
1029 3037 1076 3089 id
1123 3045 1226 3102 est,
1262 3037 1511 3112 geltenna
1556 3038 1750 3107 dupler
1794 3054 1978 3108 paena.

395 3143 463 3185 eo
491 3127 631 3196 quod
663 3129 902 3183 animam
933 3137 986 3183 et
1014 3144 1212 3198 corpus
1241 3130 1417 3198 punit.

470 3222 650 3293 (νει-ε.
681 3223 772 3286 23,
799 3223 916 3292 ‘25.)
952 3221 1012 3278 Si
1041 3223 1231 3292 oﬁ'eres
1268 3239 1454 3276 munus
1491 3232 1636 3275 tuum
1679 3225 1748 3276 ad
1784 3223 1974 3288 altare,

396 3323 452 3368 et
486 3313 690 3382 reliqua
724 3331 738 3368 :
770 3315 899 3369 vade
932 3299 1272 3380 reconciliari
1295 3314 1454 3384 fratri
1484 3325 1608 3378 tuo;
1645 3314 1698 3368 id
1729 3324 1832 3377 est,
1865 3333 1979 3368 utu-

399 3423 524 3474 nus,
559 3408 890 3477 orationem,
949 3406 1281 3482 oblationem
1322 3417 1417 3461 aut
1452 3407 1687 3477 teipsum
1723 3408 1788 3461 ad
1829 3423 1978 3462 com-

398 3483 718 3572 munionem
753 3499 916 3561 oders
949 3517 962 3553 :
997 3514 1270 3568 nunquam
1308 3500 1373 3554 ad
1418 3499 1716 3572 Ecclesium
1754 3501 1980 3556 venien-

397 3588 526 3642 dum
557 3598 661 3652 est,
698 3603 981 3658 usquequo
1026 3587 1181 3644 fratri
1215 3605 1324 3644 non
1360 3590 1824 3646 reconciliabcris.
1865 3590 1976 3645 lie-

397 3682 574 3750 linque
621 3682 692 3734 ibi
745 3697 935 3736 munus
985 3691 1132 3736 tuum
1167 3695 1186 3735 :
1217 3683 1495 3752 quomodo
1541 3683 1643 3756 b‘oc
1690 3685 1975 3752 impletum

401 3773 544 3827 erit?
579 3774 782 3841 pariter
827 3775 1016 3830 ambos
1053 3775 1319 3846 increpat,
1357 3776 1399 3831 si
1435 3785 1520 3831 est
1553 3776 1608 3831 in
1646 3777 1974 3848 pr0pinquo,

395 3865 556 3946 b-tie,
593 3876 650 3921 et
678 3866 721 3922 si
752 3868 932 3938 longe,
965 3877 1148 3923 mente
1189 3878 1368 3924 tamen
1402 3869 1566 3925 debet
1595 3870 1976 3935 reconciliare,

396 3969 454 4039 et
489 3958 600 4029 jam
635 3960 780 4032 quod
826 3960 1030 4016 dictum
1071 3971 1176 4028 est,
1209 3978 1334 4018 cum
1375 3963 1629 4026 omnibus
1664 3964 1978 4019 hominibus

401 4069 590 4134 pacem
630 4052 854 4108 trahere.

470 4145 944 4226 (Vet°s._2_5.),E_slo
965 4149 1292 4202 consentiens
1317 4149 1622 4224 adversario
1650 4161 1763 4215 tuo,
1787 4151 1840 4205 id
1870 4161 1971 4219 est,

398 4223 750 4327 Evanqeliutn
780 4255 798 4294 :
836 4241 962 4292 dum
994 4256 1046 4294 es
1077 4241 1128 4294 in
1163 4243 1251 4304 eia
1289 4257 1407 4296 curn
1447 4259 1530 4305 eo,
1559 4243 1609 4296 id
1649 4254 1758 4307 est,
1793 4245 1843 4299 in
1875 4245 1975 4299 ista

397 4332 503 4392 vita
527 4348 552 4408 ;‘
587 4331 700 4410 sive
751 4331 1066 4388 adversario
1115 4340 1211 4387 tuo
1254 4333 1492 4400 diabolo.
1525 4345 1584 4387 ut
1636 4350 1751 4402 non,
1803 4337 1978 4393 facias

399 4424 544 4496 quod
573 4424 809 4502 suggerit
835 4424 955 4500 tibi,
987 4439 1057 4480 ne
1106 4424 1204 4490 tibi~
1251 4437 1511 4494 augeatur
1549 4442 1709 4495 patria
1751 4443 1848 4494 pro
1887 4440 1978 4483 tuo

2091 1925 2330 1978 abscide.

2167 2016 2344 2085 (Vers.
2371 2018 2586 2082 54-37.)
2621 2017 2740 2071 Non
2762 2017 2986 2084 jurare:
3009 2015 3062 2070 id
3086 2028 3192 2083 est,
3218 2034 3321 2072 non
3348 2017 3660 2087 periurare;

2091 2125 2192 2160 non
2218 2107 2409 2175 jurare
2445 2110 2679 2172 omnino,
2716 2109 2766 2160 id
2799 2115 2902 2168 est.
2939 2123 3214 2176 nunquam
3243 2108 3468 2178 jurare;
3508 2127 3666 2178 neque

2089 2215 2178 2267 per
2209 2201 2417 2264 etclam,
2451 2203 2572 2270 quia
2613 2201 2759 2253 sedes
2784 2210 2863 2254 est
2891 2199 3023 2263 Dei;
3051 2202 3216 2254 a'iter
3246 2211 3340 2260 est,
3376 2212 3491 2266 est;
3545 2219 3663 2267 non,

2091 2309 2212 2355 non,
2247 2292 2298 2346 id
2345 2300 2447 2354 est,
2478 2293 2703 2344 verbum
2750 2293 2853 2344 dici
2895 2294 2946 2344 in
2985 2309 3078 2346 ore
3105 2302 3159 2344 et
3199 2294 3249 2343 in
3289 2296 3451 2346 curde
3481 2311 3496 2346 :
3529 2294 3666 2362 quod

2087 2387 2314 2452 amplius
2345 2398 2416 2437 est
2449 2403 2479 2438 ε
2514 2383 2653 2437 malo
2696 2396 2795 2447 est,
2829 2384 2882 2437 id
2910 2395 3015 2448 est,
3046 2407 3060 2434 ι
3082 2401 3110 2436 ι
3146 2384 3463 2452 indignitate
3495 2386 3664 2451 illius,

2087 2482 2174 2531 cui
2211 2497 2314 2531 non
2348 2482 2603 2531 credtur.

2162 2572 2334 2640 (νει-ε.
2371 2572 2485 2630 58.)
2517 2572 2735 2627 Oculum
2761 2588 2854 2636 pro
2886 2573 3058 2632 oculo,
3087 2569 3140 2624 id
3169 2580 3274 2633 εει,
3297 2586 3403 2624 neu
3440 2571 3665 2624 ted-lere

2089 2667 2284 2718 malum
2315 2680 2414 2734 pro
2441 2666 2604 2719 malo.
2639 2665 2698 2720 Si
2727 2666 2843 2729 quis
2872 2665 3190 2732 percusserit
3229 2674 3278 2716 te
3307 2663 3359 2714 in
3390 2664 3666 2715 dexteram

2085 2758 2387 2820 maxillam,
2435 2759 2488 2811 id
2529 2768 2637 2824 est,
2681 2759 2727 2812 si
2786 2757 3072 2810 haereticus
3121 2756 3456 2824 percusserit
3504 2765 3562 2810 te
3613 2756 3664 2808 in

2087 2853 2276 2920 dogma
2323 2851 2478 2904 malae
2506 2851 2819 2920 scripturae,
2854 2849 3032 2917 praebe
3064 2848 3140 2902 illi
3177 2847 3323 2902 aliud
3355 2848 3556 2916 dogma
3587 2848 3665 2899 di-

2086 2945 2223 2998 vinae
2277 2945 2594 3013 Scriptura‘,
2630 2943 2698 2997 ad
2748 2943 3063 2997 vivendum.
3109 2941 3220 3006 Qui
3271 2941 3378 2994 vult
3429 2942 3668 2994 "micant

2086 3048 2231 3092 tuam
2271 3038 2472 3102 tollere,
2508 3037 2558 3091 id
2606 3049 2710 3100 est,
2759 3035 2967 3090 crimen
3020 3036 3164 3103 quod
3209 3034 3262 3087 in
3311 3042 3362 3088 te
3413 3033 3667 3086 homines

2085 3134 2264 3186 sciunt
2294 3132 2361 3185 de
2391 3138 2462 3194 te.
2491 3130 2783 3199 dispoliare
2809 3149 2828 3184 :-
2855 3127 3078 3182 Dimitte
3105 3138 3155 3182 et
3187 3128 3435 3197 pallium,
3470 3128 3526 3180 id
3562 3136 3664 3190 est,

2083 3222 2351 3288 criminis,
2383 3224 2542 3294 culus
2587 3223 2736 3277 solus
2781 3224 3036 3278 conscius
3075 3236 3154 3283 es.
3187 3221 3253 3275 da
3285 3221 3331 3273 ei
3368 3219 3666 3274 confessio!

2082 3331 2228 3368 nent.
2260 3313 2329 3368 Et
2362 3317 2409 3370 si
2441 3316 2557 3385 quis
2597 3325 2646 3369 te
2689 3315 3055 3386 angariaeerit
3099 3313 3246 3367 mille
3292 3329 3500 3379 passus,
3535 3314 3671 3366 vade

2081 3423 2199 3460 cum
2228 3407 2318 3461 illo
2349 3407 2458 3461 alia
2492 3407 2657 3474 mille,
2686 3409 2736 3462 id
2767 3417 2870 3471 est,
2907 3416 2963 3459 ut
3008 3405 3210 3461 exieris
3243 3418 3490 3472 corpore,
3529 3403 3669 3457 vade

2080 3509 2135 3556 et
2171 3508 2372 3556 mente.
2399 3501 2500 3566 Qui
2522 3502 2648 3570 petit
2673 3519 2705 3555 a
2739 3511 2788 3555 te
2807 3502 2878 3554 da
2909 3503 2976 3564 ei,
3011 3500 3061 3554 id
3094 3509 3198 3564 est,
3217 3499 3314 3569 qui
3343 3498 3668 3567 interrogat,

2081 3593 2166 3646 dic.
2194 3592 2267 3654 ei,
2300 3593 2414 3646 sive
2443 3591 2669 3660 pauperi
2701 3591 3127 3659 eleemosyuam.

2153 3681 2339 3753 (Vers.
2365 3683 2576 3753 43-45.)
2614 3683 2826 3737 Dictum
2859 3692 2933 3736 est
2965 3680 3222 3750 antiquis,
3262 3679 3456 3748 Diliges
3483 3679 3670 3748 proxi-

2081 3792 2226 3830 mum
2261 3785 2429 3839 tuum,
2472 3784 2521 3829 et
2567 3776 2688 3829 odio
2730 3771 2942 3828 habebis
2989 3773 3266 3826 inimicum
3311 3781 3480 3825 tuum.
3518 3769 3669 3836 Quo-

2083 3869 2241 3922 modo
2279 3867 2437 3929 dixit,
2478 3883 2579 3920 non
2629 3868 2827 3922 solvere
2869 3867 3055 3936 legem.
3095 3875 3245 3920 recte
3290 3863 3496 3932 implet.
3536 3863 3668 3931 quia

2081 3962 2134 4013 itt
2177 3970 2360 4014 vetere
2411 3959 2547 4014 dicit
2595 3962 2660 4014 de
2719 3959 2962 4020 diabolo.
3007 3957 3287 4012 inimicum
3334 3955 3486 4010 odire
3520 3971 3538 4012 :
3576 3954 3670 4008 hic

2079 4065 2259 4109 autem
2288 4054 2354 4108 de
2383 4065 2634 4122 utroque.
2665 4052 2819 4106 Treis
2853 4052 3028 4106 modis
3055 4051 3332 4118 diligimus
3361 4050 3625 4104 inimicos
3649 4064 3667 4102 :

2079 4148 2244 4202 corde
2275 4147 2365 4216 qui
2399 4161 2498 4201 nos
2525 4145 2688 4200 corde
2715 4145 2866 4212 odit;
2897 4158 3056 4214 opere
3084 4144 3406 4198 benefacere
3438 4142 3537 4204 illi.
3571 4141 3668 4210 qui

2081 4254 2190 4310 nos
2217 4253 2380 4308 opere
2413 4237 2791 4306 persequitur;
2827 4249 2984 4288 orare
3015 4235 3204 4297 verbo,
3232 4234 3326 4302 qui
3359 4247 3457 4286 uos
3493 4232 3670 4286 verbo

2081 4331 2400 4398 criminant.
2442 4328 2908 4385 Calumniantibus
2959 4326 3120 4390 vobis,
3159 4325 3210 4379 id
3245 4333 3350 4386 est,
3387 4322 3521 4378 falsa
3576 4337 3674 4378 ac-

2081 4423 2308 4478 cusatio.
2343 4421 2410 4476 Et
2439 4422 2555 4492 sitis
2582 4421 2680 4489 ﬁlii
2711 4418 2888 4472 Patris
2913 4420 3086 4483 vestri,
3119 4426 3174 4470 et
3199 4415 3404 4484 reliqua
3426 4431 3440 4479 ;
3476 4415 3533 4467 id
3558 4422 3672 4479 est,

399 4526 642 4582 recello.
677 4516 734 4591 Si
775 4515 957 4571 infans
998 4517 1236 4587 gladium
1285 4517 1438 4586 petit,
1473 4534 1582 4574 non
1618 4519 1668 4573 ei
1706 4522 1971 4592 porrigas,
2009 4511 2052 4564 Ι)
2083 4515 2236 4584 quasi
2268 4513 2466 4582 aliquis
2495 4523 2768 4581 postasset
2799 4526 3013 4573 aurum,
3047 4516 3332 4575 argentum
3371 4504 3574 4569 nobis;
3611 4513 3672 4559 et

399 4608 543 4661 unde
582 4622 642 4661 se
681 4617 884 4676 pungat
916 4625 932 4662 :
964 4614 1019 4662 et
1050 4608 1130 4662 sic
1173 4607 1220 4680 ei
1260 4599 1559 4674 censentis.
1597 4608 1682 4663 Ne
1712 4610 1848 4679 forte
1882 4611 1974 4664 ad-

397 4701 660 4778 versarius
703 4701 884 4774 tradat
933 4685 982 4754 te
1014 4700 1214 4770 judici,
1245 4701 1300 4756 id
1337 4710 1443 4768 est,
1476 4717 1546 4758 ne
1580 4703 1663 4756 lex
1697 4704 1974 4772 Evangelii

399 4805 433 4844 t-
453 4795 580 4847 adat
603 4792 893 4872 te'Christo
909 4779 1078 4864 iudici
1111 4811 1124 4848 :
1153 4794 1282 4864 quia
1303 4808 1416 4864 non
1439 4795 1770 4850 consensisti
1801 4794 1978 4849 Evan-

398 4885 556 4952 gelia,
589 4884 859 4950 ministro,
891 4881 944 4940 id
979 4893 1082 4950 est,
1114 4884 1330 4955 angelo.
1363 4887 1455 4956 qui
1499 4887 1719 4944 animas.
1759 4886 1816 4942 in
1864 4902 1977 4958 pte-

398 4993 524 5032 nam
559 4977 720 5032 mittit
755 4976 808 5031 in
840 4961 1140 5044 carcerem,
1177 4977 1229 5032 id
1257 4963 1363 5043 est,
1393 4977 1447 5032 in
1482 4977 1779 5034 infernum.

467 5069 649 5140 (νωε.
689 5055 910 5142 ἳϐοἳὸ.)
958 5071 1080 5145 Non
1129 5073 1273 5126 exies
1315 5073 1456 5148 inde,
1500 5071 1554 5126 id
1595 5082 1700 5140 est,
1733 5071 1858 5141 quia
1910 5071 1978 5126 de

402 5165 616 5219 interno
652 5148 825 5220 nemo
846 5163 976 5233 exit,
1014 5165 1187 5220 donec
1221 5151 1583 5220 novissimum
1617 5166 1975 5233 quadrantem

403 5257 591 5311 reddat
623 5275 636 5311 ε
664 5257 849 5322 donec,
883 5273 980 5327 pro
1009 5273 1213 5324 semper
1244 5257 1535 5326 accipitur.
1570 5254 1860 5323 Quadratus
1898 5267 1978 5311 εει

402 5359 596 5416 quarta
630 5363 755 5416 pars
783 5349 1014 5415 nummi,
1049 5363 1169 5417 quae
1200 5363 1300 5418 pro
1332 5349 1606 5418 lavatioue
1637 5348 1688 5400 in
1728 5348 1979 5400 mercede

401 5444 582 5506 datur,
613 5443 697 5496 vel
742 5456 840 5511 pro
886 5440 1112 5494 minimo
1162 5449 1384 5508 peccato
1418 5438 1618 5512 dicitur
1650 5453 1664 5490 ξ
1699 5438 1976 5508 quadran-

403 5543 510 5590 tem
548 5535 803 5602 reddere,
835 5535 889 5590 in
923 5534 1198 5590 infernum
1233 5531 1394 5598 mitti,
1429 5531 1515 5588 vel
1544 5531 1668 5601 quia
1720 5532 1883 5585 homo
1914 5531 1980 5614 de

484 5725 502 5757 ⁸
540 5726 762 5779 Videtur
805 5728 870 5780 de
920 5727 1027 5778 iota
1069 5725 1274 5785 littera,
1309 5737 1429 5794 qua:
1453 5730 1510 5777 et
1553 5722 1724 5777 decem
1763 5723 1978 5777 numeri

415 5797 560 5870 apud
580 5794 797 5852 Graecos
832 5807 954 5852 nota
985 5806 1090 5862 ιιι,
1115 5795 1311 5854 dicere.
1343 5795 1449 5851 Sed
1481 5793 1979 5866 depravatushadco

2081 4605 2126 4659 si
2183 4603 2552 4658 maledixisset
2606 4617 2726 4667 nos,
2767 4610 2821 4654 et
2877 4597 3256 4669 percussisset,
3301 4594 3671 4650 dilexerimus

2079 4711 2226 4760 eum,
2255 4704 2311 4750 ct
2333 4710 2458 4749 cum
2491 4694 2582 4747 illa
2614 4691 2966 4757 defecissent,
3002 4699 3056 4745 et
3088 4703 3187 4744 nos
3215 4686 3622 4743 deiecissemns
3654 4701 3671 4738 :

2080 4787 2201 4841 ideo
2255 4799 2365 4840 non
2422 4783 2707 4837 deﬁciente
2760 4781 2870 4835 vita
2925 4779 3279 4848 promittitur.
3334 4775 3441 4842 Qui
3495 4775 3672 4827 solem

2079 4896 2258 4945 suum,
2290 4889 2345 4933 et
2393 4877 2598 4946 reliqua
2637 4891 2652 4928 :
2690 4873 2760 4927 Et
2810 4873 2942 4944 pluit
2988 4887 3144 4942 super
3199 4871 3386 4935 iustos,
3422 4868 3555 4935 quia
3618 4866 3678 4918 in

2081 4982 2312 5041 utroque
2356 4979 2499 5025 totus
2531 4967 2778 5032 mundus
2825 4964 3172 5028 continetur;
3219 4964 3271 5016 iu
3319 4961 3454 5026 sole,
3502 4958 3674 5012 arida

2081 5065 2279 5128 calida,
2313 5063 2367 5119 in
2401 5060 2608 5132 pluvia,
2642 5059 2864 5114 humida
2901 5067 2956 5112 et
3005 5056 3238 5125 (rigida;
3277 5055 3346 5108 de
3392 5053 3469 5107 bis
3522 5067 3678 5121 qua-

2082 5167 2208 5212 tuor
2239 5159 2414 5211 factus
2444 5163 2530 5209 est
2562 5153 2820 5208 mundus:
2859 5151 2937 5204 sic
2968 5165 3067 5204 nos
3095 5149 3360 5202 debemus
3389 5144 3525 5198 dare
3557 5144 3678 5197 ini-

2085 5250 2241 5304 micis
2287 5248 2488 5302 nostris
2538 5245 2720 5300 cibum
2783 5253 2837 5297 et
2901 5252 3120 5312 potum,
3164 5241 3553 5295 vestimentum
3618 5246 3680 5292 et

2084 5341 2306 5395 verbum
2339 5335 2661 5392 dilectionis.

2155 5432 2334 5502 (Vers.
2365 5431 2583 5496 46-48.)
2615 5429 2673 5484 Si
2716 5429 2852 5482 enim
2895 5426 3121 5496 diligitis
3167 5442 3276 5488 eos.
3327 5435 3378 5478 et
3421 5423 3678 5492 reliqua.

2083 5523 2421 5590 Publicanus,
2464 5524 2686 5585 dicitur,
2725 5521 2849 5590 quia
2903 5519 3124 5590 publice
3175 5526 3378 5589 peccat,
3415 5525 3513 5566 aut
3571 5515 3678 5584 qui

2087 5733 2372 5780 contextus
2405 5733 2507 5787 cst.
2541 5732 2596 5778 ut
2619 5737 2740 5778 cum
2764 5723 2870 5778 alia
2899 5733 3149 5778 sescenta
3183 5723 3433 5777 hactenus
3455 5732 3676 5770 emcn-

2087 5795 2418 5864 dttvcrimus,
2444 5794 2531 5849 bic
2559 5804 2764 5851 tantum
2793 5811 2808 5846 t
2832 5810 2928 5865 pro
2958 5811 2990 5848 κ
3016 5795 3302 5848 immutare
3327 5791 3671 5845 audeamus.
