3956 6196
346 311 452 372 565

1257 320 1666 381 ΕΧΙΟΞῙΤΙΟ
1713 322 1787 381 1V
1831 321 2202 382 EVANGEL.
2262 316 2711 380 MATI‘HEUS.

3492 316 3599 377 565

347 450 464 488 rem
518 435 791 501 publicam
839 439 948 509 agit
982 458 994 493 :
1031 441 1255 505 ethnici,
1292 445 1539 511 genti'es.
1578 443 1756 496 Estote
1805 460 1923 511 per-
1957 454 1997 506 Α
2029 458 2158 510 qua,
2191 442 2540 495 exterminant
2589 439 2750 508 facies
2800 453 2944 490 suas.
2987 435 3038 488 ld
3076 445 3176 499 est,
3217 433 3602 502 transfigurav-t

345 529 492 592 lecti,
528 528 577 580 id
619 538 723 590 est,
760 537 817 580 ut
857 531 1096 598 perfecte
1141 535 1254 586 hare
1303 534 1573 601 impleatis
1604 535 1656 586 in
1687 532 1919 587 eleemo-

345 619 520 685 syuis,
555 620 606 671 in
636 619 883 689 jejuniis,
919 621 970 675 in
1005 625 1347 679 orationibus
1385 641 1397 680 :
1436 642 1496 678 ne
1539 640 1718 678 coram
1754 625 1919 677 homi-

346 708 496 761 nibus
540 711 848 775 videamini,
881 713 934 766 id
981 724 1090 778 est,
1129 715 1272 783 quod
1306 717 1443 769 bona
1480 732 1640 785 opera
1680 731 1772 785 per
1807 715 1922 768 lau-

347 800 468 852 dem
505 803 794 857 humanam
825 821 929 858 non
965 805 1118 860 (iant.

417 889 568 959 (Cap.
610 893 705 947 Vl.
739 923 809 934 —
834 895 988 952 Vera.
1026 897 1170 966 1-6.)
1215 896 1346 953 Cum
1375 915 1497 968 ergo
1521 903 1652 970 facis
1696 902 1922 955 eleemo-

349 997 561 1048 synam,
591 984 641 1036 id
670 995 776 1048 est,
806 985 892 1041 fac
919 990 1210 1056 sacerdoti,
1245 1001 1296 1044 et
1326 993 1571 1059 pauperi,
1601 1003 1654 1046 et
1683 993 1920 1047 inimico.

354 1071 644 1141 Hypocrita
705 1078 903 1132 dicitur
967 1081 1143 1134 lictus.
1217 1079 1570 1150 Perceperunt
1637 1070 1921 1137 tn‘ercedem

348 1184 521 1230 suout,
552 1184 658 1222 non
705 1169 800 1224 Dei
838 1187 853 1226 :
887 1171 1105 1226 Nesciat
1150 1175 1372 1228 sinistra
1411 1188 1524 1241 tua,
1555 1177 1604 1230 id
1641 1188 1745 1238 est,
1783 1194 1921 1230 vana

351 1260 517 1326 gloria
554 1278 568 1315 :
601 1262 836 1329 dextera,
870 1267 1051 1319 omnia
1085 1278 1305 1336 propter
1337 1269 1501 1323 Deum
1539 1269 1643 1324 fac.
1684 1269 1836 1322 Intra
1870 1271 1922 1322 in

350 1350 670 1419 cubiculum,
707 1354 758 1407 id
789 1365 892 1418 est,
927 1357 980 1410 in
1023 1359 1207 1412 cordis
1249 1370 1459 1414 secreta
1490 1377 1503 1410 ε
1538 1360 1718 1414 clauso
1765 1364 1918 1424 ostio,

350 1444 402 1497 id
432 1455 537 1507 est,
569 1455 756 1500 contra
792 1463 982 1502 vanam
1017 1449 1263 1518 gloriam.

424 1537 603 1605 (Yers.
636 1539 687 1602 7,
724 1539 805 1608 8.)
859 1540 1038 1595 Nolite
1089 1545 1314 1595 multum
1371 1544 1542 1614 loqui,
1591 1545 1643 1598 id
1693 1555 1809 1610 est,
1858 1561 1923 1600 ne

353 1627 549 1682 inultas
580 1629 892 1697 petitiones,
928 1643 1022 1685 aut
1051 1632 1216 1686 multa
1251 1633 1410 1687 verba
1445 1636 1648 1700 dicere,
1683 1635 1797 1689 sive
1829 1650 1925 1705 per

352 1720 695 1776 altitudinem
742 1725 890 1779 vocis
930 1724 1099 1780 Deum
1135 1743 1366 1804 rogare.
1413 1726 1524 1782 Scit
1569 1731 1708 1782 enim
1762 1728 1926 1784 Pater

2024 551 2112 598 se,
2145 533 2199 587 id
2226 543 2330 594 est.
2356 541 2411 584 ut
2439 533 2710 585 videantur
2736 530 2798 582 ab
2827 529 3147 592 hominibus,
3175 528 3297 597 quia
3325 527 3594 597 jejunum.

2029 626 2173 696 Unqe
2203 635 2360 695 caput
2393 634 2563 685 tuum,
2600 636 2647 676 et
2682 623 2799 676 lata
2839 625 3024 693 faciem
3064 633 3232 683 tuatn‘,
3266 623 3317 674 id
3346 624 3597 689 estquod

2029 717 2260 772 Domino
2289 719 2420 773 dare
2448 719 2552 783 vis,
2582 717 2671 785 qtti
2706 727 2788 769 est
2820 726 2983 785 caput
3018 728 3194 779 tuum,
3232 715 3477 783 proximo
3510 724 3600 764 tun

2025 812 2112 863 da.
2150 809 2284 886 Noli.
2316 810 2678 863 tltesaurizure
2709 810 2762 860 in
2795 817 2957 866 terra.
2993 807 3045 860 id
3093 817 3196 870 e-t,
3233 807 3283 858 in
3319 808 3457 859 cm'o
3490 822 3505 860 :
3539 821 3604 858 ne

2025 922 2226 975 a‘rugo.
2259 901 2313 958 id
2343 912 2446 970 est,
2483 920 2620 956 vana
2668 901 2858 972 gloria,
2904 909 3000 953 aut
3048 900 3148 960 ira.
3191 899 3352 960 tinea.
3399 897 3601 950 invidia

2025 1005 2115 1049 aut
2165 996 2451 1064 superbia,
2504 995 2687 1062 fures,
2739 994 3051 1056 daemones,
3107 1006 3337 1055 aurum,
3384 1005 3602 1050 sensus,

2028 1089 2296 1149 mundus,
2351 1086 2770 1148 vestimentum;
2835 1097 2958 1136 nam
3017 1081 3210 1143 cibus.
3279 1079 3598 1149 praiimuio

2025 1177 2230 1232 divina.

2097 1265 2278 1337 (Vers.
2309 1265 2524 1335 22-21.)
2575 1265 2813 1318 Lucerna
2864 1265 3099 1333 corporis
3131 1264 3254 1316 tui:
3285 1263 3335 1317 id
3370 1271 3474 1326 est,
3507 1263 3602 1312 do-

2025 1369 2163 1424 ctor,
2197 1358 2280 1411 vel
2326 1357 2578 1426 princeps
2627 1364 2794 1419 tuus;
2836 1357 3088 1424 corporis,
3123 1355 3182 1408 id.
3214 1364 3323 1416 εει,
3370 1350 3602 1406 hominis

2025 1449 2328 1514 interioris,
2360 1451 2407 1503 si
2439 1452 2657 1518 simplex
2687 1449 2846 1517 fuerit
2884 1449 3045 1501 unius
3090 1446 3187 1500 rei.
3227 1444 3392 1498 Nemo
3436 1453 3604 1513 potest

2025 1547 2230 1599 duobus
2254 1543 2480 1597 dominis
2508 1543 2734 1604 seri-ire;
2767 1542 2853 1594 ubi
2889 1542 3044 1606 fuerit
3075 1541 3348 1594 thesaurus
3381 1550 3521 1601 tuus,
3550 1544 3603 1591 et

2028 1635 2234 1703 reliqua
2261 1647 2276 1686 :
2310 1641 2400 1686 aut
2435 1648 2594 1686 unum
2623 1633 2742 1686 odio
2773 1631 3000 1693 habebit,
3029 1630 3083 1684 id
3112 1638 3213 1695 est,
3241 1630 3331 1697 qui
3365 1643 3462 1680 nec
3497 1626 3601 1679 sibi

2028 1726 2238 1791 bonus;
2273 1725 2439 1778 alium
2466 1725 2670 1790 diliget,
2699 1723 2787 1792 qui
2817 1722 2920 1777 sibi
2951 1723 3126 1776 bonus
3155 1740 3168 1774 :
3200 1722 3250 1773 id
3281 1729 3385 1783 est,
3416 1719 3606 1774 diabo-

351 1807 490 1870 quod
515 1809 656 1862 vobis
684 1825 809 1876 opus
843 1820 942 1879 est,
973 1814 1048 1867 sic
1073 1830 1194 1885 ergo
1225 1825 1394 1882 orate,
1450 1815 1613 1871 Pater
1640 1827 1834 1883 noster,
1869 1817 1922 1871 id
1950 1813 1999 1870 Β
2031 1818 2142 1872 lum
2178 1826 2550 1880 contemnere,
2583 1815 2750 1871 Deum
2795 1829 3003 1869 amare.
3044 1813 3147 1880 Qui
3178 1814 3383 1868 divitiis
3411 1812 3599 1876 servit,

353 1908 456 1960 est,
488 1899 730 1954 vivamus
759 1900 812 1953 in
837 1910 1005 1966 terra,
1040 1915 1095 1958 ut
1121 1915 1326 1973 patrem
1352 1907 1647 1961 habeamus
1669 1907 1721 1961 in
1745 1910 1917 1974 caalo;

299 2061 307 2067 .
355 1991 677 2046 charitatem
709 2003 762 2046 et
793 1992 1186 2050 fraternitatem
1234 1999 1574 2053 ostendimus
1619 2001 1745 2054 dum
1783 2001 1922 2054 diei-

273 2153 276 2158 _
357 2098 475 2135 ntus
502 2094 695 2137 noster.
727 2082 840 2138 lloc
865 2085 996 2140 dicit
1023 2087 1315 2156 imperator
1361 2099 1413 2144 et
1438 2091 1720 2148 mendicus
1751 2108 1764 2145 :
1792 2091 1921 2144 dicit

355 2175 608 2230 dominus
655 2186 708 2228 et
753 2192 978 2244 servus;
1031 2179 1188 2232 simul
1238 2182 1424 2235 dicunt
1460 2198 1475 2238 :
1513 2181 1677 2236 Pater
1725 2194 1919 2236 noster.

357 2265 498 2334 Ergo
535 2269 624 2333 qui
660 2283 823 2321 unum
857 2281 1062 2338 patrem
1095 2273 1318 2336 habent,
1356 2274 1550 2327 fratres
1593 2284 1718 2328 sunt
1751 2291 1765 2329 :
1801 2275 1923 2328 ideo

357 2373 462 2409 mm
511 2359 834 2428 dedignetur
885 2360 1139 2416 dominus
1193 2378 1407 2418 servum
1471 2380 1630 2419 suum
1693 2366 1920 2420 fratrem

357 2451 575 2515 habere,
610 2467 768 2521 quem
803 2453 1059 2508 Dominus
1089 2455 1339 2511 Christus
1375 2456 1543 2512 frater
1575 2458 1741 2512 voluit
1776 2476 1918 2513 esse.

357 2542 421 2594 Et
457 2543 536 2598 sic
571 2543 835 2600 faciamus
867 2555 923 2600 ut
957 2549 1197 2602 lizercdes
1243 2551 1413 2618 patris
1449 2553 1724 2619 possimus
1761 2567 1916 2615 esse;

357 2651 482 2688 nam
513 2647 567 2689 et
598 2635 682 2690 lex
715 2638 947 2692 humana
981 2641 1300 2696 haereditare
1333 2642 1456 2696 facit
1489 2643 1644 2697 liléos.

428 2723 608 2794 (Vers.
635 2727 689 2795 9,
723 2728 832 2799 l0.)
861 2728 1240 2798 Sancti/iectur
1269 2750 1455 2788 nomen
1487 2745 1634 2787 tuum
1660 2749 1678 2787 :
1711 2734 1799 2788 hic
1833 2750 1922 2788 ro-

359 2835 570 2887 gamus.
603 2830 660 2872 ut
695 2820 748 2872 in
780 2821 936 2876 nobis
963 2823 1354 2889 sanctillcetur,
1389 2825 1440 2879 id
1470 2833 1550 2879 est
1581 2827 1634 2880 in
1666 2827 1922 2896 operibus

361 2913 580 2976 nostris;
607 2929 728 2965 nam
752 2913 869 2983 ejus
887 2929 1082 2969 nomen
1103 2931 1318 2986 semper
1335 2927 1581 2972 sanetum
1604 2929 1708 2973 est.
1739 2917 1922 2972 Veniat

362 3021 570 3074 regnum
604 3017 775 3071 tuum,
806 3009 857 3062 id
886 3017 989 3074 est,
1017 3011 1158 3065 sicut
1185 3022 1376 3080 aptant
1403 3012 1496 3067 lilii
1531 3028 1754 3084 regnum
1783 3014 1922 3082 patri

362 3112 481 3162 suo,
539 3097 614 3153 i:a
642 3107 697 3153 et
719 3113 816 3154 nos
857 3114 1098 3168 oramus,
1130 3111 1190 3156 ut
1224 3102 1314 3156 ille
1361 3115 1551 3174 regnet
1580 3105 1633 3158 in
1666 3105 1839 3169 nobis,
1872 3115 1927 3159 et

365 3205 466 3244 non
493 3190 780 3257 diabolus;
815 3191 927 3258 ille,
956 3201 1010 3245 et
1042 3208 1148 3246 non
1192 3202 1494 3262 peccatum,
1519 3194 1631 3249 sive
1660 3193 1928 3260 Ecclesia,

363 3282 473 3336 sive
508 3281 889 3350 EVangelium.
943 3279 1068 3334 Fiat
1115 3283 1361 3336 voluntas
1420 3293 1544 3348 tua,
1590 3292 1645 3338 et
1694 3285 1927 3354 reliqua.

366 3372 517 3428 Sicut
554 3373 726 3442 angeli
755 3373 811 3427 iu
842 3373 980 3429 caelo
1012 3375 1129 3429 siue
1166 3381 1323 3445 cu=pa
1353 3375 1706 3442 famulantur,
1771 3378 1845 3432 ita
1876 3386 1932 3432 et

373 3481 504 3532 nos;
534 3468 620 3521 vel
663 3467 803 3520 sicut
847 3467 903 3521 in
948 3469 1250 3534 animabus,
1277 3469 1351 3524 ita
1382 3477 1437 3524 et
1469 3471 1523 3524 in
1555 3484 1814 3539 corpore;
1846 3469 1929 3524 vel

368 3557 506 3611 sicut
553 3557 868 3622 Christiani,
907 3558 982 3612 ita
1031 3558 1308 3626 haeretici;
1357 3559 1500 3615 sicut
1548 3559 1814 3625 Ecclesia,
1857 3561 1932 3614 ita

365 3650 684 3720 Synagoga;
714 3651 855 3704 sicut
875 3649 1112 3720 justitia,
1135 3650 1207 3705 ita
1240 3661 1542 3719 peccaturo.
1567 3651 1925 3718 Convertant,

365 3752 420 3796 ut
447 3742 554 3797 illis
585 3742 676 3796 ﬁat
704 3742 953 3798 voluntas
981 3753 1088 3798 tua.

434 3835 612 3905 (Vers.
650 3831 738 3898 il,
774 3834 885 3907 l2.)
926 3833 1124 3889 Panem
1164 3844 1400 3890 nostrum
1438 3835 1848 3906 quotidianum:
1876 3833 1931 3888 id

364 3938 467 3992 est,
496 3928 641 3982 omni
685 3929 772 3983 die
811 3943 982 3997 usque
1025 3929 1092 3983 ad
1133 3936 1293 3997 caput
1328 3927 1492 3994 anni;
1528 3928 1704 3990 hodie,
1732 3928 1783 3980 id
1824 3934 1929 3990 est,

363 4034 602 4089 semper;
635 4035 845 4088 panem,
879 4019 930 4073 id
973 4029 1078 4086 est,
1107 4019 1402 4075 Christum.
1451 4018 1541 4075 Sic
1579 4034 1740 4088 agere
1769 4019 1934 4073 debe-

366 4126 506 4178 mus,
542 4120 599 4167 ut
623 4126 746 4166 eum
793 4111 1028 4180 quotidie
1067 4111 1338 4180 possimus
1375 4112 1624 4180 accipere
1654 4111 1721 4165 ad
1753 4125 1930 4165 reme-

364 4205 529 4258 dium.
565 4202 636 4257 Et
677 4203 882 4257 dimitte
919 4205 1092 4268 nobis,
1123 4213 1177 4259 et
1203 4205 1411 4273 reliqua
1444 4221 1457 4257 :
1497 4204 1585 4258 hic
1625 4204 1931 4258 cautionem

362 4311 484 4351 cum
555 4296 666 4352 Deo
733 4297 1000 4362 facimus;
1069 4298 1115 4351 si
1183 4294 1569 4362 dimittemini,
1632 4296 1934 4351 dimittetur

365 4386 537 4440 vobis.

435 4476 618 4547 (Vera.
671 4477 784 4548 l3.)
833 4477 905 4533 Et
955 4496 1018 4533 ne
1066 4494 1158 4532 nos
1205 4477 1426 4531 inducas
1466 4477 1520 4530 in
1569 4477 1926 4530 tentationem.
1965 4489 2008 4546 ο

367 4571 522 4626 Sicut
566 4571 836 4627 seduxisti
884 4572 1134 4628 homines
1186 4572 1240 4625 in
1297 4569 1523 4634 diluvio,
1567 4569 1648 4623 vel
1699 4569 1820 4623 illos
1878 4568 1932 4621 in

367 4664 626 4728 Sodoma,
651 4664 734 4718 vel
761 4663 1097 4719 Pharaonem
1126 4665 1180 4718 in
1211 4679 1380 4727 mare,
1411 4665 1525 4718 sive
1551 4666 1603 4716 in
1632 4661 1932 4716 tentatione

371 4757 594 4821 diaboli,
630 4764 721 4810 aut
768 4756 1046 4810 hominum
1091 4756 1338 4811 insidias.
1393 4755 1500 4811 Sed
1542 4757 1708 4809 libera
1757 4771 1851 4809 nos
1901 4771 1934 4808 a

368 4853 527 4907 male.
558 4853 615 4904 Id
641 4862 746 4915 est,
775 4866 805 4905 a
833 4851 1068 4916 diabolo,
1092 4866 1122 4905 a
1146 4861 1388 4920 peccato,
1421 4851 1488 4904 ab
1519 4850 1736 4904 homine
1765 4851 1928 4903 malo.

369 4946 460 5000 lla:
509 4953 716 5015 septem
752 4943 1079 4999 orationes:
1113 4953 1170 4996 ut
1213 4950 1420 5012 septem
1465 4943 1653 5012 gratiae
1696 4941 1932 5010 Spiritus

367 5037 586 5094 sancti‘
618 5055 635 5095 :
666 5047 901 5108 quatuor
946 5050 1262 5090 communes
1308 5045 1438 5089 sunt
1484 5035 1775 5102 omnibus;
1824 5045 1933 5088 tres

370 5131 654 5200 petitiones
689 5131 753 5184 ad
787 5130 1030 5184 ccelestia
1077 5130 1364 5197 pertinent,
1403 5127 1454 5180 id
1492 5137 1596 5194 est,
1628 5126 1932 5182 sanctifica—

372 5234 458 5278 tur
486 5238 685 5278 nomen
722 5233 892 5285 tuum,
921 5223 1173 5276 adveniat
1216 5235 1441 5290 regnum
1489 5228 1665 5284 tuuut,
1707 5219 1797 5272 ﬁat
1837 5234 1933 5274 vo-

373 5316 547 5372 luntas
585 5325 673 5370 tua
709 5332 722 5368 :
753 5326 985 5384 quatuor
1017 5313 1083 5368 ad
1118 5316 1272 5367 istam
1307 5313 1490 5367 vitam.

439 5411 618 5480 (Vera.
658 5409 869 5478 l6-21.)
913 5408 1045 5463 Cum
1083 5417 1256 5461 autem
1298 5405 1675 5475 jejunaverint,
1713 5413 1766 5458 et
1805 5403 1932 5458 relio

442 5569 457 5598 ¹
491 5567 735 5620 Lusatus
761 5575 936 5619 textus
963 5563 1049 5616 hic
1079 5585 1090 5610 ι
1115 5571 1198 5615 rat
1223 5558 1424 5620 verbis.
1450 5567 1506 5610 ut
1529 5566 1722 5623 septem
1749 5555 1934 5625 gratia

370 5637 601 5706 Spiritus
635 5637 823 5698 sancti,
855 5650 974 5702 qua:
1014 5633 1364 5706 subst-queruli
1397 5630 1600 5681 isncolo
1648 5628 1935 5706 subjunge-

372 5700 543 5768 batur,
575 5709 791 5774 adjecto.
835 5700 997 5760 etiam
1049 5705 1210 5757 verbo
1254 5710 1480 5764 orasset,
1518 5700 1659 5767 quo-.l
1709 5713 1930 5750 seruum

371 5781 762 5847 intercipiebat.

1953 3155 2001 3219 ο

2029 1909 2246 1965 diabolo
2296 1908 2484 1964 servit.
2543 1907 2848 1962 Mammona
2903 1908 3162 1962 dicuntur
3203 1905 3436 1970 divitiae,
3492 1908 3608 1961 sive

2032 2014 2227 2056 nomen
2259 1999 2478 2055 diaboli.

2103 2091 2284 2159 (Vers.
2315 2090 2534 2161 25-50.)
2573 2089 2761 2145 Nonne
2795 2091 2975 2145 anima
3008 2090 3126 2158 plus
3160 2098 3238 2144 est
3267 2104 3425 2158 quam
3463 2105 3601 2142 esca.

2030 2183 2086 2238 ld
2107 2195 2209 2248 est,
2230 2185 2321 2253 qui
2347 2186 2558 2238 minora
2579 2185 2672 2239 dat
2695 2184 2826 2247 Deo,
2850 2190 2903 2237 et
2928 2183 3134 2252 majora
3159 2181 3395 2236 diabolo.
3424 2181 3606 2249 Respi-

2031 2276 2130 2329 cite
2154 2275 2390 2330 volatilia
2413 2277 2552 2340 costi,
2581 2287 2634 2330 et
2659 2275 2882 2343 reliqua.
2914 2274 3049 2340 Quia
3084 2289 3200 2331 mos
3229 2285 3314 2329 est
3339 2274 3518 2327 avium
3548 2272 3601 2328 iu

2030 2369 2198 2422 altum
2226 2369 2426 2435 volare,
2461 2383 2518 2424 et
2543 2369 2808 2423 canticum
2833 2378 3078 2434 cantare,
3109 2376 3164 2422 et
3190 2367 3240 2421 si
3267 2365 3472 2435 aliquid
3502 2366 3608 2421 sibi.

2034 2460 2303 2516 voluerint
2333 2462 2387 2515 in
2423 2471 2590 2525 terra,
2628 2460 2902 2531 accipiunt
2940 2476 2970 2515 a
3017 2459 3244 2514 Domino
3272 2477 3285 2513 :
3317 2461 3392 2514 ita
3422 2472 3477 2514 et
3508 2459 3607 2513 he-

2032 2555 2205 2608 mines
2232 2554 2428 2608 debent
2457 2553 2702 2608 coelestia
2748 2552 3012 2622 cogitare,
3044 2561 3102 2607 et
3132 2552 3299 2607 Deum
3340 2553 3564 2606 laudare
3589 2572 3603 2617 ;

2030 2654 2084 2698 et
2133 2659 2259 2699 cum
2298 2645 2437 2700 cibis
2462 2646 2482 2676 '
2512 2644 2784 2714 indigent,
2828 2659 2856 2698 a
2889 2645 3120 2698 Domino
3160 2644 3216 2698 in
3261 2653 3401 2698 terra
3445 2646 3603 2698 acci—

2031 2738 2182 2806 piunt
2215 2737 2616 2805 reparationem
2645 2736 2970 2790 divinitatis.
3006 2735 3220 2802 Quanto
3249 2736 3412 2805 magis
3447 2735 3608 2789 Pater

2031 2837 2220 2892 vester,
2254 2829 2346 2896 qui
2381 2827 2558 2882 bonus
2595 2836 2682 2882 est
2719 2837 2938 2895 natura,
2972 2828 3118 2882 dabit
3152 2828 3284 2881 bona
3313 2828 3607 2897 petentibus

2031 2935 2106 2982 se,
2132 2919 2186 2974 id
2214 2930 2318 2984 est,
2345 2919 2506 2974 (idem
2540 2934 2636 2988 per
2657 2919 3001 2974 charitatem.

2103 3009 2256 3081 (Cap.
2284 3009 2400 3067 Vll.
2433 3040 2502 3053 -—
2531 3010 2680 3065 Vers.
2721 3011 2810 3077 15,
2843 3011 2932 3064 14.
2965 3010 2984 3080 )
3027 3009 3240 3065 Intrate
3291 3027 3385 3080 per
3434 3025 3606 3080 angit-

2031 3117 2168 3157 stant
2197 3113 2429 3172 portans,
2453 3103 2544 3158 ubi
2580 3116 2687 3157 non
2739 3103 2957 3172 capient
2994 3114 3335 3171 peccatores,
3379 3103 3481 3156 nisi
3514 3106 3606 3156 de.

2035 3205 2238 3266 ponant
2269 3210 2406 3264 quas
2437 3203 2658 3266 portant
2679 3196 2948 3251 sarcinas.
2976 3195 3116 3256 Duo.
3167 3197 3218 3250 id
3274 3207 3381 3258 est.
3419 3197 3604 3249 chari-

2033 3292 2198 3340 tatem
2254 3284 2349 3339 Dei
2398 3295 2456 3340 et
2513 3285 2795 3355 proximi:
2833 3285 2940 3339 duo
2999 3285 3308 3351 luminaria,
3359 3287 3606 3355 superius

2034 3372 2415 3442 Evangelium,
2453 3373 2683 3428 inferius
2737 3383 2892 3428 vetus
2930 3374 3035 3440 lex,
3074 3374 3164 3429 ubi
3198 3377 3320 3444 quis
3345 3376 3604 3439 offendat,

2035 3482 2141 3521 non
2171 3469 2360 3521 intrat.
2416 3468 2589 3531 Quam
2619 3470 2732 3519 lata
2775 3476 2950 3535 porta,
3006 3475 3061 3520 et
3115 3468 3321 3536 reliqua
3353 3483 3368 3522 :
3395 3468 3446 3522 id
3499 3477 3602 3529 est.

2032 3558 2240 3613 divitiis
2265 3568 2318 3611 et
2345 3561 2560 3627 propria
2593 3559 2874 3614 volunta'e
2935 3561 3253 3615 servientes.

2107 3648 2842 3719 (Vers.15-20.)Attendite
2903 3653 3066 3714 vobis,
3123 3653 3172 3706 id
3227 3662 3333 3720 est,
3375 3667 3404 3706 a
3453 3650 3606 3706 falsis

2033 3740 2353 3795 doctoribus
2393 3748 2581 3793 cavete
2617 3755 2631 3793 :
2670 3741 2725 3792 in
2793 3741 3113 3792 vestimentis
3169 3742 3362 3802 ovium,
3418 3740 3468 3793 id
3497 3752 3602 3802 est,

2030 3831 2160 3887 boni
2181 3831 2440 3894 doctoris,
2484 3831 2593 3899 lupi
2631 3845 2882 3896 rapaces,
2913 3831 2965 3884 id
2995 3841 3100 3895 est,
3150 3831 3362 3884 animas
3393 3831 3444 3883 in
3479 3845 3606 3898 per~

2033 3924 2235 3978 ditione
2267 3922 2507 3990 rapiunt.
2537 3924 2574 3973 Δ
2605 3921 2864 3990 fructibus
2890 3937 3092 3987 eorum,
3129 3922 3183 3975 id
3227 3931 3330 3984 est,
3380 3938 3442 3974 es
3474 3937 3604 3990 ope-

2035 4015 2206 4078 ribus,
2235 4014 2552 4082 cognoscetis
2580 4029 2691 4073 eos.
2744 4013 2796 4066 id
2833 4023 2936 4075 est,
2972 4013 3207 4081 nunquid
3253 4012 3503 4081 colligunt
3541 4017 3603 4064 de

2031 4107 2196 4176 spissis
2228 4123 2247 4160 :
2299 4107 2352 4160 id
2377 4114 2484 4167 est,
2510 4106 2574 4160 de
2603 4105 2898 4171 htereticis,
2941 4121 3090 4170 uvas,
3133 4106 3184 4160 id
3221 4114 3325 4168 est,
3383 4106 3608 4174 virgini-

2033 4206 2194 4253 tatem
2236 4213 2253 4254 :
2288 4197 2363 4252 De
2383 4198 2590 4251 tribulis
2612 4197 2766 4268 ﬁcus,
2811 4198 2861 4250 id
2919 4207 3024 4262 est,
3061 4198 3346 4268 coniugem
3382 4199 3447 4252 de
3499 4197 3604 4252 Ιιωρ

2035 4291 2237 4346 reticis.
2269 4289 2442 4344 Arbor
2467 4290 2628 4353 bona,
2656 4291 2818 4344 homo
2851 4289 3048 4354 bonus,
3081 4289 3240 4345 arbor
3277 4289 3441 4356 mala,
3508 4290 3606 4344 lio-

2036 4397 2124 4435 mo
2158 4381 2359 4446 malus,
2419 4383 2510 4450 qui
2551 4383 2663 4450 agit
2686 4395 2850 4450 opera
2882 4381 3042 4436 mala.

2112 4473 2292 4548 (Vers.
2315 4473 2537 4541 υσεδ.)
2561 4471 2685 4526 Non
2707 4473 2874 4526 omnis
2903 4472 2994 4542 qui
3019 4472 3146 4526 dicit
3177 4473 3325 4538 milii,
3364 4471 3606 4538 Domine,

2043 4567 2287 4631 Domine,
2339 4575 2392 4619 et
2411 4565 2641 4633 reliqua.
2669 4563 2742 4617 De
2776 4564 2881 4618 illis
2915 4564 3046 4618 dicit
3079 4568 3170 4630 qui
3195 4574 3378 4618 amant
3411 4565 3463 4618 in
3514 4580 3610 4616 an-

2043 4659 2181 4728 gulis
2212 4665 2359 4712 stare
2383 4664 2626 4710 orantes.
2660 4652 2763 4708 Sed
2787 4654 2876 4724 qui
2909 4653 3040 4721 facit
3071 4653 3391 4708 voluntatem
3423 4651 3606 4706 Patris

2043 4751 2166 4813 mei,
2198 4749 2250 4804 id
2274 4758 2374 4813 est,
2408 4747 2501 4816 qui
2536 4755 2718 4800 servat
2743 4751 3018 4800 mandata.
3053 4744 3209 4799 Multi
3244 4745 3371 4798 mihi
3403 4746 3606 4809 dicunt,

2044 4842 2291 4905 Domine,
2338 4841 2390 4892 id
2426 4851 2532 4902 est,
2564 4838 2715 4892 multi
2762 4849 2890 4894 sunt
2938 4839 3032 4908 qui
3083 4839 3287 4892 intrant
3319 4853 3412 4907 per
3435 4852 3553 4891 eam
3589 4852 3605 4892 :

2047 4936 2186 5000 Quia
2213 4948 2479 5002 nunquam
2507 4933 2625 4985 novi
2657 4948 2762 4996 vos,
2791 4933 2842 4985 id
2865 4941 2968 4998 cst,
2997 4933 3216 4999 bonum,
3238 4931 3320 4984 vel
3345 4929 3603 4984 haeretici.

2048 5024 2356 5078 Discediteu
2385 5037 2484 5086 me,
2521 5021 2574 5074 id
2604 5030 2708 5085 est,
2739 5022 2830 5090 qui
2883 5030 3102 5090 sperant
3129 5036 3232 5074 non
3269 5033 3388 5072 esse
3423 5019 3609 5072 remis-

2046 5119 2252 5172 sionem
2287 5125 2656 5184 peccatorum.
2720 5111 2899 5166 Omnis
2938 5113 3026 5181 qui
3074 5113 3224 5165 aud-it
3257 5111 3409 5163 verba
3469 5126 3603 5174 mea,

2041 5219 2097 5264 et
2160 5205 2529 5275 reliqua;qui
2580 5215 2770 5259 contra
2820 5204 3262 5274 praedicationem
3317 5217 3424 5254 non
3473 5200 3603 5267 agit,

2041 5302 2433 5357 assimilabitur
2467 5301 2584 5355 viro
2638 5301 2892 5370 Sapienti,
2933 5297 3348 5369 qui‘cediﬁcavit
3391 5296 3606 5349 domum

2041 5412 2194 5464 super
2221 5406 2444 5464 petram,
2481 5395 2530 5449 id
2580 5404 2684 5460 est,
2720 5408 2883 5464 super
2917 5405 3055 5461 opus
3086 5393 3309 5456 bonum,
3341 5406 3405 5445 ne
3439 5390 3610 5442 intrat-

2111 5558 2130 5588 ²
2167 5556 2294 5608 Erat
2323 5555 2546 5608 civibus.
2591 5553 2706 5606 llos
2739 5552 2880 5620 quod
2919 5553 3136 5615 dicitur,
3174 5554 3438 5622 deponant
3474 5569 3610 5622 quas

2042 5634 2253 5696 portant
2283 5627 2546 5686 sarcinas,
2581 5639 2678 5676 nos
2710 5623 3038 5677 substituere
3067 5629 3236 5678 coacti
3270 5640 3478 5688 sumus,
3511 5641 3608 5691 pro

2045 5702 2129 5816 :lib'
2156 5696 2445 5818 vrthrﬁttm
2480 5696 2751 5758 umnstris,
2786 5697 3052 5761 reponant
3089 5705 3294 5764 portam
3339 5695 3609 5770 fides-pq-

2065 5781 2256 5818 usuctts
2362 5806 2370 5816 .

2065 5781 2256 5820 ιιδιιίιιδ
2293 5781 2370 5818 ΙΙ.
