3934 6188
363 262 469 333 $57

364 388 444 434 ret
473 377 653 447 pluvia
707 378 759 431 in
784 391 930 439 eum,
967 375 1021 430 id
1056 384 1158 437 est,
1197 373 1443 429 doctrina
1491 374 1784 428 haeretica:
1826 373 1928 427 llu-
1962 390 2008 446 Δ

361 470 527 531 mina,
554 465 960 536 persecutiones
994 463 1402 529 haereticorum,
1428 464 1596 523 venti,
1632 461 1926 517 daemones.

358 559 539 614 Nubes
563 558 831 625 accipiunt
862 555 1096 623 pluviam
1122 554 1190 609 de
1216 570 1386 618 mare,
1422 554 1661 609 haeretici
1684 554 1929 609 doctrina

356 650 424 701 de
454 649 678 702 mundo.
714 645 780 699 Et
808 661 909 698 non
948 646 1135 701 cecidit
1166 646 1379 712 domus,
1399 647 1451 699 id
1479 654 1585 710 est,
1620 660 1728 700 non
1762 645 1928 710 cadit,

356 739 446 810 qui
478 753 646 809 super
679 736 838 791 fidem
871 738 1052 792 statin
1089 734 1329 792 Christo.

425 852 602 921 (Vers.
627 850 741 922 26.)
778 850 842 904 Et
867 850 1039 905 omnis
1072 854 1162 920 qui
1188 851 1339 905 audit
1362 852 1521 905 verba
1555 867 1692 916 mea,
1726 860 1778 909 et
1824 868 1930 905 nou

354 947 511 1013 faciet
544 960 630 1001 ea.
684 943 741 998 id
776 953 880 1010 est,
908 961 1025 998 tuos
1057 943 1156 999 fuit
1185 946 1238 998 in
1269 944 1407 1013 LPge
1430 946 1573 1013 quod
1628 960 1737 999 non
1784 954 1932 999 esset

356 1042 408 1089 in
458 1036 657 1105 populo
692 1037 783 1107 qui
820 1052 926 1090 non
979 1046 1125 1091 esset
1156 1038 1415 1099 mundus,
1447 1048 1501 1090 et
1532 1038 1578 1092 si
1634 1036 1926 1090 sanitatem

354 1129 674 1195 accepisset,
710 1130 1044 1184 OStendissct
1095 1141 1154 1181 se
1200 1128 1471 1181 sacerdoti
1510 1144 1527 1181 :
1560 1137 1617 1181 et
1664 1125 1932 1180 oti'ercha-

356 1232 444 1273 tur
478 1234 577 1289 pro
606 1235 673 1276 eo
703 1235 897 1275 ninnns
930 1239 943 1274 :
975 1220 1106 1273 duos
1137 1228 1394 1285 turtures,
1427 1229 1521 1273 aut
1581 1221 1714 1274 duos
1751 1219 1927 1288 pullos

352 1309 712 1366 columbarum
764 1310 957 1381 (Levit.
983 1329 1083 1375 Ml,
1105 1312 1180 1380 8).
1213 1310 1280 1365 Et
1314 1311 1631 1366 luctatcum
1667 1314 1747 1366 eis
1772 1312 1925 1381 juxta

354 1404 454 1456 hoc
491 1418 650 1473 opus,
677 1404 883 1472 lignum
927 1407 1241 1475 hyssopum,
1273 1412 1330 1456 et
1353 1403 1629 1457 coccinum
1681 1419 1807 1472 erga
1838 1419 1930 1457 ca-

352 1509 546 1547 cumen
580 1494 753 1563 ipsius
786 1495 937 1561 ligni,
975 1503 1028 1547 et
1067 1494 1486 1564 dispergebatur
1529 1495 1749 1565 sanguis
1794 1495 1926 1551 alte~

354 1590 465 1639 rius
496 1585 612 1638 avis
641 1602 806 1654 super
832 1586 975 1641 istud
1001 1588 1207 1651 lignum
1242 1602 1259 1640 :
1286 1601 1453 1658 super
1475 1586 1707 1642 alterum
1740 1604 1923 1655 avem,

352 1686 405 1727 ct
438 1678 557 1746 ipse
587 1677 964 1733 dimittebatur
987 1678 1041 1732 in
1063 1693 1209 1733 aere.
1244 1679 1471 1750 Lignum
1496 1693 1631 1735 crux
1665 1681 1865 1736 Christi
1904 1698 1921 1751 ;

1276 260 1333 319 s.
1384 251 1830 317 lttsnoxmt
1874 256 2188 317 Oi‘ERt'M
2233 210 2637 318 MANTtsM.

3501 247 3603 313 569

2109 374 2263 444 (Cap.
2294 374 2473 429 lX.-—-
2499 376 2649 430 VCI'S.
2677 376 2705 426 7
2743 375 2927 445 seqq.)
2971 373 3213 429 Surrexit
3245 390 3260 426 :
3294 374 3344 425 id
3378 384 3477 426 tut.
3514 390 3600 423 ru-

2039 475 2191 522 tatus
2233 477 2315 523 est
2352 483 2364 517 :
2397 482 2633 521 reversus
2655 468 2710 520 in
2743 467 2958 520 domum
2983 482 3156 527 suam,
3197 464 3251 520 id
3273 475 3375 526 est,
3407 467 3472 517 ad
3496 464 3602 528 pri-

2037 574 2179 611 mam
2217 563 2579 613 creationem.
2624 558 2891 626 Sponsus,
2946 558 3195 615 Christus
3224 566 3307 610 est
3340 573 3598 625 :spnnm,

2035 648 2278 705 Ecclesia
2310 667 2325 702 :
2354 648 2447 703 lilii
2484 651 2693 717 sponsi,
2745 648 2978 716 apostoli
3008 658 3154 706 sunt.
3188 646 3358 702 Rudis
3388 648 3598 713 pannis,

2031 737 2275 792 doctrina
2298 740 2574 810 Evangelii
2597 757 2612 794 :
2636 740 2819 793 scissis
2844 738 3056 807 pannis,
3088 738 3190 793 hoc
3208 748 3336 793 sunt
3356 736 3600 792 hnntincs

2030 839 2267 885 vetares.
2300 829 2496 884 Vinum
2530 846 2747 896 novum,
2778 842 2833 887 et
2857 841 3005 885 utres
3045 840 3280 894 veteres,
3309 844 3440 885 nova
3465 845 3601 899 prte-

2032 924 2233 979 dicatio
2256 926 2321 977 ad
2353 924 2601 978 homines
2631 932 2863 978 veteres.
2899 922 3157 990 Princeps
3201 922 3427 991 ﬁguram
3460 928 3604 977 tenet

2031 1017 2417 1086 prophetarum
2468 1017 2554 1071 vel
2580 1016 3032 1086 patriarcharum.
3065 1015 3245 1071 Puei‘a
3272 1015 3387 1069 hec
3409 1022 3492 1068 est
3516 1029 3603 1091 sy:
3664 1064 3669 1070 .

2033 1129 2260 1182 nagoga.
2290 1113 2483 1167 Tenuit
2508 1113 2665 1168 lcsus
2690 1129 2904 1167 manum
2925 1112 3171 1180 ejusdem
3200 1111 3408 1180 puellm,
3431 1111 3483 1164 id
3502 1120 3601 1177 est,

2031 1206 2290 1259 auxilium
2342 1207 2391 1260 ei
2443 1206 2717 1277 praestitit.
2777 1207 2962 1260 Messi:
2991 1204 3182 1268 multa,
3218 1203 3271 1258 id
3310 1213 3413 1268 est,
3442 1202 3601 1258 corda

2030 1306 2218 1364 parata
2257 1312 2271 1347 :
2306 1311 2599 1359 messores,
2632 1296 2910 1350 doctores.
2960 1291 3083 1347 Non
3134 1293 3270 1348 duas
3296 1294 3521 1358 tunicas,
3551 1290 3600 1345 id

2029 1397 2133 1452 est,
2168 1403 2273 1441 non
2301 1387 2459 1457 dupla
2491 1397 2670 1443 mente
2694 1402 2795 1443 nee
2825 1386 2984 1456 dupla
3015 1385 3233 1449 ﬁducia,
3299 1384 3353 1438 in
3404 1398 3596 1438 novum

2029 1480 2201 1533 autin
2242 1490 2393 1534 vetus
2421 1479 2856 1536 Testamentum.
2905 1479 3026 1534 Non
3084 1478 3517 1535 calciamentum,
3548 1475 3597 1528 id

2027 1580 2132 1637 est,
2166 1586 2272 1625 non
2306 1572 2682 1627 testimonium
2719 1574 2984 1626 malorum
3020 1587 3223 1641 :neque
3269 1571 3495 1636 virgam,
3548 1570 3598 1622 id

2028 1671 2132 1725 est,
2162 1678 2269 1715 non
2303 1662 2700 1727 fortitudinem,
2733 1664 2827 1718 sed
2853 1678 2946 1732 per
2978 1663 3319 1731 patientiam.
3367 1659 3477 1714 Pax
3515 1673 3601 1712 re-

354 1768 658 1829 coccinum,
705 1769 897 1839 passio
932 1768 1070 1838 ejus.
1123 1768 1188 1824 Et
1233 1780 1449 1838 oportet
1484 1772 1554 1826 ad
1603 1775 1923 1842 martyrium

2035 1769 2212 1837 versa,
2241 1755 2293 1808 id
2323 1762 2428 1818 est,
2460 1770 2670 1810 merces
2701 1765 2918 1823 recepta
2949 1772 2963 1809 :
2994 1769 3091 1823 per
3114 1750 3606 1821 pulverem,inqui-

355 1860 453 1923 ire,
513 1872 605 1928 per
663 1860 969 1926 passionem
1034 1859 1265 1926 Christi,
1320 1872 1377 1918 et
1439 1862 1669 1934 sanguis
1736 1874 1926 1918 noster

353 1961 636 2022 spttt’galttf
683 1965 850 2021 super
899 1967 1125 2008 crucem
1177 1954 1316 2023 ejus,
1370 1970 1495 2008 nam
1541 1956 1802 2011 ascendat
1857 1956 1933 2010 ad.

356 2041 679 2110 Ecclesium,
711 2054 831 2112 post
863 2048 1170 2115 passionem
1200 2046 1445 2115 corporis
1476 2047 1649 2102 nostri
1686 2047 1739 2102 in
1784 2061 1929 2101 mar-

353 2148 396 2205 ι)
416 2135 519 2189 t'io.

420 2253 574 2324 (Cap.
602 2251 735 2311 Vill.
758 2285 829 2296 -
863 2256 1018 2312 Vers.
1054 2256 1232 2325 445.)
1268 2255 1334 2310 In
1364 2257 1667 2311 testimonio
1700 2256 1833 2311 illis.
1871 2256 1925 2311 ld

350 2358 454 2417 εει,
491 2355 547 2398 ιιι
576 2360 681 2401 non
722 2347 972 2403 solvisset
1005 2349 1200 2417 legem,
1236 2351 1319 2404 vel
1348 2349 1615 2405 vidissent
1646 2352 1792 2420 quod
1828 2367 1924 2404 na-

354 2449 438 2489 tus
459 2445 654 2493 esseta
688 2438 859 2506 lepra.
912 2438 1173 2493 Centurio
1224 2439 1422 2509 ligarat
1476 2440 1753 2505 doctores,
1789 2455 1927 2511 puer

351 2532 683 2602 paralyticus
713 2540 1051 2590 contractus.
1089 2530 1363 2600 significat
1402 2546 1575 2600 genus
1601 2533 1924 2597 humanum,

350 2625 402 2675 in
435 2623 671 2691 peccatis
727 2622 1071 2676 COﬂt‘lttStlm.
1111 2622 1325 2676 invenit
1360 2620 1521 2677 lusus
1553 2624 1605 2679 in
1642 2627 1928 2680 centurio-

351 2717 581 2791 netrina
640 2716 918 2786 mysteria,
954 2716 1185 2783 primam
1220 2714 1606 2779 humilitatem,
1656 2715 1746 2769 ubi
1800 2717 1926 2770 ait:

350 2806 593 2870 Domine,
652 2822 755 2860 non
805 2821 923 2859 sum
978 2806 1192 2876 dignus,
1231 2819 1288 2861 ut
1345 2806 1510 2862 intres
1570 2806 1668 2862 sub
1726 2818 1924 2862 tectum

350 2915 517 2952 meum
544 2914 562 2953 :
593 2897 828 2952 secunda
866 2899 1023 2964 lides,
1046 2898 1132 2951 tthi
1165 2898 1263 2966 ait,
1324 2906 1532 2951 tantum
1559 2899 1646 2952 dic
1687 2900 1924 2964 verbum,

347 3004 396 3069 et
424 2970 707 3044 sanabitur
743 3008 760 3047 :
792 2992 969 3055 n-rtia,
1005 2992 1057 3046 id
1097 3002 1200 3057 est,
1264 2994 1579 3062 prudentia,
1642 2993 1730 3048 ubi
1767 2995 1924 3059 dixit,

350 3085 505 3137 horno
535 3084 629 3142 sub
689 3092 973 3151 potestate.
1039 3082 1267 3137 Miratur
1288 3083 1450 3139 Iesus
1483 3084 1538 3139 in
1576 3086 1920 3151 centurione,
1948 3103 1992 3166 ρ

351 3175 404 3229 id
433 3184 538 3241 est,
578 3175 788 3230 invenit
819 3174 1341 3247 iocosamentiam,
1374 3191 1483 3246 qua
1513 3175 1694 3231 fuerat
1723 3178 1923 3232 doctus

353 3282 450 3334 per
493 3267 937 3334 przcdicationem
982 3268 1246 3322 divinam.
1307 3268 1386 3321 Ab
1436 3271 1641 3323 oriente
1666 3272 1921 3335 conuersi,

353 3341 403 3411 id
451 3368 555 3423 est,
592 3359 662 3413 ab
704 3357 926 3412 infantia
959 3372 978 3427 ;
1018 3360 1081 3413 ab
1121 3361 1413 3425 occidente,
1450 3363 1501 3417 id
1541 3371 1647 3426 est,
1684 3378 1714 3417 a
1765 3377 1924 3417 sene-

350 3462 499 3517 ctute
526 3466 545 3517 ;
581 3470 610 3504 η
644 3453 881 3519 meridie,
918 3468 945 3504 a
974 3453 1259 3520 iuventute
1287 3468 1305 3519 ;
1338 3454 1404 3506 ab
1429 3454 1704 3524 aquilone,
1728 3455 1781 3509 id
1818 3466 1922 3523 est,

351 3547 419 3613 de
444 3552 710 3613 potestate
745 3541 975 3605 diaboli,
1010 3542 1238 3605 veniunt
1277 3543 1346 3599 ad
1386 3543 1575 3612 iidem,
1600 3546 1924 3612 recumbent,

353 3636 402 3688 id
424 3643 537 3703 est,
557 3634 884 3689 inhabitant.
908 3633 1088 3700 Quare
1114 3648 1236 3690 cum
1264 3634 1437 3691 tribus
1471 3644 1704 3706 tantum,
1732 3637 1785 3691 id
1813 3647 1921 3704 esr,

352 3708 574 3794 propter
607 3726 1009 3781 remissionem.
1061 3724 1162 3791 Qui
1196 3725 1615 3797 concupiscunt,
1677 3726 1803 3782 illuc
1830 3728 1927 3798 ﬂe-

349 3802 475 3889 bunt
506 3832 525 3871 :
553 3815 991 3875 illiseststridor
1007 3817 1276 3883 dentium,
1308 3830 1541 3887 quorum
1569 3816 1715 3875 Deus
1737 3829 1926 3874 venter

349 3920 451 3983 cst.
490 3911 718 3967 Socrqu
752 3908 899 3966 Petri
923 3909 1326 3967 febrlcitantem
1359 3927 1374 3968 :
1407 3910 1461 3967 id
1497 3920 1604 3978 est,
1636 3927 1926 3984 synagoga:

351 4001 621 4055 districtus.

423 4111 749 4187 (Yers.15.)
793 4111 985 4183 Tetigit
1034 4127 1277 4169 manum.
1306 4112 1595 4170 Prmetavit
1636 4116 1922 4179 auxilium,

351 4204 575 4259 dimissa
604 4203 777 4270 febre,
837 4204 889 4256 id
946 4213 1050 4271 est,
1080 4204 1284 4260 desinit
1320 4207 1698 4264 incredulitas.
1757 4210 1923 4262 Misi-

350 4298 554 4350 strubal
582 4298 655 4361 ei,
686 4296 743 4350 id
773 4305 875 4361 est,
930 4297 1286 4353 benedieebat
1332 4298 1380 4353 ei
1415 4314 1432 4357 :
1466 4316 1563 4371 per
1612 4317 1922 4372 verpevnm,

349 4389 654 4443 nstcuditei
686 4388 845 4443 linem
877 4389 1084 4444 mundi.
1118 4390 1413 4456 Dtemonia,
1440 4392 1490 4445 id
1522 4402 1627 4456 est,
1659 4405 1920 4461 peccata:

349 4497 447 4550 per
473 4482 682 4551 vulpes,
733 4482 786 4537 id
815 4491 920 4547 est,
956 4482 1208 4537 homines
1256 4483 1563 4540 incredulos
1608 4501 1744 4554 :per
1773 4486 1923 4540 volu-

350 4591 497 4639 cres,
554 4573 803 4628 homines
861 4574 1078 4629 divites.
1136 4574 1256 4630 Non
1314 4576 1542 4635 reclinet
1587 4587 1777 4647 caput,
1833 4580 1922 4633 ubi

351 4675 575 4720 nonest
620 4663 774 4720 lides.
804 4664 1045 4744 Morinos
1095 4674 1364 4721 mortuum
1413 4668 1654 4736 sepelire,
1718 4670 1770 4723 id
1812 4680 1922 4739 pst,

352 4771 551 4825 corpus
585 4756 1053 4823 atiitnatnzaliter,
1096 4760 1140 4813 si
1181 4772 1436 4827 peccator
1500 4761 1684 4814 laudat
1731 4775 1926 4830 pecca-

348 4860 543 4904 tut‘etu.

424 4965 605 5036 (Vt-rs.
634 4964 845 5038 24-51.)
872 4964 1064 5031 Navis,
1100 4967 1151 5021 id
1175 4977 1274 5031 est,
1312 4967 1565 5023 Ecclesia:
1599 4986 1614 5036 ;
1650 4983 1822 5041 motus
1873 4982 1923 5027 et

349 5057 569 5125 ﬂuctus,
600 5061 653 5114 id
685 5066 790 5124 est,
851 5062 1079 5135 tetttatio
1117 5077 1133 5114 :
1167 5059 1528 5129 dortuitatus,
1562 5063 1615 5118 id
1669 5075 1775 5128 εει,
1826 5046 1924 5117 ’ίιιο

348 5158 631 5214 carnatus,
665 5151 781 5206 sive
844 5153 1136 5205 crucitixus
1165 5168 1179 5205 :
1211 5162 1422 5218 ventus,
1451 5153 1505 5213 id
1548 5164 1654 5225 est,
1716 5154 1926 5218 subita-

351 5256 449 5295 nea
508 5244 755 5295 tentatio.
808 5242 1207 5310 Damioniacus,
1281 5244 1521 5315 gentilis,
1585 5262 1725 5316 gens
1795 5263 1921 5301 cum

351 5334 599 5399 pertidia.
632 5331 736 5388 Per
772 5347 1132 5402 monumenta,
1167 5337 1269 5392 hoc
1302 5349 1447 5398 ,sunt
1497 5352 1735 5409 corpora
1772 5355 1788 5395 :
1823 5354 1922 5404 per

348 5424 489 5474 viam
532 5440 640 5479 non
668 5428 883 5494 transit,
913 5429 963 5482 id
1000 5437 1105 5490 est.
1158 5443 1254 5496 per
1313 5429 1672 5497 gentilitatem
1725 5432 1792 5487 ad
1829 5446 1922 5487 re-

349 5529 535 5580 gnum.
590 5517 734 5572 Grex
798 5536 1084 5588 porcorum
1137 5523 1434 5577 ostendunt
1493 5523 1746 5580 homines
1794 5538 1921 5582 ante

347 5609 759 5662 conversionem
795 5613 1052 5665 :dcntersi
1081 5613 1136 5665 in
1168 5628 1334 5678 utare,
1378 5614 1431 5667 id
1467 5622 1573 5681 est,
1607 5615 1660 5670 itt
1689 5618 1918 5687 proluu-

349 5693 497 5751 duut.
529 5700 630 5754 Per
667 5718 932 5770 putatorem
961 5706 1195 5761 ostendit
1220 5704 1599 5778 philomphos.

2037 1856 2382 1903 namentum.
2438 1847 2553 1903 Iloc
2577 1858 2733 1914 sunt,
2770 1849 2896 1917 quia
2959 1847 3142 1919 pulvis
3199 1847 3375 1900 tribus
3435 1842 3604 1897 modis

2037 1938 2281 2006 impedit,
2329 1955 2552 2010 gressus
2598 1940 2822 2010 obligat,
2874 1939 3065 1993 oculos
3096 1938 3382 1998 obscurat,
3434 1935 3603 1989 vesti-

2036 2039 2219 2083 menta
2251 2030 2524 2099 inquinat.
2579 2030 2819 2101 Serpens
2849 2031 3093 2086 cruciata
3122 2026 3409 2084 abscondit
3446 2034 3605 2095 caput

2034 2135 2219 2186 suum,
2285 2123 2336 2176 id
2402 2129 2512 2189 ‘est,
2571 2123 2805 2192 apostoli
2869 2124 3123 2187 cruciati,
3180 2137 3286 2175 non
3346 2127 3605 2186 negantos

2033 2214 2332 2268 Christum.
2395 2213 2970 2281 Pcrsecutinues,hoc
3018 2223 3145 2269 sunt
3200 2214 3453 2274 haereses,
3535 2207 3605 2263 De

2034 2305 2245 2359 civitate
2274 2305 2329 2358 in
2358 2304 2546 2369 aliam,
2594 2305 2647 2359 id
2684 2316 2789 2372 est,
2821 2319 2918 2375 per
2964 2303 3215 2373 singulas
3275 2300 3604 2370 quaestiones
3667 2294 3671 2298 ’

2036 2396 2321 2451 librorum.
2776 2378 2789 2385 ~

2107 2489 2261 2562 (Cap.
2290 2490 2358 2546 Χ.
2384 2520 2454 2532 -
2478 2491 2635 2547 Vers.
2664 2489 2755 2544 26.
2789 2490 2810 2561 )
2844 2489 2999 2544 Nihil
3027 2498 3266 2559 opertum
3296 2486 3439 2557 quod
3502 2498 3603 2537 non

2036 2583 2291 2638 reveletur
2320 2599 2338 2637 :
2376 2582 2430 2637 id
2463 2594 2569 2646 est,
2601 2583 2784 2652 passio
2823 2580 3027 2636 Christi
3062 2590 3119 2635 et
3139 2581 3382 2636 omnium
3412 2580 3603 2635 decto-

2036 2690 2176 2728 rum.
2233 2672 2387 2740 Quod
2417 2674 2535 2728 dico
2560 2676 2614 2726 in
2646 2673 2891 2739 tenebris,
2935 2672 2988 2726 id
3018 2678 3123 2736 est,
3159 2672 3225 2724 ad
3258 2669 3494 2733 Jutlteos,
3526 2669 3606 2721 di-

2033 2766 2137 2819 cite
2169 2766 2223 2819 in
2243 2766 2465 2830 lumine,
2512 2765 2564 2820 id
2591 2774 2695 2831 est,
2728 2764 2782 2818 in
2815 2762 3081 2819 Ecclesia.
3114 2763 3229 2818 Duo
3258 2778 3523 2834 passeres,
3550 2763 3599 2817 id

2033 2870 2139 2922 est,
2171 2875 2370 2928 corpus
2394 2869 2447 2913 et
2479 2858 2683 2921 anima,
2724 2873 2819 2913 seu
2867 2855 3125 2912 Christus
3176 2867 3232 2910 et
3303 2856 3597 2910 B.:rahbas.

2037 2952 2185 3010 Asse.
2220 2950 2273 3003 id
2305 2962 2410 3017 est,
2448 2950 2579 3003 lides
2611 2965 2739 3015 :per
2778 2949 3038 3018 gladium,
3067 2948 3170 3002 hoc
3220 2956 3348 3003 stmt
3381 2948 3596 3002 verbum

2037 3042 2458 3109 pnedicatiouis.
2509 3042 2701 3106 Aliter,
2756 3043 2860 3093 duo
2899 3056 3166 3109 passeres,
3230 3040 3283 3092 id
3335 3049 3440 3123 est,
3498 3043 3602 3093 duo

2029 3136 2397 3192 Testamenta.
2430 3137 2579 3202 Asse,
2612 3139 2712 3189 hoc
2733 3143 2847 3199 est,
2873 3134 3146 3190 Christus.
3201 3132 3465 3200 Separare
3509 3149 3601 3203 pa-

2030 3241 2160 3281 trem
2191 3245 2223 3280 a
2258 3226 2394 3297 ﬁlio,
2441 3228 2542 3281 hoc
2572 3237 2678 3293 est,
2713 3225 2900 3280 ﬁdeles
2958 3225 3028 3279 ab
3082 3224 3412 3279 infidelibus.
3454 3227 3599 3280 Aeci~

2029 3320 2108 3390 pit
2156 3334 2398 3383 crucem,
2427 3320 2478 3375 id
2503 3328 2607 3387 est,
2658 3318 2852 3377 crucia.
2904 3318 3157 3388 teipsum.
3219 3314 3599 3373 Scandulizare

2030 3415 2082 3464 in
2107 3411 2347 3478 Christo,
2385 3412 2437 3467 id
2464 3422 2550 3467 est
2580 3427 2781 3482 negare
2817 3411 3117 3467 Christum.

2099 3503 2252 3575 (Cap.
2289 3503 2382 3560 ΧΙ.
2407 3503 2637 3561 -νει-ε.
2655 3504 2686 3557 7
2711 3502 2889 3575 seqq.)
2906 3502 3229 3559 Arundineni
3252 3513 3403 3559 vento
3432 3505 3599 3576 agite-

2028 3606 2160 3661 tam,
2197 3597 2303 3653 hoc
2330 3608 2458 3653 sunt
2512 3596 2766 3663 homines
2837 3596 3149 3654 adulatores
3178 3614 3197 3654 :
3228 3612 3431 3655 vacuos
3484 3600 3599 3653 site
3650 3576 3659 3599 ’

2024 3686 2230 3742 fructu.
2259 3685 2494 3759 Regnum
2528 3688 2778 3742 calorum
2812 3686 2912 3742 vim
2942 3687 3172 3757 patitur,
3204 3688 3306 3743 hoc
3339 3698 3443 3755 est,
3476 3688 3600 3757 quia

2027 3793 2125 3849 per
2150 3779 2519 3836 cruciationes
2571 3780 2755 3834 carnis
2784 3787 2840 3833 et
2872 3779 3231 3850 paenitentia,
3294 3781 3603 3850 pervenitur

2027 3873 2095 3927 ad
2131 3888 2359 3947 regnum
2385 3873 2500 3928 Dei.
2530 3871 2652 3941 Ipse
2677 3881 2755 3927 est
2790 3870 2964 3938 It‘lias,
3019 3873 3111 3941 qui
3170 3869 3431 3939 Joannes,
3476 3874 3601 3942 quia

2028 3964 2144 4037 ipse
2195 3964 2421 4035 spiritus
2471 3965 2579 4020 erit
2617 3966 2670 4019 in
2706 3964 2823 4021 Elia
2856 3965 2908 4019 in
2956 3964 3198 4020 secundo
3227 3967 3479 4032 adventu,
3509 3968 3601 4034 qui

2028 4056 2082 4110 in
2128 4053 2341 4112 Joanne
2371 4055 2490 4125 ,fuit
2535 4057 2587 4108 in
2622 4058 2796 4127 primo
2840 4056 3098 4111 adventu.
3132 4056 3293 4112 Pueri
3354 4059 3602 4111 sedentes

2030 4148 2080 4201 in
2120 4147 2260 4213 foro,
2299 4148 2403 4203 huc
2434 4158 2562 4202 sunt
2598 4150 2895 4217 praphetae.
2943 4147 3286 4204 Cantavirnus
3335 4150 3499 4216 vobis,
3556 4161 3601 4205 et

2027 4255 2130 4294 non
2149 4239 2392 4294 saltastis
2424 4241 2600 4304 tibias,
2622 4241 2673 4294 id
2697 4251 2804 4304 est,
2834 4241 3204 4295 nuntiavitnus
3232 4244 3382 4297 vobis
3409 4243 3603 4319 adten-

2033 4343 2167 4396 tum,
2217 4342 2271 4386 et
2321 4346 2428 4386 non
2486 4331 2822 4387 credidistis.
2883 4331 3339 4400 Lamentavimus,
3398 4345 3450 4389 et
3503 4351 3600 4388 non

1959 4447 2001 4500 ο
2028 4424 2339 4493 planaistis,
2370 4425 2819 4479 annuntiavimus
2853 4426 3006 4480 vobis
3057 4425 3462 4496 paenitentiam,
3507 4441 3603 4479 es-

2028 4515 2259 4585 pavistis
2321 4513 2676 4571 confessioni.
2731 4515 2980 4583 Quatuor
3010 4518 3185 4572 modis
3240 4528 3372 4571 sunt
3419 4519 3607 4572 lauda-

2032 4608 2207 4662 tiones
2239 4625 2253 4663 :
2292 4606 2591 4676 Conﬁtebor
2621 4608 2737 4674 tibi,
2771 4607 3017 4673 Domine,
3054 4606 3222 4665 Pater
3271 4609 3431 4675 caeli;
3456 4608 3602 4674 lidei,

2029 4699 2198 4754 Credo
2229 4701 2284 4754 in
2320 4699 2485 4754 Deum
2515 4696 2727 4754 Patrem
2758 4717 2776 4755 :
2815 4710 3109 4772 martyrum
3146 4718 3157 4754 :
3198 4700 3302 4768 Qui
3328 4702 3608 4771 conﬁtetur

2030 4808 2112 4845 nte
2173 4808 2355 4846 eorum
2419 4792 2766 4849 hominibus:
2823 4804 3217 4864 peccatorum:
3268 4795 3608 4864 Confitemini

2031 4882 2254 4938 Domino
2283 4885 2532 4954 quoniam
2556 4886 2720 4939 bonus
2754 4883 2928 4954 (Psal.
2949 4900 3059 4951 ενι,
3095 4885 3171 4955 1),
3220 4886 3552 4940 Abscondisti
3571 4903 3607 4938 a

2027 4974 2375 5040 sapientibus,
2424 4974 2476 5028 id
2542 4983 2645 5040 est,
2705 4976 2797 5043 qui
2853 4975 3119 5044 sapientia
3179 4975 3344 5040 huius
3414 4975 3603 5028 mundi

2030 5075 2298 5131 utuntur;
2361 5063 2604 5119 revelasti
2693 5067 2951 5133 parvulis,
2998 5066 3054 5121 id
3139 5074 3245 5133 est,
3298 5065 3606 5134 disdpnlis.

2033 5156 2257 5229 Vocatio
2280 5168 2516 5227 quatuor
2562 5158 2739 5212 modis
2792 5157 2935 5213 facta
2971 5167 3055 5214 est
3120 5158 3172 5213 itt
3208 5174 3394 5214 novo:
3433 5157 3611 5214 Venite

2029 5249 2099 5303 ad
2136 5266 2218 5305 nte
2247 5267 2447 5316 omnes,
2478 5251 2568 5320 qui
2590 5252 2876 5307 laboratis.
2908 5252 2966 5306 in
2991 5263 3170 5307 vetere
3196 5268 3210 5306 :
3255 5250 3453 5317 Venite,
3476 5251 3609 5322 ﬁlii,

2027 5341 2208 5419 audite
2254 5338 2337 5395 'me
2384 5341 2559 5411 (Psal.
2614 5343 2930 5411 nsunt?)
2968 5360 2985 5411 ;
3020 5344 3073 5398 in
3133 5342 3339 5410 futuro,
3402 5343 3607 5409 Venire,

2028 5436 2284 5490 benedicti
2313 5434 2536 5504 (Matth.
2562 5452 2687 5499 xxv,
2717 5436 3142 5507 Sey—Iugum.
3170 5437 3222 5490 id
3249 5447 3351 5502 est,
3399 5437 3610 5492 doctri-

2027 5544 2097 5584 na
2153 5529 2290 5584 levis
2319 5539 2403 5585 est
2458 5531 2786 5593 volentibus,
2841 5530 3026 5598 gravis
3081 5529 3399 5588 nolentibus
3457 5543 3605 5583 eam.

2028 5620 2466 5676 Perfectiotreis
2490 5623 2669 5677 modis
2706 5621 3053 5691 intelligitur,
3106 5622 3158 5677 id
3207 5630 3311 5686 est,
3359 5620 3608 5691 discipu-

2031 5714 2229 5779 lorum,
2285 5729 2381 5772 uer
2432 5714 2804 5785 baptismum:
2860 5724 3231 5792 peccatorum,
3270 5728 3366 5785 per
3407 5713 3607 5769 remis-
