3934 6188
220 296 313 357 5’9
1124 302 1543 363 EXPUSITIO
1591 306 1665 362 iV
1707 306 2083 370 EVANGEL.
2145 313 2607 375 MATTIHEUS.

3380 310 3488 386 5Ἲο

217 413 471 466 sionem:
502 409 836 478 iudacorum,
873 427 967 483 per
1001 414 1409 469 rcnovationem
1447 417 1572 473 novi
1605 416 1798 475 'l'esta-
1829 427 1870 481 Α
1903 423 2121 479 dabitur
2156 428 2236 481 eis
2270 436 2323 481 ct
2359 430 2689 486 intellectus.
2734 432 2800 487 Et
2824 435 2916 504 qui
2969 451 3072 489 non
3096 436 3270 502 habet,
3309 438 3483 506 ipsum

216 504 402 559 tuenti.

278 597 440 668 (Cap.
504 597 619 652 Xll.
657 597 904 654 —Vers.
946 600 969 653 l
1003 600 1183 671 seqq.)
1256 600 1361 657 Per
1412 613 1553 669 sata,
1596 606 1650 660 id
1691 616 1795 672 est,

212 692 433 758 messis,
464 693 615 761 quod
648 692 922 763 signiﬁcat
959 692 1159 765 Legem
1190 707 1451 753 veterem.
1500 699 1795 757 Sabbatmn

214 784 429 852 requies
460 784 939 840 noviTcstameuti
971 805 985 852 ;
1017 786 1272 856 discipuli
1297 788 1564 846 Vellentcs
1593 794 1794 861 spicas,

212 881 258 934 id
295 890 405 946 est,
446 880 732 935 habentes
785 882 1098 936 testimonia
1127 883 1196 939 de
1256 886 1460 950 veteri,
1494 887 1559 941 ad
1589 888 1791 943 contir-

213 972 469 1028 mandunt
527 986 773 1027 novum:
815 972 1188 1030 confricantes
1252 978 1527 1042 manibus,
1576 980 1628 1033 id
1686 990 1791 1043 est,

209 1063 586 1130 exprimentes
626 1064 678 1118 in
711 1080 937 1120 sensum
986 1066 1311 1135 spiritalem.
1346 1067 1520 1125 Homo
1575 1086 1792 1125 manum

209 1156 423 1210 aridam
449 1158 682 1224 habens,
710 1158 950 1213 ostendit
980 1161 1295 1223 avaritiam,
1332 1163 1420 1231 qui
1452 1163 1678 1231 cupidus
1710 1166 1819 1218 est‘

208 1248 257 1301 in
282 1248 700 1318 accipiendum,
730 1263 934 1307 avarus
964 1252 1032 1305 ad
1063 1252 1428 1321 largiendum.
1453 1254 1553 1319 Qui
1582 1255 1794 1309 solebat

210 1356 425 1410 rapere,
476 1342 655 1398 discat
693 1344 935 1412 largire.“
970 1343 1221 1401 Extendit
1285 1363 1526 1413 manum,
1574 1349 1629 1404 id
1683 1358 1791 1412 est,

212 1444 443 1503 purgato
471 1435 657 1502 corde,
712 1437 966 1491 restituta
990 1439 1092 1506 :est
1126 1455 1141 1504 ;
1171 1439 1446 1508 signilirat
1476 1444 1794 1496 conversio-

209 1541 336 1583 nem
401 1530 470 1580 ad
513 1527 696 1583 iidem.
752 1526 978 1598 Lignum
1031 1531 1323 1604 (aurigam,
1381 1534 1432 1587 id
1466 1544 1570 1600 est,
1628 1537 1789 1591 corda

208 1623 452 1691 gentium
488 1634 677 1691 parata
711 1623 776 1678 ad
815 1626 1000 1680 iidem.
1058 1624 1340 1681 Hominem
1381 1629 1791 1693 dwmoniacum,

204 1724 414 1769 mutum
466 1726 516 1769 et
542 1732 764 1780 ca'cum,
816 1717 1089 1788 signiﬁcat
1119 1720 1417 1775 humanum
1449 1737 1652 1792 genus.
1722 1721 1790 1777 In

206 1807 366 1860 domo
429 1807 673 1875 alligavit
725 1809 940 1877 fortem,
976 1809 1029 1864 id
1079 1820 1187 1878 est,
1245 1810 1499 1868 Christus
1551 1813 1789 1885 alligavit

204 1901 514 1954 diabolum.
590 1899 731 1955 Vasa
791 1902 930 1968 ejus.
981 1902 1086 1959 hoc
1138 1914 1266 1960 sunt
1314 1906 1482 1959 corda
1514 1908 1784 1978 gentium.

273 1991 377 2059 (Ve
389 2007 464 2046 rs.
485 1991 601 2061 Si.)
617 1994 902 2064 Progenies
924 1995 1246 2064 viperarum,
1268 1997 1529 2067 quomodo
1570 1999 1790 2067 potestis

205 2084 225 2138 l
256 2086 347 2155 qui
392 2086 534 2140 bona
575 2104 696 2141 cunt
728 2088 849 2142 sitis
884 2089 1018 2143 mali
1046 2089 1074 2143 7
1107 2104 1207 2158 per
1251 2090 1496 2161 viperam
1550 2091 1792 2147 ostendit

203 2190 537 2247 synagogatn
576 2179 930 2250 :progenies,
978 2178 1030 2234 id
1062 2188 1190 2234 sunt
1226 2177 1396 2235 Judaei
1426 2196 1449 2247 ;
1480 2182 1622 2235 sicut
1649 2182 1791 2237 occio

204 2269 278 2323 dit
312 2269 464 2324 illius
501 2271 741 2337 viperam
802 2281 1037 2325 matrem
1089 2286 1268 2336 suam,
1295 2272 1377 2327 sic
1405 2269 1581 2328 Judaei
1631 2271 1791 2328 Chri-

200 2373 370 2425 stmn,
418 2363 510 2430 qui
542 2372 626 2416 est
652 2361 922 2431 sapientia
958 2364 1201 2417 omnium
1256 2370 1448 2417 mater.
1506 2362 1788 2419 Genet-otio

202 2455 343 2508 mala
373 2464 428 2507 et
451 2456 718 2517 adultera.
743 2454 910 2523 idem,
933 2457 1252 2511 deserentes
1272 2453 1583 2522 Dominum,
1608 2458 1788 2512 adhae-

202 2558 390 2602 rentes
434 2546 615 2601 idolis.
853 2542 867 2569 ⁹

270 2637 461 2711 (νει-ε.
483 2638 697 2709 42-50.)
716 2638 920 2711 Regina
939 2639 1127 2696 Austri
1149 2642 1285 2697 venit
1317 2660 1350 2698 a
1374 2643 1572 2713 ﬁnibus
1602 2653 1788 2708 terra';

197 2733 474 2803 signiﬁcat
530 2743 771 2806 gentes:
821 2735 1007 2790 audire
1059 2736 1378 2802 sapientiam
1455 2736 1785 2812 Salomonis,

198 2827 250 2880 id
287 2835 398 2890 est,
431 2826 740 2881 doctrinam
772 2825 1002 2882 Christi.
1052 2825 1372 2882 Immundas
1407 2830 1629 2898 spiritus
1677 2831 1788 2885 exit

193 2921 259 2973 ab
300 2920 539 2986 nomine,
575 2920 627 2973 id
656 2929 760 2984 est,
789 2932 818 2972 a
857 2916 1061 2974 Judaris
1096 2937 1111 2983 ;
1146 2919 1280 2974 abiit
1317 2938 1409 2987 per
1436 2923 1593 2975 arida
1646 2923 1784 2987 loca,

194 3013 247 3062 id
274 3020 385 3072 est.
441 3025 537 3079 per
578 3018 768 3075 gentes
801 3027 816 3077 ;
846 3011 1061 3064 revertit
1093 3011 1148 3064 in
1208 3011 1444 3077 domum,
1476 3014 1528 3067 id
1580 3025 1681 3081 est,
1718 3013 1785 3068 ad

189 3099 418 3157 Iudaeos
459 3119 475 3166 ;

192 3195 555 3248 traditionnm
584 3204 939 3262 paternarum
977 3211 992 3261 ;
1023 3199 1313 3265 assumpsit
1345 3214 1523 3252 secum
1586 3208 1782 3268 septem

186 3290 418 3352 spiritus
471 3289 770 3356 nequiores,
806 3288 908 3343 hoc
941 3298 1070 3342 sunt
1100 3304 1290 3346 omnes
1336 3291 1455 3346 dies
1489 3308 1681 3347 eorum
1731 3294 1784 3348 in

188 3380 342 3435 man
385 3394 556 3448 opere
610 3380 754 3434 versi
789 3380 1093 3446 ;iutrantes
1126 3381 1183 3435 in
1216 3382 1453 3448 domum,
1490 3384 1543 3439 id
1572 3394 1679 3453 est,
1732 3385 1784 3439 in

184 3477 363 3532 corda
396 3485 837 3543 persecutornm,
866 3475 997 3546 quia
1026 3474 1311 3532 Christum
1346 3480 1621 3549 persecuti
1660 3488 1788 3533 sunt

184 3582 235 3622 et
261 3568 598 3639 prapltctas.
661 3566 835 3621 Mater
879 3580 927 3623 et
958 3569 1176 3636 fratres,
1219 3569 1273 3623 id
1298 3577 1405 3633 est,
1437 3587 1706 3644 synagoga
1733 3584 1786 3626 et

180 3659 597 3732 Judaei;foras
654 3670 880 3726 stantes,
944 3661 996 3716 id
1048 3672 1155 3729 est,
1219 3671 1374 3717 extra
1435 3662 1783 3729 Ecclesiatn;

178 3765 498 3824 quaerentes
533 3752 766 3822 colloqui
805 3764 999 3818 tecum,
1038 3754 1277 3810 ostendit
1321 3755 1375 3809 in
1436 3755 1620 3811 futuro
1651 3771 1786 3811 con-

182 3847 506 3902 versionem
537 3843 850 3900 Judmorum
887 3846 952 3898 ad
979 3844 1159 3900 (idem.

252 3938 425 4012 (Cap.
461 3936 605 3993 Xlll.
633 3934 863 3992 —Vers.
900 3935 978 4007 1.)
1021 3935 1169 3991 Exiit
1205 3936 1362 3994 Jesus
1382 3940 1444 3996 de
1486 3941 1642 3997 domo
1673 3961 1787 4011 ;se-

170 4035 352 4090 debet
381 4032 456 4086 ad
493 4047 665 4096 mare,
690 4031 908 4086 duobus
935 4030 1111 4086 modis
1164 4032 1508 4105 in'elligitur,
1567 4037 1618 4093 id
1673 4049 1783 4104 est,

170 4130 241 4181 de
273 4125 435 4181 cmlo
466 4126 518 4178 in
554 4125 841 4187 mundum,
877 4122 945 4177 de
992 4120 1197 4178 Juda‘is
1219 4125 1285 4179 ad
1324 4138 1536 4196 gentes.
1590 4129 1786 4186 Ascen-

168 4221 255 4274 dit
280 4222 341 4272 in
375 4220 524 4283 stari,
566 4216 619 4271 id
663 4225 768 4282 est,
816 4216 866 4269 in
909 4216 1324 4282 cmlos;turbas
1357 4222 1428 4287 ad
1485 4222 1660 4288 littus,
1714 4226 1788 4281 si-

165 4312 490 4384 gniﬁcatur
521 4325 768 4381 praesens
826 4308 962 4363 vita.
998 4309 1063 4365 In
1109 4310 1538 4379 similitudinem,
1572 4317 1676 4371 hoc
1730 4320 1783 4373 in

166 4405 518 4472 parabolis;
550 4406 775 4456 seminat
811 4406 924 4474 ipse
946 4407 1038 4474 qui
1085 4408 1342 4477 praedicat
1381 4423 1400 4462 :
1423 4412 1679 4474 seminat,
1732 4411 1784 4465 id

528 3102 729 3156 invenit
786 3117 902 3156 eam
952 3103 1129 3171 scopis
1188 3107 1527 3172 mandatam,
1569 3107 1622 3162 id
1681 3120 1856 3200 est,c

1905 516 2045 585 quod
2069 516 2217 572 habet
2243 519 2517 583 auferetur
2543 522 2607 575 ab
2631 541 2712 587 eo,
2747 527 2975 579 ostendit
3004 525 3219 584 Judaaos
3257 546 3273 592 ;
3307 530 3479 598 ipsam

1903 608 2073 678 legem
2107 613 2585 678 quatnhabebant,
2648 615 2929 671 auferetur
2951 618 3021 671 ab
3076 617 3178 672 eis.
3245 602 3483 693 Videntes

1901 718 2004 756 non
2041 704 2275 771 videant,
2322 709 2425 761 hoc
2459 718 2583 761 sunt
2618 706 2816 771 Judaei,
2848 710 2939 779 qui
2982 711 3155 767 oculis
3206 713 3475 770 videntes.

1898 794 2068 848 corde
2119 810 2227 851 non
2287 798 2627 867 credcbaut;
2680 801 2952 855 audientes
3026 819 3129 857 non
3189 803 3419 859 audiant
3456 820 3477 859 :

1898 889 2139 942 ostendit
2187 905 2347 944 curas
2406 897 2649 960 corporis
2685 894 3019 949 :andiebant
3056 907 3113 950 et
3146 897 3297 952 duris
3354 912 3477 953 cor-

1898 979 2058 1034 dibus
2090 996 2195 1036 non
2230 981 2624 1052 intelligebant.
2660 986 2846 1041 Simile
2879 997 2956 1040 est
2991 1002 3208 1056 regnum
3229 987 3477 1043 oculorum

1896 1072 2097 1125 homini
2146 1074 2237 1143 qui
2278 1075 2559 1130 seminavit
2599 1092 2770 1131 semen
2822 1077 3014 1131 bonum
3049 1079 3103 1133 in
3156 1095 3286 1149 agro
3320 1096 3417 1134 suo
3451 1098 3475 1147 ,-

1897 1166 1985 1234 (ιιιί
2035 1167 2272 1221 seminat
2329 1170 2472 1224 lilius
2534 1170 2768 1226 hominis
2830 1182 3183 1228 estzsemen
3258 1174 3476 1230 verbum

1897 1258 1992 1313 Dei
2027 1258 2083 1313 in
2114 1261 2278 1315 corda
2310 1263 2650 1318 credentium
2678 1280 2694 1317 :
2730 1265 2779 1318 in
2808 1280 2961 1334 agro,
2996 1265 3049 1321 id
3074 1276 3180 1332 εει,
3216 1266 3269 1321 in
3316 1284 3474 1322 mttu-

1896 1352 2024 1407 dum
2057 1369 2071 1407 :
2101 1353 2334 1422 zizania,
2369 1354 2464 1409 lilii
2500 1371 2757 1426 nequam,
2789 1356 2843 1411 id
2876 1366 2959 1413 est
2996 1360 3230 1428 operarii
3277 1360 3477 1426 iniqui—

1898 1447 2047 1501 tatis.
2098 1445 2358 1501 Inimicus
2409 1447 2501 1518 qui
2566 1449 2885 1513 seminavit,
2937 1450 2989 1502 id
3039 1460 3144 1514 est,
3203 1450 3485 1505 diabolus.‘

1895 1536 2107 1603 Messis,
2131 1542 2535 1593 consummatio
2566 1541 2747 1592 saeculi
2784 1550 2869 1595 est
2904 1558 2918 1595 :
2950 1556 3252 1607 messores,
3298 1542 3475 1612 angeli

1895 1636 2044 1682 sunt.
2076 1627 2180 1683 Pro
2210 1630 2340 1699 quid
2373 1628 2674 1686 fasciculus
2707 1631 2958 1685 dicitur?
2991 1631 3117 1700 quia
3146 1648 3254 1686 non
3287 1648 3478 1688 ouutes

1893 1720 2178 1789 aequaliter
2232 1721 2571 1791 judicantur,
2624 1723 2718 1778 sed
2755 1723 2986 1778 adulteri
3021 1739 3144 1778 cum
3193 1725 3476 1790 adulteris,

1892 1823 1944 1867 et
1976 1828 2167 1870 omnes
2213 1830 2374 1885 pares
2418 1816 2721 1885 mqualiter.
2766 1818 3003 1873 Granum
3042 1819 3270 1888 sinapis,
3309 1820 3480 1889 signi-

1892 1904 2022 1961 ﬁcat
2046 1906 2323 1963 Christum
2354 1929 2367 1965 :
2402 1911 2565 1964 homo
2598 1910 2898 1977 seruiuaus,
2951 1912 3095 1969 Deus
3126 1913 3289 1967 Pater
3344 1923 3471 1967 cst:

1892 1999 1947 2052 in
1975 2015 2128 2070 agro,
2170 1999 2223 2054 id
2256 2009 2357 2063 est,
2385 2002 2437 2053 in
2472 2001 2700 2056 mundo.
2739 2001 3019 2057 Minimum
3052 2004 3291 2058 omnibus
3324 2005 3481 2058 semi-

1892 2091 2047 2146 nibus
2079 2106 2099 2146 :
2131 2093 2406 2164 significat
2461 2094 2765 2161 Christum,
2840 2094 3130 2150 refutatum
3162 2110 3191 2149 a
3246 2093 3475 2150 Jndmis.

1891 2181 2024 2238 Cum
2059 2193 2234 2237 autem
2264 2164 2505 2247 creverit,
2544 2183 2597 2236 id
2655 2193 2761 2248 est,
2811 2184 3136 2250 surrexerit,
3192 2185 3252 2253 fit
3295 2187 3473 2248 arbor,

1893 2275 1945 2329 id
1980 2285 2082 2339 est,
2120 2276 2370 2330 ascendit
2402 2278 2470 2329 ad
2527 2277 2730 2331 ('(Biunt
2769 2293 2781 2341 ;
2820 2278 2957 2330 rami
3002 2276 3137 2345 ejus,
3190 2278 3292 2332 hoc
3349 2289 3475 2332 sunt

1891 2364 2127 2432 apostoli
2161 2378 2176 2429 ;
2207 2362 2444 2417 volucres
2499 2365 2554 2417 in
2589 2364 2758 2418 rantis
2814 2366 2954 2433 ejus,
3002 2366 3057 2422 id
3084 2375 3213 2422 sunt
3272 2369 3471 2431 sancti,

1892 2457 1982 2524 qui
2042 2464 2259 2511 terrena
2335 2456 2669 2526 despiciunt,
2720 2457 2968 2514 cmlestia
3050 2458 3471 2530 concupiscunt.

1890 2547 2065 2603 Aliter
2094 2563 2325 2618 granum
2384 2549 2620 2619 sinapis,
2685 2565 2875 2606 sermo
2924 2553 3102 2608 sancti
3151 2554 3473 2623 Evangelii:

1892 2638 2055 2693 homo
2092 2639 2392 2701 seminans.
2414 2672 2417 2675 η
2442 2640 2701 2697 Christus
2724 2651 2830 2709 est,
2860 2642 2913 2697 in
2949 2658 3103 2714 agro,
3133 2643 3186 2698 in
3246 2645 3473 2706 mundo.

1891 2728 2175 2786 Minimum
2218 2734 2476 2798 omnium,
2534 2733 2587 2789 id
2639 2743 2747 2801 est,
2780 2745 3059 2791 servatum
3098 2737 3153 2792 in
3214 2737 3475 2793 cordibus

1889 2820 2157 2891 ﬁdelium,
2216 2834 2475 2895 propter
2507 2826 2834 2894 sapientiam
2882 2828 3474 2901 pbilosophorum;ﬁt

1893 2915 2073 2981 arbor,
2123 2916 2176 2972 id
2223 2927 2305 2973 est
2343 2917 2591 2973 ascendit
2626 2932 2795 2989 super
2854 2933 3074 2977 onmem
3143 2924 3470 2993 sapientiam

1891 3008 2225 3064 mundanam
2266 3025 2284 3077 ;
2320 3026 2496 3066 ramos
2551 3011 2692 3082 ejus,
2752 3012 2995 3068 ostendit
3055 3013 3473 3082 explanationes

1890 3097 2229 3169 singulorum
2270 3103 2557 3156 doctorum
2585 3119 2602 3168 ;
2626 3101 2885 3164 volucres,
2936 3101 2986 3154 id
3047 3110 3152 3167 est,
3193 3111 3475 3158 amatores

1891 3195 2155 3260 scientiae,
2181 3195 2249 3251 de
2270 3204 2517 3250 semente
2549 3205 2795 3263 accepto,
2825 3195 2876 3249 id
2895 3202 2980 3250 est
3013 3194 3265 3250 doctrina
3290 3195 3472 3251 Evan-

1889 3289 2041 3357 gelii.

1960 3378 2143 3451 (Vera.
2172 3378 2393 3450 33.38.)
2435 3381 2647 3449 Mulier,
2678 3382 2731 3437 id
2759 3390 2864 3449 est,
2910 3381 3204 3455 sapientia,
3252 3383 3472 3439 abscon-

1888 3473 1965 3527 dit
1994 3474 2051 3526 in
2080 3474 2286 3543 farina,
2316 3474 2370 3529 id
2397 3484 2503 3540 est,
2557 3477 2611 3529 in
2649 3475 2815 3531 corda
2849 3475 3112 3542 lldelium,
3163 3489 3288 3532 sata
3342 3479 3469 3538 tria,

1889 3567 2131 3621 ostendit
2188 3576 2301 3623 tres
2364 3567 2506 3623 filios
2566 3568 2722 3635 Noe;
2757 3570 2920 3625 donec
2978 3570 3354 3640 fermentatum
3395 3577 3471 3623 est

1889 3667 2078 3725 totum,
2107 3658 2160 3712 id
2191 3668 2298 3724 est,
2331 3659 2458 3712 dum
2494 3659 2853 3729 praedicatum
2885 3667 2972 3715 est
3010 3659 3363 3732 Evangelium
3413 3659 3469 3713 in

1892 3761 2063 3807 totum
2088 3754 2373 3806 mundum.
2406 3752 2598 3807 Simile
2623 3764 2701 3806 est
2729 3769 2944 3822 regnum
2976 3758 3229 3808 castorum
3255 3753 3470 3807 tltesauc

1889 3861 1951 3898 ro
1982 3844 2309 3910 abscondito,
2342 3843 2653 3907 thesaurus,
2686 3843 2739 3899 id
2752 3844 3131 3912 est,leristus
3150 3845 3234 3900 vel
3251 3847 3469 3914 sapien-

1890 3935 1963 3992 tia
1999 3954 2014 3989 :
2050 3936 2107 3989 in
2140 3951 2288 4005 agro,
2325 3936 2377 3990 id
2405 3946 2488 3990 est
2510 3935 2775 4000 Ecclesia,
2809 3937 2924 3993 sive
2962 3937 3017 3991 in
3058 3935 3466 4006 Scripturisdi-

1886 4026 2052 4084 vinis.
2089 4028 2330 4084 Vendidit
2362 4030 2556 4089 omnia.
2587 4028 2639 4083 id
2681 4037 2785 4092 est,
2824 4028 3047 4099 reliquit
3077 4028 3224 4095 vilia,
3255 4043 3350 4084 seu
3384 4044 3485 4091 res,

1888 4120 2330 4174 terrenaszemit
2382 4111 2594 4191 ag'rum,
2641 4120 2695 4175 id
2754 4128 2861 4182 est,
2906 4134 3135 4191 regnum
3180 4119 3465 4174 caelorum.

1889 4210 2061 4268 Homo
2106 4213 2417 4281 negotians,
2453 4213 2544 4281 qui
2587 4212 2778 4283 quaerit
2833 4212 3145 4269 doctrinam
3199 4210 3465 4275 divinam,

1891 4305 2099 4360 invenit
2131 4320 2298 4360 unam
2331 4306 2706 4377 margaritam,
2743 4305 2795 4362 id
2831 4316 2936 4368 est,
2969 4306 3291 4375 sapientiam
3309 4304 3472 4363 Chri-

1890 4401 1995 4463 Sil;
2025 4399 2268 4456 vendidit
2290 4397 2496 4462 Olllllia,
2526 4398 2577 4452 id
2605 4408 2708 4464 est,
2750 4396 2900 4453 vitia.
2927 4394 3114 4452 Simile
3140 4405 3218 4453 est
3248 4412 3473 4470 regnans

159 4510 286 4565 est,
326 4499 569 4552 verbum
605 4498 696 4552 llei
721 4518 735 4553 ;
762 4514 911 4552 secus
936 4500 1098 4564 viam,
1135 4500 1187 4554 id
1210 4511 1314 4565 est,
1353 4503 1445 4571 qui
1484 4503 1634 4557 audit
1667 4520 1786 4557 ver-

1894 4491 2142 4546 caelorum
2164 4507 2372 4562 sugente
2400 4492 2578 4546 missa
2605 4491 2658 4545 in
2687 4506 2856 4554 mare.
2906 4504 3002 4561 per
3049 4506 3308 4564 sagenam
3346 4507 3477 4547 ver-.

160 4594 196 4644 ι»
220 4610 303 4646 un
343 4589 470 4655 Dei,
498 4600 561 4665 ‘et
590 4606 697 4644 non
726 4590 982 4661 intelligit
1013 4608 1028 4648 :
1059 4594 1115 4645 in
1147 4603 1385 4660 petrosa,
1420 4594 1473 4649 id
1526 4606 1632 4660 est,
1691 4597 1784 4665 qui

154 4686 334 4736 audit
392 4683 617 4736 verbum
655 4682 770 4745 Dei,
810 4692 864 4737 et
890 4684 1112 4751 accepit
1162 4685 1341 4748 illum,
1386 4695 1441 4739 et
1491 4696 1786 4744 accedente

154 4784 177 4827 ι
222 4775 525 4841 ntatione,
569 4784 732 4844 negat
791 4774 943 4829 illum
978 4791 993 4830 ε
1027 4775 1081 4829 in
1125 4776 1317 4841 spinis,
1382 4777 1435 4831 id
1483 4789 1595 4843 est,
1631 4782 1787 4835 audit

152 4868 453 4926 verbum,
485 4874 539 4920 et
568 4877 790 4935 propter
828 4865 1054 4921 divitias
1109 4866 1343 4923 suﬂ'ocat
1388 4868 1559 4925 illud:
1594 4873 1649 4925 in
1685 4882 1787 4943 ter-

147 4973 291 5009 rain
318 4956 554 5013 bonum.
586 4955 637 5008 id
662 4966 767 5020 est,
801 4955 895 5024 qui
941 4956 1096 5011 audit
1130 4965 1186 5012 et
1233 4958 1506 5029 intelligit.
1548 4961 1612 5015 Et
1655 4962 1784 5032 facit

138 5055 431 5122 [rut-tum
469 5047 817 5111 tricesimum,
853 5050 1099 5103 ostendit
1154 5052 1402 5105 ordinem
1458 5053 1784 5123 coniugatu—

144 5159 321 5208 rum,
380 5139 728 5208 sequentium
772 5141 1090 5196 mandatum
1124 5142 1262 5209 Dei;
1303 5143 1516 5200 fructus
1553 5160 1783 5216 sexage-

136 5237 358 5292 simus
422 5233 671 5287 ordinem
700 5234 1008 5297 viduarum,
1042 5237 1516 5303 perseverantium
1562 5238 1614 5292 in
1679 5238 1785 5294 Do-

138 5328 327 5380 mino
372 5337 399 5389 ς
456 5320 672 5377 fructus
754 5325 1112 5390 centesimus,
1185 5326 1287 5382 hoc
1352 5336 1480 5382 sunt
1564 5329 1783 5384 ordines

134 5426 526 5487 "Mityrnm,
585 5414 1007 5480 monachorum,
1041 5421 1123 5474 vel
1152 5419 1453 5489 virginum.
1496 5420 1602 5486 Qui
1629 5422 1783 5476 Iubet

128 5510 417 5565 dabitur
441 5506 505 5567 ei,
525 5509 762 5561 ostendit
783 5509 1064 5579 aposmios
1095 5528 1111 5566 :
1138 5512 1228 5580 qui
1249 5512 1447 5567 habent
1473 5512 1780 5582 Christum,

218 5654 237 5684 ί
282 5644 600 5712 Scriptum
628 5652 747 5699 erat
768 5643 929 5715 inita,
959 5642 1197 5699 fortasse
1222 5660 1322 5715 pro
1340 5645 1547 5714 quinta,
1581 5657 1780 5705 tamet-

130 5724 185 5779 εί
252 5720 325 5775 ω
376 5730 608 5784 quoque
658 5715 814 5769 falso.
854 5714 965 5768 Nos
996 5725 1193 5771 auarta
1230 5714 1674 5784 rescripsimus,
1722 5730 1781 5774 ut

124 5794 221 5853 rei
268 5789 511 5861 veritas
559 5794 795 5842 constet.
837 5784 1108 5841 C‘J'lt‘l‘ttlll
1164 5788 1444 5842 innumvra
1499 5789 1620 5855 alia,
1656 5807 1776 5865 qua:

1889 4583 2020 4637 bam
2048 4583 2449 4653 praedicationis
2478 4583 2789 4638 ostenditur
2825 4601 2839 4649 ;
2870 4585 2926 4638 in
2958 4599 3127 4652 mare,
3178 4584 3231 4639 id
3261 4592 3368 4650 est,
3414 4584 3491 4647 in,

1892 4674 2092 4726 mundo
2118 4689 2134 4739 ;
2162 4688 2228 4727 ea:
2252 4672 2397 4726 omni
2428 4687 2615 4743 genere
2638 4673 2864 4741 piscium
2894 4670 3255 4744 c'ongreganti,
3285 4673 3339 4727 id
3360 4684 3485 4747 est,“
3562 4690 3571 4701 ·

1889 4781 2052 4820 omne
2101 4781 2272 4834 genus
2306 4765 2631 4820 humanum.
2688 4766 2855 4820 Audit
2914 4765 3140 4820 verbum
3177 4764 3271 4820 Dei
3309 4780 3489 4829 serus,

1890 4860 2069 4922 littus,
2102 4857 2154 4912 id
2186 4865 2293 4924 est,
2322 4872 2490 4928 prope
2554 4856 2719 4912 ﬁnem
2767 4858 2959 4912 mundi
2994 4870 3010 4910 :
3077 4856 3493 4929 paterfamilias,

1888 4950 2144 5007 Christus
2168 4959 2271 5018 est,
2305 4951 2499 5006 scribae
2543 4950 2799 5005 doctores
2835 4951 3066 5020 apostoli
3119 4958 3245 5006 sunt
3275 4968 3290 5005 :
3329 4949 3483 5017 venit,

1887 5046 1942 5098 in
1972 5044 2207 5112 patriam
2244 5044 2418 5106 suam,
2450 5043 2502 5099 id
2527 5053 2612 5098 est
2637 5043 2705 5098 ad
2745 5040 2988 5099 Iudaeos.
3022 5042 3347 5109 Tetrarclta,
3411 5041 3481 5107 id

1885 5147 1992 5203 est,
2017 5148 2211 5205 quarta
2238 5136 2254 5166 ¹
2283 5151 2410 5205 pars
2430 5136 2610 5206 regni.
3328 5166 3347 5176 -

1960 5230 2112 5299 (Cap.
2144 5225 2285 5283 XIV.
2310 5257 2378 5269 —-
2401 5224 2556 5283 Vcrs.
2583 5228 2616 5282 5
2634 5225 2816 5296 seqq.)
2845 5224 3095 5295 Alligavit
3124 5223 3386 5279 Joannem
3417 5234 3481 5291 et,

1887 5321 2029 5375 misit
2049 5323 2103 5373 in
2132 5335 2397 5375 carcerem
2422 5334 2445 5376 :
2479 5319 2714 5375 ostendit
2745 5319 3038 5374 terminum
3064 5316 3223 5385 Legis
3242 5316 3475 5387 veterisa

1886 5415 2223 5471 Herodiades
2270 5413 2541 5486 signiﬁcat
2594 5426 2924 5485 synagOgam
2963 5426 2979 5477 ;
3026 5410 3205 5481 puella
3248 5409 3479 5477 saltavit.

1886 5511 1938 5566 in
1968 5508 2252 5576 convivio,
2285 5509 2527 5564 osn-ndit
2557 5518 2746 5579 gentes
2776 5513 3045 5563 saltantes
3094 5515 3223 5561 ante
3273 5501 3417 5559 idola
3449 5518 3479 5573 ξ

1884 5649 2201 5716 singulatim
2232 5656 2421 5704 notare
2443 5648 2607 5719 piget,
2633 5647 2992 5719 enucudautus
3027 5652 3140 5700 toto
3180 5651 3485 5718 contemta

1886 5731 1941 5773 ut
1972 5720 2147 5772 nullus
2186 5721 2300 5772 l'u-re
2333 5717 2523 5773 versus
2550 5720 2641 5782 sit,
2671 5720 2759 5774 cui
2797 5717 3061 5775 medicam
3095 5728 3317 5771 manum
3359 5717 3498 5788 ttQtt.‘

1886 5793 2320 5859 adhibuerimus.
