3956 6196
467 334 560 400 571

1369 347 1429 405 8.
1473 347 1911 409 HlERONYUl
1955 349 2271 411 OPERUM
2317 349 2728 408 MANTISSA.

3603 344 3705 408 57?.

467 457 626 513 caput
660 445 886 503 Joannis
921 449 974 502 in
1026 449 1194 512 disco,
1233 445 1723 527 signiﬁcatcorpus
1748 458 1954 514 Christi
1985 460 2037 514 in
2068 463 2114 520 Α
2143 462 2558 518 conversionem
2602 462 2869 528 gentium,
2922 477 2984 516 es
3024 461 3115 516 illa
3165 459 3296 515 hora
3346 475 3450 530 qua
3492 459 3708 517 Christo

472 538 652 597 altari.
691 551 850 606 caput
893 539 1037 594 illius
1070 541 1125 594 in
1165 545 1329 597 corde
1379 547 1616 602 ﬁdelium
1676 567 1690 614 ;
1736 552 1918 603 datum
1955 563 2032 606 est

468 629 676 693 puellm,
717 629 767 681 id
795 639 899 692 est,
939 629 1198 686 Ecclesia:
1221 651 1283 687 ex
1314 638 1566 706 gentibus
1605 642 1824 704 ;attulit
1877 646 2036 696 matri

468 736 598 785 sum,
627 723 856 774 ostendit
878 727 1290 782 conversionem
1311 727 1643 794 Judgeorum,
1674 733 1724 786 in
1755 734 1992 788 futurum
2019 753 2032 803 ;

469 822 668 867 secula!
691 814 924 866 ostendit
957 818 1236 883 pedestres
1267 837 1281 884 ;
1329 823 1590 885 ostendit,
1625 840 1730 876 non
1778 841 1898 879 cum
1939 842 2033 895 pe-

468 904 643 956 cuniis
694 906 961 974 anteguis,
1027 910 1120 962 sed
1177 926 1298 964 cum
1351 915 1567 981 proprie
1616 916 1800 971 labore
1876 919 2037 972 debet

471 994 630 1046 inmo
662 997 813 1064 sequi
851 998 1033 1051 Deum.
1062 999 1282 1055 Curaeit
1314 1005 1573 1071 inﬁrmos,
1635 1007 1685 1061 id
1729 1018 1834 1072 est,
1865 1010 2039 1065 abluit

471 1087 707 1151 peccatis
741 1097 792 1138 el.
826 1090 891 1138 ab
924 1090 1103 1144 idolis.

537 1194 716 1262 (Vers.
755 1199 922 1262 15,2!
958 1201 976 1270 )
1025 1200 1300 1272 Horajam
1327 1208 1604 1274 pra’teriit,
1639 1209 1687 1261 id
1719 1219 1822 1275 est,
1853 1211 2034 1267 littera

469 1286 598 1354 legis
639 1302 656 1343 :
697 1293 926 1361 quinque
965 1310 1149 1362 panes,
1185 1297 1235 1350 id
1267 1307 1370 1361 «εει,
1405 1299 1646 1368 quinque
1677 1301 1799 1355 libri
1837 1302 2034 1372 Moysi;

467 1378 568 1429 duo
596 1381 782 1445 pisces,
823 1383 874 1438 id
907 1395 1012 1446 est,
1059 1385 1165 1439 duo
1200 1387 1575 1454 Testamenta,
1613 1394 1726 1446 sive
1751 1395 1860 1448 duo
1893 1395 2039 1448 ordi-

470 1486 585 1534 nes,
629 1475 678 1525 id
711 1483 813 1536 est,
856 1477 1198 1530 sacerdotum
1241 1491 1295 1533 et
1327 1483 1739 1550 prophetarum,
1777 1486 1894 1539 sive
1931 1488 2038 1540 duo

469 1561 589 1614 libri
621 1563 819 1619 Josuze.
858 1566 1030 1620 Turba
1054 1569 1415 1624 discumbebat
1435 1590 1594 1640 super
1621 1574 1823 1641 fenum,
1854 1577 1903 1630 id
1933 1586 2037 1641 est,

468 1669 633 1717 super
683 1658 832 1710 arida
885 1661 1069 1722 corda,
1123 1663 1239 1714 sive
1279 1680 1441 1732 super
1473 1667 1602 1718 vitia
1640 1667 2036 1724 discumbebat.

468 1748 536 1798 Et
570 1749 788 1814 acceptis
817 1750 1065 1815 panibus,
1090 1751 1296 1805 intuens
1327 1755 1377 1806 in
1403 1755 1610 1820 calum,
1637 1758 1806 1822 idest,
1831 1759 2042 1814 abstra-

473 1839 545 1892 sit
573 1856 828 1906 sensum;
863 1841 1044 1911 fregit,
1074 1844 1122 1896 iri
1150 1855 1254 1910 est,
1297 1845 1583 1901 historiam
1617 1849 1750 1916 legis
1777 1853 2044 1918 expressit

473 1931 524 1982 in
583 1933 880 1999 spiritalem
939 1950 1183 2002 sensmn,
1229 1948 1284 1989 et
1349 1939 1607 2007 apparuit
1680 1941 2039 2008 intellectus;

471 2021 754 2088 benedixit,
789 2025 842 2077 id
871 2035 974 2090 est,
1012 2027 1426 2096 multiplicavit.
1479 2032 1764 2086 Duodecim
1797 2035 2043 2102 cophinos

469 2114 672 2180 plenos,
701 2116 752 2169 id
787 2123 890 2184 est,
925 2117 992 2171 de
1028 2119 1280 2175 doctrina
1307 2133 1492 2177 sancta
1522 2126 1806 2181 duodecim
1831 2138 2047 2196 aposto-

475 2209 572 2271 los,
622 2224 718 2276 pro
757 2226 861 2278 qua
912 2227 1077 2266 causa
1123 2229 1230 2268 non
1275 2227 1664 2286 computantur
1696 2209 1951 2275 mulieres
1987 2230 2045 2275 et

471 2300 678 2368 parvuli
698 2301 838 2356 sicut
877 2303 999 2367 viri,
1019 2305 1143 2374 quia
1173 2309 1378 2375 parvuli
1401 2324 1505 2364 non
1537 2311 1711 2364 valent
1738 2325 2046 2381 repugnare

469 2395 819 2447 ccutra'vitia
849 2411 948 2451 sua
974 2413 988 2462 ;
1021 2397 1102 2451 sic
1137 2408 1190 2452 et
1225 2390 1504 2464 muliércs,
1531 2402 1660 2472 quia
1690 2402 2044 2472 imperfectus

469 2504 630 2542 sexus
664 2483 766 2542 est.
1526 2556 1530 2560 ι

538 2575 718 2643 (Vers.
739 2578 858 2649 22.)
893 2579 1065 2633 Iussit
1095 2583 1376 2636 ascendere
1401 2585 1455 2637 in
1485 2585 1813 2650 naviculam,
1854 2587 1906 2640 id
1932 2598 2040 2651 est,

469 2668 522 2721 in
559 2667 890 2735 Ecclesium;
945 2675 1240 2741 prwcedere
1291 2686 1443 2730 trans
1479 2680 1697 2749 fretum,
1737 2681 1787 2734 id
1843 2689 1950 2745 est,
1979 2682 2045 2734 de

466 2758 667 2815 Judaeis
695 2763 761 2816 ad
793 2774 1002 2829 gentes.
1067 2764 1315 2831 Quatuor
1347 2769 1526 2824 modis
1559 2781 1783 2825 vocatur
1817 2790 1830 2826 :
1870 2774 2042 2842 prima

471 2867 663 2906 natura
703 2868 719 2907 ε
753 2855 990 2910 secunda
1018 2859 1353 2926 cOgnationc
1383 2877 1396 2914 :
1430 2860 1588 2915 tertia
1613 2873 1808 2933 gente:
1848 2875 2046 2934 quarta

467 2945 690 3002 aﬂ‘ectu.
717 2947 964 3013 Quatuor
984 2949 1160 3004 modis
1191 2951 1618 3020 dicitur'bomo;
1659 2956 1789 3024 quid
1821 2957 2042 3024 dicitur,

467 3041 519 3093 id
552 3049 655 3107 est,
688 3040 912 3107 bonum,
950 3045 1112 3107 bene,
1146 3047 1515 3111 paenitentiam
1545 3048 1686 3117 agite
1712 3047 1933 3118 (Matth.
1967 3066 2040 3118 tv,

468 3130 577 3202 l7).
612 3140 666 3186 et
703 3132 944 3201 reliqua;
980 3135 1178 3188 malum
1201 3139 1363 3203 utale,
1395 3141 1610 3208 sanguis
1631 3141 1748 3210 ejus
1767 3157 1920 3210 super
1943 3159 2038 3196 nos

2137 555 2510 610 crediderunt.
2577 554 2698 610 Non
2759 572 2876 608 sum
2927 559 3120 609 missus
3169 555 3272 609 nisi
3327 555 3399 608 ad
3451 571 3568 608 oves
3596 571 3709 622 qua

2136 649 2404 716 perierunt
2449 647 2636 701 domus
2698 645 2890 710 Israel,
2953 647 3192 701 ostendit
3231 646 3596 714 corporaliter
3646 646 3705 700 ad

2136 739 2388 806 Judaeos;
2445 741 2625 805 aliter,
2681 743 2810 810 quia
2874 755 3064 794 omnes
3127 741 3414 796 credentes
3444 741 3496 794 in
3546 741 3708 796 Deum

2139 831 2302 884 Israel
2335 841 2623 884 vocantur.
2664 827 2883 886 Sumere
2912 847 3120 900 panem,
3151 833 3201 887 id
3231 842 3334 894 est,
3365 832 3706 895 doctrinam;

2137 922 2393 988 ﬁliorum,
2444 924 2494 976 id
2541 933 2640 985 est.
2676 923 3019 989 Iudaeorum;
3065 925 3184 978 dari
3231 923 3472 988 canibus,
3510 925 3565 977 id
3609 935 3709 992 est,

2138 1015 2412 1082 gentibus.
2471 1015 2660 1070 Catelli
2694 1016 2875 1077 edunt,
2910 1016 2961 1069 id
3007 1027 3110 1077 est.
3158 1025 3380 1086 gentes;
3440 1017 3708 1085 accipiunt

2139 1104 2202 1157 de
2239 1107 2407 1170 micis,
2439 1107 2486 1159 id
2514 1115 2618 1168 est,
2648 1107 2714 1160 de
2736 1107 3036 1160 minoribus
3067 1108 3357 1161 mandatis.

2213 1197 2394 1267 (Vers.
2434 1197 2504 1250 32
2543 1177 2721 1266 seqq.)
2776 1195 3034 1252 Misereor
3065 1201 3230 1253 turba:
3255 1216 3275 1254 :
3315 1201 3558 1256 ostendit
3589 1201 3710 1268 quia

2145 1289 2282 1343 Deus
2301 1298 2444 1343 totus
2463 1291 2775 1345 misericors
2794 1302 2874 1344 est
2895 1309 2908 1356 ;
2930 1292 3163 1344 triduum
3180 1281 3465 1361 perdurant
3492 1310 3710 1353 mecum,

2143 1381 2380 1436 Ostendit
2411 1382 2571 1435 iidem
2609 1382 2932 1450 Trinitatis;
2973 1400 3076 1437 non
3115 1383 3305 1438 habent
3338 1385 3464 1454 quid
3502 1385 3714 1437 mandu-

2142 1483 2278 1538 cent,
2339 1473 2389 1528 id
2449 1483 2550 1538 est,
2591 1491 2694 1530 non
2736 1475 2952 1532 habent.
2990 1478 3212 1530 verbum
3270 1477 3713 1545 praedicationis;

2143 1565 2263 1618 nolo
2306 1582 2394 1620 eos
2442 1568 2707 1620 dimittere
2745 1567 2982 1636 jejuuos.
3040 1585 3104 1622 ne
3136 1567 3384 1636 deﬁciant
3421 1569 3475 1620 in
3527 1569 3634 1629 ria,
3667 1568 3712 1620 id

2142 1667 2249 1722 est,
2287 1673 2351 1712 ne
2385 1669 2608 1726 pereant
2636 1660 2690 1714 in
2721 1660 2804 1713 via
2830 1660 3034 1715 erroris
3055 1660 3106 1714 in
3138 1670 3405 1728 prtcsente
3431 1661 3564 1725 vita,
3595 1659 3716 1727 quia

2143 1750 2275 1817 fides
2321 1751 2431 1804 sine
2465 1752 2704 1818 aperibus
2753 1761 2962 1806 mortua
3005 1762 3082 1806 est
3142 1751 3284 1823 (Jac.
3330 1769 3387 1817 ll,
3438 1753 3557 1820 εδ),
3617 1755 3720 1806 Per

2147 1852 2354 1910 septem
2388 1857 2558 1911 panes
2587 1844 2827 1898 ostendit
2858 1846 3174 1914 eptaticum,
3203 1861 3296 1912 per
3324 1861 3524 1915 paucos
3545 1845 3720 1913 pisces

2145 1933 2386 1986 ostendit
2443 1935 2688 1988 ordinem
2749 1939 3131 2004 prophetarum
3195 1937 3279 1991 vel
3348 1938 3718 1990 sacerdotum.

2146 2025 2320 2093 Super
2343 2033 2538 2080 terram
2566 2027 2921 2092 discumbens,
2946 2029 3186 2084 05tendit
3223 2028 3582 2098 perfectiores
3611 2028 3720 2096 jam

2145 2118 2384 2175 calcasse
2440 2119 2570 2173 vitia
2625 2133 2903 2189 suazper
2956 2130 3164 2190 septem
3219 2129 3454 2190 sportas,
3513 2129 3718 2191 septem

2144 2211 2397 2266 doctores
2427 2211 2670 2280 Spiritus
2705 2214 2904 2266 sancti.

2217 2302 2372 2373 (Cap.
2409 2302 2553 2357 XVI.
2585 2331 2653 2344 ~
2689 2302 2848 2359 Vers.
2875 2303 2953 2374 1.)
3009 2303 3292 2367 Pharisazi,
3330 2306 3511 2371 divisi,
3547 2304 3722 2360 Saduo

2145 2396 2262 2458 caci,
2283 2396 2570 2464 justiﬁcati
2601 2413 2620 2452 :
2647 2398 2844 2452 coelum
2870 2412 3146 2462 serenum,
3174 2397 3224 2451 id
3252 2408 3356 2462 est,
3387 2398 3722 2452 resurrecuo

2143 2486 2346 2541 Christi
2389 2503 2404 2544 :
2444 2489 2642 2542 malum
2695 2487 3082 2554 rubicundum,
3138 2487 3332 2543 eli‘usio
3389 2491 3718 2560 sanguinis:

2119 2579 2345 2632 .ctelum
2381 2581 2536 2634 triste
2594 2582 2904 2649 passionem
2939 2579 3143 2635 Christi
3185 2581 3420 2635 ostendit
3451 2596 3464 2633 :
3517 2591 3724 2653 tempe-

2147 2677 2261 2724 stas
2297 2669 2526 2724 rutiians
2557 2669 2828 2738 signiﬁcat
2857 2671 3316 2739 persecutionem.

2220 2762 2398 2830 (Vers.
2459 2761 2534 2832 6).
2597 2763 2787 2818 Carete
2825 2779 2856 2816 a
2907 2762 3166 2832 fermento
3219 2762 3642 2831 Pharisa’oram,
3675 2763 3723 2816 id

2148 2862 2250 2917 est,
2287 2869 2315 2905 a
2347 2852 2594 2907 doctrina
2626 2867 2838 2908 eorum.
2881 2853 3090 2917 Simon,
3123 2855 3172 2908 id
3226 2865 3329 2918 est,
3357 2853 3630 2918 obediens,
3674 2855 3725 2908 id

2149 2950 2254 3004 (st,
2285 2942 2431 3008 ﬁlius
2454 2943 2614 3007 Jona,
2646 2944 2696 2998 id
2728 2956 2830 3003 est.
2861 2943 3126 3010 columba,
3160 2945 3304 3014 quod
3332 2946 3725 3014 interpretatur

2150 3032 2385 3102 Spiritus
2412 3045 2637 3090 sanctus
2666 3053 2678 3089 :
2710 3051 2835 3090 caro
2867 3046 2916 3089 et
2937 3038 3157 3106 sanguis
3194 3053 3294 3090 non
3324 3037 3572 3091 reuelauit
3609 3038 3724 3099 tibi,

2145 3125 2200 3180 id
2223 3137 2496 3197 est,pater
2513 3138 2566 3182 et
2591 3139 2765 3183 mater
2787 3143 2890 3182 non
2913 3129 3148 3184 ostendit
3179 3129 3295 3183 tibi.
3323 3129 3497 3184 Porta:
3525 3130 3724 3185 inferni

468 3193 682 3293 (Matth.
742 3193 1082 3296 xxvtt,"25);
1144 3193 1361 3282 bonum
1389 3193 1551 3297 malit,
1594 3193 1686 3286 ubi
1730 3193 2041 3289 dicitur

2154 3228 2282 3274 sunt
2313 3233 2531 3290 peccata
2567 3221 2852 3276 hominum
2885 3237 2900 3272 :
2934 3221 3114 3275 claves
3140 3223 3288 3294 regni
3317 3223 3608 3287 ccelorum,
3630 3239 3725 3292 pos

468 3332 632 3376 caeco,
674 3326 730 3367 tu
755 3315 899 3368 solus
947 3315 1244 3385 discipulus
1296 3319 1413 3386 ejus
1471 3337 1524 3374 es
1557 3319 1740 3392 (Joan.
1780 3338 1856 3388 ts,
1907 3323 2039 3392 23)?

469 3408 640 3460 malus
689 3408 846 3471 bene,
901 3407 990 3461 ubi
1026 3410 1320 3476 Apostolus
1349 3411 1448 3476 ait,
1488 3413 1689 3466 tradidi
1735 3414 2041 3482 hujusmodi

465 3497 726 3549 hominem
755 3496 807 3549 in
828 3497 1101 3550 interitum
1141 3497 1384 3566 Satanae,
1410 3510 1467 3554 ut
1496 3504 1716 3568 spiritus
1741 3507 1920 3559 salvus
1943 3507 2042 3574 ﬁat

469 3586 517 3656 (Ι
577 3586 699 3640 Cor.
737 3601 791 3649 ν,
843 3587 921 3659 5).
1005 3585 1223 3657 Vespere
1271 3597 1445 3646 autem
1483 3595 1648 3664 facto,
1701 3597 1847 3650 solus
1899 3607 2040 3664 erat,

467 3681 704 3763 osleu’dit
735 3681 897 3736 linem
929 3683 1140 3738 mundi.
1179 3683 1344 3740 Solus
1371 3688 1516 3742 venit
1547 3689 1816 3745 redimere
1850 3690 2042 3744 huma-

470 3789 595 3826 mun
633 3789 824 3840 genus.

541 3864 716 3932 (Vers.
772 3865 862 3932 24,
1086 3865 1258 3922 Navis
1289 3868 1344 3921 in
1397 3869 1570 3924 medio
1618 3887 1766 3924 mare
1803 3886 1822 3926 .°
1865 3872 1918 3926 id
1957 3881 2044 3929 est.

475 3957 714 4012 Ecclesia
747 3959 801 4013 in
850 3960 1030 4014 medio
1066 3960 1252 4014 mundi
1289 3977 1306 4016 :
1339 3961 1646 4024 iactabatur
1677 3963 1946 4031 ﬂuctibus,
1990 3965 2043 4020 id

468 4059 571 4111 est,
619 4050 1032 4116 persecutiones
1065 4050 1416 4118 patiebatur;
1472 4063 1668 4106 ventus
1710 4055 2041 4120 contrarius,

471 4140 522 4189 id
553 4147 661 4201 est,
698 4137 986 4204 diabolus;
1026 4149 1222 4208 quarta
1257 4141 1437 4209 vigilia
1473 4143 1652 4197 noctis
1683 4145 1828 4198 venit
1861 4143 2041 4212 Jesus,

469 4230 709 4283 ostendit
762 4231 814 4283 in
848 4239 1040 4300 quarta
1071 4231 1211 4301 lege,
1245 4233 1297 4286 id
1339 4243 1442 4296 est,
1479 4233 1778 4304 Evangelii.
1839 4237 2044 4304 Ambae

470 4321 588 4375 laus
618 4320 774 4375 Jesus
805 4339 962 4391 super
987 4339 1152 4390 mare,
1190 4325 1240 4377 id
1265 4335 1369 4391 est,
1401 4329 1620 4381 calcans
1651 4329 2045 4386 amaritudincs

470 4418 692 4482 sa'cui;
725 4415 1022 4470 ambulavit
1051 4414 1246 4472 Petrus
1274 4433 1440 4487 super
1463 4434 1656 4489 aquas,
1693 4436 1858 4490 super
1889 4438 2043 4476 ama-

470 4508 753 4574 ritudiues,
803 4509 919 4564 sive
977 4509 1197 4566 calcans
1256 4510 1384 4565 vitia
1447 4521 1818 4580 peccatorum.
1882 4514 2040 4570 l’etro
2075 4536 2116 4590 ὓ

470 4609 750 4666 mergente
813 4599 870 4654 in
927 4616 1096 4669 mare,
1154 4601 1207 4656 id
1263 4611 1367 4668 est,
1425 4603 1704 4658 dubietate
1746 4605 1900 4671 tidci;
1962 4606 2043 4660 sic

467 4693 648 4746 munis
679 4693 768 4761 qui
801 4693 1012 4748 dubitat
1045 4693 1098 4747 in
1131 4693 1257 4759 ﬁde,
1289 4695 1482 4765 tnergit
1506 4694 1561 4748 in
1601 4706 1905 4763 peccatum.
1927 4695 1938 4706 ”

539 4784 721 4856 (Vers.
755 4784 973 4854 51-55.)
1012 4785 1263 4840 Extentlit
1285 4804 1499 4841 manum
1525 4786 1704 4852 Iesus,
1745 4789 2049 4859 apprehen-

469 4877 548 4931 dit
582 4892 731 4943 euut,
786 4876 839 4930 id
878 4886 981 4942 est,
1045 4877 1194 4931 dedit
1249 4877 1298 4932 ei
1339 4879 1672 4948 adiutorium
1718 4877 1866 4934 ﬁdei.
1924 4879 2051 4933 l-lzec

468 4982 593 5025 sunt
619 4979 854 5040 quatuor
882 4968 1067 5040 leges:
1104 4969 1278 5039 prima
1324 4971 1378 5022 in
1409 4978 1605 5025 tiatura
1637 4985 1654 5028 :
1689 4971 1929 5025 secunda
1959 4971 2046 5025 les

467 5063 645 5118 littera
682 5081 696 5118 :
738 5062 894 5116 tertia
944 5064 1330 5130 prophetarum
1375 5076 1388 5114 :
1430 5074 1626 5130 quarta
1665 5063 2047 5132 evangelista-

469 5174 610 5212 Ium.
657 5156 787 5211 Cum
835 5155 1258 5231 transfretasset,
1298 5154 1349 5208 id
1394 5165 1499 5223 est,
1546 5171 1668 5209 cum
1719 5156 2047 5223 transissm;

467 5260 718 5305 uenerunt
765 5251 818 5303 in
869 5259 1013 5302 terra
1075 5247 1329 5313 Genesar,
1369 5249 1420 5302 id
1476 5258 1580 5315 est,
1621 5251 1686 5303 de
1740 5246 1944 5302 Iudaeis
1977 5252 2046 5302 ad

470 5352 690 5414 gentes;
747 5341 1045 5397 obtulerunt
1081 5345 1127 5398 ei
1164 5341 1300 5396 male
1328 5341 1602 5406 habentes,
1637 5343 1688 5396 id
1733 5352 1838 5407 est,
1891 5343 2047 5397 idolis

471 5437 790 5490 servientes.

549 5531 702 5599 (Cap.
733 5529 849 5584 XV.
875 5559 946 5570 —-
985 5529 1138 5585 Vers.
1191 5525 1409 5595 22-28.)
1459 5526 1649 5580 Mulier
1689 5525 1996 5581 Chananwa
2030 5541 2048 5581 :

478 5625 719 5682 ostendit
748 5623 1074 5692 primitivam
1113 5620 1410 5675 Ecclesium
1448 5636 1461 5674 :
1499 5620 1602 5672 liia
1633 5620 1754 5686 ejus
1779 5636 1805 5670 a
1839 5620 2047 5672 dwtno-
2085 5655 2088 5658 ~

483 5718 574 5778 uio
629 5728 844 5782 vexata,
907 5720 954 5770 id
1014 5727 1117 5783 est,
1179 5717 1418 5773 ECt-lesia
1463 5717 1726 5788 gentium,
1767 5716 1836 5768 ab
1886 5715 2048 5768 idolis

488 5816 761 5871 corrupta.
821 5807 1022 5865 Sauata
1055 5822 1128 5866 cst
1174 5812 1346 5881 puclla
1377 5828 1439 5867 cx
1483 5811 1572 5866 illa
1609 5811 1761 5876 hora,
1810 5810 2047 5865 oztcndit

2147 3321 2313 3368 testas
2345 3322 2428 3368 est
2451 3313 2653 3384 ligandi
2688 3325 2742 3370 et
2774 3315 3044 3377 solvendi.
3086 3314 3138 3369 id
3171 3321 3277 3380 est,
3309 3330 3405 3386 per
3444 3316 3724 3385 peniten-

2144 3393 2272 3458 tiam
2301 3406 2630 3473 aperientur.

2218 3495 2397 3567 (Vers.
2431 3497 2654 3568 ἓως.)
2689 3498 2862 3552 Multa
2890 3499 3003 3566 pati
3035 3515 3066 3551 a
3106 3499 3403 3553 senioribus
3436 3508 3484 3553 et
3511 3501 3722 3562 scribis,

2145 3587 2258 3643 haec
2287 3588 2476 3642 dicens
2501 3587 2662 3644 Jesus
2683 3589 2924 3644 ostendit
2944 3591 3253 3659 passionem
3283 3600 3338 3644 et
3368 3595 3725 3645 resurrectio-

2146 3693 2290 3734 nem.
2331 3679 2468 3733 Dicit
2492 3683 2560 3733 ad
2583 3680 2822 3746 Petrum,
2852 3680 2996 3736 Vade
3024 3692 3139 3751 post
3163 3699 3263 3749 me,
3281 3681 3516 3737 ostendit
3543 3683 3723 3751 ipsum

2145 3774 2482 3830 crucifixum.
2548 3774 2672 3829 Post
2717 3792 2798 3830 me
2846 3775 3064 3846 abneget
3120 3778 3477 3844 semetipsum,
3522 3776 3578 3830 id
3617 3785 3723 3841 est,

2145 3873 2455 3918 contemnat
2486 3865 2819 3934 voluptatem
2855 3869 3059 3921 carnis.
3125 3865 3230 3932 Qui
3271 3876 3415 3919 amat
3468 3867 3724 3936 volupta-

2147 3951 2283 4018 tem,
2342 3955 2619 4024 propriam
2659 3956 2894 4010 animam
2939 3956 3164 4025 perdit:
3226 3957 3405 4011 anima
3456 3958 3566 4021 hic,
3625 3971 3729 4026 pro

2147 4046 2423 4117 voluptate
2446 4050 2668 4117 ponitur
2707 4065 2722 4104 :
2759 4049 2848 4118 qui
2883 4050 3057 4118 perdit
3109 4050 3345 4103 animam
3377 4066 3548 4114 suam,
3578 4049 3726 4103 inve-

2147 4142 2252 4195 niet
2287 4158 2422 4197 eam.
2455 4143 2672 4197 Duobus
2715 4142 2893 4196 modis
2925 4141 3165 4196 animam
3202 4142 3375 4210 perdit
3406 4143 3593 4205 homo,
3630 4157 3730 4208 per

2150 4233 2472 4304 martyrium
2543 4245 2599 4290 et
2661 4233 3073 4302 abnegationem
3132 4236 3426 4304 corporis:
3482 4233 3732 4288 inveniet

2147 4337 2290 4387 eam,
2316 4323 2369 4376 id
2398 4332 2502 4388 εει,
2526 4323 2578 4376 in
2605 4337 2828 4392 regnum
2850 4323 2940 4376 Dei
2971 4340 2986 4378 :
3011 4325 3494 4378 commutationem
3515 4327 3608 4378 dat
3629 4339 3733 4394 pro

2151 4414 2353 4480 anima,
2381 4415 2473 4483 qui
2495 4429 2715 4468 carnem
2740 4429 2893 4468 suam
2920 4413 3154 4476 cruciat,
3190 4424 3243 4468 et
3269 4415 3503 4467 animam
3527 4418 3728 4467 nutrit.

2225 4505 2382 4578 (Cap.
2416 4503 2819 4561 XVll.—Vers.
2853 4505 3035 4576 1-15.)
3081 4504 3206 4559 Post
3238 4522 3330 4559 sea:
3361 4507 3494 4570 dies,
3521 4505 3639 4575 jam
3677 4507 3733 4559 in

2153 4598 2408 4666 septimo,
2429 4599 2872 4653 ostendita-tates
2889 4599 3094 4663 mundi,
3119 4599 3348 4668 septima
3370 4614 3491 4667 quae
3509 4600 3734 4668 requies

2152 4688 2488 4758 intelligitur.
2553 4688 2796 4753 Petrum,
2853 4687 3110 4741 Iacobum
3167 4698 3214 4741 et
3283 4687 3570 4750 Joannem,
3639 4687 3739 4742 hic

2149 4786 2392 4840 ostendit
2434 4793 2602 4840 totam
2659 4782 2990 4850 Ecclesiam;
3033 4783 3178 4838 ducit
3209 4783 3333 4837 illos
3377 4783 3432 4836 in
3469 4776 3735 4848 montem,

2152 4880 2205 4935 id
2227 4891 2329 4946 est,
2365 4881 2416 4933 in
2450 4895 2674 4949 regnum
2703 4877 2816 4934 Dei.
2847 4876 3124 4946 Splenduit
3151 4877 3314 4946 [acies
3340 4879 3455 4948 ejus
3472 4876 3602 4929 sicut
3619 4874 3734 4942 sol,

2099 5027 2102 5030 .
2151 4973 2206 5027 id
2237 4983 2343 5038 est,
2381 4971 2560 5026 sancti
2592 4974 2647 5025 in
2681 4972 2852 5040 gloria
2888 4969 3068 5024 Patris
3104 4987 3118 5027 :
3155 4969 3313 5023 aliter
3350 4977 3504 5023 vetus
3531 4966 3739 5021 Testa-

2154 5076 2392 5122 mentum
2422 5065 2696 5135 splenduit
2724 5067 2776 5116 in
2805 5080 3030 5119 novum.
3069 5061 3395 5118 Vestimenta
3439 5060 3559 5114 alba
3584 5062 3736 5113 sicut

2153 5162 2264 5224 nix,
2328 5159 2380 5212 id
2442 5169 2550 5223 est,
2599 5155 2948 5227 congregatio
2999 5155 3239 5208 omnium
3303 5153 3564 5208 ﬁdelium.
3619 5149 3738 5205 Per

2152 5251 2374 5323 Muysen
2407 5250 2648 5304 ostendit
2681 5252 2916 5304 litteram
2959 5247 3154 5316 Legis:
3205 5261 3300 5316 per
3328 5243 3525 5308 Etiam,
3569 5243 3740 5300 ordi-

2152 5363 2273 5400 nem
2309 5343 2722 5414 prophetarum.
2743 5341 2998 5396 Christus
3021 5354 3144 5395 cum
3173 5338 3458 5406 discipulis
3485 5336 3739 5391 ostendit

2152 5453 2350 5490 novum
2405 5436 2838 5491 Testamentum.
2902 5434 3086 5489 Nubes
3141 5443 3297 5498 tetra,
3334 5432 3384 5485 id
3418 5440 3520 5491 est.
3564 5428 3738 5498 Legis

2152 5530 2351 5582 litt-ra.
2385 5525 2568 5582 Nubes
2589 5525 2842 5590 candida,
2868 5524 2922 5578 id
2945 5535 3050 5592 est,
3080 5523 3394 5594 praadicatio
3427 5519 3736 5586 Evangelii.

2152 5621 2331 5673 Nubes
2353 5619 2632 5688 pluvialis,
2655 5609 2708 5673 id
2728 5625 2833 5682 est,
2869 5615 3180 5686 praedicatio
3203 5613 3588 5686 apostolorum,
3625 5608 3738 5678 qui

2151 5713 2419 5768 faciebant
2467 5711 2703 5769 fructum
2759 5711 3113 5781 paenitentiae,
3164 5717 3283 5780 post
3345 5705 3736 5763 asccusioncm

2151 5807 2373 5863 (lbriui.
