3934 6188
261 288 365 352 5ἶ3

262 494 646 549 descendisset
677 495 728 548 in
763 497 1045 550 mundum.
1072 497 1240 554 Homo
1269 502 1486 568 genibus
1521 505 1844 571 provolutus,

261 585 506 640 ostendit
552 587 802 639 ord'nent
842 588 1258 657 prophetarum,
1315 593 1408 660 qui
1461 597 1684 662 rogabat
1753 613 1850 666 pro

260 693 339 734 se.
374 676 525 745 quasi
563 677 810 731 Ecclesia
848 694 862 728 :
915 678 1056 732 ﬁlius
1101 680 1217 749 ejus
1267 681 1559 745 lunaticus,
1611 691 1851 741 ostendit

264 772 524 841 populum
558 773 826 842 gentium,
864 775 1166 828 adorantes
1190 777 1351 832 idola.
1386 777 1542 832 Cadit
1577 781 1630 834 in
1656 783 1849 852 ignem,

262 864 314 918 id
335 874 441 928 est,
477 865 530 916 in
563 865 925 933 cupiditatcnt
963 883 977 918 :
1018 868 1206 922 crebro
1236 870 1288 922 in
1324 887 1537 939 aquam,
1573 875 1620 925 id
1659 886 1762 940 est,
1797 877 1849 928 in

263 954 557 1008 luxuriam.

332 1043 516 1114 (Vers.
551 1045 766 1112 l9—26.)
803 1046 992 1100 Transi
1021 1047 1162 1112 hinc,
1195 1048 1262 1104 de
1293 1049 1492 1104 Judzeis
1515 1051 1579 1104 ad
1606 1062 1798 1122 gentes
1833 1071 1846 1108 :

276 1135 423 1190 Vade
456 1140 523 1214 ad
555 1154 722 1205 mare,
766 1139 818 1191 id
866 1151 971 1204 est,
1005 1140 1070 1192 ad
1105 1151 1313 1210 gentes,
1342 1141 1494 1196 Mitte
1529 1146 1765 1210 hamum,
1798 1145 1850 1198 id

263 1240 370 1292 est,
432 1233 659 1283 verbum
733 1230 1157 1298 praedicationis.
1255 1229 1423 1286 Piscis
1482 1235 1573 1303 qui
1623 1237 1851 1303 primum

263 1322 502 1375 ascendit
554 1321 609 1375 in
661 1323 850 1384 alium,
892 1324 1136 1378 ostendit
1186 1327 1525 1379 cornetniutu
1567 1326 1581 1356 ¹
1619 1345 1631 1381 :
1678 1331 1728 1380 in
1764 1346 1854 1382 ore

261 1417 379 1487 ejus
444 1417 672 1472 inrenies
728 1427 999 1483 staterem,
1034 1418 1085 1473 id
1138 1427 1242 1484 est,
1271 1420 1669 1476 confessionem
1705 1423 1850 1487 lidci,

265 1512 666 1565 humanitatem
709 1519 763 1564 tt
793 1510 1160 1566 divinitatem.
1214 1513 1296 1567 Da
1343 1517 1415 1569 eis
1446 1531 1541 1583 pro
1573 1533 1653 1568 me
1682 1528 1730 1570 et
1756 1535 1854 1585 pro

265 1611 337 1665 te,
367 1601 418 1652 id
446 1609 550 1662 est,
589 1615 687 1669 pro
723 1615 828 1664 me,
864 1601 1045 1665 fidem,
1074 1610 1126 1654 et
1163 1617 1260 1670 pro
1295 1613 1365 1667 te,
1409 1606 1853 1661 excusationem.

334 1692 491 1761 (Cap.
524 1691 788 1746 XVlll.——
813 1691 968 1748 Vers.
1029 1695 1213 1766 3-H.)
1269 1696 1534 1750 Parvulas
1577 1699 1743 1753 intrat
1796 1702 1853 1756 in

264 1799 482 1853 regnum
533 1785 809 1850 calorum,
856 1785 904 1839 id
957 1796 1062 1852 est,
1117 1803 1226 1843 non
1282 1798 1445 1844 aetate
1497 1806 1718 1857 parvus,
1755 1795 1853 1848 sed

264 1887 446 1935 mente
475 1889 644 1942 purus
675 1891 688 1927 :
745 1876 889 1930 unde
935 1875 1014 1930 ait
1044 1877 1360 1944 Apostolus,
1419 1878 1605 1934 Estote
1643 1885 1853 1950 parvuli

264 1967 318 2018 in
364 1967 574 2019 malitia
637 1964 688 2034 (l
722 1964 848 2021 Cor.
910 1983 1024 2032 Juv,
1073 1968 1185 2037 20).
1251 1968 1356 2034 Qui
1414 1973 1852 2030 scandalizaverit

264 2074 428 2110 unum
455 2073 521 2110 ea:
556 2058 658 2120 liis,
701 2058 754 2111 id
782 2066 887 2120 est,
918 2057 1037 2113 sive
1071 2059 1273 2128 injuria
1315 2063 1618 2132 corporali.
1648 2065 1765 2119 sive
1801 2063 1852 2116 in

263 2150 597 2206 adversione
629 2151 775 2205 ﬁdei.
831 2147 1207 2220 Suspendatur
1249 2154 1416 2221 mola,
1463 2155 1515 2209 id
1548 2165 1654 2220 (st,
1698 2171 1852 2220 cura,

264 2246 380 2301 sive
412 2245 681 2299 circuitus
710 2244 872 2313 hujus
893 2246 1078 2300 saeculi
1111 2261 1127 2300 :
1159 2247 1213 2299 in
1247 2247 1383 2301 collo
1415 2249 1557 2318 ejus,
1586 2247 1641 2302 in
1667 2249 1855 2302 labore

261 2339 445 2392 saeculi
482 2358 496 2394 :
561 2339 893 2406 dimergatur
937 2342 990 2391 in
1036 2334 1208 2406 mare,
1254 2338 1305 2392 id
1355 2340 1523 2393 estin
1565 2343 1848 2393 steculum.

265 2431 470 2487 Manus
529 2441 642 2496 tua,
710 2432 760 2484 id
813 2440 916 2494 est,
983 2446 1180 2500 parens
1214 2440 1336 2485 tuus
1377 2431 1599 2500 :pedes,
1654 2433 1706 2485 id
1743 2439 1850 2495 est,

265 2524 550 2578 minister:
578 2521 788 2584 oculus.
824 2524 879 2578 id
911 2532 1015 2586 est,
1051 2523 1351 2592 episcopus
1386 2534 1528 2588 tuus,
1558 2533 1856 2577 autsacer-

262 2621 383 2678 dos,
429 2629 530 2670 seu
562 2614 755 2668 doctor
789 2625 841 2668 et
875 2615 1080 2668 senior.
1146 2612 1260 2668 Nec
1288 2615 1636 2669 eontemnatis
1687 2631 1852 2667 unum

261 2727 325 2764 ex
360 2709 467 2773 his,
507 2723 578 2762 ne
629 2716 819 2762 contra
868 2723 1058 2762 eorum
1093 2707 1488 2762 innocentiam.
1552 2706 1683 2762 Ovis
1733 2725 1856 2777 quae

215 2809 220 2812 '
260 2801 493 2863 erravit,
529 2798 772 2852 ostendit
795 2798 1088 2852 humanum
1111 2813 1315 2867 genus;
1357 2807 1566 2867 pastor,
1598 2782 1855 2854 Christus

260 2901 382 2958 est;
451 2907 583 2947 oves
642 2893 844 2946 relicta:
891 2893 943 2945 in
982 2892 1284 2957 montibus,
1335 2894 1577 2948 ostendit
1632 2894 1853 2948 ordines

263 2983 613 3051 angelorum,
650 2983 739 3051 qui
775 2984 1087 3036 consistunt
1118 2982 1174 3036 in
1212 2984 1550 3038 ccelestibus.

1169 296 1578 358 EXI‘OSlTlO
1621 302 1696 359 ιν
1735 303 2118 370 EVANGEL.
2182 309 2648 374 MATTIL‘EUS.

331 395 518 468 (Vera.
553 401 666 468 is.)
703 400 836 455 Cum
888 404 1105 458 uenisset
1133 407 1202 459 ad
1237 407 1441 471 turbas,
1481 409 1534 464 id
1581 419 1685 473 est.
1729 429 1848 468 cum
1883 425 1924 478 Α

3429 312 3536 380 574

2029 418 2208 484 (Vers.
2244 420 2359 489 25).
2399 423 2617 492 Difﬁcile
2647 426 2782 480 dives
2815 426 3058 491 intrabit,
3091 435 3147 482 et
3180 427 3388 498 reliqua
3427 447 3442 484 :
3469 431 3536 485 de

1957 512 2041 565 his
2074 513 2204 567 dicit
2237 517 2328 582 qui
2363 518 2464 570 sub
2497 518 2724 572 avaritia
2757 519 3078 588 possident;
3122 522 3364 590 foramen
3387 539 3536 587 acus,

1957 607 2230 670 posterula
2268 607 2573 664 Jerusalem
2628 612 2849 668 dicitur.
2908 613 3028 666 Alio
3073 613 3233 667 modo
3289 614 3536 669 foratum

1954 711 2106 762 acus,
2139 700 2415 755 confessio
2439 703 2469 755 ti
2495 703 2584 765 lei,
2618 703 2700 756 vel
2730 704 3101 774 pmttitentizez
3141 705 3337 760 divites
3363 705 3538 760 Judaei

1956 787 2209 842 dicuntur
2243 809 2256 845 :
2301 793 2545 848 carselns
2577 796 2806 863 populus
2833 796 3098 865 gentium.
3153 795 3340 849 Tertio
3375 797 3538 849 modo

1957 879 2197 936 foramen
2227 898 2382 946 acus,
2403 888 2639 940 ostendit
2670 889 2976 956 passionem
3002 889 3204 944 Christi
3231 907 3244 942 :
3274 891 3537 956 catinius,

1956 971 2008 1024 id
2037 981 2141 1037 est,
2179 973 2272 1042 qui
2305 983 2485 1042 portat
2515 987 2732 1058 peccata
2757 978 2971 1048 generis
2999 979 3243 1033 humani.
3615 1047 3625 1058 θ

2028 1063 2207 1131 (Vers.
2232 1064 2354 1135 28.)
2385 1065 2446 1119 In
2478 1052 2892 1138 regenEratione,
2947 1069 2998 1124 id
3029 1078 3130 1134 est,
3167 1085 3262 1139 per
3292 1086 3540 1126 resurre-

1956 1155 2207 1212 ctionem.

2031 1246 2209 1319 (Vers.
2271 1249 2390 1320 50.)
2457 1248 2630 1304 Erunt
2694 1253 2967 1306 novissimi
3026 1253 3231 1322 primi:
3291 1263 3339 1308 et
3385 1255 3541 1322 primi

1959 1341 2255 1398 novissimi.
2325 1341 2620 1398 Novissimi
2683 1344 2909 1401 fuerunt
2971 1347 3200 1416 populus
3258 1347 3540 1415 gentium;

1960 1432 2132 1487 Judaei
2187 1433 2406 1488 fuerunt
2444 1436 2626 1505 primi,
2661 1436 2788 1490 facti
2841 1447 2967 1491 sunt
3013 1437 3317 1493 novissimi.
3349 1439 3440 1495 Sic
3474 1443 3541 1495 de

1960 1523 2125 1579 Petro
2159 1535 2212 1580 et
2237 1526 2447 1580 latrone
2487 1543 2500 1580 :
2539 1528 2618 1582 sic
2653 1528 2717 1581 de
2748 1527 2954 1583 infante
2980 1538 3035 1583 et
3069 1531 3310 1585 seniore.

2031 1614 2187 1684 (Cap.
2221 1615 2573 1672 XX.—V’ers.
2603 1618 2627 1670 l
2667 1618 2851 1688 seqq.)
2911 1617 3310 1690 Paterfamilias
3343 1621 3544 1676 condu-

1958 1707 2040 1758 xit
2075 1709 2347 1774 operarios
2382 1709 2436 1761 in
2466 1710 2673 1762 vineam
2705 1725 2882 1776 suam,
2918 1721 3071 1779 pater
3121 1710 3372 1765 Christus
3412 1720 3494 1764 est
3527 1727 3543 1764 :

1959 1801 2130 1869 prima
2183 1818 2354 1865 mane,
2402 1804 2641 1858 ostendit
2691 1804 2907 1858 initium
2956 1805 3139 1858 mundi
3185 1819 3199 1856 :
3254 1807 3542 1872 operarios,

1960 1894 2200 1948 cultores
2231 1895 2612 1950 mandatorum
2652 1897 2743 1950 Dei
2783 1915 2799 1953 ξ
2833 1899 3007 1964 vinea,
3045 1898 3095 1951 id
3134 1907 3216 1954 est
3257 1899 3498 1953 Ecclesia
3530 1916 3544 1956 :

1962 1989 2010 2039 iu
2068 1997 2249 2042 vetere
2309 1988 2484 2052 vinea,
2535 1989 2618 2043 lex
2669 1989 2786 2044 sive
2837 2005 3107 2060 synagoga
3161 2007 3176 2047 :
3261 1992 3545 2044 denarium

1959 2079 2234 2142 diurnum,
2270 2081 2434 2134 vitam
2466 2089 2752 2135 a-ternam.
2788 2080 2843 2134 In
2868 2079 3007 2145 loro,
3030 2081 3080 2132 id
3107 2089 3211 2144 est,
3243 2081 3294 2132 iu
3323 2082 3544 2132 mundo.

1959 2172 2139 2225 Prima
2194 2175 2323 2226 hora
2359 2173 2506 2226 venit
2550 2172 2686 2226 Abel
2733 2189 2747 2226 :
2789 2172 2947 2227 tertia
2998 2173 3129 2226 hora
3182 2170 3316 2235 Noe,
3350 2182 3403 2226 et
3453 2173 3545 2225 lilii

1958 2267 2076 2333 ejus
2111 2279 2125 2314 :
2171 2276 2319 2318 sexta
2353 2265 2484 2318 hora
2521 2265 2667 2317 venit
2692 2264 2967 2320 Abraham
3002 2285 3015 2319 :
3045 2279 3187 2318 nona
3219 2263 3352 2317 hora
3392 2264 3544 2317 venit

1959 2358 2172 2428 Moyses
2219 2367 2274 2412 et
2319 2356 2486 2411 David
2541 2374 2554 2410 :
2605 2358 2887 2411 undecima
2942 2358 3071 2410 hora
3125 2357 3272 2409 venit
3317 2357 3548 2424 populus

1958 2449 2223 2516 gentium.
2260 2448 2380 2500 Alio
2412 2446 2593 2511 modo,
2633 2447 2808 2515 prima
2847 2449 3002 2510 hora,
3037 2446 3089 2500 id
3123 2459 3224 2508 est,
3261 2434 3492 2499 i'ufantia
3529 2461 3542 2497 :

1957 2541 2192 2596 secunda
2237 2541 2368 2594 hora
2401 2539 2771 2594 adolescentia
2810 2558 2824 2595 :
2879 2550 3031 2593 sexta
3062 2540 3360 2607 juventus:
3401 2555 3541 2590 nona

1957 2640 2214 2686 senectus
2263 2647 2276 2684 :
2331 2632 2615 2687 undecima
2663 2632 2940 2700 decrepita
3007 2639 3160 2684 atlas.
3212 2631 3546 2698 Quaeunque

1959 2724 2088 2777 hora
2149 2738 2446 2777 conversus
2511 2723 2837 2790 ingemuerit
2882 2723 3042 2774 homo
3105 2736 3168 2774 ex
3203 2729 3314 2774 toto
3358 2722 3543 2782 corde,

1959 2813 2164 2883 accipit
2224 2815 2505 2867 denarium
2565 2813 2846 2866 diurnum.
2895 2811 3026 2865 Sero
3068 2811 3294 2878 factum,
3331 2811 3382 2861 id
3435 2821 3540 2872 est.

1960 2907 2066 2957 line
2096 2905 2301 2958 mundi.
2339 2901 2672 2958 Procurator
2719 2904 2910 2964 vineae,
2939 2903 3230 2967 Christus;
3268 2904 3359 2971 qui
3396 2917 3545 2954 mur-

1960 3007 2309 3050 tnttraverunt
2329 2996 2496 3050 Judaei
2519 3005 2668 3061 sunt,
2684 2995 2926 3048 dicentes
2951 3013 2964 3047 :
2989 2994 3324 3048 Portauimus
3342 2995 3544 3062 pondus

331 3071 521 3144 (νει-ς,
560 3071 859 3141 15-19.).S'i
902 3073 1192 3140 peccaverit
1238 3074 1408 3143 frater
1451 3083 1596 3138 tuns,
1648 3075 1852 3141 corripe

1968 3088 2087 3150 rliei,
2121 3088 2171 3141 il
2201 3098 2304 3154 est,
2336 3097 2614 3157 portantes
2633 3088 2818 3156 Jegcm
2849 3095 2902 3138 et
2933 3086 3249 3154 prOphetas.

259 3180 381 3218 eum
414 3167 554 3217 inter
583 3173 632 3217 te
658 3176 704 3216 et
734 3165 947 3230 ipsum:
986 3174 1044 3217 ut
1079 3164 1316 3218 detectio
1351 3167 1559 3233 peccati
1597 3181 1705 3219 non
1732 3167 1848 3230 tlat,

262 3268 316 3312 et
363 3257 759 3325 improperium
806 3255 961 3310 fratri
995 3272 1099 3310 non
1137 3267 1403 3311 nascatur
1427 3275 1441 3322 ;
1467 3259 1552 3311 dic
1578 3257 1848 3322 Ecclesia,

261 3351 314 3402 id
375 3359 482 3414 est,
539 3351 951 3420 congregationi
996 3351 1277 3418 tidelium;
1335 3355 1594 3420 ethnicus,
1654 3357 1706 3410 id
1748 3367 1853 3423 est,

263 3443 509 3510 gentilis,
564 3452 618 3496 et
681 3445 1003 3511 publicanus
1050 3454 1161 3510 est,
1209 3446 1300 3516 qui
1357 3447 1577 3515 publice
1640 3460 1852 3517 peccat.

261 3534 384 3589 Non
410 3539 589 3605 imago
619 3551 805 3589 eorum
835 3537 908 3590 sit
944 3537 1040 3591 tibi
1076 3539 1127 3591 in
1157 3539 1303 3604 odio,
1322 3541 1418 3594 sed
1441 3557 1604 3609 opera
1639 3557 1853 3596 eorum.

265 3627 326 3682 Si
389 3631 498 3681 duo
553 3629 936 3696 consenserint,
980 3629 1031 3684 id
1102 3639 1208 3694 est,
1271 3646 1400 3686 caro
1451 3643 1505 3686 et
1541 3635 1747 3688 anima.
1798 3631 1856 3688 Si

262 3739 397 3786 caro
423 3724 763 3780 consenserit
793 3721 990 3776 animae
1027 3740 1040 3776 :
1103 3724 1196 3793 qui
1231 3726 1388 3792 petit,
1426 3740 1524 3794 per
1573 3726 1732 3781 fidem
1766 3741 1856 3781 ac-

264 3819 441 3887 cepit.

335 3907 524 3980 (Vers.
558 3908 693 3978 23.)
753 3907 941 3966 Simile
985 3919 1065 3964 est
1099 3925 1316 3980 regnum
1367 3909 1613 3964 ctzlorum
1657 3911 1857 3966 homini

262 4006 399 4076 regi,
447 4003 538 4073 qui
589 4002 753 4056 uoluit
802 4005 1066 4056 rationem
1110 3989 1309 4076 ponere
1351 4019 1469 4056 cum
1523 4004 1686 4058 seruis
1721 4006 1854 4059 suis.

262 4097 367 4165 Qui
407 4099 600 4152 decem
638 4097 803 4150 millia
839 4097 1062 4160 talenta,
1101 4105 1186 4150 est
1217 4098 1309 4166 qui
1344 4106 1535 4167 peccat
1566 4099 1621 4150 in
1661 4098 1856 4152 Deum.

261 4191 368 4258 Qui
421 4189 584 4244 debet
615 4197 832 4258 centum
877 4188 1161 4255 denarios,
1193 4188 1396 4257 estqui
1425 4199 1616 4258 peccat
1651 4189 1704 4242 in
1749 4189 1860 4242 fra-

263 4295 408 4338 trem
430 4299 587 4338 suum
611 4299 627 4349 ;
655 4257 901 4338 conservi
934 4281 1025 4351 qui
1059 4282 1469 4351 judicaverunt,
1509 4282 1688 4351 angeli
1710 4291 1856 4335 sunt.

337 4375 495 4448 (Cap.
530 4374 676 4430 XIX.
707 4404 778 4417 —
805 4374 961 4430 Vers.
992 4374 1072 4446 1.)
1110 4373 1241 4430 Cum
1267 4386 1681 4431 consummasset
1707 4375 1860 4430 Iesus

2028 3181 2204 3251 (Vers.
2227 3181 2345 3250 29.)
2373 3179 2608 3243 Iericho,
2638 3181 3032 3248 interpretatur
3055 3179 3182 3230 luna
3215 3189 3232 3226 :
3264 3174 3544 3242 signiﬁcat

1959 3276 2318 3331 deiectionem
2375 3273 2578 3342 populi.
2639 3271 2757 3326 Duo
2805 3271 2932 3324 caeci
2984 3269 3295 3338 siguiliCant
3327 3267 3544 3321 .lutlaeos

1958 3379 2010 3420 et
2043 3376 2270 3437 gentes;
2307 3365 2542 3419 sedentes
2577 3379 2725 3416 secus
2750 3363 2906 3428 uiam,
2950 3362 3000 3416 id
3024 3369 3127 3425 est,
3163 3374 3402 3428 praesens
3434 3359 3541 3412 vita

1955 3462 2106 3526 juxta
2146 3459 2351 3511 tinem:
2402 3457 2626 3509 transire
2667 3453 2872 3518 Jesum,
2925 3453 2974 3507 id
3015 3462 3120 3517 est,
3159 3466 3258 3521 per
3295 3450 3546 3504 incarna-

1961 3549 2163 3604 tionem
2221 3558 2276 3602 et
2334 3547 2728 3602 humanitatem
2800 3545 3054 3600 transivit
3088 3558 3184 3613 per
3236 3543 3500 3596 mundum
3525 3560 3549 3606 :_

1959 3653 2104 3698 stare
2131 3639 2343 3703 .lesum,
2377 3640 2721 3693 divinitatem
2753 3638 3014 3692 ostendit.

2031 3732 2188 3803 (Cap.
2221 3728 2600 3787 XXl.—Vers.
2639 3731 2663 3783 l
2690 3731 2872 3799 seqq.)
2914 3727 3045 3783 Cum
3078 3727 3543 3797 approyinquasset

1961 3822 2360 3894 Hierosolyma,
2428 3823 2480 3876 id
2537 3831 2644 3887 est,
2698 3805 2822 3875 cum
2865 3823 3101 3875 venisset
3149 3821 3203 3872 in
3259 3818 3542 3872 mundum.

1960 3916 2245 3985 Bethlage,
2279 3915 2331 3969 id
2361 3925 2463 3980 est,
2499 3914 2689 3967 domus
2723 3919 2898 3966 bucca:
2955 3912 3037 3966 vel
3072 3910 3306 3965 maxilla:
3329 3926 3348 3964 :
3385 3927 3542 3965 mons

1963 4008 2184 4070 Oliveti,
2221 4009 2274 4061 id
2322 4017 2428 4071 est,
2463 4019 2657 4059 nomen
2691 4004 2851 4058 trium
2891 4005 3178 4068 luminum,
3231 4004 3282 4054 id
3312 4013 3417 4068 εει,
3459 4016 3542 4055 re-

1965 4103 2130 4157 fectio
2193 4100 2432 4164 laboris,
2514 4097 2816 4152 consolatio
2885 4097 3105 4166 operis,
3167 4094 3364 4148 notitia
3429 4096 3544 4148 veri

1963 4197 2208 4253 luminis.
2267 4195 2562 4252 Castellum
2609 4195 2748 4266 quod
2802 4201 2986 4247 contra
3033 4207 3124 4245 eos
3166 4199 3268 4257 est,
3328 4190 3381 4245 id
3437 4201 3545 4258 est,

1961 4288 2286 4353 Jerusalem,
2315 4304 2435 4358 qua:
2459 4297 2648 4342 contra
2669 4286 2839 4356 legem
2877 4284 3150 4352 Evangelii
3179 4283 3547 4352 repugnabat.

1964 4381 2164 4438 Solvite
2211 4392 2257 4435 et
2329 4380 2583 4433 adducite
2646 4377 2794 4441 mihi,
2831 4377 3074 4430 ostendit
3119 4378 3541 4430 conversionem

262 4484 536 4523 sermones
556 4471 714 4546 istos,
735 4468 989 4536 migravit
1018 4470 1084 4522 ad
1115 4466 1416 4536 Galilaeam,
1445 4469 1497 4523 id
1523 4480 1626 4532 est,
1663 4469 1717 4523 in
1752 4469 1860 4525 line
1889 4491 1938 4553 ο
1965 4474 2303 4537 Judazorum,
2335 4475 2452 4528 sive
2481 4470 2747 4540 gentium,
2790 4483 2886 4538 per
2933 4467 3384 4551 prtedicationem
3417 4483 3548 4536 apo-

265 4563 482 4627 snundi,
512 4565 578 4616 de
608 4559 860 4631 gentibus
887 4561 954 4614 ad
983 4557 1249 4616 Judtnam.

337 4654 522 4726 (Vers.
559 4656 640 4723 ὅ.)
702 4654 984 4724 Relinquet
1042 4654 1198 4709 homo
1231 4665 1436 4725 patrem
1483 4670 1528 4712 et
1588 4668 1854 4714 matrem:

265 4750 515 4804 ostendit
559 4752 683 4818 quia
730 4749 990 4818 relinquit
1034 4748 1288 4805 Christus
1320 4750 1535 4805 Patrem
1570 4753 1622 4804 in
1677 4753 1851 4818 coelo;

263 4840 347 4895 sic
388 4850 567 4894 tamen
613 4840 892 4910 relinquit,
921 4847 1009 4894 -ut
1043 4856 1154 4896 non
1198 4841 1463 4897 deserat:
1498 4854 1751 4908 matrem,
1799 4847 1854 4900 id

267 4943 376 4999 cst,
440 4948 792 5004 synagogam.
859 4934 1163 4990 Adnwrebit
1218 4937 1378 4990 uxori
1431 4953 1566 5002 suae,
1635 4937 1688 4991 id
1749 4945 1854 5002 est,

264 5028 523 5082 Christus
545 5028 823 5083 Ecclesiae.
852 5027 1025 5084 Erunt
1049 5031 1152 5083 duo
1178 5031 1230 5085 in
1258 5046 1419 5084 carne
1453 5047 1578 5097 una,
1613 5033 1857 5088 ostendit

264 5119 397 5187 quia
423 5117 679 5172 Christus
699 5128 783 5174 est
805 5132 991 5190 caput,
1025 5134 1228 5190 corpus
1260 5136 1389 5176 vero
1422 5121 1686 5176 Ecclesia.
1709 5121 1856 5177 Uxor

265 5215 542 5266 deseritur
596 5229 623 5265 a
677 5228 817 5278 viro,
873 5212 927 5266 id
1003 5222 1105 5278 est,
1139 5228 1262 5268 cum
1293 5214 1610 5268 discesserit
1659 5216 1784 5284 quis
1825 5229 1854 5267 a

267 5305 512 5368 Christo,
568 5318 695 5360 tunc
741 5305 1024 5376 coniungit
1068 5321 1129 5361 se
1158 5305 1354 5362 haeresi
1390 5308 1445 5361 iu
1483 5323 1594 5362 uno
1618 5309 1850 5364 scelere.

267 5399 516 5465 ριιειιυυι·
549 5401 741 5454 animi:
775 5410 1024 5469 pereunt,
1063 5400 1114 5454 id
1159 5411 1265 5466 est,
1300 5402 1394 5470 qui
1439 5403 1665 5454 dimittit
1721 5415 1856 5456 uso-

271 5513 389 5549 rem
431 5511 584 5548 suam
639 5506 792 5548 utra
827 5495 1118 5558 rationem,
1149 5504 1203 5548 et
1237 5489 1328 5563 qui
1359 5494 1642 5548 dimissam
1677 5496 1853 5550 ducit.

349 5696 366 5727 ¹
395 5694 653 5751 Fortasse
702 5696 1061 5760 coronarium,
1094 5707 1288 5762 nempe
1317 5707 1510 5746 aurum
1538 5710 1550 5748 :
1581 5693 1722 5761 quod
1759 5693 1856 5748 tri-

271 5773 468 5826 butum
515 5768 952 5835 iutucratoribus,
993 5769 1106 5822 sive
1141 5765 1553 5836 magistratibus
1583 5763 1854 5821 ltomauo-

1962 4567 2256 4623 stolorum.
2289 4564 2545 4619 Dominus
2569 4581 2698 4635 opus
2722 4561 2898 4629 habet,
2925 4543 3199 4615 nonaliud
3227 4561 3330 4614 nisi
3356 4561 3545 4614 iidem:

1961 4660 2029 4714 ad
2091 4659 2245 4724 Sion,
2303 4658 2357 4714 id
2391 4668 2498 4723 est,
2539 4657 2795 4726 specula:
2845 4658 2965 4710 uitur
3009 4655 3126 4726 ﬁlia
3160 4655 3312 4722 Sion,
3343 4657 3394 4709 id
3443 4667 3550 4718 εει,

1960 4753 2320 4824 congregatio
2383 4753 2682 4807 tldclium:
2743 4768 2841 4823 per
2898 4753 3251 4815 vestimenta,
3309 4750 3601 4825 ostendit.

1960 4845 2310 4899 doctrinam:
2363 4843 2621 4899 Fecerunt
2673 4860 2794 4899 eum
2833 4849 3055 4912 desuper
3104 4846 3309 4907 sedere,
3356 4845 3405 4896 id
3441 4854 3549 4903 est.

1959 4937 2214 4993 Christus
2255 4937 2307 4990 in
2338 4938 2500 4992 corda
2530 4936 2813 5002 ﬁdelium;
2870 4948 3176 4991 straverunt
3237 4937 3552 4989 vestimenta

1960 5029 2014 5081 in
2044 5028 2150 5094 via,
2178 5029 2596 5082 conversionem
2622 5015 2953 5084 humilitatis
2982 5028 3240 5082 ostendit.
3275 5025 3466 5079 Ramos
3490 5028 3556 5080 ds

1961 5121 2264 5186 arboribus,
2309 5121 2363 5174 id
2416 5129 2522 5185 est,
2583 5122 2837 5175 doctrina
2893 5121 3188 5192 gentium:
3242 5120 3395 5172 tut-ba
3434 5134 3556 5186 qua:

1961 5213 2508 5282 praecedit,ostendit
2540 5211 2755 5270 ludaeos
2793 5234 2806 5270 :
2853 5216 3010 5269 turba
3041 5229 3301 5282 sequens,
3344 5214 3555 5279 signiti-

1963 5313 2053 5356 cat
2077 5315 2290 5374 gentes.
2331 5305 2572 5368 Osanna,
2606 5309 2817 5360 salvum
2848 5321 2932 5359 nte
2965 5306 3070 5368 fac,
3100 5306 3218 5358 sive
3247 5305 3488 5357 salvilica
3531 5321 3548 5358 :

1960 5400 2098 5448 sicut
2126 5397 2305 5450 Salvas
2341 5396 2579 5462 JUdthS,
2615 5401 2764 5453 salva
2820 5409 2875 5453 et
2906 5411 3096 5468 gentes
3133 5413 3146 5448 :
3177 5399 3320 5450 sicut
3373 5397 3564 5452 Salvas.

1961 5491 2210 5557 angelus,
2245 5492 2395 5545 salva
2447 5496 2741 5546 lituuauum
2802 5509 2993 5560 genus.
3057 5492 3229 5558 Aliter
3279 5508 3453 5546 ramos
3493 5495 3566 5555 de;

1963 5711 2083 5766 runt
2112 5694 2404 5762 provincia:
2438 5692 2770 5762 pendebant.
2835 5691 2940 5749 Sed
2975 5694 3198 5748 ariolari
3234 5712 3341 5752 non
3377 5706 3567 5766 vaca».

1964 5764 2194 5821 lata-rius
2221 5769 2398 5836 plura,
2433 5781 2553 5834 qua:
2583 5774 2703 5821 tttto
2735 5768 2904 5834 licuit,
2939 5768 3330 5833 emendantur.
