3956 6196
399 328 504 390 5ἷὸ
1358 322 1419 382 S.
1462 318 1909 381 IllERONYMl
1945 317 2269 380 OPERUM
2314 315 2719 378 MANTISSA.
3531 312 3638 376 576

387 443 687 508 arboribus,
723 442 775 498 id
818 450 924 505 est,
969 440 1246 511 simplices
1285 440 1561 502 doctores,
1594 436 1685 507 qui
1721 452 1814 505 per
1843 436 1974 489 siut-
2005 440 2043 496 Α
2078 446 2181 494 est.
2207 433 2481 503 saginata.
2513 432 2768 486 Abierant
2811 432 2863 484 in
2903 429 3108 498 villam,
3135 430 3187 486 id
3211 439 3314 494 cs’,
3351 430 3403 482 in
3434 429 3641 499 cupidi-

387 542 690 604 pt-iutatetn
722 535 1025 589 doctrinam
1046 543 1259 603 patrum
1289 534 1446 602 quasi
1474 531 1722 585 surculos
1749 530 1966 583 abscin-

386 632 548 683 ιξσιιιιι.
602 626 825 679 Intravit
858 627 1014 680 Jesus
1068 628 1121 679 in
1152 628 1422 696 templum,
1456 625 1507 679 id
1552 631 1657 686 est,
1696 624 1748 675 iu
1780 622 1968 676 Eccle-

393 721 547 780 siam,
588 716 758 785 chcit
809 719 1080 771 vendente:
1110 728 1158 771 et
1190 728 1438 779 ementes,
1486 717 1536 770 id
1568 726 1672 778 εει,
1704 715 1796 783 (ιιιί
1827 716 1966 767 dona

390 811 633 874 Spititus
666 810 838 864 sancti
891 814 1128 864 vendunt
1164 820 1215 865 et
1265 818 1475 873 emunt,
1505 811 1593 879 qui
1639 809 1964 877 baptismum

390 903 475 956 vel
522 917 905 971 quamcunque
972 894 1362 958 sacrationetn.
1409 901 1707 961 Cathedra,
1768 900 1819 953 id
1865 908 1972 966 est,

303 1008 313 1019 ·
390 993 683 1044 tloczriua:
743 1005 949 1056 mensa,
1016 992 1067 1044 id
1098 1000 1198 1054 est,
1253 990 1503 1044 mandata
1540 991 1674 1058 ivgis
1720 1007 1733 1046 :
1781 1008 1973 1061 pueros

387 1084 680 1141 clamantes
724 1084 777 1136 in
830 1084 1039 1149 templo,
1102 1085 1152 1137 id
1199 1094 1303 1147 est,
1344 1084 1395 1137 in
1446 1083 1710 1139 Ecl-lesia.
1754 1083 1974 1138 Relictis

394 1180 526 1238 il’is,
561 1178 692 1228 abiit
726 1177 899 1244 foras,
934 1178 1172 1230 ostendit
1202 1177 1419 1230 relictos
1444 1174 1660 1229 Iudaeos
1697 1189 1712 1227 :
1751 1177 1881 1229 abiit
1909 1178 1974 1228 ad

394 1281 609 1331 netues.
636 1267 922 1332 Bethania,
958 1269 1009 1323 id
1042 1280 1142 1330 est,
1178 1269 1366 1321 domus
1400 1269 1665 1338 obedienc.
1717 1267 1800 1321 lbi
1832 1285 1980 1321 utan-

395 1360 489 1422 sit,
515 1359 1045 1414 ostenditCht'istutu
1070 1362 1122 1414 in
1149 1362 1311 1414 corde
1329 1361 1695 1414 obedientium
1720 1375 1972 1414 manere:

400 1453 697 1503 tt‘t'trt'iitttr
729 1451 778 1503 in
827 1451 1129 1513 civitatem,
1180 1453 1423 1505 ostendit
1453 1453 1506 1504 in
1537 1454 1712 1520 primo
1746 1453 1977 1504 adventu

402 1544 622 1596 uenisse
655 1544 720 1596 ad
747 1540 988 1598 Judzeos.
1054 1543 1192 1610 Quid
1222 1545 1415 1597 esuriit
1446 1545 1548 1598 nisi
1584 1544 1740 1598 tidem
1770 1541 1984 1597 Juda'o—

398 1635 567 1687 sum?
611 1634 790 1689 Arbor
844 1635 952 1699 lici,
1002 1636 1052 1689 id
1090 1644 1194 1700 est,
1249 1651 1570 1706 synagoga:
1621 1652 1769 1690 secus
1820 1638 1978 1701 viam,

395 1726 553 1791 jtnta
588 1726 843 1781 litteram.
874 1725 1024 1780 Nihil
1052 1726 1241 1779 invenit
1275 1728 1327 1780 iu
1354 1742 1437 1789 ea,
1468 1728 1568 1780 nisi
1596 1726 1748 1795 folia,
1786 1727 1838 1780 id
1873 1738 1979 1790 est,

407 1817 861 1872 Substitutiouetn
889 1817 1223 1882 Judatorttut,
1256 1827 1310 1870 et
1341 1817 1709 1872 doctrinamm
1738 1827 1986 1888 paterna-

404 1927 552 1962 rum.
597 1909 851 1964 Atelacta
908 1908 1165 1974 ﬁculnea,
1215 1909 1456 1964 ostendit
1494 1925 1822 1979 synagogatu
1869 1910 1990 1964 sine

403 2001 756 2071 pwuiteutia.
803 1999 980 2068 Meus,
1011 2000 1065 2055 id
1092 2011 1199 2065 est,
1234 1999 1511 2056 Christus.
1542 2000 1730 2056 Tollite
1763 2001 1904 2069 hinc,
1936 2001 1987 2055 id

404 2104 514 2155 est,
545 2090 747 2148 ludatis
770 2111 786 2157 ;
810 2093 1026 2163 jactote
1058 2095 1112 2146 iu
1163 2108 1331 2159 mare,
1370 2093 1424 2147 id
1453 2102 1559 2159 est,
1589 2092 1642 2146 iu
1676 2093 1842 2147 corda
1871 2106 1989 2146 cre-

408 2185 680 2240 tirtttium.

480 2274 761 2345 \Vers.‘28,
788 2278 858 2332 55
892 2293 1022 2348 seqq
1049 2279 1068 2348 )
1104 2275 1274 2331 Homo
1293 2277 1380 2345 qui
1403 2277 1627 2331 habebat
1652 2275 1784 2331 duos
1805 2276 1986 2347 ﬁlios:

413 2372 577 2423 homo
607 2372 857 2427 Christus
888 2381 974 2425 cst
1016 2388 1031 2424 :
1066 2370 1200 2423 duos
1252 2368 1397 2437 [ilics
1434 2368 1672 2434 indecus,
1700 2380 1753 2423 et
1777 2381 1987 2438 gentes.

417 2469 547 2532 Quis
587 2482 652 2521 ex
677 2466 751 2519 eis
785 2465 904 2533 fecit
942 2462 1265 2516 voluntatem
1295 2461 1504 2528 Patris,
1542 2462 1797 2531 qtti'dixt't
1830 2478 1909 2528 eo,
1942 2470 1991 2517 et

412 2574 513 2610 non
543 2557 669 2625 fecit
695 2557 721 2611 ?
748 2555 989 2609 ostendit
1014 2553 1229 2607 Judaeos
1258 2569 1272 2607 :
1300 2563 1350 2606 et
1381 2554 1471 2621 qui
1518 2555 1652 2608 dixit
1686 2569 1790 2608 non
1827 2569 1908 2622 eo,
1940 2563 1991 2608 et

412 2651 538 2718 fecit
564 2650 589 2703 ?
615 2648 851 2702 ostendit
884 2647 1145 2714 populum
1185 2646 1423 2714 gentium
1454 2646 1547 2714 qui
1573 2644 1705 2700 fecit
1736 2662 1833 2715 per
1859 2660 1994 2702 con-

413 2744 704 2797 fessionem
750 2738 898 2795 ﬁdei.
952 2737 1357 2807 Paterfamilias
1404 2739 1667 2808 plantavit
1725 2729 1933 2794 viueani
1970 2755 1991 2794 :

417 2837 578 2888 homo
602 2832 745 2887 Deus
772 2830 937 2886 Pater
971 2840 1055 2885 est
1083 2847 1100 2899 ;
1131 2830 1320 2895 vinea,
1364 2843 1662 2900 synagoga.
1709 2827 1843 2898 Sepe
1889 2831 1994 2883 cir-

416 2925 711 2989 cumdedit,
745 2924 799 2978 id
824 2933 931 2986 est,
964 2922 1211 2977 Custodia
1246 2921 1587 2988 angelorum.
1630 2919 1911 2988 Torcular,
1938 2921 1992 2976 id

415 3028 518 3080 cst,
551 3017 810 3085 templum
840 3012 1161 3083 martyrium
1186 3029 1201 3076 ;
1230 3021 1428 3064 turrem
1454 3012 1507 3064 in
1537 3015 1729 3077 medio,
1759 3014 1998 3067 ostendit.

2077 537 2283 582 tatem:
2319 526 2414 580 alii
2471 526 2525 578 in
2580 525 3011 594 negotiationem,
3072 523 3126 577 id
3167 533 3270 586 est,
3318 523 3372 576 iu
3408 521 3640 588 mundo,

2079 622 2222 674 sicut
2255 621 2329 673 ait
2375 619 2668 688 Apostolus
2704 633 2720 673 :
2754 616 2920 671 Nemo
2964 615 3203 669 militans
3263 615 3387 675 Deo,
3416 613 3644 681 implicat

2081 731 2136 767 se
2162 713 2382 780 negotiis
2417 710 2788 770 su’eularibus,
2818 719 2875 763 ut
2918 709 3125 777 placeat
3152 708 3220 767 ei,
3244 708 3327 760 cui
3374 721 3428 757 se
3456 703 3649 773 proba-

2079 808 2147 861 vit
2197 803 2283 874 (11
2324 803 2461 858 Tim.
2517 819 2578 870 tt,
2609 801 2689 873 4).
2744 801 2955 869 Reliqui
2983 807 3261 852 tenuerunt
3308 812 3481 849 servos
3509 797 3648 863 ejus,

2083 898 2320 953 ostendit
2367 898 2630 965 impetqu
2658 892 3079 964 persecutionis.
3114 891 3202 943 Ait
3247 888 3406 942 sei-vis
3436 889 3569 949 suis.
3600 887 3651 940 id

2084 1002 2169 1046 est
2226 988 2512 1058 apostolis.
2576 985 2791 1052 Nuptiis
2846 985 3002 1052 factm
3025 992 3167 1047 sunt,
3225 980 3279 1035 id
3338 989 3443 1045 est,
3490 978 3651 1034 corda

2084 1083 2424 1137 credentium
2488 1078 2779 1147 conjuncta
2830 1089 2956 1129 cum
3009 1072 3231 1128 Christo
3315 1086 3413 1138 pro
3470 1084 3655 1124 amore

2084 1175 2390 1229 charitatis.
2418 1171 2498 1225 lte
2529 1170 2598 1223 ad
2629 1170 2799 1223 exitus
2833 1166 3068 1223 viarum.
3103 1162 3158 1219 id
3197 1172 3302 1227 est,
3347 1163 3415 1217 ad
3442 1171 3651 1231 gentes.

2088 1270 2550 1339 Congregaverunt
2578 1263 2738 1315 bonos
2770 1271 2816 1314 et
2842 1260 3036 1323 malas,
3070 1256 3307 1312 ostendit
3336 1264 3653 1324 praesentem

2094 1355 2530 1421 titatuslntravit
2562 1367 2656 1406 rex
2680 1352 2750 1404 ad
2781 1348 3184 1415 discumbentes,
3207 1345 3443 1401 ostendit
3464 1358 3657 1399 secun-

2091 1454 2220 1507 dum
2263 1449 2577 1504 adventum.
2610 1444 2780 1499 Homo
2814 1458 2920 1497 non
2965 1440 3160 1495 habens
3203 1448 3394 1494 vestem
3448 1437 3658 1505 nuptia-

2086 1544 2215 1608 lem,
2246 1538 2484 1598 ostendit
2513 1536 2861 1600 charitatem,
2899 1543 2958 1588 ut
3003 1535 3102 1598 ait,
3132 1529 3270 1586 ﬁdes
3317 1530 3439 1585 sine
3480 1528 3658 1583 chari-

2092 1645 2201 1692 tate
2227 1644 2437 1689 mortua
2467 1638 2579 1685 est.
3294 1692 3299 1693 ν

2162 1728 2342 1801 (Vers.
2385 1721 2503 1781 27.)
2536 1719 2755 1782 Mulier,
2789 1717 2841 1771 id
2873 1724 2979 1783 est,
3010 1724 3427 1787 synagoga,per
3454 1719 3661 1778 septem

2087 1821 2234 1877 viros
2271 1815 2612 1888 :eptaticutn
2669 1809 3016 1879 intelligitur.
3052 1805 3252 1860 Mulier
3297 1803 3574 1873 defuncta,
3608 1800 3662 1855 id

2088 1920 2194 1977 est,
2252 1910 2432 1966 littera
2469 1904 2728 1962 defuncta
2776 1898 3101 1956 trausieudo
3149 1897 3219 1952 de
3254 1894 3426 1951 veteri
3467 1891 3661 1948 Testa-

2089 2010 2274 2057 mento
2317 2000 2374 2053 iu
2407 2009 2574 2051 novo.
2612 1990 2681 2046 In
2731 1989 3113 2045 resurrectione
3143 1986 3228 2039 cui
3274 1984 3373 2039 erit
3400 1984 3425 2036 2
3468 1982 3524 2038 id
3556 1989 3662 2047 est,

2088 2091 2352 2149 Est-ledae
2378 2084 2611 2144 Christi.
2642 2083 2787 2138 Dixit
2825 2079 3106 2143 Dominus,
3149 2075 3206 2131 id
3232 2085 3341 2140 est,
3373 2074 3520 2128 Deus
3562 2071 3665 2124 Pa-

2089 2197 2190 2250 ter,
2219 2183 2443 2237 Domino
2480 2193 2615 2239 meo,
2651 2173 2708 2229 id
2735 2182 2817 2228 est
2841 2170 3064 2231 Christo
3092 2184 3107 2223 :
3141 2168 3306 2221 donec
3334 2179 3529 2234 ponant
3557 2162 3662 2216 iui-

2089 2279 2251 2332 micos
2274 2286 2389 2328 tuos
2414 2269 2703 2326 scabellum
2739 2266 2928 2337 pedum
2961 2272 3174 2316 tuorum
3202 2257 3377 2329 (Psal.
3421 2270 3537 2321 cur,
3588 2253 3666 2320 1),

2091 2368 2341 2435 ostendit
2364 2365 2496 2436 quia
2526 2358 2837 2416 hutuilievit
2864 2353 3081 2411 Judaeos
3135 2359 3190 2405 et
3220 2360 3411 2419 gentes
3440 2361 3538 2416 per
3557 2361 3666 2416 ps-

2090 2460 2339 2519 tientiam
2392 2455 2493 2510 sub
2516 2452 2747 2524 pedibus
2771 2449 2913 2520 ejus.
2968 2454 3030 2501 ut
3094 2457 3192 2513 per
3222 2440 3515 2496 vindictam
3572 2453 3668 2505 pu-

2092 2552 2314 2607 niantur
2346 2551 2727 2616 persecutores
2759 2547 2815 2594 et
2841 2540 2896 2593 in
2930 2534 3138 2590 futuro.
3166 2526 3339 2597 Super
3358 2528 3665 2583 cathedrata

2094 2641 2292 2711 Moysi,
2322 2639 2376 2693 id
2395 2646 2502 2702 est,
2537 2648 2701 2704 super
2726 2628 3031 2687 doctrinam
3060 2625 3229 2696 ipsius
3253 2640 3270 2691 ;
3311 2619 3667 2692 phylucteria,

2094 2736 2149 2791 id
2176 2744 2282 2799 est,
2314 2748 2345 2786 ι
2386 2731 2553 2785 verba
2572 2728 2705 2796 legis
2730 2725 2783 2778 in
2820 2721 3069 2778 chartula
3096 2715 3415 2786 conscripta
3446 2724 3668 2782 portau-

2096 2840 2182 2886 tes
2223 2824 2484 2896 pharisa-i
2526 2825 2579 2877 in
2611 2820 2817 2874 fronte.

2169 2921 2346 2992 (Vers.
2392 2913 2609 2983 37-59.)
2662 2909 2983 2973 Jerusalem,
3007 2903 3354 2961 Jerusalem:
3386 2898 3671 2969 geminans

2097 3012 2337 3072 ostendit
2383 3008 2637 3065 aﬂectum
2695 2999 2939 3058 doloris?
2977 2999 3114 3053 sicut
3144 2995 3351 3067 gallina
3386 2999 3668 3062 congregat

418 3082 719 3160 doctrinam
746 3106 900 3173 Legis
928 3082 1194 3173 :agricola
1210 3103 1464 3158 doctores
1486 3113 1636 3158 sunt.
1661 3100 1794 3157 Cum
1818 3112 1992 3156 autem
2021 3140 2066 3198 α
2097 3105 2268 3176 pullo;
2295 3104 2390 3159 sub
2420 3099 2537 3155 alas
2566 3112 2714 3162 suas,
2753 3095 2809 3149 iu
2844 3084 3011 3162 spiris
3049 3089 3260 3160 pinnis,
3308 3087 3361 3140 id
3395 3092 3505 3146 est.
3538 3082 3670 3138 ωδε

1200 3186 1209 3193 .
1502 3195 1511 3198 _
2248 3196 2258 3198 μ
2395 3192 2430 3198 --
2560 3192 2571 3198 -
2720 3196 2726 3198 .
2784 3186 2838 3198 η.
2896 3185 2907 3196 .
2950 3194 2958 3198 Α
3093 3177 3341 3198 _,____sg.
3381 3177 3585 3198 μμ--
3618 3175 3666 3198 ι..

418 3214 617 3269 tempus
671 3199 834 3267 fructi
905 3186 1406 3266 appropinquasset,
1466 3195 1516 3250 id
1572 3207 1678 3262 est,
1731 3197 1995 3251 adventus

416 3292 659 3356 Christi;
695 3291 831 3345 servi
862 3290 1028 3353 missi,
1059 3292 1341 3360 prophetae
1376 3297 1506 3344 sunt
1539 3301 1741 3358 :quem
1763 3289 1995 3358 primum

418 3384 756 3441 occiderunt,
786 3393 868 3436 est
893 3381 1161 3435 Jeretnias
1191 3389 1246 3436 et
1281 3375 1451 3436 Isaias
1487 3394 1689 3450 :quem
1717 3380 1998 3450 lapidave-

428 3489 553 3532 tunt
573 3515 592 3543 ,
617 3488 700 3531 est
726 3474 1045 3545 Stephanus
1064 3475 1104 3529 ¹.
1132 3472 1416 3545 chceruut
1448 3490 1563 3530 eum
1591 3484 1743 3529 extra
1773 3474 1995 3539 vineam,

421 3572 601 3633 idest,
635 3566 961 3631 Jerusalem,
987 3569 1041 3621 in
1074 3578 1315 3622 montem
1342 3565 1630 3622 Calvarize.
1684 3566 1788 3621 llic
1815 3567 1996 3630 vinea,

421 3671 476 3714 et
516 3661 605 3714 aii
659 3659 858 3723 coloni,
919 3656 1159 3713 ostendit
1222 3652 1518 3713 Ecclesium
1577 3657 1850 3726 gentium,
1902 3656 1998 3724 qui

423 3752 651 3808 reddunt
687 3752 944 3813 Luctum,
974 3751 1027 3805 i.l
1062 3760 1169 3816 est,
1206 3749 1615 3805 confessionem
1658 3749 2002 3819 paenitentia:

425 3856 479 3902 et
518 3846 660 3899 lidei.
696 3843 881 3913 Lapis,
919 3842 971 3897 id
1021 3853 1129 3908 est,
1161 3842 1414 3897 Christus
1457 3842 1698 3900 :scissus
1726 3840 1790 3893 de
1832 3846 2003 3892 monte

425 3942 535 3996 s‘ne
574 3938 815 3993 manibus
840 3937 1003 4007 (Dan.
1043 3935 1243 4002 iub-5),
1298 3934 1355 3989 id
1390 3939 1496 3998 est,
1529 3933 1651 3988 sine
1680 3945 1803 3987 actu
1835 3932 2000 3995 virili,

425 4045 479 4091 ιιι
502 4030 796 4091 concubitu
836 4044 851 4084 :
879 4028 945 4083 de
990 4037 1165 4082 matre
1186 4027 1306 4081 sine
1336 4024 1570 4091 semine,
1599 4023 1668 4079 de
1702 4036 1854 4094 patre
1885 4024 2007 4081 sine

425 4137 692 4192 tempore.
732 4120 926 4175 Factus
952 4122 1004 4173 in
1034 4102 1211 4187 caput.
1227 4116 1432 4188 anguli,
1464 4120 1714 4173 continet
1745 4117 1879 4171 duos
1904 4131 2004 4186 pa-

426 4218 470 4269 ti
495 4232 614 4277 «es,
645 4215 884 4269 ostendat
931 4226 1130 4266 novum
1166 4219 1222 4264 et
1251 4216 1410 4264 vetus
1441 4208 1882 4271 Testamentum,
1908 4204 2004 4260 Ju-

424 4322 573 4367 canos
599 4314 655 4359 et
691 4319 902 4374 genies.

498 4394 676 4466 (Vers.
707 4395 821 4464 Μ.)
860 4394 965 4460 Qui
1018 4392 1261 4449 ceciderit
1284 4407 1439 4460 super
1471 4391 1730 4462 lapidem,
1768 4392 2007 4465 confrin-

2102 3196 2294 3253 levatis
2361 3192 2503 3256 alis,
2559 3192 2629 3247 ita
2679 3196 2736 3244 et
2779 3185 3036 3242 Christus
3083 3177 3347 3250 expandit
3381 3177 3589 3247 palmas
3618 3175 3669 3229 in

2100 3305 2285 3356 cruce,
2315 3298 2372 3343 ut
2404 3287 2764 3356 congregaret
2817 3275 2961 3333 illius
3006 3288 3163 3338 suos,
3201 3274 3345 3327 sicut
3394 3266 3671 3323 canticum

2100 3375 2504 3436 Deuterouomii
2527 3374 2757 3428 asserit:
2798 3366 3068 3437 Ea‘panttit
3095 3364 3209 3417 alas
3233 3377 3359 3415 suas
3384 3367 3437 3413 et
3462 3371 3672 3411 assum-

2098 3474 2203 3542 psit
2235 3487 2323 3525 eos
2348 3484 2504 3539 super
2520 3463 2765 3535 scapulas
2794 3476 2918 3516 suas
2968 3456 3151 3528 (Deut.
3187 3468 3359 3518 χχιιι,
3388 3450 3503 3523 Η).
3538 3448 3671 3502 Ecce

2100 3539 2420 3633 relinquetur
2482 3558 2665 3611 domus
2712 3562 2885 3607 vestra
2951 3551 3199 3610 deserta,
3252 3542 3493 3597 ostendit
3546 3539 3669 3610 quia

2101 3632 2344 3706 dereliCIi
2396 3657 2611 3702 ειμι-ει
2677 3646 2795 3711 lege
2844 3655 2943 3694 su‘t
3000 3651 3057 3693 et
3091 3651 3122 3691 a
3177 3632 3490 3705 prophetis,
3559 3641 3668 3683 ets

2102 3743 2432 3800 sacerdotio.
2468 3738 2591 3795 Non
2613 3753 2693 3793 me
2723 3734 2959 3789 videbitis
2983 3735 3148 3785 donec
3171 3730 3365 3783 dicatis
3401 3742 3420 3780 :
3459 3722 3670 3779 Benedi-

2103 3850 2218 3893 ctus
2256 3837 2344 3907 qui
2378 3836 2515 3889 venit
2560 3831 2617 3884 in
2658 3831 2869 3883 nomine
2909 3824 3146 3891 Domini,
3179 3819 3429 3877 ostendit
3456 3819 3582 3888 quia
3615 3816 3665 3869 iu

2103 3933 2341 3990 set-nudo
2374 3935 2635 3994 adventu,
2669 3923 2865 3981 videbit
2897 3938 3014 3977 eum
3040 3919 3207 3974 cumis
3239 3931 3382 3978 caro.
3432 3923 3484 3970 et
3523 3914 3675 3980 plan-

2103 4037 2223 4101 gent
2273 4040 2432 4092 super
2477 4040 2531 4078 se
2584 4036 2760 4076 attines
2796 4019 2964 4072 tribus
3018 4022 3171 4069 terra
3212 4011 3303 4082 qui
3348 4011 3671 4079 pupugerunt

2103 4136 2221 4174 eum
2257 4116 2508 4191 (Zachar.
2540 4130 2617 4181 ιι,
2648 4113 2758 4182 10).

2179 4213 2331 4284 (Cap.
2365 4207 2556 4264 XXIV.
2600 4236 2670 4249 --
2716 4205 2870 4260 \'ers.
2902 4203 2937 4257 ‘2
2968 4198 3147 4270 seqq.)
3201 4194 3324 4251 Non
3357 4194 3672 4284 relinquetur

2107 4282 2198 4358 hic
2225 4302 2365 4370 lapis
2405 4314 2565 4368 super
2593 4296 2846 4364 lapidem,
2884 4293 3122 4366 ostendit
3154 4290 3548 4358 disperswuem
3588 4282 3675 4338 Ju-

2113 4399 2376 4451 dasoruut.
2439 4397 2590 4448 ’lunc
2657 4387 3168 4444 scandalisabuntur
3219 4382 3395 4448 multi,
3448 4390 3581 4434 oste:
3604 4376 3677 4431 dit

424 4500 602 4558 υιιιιιν,
636 4487 909 4557 signiﬁcat
947 4497 1138 4555 gentes
1169 4499 1332 4555 super
1359 4485 1663 4549 Christum,
1710 4483 1779 4541 de
1809 4484 2003 4539 inlide-
2031 4468 2085 4531 Ῑ)
2110 4491 2235 4559 quia
2286 4502 2384 4556 per
2447 4483 2879 4554 magnitudinem
2952 4474 3350 4549 persecutionis
3411 4474 3678 4542 negabunt

431 4585 461 4632 lt
493 4592 578 4635 ate
617 4581 686 4634 ad
748 4581 931 4645 tidem,
989 4579 1364 4648 coult'ingetur
1416 4593 1604 4648 super,
1668 4577 1720 4631 id
1790 4588 1894 4644 est,
1951 4577 2004 4632 iu

428 4675 812 4737 humilitatem.
847 4671 1017 4745 Super
1051 4688 1202 4742 quem
1231 4687 1351 4726 vero
1381 4672 1629 4725 ceciderit
1679 4669 1840 4741 lapis,
1875 4687 1996 4725 cou-

429 4779 469 4833 ιι
484 4782 556 4823 ret
589 4785 730 4832 eum,
760 4770 1002 4822 ostendit
1035 4766 1253 4819 Judauos
1288 4766 1726 4837 superstitiosos.
1982 4794 1993 4805 ι

505 4862 661 4931 (Cap.
690 4857 855 4924 XXII,
890 4859 927 4913 ‘2
951 4861 1132 4928 seqq.)
1163 4855 1334 4911 llomo
1377 4873 1468 4911 rea:
1500 4858 1590 4927 qui
1619 4855 1742 4925 fecit
1797 4857 2009 4926 nuptias

431 4956 545 5030 [ilio
575 4971 691 5008 suo.
737 4953 910 5008 llomo
942 4952 1078 5005 Dt‘tts
1099 4949 1263 5005 Pater
1297 4962 1419 5019 est;
1445 4967 1541 5021 per
1569 4950 1789 5020 nuptias
1814 4960 2007 5006 osten-

433 5051 509 5107 ιιι
575 5045 975 5115 copulatiouem
1009 5041 1213 5099 Christi
1267 5055 1319 5099 et
1360 5044 1638 5099 Ecclesiae.
1703 5040 1858 5097 Sicut
1899 5041 2009 5096 Eva

431 5154 495 5189 ts
530 5149 681 5190 costa
717 5135 868 5200 Adae,
927 5137 1007 5190 sit:
1062 5134 1301 5188 Ectlesia
1338 5150 1404 5188 ex
1460 5132 1640 5187 latere
1679 5133 1889 5188 Christi
1923 5150 2009 5188 re-

432 5240 651 5299 Ceutpta
704 5239 832 5288 est;
871 5239 926 5284 et
981 5229 1124 5283 sicut
1166 5243 1230 5281 cs
1278 5229 1491 5297 virgine
1549 5237 1694 5282 terra
1746 5228 2019 5296 processit

434 5328 630 5390 Adam,
660 5323 732 5377 ita
756 5334 809 5378 et
834 5323 1087 5377 Christus
1114 5336 1180 5377 ex
1209 5320 1415 5393 virgine
1450 5319 1619 5374 Maria
1645 5332 1833 5377 natus.
1867 5320 2016 5374 Misit

433 5434 611 5481 srrvos
641 5433 787 5479 suos,
821 5415 873 5470 id
904 5426 1009 5475 est,
1042 5414 1364 5483 protihetas.
1397 5411 1696 5465 Prandium
1744 5421 2014 5478 paratum,

436 5520 488 5562 ut
522 5520 628 5574 «ει,
665 5495 1006 5578 Scritﬂursm
1057 5519 1348 5570 sanctam;
1403 5506 1548 5560 tauri
1569 5505 1749 5567 occisi,
1774 5503 2018 5559 ostendit

438 5603 529 5670 qui
591 5618 692 5668 pro
722 5600 950 5655 Christo
984 5615 1310 5672 sanguuctu
1369 5600 1628 5654 luderent
1661 5599 1901 5661 :altilia,
1962 5598 2014 5650 id

2109 4558 2413 4634 Clu-istum.
2436 4573 2805 4635 Abominatio.
2828 4569 3072 4627 ostendit
3111 4575 3345 4624 statuam
3376 4558 3679 4618 antichristi

2115 4674 2344 4743 positam
2376 4673 2431 4724 in
2454 4669 2659 4738 templo
2696 4683 2712 4722 ι
2740 4664 3017 4728 desolatio,
3049 4662 3101 4718 id
3127 4670 3234 4724 est,
3261 4652 3677 4714 consummatio.

2116 4742 2218 4833 Qui
2247 4772 2368 4818 sunt
2392 4764 2453 4817 in
2492 4759 2711 4826 Judata,
2760 4758 2811 4813 id
2875 4766 2983 4821 est,
3033 4753 3093 4809 in
3141 4749 3490 4809 confessione
3538 4742 3676 4800 ﬁdei.

2115 4858 2350 4928 Fugiunt
2383 4857 2452 4909 ad
2494 4862 2721 4919 montes,
2751 4850 2805 4907 id
2836 4858 2939 4914 est,
2977 4847 3044 4903 ad
3072 4845 3372 4901 doctrinam
3414 4837 3680 4910 apostolo-

2116 4970 2238 5010 rum
2276 4970 2291 5009 :
2323 4951 2413 5022 qui
2445 4951 2499 5003 in
2523 4955 2679 5010 tecto,
2715 4944 2768 4999 id
2816 4953 2925 5009 est,
2974 4942 3029 4996 in
3062 4935 3485 5009 contemplativa
3519 4933 3625 4988 vita
3665 4946 3681 4987 :

2119 5064 2222 5102 non
2274 5045 2559 5100 descendat
2595 5041 2649 5095 in
2702 5039 2939 5101 domum,
2986 5034 3039 5090 id
3060 5043 3173 5101 est,
3211 5033 3266 5088 in
3311 5033 3486 5086 activa
3539 5027 3683 5082 vita:

2121 5141 2175 5191 in
2209 5154 2362 5205 agro,
2393 5137 2445 5190 id
2485 5145 2593 5198 est,
2645 5133 2700 5186 in
2746 5127 3138 5202 praedicatione
3195 5118 3474 5193 Evangelii
3514 5137 3529 5173 :
3567 5115 3685 5176 Non

2127 5230 2279 5287 tollat
2313 5229 2545 5282 tunicam
2582 5242 2759 5290 suam,
2793 5221 2846 5277 id
2887 5230 2990 5287 est,
3022 5234 3130 5275 nou
3161 5225 3463 5274 revertatur
3490 5212 3559 5268 ad
3585 5210 3686 5283 pri-

2120 5322 2210 5377 stie
2237 5337 2324 5375 aut
2349 5318 2818 5375 conversationem
2843 5329 3024 5370 suam.

2193 5414 2378 5481 (V'crs.
2414 5413 2481 5468 19
2513 5401 2701 5480 seqq?)
2738 5406 2824 5464 Va:
2855 5425 2950 5477 pra
2966 5403 3270 5478 gnantibus,
3319 5401 3373 5456 id
3412 5407 3521 5464 est,
3565 5408 3690 5450 con-

2120 5507 2538 5576 cupiscentihus
2578 5518 2663 5555 res
2695 5500 2902 5556 alienas
2933 5515 2949 5554 :
2996 5513 3072 5552 va:
3102 5492 3481 5557 nutrientibus,
3513 5487 3567 5545 id
3589 5495 3688 5553 es'.

2126 5601 2179 5654 in
2226 5613 2392 5669 opere
2447 5593 2922 5666 ptrptﬂl‘cltlibtts;
2980 5605 3078 5661 per
3114 5600 3381 5652 eremunt,
3433 5576 3669 5640 ostendit

523 5711 537 5740 ‘
574 5709 757 5773 Satius
804 5714 979 5767 visum
1030 5725 1146 5781 est,
1209 5729 1492 5785 temerare
1549 5714 1676 5769 hinc
1738 5713 2021 5771 verborum
2065 5729 2408 5781 tuuistrn,“
2470 5732 2548 5770 me
2584 5712 2736 5775 Bart.
2780 5712 3049 5780 sive,quac
3104 5721 3324 5764 sensum
3390 5693 3668 5771 intercipis

449 5781 602 5849 bant.
