3934 6188
276 290 379 358 ὄπ

1193 292 1603 355 EXPOSITIO
1645 292 1719 351 IV
1761 288 2140 353 EVANGEL.
2184 289 2648 358 MATTH/EUS.

3445 299 3553 365 i178

273 412 725 473 persecutionem,
750 419 844 474 per
861 405 1145 461 sabbatum
1166 404 1330 459 ﬁnem
1358 405 1569 459 mundi.
1591 404 1687 459 Ubi
1708 403 1868 471 fuerit
1901 418 1945 467 Α
1975 409 2031 455 ει
2057 415 2166 456 non
2194 396 2360 457 habet
2389 403 2730 466 charitatem.
2761 404 2876 473 ipsa
2912 406 3046 460 l‘rles
3078 407 3341 463 morie'ur
3370 409 3424 463 in
3460 427 3548 465 eo.

271 512 477 563 corpus,
512 497 640 551 illuc
667 497 1130 567 congregabantur
1158 497 1351 568 aquilte
1385 514 1403 553 .'
1465 512 1669 567 corpus
1697 496 1858 553 Chri~

271 600 387 642 stus
414 599 498 643 est
537 603 553 644 ι
584 589 780 657 aquilae
806 588 1005 643 anima:
1050 597 1367 644 sanctorum
1397 598 1544 644 sunt.
1582 588 1757 644 Aliter
1801 587 1857 641 in

271 678 675 733 resurrectione
706 692 1049 749 unaquaeque
1080 680 1267 732 anima
1308 678 1590 747 proprium
1651 693 1852 747 corpus

277 778 617 839 sumet:per
654 767 854 835 solem,
906 767 1150 824 ostendit
1177 770 1625 837 praedicationem
1674 770 1857 822 Evan-

274 859 498 929 liizper
534 861 757 928 lunam,
810 860 1112 917 Ecclesiam
1183 878 1199 918 :
1256 877 1353 930 per
1401 862 1585 915 stellas
1640 867 1862 916 sanctos

276 955 385 1005 sive
414 967 451 1022 p
480 953 822 1007 mdicatores.
868 951 1102 1009 Virtutes
1142 954 1391 1008 ctelorum
1444 953 1855 1007 commouebun-
1932 1000 1935 1003 λ

277 1056 381 1109 tur,
418 1047 520 1103 hoc
570 1056 655 1102 est
708 1046 921 1115 agmina
953 1046 1278 1116 angelorum
1329 1045 1397 1100 ad
1444 1045 1855 1115 jndicanduxn:

274 1137 474 1201 parebit
511 1138 720 1209 signant
762 1139 818 1191 in
873 1138 1027 1203 calo,
1077 1138 1128 1191 id
1160 1146 1265 1203 est,
1300 1152 1433 1193 crux
1479 1137 1705 1198 Christi,
1765 1151 1861 1206 per

279 1235 459 1284 t.-bam
489 1230 728 1286 ostendit
767 1232 1005 1286 sonitum
1055 1230 1395 1300 angelorum.
1446 1228 1619 1282 Erunt
1665 1231 1771 1282 duo
1805 1230 1855 1282 in

275 1339 427 1392 agro,
476 1323 528 1376 id
580 1332 685 1386 est,
741 1322 796 1377 iu
855 1322 1305 1393 praedicationem
1354 1321 1632 1391 Evaugt‘vii
1677 1336 1859 1374 :uuas

275 1400 601 1477 aestimetur,
648 1415 701 1470 id
765 1425 847 1471 est
880 1416 973 1484 qui
1028 1415 1263 1485 complet
1315 1413 1759 1484 praedicationem
1805 1412 1861 1464 in

273 1522 443 1574 opere
475 1524 492 1562 ε
534 1505 674 1561 alius
705 1506 1049 1576 relinquetur,
1099 1508 1151 1562 id
1176 1515 1284 1573 est,
1308 1506 1365 1560 in
1397 1503 1857 1576 operejustitite;

277 1598 328 1650 in
361 1598 532 1664 mola,
557 1600 610 1651 in
642 1599 846 1653 mundo
880 1617 894 1654 :
930 1598 1037 1653 duo
1066 1598 1338 1666 molenlcs,
1366 1597 1434 1660 ,ιιι
1461 1607 1567 1659 est,
1592 1596 1646 1650 iu
1676 1594 1863 1650 Eccle-

276 1691 353 1746 sia
387 1691 685 1756 catholica,
716 1701 771 1748 et
801 1691 1215 1748 lmreticorutn.

1964 489 2321 556 illaiestatem,
2350 492 2399 546 id
2425 503 2529 556 est,
2550 502 2899 563 potestatem,
2936 497 3275 566 dignitatem.
3309 497 3504 557 Iliados
3535 502 3552 534 ⁸

1961 581 2182 638 Judaeos
2218 602 2232 637 :
2273 597 2404 640 oves
2457 599 2585 639 vero
2634 587 2860 654 populos
2921 587 3190 655 gentium.
3254 590 3552 657 Dextrum,

1963 674 2016 728 id
2051 684 2157 740 est,
2213 690 2556 744 prosperum,
2612 678 2728 730 sive
2791 687 3003 731 rectum
3042 695 3057 731 :
3105 680 3410 746 sinistrum,
3457 686 3552 737 ad-

1963 783 2202 834 versum,
2255 770 2371 823 sive
2407 769 2643 839 pteuale,
2691 774 2815 839 quia
2866 779 3007 841 apud
3066 773 3236 829 Deum
3281 779 3422 832 nihil
3465 788 3552 833 est

1964 860 2276 914 sinistrum.

2033 949 2186 1019 (Cap.
2226 950 2414 1006 XXVI.
2449 980 2520 994 --
2559 952 2711 1008 Vers.
2754 954 2787 1009 6
2812 956 2988 1026 seq-1.)
3031 956 3162 1011 Cum
3213 969 3389 1012 autent
3418 970 3552 1016 esset

1969 1042 2025 1095 iu
2055 1042 2335 1108 Bethania,
2370 1042 2423 1096 id
2454 1054 2555 1109 est,
2586 1045 2642 1098 in
2676 1045 2833 1099 domo
2863 1049 3214 1114 obedientia';
3242 1051 3328 1105 hic
3353 1052 3551 1106 domus

1963 1150 2062 1204 pro
2090 1137 2292 1188 mundo
2322 1136 2561 1204 powitnr.
2582 1135 2799 1201 Mulier,
2831 1139 2881 1193 id
2914 1150 3018 1203 est,
3047 1141 3229 1195 futura
3252 1143 3497 1199 Ecclesia
3528 1162 3542 1199 :

1965 1226 2333 1290 Alabastrum,
2356 1226 2529 1289 idest,
2556 1244 2751 1295 corpus
2783 1230 3014 1283 hominis
3038 1246 3053 1284 ε
3078 1247 3173 1301 per
3194 1245 3548 1301 unguentum,

1962 1318 2200 1373 ostendit
2261 1318 2418 1372 Iidem
2486 1320 2849 1375 con'essiou‘s
2887 1338 2903 1378 :
2946 1334 3108 1390 caput
3169 1323 3373 1380 ChrISti
3412 1328 3548 1382 Dens

1964 1406 2148 1472 Pater,
2185 1409 2494 1475 recumbes,
2536 1410 2677 1463 ideui
2711 1409 2961 1466 Christus
2989 1430 3155 1482 super
3201 1416 3492 1470 Ecclesium
3531 1435 3546 1472 :

1966 1500 2235 1569 Pauperes
2264 1517 2467 1571 semper
2500 1501 2776 1569 habebitis,
2820 1504 2872 1556 id
2920 1514 3026 1567 est,
3067 1508 3431 1574 spiritualiter
3454 1513 3545 1580 qui

1962 1592 2212 1662 indigent
2242 1592 2580 1657 doctrinam,
2615 1597 2732 1648 sive
2765 1597 3127 1662 corporaliter
3156 1600 3247 1664 qui
3282 1600 3433 1655 tibus
3462 1604 3547 1655 itt-

1968 1682 2174 1752 digent.
2215 1680 2299 1735 Me
2352 1691 2533 1736 autem
2568 1700 2675 1737 non
2734 1701 2941 1755 semper
2985 1686 3259 1749 habebitis,
3309 1693 3547 1747 ostendit

342 1781 508 1852 (Cap.
565 1781 732 1837 XXV.
770 1811 841 1823 -ο
874 1781 938 1836 Vt
954 1800 1030 1841 rs.
1086 1784 1272 1855 1-14.)
1305 1782 1494 1839 Simile
1525 1798 1603 1839 est
1653 1802 1866 1856 regnum
1904 1786 1945 1845 ιι
1975 1781 2273 1836 secundum
2306 1797 2549 1838 carnem.
2612 1781 2813 1852 Joseph
2851 1786 3104 1840 venditur
3145 1789 3196 1841 iu
3249 1788 3545 1858 Egyptum

274 1874 530 1929 calorum
558 1875 734 1928 decem
758 1876 1073 1947 virginibus,
1093 1892 1212 1947 qua:
1238 1877 1551 1944 accipientes
1585 1877 1863 1946 lampades

277 1980 429 2029 suos,
464 1963 521 2018 id
551 1973 654 2028 est,
676 1965 730 2017 in
751 1965 1180 2030 resurrectione,
1203 1978 1435 2035 corpora
1457 1980 1578 2019 sua.
1614 1965 1866 2037 Virgines

276 2062 407 2106 sunt
438 2066 505 2106 eo
546 2052 689 2122 quod
723 2051 1004 2108 Christum
1058 2067 1170 2108 non
1221 2064 1578 2124 negaverunt.
1618 2055 1866 2123 Quinque

277 2146 585 2212 prudentes,
616 2159 681 2200 eo
710 2145 853 2214 quod
890 2154 1116 2214 prepter
1150 2159 1378 2214 regnum
1428 2144 1522 2202 Dei
1575 2146 1865 2204 laborave-

278 2248 449 2292 runt:
480 2236 725 2307 Quinque
745 2236 933 2307 fatum,
964 2238 1206 2292 ostendit
1240 2239 1333 2308 qui
1369 2254 1469 2309 pro
1508 2242 1865 2297 retributione

280 2330 539 2389 humana:
586 2329 757 2384 laudis
809 2341 1120 2399 gesserunt.
1180 2328 1535 2399 Dormitare,
1599 2343 1684 2388 est
1735 2345 1867 2390 ante

281 2434 515 2481 mortem
546 2426 916 2493 languescere,
945 2426 1188 2481 dormire
1220 2436 1370 2494 vero,
1411 2428 1468 2482 in
1499 2435 1677 2482 morte
1706 2429 1864 2497 quie-

279 2531 436 2572 scere
466 2526 571 2572 est.
616 2517 793 2571 Media
830 2531 1002 2585 nocte,
1040 2519 1093 2574 id
1139 2529 1246 2583 est,
1299 2520 1353 2573 in
1384 2534 1598 2585 errore,
1650 2521 1768 2576 sive
1805 2522 1863 2577 in

283 2607 585 2666 securitate
643 2611 1005 2680 negligentes.
1055 2611 1251 2666 Nescio
1284 2626 1399 2678 eos,
1445 2614 1497 2668 id
1541 2623 1644 2680 est,
1678 2615 1867 2670 nescio

281 2716 446 2772 opera
485 2712 668 2757 vestra
698 2702 865 2757 bona.
1775 2769 1780 2775 _

353 2782 541 2866 (Veri.
585 2796 652 2851 14
702 2796 880 2866 seqq.)
938 2795 1106 2851 Homo
1168 2796 1551 2866 proﬁciscens,
1615 2796 1867 2856 Christus

280 2900 385 2954 est,
406 2902 639 2959 peregre
656 2886 953 2959 proiectus.
987 2889 1040 2943 id
1069 2896 1172 2955 est,
1204 2889 1271 2945 de
1300 2890 1504 2944 mundo
1526 2892 1593 2945 ad
1621 2889 1862 2948 Patrem.

285 2979 501 3035 Vocaoit
531 2996 706 3036 servos
750 2997 873 3035 suos
901 3020 918 3047 ,
970 2981 1021 3036 id
1073 2992 1177 3049 est,
1234 2984 1534 3039 doctores:
1564 2984 1712 3038 dedit
1760 2986 1868 3039 illis

283 3074 421 3126 bona
467 3089 589 3136 suo,
640 3072 694 3128 id
756 3082 862 3137 est,
923 3073 1234 3128 doctrinam
1282 3074 1559 3145 Evangelii
1596 3094 1610 3131 ε
1643 3078 1870 3147 quinque

1969 1886 2038 1924 xx
2066 1874 2362 1942 argenteis,
2402 1883 2459 1924 ut
2491 1872 2720 1928 satiaret
2748 1876 2942 1928 t‘amem
2966 1877 3212 1945 corporis
3247 1893 3263 1933 :
3295 1876 3550 1933 Christus

1969 1963 2220 2019 venditus
2253 1979 2356 2016 xu
2386 1966 2682 2033 argenteis,
2734 1982 2831 2036 pro
2880 1970 3122 2037 peccatis
3158 1970 3462 2038 hominumn,
3496 1982 3552 2026 et

1972 2053 2112 2110 [ante
2137 2050 2281 2111 ﬁdei.
2308 2054 2723 2125 Opportunitas,
2761 2058 2811 2111 id
2842 2069 2947 2126 est,
2968 2071 3182 2131 tempus
3213 2077 3549 2132 congruum;

1972 2160 2066 2217 per
2094 2162 2335 2214 azymam
2358 2148 2713 2216 sinceritatis,
2744 2148 3112 2207 sinceritatem
3145 2153 3341 2208 tuentis
3370 2165 3550 2208 ostcu~

1970 2244 2066 2293 dit.
2132 2236 2327 2294 Bibam
2379 2238 2512 2294 illud
2564 2244 2622 2294 in
2668 2257 2891 2313 regnum
2920 2240 3101 2297 Patris
3131 2245 3235 2298 mei
3264 2245 3549 2311 vobiscum,

1968 2327 2022 2382 id
2049 2336 2153 2393 est,
2204 2329 2464 2384 membris
2497 2329 2617 2386 suis
2645 2346 2660 2385 :
2684 2330 2738 2385 in
2775 2347 3016 2403 regnum,
3052 2334 3102 2389 id
3137 2343 3238 2399 est,
3279 2336 3330 2388 in
3362 2333 3550 2390 Eccle-

1970 2420 2073 2474 sia.
2108 2417 2413 2474 Percutiam
2444 2429 2732 2491 pastorem.
2765 2423 2814 2477 id
2848 2436 2932 2477 est
2957 2424 3159 2480 Christi
3198 2441 3214 2479 :
3249 2426 3552 2497 dispergen-

1973 2519 2059 2563 tur
2095 2526 2238 2575 oves,
2270 2510 2323 2565 id
2351 2521 2479 2566 sunt
2527 2514 2781 2582 apostoli.
2836 2512 3145 2572 Pracedam
3188 2531 3275 2571 vos
3311 2518 3366 2570 in
3402 2516 3554 2573 Goli-

1968 2599 2128 2655 ltettm
2153 2615 2175 2655 :
2226 2601 2329 2655 hoc
2351 2611 2457 2668 est,
2491 2603 2698 2658 relictis
2729 2603 2954 2669 tudinis,
2989 2606 3124 2660 abiit
3150 2608 3217 2663 ad
3242 2618 3451 2678 gentes.

2041 2690 2196 2761 (Cap.
2215 2690 2408 2746 XXVI.
2426 2692 2663 2749 —.Vers.
2689 2695 2805 2765 59.)
2836 2694 2898 2753 Si
2922 2697 3170 2767 possibile
3190 2710 3288 2767 est,
3316 2708 3552 2757 transeat

1973 2799 2007 2837 α
2059 2799 2142 2839 nte
2211 2786 2357 2840 calin:
2378 2786 2499 2850 iste,
2528 2787 2580 2842 id
2602 2799 2707 2850 est,
2734 2792 2915 2859 passio
2944 2805 2962 2845 :
2993 2790 3099 2847 hoc
3115 2791 3250 2846 dixit
3276 2809 3375 2862 pro
3400 2805 3554 2862 parte

1972 2874 2190 2942 carnis;
2217 2891 2315 2943 per
2342 2878 2581 2948 gladium
2606 2879 2845 2935 ostendit
2877 2884 3102 2935 verbum
3122 2882 3387 2937 divinum.
3418 2885 3551 2939 Aut-

1968 2968 2176 3035 putavit
2206 2968 2527 3037 auriculam,
2577 2969 2631 3025 id
2660 2979 2769 3035 est,
2815 2983 3157 3041 amputatum
3182 2976 3424 3031 auditum
3458 2977 3555 3032 Ju-

1972 3058 2213 3114 daaorum
2235 3076 2249 3114 :
2274 3061 2675 3119 immunditiam
2696 3071 2991 3134 purgaret:
3024 3064 3326 3134 ﬂagellatur
3356 3073 3549 3132 tenuit,

283 3161 518 3226 “dum.
564 3163 616 3216 Μ
672 3172 776 3229 εει,
833 3164 1075 3234 quinque
1104 3178 1323 3230 sensus,
1388 3139 1562 3234 νίξυε,
1623 3139 1865 3233 abditi“.
1895 3139 1943 3200 C
1975 3159 2033 3205 ut
2051 3165 2149 3206 nos
2168 3153 2236 3207 de
2263 3152 2489 3222 ﬂagellis
2514 3146 2864 3223 peccatorum
2885 3155 3165 3212 liberaret.
3191 3158 3347 3213 Sicut
3380 3162 3550 3215 Adam

280 3256 571 3319 odoratus,
595 3263 786 3325 gustus
802 3262 858 3309 et
878 3263 1055 3311 tactus
1092 3273 1108 3310 :
1132 3270 1269 3326 quos
1296 3270 1394 3326 per
1415 3259 1869 3315 consuetudinem

279 3345 501 3398 solebat
557 3359 801 3407 movere,
830 3354 889 3400 ut
921 3360 1120 3400 causas
1180 3347 1530 3404 transitorios
1585 3359 1873 3406 convertat

280 3436 350 3490 ad
385 3448 681 3490 aeternam.
716 3433 811 3491 Sic
834 3436 901 3492 de
926 3437 1045 3493 visu
1089 3438 1293 3493 dictum
1332 3449 1438 3504 est,
1471 3444 1662 3495 Averte
1691 3444 1872 3499 oculos

280 3542 427 3580 meos
460 3524 643 3595 (Paul.
704 3541 894 3592 CXVIII,
950 3526 1066 3595 '57),
1113 3539 1167 3582 et
1232 3528 1462 3597 reliqua.
1518 3529 1591 3583 De
1650 3533 1869 3595 auditu,

278 3617 409 3689 δερὶ
461 3634 622 3672 aures
666 3629 819 3683 tuas,
874 3634 968 3672 nec
1006 3619 1232 3673 audiant
1268 3619 1479 3689 linguas
1535 3620 1873 3688 blasphemia:

282 3707 489 3780 (Eccli.
517 3724 711 3777 utut,
736 3709 852 3779 ΞΒ).
903 3707 981 3764 De
1009 3712 1263 3777 odoratu,
1294 3709 1474 3765 Bonus
1515 3712 1647 3766 odor
1691 3728 1875 3766 sumus

221 3846 242 3867 .
284 3803 429 3873 Deo,
456 3804 511 3856 in
543 3804 624 3855 Itis
656 3804 748 3873 qui
781 3804 914 3857 salvi
942 3814 1064 3858 sunt
1094 3803 1177 3874 (II
1200 3803 1326 3859 Cor.
1348 3821 1409 3865 tl,
1431 3806 1559 3876 I5);
1592 3807 1658 3860 de
1681 3820 1872 3875 gustu,

283 3897 487 3951 Nolite
516 3899 832 3952 maledicere
859 3936 876 3962 ,
920 3899 1011 3953 sed
1061 3899 1348 3953 benedicite
1375 3896 1551 3968 (Rom.
1582 3913 1697 3967 xu,
1754 3900 1874 3970 14),

280 3991 353 4045 de
408 4001 591 4053 tactu.
647 3990 753 4057 Qui
787 3990 1071 4059 {urebatur
1120 3991 1241 4059 jam
1298 4005 1405 4044 non
1468 3989 1726 4058 furatur,
1784 3993 1875 4045 sed

281 4082 502 4139 laboret
537 4083 806 4148 manibus,
844 4083 984 4136 unde
1018 4081 1212 4135 tribuet
1258 4091 1310 4136 ct
1360 4083 1614 4152 indigenti
1651 4080 1872 4153 (Ep/tes.

282 4192 367 4244 tv,
403 4174 525 4245 18).
575 4173 701 4229 Ideo
728 4174 865 4229 liqu
906 4174 1095 4230 decem
1128 4173 1329 4229 talenta
1360 4189 1377 4229 ι
1427 4177 1531 4229 duo
1563 4177 1785 4243 taleu'a,
1823 4175 1878 4229 id

278 4280 395 4335 est,
459 4268 764 4323 intellectus
807 4278 864 4323 et
894 4267 1176 4337 Operatio;
1233 4266 1326 4336 qui
1392 4266 1558 4322 habet
1613 4269 1762 4337 haec,
1825 4279 1881 4324 ct

279 4362 516 4435 implet,
535 4361 822 4432 exemplis,
844 4370 898 4417 et
921 4361 1099 4417 verbis
1111 4360 1297 4426 docet,
1315 4366 1490 4415 διιέναι
1507 4363 1877 4431 sctitetipsum,

1974 3245 2219 3299 extendit.
2245 3246 2477 3315 palmam
2508 3246 2561 3299 in
2588 3246 2788 3317 lignum
2814 3247 2955 3313 vitae,
2995 3249 3067 3304 ita
3095 3249 3333 3307 etludaei
3359 3265 3552 3308 cxten-

1975 3335 2174 3390 derunt
2228 3336 2437 3405 palmas
2497 3340 2550 3393 in
2586 3339 2855 3395 Christo:
2904 3340 3136 3409 proinde
3192 3353 3247 3399 et
3303 3342 3553 3400 Christus

1974 3429 2217 3484 extendit
2240 3429 2475 3498 palmam
2510 3431 2563 3486 in
2614 3432 2820 3501 lignum
2865 3438 3013 3499 vitae,
3072 3434 3143 3489 ita
3170 3445 3225 3489 et
3253 3433 3423 3491 Judaei
3459 3454 3555 3493 es-

1977 3519 2267 3574 tenderuut
2300 3522 2510 3589 palmas
2542 3521 2599 3576 in
2638 3524 2786 3590 ligno
2823 3526 3022 3588 crucis,
3053 3535 3110 3579 ut
3153 3542 3253 3583 tios
3309 3528 3381 3582 ab
3404 3545 3475 3583 on
3500 3535 3551 3584 ni

1976 3610 2198 3664 stimulo
2226 3610 2506 3667 liberaret.
2557 3613 2661 3668 Per
2710 3624 2931 3669 cantum
2960 3618 3085 3682 galli
3146 3623 3387 3676 ostendit
3421 3625 3556 3677 relc-

1977 3701 2213 3754 ctiouem
2246 3701 2484 3770 Spiritus
2517 3707 2697 3759 sancti
2732 3722 2749 3760 :
2783 3708 2983 3761 uinctus
3008 3708 3227 3778 ductus,
3249 3721 3309 3765 ut
3340 3714 3555 3771 vincula

1977 3804 2328 3860 peccatorum
2360 3802 2676 3848 n0strorum
2708 3803 2967 3853 solveret.

2049 3882 2203 3953 tCap.
2228 3882 2323 3937 XX
2336 3883 2683 3943 ιιι-γενέ.
2720 3890 2756 3945 6
2784 3893 2965 3963 seqq.)
2993 3895 3237 3953 Corbona
3272 3900 3552 3970 Hebraice,

1978 3976 2364 4046 εειιι-»ριιγιιιείίι
2437 3977 2647 4046 Graece,
2695 3979 2887 4037 Latine
2938 3987 3255 4044 divitiarum
3306 3996 3554 4050 custodia

1980 4068 2195 4122 dicitur.
2223 4068 2324 4123 Per
2341 4070 2655 4126 emisionem
2681 4076 2963 4143 sanguinis
2985 4077 3188 4136 Christi
3212 4086 3552 4154 redemptum

1981 4169 2070 4214 est
2125 4160 2427 4217 humanum
2486 4180 2663 4243 genus
2714 4182 2731 4220 ε
2781 4183 2878 4237 per
2936 4174 3173 4237 pretium
3224 4179 3507 4247 sanguinis
3537 4221 3558 4249 ,

1980 4265 2196 4323 emptus
2255 4268 2340 4309 εει
2395 4272 2525 4325 ager
2578 4262 2654 4312 od
2725 4262 3062 4330 sepulturam
3122 4272 3556 4336 peregrinorum-

1982 4346 2165 4417 Hyrus
2187 4345 2473 4416 Pompeius
2504 4353 2620 4404 eet’
2643 4350 2920 4410 Barabbas
2948 4357 3145 4414 ductus
3174 4363 3226 4415 iu
3255 4366 3560 4435 desertum,

277 4466 342 4512 et
372 4456 524 4511 alios
553 4455 795 4510 instruit.
830 4453 957 4510 Ideo
1003 4456 1311 4524 geminatur
1360 4453 1619 4510 talentum
1660 4469 1675 4509 :
1709 4472 1868 4511 unum

1987 4442 2037 4493 id
2095 4448 2181 4494 est
2242 4439 2296 4493 in
2358 4440 2628 4496 infernum
2668 4445 2852 4500 :alter
2915 4446 3259 4521 immolatus,
3315 4455 3370 4509 id
3434 4468 3557 4524 est,

279 4548 543 4603 ostendit
584 4548 942 4602 intellectum.
991 4547 1283 4601 Abscondil
1329 4549 1385 4601 in
1430 4559 1594 4613 terra,
1652 4549 1707 4602 id
1770 4560 1876 4613 est,

280 4641 390 4712 qui
456 4638 902 4708 praedicationem
971 4635 1253 4705 Evangelii
1284 4650 1386 4704 pro
1444 4637 1677 4691 terrenis
1718 4638 1881 4689 rebus

282 4739 459 4788 doiet
494 4750 511 4787 :
558 4729 683 4784 Post
728 4728 927 4784 cultum
971 4744 1086 4783 vero
1118 4728 1388 4797 temporis,
1435 4727 1492 4783 id
1517 4736 1623 4791 est,
1686 4731 1739 4782 in
1775 4728 1882 4782 line

280 4825 519 4878 mundi.
555 4822 702 4875 Hetit
734 4820 819 4873 ubi
854 4836 954 4875 non
984 4821 1280 4888 seminavit,
1307 4820 1360 4873 id
1391 4828 1496 4885 est,
1533 4819 1620 4874 ubi
1645 4820 1883 4875 nonfuit

286 4917 665 4987 przcdtcatio:
705 4913 898 4967 Tollite
944 4914 1226 4978 talentum,
1279 4912 1339 4967 id
1364 4922 1450 4967 est
1494 4912 1831 4967 intellectum
1865 4928 1879 4964 :

280 5015 427 5064 date
473 5008 526 5062 ei
575 5009 665 5076 qui
704 5009 1002 5077 geminavit
1061 5010 1115 5061 in
1165 5012 1307 5061 bono
1367 5020 1555 5074 opere.
1628 5006 1882 5074 Quinque

278 5116 529 5163 sensus,
562 5101 704 5157 sicut
723 5102 799 5155 ait
825 5100 1139 5171 Apostolus,
1193 5099 1319 5166 Ipsi:
1357 5098 1458 5151 sibi
1481 5108 1605 5152 sunt
1666 5097 1753 5153 lea:
1789 5100 1883 5169 qui

278 5196 589 5251 ostendunt
621 5210 752 5263 opus
778 5193 908 5263 legis
929 5194 983 5247 in
1013 5193 1259 5247 cordibus
1298 5193 1412 5245 suis
1447 5192 1629 5259 (Rom.
1664 5206 1725 5257 tt,
1762 5192 1876 5261 15).

279 5287 405 5354 Qui
448 5284 615 5339 habet
644 5286 801 5339 tidem
838 5294 893 5338 et
930 5283 1280 5343 charitatem,
1342 5282 1564 5362 dabitur
1594 5283 1643 5337 ei
1673 5284 1783 5337 iuze
1808 5291 1884 5336 tc-

278 5391 451 5443 ctus,
487 5387 542 5432 et
572 5379 819 5448 operatio
849 5376 1109 5431 virtutum
1138 5391 1155 5428 :
1189 5374 1295 5440 Qui
1332 5390 1435 5428 non
1468 5374 1622 5427 liabet
1644 5414 1661 5437 ,
1709 5390 1881 5443 ipsum

278 5476 445 5544 quod
475 5469 632 5524 habet
652 5468 927 5538 auferetur
954 5471 1017 5521 ab
1036 5484 1120 5533 co,
1149 5469 1203 5521 id
1225 5451 1339 5530 est,
1373 5470 1469 5538 qui
1504 5470 1663 5523 habet
1696 5470 1878 5532 udum,

374 5609 398 5641 ⁸
436 5607 633 5661 Deerat
662 5607 889 5661 verbum
930 5607 1131 5673 Ittrdos,
1179 5606 1272 5659 sed
1302 5615 1356 5659 et
1394 5607 1498 5659 alia
1530 5606 1762 5659 infer-ns.
1816 5624 1880 5660 u-

276 5681 668 5743 tercidcrunt,
697 5693 817 5746 qua:
844 5686 1187 5747 supplentur.
1216 5680 1425 5730 [uetera
1459 5692 1579 5743 ιιυιιι
1609 5687 1723 5728 toto
1753 5694 1885 5730 t'tttt-

281 5760 462 5809 textu
495 5752 877 5816 esttettdantut‘,
932 5753 1245 5802 adnotanda
1293 5765 1388 5816 per
1419 5750 1661 5816 singulos
1713 5756 1883 5802 tenue

1982 4534 2232 4589 Christus
2256 4550 2353 4604 pro
2384 4546 2604 4604 peccatu
2625 4536 2927 4594 hominum.
2951 4541 3228 4599 Et'terunt
3257 4546 3559 4618 Christum,

1982 4626 2035 4682 id
2070 4638 2177 4689 cst,
2208 4628 2597 4696 exspoliatnm,
2648 4646 2676 4683 a
2725 4631 2835 4686 lide
2863 4633 3197 4692 .lodazorutn.
3260 4638 3563 4698 Induat-unt

1981 4721 2267 4793 chlauiyde
2304 4725 2583 4787 coccineo,
2618 4725 2670 4778 id
2723 4740 2828 4793 est,
2870 4731 3147 4786 (.‘hristum
3179 4735 3237 4788 in
3280 4748 3430 4792 ιιιιιιιι
3457 4739 3565 4793 (Le

1984 4816 2224 4884 gentium
2255 4828 2275 4880 ;
2307 4815 2465 4868 aliter
2498 4829 2592 4883 per
2608 4824 2920 4873 coccineum
2950 4824 3291 4894 chlamydem
3320 4830 3561 4881 ostendit

1982 4907 2300 4962 eiinsionetu
2373 4909 2657 4977 sanguinis
2752 4911 2968 4979 ipsius,
3029 4917 3146 4970 sive
3211 4922 3559 5001 luat-tyrjum.

1988 4998 2267 5052 Exucrunt
2328 5016 2449 5054 eum
2482 5001 2781 5070 chlamyde,
2834 5015 2884 5057 et
2916 5007 3199 5063 induerunt
3238 5026 3357 5065 eum
3406 4998 3565 5067 cesti.

1987 5096 2173 5146 utentis
2205 5097 2341 5157 suis,
2372 5096 2614 5148 osteudt
2665 5100 2716 5150 iu
2757 5096 2866 5151 line
2898 5098 3085 5153 mundi
3141 5106 3559 5161 conversionem

1982 5182 2324 5239 Judatorum.

2060 5279 2240 5345 (Ven.
2259 5280 2377 5351 35.)
2410 5280 2606 5337 Milites
2636 5283 2741 5338 sibi
2771 5286 3058 5340 diviserunt
3080 5288 3390 5345 vestimenta
3411 5290 3559 5359 ejus:

1992 5373 2214 5439 ligarant
2269 5382 2414 5429 tenet
2469 5374 2764 5444 Evangelii,
2827 5380 2917 5446 qui
2955 5379 3259 5437 diviserunt
3306 5382 3448 5437 inter
3504 5400 3567 5437 se

1988 5465 2294 5521 d.v-.trinam
2359 5466 2585 5523 Christi.
2648 5468 2751 5522 Per
2802 5470 3121 5527 ,σείιδὶοιιειιι
3179 5475 3285 5530 veli
3328 5477 3567 5532 ostendit

1990 5622 2183 5663 versus
2211 5618 2420 5664 event.

2063 5682 2083 5725 ³9
2115 5680 2222 5733 Nec
2251 5681 2367 5734 srio
2404 5682 2529 5752 quid
2556 5681 2739 5738 isthuc
2765 5680 2842 5737 rei
2876 5678 2969 5747 sit,
3004 5690 3101 5732 nec
3144 5677 3278 5733 libet
3322 5677 3574 5737 ariolari.
