3934 6188
435 323 506 386 .79
1361 312 1424 371 S.
1465 302 1908 369 IllERONYMl
1944 301 2259 361 OI‘ERUM
2302 296 2702 361 MANTISSA.
3502 292 3593 357 ῐὸῡ

400 431 720 489 scissionem
771 427 923 498 regni
975 424 1311 480 indecorum.
1369 417 1489 473 Alio
1538 417 1740 479 modo,
1802 413 1973 468 celum
2002 424 2046 480 Α
2080 421 2246 470 sunt;
2297 411 2496 469 nubes,
2550 407 2870 474 prophetae;
2906 400 3107 473 pluria,
3162 398 3451 469 praedicatio
3498 412 3591 457 est.

401 524 620 579 scissum
647 531 746 587 est,
807 517 1041 573 ostendit
1082 515 1403 570 scissionem
1443 511 1600 579 Legis
1651 510 1845 562 litterze
1881 520 1975 575 per
2082 506 2320 558 Lucerna
2377 501 2472 554 sub
2535 497 2731 559 modio,
2792 497 2845 549 id
2906 505 3022 557 est,
3076 491 3169 562 qui
3203 506 3295 561 pro
3336 492 3605 560 cupiditate

404 614 789 669 revelationem
823 608 1059 678 Spiritus
1103 606 1301 671 sancti,
1331 603 1417 657 vel
1449 616 1548 671 per
1593 598 1973 653 ascensionem
2096 593 2276 649 emendi
2313 593 2469 645 docet
2504 606 2519 645 :
2548 590 2648 642 sub
2693 589 2855 650 lecto,
2887 585 2939 639 id
2975 593 3082 647 cst,
3112 583 3425 635 obscuritate
3452 584 3604 636 delin-

404 704 608 759 Christi
634 701 790 757 Svissi
814 708 938 753 sunt
970 697 1095 752 caeli
1127 697 1364 750 humano
1388 693 1595 763 generi.
1624 689 1788 744 Terra
1812 695 1976 751 mota,
2080 687 2384 757 quentium.
2420 683 2542 737 Non
2579 692 2654 736 est
2694 679 3086 742 absconditum,
3112 677 3247 745 quod
3274 691 3371 727 non
3415 676 3615 742 monile-

404 793 639 850 ostendit
666 792 895 862 gratiam
942 791 1062 855 Dei,
1100 798 1373 845 commota
1402 762 1485 840 de
1514 782 1719 839 Iudicis
1754 781 1821 834 ad
1851 795 1979 848 gcn-
2082 787 2292 839 stetur;
2341 773 2554 828 occulta
2598 772 2714 837 lege
2761 767 3096 827 Iudaeorum,
3172 777 3291 832 qua:
3312 762 3616 816 manifestata

408 897 520 952 tes;
562 897 722 956 petra:
771 885 973 948 scissw,
1013 883 1115 937 hoc
1143 891 1269 935 sunt
1318 879 1479 933 corda
1518 876 1763 946 gentium
1811 873 1980 927 scissa
2082 881 2164 924 est
2199 867 2472 937 gentibus.
2506 862 2682 916 llomo
2716 861 2806 931 qui
2845 858 3154 917 seminavit,
3190 853 3421 907 ostendit
3448 854 3620 907 docto-

412 979 478 1033 ad
536 978 729 1043 ﬁdem;
769 984 1107 1029 monumenta
1156 981 1363 1044 aperta,
1417 969 1472 1041 id
1516 977 1632 1034 est,
1687 964 1850 1019 corda
1917 962 1982 1016 ad

326 1116 331 1121 .
414 1070 596 1123 ﬁdem.

396 1182 403 1189 ·
485 1162 658 1232 (Vers.
696 1160 763 1215 60
793 1158 971 1231 seqq.)
1007 1132 1436 1217 Monumentum,
1480 1154 1534 1207 id
1556 1144 1682 1216 'est,
1740 1145 1986 1201 Ecclesia

415 1269 477 1308 ex
509 1254 804 1323 gentibus:
847 1267 1059 1317 not-um,
1105 1247 1366 1313 ostendit,
1400 1245 1528 1315 quia
1567 1258 1671 1297 non
1722 1240 1821 1294 fuit
1866 1246 1990 1289 ante

417 1344 763 1411 prtedicatum
798 1344 1018 1396 verbum
1070 1340 1163 1394 Dei
1208 1340 1496 1409 gentibus;
1531 1336 1765 1389 excisum
1802 1334 1991 1383 monti-

421 1446 647 1490 antttnt
698 1438 751 1489 in
786 1444 959 1501 petra,
1017 1430 1254 1486 ostendit
1300 1427 1602 1483 Ecclesium
1654 1422 1882 1476 scissam
1927 1421 1991 1472 de

422 1532 618 1599 puritia
681 1526 1035 1595 gentilitatis;
1094 1520 1321 1589 lapidem
1388 1516 1624 1570 volutum
1689 1515 1758 1566 ad
1802 1511 1992 1565 ostium

424 1619 767 1679 monumenti,
797 1616 1041 1670 ostendit
1071 1613 1325 1667 duritiam
1357 1610 1411 1663 in
1460 1610 1626 1663 corda
1663 1604 1991 1660 Iudaeorum

508 1735 661 1804 (Cap.
694 1732 927 1789 XXVIII.
947 1729 1175 1785 φονεῖς.
1211 1725 1286 1798 i.)
1321 1723 1508 1793 Vesper
1530 1719 1750 1776 Sabbati
1777 1735 1797 1773 :
1820 1716 1873 1772 id
1892 1728 1987 1781 ρει,

429 1827 535 1880 ﬁne
558 1825 781 1889 mundi;
832 1824 1001 1890 prima
1055 1818 1284 1883 sabbati,
1328 1814 1565 1870 ostendit
1617 1810 1761 1865 diem
1813 1820 2000 1859 resur-

429 1917 722 1981 rectionis;
786 1912 1018 1968 revoluto
1083 1908 1299 1978 lapide,
1356 1903 1628 1974 signiﬁcat
1698 1898 2004 1955 revolutam

429 2006 681 2061 duritiam
746 2002 1055 2058 Judteornm
1121 2001 1176 2054 in
1228 1997 1514 2058 futurum;
1583 2007 1678 2063 per
1743 1989 2004 2058 fulgorem

433 2097 788 2153 ostenditteri
803 2109 950 2149 orem
981 2109 998 2149 :
1030 2107 1125 2163 per
1139 2089 1430 2144 candorem
1449 2081 1755 2140 vestimenti
1776 2078 1965 2135 ostenti
1991 2085 2009 2129 t

431 2189 860 2243 consolationem
892 2182 1315 2239 recorrcctionis
1335 2197 1354 2245 ;
1376 2180 1425 2231 in
1443 2174 1701 2238 Galilwa,
1728 2172 1784 2225 in
1814 2179 2007 2234 monte,

435 2282 673 2336 ostendit
702 2280 768 2335 de
803 2274 1045 2349 populo}
1059 2276 1342 2330 uda-orum
1378 2271 1448 2325 ad
1465 2281 1672 2340 gentes.

547 2464 614 2519 IN
654 2456 1101 2517 EVANGELIUM
1150 2450 1527 2511 SECUNDUM
1568 2446 1883 2504 MARCUM.

520 2609 723 2685 (Cap.l
757 2616 813 2663 et
838 2605 932 2677 ll.)
965 2604 1184 2660 Initium
1213 2599 1483 2669 Evangelii
1518 2595 1646 2650 Iesu
1664 2595 1862 2651 Christi
1896 2591 2018 2647 Filii

445 2701 566 2767 Dei,
595 2699 736 2770 quod
770 2698 899 2753 dicit
946 2695 1071 2751 Filii
1114 2694 1231 2757 Dei,
1277 2692 1516 2747 ostendit
1554 2686 1892 2741 nativitatem
1924 2696 2017 2737 se-

443 2791 684 2847 cundum
714 2786 1056 2844 divinitatem
1102 2800 1118 2841 :
1147 2784 1443 2840 secnmlum
1495 2789 1718 2833 carnem
1751 2772 2014 2836 ostendit,

450 2884 577 2937 dum
611 2883 743 2936 dicit
785 2879 967 2943 Iesus,
1001 2877 1140 2932 Ecce
1189 2878 1357 2935 mitto,
1400 2871 1454 2926 id
1503 2878 1608 2935 est,
1641 2883 1746 2924 vox
1789 2864 1967 2919 Patris
1997 2876 2016 2915 :

451 2972 706 3044 Angelum
730 2985 924 3033 meum,
943 2969 996 3023 id
1025 2976 1131 3031 est,
1147 2964 1413 3019 Joannem
1443 2977 1458 3016 :
1484 2967 1607 3013 ante
1631 2957 1821 3026 faciem
1846 2965 2015 3016 tuam,

448 3064 500 3117 id
536 3070 641 3127 est,
670 3061 1070 3115 Praecursorem
1109 3054 1338 3119 Christi,
1372 3049 1624 3107 netitiam
1657 3048 1775 3117 ejus
1813 3045 2016 3099 facien-

447 3166 578 3211 tem.
619 3155 733 3209 Vox
791 3152 1018 3209 Joannis
1060 3161 1147 3206 est
1193 3128 1458 3211 clamans,
1513 3144 1766 3200 Christus
1794 3147 1902 3195 est.
1951 3138 2013 3193 In

448 3245 674 3313 deserto,
714 3245 992 3316 signiﬁcat
1041 3241 1280 3304 Jndwos,
1325 3254 1354 3291 a
1390 3240 1524 3307 lege,
1578 3249 1608 3288 a
1672 3246 1860 3304 regno,
1888 3239 1943 3286 et
1988 3247 2015 3284 a

448 3338 763 3394 sacerdotio
790 3336 1113 3392 derelictos:
1148 3343 1331 3403 parate
1360 3334 1518 3395 uiam,
1578 3328 1630 3382 id
1669 3335 1788 3391 est,
1833 3325 2017 3386 corda,

453 3429 571 3484 sive
594 3443 758 3497 opera
781 3442 798 3490 ;
833 3434 1001 3480 rectas
1024 3425 1187 3496 facite
1219 3423 1335 3493 ejus
1359 3423 1601 3484 semitas,
1634 3417 1685 3472 id
1707 3426 1794 3470 est
1819 3415 2024 3482 cogita-

454 3531 476 3572 t
500 3534 631 3573 ones
652 3517 834 3573 cordis
867 3517 1057 3571 vestri.
1091 3513 1195 3568 Per
1222 3513 1550 3582 baptismum
1582 3521 1757 3574 aquae,
1785 3504 2023 3559 ostendit

453 3612 788 3665 ablutionem
841 3607 1090 3676 corporis
1136 3616 1190 3659 ct
1212 3608 1428 3658 «anitum
1451 3619 1483 3658 ε.
1500 3601 1825 3668 baptismum
1851 3595 2021 3665 pinni-

455 3701 659 3766 tentia,
690 3699 943 3754 remissio
977 3706 1062 3752 est
1106 3704 1476 3765 peccatorum.
1518 3690 1669 3744 Venit
1706 3690 1760 3741 in
1807 3690 2021 3740 domum

456 3793 691 3848 Simonis
721 3790 964 3851 Andreae,
1001 3789 1053 3842 id
1085 3796 1190 3851 est,
1234 3787 1298 3838 ad
1325 3784 1575 3849 Iudaeos;
1612 3782 1845 3837 diluculo
1872 3780 2025 3834 valde

455 3899 703 3953 surgens,
771 3880 1014 3937 ostendit
1073 3880 1365 3932 adventum
1421 3874 1651 3939 Christi,
1696 3881 1750 3927 et
1798 3858 2023 3926 initium

455 3976 584 4030 novi
622 3972 999 4036 Tesmmenti;
1051 3968 1189 4021 Abiit
1234 3968 1286 4021 in
1316 3966 1581 4018 desertum
1615 3963 1809 4027 locum,
1842 3963 1892 4014 id
1920 3970 2024 4026 est,

455 4065 803 4131 adJudteos;
850 4065 1025 4133 ibique
1072 4060 1288 4122 orabat,
1325 4059 1375 4109 td
1426 4065 1518 4110 est
1554 4055 1626 4109 ibi
1674 4054 2025 4123 prmdicabat.

534 4177 656 4232 Non
707 4184 878 4245 posset
939 4175 995 4226 in
1046 4172 1308 4225 civitatem
1365 4168 1605 4222 introire.
1643 4164 1754 4219 Iloc
1806 4172 2029 4233 propter

458 4271 827 4340 frequentiam
888 4268 1129 4335 populi;
1197 4276 1293 4332 per
1359 4260 1713 4330 paralyticum
1783 4257 2028 4310 Ostendit

461 4371 756 4418 humanum
809 4372 1022 4429 genus:
1060 4370 1158 4425 per
1198 4356 1418 4418 lectum,
1457 4367 1677 4422 corpus.
1724 4351 1767 4403 Δ
1795 4359 2032 4419 quatuor

2085 974 2201 1013 rem
2238 974 2253 1011 :
2283 956 2427 1026 quod
2454 953 2768 1015 scm‘navit,
2804 950 2861 1004 id
2890 961 2995 1012 est,
3028 946 3247 1001 verbum
3282 944 3545 1007 divitum;
3577 945 3623 997 in

2086 1062 2256 1114 terra,
2300 1050 2353 1101 in
2403 1047 2571 1100 corde
2623 1043 2952 1106 hominum;
3007 1035 3391 1113 dormientem,
3442 1035 3493 1087 id
3535 1043 3626 1099 et,

2092 1142 2428 1195 nescientem
2456 1152 2471 1203 ;
2500 1149 2598 1206 per
2632 1142 2871 1195 noctem,
2906 1128 3313 1185 adversitstem,
3343 1125 3453 1179 sive
3494 1124 3629 1193 igno-

2093 1233 2330 1287 rantiam
2374 1226 2655 1290 Ostendit;
2695 1240 2793 1289 per
2834 1226 2977 1277 diem
3032 1234 3164 1273 vero
3222 1218 3630 1286 prosperitatum,

2091 1325 2209 1381 sive
2267 1320 2552 1377 scientiam
2599 1316 2884 1381 ostendit;
2945 1326 3038 1381 per
3084 1324 3336 1379 germen,
3388 1321 3635 1375 compun-

2092 1413 2331 1470 ctionem
2363 1410 2543 1465 cordis
2575 1424 2590 1476 ;
2621 1422 2720 1478 per
2774 1405 3020 1468 herbam,
3068 1400 3231 1455 ﬁdem
3280 1413 3495 1467 epirum
3514 1413 3529 1463 ;
3558 1410 3640 1465 per

2097 1498 2774 1576 spicam,pe'tiectionem
2832 1494 3214 1565 operationis:
3275 1494 3489 1559 plenum
3544 1486 3646 1540 fru-

2098 1607 2244 1650 ctum
2281 1592 2335 1646 in
2357 1590 2529 1662 spica,
2559 1587 2796 1642 ostendit
2830 1583 3366 1641 consummationem
3394 1591 3601 1646 operum
3629 1592 3644 1629 :

2104 1703 2199 1759 per
2228 1686 2445 1752 falcem,
2471 1682 2771 1752 amputatio
2806 1677 3093 1750 praesentis
3120 1674 3250 1730 vita:
3312 1682 3365 1727 et
3402 1684 3648 1725 consum-

2034 1795 2078 1854 β
2111 1780 2275 1834 matio
2302 1778 2508 1833 saeculi.

2190 1916 2348 1987 (Cap.
2389 1912 2504 1985 IV.)
2546 1913 2833 1969 Dintittens
2861 1911 3068 1967 turbam
3105 1908 3440 1970 Judworum,
3468 1898 3586 1956 abiit
3609 1901 3655 1954 in

2110 2026 2316 2075 nauem,
2366 2010 2420 2063 id
2479 2018 2586 2073 est,
2619 2009 2677 2062 in
2739 2008 3040 2062 Ecclesium
3098 2020 3165 2057 ex
3234 2000 3507 2072 gintibus.
3544 1996 3661 2048 Alite

2110 2118 2280 2159 naves
2331 2111 2650 2157 erantcum
2705 2102 2824 2167 illo,
2897 2101 2950 2153 id
2998 2108 3106 2161 est,
3152 2095 3391 2151 diversa:
3432 2089 3662 2143 Ecclesia:

2113 2195 2489 2252 haereticorum
2541 2211 2561 2253 :
2620 2210 2719 2266 per
2748 2194 3035 2263 procellam
3079 2188 3256 2253 venti,
3284 2182 3522 2241 ostendit
3553 2193 3663 2250 per-

2112 2290 2424 2346 secutiones
2477 2298 2669 2346 contra
2730 2286 2973 2351 ﬁdeles;
3031 2283 3236 2337 ﬂuctus
3301 2275 3565 2335 mittebat,
3616 2276 3669 2323 ut

2116 2381 2437 2451 impleretur
2492 2381 2684 2445 navis,
2740 2377 2983 2435 ostendit
3037 2371 3475 2444 persecutionem
3529 2361 3667 2417 Anti-

2117 2474 2334 2541 christi,
2368 2489 2472 2528 seu
2517 2472 2898 2535 mitissimam,
2930 2478 2989 2523 ut
3018 2481 3195 2538 prope
3249 2464 3321 2520 ad
3352 2462 3670 2532 negationem

2121 2567 2337 2621 veniant
2366 2564 2519 2620 multi
2554 2580 2570 2619 :
2605 2563 2787 2618 dilecti
2840 2578 2874 2613 a
2915 2562 3041 2626 Deo,
3074 2563 3439 2628 perseverant
3479 2553 3531 2606 in
3560 2550 3670 2604 ﬁde.

2123 2658 2370 2712 Dormire
2399 2656 2679 2712 Christum
2706 2656 2761 2710 in
2796 2652 3281 2725 puppe,.ostcndit
3313 2648 3671 2725 probationem

2123 2750 2361 2805 ﬁdelium
2418 2749 2474 2803 in
2532 2716 2932 2818 persecuti-one:
2982 2716 3241 2797 Excitat“
3301 2716 3529 2803 enimid
3583 2742 3676 2791 est.

2121 2843 2376 2897 invocant
2413 2856 2537 2897 eum
2573 2842 2627 2895 in
2661 2841 3062 2909 persecutione,
3097 2837 3153 2890 in
3184 2831 3524 2904 adiutorium
3566 2824 3680 2881 sibi.

2123 2932 2296 2988 Facta
2337 2944 2411 2988 est
2456 2931 2821 3002 tranquillitas
2872 2945 3085 2999 magna.
3115 2928 3171 2982 id
3211 2936 3325 2990 est,
3360 2930 3484 2993 post
3520 2932 3681 2987 ρει-δε-

2121 3031 2392 3082 cntionem
2419 3024 2828 3088 Antichristi,et
2857 3033 2977 3094 post
3006 3019 3505 3075 resurrecdoaem.
3531 3010 3686 3065 lieno

2050 3130 2082 3179 l‘
2123 3121 2331 3175 habens
2371 3119 2623 3186 spiritum
2663 3118 3029 3178 immundum,
3081 3112 3370 3181 signiﬁcat
3409 3107 3684 3162 humanum

2124 3228 2340 3282 genus;
2377 3222 2594 3263 catenas
2641 3211 3005 3276 disrumpens,
3048 3205 3307 3262 ostendit
3353 3209 3540 3273 gentes
3571 3212 3692 3267 pra:-

2129 3306 2431 3358 γυιάς-..λικε
2490 3303 2664 3372 legem
2736 3311 2945 3355 natura:
3002 3313 3168 3355 suae:
3231 3296 3358 3351 sive
3410 3291 3691 3347 doctrinam

2126 3395 2601 3465 pltilosotihorum.
2625 3394 2715 3449 Sic
2743 3403 2796 3449 et
2819 3392 2992 3448 Judaei
3024 3393 3454 3460 disruutpetttes
3482 3385 3694 3439 Limam

2127 3489 2179 3543 L'
2204 3489 2307 3555 gis,
2328 3503 2438 3543 s;ve
2471 3489 2835 3558 prophetiam.
2875 3484 3115 3542 Concidit
3154 3484 3460 3552 lapidibus,
3483 3474 3697 3534 ostendit

2127 3584 2386 3650 populum
2421 3581 2664 3649 gentium
2694 3579 3015 3633 adorantem
3048 3575 3297 3645 lapides.

2199 3713 2346 3784 (Cap.
2387 3712 2474 3782 ν.)
2508 3712 2677 3767 Homo
2704 3715 2920 3779 sedens,
2952 3713 3188 3767 vestitus
3239 3710 3313 3764 ad
3371 3708 3536 3763 ﬁdem
3566 3704 3698 3762 Jesd.

2127 3808 2358 3861 ostendit
2390 3807 2641 3860 vestitum
2678 3806 2780 3860 ﬁde
2832 3817 2884 3859 et
2911 3805 3183 3858 charitate
3214 3822 3231 3869 ;
3264 3818 3406 3857 sana
3434 3808 3628 3863 mente,
3660 3799 3733 3848 id-

2129 3908 2233 3964 est,
2268 3914 2398 3969 pura
2437 3909 2600 3967 atque
2626 3898 2835 3950 sincera
2871 3906 3075 3952 mente.
3109 3893 3705 3965 Erogareratsubstan-

2134 3991 2265 4044 tiam
2300 4005 2452 4042 suam
2486 3989 2541 4041 in
2573 3988 2809 4050 medicis,
2844 3989 2894 4040 id
2932 3994 3036 4049 est,
3074 3987 3206 4053 quia
3247 3995 3429 4039 totam
3458 3983 3634 4045 ﬁdem,
3663 3988 3710 4031 et

2131 4082 2607 4136 conversatiooem
2659 4088 2712 4131 et
2761 4092 2910 4146 spem
2964 4092 3115 4130 suam
3150 4077 3207 4129 itt
3246 4073 3599 4145 philositphis
3625 4084 3709 4138 pur

2129 4183 2333 4229 suerat.
2384 4171 2529 4225 Misit
2572 4171 2741 4236 binos,
2783 4172 3020 4223 ostendit
3065 4168 3175 4225 duo
3226 4167 3613 4224 Testamenta,
3660 4168 3712 4212 ut

2132 4264 2320 4318 eadem
2350 4262 2548 4331 ubique
2578 4277 2688 4331 prce
2707 4263 2887 4315 dicent
2912 4278 2926 4315 :
2956 4260 3212 4314 similiter
3244 4269 3305 4312 et
3342 4260 3475 4329 quia
3500 4253 3717 4311 charitss

2132 4354 2189 4407 in
2224 4352 2404 4405 minus
2430 4351 2641 4405 duobus
2676 4365 2782 4403 non
2806 4350 3071 4405 consistit.
3104 4350 3212 4403 Per
3254 4350 3503 4417 virgam,
3535 4356 3715 4399 conso-

462 4454 799 4527 portabatur.
840 4453 945 4506 hoc
985 4460 1114 4504 sunt
1159 4457 1396 4517 quatuor
1451 4446 1720 4502 elementa
1759 4457 1857 4513 per
1907 4457 2029 4510 quae
2060 4474 2105 4527 υ
2139 4444 2390 4498 lationem
2417 4444 2536 4497 sive
2566 4442 2914 4510 disciplinam
2964 4440 3239 4504 ostendit,
3276 4447 3342 4492 ut
3372 4436 3579 4492 Paulus
3608 4433 3674 4485 sit
3708 4445 3721 4483 :

458 4555 678 4604 constat
712 4545 896 4609 homo,
930 4551 1025 4597 aut
1068 4548 1305 4610 quatuor
1348 4537 1570 4592 ordines
1600 4532 1902 4604 Evangelii,
1934 4542 2027 4586 aut
2068 4596 2077 4607 κ

458 4651 698 4712 quatuor
726 4638 956 4692 virtutes
986 4624 1202 4696 hniuue,
1243 4632 1295 4686 id
1321 4639 1406 4686 est
1438 4648 1451 4685 :
1481 4627 1765 4694 fortitudo,
1789 4625 2025 4696 justitis,

465 4731 773 4803 prudentia,
806 4741 860 4784 et
902 4725 1281 4797 temperantia.
1312 4722 1602 4778 Fortitudo
1652 4728 1737 4775 est
1790 4733 2033 4790 pugnare

460 4833 654 4881 contra
685 4823 816 4878 vitia
848 4836 865 4875 ι
898 4819 1111 4890 justitia
1168 4826 1253 4873 est
1288 4817 1513 4885 diligere
1570 4813 1738 4868 Deum
1792 4828 1857 4868 ex
1918 4822 2034 4868 toto

462 4919 652 4983 corde,
685 4923 740 4970 et
770 4913 1082 4984 proximum
1117 4911 1258 4964 sicut
1293 4910 1534 4978 seipsum
1571 4924 1585 4961 :
1622 4906 1910 4976 prudentia
1951 4919 2036 4961 est

469 5010 753 5081 providere
785 5005 976 5059 futura
1015 5021 1030 5059 :
1065 5004 1424 5069 temperantia
1481 5008 1567 5052 est
1604 4998 1753 5053 omni
1804 4996 1899 5052 ira:
1939 4997 2039 5050 itu-

467 5115 674 5173 ponere
703 5097 949 5154 modum.
980 5095 1325 5149 Nudaverunt
1380 5100 1598 5155 tectum,
1638 5089 1691 5144 id
1723 5098 1826 5152 est,
1861 5087 2038 5144 histo-

469 5197 604 5249 riam
654 5191 813 5261 Legis
854 5187 1281 5259 patelacientes;
1313 5184 1663 5237 submiseruut
1697 5182 2036 5252 grabbatum,

466 5283 712 5342 ostendit
769 5281 1099 5336 denudatam
1151 5280 1389 5333 litteram
1450 5275 1628 5344 Legis,
1679 5273 2035 5328 manifestum

471 5393 694 5433 sensum
726 5373 1031 5444 Evangelii.

545 5469 706 5541 (ϐαρ.
747 5466 858 5537 lli.)
885 5465 1142 5535 Prtccrpit
1174 5466 1267 5530 eis,
1297 5472 1353 5515 ut
1380 5461 1435 5514 in
1465 5458 1710 5512 navicula
1739 5456 1838 5511 sibi
1864 5455 2046 5510 deser-

478 5562 668 5625 uirent,
707 5562 759 5613 id
801 5568 906 5624 est,
949 5556 1195 5612 Ecclesia
1234 5554 1613 5623 praedicarent.
1673 5548 1921 5603 Ascendit
1988 5548 2046 5601 in

476 5663 728 5716 utentem,
761 5649 1029 5721 signiﬁcat
1075 5650 1455 5705 ascensionem
1486 5644 1605 5714 ejus
1642 5657 1763 5697 cum
1798 5656 1965 5696 carne
1992 5641 2048 5696 in

481 5744 718 5812 cretum;
749 5753 971 5811 tonans,
995 5743 1248 5800 Christus
1273 5752 1390 5810 est;
1416 5740 1508 5793 tibi
1540 5735 1788 5804 tonitrui,
1816 5733 2050 5806 apostoli

2137 4534 2280 4600 Quid
2335 4532 2489 4587 vultis
2551 4533 2604 4585 in
2662 4534 2813 4600 virga
2853 4531 3062 4585 ueniam
3090 4529 3163 4582 ad
3202 4545 3323 4594 ros,
3357 4545 3432 4581 an
3468 4529 3525 4581 in
3553 4523 3728 4593 spiritu

2135 4627 2575 4687 mansuetudinis,
2612 4634 2661 4679 et
2721 4624 3099 4678 consolationis
3148 4623 3206 4692 (l
3272 4622 3411 4676 Cor.
3468 4637 3546 4683 tv,
3605 4614 3730 4683 2i)?

2135 4721 2364 4776 Calciati
2400 4718 2737 4783 sandalibus,
2773 4733 2872 4787 pro
2904 4718 3081 4771 tribus
3120 4717 3349 4780 causis,
3375 4724 3606 4786 propter
3633 4711 3731 4778 εβλ-

2140 4827 2260 4875 nas,
2287 4813 2336 4865 id
2363 4821 2469 4875 est,
2505 4824 2606 4880 pro
2653 4808 2985 4877 obligatione
3030 4805 3393 4873 divitiarum,
3428 4806 3515 4859 vel
3548 4797 3735 4857 sollici-

2140 4905 2327 4960 tudine
2367 4903 2594 4960 saaculi:
2634 4915 2853 4973 propter
2884 4902 3076 4971 frigus,
3102 4901 3156 4955 id
3209 4911 3329 4968 est,
3403 4916 3507 4971 pro
3538 4892 3736 4964 cupidi-

2144 5004 2255 5051 tate
2309 4997 2508 5050 mentis
2552 5004 2645 5049 aut
2708 4994 3075 5049 inﬁdelitate:
3128 5006 3378 5062 propter
3440 4997 3732 5059 serpentes,

2143 5088 2197 5144 id
2225 5096 2331 5153 est,
2362 5098 2581 5158 propter
2622 5089 2925 5143 doctrinam
2957 5087 3388 5141 Inereticorum.
3452 5083 3575 5140 Non
3610 5081 3735 5133 dua-

2143 5180 2238 5233 bus
2272 5181 2490 5245 tunicis,
2547 5181 2599 5234 id
2673 5191 2778 5244 est,
2843 5195 2948 5233 non
2998 5176 3157 5245 dupla
3212 5189 3442 5241 tuente,
3487 5189 3589 5228 nec
3655 5174 3744 5223 titt-

2145 5272 2345 5325 hietate
2390 5271 2536 5323 inter
2607 5270 2765 5323 tidem
2824 5282 2880 5322 et
2932 5266 3363 5332 inﬁdelitatem,
3433 5281 3547 5322 non
3592 5258 3743 5331 dupla

2149 5360 2343 5415 ﬁducia
2372 5362 2425 5415 in
2455 5375 2594 5414 novo
2617 5368 2710 5413 aut
2742 5360 2793 5439 in
2828 5361 3013 5413 veteri.
3043 5359 3157 5413 Non
3185 5360 3355 5413 sicut
3380 5358 3744 5414 simulatores,

2147 5454 2239 5524 qui
2300 5455 2369 5507 ab
2429 5452 2741 5509 hominibus
2775 5451 3001 5525 Iaudem
3049 5459 3372 5520 quierunt;
3406 5463 3506 5521 per
3546 5455 3747 5502 cantant

2149 5562 2314 5618 quam
2372 5560 2479 5600 non
2540 5545 2893 5614 subsequitur
2950 5545 3275 5615 prandium,
3344 5537 3749 5613 consummatio

2157 5639 2368 5709 saeculi,
2403 5640 2546 5708 quod
2612 5638 2863 5693 veniente
2924 5636 3139 5692 Christo
3207 5636 3749 5693 consummationem

2153 5748 2305 5789 suam
2332 5732 2489 5789 vidit.
2518 5722 2638 5786 lant
2663 5733 2922 5802 prwttriit
2944 5732 3098 5797 liora,
3120 5727 3181 5782 id
3212 5740 3333 5798 est,
3363 5732 3552 5786 littera
3580 5724 3743 5795 Logis.
