3934 6188
1586 187 1858 208 Ν’“”“””

263 310 357 376 5:1

1220 321 1626 383 EXPOSITIO
1673 322 1744 382 ιν
1789 321 2159 384 EVANGEL.
2203 320 2553 380 Μιιιαυλι.

3411 314 3517 378 5.9.

264 427 406 483 unde
443 440 538 494 ait,
575 431 760 487 Vetera
787 438 1128 502 transierunt,
1162 449 1208 490 et
1244 455 1359 492 ecce
1381 440 1523 508 facta
1559 448 1680 491 sunt
1714 454 1842 490 noua
1875 453 1916 505 Α
1949 435 2148 489 Christi
2179 435 2456 488 ostendit:
2495 434 2637 504 quod
2681 437 2852 487 turba:
2894 434 3064 503 iugem
3096 449 3121 487 ιι
3160 434 3433 503 prophetis
3461 443 3515 486 ct

262 521 341 590 (II
365 521 492 577 Cor.
529 542 580 588 v,
618 527 729 590 Π).

332 615 488 684 (Cap.
528 614 616 680 Vl,
670 619 804 688 νη.)
844 620 1014 675 Naves
1073 624 1124 674 in
1181 623 1349 676 medio
1404 624 1590 685 maris,
1625 622 1674 675 id
1732 633 1836 684 εει,

263 705 508 761 Ecclesia
536 711 587 763 in
618 711 974 767 ﬂuctuatione
997 715 1206 768 mundi.
1233 713 1392 768 Jesus
1422 714 1570 768 solus
1594 715 1646 766 in
1669 728 1838 777 mare,

263 797 538 866 significat
569 803 718 856 solus
779 814 938 858 natus
973 805 1027 858 in
1070 815 1214 859 terra
1253 807 1370 860 sine
1419 814 1604 869 tactu;
1649 815 1840 858 ventus

265 892 613 955 contrarius,
683 898 922 949 ostendit
967 897 1398 964 persecutionem
1461 897 1658 950 diaboli
1721 905 1840 965 post

210 1053 213 1056 .
267 985 639 1038 ascensionem
669 984 870 1040 Christi
908 988 960 1040 in
1013 990 1308 1055 apostolos.
1346 987 1513 1041 Voluit
1565 989 1839 1054 pra'terire

262 1087 376 1135 eos,
411 1076 652 1129 ostendit
679 1077 743 1130 ad
782 1077 1088 1145 probandos
1119 1095 1236 1133 eos.
1265 1078 1591 1133 Genesarrtlt
1623 1091 1836 1146 portum

261 1175 452 1231 aptum
483 1168 892 1235 interpretatur.
932 1170 1073 1222 Abiit
1103 1171 1156 1221 in
1202 1179 1380 1238 partes
1433 1169 1562 1239 Tyri
1589 1178 1636 1222 et
1667 1168 1839 1238 Sydo-

262 1254 367 1321 nis,
398 1255 451 1308 id
477 1267 581 1325 est,
616 1257 682 1311 ad
711 1266 896 1328 gentes
923 1275 943 1330 ς,
983 1261 1248 1328 ingressus
1279 1263 1330 1314 in
1357 1259 1534 1325 domo,
1569 1261 1619 1314 id
1651 1271 1754 1325 est,
1782 1260 1835 1312 itt

265 1348 556 1401 mundum.

336 1437 617 1494 Neminem
645 1441 803 1495 voluit
840 1445 998 1510 scire,
1025 1445 1268 1499 ostendit
1299 1445 1683 1500 humilitatem.
1717 1445 1837 1498 Non

261 1533 433 1597 potuit
468 1536 656 1596 latere,
684 1534 734 1587 id
765 1545 866 1600 est,
899 1536 1025 1604 quia
1057 1552 1217 1604 opera
1244 1537 1362 1604 ejus
1394 1536 1678 1590 manifesta
1715 1543 1840 1588 sunt

265 1636 505 1688 semper.
543 1621 646 1676 Per
682 1624 963 1679 mulierem
990 1627 1307 1697 intelligitur
1339 1628 1613 1695 primitiva
1656 1625 1840 1679 Eccle-

264 1710 367 1762 sia.
403 1709 646 1764 Procidit
694 1721 813 1767 ante
881 1717 1035 1783 pedes
1091 1715 1244 1780 Jesu,
1269 1717 1496 1786 apostoli
1547 1729 1693 1780 sunt,
1725 1717 1837 1768 sine

263 1802 410 1868 prius
435 1811 682 1857 saturare
731 1805 893 1871 ﬁlios,
923 1806 976 1861 id
1031 1818 1134 1871 est,
1167 1806 1403 1870 iudicas,
1441 1816 1493 1860 ut
1539 1809 1840 1876 percipiant

268 1892 522 1946 mandata
558 1895 694 1962 legis
720 1895 995 1968 Evangelii
1035 1908 1123 1953 :et
1151 1901 1194 1952 si
1226 1899 1443 1967 indigne
1478 1897 1842 1967 jndieaveriut

270 1999 494 2054 regnum
539 1985 657 2050 Dei,
684 1997 814 2041 tunc
849 1989 1121 2055 accipiant
1176 2000 1364 2057 gentes
1421 1989 1574 2041 illud.
1637 1986 1840 2042 Invenit

265 2075 499 2142 puellam
526 2079 793 2146 jacentem
838 2095 995 2147 super
1019 2080 1228 2145 lectum,
1255 2080 1304 2132 id
1343 2090 1448 2146 est,
1478 2082 1678 2133 invenit
1723 2096 1840 2134 eam

269 2171 319 2221 in
355 2167 590 2237 pristino
621 2171 864 2240 corporis
897 2173 982 2226 sui
1018 2172 1056 2228 ¹.
1094 2175 1196 2226 Per
1246 2175 1469 2226 surdum
1505 2185 1559 2226 et
1611 2183 1841 2235 tnutum,

265 2261 501 2315 ostendit
563 2261 862 2315 humanum
925 2265 1370 2334 genuszsttrdus
1425 2275 1542 2317 erat
1589 2264 1680 2333 qui
1734 2279 1840 2316 non

267 2354 522 2406 audiebat
554 2354 808 2407 mandata
864 2355 996 2422 Dei;
1027 2370 1127 2408 nec
1159 2355 1343 2410 dicere
1376 2355 1587 2410 valebat
1634 2364 1838 2419 mutus,

263 2445 386 2510 quia
437 2442 840 2498 confessionem
899 2444 1072 2498 laudis
1107 2446 1334 2499 reddere
1385 2461 1491 2498 non
1519 2445 1750 2508 Valebat,
1788 2454 1844 2500 et

264 2534 666 2589 confessionem
705 2536 825 2590 lidei
869 2552 973 2590 non
1008 2536 1259 2591 habebat.
1301 2535 1490 2590 Educit
1521 2553 1636 2590 eum
1667 2548 1822 2591 extra

265 2627 496 2692 turbam,
529 2629 769 2683 ostendit
791 2637 1058 2683 remotam
1097 2613 1284 2695 vitam,
1304 2630 1428 2699 quia
1458 2631 1508 2682 in
1539 2629 1844 2684 remotione

262 2735 479 2790 semper
510 2722 795 2790 cognoscit
854 2722 1014 2775 homo
1039 2723 1341 2776 etecitatcut
1396 2733 1742 2790 peccatorum
1773 2723 1841 2777 ad

265 2815 550 2881 pristinam
614 2819 1087 2869 conversationem
1167 2816 1323 2869 licita:
1393 2825 1622 2868 natura»
1692 2814 1842 2868 Misit

264 2905 448 2974 digitos
492 2907 545 2958 in
577 2922 736 2959 aures
795 2906 980 2961 cordis
1011 2906 1132 2976 ejus
1166 2921 1180 2961 :
1219 2916 1266 2959 et
1308 2909 1510 2974 aperuit
1539 2923 1595 2960 os
1623 2907 1761 2975 ejus,
1789 2908 1840 2961 iit

263 2997 610 3052 ευιιῐεεεὶοειε
669 2998 812 3050 fidei.
855 2997 1163 3066 Suspiciens
1198 3001 1252 3051 in
1302 3002 1453 3063 caelo,
1487 3004 1728 3054 ostendit
1787 3011 1842 3055 ut.

263 3106 450 3144 euntes
479 3090 671 3143 laudes
704 3089 813 3144 Deo
852 3090 1121 3144 referrent
1152 3106 1167 3144 :
1204 3089 1488 3160 Ingemuit,
1523 3093 1574 3146 id
1610 3101 1711 3156 est,
1741 3107 1839 3161 pro
1867 3113 1911 3171 (ς

270 3181 516 3248 peccatis
554 3181 770 3250 generis
821 3181 1070 3246 humani,
1108 3197 1231 3250 quae
1269 3183 1323 3235 in
1385 3183 1590 3236 mundo
1630 3185 1839 3238 emine-

264 3272 410 3326 bant.
458 3273 652 3338 Aliter,
709 3282 770 3326 ut
828 3273 1133 3340 exemplum
1190 3275 1344 3330 daret
1413 3277 1669 3342 nobis,ut
1713 3294 1836 3332 cum

263 3366 468 3433 sltpplit
481 3365 763 3418 ationibus
799 3381 1054 3434 rogemus
1085 3365 1279 3420 Deutn.

340 3458 501 3528 (Cap.
535 3455 698 3523 Vlll.)
738 3456 838 3509 l’cr
881 3473 1084 3512 caecum
1128 3474 1297 3526 genus
1332 3460 1624 3514 humanum
1659 3473 1838 3516 osten-

263 3549 384 3605 dit:
418 3550 526 3614 Qui
556 3550 896 3601 adduxerunt
932 3566 1050 3602 eum
1111 3552 1178 3602 ad
1213 3550 1416 3614 Iesum,
1458 3554 1697 3606 ostendit
1738 3555 1839 3608 do-

257 3657 468 3700 Ctorcs.
499 3644 838 3713 Apprcltensa
867 3660 1049 3709 manu,
1080 3644 1129 3697 id
1152 3655 1254 3709 est,
1277 3645 1422 3697 dedit
1448 3648 1835 3712 Operatiouem.

257 3734 473 3810 Eduxit,
502 3750 618 3787 eum
643 3743 797 3786 extra
827 3735 1016 3796 vicum,
1052 3736 1294 3787 ostendit
1329 3738 1690 3790 remotionetu.
1712 3753 1840 3791 eon-

258 3828 636 3895 tetnplationis
673 3825 819 3889 vitae,
856 3830 972 3879 sive
1019 3837 1172 3882 extra
1207 3826 1491 3894 pristinam
1542 3843 1836 3881 conversa-

255 3919 492 3972 tionem.
528 3916 802 3986 Exspuens
842 3919 897 3971 in
923 3921 1126 3984 oculos,
1171 3936 1265 3988 per
1295 3932 1537 3988 sputum,
1582 3920 1837 3974 incarna-

254 4010 466 4064 tionem
502 4009 707 4066 Christi
749 4011 1006 4076 ostendit,
1036 4026 1130 4078 per
1163 4025 1325 4079 quam
1371 4011 1705 4065 illuminatus
1751 4022 1836 4068 est

247 4118 432 4172 genus
479 4102 776 4156 humanum
817 4119 832 4158 ;
865 4105 1124 4170 impositis
1159 4105 1426 4168 manibus,
1457 4104 1506 4156 id
1555 4114 1657 4170 est,
1690 4104 1838 4159 dedit

247 4196 587 4262 adjutoriutn
632 4197 992 4264 operationis.

335 4285 502 4340 Video
535 4287 770 4340 homines
813 4304 947 4342 t‘elttt
976 4289 1215 4354 arbores,
1245 4289 1334 4343 hic
1374 4290 1613 4344 oszendit
1646 4306 1834 4344 excin-

247 4380 405 4448 plum
442 4380 793 4448 humilitatis,
819 4392 873 4434 ut
909 4383 1087 4434 nullus
1110 4383 1400 4436 extollatur
1418 4384 1484 4435 de
1511 4384 1833 4447 virtutibus,

1949 527 2268 595 patriarchis
2335 527 2756 595 conquiri-bant.
2820 525 3144 578 Salutabunl
3210 543 3325 577 eum
3363 567 3376 590 ,
3427 527 3517 578 hic

1945 619 2172 672 salutem
2204 634 2300 686 pro
2335 619 2639 672 humilitate
2679 619 2953 688 intelligit.
2991 619 3094 683 Qui
3138 619 3312 670 attulit
3346 619 3514 685 ﬁliuni

1944 723 2119 769 suum,
2152 709 2398 760 ordinem
2453 716 2605 761 tenet
2654 710 3081 776 patriarcharum
3123 727 3134 760 :
3167 710 3307 761 filius
3347 726 3516 777 gv‘ltttS

1943 798 2235 852 humanttm
2271 801 2506 851 ostendit
2537 823 2550 853 ;
2584 814 2680 867 per
2711 813 2956 867 Spumant
2990 801 3295 866 superbiam
3325 812 3515 854 osten-

1942 890 2056 944 dit:
2087 907 2178 958 per
2215 891 2501 943 stridorem
2536 891 2800 952 dentium,
2827 904 2920 958 per
2940 906 3207 955 arescere,
3231 894 3512 945 avaritiam

1943 983 2200 1035 ostmdit.
2269 982 2528 1048 Discipuli
2601 998 2702 1034 non
2765 991 3046 1048 potuerunt
3112 1000 3300 1036 curare
3350 1000 3367 1037 :
3427 987 3514 1039 hic

1942 1071 2191 1141 discipuli
2219 1072 2442 1140 ligni-ant
2479 1084 2663 1125 tenent
2696 1075 3156 1141 patriarcharum,
3185 1077 3309 1143 quia
3338 1093 3514 1144 neque

1944 1165 2221 1232 prophetae
2300 1179 2475 1232 neque
2546 1166 2878 1233 patriarchze
2957 1175 3251 1235 potuerunt
3319 1184 3514 1222 curare

1944 1255 2240 1308 humanum
2305 1271 2494 1324 genus,
2539 1258 2639 1308 nisi
2695 1259 2919 1311 veniens
2955 1258 3205 1316 Christus
3244 1275 3344 1314 suo
3383 1279 3508 1316 san-

1944 1349 2106 1418 guine
2161 1349 2386 1400 redemit
2450 1350 2623 1412 illum,
2667 1358 2722 1402 ut
2780 1354 2854 1402 ait
2887 1351 3168 1420 propheta,
3207 1353 3377 1421 frater
3409 1373 3512 1408 non

1945 1441 2184 1501 redemit,
2220 1439 2271 1491 id
2301 1451 2404 1503 est,
2439 1440 2647 1509 Moyses
2683 1455 2778 1510 per
2808 1441 3026 1511 Legem,
3062 1446 3270 1497 redimit
3301 1448 3319 1476 ²
3359 1450 3512 1499 Ιιοηιο

1944 1529 2118 1600 (Psal.
2153 1545 2337 1595 )LVIII,
2369 1531 2447 1598 8).
2506 1534 2557 1584 id
2633 1542 2734 1597 est,
2780 1531 3054 1588 Christus.
3083 1536 3430 1598 Abinl‘atttia.
3460 1541 3510 1590 id

1945 1632 2046 1686 cst,
2110 1622 2282 1689 prima
2338 1633 2494 1676 aetate
2555 1626 2770 1692 generis
2826 1625 3046 1679 humani
3085 1642 3098 1680 :
3141 1629 3294 1689 dixit,
3362 1643 3515 1698 pater

1945 1714 2161 1776 infanti,
2182 1715 2368 1778 Credo,
2390 1715 2579 1783 adjuva
2609 1716 3035 1771 incredulitatem
3063 1735 3256 1782 meam,
3279 1723 3515 1774 ostendit

1875 1779 1913 1831 Β
1946 1807 2170 1871 dixisse,
2208 1807 2251 1860 si
2286 1809 2434 1861 deest
2471 1807 2624 1870 fides,
2673 1810 2902 1878 adauge.
2949 1809 3176 1862 Multum
3218 1812 3514 1880 discerpeus

1943 1912 2059 1948 eum
2093 1912 2112 1950 :
2141 1897 2398 1962 ostendit,
2437 1900 2560 1966 quia
2599 1901 2814 1968 quando
2846 1900 2981 1954 vidit
3012 1901 3285 1955 diabolum
3323 1920 3515 1958 evasu-

1947 2001 2063 2039 rum
2099 1987 2163 2040 de
2200 1997 2342 2041 terra
2369 1987 2422 2040 iit
2465 1985 2570 2041 fine
2609 1990 2820 2052 mundi,
2860 1998 2989 2044 tunc
3031 1993 3192 2044 datur
3227 1993 3302 2046 illi
3362 2005 3515 2061 pote-

1943 2088 2078 2144 stas,
2111 2087 2168 2132 ut
2226 2080 2393 2134 faciat
2436 2090 2698 2150 quantum
2746 2083 2858 2135 vult
2896 2091 3114 2152 propter
3137 2085 3340 2139 electos
3374 2087 3464 2140 Dei
3499 2107 3512 2141 :

1944 2183 2068 2220 cum
2106 2168 2237 2222 vidit
2271 2184 2328 2222 se
2362 2170 2425 2224 de
2473 2185 2798 2238 unoquoque
2829 2169 3045 2225 homine
3088 2187 3185 2241 per
3219 2176 3514 2228 Confessio-

1948 2273 2068 2312 nem
2112 2270 2166 2313 et
2218 2260 2591 2328 paenitentiam
2628 2263 2848 2330 expelli,
2887 2271 3011 2316 tune
3037 2275 3221 2318 cctttra
3252 2266 3368 2318 illos
3398 2270 3516 2335 plus

1944 2352 2228 2405 suscitavit
2290 2353 2441 2414 vitia,
2474 2363 2528 2408 et
2571 2355 2982 2408 crudelissimas
3057 2358 3512 2427 impugnationrs.

1947 2441 2149 2496 Factus
2178 2454 2251 2498 est
2284 2445 2421 2497 velut
2457 2457 2723 2511 mortuus,
2757 2450 2842 2501 hic
2871 2450 3175 2517 exemplum
3215 2461 3371 2503 osten
3397 2454 3454 2503 .it
3494 2468 3507 2480 ·

1945 2543 2230 2603 purgatum
2270 2537 2569 2594 hominem.
2603 2539 2654 2590 id
2712 2549 2816 2605 est,
2844 2539 2934 2606 qui
2983 2555 3077 2608 per
3118 2539 3511 2595 confessionem

1944 2636 1995 2678 et
2024 2627 2415 2696 paenitentiam,
2448 2631 2739 2684 tnortilieat
2765 2639 3141 2700 semetipsum.
3171 2633 3268 2685 llic
3300 2635 3514 2688 videtur

1947 2714 2054 2766 duo
2087 2715 2346 2768 miracula
2384 2716 2579 2771 fecisse
2604 2717 2789 2782 Jtrsus,
2834 2736 2861 2772 a
2897 2723 3169 2775 daemonio
3200 2725 3430 2787 cttravit,
3465 2737 3517 2776 rt

1945 2805 2099 2870 quasi
2171 2815 2440 2859 mortuum
2495 2810 2784 2864 suscitavit
2823 2827 2838 2865 :
2875 2813 2952 2865 sic
3005 2814 3287 2866 suscitavit
3347 2831 3513 2880 genus

1947 2893 2247 2947 humanum
2309 2910 2338 2947 a
2399 2905 2573 2950 morte
2633 2910 3004 2967 peccatorum,
3069 2913 3121 2953 ct
3178 2902 3427 2955 liberavit
3484 2921 3510 2953 ει

1945 2986 2216 3040 daemonio
2245 2991 2564 3054 servitutis;
2619 3005 2715 3060 per
2767 2993 2986 3054 molam,
3042 2994 3299 3048 citcuitns
3333 2997 3512 3049 saeculi

1947 3080 2260 3132 ostenditur
2291 3095 2306 3132 :
2338 3095 2433 3148 per
2464 3084 2678 3135 asinum
2722 3085 3063 3138 irntnunditia
3093 3096 3458 3152 peccatorum.

2016 3169 2252 3238 Mergere
2286 3173 2338 3223 in
2370 3189 2537 3236 mare,
2575 3173 2626 3226 id
2661 3185 2763 3239 est,
2795 3175 3084 3230 huntiliare
3113 3193 3172 3230 ει)
3211 3180 3263 3229 in
3297 3180 3514 3232 sacculo

1944 3277 2042 3331 per
2075 3263 2473 3330 paenitentiam,
2503 3265 2586 3318 vel
2622 3265 2799 3331 perire
2854 3268 2904 3317 itt
2966 3267 3183 3334 pt-Oprio
3235 3281 3454 3335 ιιι-οωιο
3496 3288 3510 3323 :

1943 3355 2069 3424 quia
2105 3358 2272 3409 levius
2299 3367 2381 3410 est
2411 3372 2506 3424 pro
2536 3373 2594 3411 se
2625 3359 2739 3411 solo
2780 3374 2994 3426 pmnam
3033 3361 3325 3424 sustinere,
3350 3377 3510 3428 quam

1943 3461 1996 3502 et
2027 3449 2114 3501 alii
2153 3465 2179 3500 τι
2215 3464 2378 3516 regno
2407 3448 2498 3501 Dei
2530 3435 2857 3503 disturbent.
2894 3451 2995 3505 Per
3032 3467 3242 3506 vermes
3267 3456 3506 3507 OSIendit

1943 3557 2066 3596 sero
2112 3544 2454 3610 pmuitentes,
2497 3557 2714 3613 semper
2759 3545 2994 3597 comedit
3041 3545 3188 3597 illuni
3222 3549 3273 3599 itt
3330 3563 3510 3614 ιωηει,

1942 3634 2065 3702 quia
2103 3636 2224 3684 dum
2278 3636 2513 3701 spatium
2557 3635 2742 3686 habuit
2795 3651 2898 3688 non
2958 3639 3289 3692 emendatit.
3321 3641 3512 3693 Omnis

1943 3725 2065 3795 igne
2096 3727 2327 3778 satietur
2360 3741 2374 3778 :
2409 3741 2505 3792 per
2541 3726 2720 3793 ignem
2761 3730 3015 3781 aet-t-nsio
3047 3729 3280 3796 Spiritus
3337 3737 3508 3784 sancti

1943 3818 2281 3883 intelligitur,
2319 3817 2442 3886 quia
2474 3819 2614 3871 sicut
2653 3822 2830 3872 omnis
2867 3836 2995 3872 caro
3023 3820 3186 3886 periit
3225 3822 3338 3872 sine.
3372 3823 3505 3882 stic.

1944 3914 2012 3964 ita
2047 3922 2100 3965 et
2130 3912 2302 3964 omni
2342 3911 2505 3963 homo
2545 3913 2660 3965 sine
2691 3914 2920 3966 scientia
2956 3913 3104 3965 verlii
3139 3913 3230 3967 Dei
3265 3915 3502 3968 infatue-

1941 4015 2045 4058 tur.
2082 4002 2279 4056 Habete
2309 4005 2472 4056 salem
2489 4006 2539 4057 in
2577 4004 2740 4069 vobis,
2767 4006 2815 4058 id
2845 4015 2948 4070 est,
2973 4006 3162 4059 habete
3183 4007 3502 4075 sapientiam

1945 4101 2033 4154 Dei
2069 4102 2119 4154 itt
2156 4100 2332 4153 vobis.

2011 4194 2163 4263 (Cap.
2218 4192 2310 4263 Χ.)
2352 4193 2574 4246 Veniunt
2607 4195 2658 4247 in
2716 4193 2914 4260 ﬁnibus
2966 4191 3146 4254 Judre,
3181 4195 3416 4246 ostendit
3453 4194 3504 4245 in

1943 4286 2181 4340 futurum
2225 4303 2540 4340 reversuros
2575 4290 2639 4339 ad
2671 4289 2823 4339 fidem
2861 4289 3061 4340 Christi
3089 4287 3330 4340 Jttdnos.
3357 4287 3509 4339 L’llrn

1938 4376 2261 4443 Iordanem,
2324 4379 2376 4432 id
2443 4389 2548 4442 est,
2590 4380 2655 4430 a.l
2720 4380 2952 4446 gratiam
3007 4380 3284 4447 baptismi.
3341 4378 3514 4432 Sinite

245 4469 350 4522 sed
391 4469 663 4522 minorem
701 4479 757 4524 ct
800 4471 1114 4524 inferiorem
1147 4488 1205 4526 se
1239 4472 1517 4526 existimet
1554 4477 1831 4528 omnibus.
1871 4453 1913 4506 θ
1941 4472 2192 4537 parvulos
2229 4473 2404 4524 venire
2443 4473 2510 4523 ad
2544 4487 2642 4533 me,
2678 4473 2761 4523 hic
2803 4472 3014 4540 parvuli
3066 4481 3250 4524 tenent
3287 4471 3510 4540 figuram

245 4557 462 4611 lterum
495 4561 743 4625 imposuit
772 4576 961 4613 manus
996 4578 1150 4630 super
1180 4563 1356 4614 oculos
1376 4577 1393 4614 :
1416 4571 1464 4614 et
1492 4564 1660 4628 aperti
1688 4572 1832 4626 sunt,

247 4653 506 4704 oStendit
549 4652 676 4721 quia
711 4655 922 4718 aperuit
953 4655 1116 4704 corda
1161 4653 1460 4716 hominum,
1503 4662 1558 4705 ιιι
1593 4653 1834 4706 viderent

245 4745 548 4795 scientiam
585 4741 676 4795 Dei
709 4745 856 4796 ciale
912 4753 964 4795 et
992 4743 1108 4795 sine
1136 4742 1302 4796 dubio
1329 4745 1614 4796 crederent
1645 4759 1659 4795 :
1687 4745 1835 4796 reati-

242 4847 405 4887 tmus
427 4844 530 4898 est,
567 4835 622 4887 id
656 4848 756 4901 est,
796 4836 850 4888 in
880 4836 1034 4888 bonis
1067 4837 1345 4904 operibus.
1397 4834 1542 4887 Misit
1585 4835 1736 4888 illuni
1779 4837 1833 4889 in

237 4927 670 4991 dutriumsuam,
704 4929 753 4980 id
802 4937 909 4990 est,
945 4930 1225 4982 revocavit
1257 4929 1406 4980 illum
1438 4930 1504 4980 ad
1539 4929 1828 4997 pristinum

231 5022 542 5072 metirisme.
609 5030 860 5073 natura}:
919 5019 1198 5073 descensio
1245 5019 1448 5074 Christi
1505 5020 1571 5072 de
1629 5031 1830 5085 monte,

233 5111 493 5163 ostendit
540 5108 658 5177 ejus
711 5099 1123 5162 descensionem
1158 5124 1188 5162 e
1220 5111 1396 5163 emlis.
1430 5107 1528 5162 llic
1579 5109 1828 5178 discipuli

233 5203 500 5254 ordinent
564 5211 750 5255 tenent
801 5202 1189 5270 prophetarum
1226 5202 1306 5254 vel
1359 5201 1825 5269 patriarcharum.

305 5293 476 5362 (Cap.
518 5293 638 5363 IX.)
701 5292 890 5348 Turba:
932 5296 1245 5363 inquirentes
1299 5294 1364 5346 ab
1397 5294 1497 5358 eis,
1528 5295 1823 5348 adventum

304 5479 320 5508 '
361 5476 531 5532 Nullo
563 5481 783 5547 negotio
813 5478 1064 5548 suppleas
1105 5485 1272 5539 statu,
1307 5485 1402 5529 aut
1455 5475 1585 5545 quid
1620 5477 1822 5530 simile.

225 5550 594 5628 Bobisuquod
639 5554 876 5604 uacabat
916 5554 968 5603 iii
1017 5549 1277 5618 originali
1326 5551 1563 5616 spatium
1606 5548 1825 5615 explere

225 5621 656 5746 noPChliiltlr‘ario
691 5705 852 5746 sensu
881 5699 1016 5755 erat,
1047 5688 1252 5759 Moyses
1274 5703 1367 5757 per
1399 5687 1559 5758 legem
1583 5689 1821 5743 redeunt.

224 5765 371 5821 Tutu
408 5763 670 5818 inchoata
707 5768 811 5818 alia
839 5764 1314 5828 sectione,ﬂomo,
1340 5760 1392 5813 id
1420 5771 1521 5828 est,
1551 5760 1819 5818 Christus.

1944 4564 2183 4630 gentium
2212 4580 2226 4617 :
2257 4561 2502 4630 diat-ipuli
2535 4561 2625 4631 qui
2660 4563 3038 4629 prohibebant,
3066 4561 3292 4631 figuram
3328 4573 3513 4615 tenent

1937 4655 2268 4710 Iudaeorum.
2301 4656 2548 4709 Camelos
2578 4670 2674 4723 per
2710 4655 2955 4708 foramen
3007 4670 3138 4709 acus
3190 4670 3294 4707 non
3350 4671 3507 4722 posse

1941 4746 2195 4811 transire,
2225 4747 2328 4800 nisi
2367 4746 2630 4814 depositis
2655 4745 2916 4800 oneribus
2952 4763 2965 4798 :
3001 4746 3080 4800 sic
3110 4757 3164 4799 et
3188 4745 3501 4807 .Ittdiei,nisi

1937 4837 2188 4904 deposito
2245 4849 2411 4890 onere
2472 4849 2862 4906 peccatorum,
2928 4837 3042 4891 sive
3093 4835 3334 4900 divitiis,
3394 4853 3499 4889 tton
3549 4879 3560 4884 -

1941 4938 2168 4997 possunt
2223 4929 2429 4982 intrare
2482 4931 2534 4983 in
2597 4944 2823 4996 regnum
2895 4929 3009 4982 Dei.
3043 4927 3182 4994 Quid
3250 4927 3502 4994 relinquit

1934 5021 2131 5080 Petrus
2184 5021 2274 5088 qui
2320 5020 2477 5084 dixit,
2511 5018 2621 5073 Nos
2682 5023 2857 5074 omnia
2920 5021 3227 5088 reliquimus
3277 5017 3497 5087 (Matth.

1939 5128 2049 5176 ιιι,
2082 5112 2199 5181 27)?
2226 5113 2463 5166 ostendit
2495 5114 2621 5182 quia
2653 5116 2881 5166 multum
2919 5112 3174 5178 relinquit
3207 5110 3501 5177 hetno,qui

1934 5209 2288 5276 semetipsum
2323 5209 2614 5276 postponit.
2654 5206 3062 5265 Pracedateos,
3089 5205 3140 5256 id
3173 5216 3277 5267 cst,
3310 5218 3509 5272 przeceo

1934 5301 2028 5355 dat
2069 5317 2198 5354 oves
2243 5317 2373 5356 suas
2427 5301 2689 5369 exemplis
2731 5319 2744 5353 :
2791 5315 2881 5369 per
2933 5298 3162 5353 calicem
3197 5337 3211 5362 ,
3263 5295 3507 5351 ostendit

1929 5481 2212 5536 Clamabat
2232 5495 2321 5534 res
2346 5481 2459 5548 ipsa
2496 5479 2706 5534 restitui
2739 5480 2909 5530 locutu
2944 5478 3200 5548 continua
3229 5479 3502 5540 oratiottt‘,

1933 5563 1994 5605 ut
2025 5553 2278 5613 ferimus,
2310 5546 2498 5619 frater,
2537 5567 2639 5602 non
2667 5551 2894 5612 redimit,
2930 5550 2981 5601 id
3015 5560 3121 5609 est,
3158 5546 3371 5615 Moyses
3410 5563 3505 5613 per

1933 5625 2105 5692 legem
2149 5639 2164 5676 :
2205 5625 2418 5674 redimet
2458 5627 2628 5683 homo,
2667 5621 2721 5674 id
2774 5632 2878 5691 est,
2905 5621 3176 5674 Christus.
3217 5621 3504 5672 Innumero

1932 5695 2040 5748 alia
2071 5694 2224 5749 taciti
2252 5695 2606 5761 castigamus.
