3934 6188
408 380 516 445 533
1343 374 1408 433 S.
1450 372 1901 433 lllEllUNi’Ell
1944 368 2261 430 Ol'EliUhl
2309 365 2710 426 MANTISSA.
3446 432 3460 442 ο
3553 362 3647 426 53$

404 497 752 568 passionem;
788 508 883 562 per
917 491 1274 562 baptismum,
1294 488 1303 497 “
1322 489 1817 553 mortiﬁcationem,
1855 487 1973 541 sive
2003 496 2050 546 Α
2079 484 2318 539 Christi:
2344 483 2472 537 vitia
2499 483 2685 537 carnis
2714 478 2978 535 adversus
3003 477 3256 549 Spiritum
3284 475 3437 531 bona:
3470 491 3652 544 opera-

405 588 843 645 dormitationem
899 581 1172 637 Ecclesia}.
1211 579 1363 634 Sicut
1390 581 1561 632 Adam
1597 593 1692 645 per
1720 579 1818 631 tria
1852 594 1978 647 pcc-

405 681 572 745 cavit,
627 680 678 733 id
735 690 840 740 est,
896 675 1235 744 concupivit,
1292 672 1702 741 pra-varicavit,
1746 670 1980 736 superbe

404 771 513 840 egit
550 787 564 823 :
596 771 668 823 ita
732 778 787 823 et
820 766 1073 820 Christus
1111 774 1222 818 tres
1264 765 1380 817 dies
1441 762 1541 816 fuit
1601 762 1653 816 in
1701 762 1978 832 sepulcro,

405 864 656 919 sitniliter
703 872 755 916 et
781 862 1013 932 proinde
1043 844 1127 915 ter
1168 860 1433 929 mergitur
1480 858 1645 912 homo
1688 858 1789 912 sub
1838 860 1980 910 unda

407 954 705 1023 baptismi;
757 952 901 1006 unde
965 951 1045 1005 ait
1093 950 1383 1019 Apostolus
1427 967 1441 1002 :
1480 947 1790 1019 Consepulti
1845 950 1979 1001 enim

401 1063 583 1101 sumus
608 1062 723 1098 cum
757 1042 965 1097 Christo
999 1060 1089 1111 per
1135 1043 1498 1110 baptismum,-
1533 1044 1587 1093 in
1630 1052 1794 1095 morte
1836 1041 1980 1094 enim

404 1139 569 1204 ipsius
602 1135 859 1199 baptizari
903 1150 1088 1187 sumus
1109 1131 1283 1202 (Rom.
1313 1146 1387 1196 νι,
1419 1132 1495 1201 '5).
1531 1127 1633 1194 Qui
1666 1134 1888 1184 voluerit
1928 1132 1984 1184 in

405 1230 547 1283 vobis
576 1230 778 1297 primis
817 1241 950 1284 esse,
983 1224 1083 1276 erit
1131 1223 1367 1274 omnium
1418 1233 1637 1273 serrus:
1671 1219 1755 1272 hic
1801 1228 1984 1272 osten-

406 1323 485 1374 dtt
515 1322 764 1374 doctores
817 1316 1111 1379 Ecclesiae;
1168 1330 1346 1368 can-us
1395 1320 1541 1366 tenet
1598 1312 1825 1378 ﬁguram
1858 1324 1985 1378 gen-

409 1414 539 1467 tium
573 1428 588 1465 :
618 1409 851 1464 Sedebat
888 1412 1056 1480 juxta
1092 1408 1258 1469 vium,
1291 1406 1343 1460 id
1373 1417 1476 1470 est,
1508 1404 1660 1473 juxta
1696 1403 1880 1457 ﬁdem.

477 1503 754 1560 Clamabat
776 1502 845 1555 ad
868 1500 1074 1566 Jesum,
1099 1499 1347 1553 Miserere
1373 1497 1490 1552 mei.
1515 1495 1737 1551 Moi'alis
1753 1508 1981 1549 sensus:

406 1615 530 1651 cum
580 1596 946 1649 incumbimus
982 1594 1036 1647 in
1072 1593 1342 1655 oratione,
1378 1600 1510 1644 tunc
1560 1589 1744 1653 turba,
1776 1585 1987 1640 fantas-

410 1709 519 1755 ma,
562 1699 773 1743 mentes
836 1686 1074 1741 ﬁdelium
1119 1685 1428 1752 increpant,
1465 1690 1523 1735 ut
1573 1689 1814 1742 taceant,
1856 1679 1984 1732 dum

411 1784 593 1835 volunt
629 1795 727 1833 nos
755 1777 1046 1834 excludere
1086 1777 1156 1831 ab
1210 1777 1462 1831 oratione
1498 1770 1986 1843 perseverantibus

2087 578 2267 630 tionis.
2296 575 2482 629 Terra:
2508 586 2709 640 motus,
2739 573 2793 627 id
2816 584 2921 639 est,
2947 571 3015 625 de
3045 569 3361 624 inﬁdelitate
3392 568 3456 622 ad
3483 567 3649 633 ﬁdem,

2085 670 2139 724 id
2171 677 2273 730 est,
2311 681 2515 736 corpus
2549 665 2668 720 sive
2689 667 2871 719 anima
2937 662 3196 717 audiendi
3257 661 3480 714 verbum
3547 660 3647 714 Dei.

2084 757 2361 818 Stuntibus
2422 766 2635 826 propter
2667 771 2745 808 me
2801 753 2856 807 in
2919 752 3217 807 testimonia
3244 750 3373 815 illis,
3401 750 3453 804 id
3485 761 3585 815 est,
3613 753 3653 805 si

2082 845 2415 901 crediderint
2489 826 2865 899 testiinonium
2914 852 3185 907 vestrum,
3231 840 3469 896 eritillis
3504 840 3567 893 ad
3589 839 3659 896 vi-

2085 946 2192 991 tam
2231 956 2244 991 :
2278 950 2328 995 et
2356 940 2401 994 si
2457 953 2565 992 non
2602 936 2967 1002 crediderint,
3010 934 3113 988 erit
3170 932 3273 987 illis
3304 932 3368 984 ad
3425 946 3655 1000 poenam.

2158 1029 2232 1083 De
2263 1031 2346 1084 die
2372 1037 2420 1083 et
2456 1028 2589 1083 hora
2613 1042 2762 1080 nemo
2798 1027 2918 1089 scit,
2964 1025 3068 1078 nisi
3093 1023 3277 1086 Pater,
3305 1021 3545 1076 ostendit
3573 1039 3657 1089 pro

2086 1133 2237 1187 parte
2267 1118 2537 1187 corporis,
2611 1117 2735 1186 quia
2780 1130 2977 1183 corpus
3013 1112 3214 1167 Christi
3278 1110 3531 1165 Ecclesia
3562 1120 3655 1165 est.

2085 1210 2242 1276 Quod
2294 1210 2447 1275 dicit,
2481 1207 2706 1262 nescitis
2739 1216 2971 1272 tempus.
3020 1204 3071 1259 id
3107 1215 3210 1266 est,
3233 1202 3449 1257 'exitum
3484 1196 3665 1257 unius-1

2086 1301 2347 1369 cujusque
2375 1300 2488 1354 sive
2517 1300 3042 1356 consummationem
3094 1300 3300 1352 saeculi.

2159 1390 2330 1446 llomo
2359 1409 2571 1463 peregre
2598 1393 2861 1463 profectus
2890 1403 2988 1458 est,
3036 1393 3086 1446 id
3114 1403 3219 1457 est,
3291 1393 3549 1449 Christus
3600 1394 3660 1449 de

2090 1486 2290 1541 mundo
2315 1503 2435 1540 cum
2462 1502 2625 1540 carne
2654 1486 2719 1540 ad
2753 1488 2947 1540 ctelutn
2970 1503 2984 1551 ;
3007 1487 3216 1555 reliquit
3243 1488 3462 1541 domum
3491 1504 3656 1549 suam,

2092 1575 2143 1628 id
2185 1584 2290 1641 est,
2339 1575 2639 1629 Ecclesium
2672 1592 2685 1631 :
2718 1576 3037 1630 doctoribus
3075 1579 3511 1647 uniuscujusque
3543 1595 3658 1645 ope-

2091 1668 2189 1733 ris,
2219 1668 2271 1729 id
2295 1677 2399 1733 est,
2427 1665 2857 1736 uniuscujusque
2889 1669 3078 1739 gratia:
3111 1668 3363 1723 virtutis:
3386 1685 3485 1739 per
3515 1672 3663 1738 geni-

2095 1770 2265 1813 torem
2286 1759 2601 1829 episcopum
2626 1760 2857 1829 ostendit
2884 1752 3003 1815 site
3023 1763 3317 1816 doctorem.
3347 1762 3489 1816 Sero
3516 1777 3669 1829 super

411 1874 591 1927 nobis.
646 1870 793 1927 Tunc
843 1864 1005 1924 Jesus
1054 1879 1227 1935 stans,
1258 1882 1416 1923 secus
1466 1882 1567 1921 nos
1599 1883 1615 1919 :
1650 1876 1797 1920 stare
1851 1863 1996 1918 enim
2031 1856 2072 1910 Β
2104 1850 2393 1906 Sodomam
2427 1850 2560 1921 pluit
2600 1852 2739 1921 ignis
2762 1854 2805 1917 ¹,
2852 1862 2903 1906 ει
2944 1853 3170 1923 sulphur
3202 1859 3264 1908 de
3294 1854 3432 1909 εωιο
3457 1871 3475 1909 :
3504 1856 3668 1909 media

408 1965 710 2019 divinitatis
776 1970 902 2027 est,
968 1962 1202 2017 transire
1248 1975 1377 2014 vero
1431 1957 1789 2013 humanitatis
1830 1965 1916 2010 est
1964 1972 1980 2009 :

411 2056 656 2125 prater-il
707 2053 828 2108 illos
870 2069 1077 2118 vocare,
1109 2053 1163 2106 id
1212 2060 1318 2116 est,
1377 2066 1473 2120 per
1543 2051 1986 2121 praedicationem

410 2148 781 2216 apostolorum
849 2161 864 2199 :
927 2153 1084 2200 vocat
1135 2152 1325 2214 gentes
1383 2143 1450 2196 ad
1515 2143 1697 2198 ﬁdem.
1760 2141 1990 2212 Projecit

411 2242 719 2294 vestimenta
753 2254 874 2304 sua,
920 2237 974 2292 id
1034 2245 1138 2304 est,
1176 2235 1465 2305 pristinam
1513 2237 1988 2289 conversationem

412 2347 567 2385 suam
607 2328 912 2395 :exsitiens,
941 2327 995 2383 id
1017 2338 1123 2392 est,
1155 2327 1224 2382 de
1255 2327 1562 2395 ignorantia
1585 2326 1654 2381 ad
1679 2325 1990 2390 scientiam,

412 2427 480 2479 de
508 2425 829 2479 inlldclitate
851 2425 918 2475 ad
956 2422 1141 2473 (idem.

487 2515 645 2580 (Cap.
672 2511 787 2582 χι.)
826 2511 1112 2565 Invenietis
1162 2508 1371 2580 pullum
1410 2506 1721 2576 alligatum,
1751 2504 1996 2559 ostendit

417 2618 608 2674 gentes
662 2604 933 2671 alligatas,
998 2619 1122 2655 cum
1188 2600 1349 2668 culpa
1400 2609 1795 2670 peccatorum:
1837 2612 1996 2663 super

418 2713 570 2767 quem
607 2676 755 2748 ntimo
786 2693 945 2759 sedit,
974 2692 1025 2746 id
1075 2705 1180 2757 est,
1217 2693 1307 2745 ubi
1343 2691 1525 2746 nullus
1554 2682 1759 2751 .doctor
1792 2690 1997 2758 praedi-

421 2787 568 2839 cavit
611 2801 626 2842 :
660 2784 882 2848 Solvite,
909 2793 959 2839 et
990 2784 1237 2838 adducite
1277 2782 1346 2835 ad
1373 2798 1477 2847 me,
1510 2782 1561 2836 id
1593 2794 1700 2847 est,
1728 2798 1825 2851 per
1857 2797 1994 2850 prte-

422 2881 755 2933 dicatiouem
797 2877 1050 2931 adducite
1087 2876 1155 2930 ad
1204 2877 1387 2931 tidem.
1432 2875 1570 2931 Vidit
1603 2876 1844 2929 arborem
1882 2875 1996 2944 ﬁci.

420 2971 663 3026 ostendit
694 2970 820 3040 quia
847 2971 1002 3037 lange
1031 2977 1151 3022 erat
1180 2967 1313 3022 ﬁdes
1338 2963 1650 3021 Judmorum
1690 2982 1720 3019 ιι
1753 2965 1997 3021 Christo.

422 3061 544 3117 Non
578 3071 689 3115 erat
727 3072 930 3129 tempus
959 3061 1208 3130 ﬁcorum,
1242 3061 1295 3114 id
1340 3071 1445 3122 est,
1483 3074 1586 3112 non
1625 3071 1744 3113 erat
1787 3069 1998 3130 tempus

419 3153 753 3220 Iudaeorum,
803 3164 860 3208 ιιι
898 3155 1209 3218 crederent,
1241 3153 1388 3222 (ιιιυά
1440 3168 1501 3208 se
1532 3152 1749 3222 indigne
1781 3151 2000 3221 judica-

2093 1952 2251 1997 nocte
2275 1957 2534 2010 percussa
2568 1949 2653 1997 est
2709 1940 2981 2013 Egyptus
3014 1944 3065 1998 itt
3123 1942 3500 2013 primogenitis
3532 1947 3667 2000 suis:

2094 2050 2253 2089 mane
2281 2037 2546 2091 subversa
2582 2047 2663 2090 est
2697 2035 2955 2100 Sodoma,
2990 2047 3043 2091 et
3070 2038 3312 2093 ascendit
3336 2038 3525 2092 favilla
3562 2039 3669 2105 ejus

2094 2142 2263 2196 usque
2283 2127 2349 2180 ad
2388 2127 2606 2183 coelum.
2679 2125 2760 2183 Ne
2817 2130 2989 2182 reuiat
3032 2141 3261 2200 repente,
3318 2131 3552 2185 inveniat
3590 2147 3669 2186 vos

2093 2216 2438 2280 dormientes,
2475 2216 2529 2271 id
2556 2225 2662 2284 est,
2694 2218 2748 2273 in
2785 2218 3118 2288 ignorantia,
3169 2234 3263 2275 seu
3296 2218 3351 2274 in
3380 2220 3671 2275 securitate

2096 2308 2454 2378 negligentiae.

2169 2404 2319 2475 (Cap.
2357 2403 2522 2474 XIV.)
2560 2403 2743 2476 Fregit
2778 2405 3135 2477 alabastrum.
3174 2404 3445 2475 signiﬁcat
3483 2418 3679 2471 corpus

2096 2496 2295 2550 Christi
2324 2497 2667 2551 vulneratum
2705 2497 2755 2550 in
2782 2511 2947 2550 cruce
2978 2512 2995 2558 ;
3053 2512 3149 2565 per
3179 2506 3518 2565 unguentum
3552 2510 3677 2548 con-

2103 2586 2274 2643 fessio
2301 2590 2422 2643 tidei
2449 2588 2784 2644 ostenditur:
2814 2599 2973 2655 caput
2995 2586 3199 2642 Christi
3225 2589 3362 2640 Dens
3390 2586 3553 2639 Pater
3574 2598 3654 2640 εει

2101 2681 2375 2745 Quwrebat
2413 2689 2724 2750 opportune,
2754 2690 2810 2734 ut
2849 2682 3085 2735 traderet
3128 2696 3267 2744 eunt,
3290 2680 3533 2734 ostendit
3558 2680 3675 2748 quia

2100 2785 2401 2843 opportune
2468 2787 2683 2844 tempus
2714 2774 3014 2830 advenerat
3054 2776 3122 2829 ad
3182 2776 3539 2842 perditionem
3598 2770 3679 2826 Jo-

2103 2869 2371 2933 dat-orum,
2402 2869 2516 2923 sive
2553 2868 2775 2933 ιυαωω,
2808 2878 2864 2922 ει
2893 2870 3265 2940 opportunitas
3294 2868 3681 2936 redemptionis

2103 2962 2375 3017 Ecclesiae.
2450 2961 2628 3016 Primo
2655 2962 2740 3017 die
2792 2978 3127 3033 azymorum,
3163 2963 3213 3015 id
3240 2971 3346 3025 est,
3381 2960 3467 3013 die
3495 2961 3676 3022 .lnvis;

2102 3068 2291 3122 azyma
2353 3053 2690 3108 sinceritatis
2748 3051 2891 3109 facta
2940 3052 3327 3108 cstEcclesit.
3395 3051 3681 3106 Transitus

2106 3154 2339 3214 quatuor
2366 3134 2540 3201 modis
2575 3146 2794 3211 dicitur,
2821 3147 2874 3200 id
2894 3156 3000 3212 est,
3018 3146 3085 3199 de
3108 3148 3312 3199 mundo
3345 3145 3414 3199 ad
3441 3143 3678 3208 Patrem,

421 3257 616 3302 verunt
659 3263 912 3317 regnum.
968 3245 1088 3299 Non
1143 3219 1349 3299 δίκαιαι
1397 3260 1486 3297 ras
1545 3219 1834 3312 transferre
1869 3245 2001 3312 ‘per
2026 3219 2070 3275 (ἶ
2106 3240 2170 3293 de
2200 3235 2400 3292 Judzris
2423 3239 2487 3291 ad
2520 3247 2735 3308 gentes,
2767 3248 2821 3293 et
2854 3252 2953 3293 nos
2980 3237 3049 3293 de
3070 3238 3390 3292 inﬁdelitate
3407 3236 3471 3290 ad
3504 3238 3676 3303 ﬁdem,

422 3339 694 3407 templum.
726 3339 906 3403 idest,
943 3340 1107 3392 corda
1141 3337 1406 3391 lidelium.

494 3431 650 3501 (Cap.
687 3428 828 3501 ΧΠ.)
862 3429 978 3484 Νοιι
1013 3446 1077 3483 vn
1107 3440 1126 3482 t
1170 3428 1424 3491 Christus
1460 3428 1614 3482 aliud
1666 3429 1782 3482 lteri
1836 3443 1996 3498 opus.

426 3524 510 3576 vel
568 3524 802 3576 transire
855 3523 954 3575 nisi
1006 3521 1153 3590 quod
1190 3534 1440 3579 sanctum
1497 3531 1579 3574 est
1628 3538 1642 3574 :
1684 3518 1846 3573 Tradt'
1885 3537 2000 3574 eam

427 3612 651 3678 colonis,
689 3618 739 3667 id
767 3623 874 3674 est,
906 3611 1187 3666 custodire
1219 3611 1393 3677 legero
1430 3628 1444 3663 :
1482 3609 1740 3671 torcular,
1786 3609 1888 3662 hoc
1921 3617 2002 3660 est

435 3708 695 3774 templum
747 3704 1088 3769 Salomonis;
1150 3703 1314 3756 aliter
1358 3702 1600 3756 ostendit
1660 3701 2002 3770 martyrium.

440 3793 586 3850 Venit
628 3799 695 3848 ad
735 3794 1095 3865 Syrtagogom,
1132 3806 1406 3862 synagoga
1438 3806 1587 3858 saepe
1621 3793 1863 3844 custodia
1911 3806 2004 3843 an-

427 3889 669 3960 gelorum
704 3905 718 3942 :
754 3896 974 3950 turrem,
999 3885 1105 3939 hoc
1131 3893 1216 3938 est
1264 3882 1373 3937 Lex
1411 3899 1428 3939 :
1458 3884 1725 3950 ejecerunt
1768 3898 1884 3934 cum
1910 3896 2006 3935 ex.

430 3982 772 4046 trapineam,
798 3980 848 4033 id
891 3987 999 4044 est,
1028 3979 1096 4033 de
1133 3977 1346 4032 ludatis
1381 3977 1446 4029 ad
1491 3986 1699 4043 gentes.
1735 3975 1907 4028 Aliter
1941 3974 2007 4027 de

441 4075 661 4129 civitate
709 4072 1050 4141 Jerosolyma
1096 4070 1153 4125 iu
1202 4079 1442 4123 montem
1491 4066 1780 4122 Cztlvariae.
1839 4065 2007 4118 Vidua

435 4165 573 4220 misit
604 4164 737 4218 duos
785 4178 1046 4226 nummos,
1079 4162 1223 4230 quod
1267 4170 1375 4224 est,
1406 4158 1705 4227 quadrans,
1731 4174 1825 4223 per
1869 4172 2008 4225 quos

434 4257 692 4326 intelligit
718 4256 994 4310 hominem
1026 4254 1409 4323 quadrantem,
1433 4251 1524 4321 qui
1557 4265 1616 4305 se
1650 4250 1762 4305 Deo
1789 4251 2004 4304 obtn'it.

438 4349 772 4417 Qttterunque
829 4346 1106 4416 petieritis,
1142 4349 1410 4398 credentes
1470 4344 1523 4396 in
1571 4343 1835 4407 oratione,
1879 4342 2008 4413 ﬁent

432 4440 576 4494 vobis
613 4437 811 4508 (Supra
847 4452 922 4499 st,
957 4434 1093 4503 ﬁt);
1127 4433 1404 4503 quomodo
1434 4432 1512 4487 sic
1542 4442 1761 4487 sanctus
1806 4431 2009 4486 Paulus

434 4533 615 4585 dixit:
657 4529 754 4584 Ter
802 4530 978 4598 rogari
1038 4528 1319 4581 Dominum
1361 4540 1456 4595 pro
1504 4523 1751 4591 stimulo,
1807 4533 1858 4578 et
1905 4542 2007 4578 non

436 4626 644 4677 recessit
684 4639 716 4677 a
761 4639 838 4677 tne
882 4620 966 4690 (Il
1015 4619 1135 4676 Cor.
1176 4635 1277 4681 stt,
1304 4618 1380 4687 8).
1432 4616 1687 4672 Diabolus
1730 4618 1904 4689 petiit,
1944 4630 2002 4672 ut

434 4727 522 4769 ιιοιι
552 4725 670 4770 uret
694 4714 815 4778 Job,
844 4724 901 4768 et
928 4712 1177 4782 permisit
1204 4726 1328 4765 eum
1359 4711 1522 4764 Deus.
1561 4708 1761 4763 Paulus
1794 4726 1897 4762 non
1927 4718 2011 4762 cst

431 4813 743 4873 exnuJitos,
782 4819 841 4861 ιιι
877 4822 971 4876 per
1047 4807 1222 4875 ipsum
1262 4804 1544 4859 stimuluut
1604 4814 2006 4859 coronaretur:

435 4904 682 4956 diabolus
710 4904 1000 4957 exauditus
1024 4909 1130 4963 est,
1164 4907 1222 4953 ut
1257 4912 1353 4968 per
1393 4897 1518 4967 ejus
1549 4897 1884 4952 tentatioues
1911 4895 2012 4950 .loh

432 5006 808 5048 coronaretur.
845 4994 1080 5048 Proinde
1107 4990 1401 5059 Apostolus
1427 4990 1543 5043 ait:
1579 4985 2014 5058 Nescimusquitl

436 5100 673 5154 priamus
707 5084 880 5155 (Rom.
923 5100 1040 5149 t'ttt,
1068 5082 1186 5152 ‘26),
1229 5082 1335 5137 nisi
1381 5079 1654 5148 Christus,
1699 5082 1792 5151 qui
1846 5082 2012 5136 inter-

438 5185 597 5252 pellat
630 5197 727 5250 pro
773 5179 948 5233 nobis.

511 5274 664 5343 (Cap.
700 5272 861 5340 Xlll.)
903 5270 1037 5326 Gens
1072 5269 1322 5323 adversus
1352 5276 1580 5338 gentem,
1617 5268 1666 5320 id
1706 5277 1809 5330 est,
1847 5282 2015 5339 paga-

440 5382 632 5420 norum
664 5369 924 5420 adversus
956 5363 1417 5418 Christianorum.
1454 5360 1733 5416 Mnraliter
1761 5378 1892 5417 caro
1920 5362 2018 5415 ad-

435 5475 627 5515 versus
673 5460 1199 5527 animantzregnum
1268 5455 1467 5510 diaboli
1520 5465 1709 5512 contra
1788 5471 2014 5525 regnum

516 5624 533 5654 ⁸
568 5621 806 5675 Meretur
836 5618 1053 5685 referri,
1084 5627 1141 5673 ιιι
1186 5626 1305 5671 erat
1338 5615 1490 5670 locus
1525 5618 1650 5678 iste,
1680 5616 1819 5683 quod
1843 5615 2015 5685 sejuo

436 5694 767 5752 dicaverunt,
799 5707 1036 5759 regnum,
1068 5704 1169 5759 non
1212 5687 1409 5741 sciebat
1443 5702 1533 5739 uas
1585 5688 1895 5759 transferre,
1924 5687 2016 5754 qui

440 5765 598 5813 (ιιι-αα
627 5763 861 5826 [idolium
897 5775 915 5814 :
947 5776 1045 5811 non
1081 5758 1338 5819 eult,cte.
1376 5759 1526 5809 Hand
1554 5758 1668 5811 st-io
1692 5773 1821 5809 ιιιιιιι
1859 5759 2013 5824 plura

442 5832 788 5899 paucioribus
830 5832 1010 5885 verbis
1048 5830 1177 5884 vitia
1215 5827 1602 5896 comprehendi
1638 5837 1912 5896 poterant.

2106 3330 2171 3383 de
2193 3343 2365 3384 morte
2389 3333 2454 3383 ad
2493 3335 2682 3385 vitam.

2177 3421 2345 3476 Homo
2375 3424 2691 3493 languenant
2722 3439 2877 3495 aqua:
2933 3421 3205 3491 bajuluns,
3258 3422 3488 3493 ﬁguram
3539 3427 3682 3473 tenet

2105 3514 2492 3581 apostolorum,
2534 3516 2648 3568 sive
2731 3531 3107 3570 successorum
3154 3527 3213 3569 et
3262 3514 3679 3585 baptizatorum,

2106 3625 2201 3675 per
2232 3625 2366 3674 quos
2392 3609 2719 3677 baptismum
2782 3610 3016 3665 cllicitur
3044 3627 3059 3663 :
3090 3608 3357 3677 languens
3388 3610 3681 3675 haptisruus

2108 3699 2388 3754 Trinitatis
2419 3702 2710 3771 signiﬁcat.
2748 3699 2953 3754 Pascha
2982 3702 3301 3756 manducare
3363 3716 3480 3752 cunt
3506 3700 3638 3753 disci
3658 3727 3675 3736 ο

2104 3793 2243 3859 palis
2296 3795 2429 3859 suis,
2464 3795 2703 3848 ostendit
2732 3810 2791 3849 se
2823 3810 2947 3848 cum
3003 3794 3284 3862 discipulis
3316 3798 3382 3847 ad
3426 3792 3678 3847 'Judteos:

2109 3885 2267 3938 aliter
2299 3890 2592 3941 rnanducat
2627 3888 2678 3941 in
2711 3888 2975 3942 membris
3009 3889 3130 3944 suis
3163 3888 3259 3958 qui
3299 3900 3382 3943 est
3419 3887 3679 3941 Ecclesia.

2109 3976 2212 4030 Ρυι⁸
2239 3980 2581 4033 carunculam
2615 3979 2775 4033 altior
2832 3979 2917 4032 via
2943 3979 3250 4033 ostenditur
3276 3997 3288 4032 :
3314 3994 3410 4046 per
3455 3988 3680 4031 stratum

2113 4085 2366 4136 [unguunt
2393 4071 2586 4139 ample:
2607 4073 2781 4125 titudo
2807 4069 3073 4126 Ecclesia:
3129 4072 3461 4129 ostenditur.
3480 4073 3683 4140 Agnorit

2113 4161 2445 4215 imtnolatum
2477 4164 2527 4216 in
2551 4156 2808 4234 .Egypto,
2851 4164 3089 4218 Ostendit
3112 4163 3449 4218 immolatum
3473 4163 3525 4216 in
3547 4176 3683 4215 novo

2112 4256 2461 4308 Testamento
2483 4254 2800 4324 mysterium
2838 4254 3161 4324 corporiset
3203 4256 3683 4324 sanguinismuod

2115 4358 2268 4401 vetus
2292 4346 2618 4400 sacriﬁcium
2664 4345 2973 4402 Judteortttn
3013 4353 3255 4413 recessit,
3282 4349 3331 4400 id
3350 4360 3434 4402 est
3474 4346 3685 4417 sanguis

2117 4440 2389 4495 hircorum
2423 4450 2478 4493 et
2509 4450 2787 4495 taurorum
2820 4457 2835 4495 :
2868 4455 2990 4494 nam
3036 4452 3280 4495 nostrum
3340 4441 3684 4501 sacriﬁcium,

2043 4536 2256 4606 D‘quod
2302 4533 2483 4587 viuum
2549 4535 2749 4589 dit-itur
2806 4534 3227 4601 Melchisedech,
3280 4536 3525 4589 oblatum
3576 4544 3683 4595 est,

2132 4638 2442 4683 t'etertente
2487 4627 2764 4682 Abraham
2811 4630 2877 4683 tle
2935 4627 3227 4687 crudeli-0
3248 4631 3374 4697 quid
3417 4626 3685 4697 sigillati"!

2112 4718 2542 4786 interrogabant,
2571 4718 2812 4777 ostendit
2863 4729 2921 4773 ut
2958 4721 3140 4775 nullus
3192 4718 3430 4774 conﬁdat
3452 4720 3517 4773 de
3562 4733 3689 4770 con-

2112 4811 2339 4866 scientia
2379 4827 2497 4866 sua.
2538 4810 2733 4865 Relicto
2774 4813 3029 4881 syndone,
3098 4813 3251 4883 fugiit
3285 4812 3458 4865 nudus
3491 4811 3553 4863 ab
3583 4809 3685 4869 eis,

2113 4904 2354 4958 ostendit
2383 4904 2571 4961 relicta
2604 4904 2808 4959 malitia
2867 4904 3217 4973 intimorum;
3290 4905 3464 4958 nudus
3515 4901 3684 4973 fugin.

2115 4998 2356 5051 ostendit
2416 5005 2559 5064 quod
2631 4998 2865 5068 apostoli
2934 4998 3066 5064 nudi
3118 5014 3149 5051 ιι
3208 4995 3688 5064 superstitionibus

2113 5089 2425 5145 .lndaaornm
2486 5091 2739 5145 abierunt
2774 5092 2838 5145 ad
2894 5102 3101 5160 gentes.
3133 5087 3479 5159 Calcfaciebut
3505 5102 3558 5139 se
3579 5085 3686 5136 Pe-

2117 5194 2229 5238 trus
2276 5184 2345 5237 ad
2415 5185 2609 5252 ignem,
2670 5183 2940 5252 signiﬁcat
3026 5182 3363 5250 tqpiditatcm
3423 5175 3687 5248 apostolo-

2119 5293 2261 5340 rum,
2288 5286 2344 5332 et
2378 5290 2530 5331 suam
2586 5277 2932 5346 negationem
2963 5284 3019 5330 ct
3065 5275 3437 5329 inﬁdelitatem
3485 5269 3685 5324 Judteo~

2118 5379 2260 5417 ιιιιιι.

2202 5455 2512 5511 VidebuntF
2517 5457 2670 5513 ilium
2703 5459 2933 5514 hominis
2949 5460 3211 5514 sedentem
3245 5475 3277 5512 a
3300 5457 3497 5513 dextris
3521 5454 3684 5507 rirtu-

2196 5619 2216 5648 ²
2243 5619 2420 5687 Atque
2455 5619 2543 5672 hic
2573 5617 2842 5673 excidisse
2872 5618 3093 5672 videtur
3119 5619 3262 5673 sacri
3298 5627 3472 5672 textus
3512 5610 3681 5687 perli-

2122 5689 2264 5751 ettla,
2286 5682 2446 5758 quam
2478 5690 2719 5757 εςιιοιιιι,
2742 5691 2856 5745 sive
2888 5690 3062 5757 ipsum
3101 5690 3327 5758 verbum
3355 5701 3485 5740 sero.
3522 5682 3681 5758 initio

2124 5750 2506 5826 subsequentis
2540 5750 2823 5825 sectionis,
2860 5750 2951 5813 ubi
2986 5759 3211 5828 dicitur.
3274 5756 3454 5828 Fregit
3494 5750 3672 5808 sint“-

2123 5844 2309 5896 stram,
2342 5836 2604 5901 scriptum
2642 5839 2800 5888 antea
2847 5838 2964 5887 erat
2992 5826 3207 5897 Fretus,
3237 5841 3344 5885 etc.

3899 500 3901 655 ᾗ

3899 730 3903 741 ,

3899 964 3904 1052 l

3896 992 3909 1367 ὲ
