3946 6206
273 355 373 417 535

1252 348 1664 410 EXPOSITIO
1693 349 1768 409 IV
1832 345 2216 407 EVANGEL.
2277 344 2537 408 LUCAS.
2633 297 2639 302 .

3415 339 3518 408 586

264 468 354 528 iis,
390 461 626 518 ostendit
673 461 799 532 quia
839 462 969 516 vidit
1011 447 1157 516 illum
1228 463 1578 532 Stephanus:
1629 461 1754 516 vidit
1789 469 1841 516 et
1872 465 1924 535 Α.
1945 460 2189 515 elevatus
2220 469 2300 514 est
2327 474 2356 512 a
2388 473 2484 513 sua
2521 456 2741 518 virtuti,
2771 453 2893 524 quia
2935 465 3029 506 nec
3055 466 3148 521 per
3170 450 3516 508 concubitum

260 555 472 616 Saulus,
496 554 713 622 quando
740 562 1041 623 prostratus
1069 553 1237 612 fuitin
1262 556 1381 618 via;
1405 555 1724 606 videruntet
1752 540 1843 605 alii

261 645 463 714 plures.
527 644 730 698 Pilatus
778 644 1164 712 interpretatur
1219 661 1275 698 os
1331 643 1703 700 malleatoris:
1744 643 1839 712 qui

262 737 484 801 format,
533 752 638 788 nou
680 736 983 793 formatur:
1019 738 1091 790 ita
1124 743 1176 790 et
1206 746 1577 806 persecutores
1606 733 1844 794 formant

259 830 468 883 animus
517 829 789 898 iustorum
821 829 885 882 ad
915 843 1139 899 regnum
1195 828 1459 884 caelorum
1488 845 1502 892 ;
1542 828 1638 896 ipsi
1672 825 1841 881 intor-

261 935 378 972 mos
427 929 852 974 remanserunta
894 921 1065 990 gratia
1119 918 1235 974 Dei.
1268 918 1521 988 Spineam
1577 933 1835 974 coronam

261 1010 518 1064 Dominus
553 1013 604 1065 in
646 1027 705 1067 se
741 1013 1001 1081 suscepit,
1037 1019 1093 1064 ut
1138 1012 1321 1080 spinas
1357 1019 1702 1080 peccatorum
1741 1023 1838 1064 uo-

257 1115 494 1155 strorum
527 1104 765 1157 ablueret
793 1119 808 1158 :
837 1099 1215 1171 undejdictum
1259 1111 1338 1155 est
1364 1089 1531 1156 Adae:
1571 1101 1751 1168 Spinte
1788 1109 1838 1158 et

254 1195 437 1247 tribuli
475 1197 829 1264 germinentur
887 1196 981 1249 tibi
1016 1194 1168 1265 (Gen.
1206 1211 1288 1260 ιιι,
1319 1197 1431 1263 18).

333 1283 481 1353 (Cap.
510 1284 649 1350 XV.)
706 1286 781 1340 De
811 1287 963 1341 tertia
1005 1287 1133 1344 hora
1163 1287 1306 1356 quod
1343 1283 1474 1341 dicit
1500 1285 1682 1345 Iesum
1715 1303 1841 1344 cru-

257 1377 755 1439 citisum,ostendit
785 1376 1251 1444 eumjudicatum,
1290 1387 1348 1434 ut
1381 1377 1836 1446 cruciﬁgeretur;

260 1475 412 1522 sexta
456 1467 584 1522 liora
619 1467 834 1521 levatus
887 1477 972 1520 est
1024 1467 1076 1520 in
1111 1481 1308 1522 cruce:
1359 1469 1466 1530 Eli,
1492 1468 1601 1535 Eli,
1639 1469 1838 1522 lamma

256 1559 556 1623 sabectani,
584 1559 723 1624 quod
776 1567 876 1624 est,
916 1557 1076 1620 Deus,
1141 1559 1278 1613 Deus
1319 1577 1485 1628 meus,
1543 1579 1708 1632 quare
1759 1579 1841 1616 me

255 1649 605 1718 dereliquisti,
644 1651 879 1705 ostendit
920 1666 1018 1720 pro
1075 1661 1227 1720 parte
1255 1653 1458 1718 carnis,
1489 1669 1596 1708 non
1630 1669 1837 1709 secun-

257 1742 386 1793 dum
418 1741 754 1796 divinitatem
782 1743 1034 1812 relinqui,
1059 1744 1182 1811 quia
1214 1744 1395 1798 unitas
1423 1754 1505 1798 est
1534 1747 1834 1812 potestatis.

1949 553 2183 620 genitus,
2221 565 2318 604 nec
2351 563 2448 618 per
2481 547 2827 602 concubitum
2868 557 3151 612 generans,
3186 543 3281 595 sed
3315 556 3378 594 ex
3417 542 3522 593 vir.

1946 639 2068 708 gina
2098 646 2255 694 natus
2281 646 2402 703 est;
2443 635 2628 692 Enoch
2657 634 2866 690 ablatus
2889 642 2996 697 est,
3025 632 3150 700 quia
3196 646 3289 698 per
3318 644 3522 684 concu-

1947 731 2120 785 bitum
2158 746 2467 802 generans;
2509 728 2657 784 Elias
2690 742 2810 782 cum
2845 740 3008 780 curru
3041 735 3226 793 raptus
3256 731 3358 784 est,
3391 723 3519 790 quia

1947 838 2042 891 per
2073 823 2420 878 concubitum
2456 823 2669 891 genitus
2721 830 2825 885 e5t,
2853 835 2958 872 non
3025 831 3118 885 per
3169 815 3518 869 concubitum

1945 930 2228 982 gener-aus,
2259 915 2385 984 quia
2421 915 2571 984 virgo
2603 911 2915 983 peritiansit.

2088 1072 2150 1126 lN
2185 1068 2632 1126 EVANCELIUM
2679 1064 3062 1122 SECUNDUM
3117 1061 3370 1118 LUCAM.
3549 1051 3557 1130 ι

2014 1186 2211 1250 Lucas,
2240 1188 2346 1253 ipse
2377 1199 2714 1250 consurgens,
2747 1180 2915 1249 Syrus
2943 1179 3160 1232 natione
3192 1175 3522 1230 Antiochen-

1942 1283 2038 1346 sis,
2076 1288 2191 1331 arte
2226 1278 2489 1340 medicus,
2531 1277 2828 1343 discipulus
2881 1273 3266 1342 apostolorum,
3299 1277 3521 1324 Sl‘ClllllS

1941 1379 2022 1421 est
2065 1369 2312 1431 Paulum,
2339 1371 2583 1420 serviens
2642 1367 2754 1420 Deo
2794 1365 2911 1418 sine
2961 1363 3211 1425 crimine,
3247 1375 3518 1428 nunquam

1943 1460 2148 1514 habens
2173 1472 2421 1522 uxorem,
2449 1471 2649 1510 until
2687 1469 2951 1509 annorum
2988 1455 3126 1508 obiit
3157 1454 3211 1507 in
3243 1454 3518 1521 Bithynia.

1941 1552 2131 1618 plenus
2158 1550 2362 1618 Spiritu
2394 1555 2607 1613 sancto,
2640 1546 2884 1615 sepultus
2926 1546 2981 1600 in
3022 1543 3517 1608 Constantinopoli.

1940 1643 1998 1697 lu
2033 1643 2254 1708 Achaia,
2287 1639 2469 1696 Grtcca
2499 1640 2673 1709 lingua
2709 1637 3059 1707 Evangelium
3085 1638 3342 1706 scripsit;
3391 1636 3522 1689 Mat-

1943 1735 2115 1786 thaeus
2144 1733 2362 1801 scripsit
2396 1730 2596 1785 JlldiEiS
2629 1729 2914 1786 ﬁdelibus;
2948 1726 3160 1780 Marcus
3207 1725 3522 1792 pcenitenti-

259 1831 497 1896 Reliquit
527 1847 741 1884 carnem
798 1831 888 1885 ﬁlii
925 1806 990 1885 ad
1032 1806 1219 1887 horam
1255 1834 1307 1887 in
1353 1806 1623 1903 passione,
1656 1848 1708 1888 ut
1745 1852 1838 1905 per

1953 1824 2044 1879 bus
2069 1841 2083 1888 ;
2123 1822 2362 1878 Joannes
2387 1821 2642 1891 perlectis
2667 1838 2681 1886 ;
2715 1819 2889 1874 Lucas
2913 1818 3116 1876 (ἐι-καῖε
3141 1816 3409 1880 ﬁdelibus.

263 1926 539 1992 proprium
603 1925 775 1978 lilium
836 1928 1117 1994 adoptatus
1189 1927 1326 1982 ﬁlios
1415 1928 1657 1982 haberet.
1687 1929 1840 1983 Sit-ut

261 2015 485 2083 spongia
525 2015 676 2083 plena
709 2030 970 2071 cavernas
1029 2027 1188 2073 aceto
1223 2033 1236 2076 ;
1265 2003 1334 2070 iia
1398 2026 1452 2071 et
1490 2015 1660 2074 Judgei
1694 2019 1836 2087 pleni

262 2115 422 2162 erant
451 2107 948 2176 superstitionibus,
1008 2118 1061 2162 et
1112 2109 1308 2162 acerba
1341 2109 1606 2164 doctrina.
1639 2107 1837 2178 Joseph

268 2199 494 2267 ﬁguram
525 2208 672 2253 tenet
697 2199 980 2267 primitim
1013 2199 1266 2254 Ecclesia:
1287 2211 1352 2253 ex
1387 2200 1656 2269 gentibus.
1697 2199 1840 2254 Mer.

265 2301 415 2344 catus
433 2300 508 2344 est
538 2290 830 2355 sindonem,
890 2305 987 2360 per
1028 2291 1262 2361 pretium
1311 2289 1560 2346 sindonis
1603 2292 1842 2350 ostendit

265 2380 662 2436 confessionem
693 2382 816 2436 ﬁdei
853 2397 868 2434 :
900 2395 998 2450 per
1045 2382 1326 2438 sindonem
1355 2381 1590 2435 ostendit
1615 2381 1842 2437 mortiﬁ-

263 2473 530 2526 Catimwttt
559 2471 834 2536 Ecclesim,
860 2471 974 2526 sive
1003 2471 1232 2542 gratiam
1265 2470 1656 2540 baptizatorum
1694 2489 1709 2528 :
1744 2471 1840 2526 ln-

265 2561 497 2614 oclutum
519 2576 704 2628 corpus
728 2559 856 2614 Jesu
901 2561 955 2613 in
984 2560 1202 2616 sindone
1223 2575 1373 2638 noro,
1400 2559 1451 2614 id
1481 2569 1582 2628 est,
1609 2562 1842 2616 circum-

267 2656 398 2710 dato
426 2655 626 2709 Christi
656 2652 922 2718 Ecclesia,
945 2661 1000 2707 et
1027 2653 1429 2708 revocationem
1469 2654 1840 2722 regeneratio-

271 2748 393 2811 nis;
427 2761 522 2813 per
553 2752 958 2800 monumentum
986 2753 1040 2799 et
1067 2743 1373 2806 sindonem,
1407 2745 1643 2798 ostendit
1669 2745 1842 2802 altare

266 2835 322 2888 in
356 2849 464 2904 quo
492 2848 692 2900 corpus
719 2833 926 2888 Christi
963 2833 1202 2902 ponitur.
1252 2832 1424 2887 Aliter
1452 2832 1711 2895 Ecclesia,
1748 2835 1838 2903 qui

269 2935 591 2994 receperunt
614 2926 886 2983 Christum
930 2941 1024 2996 per
1054 2926 1210 2978 tidem
1253 2925 1304 2978 in
1371 2926 1628 2980 cordibus
1683 2927 1838 2996 suis;

269 3019 391 3072 sive
420 3017 850 3072 manducandum
873 3031 1075 3087 corpus
1103 3017 1268 3081 illius,
1290 3025 1344 3071 et
1371 3018 1686 3072 sumendum
1719 3033 1842 3078 san-

266 3109 488 3186 guinem
520 3107 659 3177 ejus.
693 3104 852 3161 Petra
892 3106 1142 3162 Christus
1171 3117 1276 3167 est,

335 3187 740 3254 Honumentum
775 3199 997 3254 scissum
1029 3209 1204 3266 petra,
1250 3198 1493 3254 ostendit
1541 3197 1840 3254 Ecclesiam

265 3291 696 3348 aediﬁcatamde
726 3290 896 3345 latere
927 3291 1159 3346 Christi.
1199 3290 1444 3346 Advolvit
1506 3289 1732 3360 lapidem
1774 3297 1842 3345 ad

266 3385 464 3438 ostium
499 3384 852 3438 monumenti:
885 3382 1134 3436 ostendit
1193 3385 1518 3437 absconsum
1564 3381 1840 3437 Christum

268 3476 321 3529 in
352 3476 466 3545 lege
496 3485 549 3528 ει
577 3475 854 3546 prephetia
883 3489 898 3540 ;
927 3487 1019 3541 per
1048 3472 1350 3528 revolutum
1381 3472 1638 3541 lapidem,
1665 3483 1846 3526 osten-

269 3567 347 3618 dit
375 3575 616 3635 apertam
686 3564 966 3628 historiam
1027 3565 1184 3632 legis,
1247 3562 1544 3625 Christum.
1597 3565 1650 3616 in
1705 3577 1845 3618 novo

273 3654 639 3711 Testamento.
666 3653 786 3710 Non
812 3665 889 3708 est
921 3655 1022 3717 hic,
1049 3654 1099 3707 id
1129 3662 1234 3718 est,
1269 3670 1373 3708 non
1425 3663 1510 3706 est
1558 3655 1696 3722 apud
1746 3655 1845 3708 Ju-

274 3753 440 3814 dazos,
476 3751 570 3804 sed
597 3751 734 3818 apud
762 3759 974 3818 gentes.
1030 3747 1130 3812 Ite,
1155 3748 1314 3800 dicite
1341 3747 1608 3812 discipulis
1637 3758 1684 3800 et
1739 3747 1843 3802 Pe-

275 3853 396 3897 tro:
423 3844 667 3896 nominat
705 3856 804 3910 pro
831 3839 1138 3909 negatione,
1173 3847 1228 3890 ut
1265 3852 1370 3891 non
1426 3839 1758 3907 desperaret,
1794 3845 1846 3892 ct

269 3949 372 4004 pro
405 3934 704 4001 principatu
735 3933 1091 4002 apostolatus.

347 4022 518 4078 Maria
547 4023 612 4074 de
631 4037 734 4092 qua
758 4021 977 4086 eiecerat
998 4028 1188 4086 septem
1217 4019 1493 4073 damonia.
1517 4017 1844 4088 'Perseptem

271 4115 536 4166 daemonia
586 4116 825 4168 05tendlt
861 4122 1026 4166 totam
1081 4105 1246 4164 vitam
1282 4111 1428 4164 illius
1480 4112 1866 4180 inquinatam,‘

274 4203 402 4269 quia
438 4217 532 4270 per
559 4213 766 4271 septem
801 4201 919 4256 dies
950 4201 1202 4254 volvitur.
1261 4197 1556 4257 Pra'ditate
1604 4201 1849 4272 Evange-

276 4296 404 4352 lium
433 4297 575 4352 omni
604 4303 884 4358 creatum,
917 4294 966 4350 id
1001 4302 1104 4358 est,
1132 4294 1276 4347 omni
1301 4293 1501 4348 homini
1538 4310 1552 4354 ;
1580 4296 1704 4363 quia
1754 4296 1849 4349 ho-

277 4401 364 4440 mo
395 4401 604 4454 partem
637 4386 798 4439 habet
827 4400 951 4441 cum
985 4384 1086 4440 alia
1142 4394 1412 4450 creatura,
1459 4399 1584 4440 cum
1641 4387 1845 4458 angelis

2011 1918 2167 1987 (Cap.
2201 1916 2270 1986 l.)
2309 1914 2435 1968 Fuit
2472 1915 2525 1968 in
2556 1915 2734 1967 diebus
2763 1912 3017 1976 Herodis,
3057 1921 3112 1972 et
3149 1912 3380 1979 reliqua.
3425 1909 3525 1972 Hic

1939 2006 2182 2076 implevit
2210 2005 2476 2068 ordinem,
2511 2004 2648 2058 dixit
2683 2017 2863 2072 regem
2897 2012 2951 2056 et
2999 2002 3274 2070 regionem
3310 2003 3361 2056 in
3413 2019 3519 2070 qna

1941 2095 2062 2158 fuit,
2093 2096 2458 2157 sacerdotem,
2487 2102 2540 2149 et
2570 2104 2784 2166 gentem
2818 2093 2957 2163 ejus,
3002 2102 3056 2147 et
3091 2095 3316 2152 uxorem
3350 2093 3524 2163 ipsius

1943 2189 2147 2242 indicat
2179 2207 2193 2242 :
2223 2189 2288 2244 tle
2325 2188 2434 2241 uice
2481 2186 2633 2252 Abin,
2669 2185 2720 2240 id
2787 2194 2888 2250 est,
2928 2185 2980 2240 in
3038 2183 3232 2241 diebus
3281 2184 3518 2239 Domini.

1941 2278 2255 2345 Zacharias,
2279 2295 2478 2336 memor
2512 2279 2728 2334 Domini
2763 2279 3190 2348 interpretatur;
3225 2278 3308 2332 cui
3349 2294 3518 2348 appa-

1941 2373 2045 2426 ruit
2075 2371 2292 2442 angelus
2326 2371 2537 2426 Domini
2570 2388 2602 2426 a
2632 2372 2832 2426 deatris
2865 2371 3076 2434 altaris,
3107 2369 3346 2425 ostendit
3374 2370 3524 2440 quod

1941 2464 1989 2520 ei
2025 2465 2156 2534 quia
2204 2478 2414 2519 memor
2459 2463 2672 2519 Domini
2733 2472 2840 2530 est,
2873 2463 3279 2519 demonstratur
3326 2473 3525 2534 myste-

1943 2557 2082 2612 rium
2117 2555 2235 2610 Dei.
2265 2557 2426 2620 Ahia,
2449 2564 2600 2626 pater
2626 2556 2860 2619 Domini,
2883 2550 3304 2622 interpretatur;
3337 2561 3522 2623 aptum

1942 2648 2069 2712 fuit,
2111 2659 2169 2702 ut
2217 2648 2270 2702 in
2326 2658 2568 2717 tempore
2611 2646 2792 2715 ollicii,
2818 2647 2988 2715 patris
3047 2643 3258 2702 Domini
3313 2654 3525 2714 coeptus

1942 2747 2086 2794 esset
2111 2739 2341 2809 iste,qui
2372 2738 2586 2794 Patrem
2621 2739 2906 2793 Dominum
2948 2737 3316 2808 pradicasset.
3353 2737 3525 2793 Elisa-

1943 2829 2096 2895 beth,
2136 2829 2230 2884 Dei
2262 2830 2362 2882 mei
2393 2831 2671 2892 saturitas,
2707 2830 3130 2898 interpretatur:
3161 2829 3388 2899 figuram
3413 2828 3526 2888 Ma-

1944 2922 2037 2974 riae
2068 2929 2268 2989 portat,
2297 2935 2414 2991 qua:
2441 2904 2597 2991 plena
2631 2921 2740 2978 Deo
2770 2920 2870 2975 fuit
2889 2938 2905 2986 ;
2938 2930 2989 2974 et
3016 2924 3167 2974 ambo
3182 2921 3318 2992 justi
3343 2937 3524 2978 coram

1946 2999 2194 3082 Domino,
2220 3031 2325 3070 non
2369 3030 2552 3070 coram
2607 3015 2941 3080 hominibus,
2967 3015 3091 3084 quia
3149 3017 3278 3070 olim
3321 3017 3524 3072 sterilis

1869 3142 1914 3200 ο
1947 3109 2001 3162 in
2033 3108 2155 3200 lege
2176 3108 2520 3164 maledictum
2550 3107 2689 3176 fuit;
2721 3109 3013 3162 incedentes
3036 3109 3090 3161 in
3116 3108 3354 3162 omnibus
3375 3125 3528 3161 man-

1946 3199 2114 3264 datis,
2145 3199 2198 3254 id
2229 3209 2335 3265 est,
2373 3208 2539 3254 totam
2572 3200 2740 3272 legem
2786 3199 3097 3258 servabant.

2020 3285 2148 3347 Non
2190 3300 2302 3346 erat
2337 3288 2446 3343 illis
2491 3291 2658 3360 ﬁlius,
2693 3291 2818 3359 quia
2881 3290 3151 3350 Elisabeth
3187 3291 3426 3356 sterilis;
3475 3300 3526 3344 et

1949 3382 2102 3435 ambo
2144 3384 2544 3450 perseverabant
2605 3384 2659 3436 in
2708 3381 2890 3436 diebus
2927 3385 3060 3440 suis.
3118 3383 3244 3441 Ideo
3283 3384 3366 3444 ha:
3405 3383 3526 3444 dum

1946 3488 2124 3526 causte
2155 3485 2528 3528 memorantur
2568 3475 2583 3505 ¹
2621 3491 2635 3529 ;
2691 3475 3062 3530 testimonium
3119 3474 3296 3551 majus
3335 3475 3530 3535 fuisset.

1947 3566 2142 3622 virtus.
2208 3565 2480 3636 Ingressus
2547 3565 2838 3622 Zacharias
2899 3569 2954 3622 in
3010 3567 3278 3637 templum,
3322 3568 3371 3621 id
3422 3575 3527 3632 est,

1947 3655 2194 3709 Christus
2223 3655 2277 3708 in
2335 3655 2597 3711 Mariam:
2637 3657 2867 3728 populus
2923 3667 3063 3722 orat,
3097 3658 3237 3712 idem
3292 3659 3526 3728 primum

1950 3757 2101 3813 rogat
2139 3743 2460 3799 Zachariam
2491 3749 2745 3816 populus,
2779 3748 2830 3801 id
2855 3757 2970 3808 est,
2995 3749 3299 3804 libertatem
3346 3749 3410 3802 de
3435 3763 3528 3808 ca—

1948 3840 2194 3908 ptivitate
2231 3841 2523 3909 :apparuit
2557 3843 2607 3894 ei
2666 3840 2907 3909 angelus,
2965 3855 3071 3895 non
3134 3839 3291 3904 dixit,
3350 3839 3519 3901 venit,

1948 3931 2072 3999 quia
2118 3932 2188 3986 ibi
2221 3942 2347 3986 ante
2398 3932 2518 3986 luit.
2570 3930 2867 3988 Zacharias
2913 3934 3152 3990 turbatus
3185 3941 3280 3995 est,
3311 3930 3364 3989 id
3417 3939 3522 3992 est,

1947 4024 2071 4091 quia
2103 4021 2268 4079 Judaei
2308 4024 2689 4088 turbabuntur,
2717 4024 3040 4080 adveniente
3072 4022 3308 4078 Christo.
3344 4022 3530 4077 Exau-

1951 4117 2066 4168 dita
2099 4127 2172 4168 est
2205 4118 2374 4169 oratio
2406 4125 2520 4179 tua,
2553 4117 2605 4172 id
2638 4126 2742 4180 est,
2776 4117 2946 4185 magis
2970 4131 3128 4185 quam
3183 4115 3363 4185 petisti
3390 4133 3407 4174 :
3442 4131 3530 4172 r0-

1950 4208 2089 4277 gasti
2131 4223 2228 4276 pro
2288 4208 2612 4262 liberatione
2657 4208 2847 4277 plebis,
2900 4217 2958 4261 et
3009 4209 3242 4261 donatus
3287 4217 3369 4262 est
3429 4209 3526 4262 tibi

1953 4301 2279 4355 Praecnrsor.
2324 4299 2392 4359 Et
2422 4300 2575 4354 multi
2607 4302 2661 4353 in
2707 4301 2984 4358 nativitate
3033 4301 3148 4369 ejus
3201 4300 3526 4370 gaudebunt.

1951 4396 2074 4463 quia
2099 4403 2216 4463 post
2240 4395 2605 4463 perditionem
2630 4394 2943 4464 gaudebunt
2969 4395 3020 4448 in
3049 4395 3212 4448 vitam
3241 4405 3523 4449 aeternam.

276 4481 597 4550 intelligere,
628 4479 707 4532 vel
741 4479 1074 4542 discernere,
1109 4491 1230 4532 cum
1259 4477 1518 4544 iumentis
1565 4478 1745 4556 videre
1795 4491 1846 4534 et
1882 4473 1924 4525 ο
2025 4485 2163 4558 Quia
2189 4487 2297 4554 ipse
2325 4486 2481 4549 dixit,
2512 4485 2645 4542 Ecce
2666 4503 2833 4554 agnus
2870 4485 2987 4551 Dei,
3015 4495 3069 4539 et
3097 4486 3300 4554 reliqua
3337 4503 3352 4539 :
3387 4501 3529 4557 pra:-

278 4570 505 4633 sentire,
555 4583 676 4621 cum
738 4568 1024 4622 arboribus
1083 4568 1318 4622 vivere:
1360 4567 1560 4636 lignum
1611 4568 1740 4622 vivit
1779 4584 1846 4625 ex

273 4663 568 4726 viriditate,
600 4661 679 4714 sic
706 4669 760 4715 et
791 4660 954 4716 homo
989 4674 1081 4726 per
1127 4658 1462 4730 iuventutem
1490 4677 1506 4713 :
1534 4675 1657 4714 cum
1707 4661 1847 4732 lapi-

273 4752 434 4806 dibus
462 4768 603 4818 csse,
631 4751 759 4819 quia
790 4751 934 4804 sicut
959 4750 1189 4818 lapides,
1225 4760 1350 4805 sunt
1379 4760 1432 4805 et
1461 4749 1710 4808 homines
1733 4767 1851 4808 cre-

272 4839 490 4894 dentes.

307 4984 312 4988 .
354 4930 620 4985 Dtemonia
645 4931 854 5002 ejicient
875 4948 894 4998 ;
928 4931 1042 4986 sive
1071 4932 1406 5000 spiritaliter,
1443 4935 1560 4990 sive
1597 4950 1853 5006 corpora-

269 5022 432 5086 liter;
472 5024 664 5092 linguis
687 5025 828 5077 noris
862 5024 1163 5095 loquentur,
1193 5029 1306 5080 sive
1349 5027 1580 5082 diversis
1618 5029 1850 5098 linguis;

270 5127 412 5166 nova
443 5117 620 5182 lingua
652 5115 964 5186 prmdicatio
992 5113 1264 5186 Evangelii
1299 5127 1380 5170 est
1407 5133 1424 5181 ;
1455 5129 1714 5186 serpentes
1748 5119 1852 5174 tol-

268 5205 406 5269 lent,
437 5207 490 5260 id
523 5215 626 5269 cst,
657 5221 922 5260 venenum
960 5207 1356 5278 serpentinum,
1377 5209 1492 5263 sive
1549 5211 1850 5266 doctrinam

269 5297 651 5352 hmreticorum
679 5315 694 5358 ;
737 5298 781 5350 si
811 5297 1142 5366 mortiferum
1173 5299 1418 5363 biberint,
1449 5315 1553 5352 non
1577 5301 1653 5354 eis
1691 5316 1850 5358 noceo

265 5387 375 5447 bit,
402 5401 499 5439 nec
524 5388 764 5440 doctrina
795 5387 1168 5441 haereticorum
1194 5403 1210 5454 ;
1240 5405 1396 5457 super
1430 5406 1597 5460 aegros
1637 5408 1847 5459 manus,

264 5478 336 5531 id
364 5487 466 5542 est,
491 5478 603 5531 sive
627 5479 890 5546 corporis,
922 5479 1034 5532 sive
1065 5484 1275 5532 animat.
1303 5479 1436 5534 Tres
1468 5482 1696 5551 legimus
1727 5497 1849 5538 cum

265 5582 507 5640 corpore
539 5572 603 5624 de
640 5572 840 5624 mundo
874 5579 1177 5640 assumptos
1209 5573 1260 5625 in
1291 5574 1485 5627 ctnlum
1524 5590 1537 5628 :
1587 5573 1847 5630 Dominus

358 5749 374 5780 ⁸
405 5745 673 5819 Scriptum
692 5760 828 5816 erat,
853 5752 972 5805 duce
993 5770 1186 5822 causa,
1213 5767 1466 5813 memorat
1493 5759 1843 5824 testimonium
1885 5765 2058 5836 major
2077 5765 2290 5838 fuisset,
2314 5765 2426 5826 etc;

598 5845 671 5908 Pa
685 5861 865 5909 rsoL.
911 5849 1070 5917 XXX

1952 4575 2098 4630 cedit
2151 4574 2454 4638 Christum,
2507 4584 2632 4630 ante
2691 4575 3014 4646 baptizatur,
3077 4587 3134 4631 et
3193 4577 3528 4648 pranlicavit,

1955 4679 2081 4722 ante
2115 4678 2462 4737 εοιιερεειιιε,
2509 4677 2637 4722 ante
2665 4679 2842 4732 natus,
2871 4679 2925 4727 ει
2958 4677 3241 4725 mortuus:
3277 4685 3368 4724 89X
3401 4685 3529 4725 εειιο

1954 4772 2066 4817 sas,
2095 4757 2218 4825 quia
2254 4772 2348 4814 sex
2381 4772 2594 4820 menses
2624 4757 2764 4817 inter
2793 4774 2886 4813 eos
2916 4768 3095 4814 erant.
3131 4759 3242 4830 Ego
3270 4777 3386 4814 sum
3425 4760 3532 4815 Ga-

1956 4850 2105 4917 briel,
2134 4851 2186 4905 id
2211 4857 2321 4916 est,
2350 4851 2608 4919 fortitudo
2659 4850 2776 4912 Dei.
2808 4849 3056 4920 Concepit
3091 4849 3389 4917 b‘tisabeth,
3421 4868 3526 4908 non

1958 4943 2098 4997 dixit
2125 4942 2190 4996 de
2217 4939 2480 5002 Zacharia
2515 4957 2531 4996 :
2560 4940 2812 5014 Cognovit
2850 4957 3066 4996 uxorem
3093 4959 3264 5004 suam,
3291 4945 3414 5010 quia
3441 4945 3534 4998 dc-

1959 5030 2090 5087 l'ecit
2118 5033 2184 5088 ab
2224 5033 2304 5088 eis
2349 5033 2598 5091 voluntas
2653 5033 2908 5088 desiderii
2949 5051 2963 5092 :
2997 5043 3047 5088 et
3109 5034 3406 5088 occultabat
3448 5051 3528 5101 se,

1962 5133 2183 5190 propter
2215 5121 2527 5190 pudicitiam
2564 5139 2577 5175 :
2609 5132 2665 5176 ut
2699 5124 2952 5190 probaret
2987 5124 3131 5191 quod
3186 5135 3527 5192 conceperat,

1956 5213 2000 5266 si
2038 5227 2220 5268 verum
2245 5211 2474 5270 luisset:
2513 5213 2771 5267 mensibus
2796 5215 3040 5283 quinque,
3075 5212 3128 5266 id
3159 5222 3263 5277 est,
3301 5230 3330 5266 v
3355 5215 3561 5293 millia‘

1957 5303 2169 5364 seculi,
2201 5306 2316 5358 sive
2350 5306 2590 5373 quinque
2626 5304 2747 5359 libri
2781 5305 3002 5376 tloysis.

2025 5394 2248 5460 Auferre
2273 5396 2608 5464 opprobrium
2646 5411 2840 5457 meum,
2876 5395 2928 5450 id
2961 5405 3065 5461 est,
3096 5397 3400 5460 sterilitatis
3432 5412 3533 5470 ορ-

1954 5487 2256 5556 probrium,
2290 5495 2344 5541 et
2369 5488 2743 5558 conceptionis
2770 5488 2822 5542 in
2852 5498 3170 5557 senectute;
3207 5491 3342 5545 inter
3367 5490 3536 5546 homi-

1955 5595 2064 5644 nes,
2099 5579 2221 5648 quia
2253 5594 2358 5634 non
2397 5580 2498 5635 fuit
2553 5582 2904 5652 approbrium
2955 5583 3096 5652 apud
3129 5583 3321 5639 Deum.
3385 5583 3538 5646 Sicut

3185 5794 3292 5930 ⁸19
