3946 6206
487 299 604 414 εει

1449 352 1506 413 S.
1553 347 1992 412 lllERONYMl
2037 346 2356 408 OPERUM
2401 340 2808 403 MAN'l‘lSQA.
3601 331 3690 393 5ἳὲ

485 465 538 518 in
592 473 747 518 sexto
780 476 961 516 mense
994 461 1189 518 missus
1222 472 1304 518 est
1334 462 1548 518 Gabriel
1579 481 1607 519 a
1646 464 1874 520 Domina
1905 465 1959 520 in
1987 464 2064 519 ei-
2093 470 2134 526 Α
2170 459 2426 530 praesepio
2457 456 2658 512 Christi
2689 451 2927 510 ostendit
2961 459 3148 522 gentes
3184 456 3235 504 et
3263 445 3469 504 Juda‘os
3490 443 3702 505 cinnam-

483 555 704 608 vitatem
733 572 746 607 :
776 553 853 607 ita
887 551 938 604 in
995 564 1150 606 sexto
1179 553 1429 608 milliaria
1486 555 1669 613 mttndi
1719 556 1918 611 missus
1971 565 2055 609 cst

481 647 753 701 Christus.
789 643 1011 713 Joseph,
1048 645 1302 708 salvator,
1348 645 1757 714 interpretatur,
1795 648 1888 716 qui
1944 649 2056 704 sal-

483 737 622 790 vavit
648 735 937 806 [Egyptum
988 737 1054 792 de
1089 738 1231 792 fame
1259 753 1275 793 :
1307 739 1422 793 sive
1448 741 1463 770 ¹
1494 739 1660 794 Maria
1686 741 1973 807 benedicta,
2002 741 2053 794 id

481 840 584 892 est,
615 844 642 882 a
677 845 840 882 carne
871 829 1069 883 Christi
1099 847 1111 882 :
1150 830 1360 888 turbata
1387 841 1565 885 autem
1600 833 1724 901 quia
1757 833 2051 900 nesciebat,

481 924 523 975 si
561 921 854 990 pra'terilo,
877 934 942 971 au
976 918 1155 973 futuro
1183 921 1326 990 quod
1359 923 1578 988 angelus
1611 923 1744 976 dixit
1783 940 1796 977 :
1828 921 2056 992 Spiritus

479 1022 696 1064 sanctus
728 1011 860 1063 venit
895 1010 948 1062 in
982 1019 1030 1063 te
1058 1026 1077 1063 :
1109 1011 1345 1080 Spiritus
1378 1029 1571 1066 nomen
1605 1015 1898 1070 estotnnis
1934 1030 2055 1082 gra-

481 1104 592 1163 tiie,
629 1100 850 1167 quando
905 1099 1222 1169 inSpiratur,
1265 1102 1536 1168 quomodo
1589 1104 1809 1172 agnovit
1865 1103 2054 1166 Maria,

482 1194 624 1260 quod
661 1190 800 1244 dixit
855 1191 1100 1261 angelus,
1135 1193 1216 1245 vel
1276 1193 1401 1246 dum
1460 1193 1614 1262 plena
1671 1204 1786 1247 erat
1838 1195 2056 1261 spiritu,

480 1280 691 1334 Sciebat
719 1282 858 1347 quod
881 1281 1102 1347 angelus
1139 1280 1349 1334 locutus
1380 1293 1464 1336 e5t
1491 1284 1561 1336 ei.
1598 1281 1772 1337 Virtus
1794 1283 2056 1336 Altissimi

481 1372 810 1425 obumbrabit
845 1371 960 1435 tibi,
987 1371 1037 1424 id
1071 1381 1174 1436 est,
1213 1372 1500 1428 abscondit
1531 1384 1579 1429 te
1611 1375 1662 1428 in
1692 1373 1927 1444 Egypto
1973 1375 2057 1428 l‘u-

482 1464 697 1533 giendo.
724 1461 960 1531 Cognata
980 1475 1092 1527 tua,
1128 1463 1245 1517 ideo
1275 1464 1496 1529 dicitur,
1525 1466 1650 1534 quia
1685 1463 1961 1520 Elisabetb
1991 1467 2057 1520 dc

483 1552 630 1606 tribu
668 1549 796 1605 Levi
847 1550 968 1618 fuit,
1006 1551 1057 1605 id
1091 1560 1190 1618 est,
1221 1552 1286 1606 de
1332 1555 1472 1607 tribu
1525 1554 1614 1610 Dei
1653 1571 1668 1612 :
1701 1571 1815 1610 ecce
1858 1556 2060 1610 ancilla

485 1643 720 1706 Domini,
751 1651 808 1694 ιιι
835 1641 987 1703 dicit,
1020 1641 1161 1696 ﬁlius
1189 1643 1396 1698 ancilla:
1447 1654 1570 1698 tuae.

555 1734 701 1788 Abiit
733 1736 784 1787 in
817 1744 1040 1787 montem
1073 1750 1191 1787 cum
1233 1736 1569 1804 festinatione
1596 1754 1615 1790 :
1651 1739 1776 1807 quia
1824 1739 2003 1794 omn’s
2040 1742 2061 1772 ²

2161 551 2345 604 nicare
2369 562 2528 613 super
2555 547 2725 602 altare
2758 564 2772 600 ε
2799 543 2970 597 Locus
2996 544 3048 596 in
3087 541 3393 604 diversorio,
3427 540 3476 593 id
3502 549 3597 606 est,
3622 542 3700 594 do-

2163 657 2284 695 mus
2310 641 2450 694 inter
2481 642 2614 692 duos
2640 651 2846 701 muros,
2879 637 3013 688 duas
3040 634 3238 704 januas
3275 631 3432 686 habet
3461 650 3474 686 :
3502 631 3700 702 ﬁguram

2163 731 2440 794 Ecclesiae,
2469 732 2610 783 inter
2657 728 2990 796 paradisum,
3018 734 3072 778 et
3127 725 3404 778 mundum.
3451 721 3706 776 Exercitus

2162 823 2390 878 militum
2427 820 2664 874 osten-lit
2717 819 2907 871 ducem
2939 808 3230 886 ;Cbristnm
3284 813 3454 883 sequi.
3488 811 3707 866 Pastores

2163 913 2531 982 loquebantur,
2569 920 2751 977 aptum
2794 907 2914 973 fuit,
2955 919 3009 960 ut
3058 915 3301 974 pastores
3341 905 3708 973 loquerentur:

2162 1019 2345 1073 aptum
2375 1001 2430 1054 l'u
2459 1011 2496 1060 ι,
2527 1009 2579 1051 ιιι
2621 1009 2866 1067 pastores
2895 995 3264 1049 testimonium
3293 994 3480 1046 darent
3505 992 3568 1045 de
3600 1005 3710 1044 vero

2162 1111 2320 1167 agno.
2367 1094 2722 1146 Transeamus
2754 1091 2806 1142 in
2837 1088 3156 1149 Bethlehem,
3185 1086 3420 1140 ostendit
3452 1083 3596 1138 nobis
3623 1098 3710 1136 non

2161 1191 2405 1259 aspicere
2464 1195 2630 1249 retro,
2673 1199 2774 1237 nec
2828 1183 2895 1236 ad
2936 1183 3207 1257 dextram,
3257 1193 3359 1232 nec
3417 1179 3480 1230 ad
3522 1177 3709 1240 laevam,

2165 1282 2267 1334 nisi
2303 1281 2366 1333 ad
2394 1278 2693 1332 Christum.
2723 1273 3040 1328 Invenerunt
3074 1269 3326 1331 Mariam,
3357 1267 3546 1335 Joseph
3573 1275 3615 1320 et
3641 1267 3712 1319 in-

2161 1375 2386 1443 fantem,
2416 1385 2511 1438 per
2534 1370 2629 1422 hos
2660 1377 2771 1422 tres
2795 1375 3022 1420 sanatus
3046 1375 3131 1418 est
3167 1361 3425 1416 mundus.

2241 1464 2420 1516 Maria
2447 1460 2788 1514 conservabat
2815 1458 2992 1511 omnia
3020 1455 3171 1510 verba
3203 1455 3339 1515 hcce,
3382 1453 3432 1506 id
3462 1459 3560 1514 εει,
3589 1450 3713 1513 quod

2166 1553 2388 1626 angelus
2417 1553 2464 1606 ei
2499 1551 2654 1604 dixit.
2713 1548 3010 1616 Postquam
3057 1543 3414 1598 consummati
3451 1549 3564 1594 sunt
3620 1539 3712 1591 dies

2167 1656 2298 1705 octo,
2343 1649 2400 1695 ut
2437 1639 2900 1694 circumcideretur
2929 1653 2946 1690 :
2976 1644 3030 1690 et
3085 1635 3136 1688 in
3162 1643 3360 1687 octava
3413 1630 3714 1686 beatitudine

2167 1735 2406 1788 ostendit
2436 1732 2747 1801 passionem
2785 1727 2989 1782 Christi
3032 1725 3160 1779 dum
3191 1725 3396 1780 dicitur
3426 1740 3440 1777 :
3470 1722 3613 1775 Beati
3638 1719 3714 1787 qui

485 1827 821 1879 voluntatem
856 1826 947 1878 Dei
975 1825 1214 1894 implere,
1247 1825 1499 1881 festinare
1536 1827 1719 1883 debet.
1758 1830 2054 1884 Exsultavit
2084 1831 2133 1893 Β
2163 1824 2574 1895 persecutionem
2614 1821 2892 1888 patiuntur
2931 1815 3152 1886 (Matth.
3187 1831 3235 1882 ν,
3284 1816 3395 1885 10).
3433 1813 3710 1867 Circumci-

483 1917 661 1986 snfans
695 1917 748 1968 in
801 1926 943 1968 utero
977 1917 1166 1970 matris
1192 1916 1326 1986 ejus,
1351 1917 1402 1971 id
1434 1927 1535 1982 εει,
1584 1920 1865 1980 honoravit
1919 1920 2063 1977 ﬁlius

484 2004 674 2071 lilium,
706 2004 852 2058 sicut
894 2004 1180 2058 honoravit
1214 2006 1406 2059 mulier
1442 2007 1743 2061 mulierem.
1779 2005 2064 2062 Exclamo-

487 2098 560 2152 rit
588 2112 705 2150 voce
738 2112 950 2166 magna.
976 2098 1175 2166 Aptum
1208 2099 1328 2161 luit,
1358 2098 1484 2167 quia
1511 2099 1575 2154 de
1607 2098 1818 2154 Joanne
1861 2101 2063 2156 dictum

481 2196 586 2252 εει,
624 2185 737 2240 Vox
769 2188 1047 2241 clamantis
1083 2189 1137 2239 in
1170 2187 1372 2242 deserto
1431 2187 1571 2257 (lsa.
1615 2205 1703 2256 XL,
1729 2191 1808 2258 5).
1831 2190 2062 2244 Joannes

483 2289 558 2332 est
596 2294 779 2331 nomen
806 2281 958 2346 ejus;
991 2292 1088 2332 cur
1127 2293 1233 2333 non
1267 2279 1422 2342 dixit,
1477 2277 1716 2335 Joannes
1766 2280 1908 2334 erit?
1939 2282 2062 2347 quia

487 2371 552 2424 ab
583 2369 768 2440 angelo
803 2380 1009 2422 vocatus
1039 2380 1112 2422 est
1137 2379 1416 2439 antequam
1444 2372 1821 2436 conciperetur.
1866 2371 1933 2424 Et
1963 2371 2061 2424 tui-

486 2462 593 2514 rati
617 2470 761 2526 sunt,
793 2461 842 2512 id
868 2469 970 2526 est,
1008 2461 1385 2514 convenientia
1436 2462 1577 2513 inter
1605 2473 1812 2530 patrem
1848 2472 1903 2515 et
1952 2478 2064 2515 ma-

485 2561 644 2605 trem.
674 2550 982 2604 Benedictus
1013 2550 1264 2603 Dominus
1290 2559 1487 2616 noster,
1515 2551 1805 2605 bonitatem
1827 2552 1915 2607 Dei
1938 2553 2062 2606 dum

493 2643 705 2708 rogavit
737 2639 1033 2695 Zacharias
1073 2656 1170 2710 pro
1231 2642 1558 2696 liberatione
1595 2641 1785 2711 plebis,
1813 2643 1887 2697 illi
1923 2644 2066 2698 Prae-

485 2746 677 2786 enrsor
711 2733 945 2786 donatus
988 2744 1093 2787 est.
1132 2730 1314 2786 Erexit
1376 2748 1541 2786 cornu
1605 2733 1816 2798 salutis,
1847 2734 1900 2789 id
1955 2745 2061 2802 est,

485 2824 734 2880 Christus
766 2825 889 2894 quia
917 2840 1084 2878 cornu
1123 2840 1220 2878 nec
1243 2840 1368 2880 caro
1397 2836 1481 2881 est
1515 2841 1614 2880 nec
1644 2841 1804 2882 ossus
1831 2844 1846 2884 :
1903 2828 1980 2883 sic
2011 2839 2064 2881 et

484 2916 758 2981 Christus,
789 2932 885 2970 nec
913 2932 1091 2980 ossue,
1121 2931 1222 2971 nec
1243 2931 1369 2972 caro
1393 2927 1474 2972 cst
1503 2935 1517 2969 :
1555 2926 1761 2972 tantum
1788 2919 2061 2974 divinitas.

487 3009 625 3064 Puer
661 3011 943 3070 crescebat,
967 3009 1016 3062 id
1043 3020 1145 3070 εει,
1175 3023 1425 3079 carpare.

559 3103 712 3170 (Cap.
751 3102 839 3172 ll.)
876 3100 1002 3155 Illac
1029 3104 1310 3171 descriptio
1339 3103 1514 3171 prima
1571 3103 1715 3169 facta
1743 3111 1842 3165 est,
1874 3101 1922 3156 id
1954 3110 2059 3166 est,

2165 1920 2246 1972 sio
2279 1915 2481 1970 Christi
2515 1914 2600 1968 die
2634 1920 2850 1972 octavo,
2886 1911 3127 1973 oswndit
3161 1908 3483 1978 sanguinem
3523 1914 3705 1974 marty-

2166 2023 2306 2070 rum,
2343 2020 2516 2074 nsque
2568 2005 2620 2058 in
2653 2005 2795 2057 diem
2844 2003 3039 2072 judicii
3078 2019 3093 2056 :
3132 2002 3246 2054 sive
3309 2000 3436 2070 quia
3495 1998 3710 2066 implevit

2167 2099 2442 2168 lcgem,et
2473 2111 2576 2148 non
2627 2095 2811 2148 solvit.
2855 2093 3142 2161 Postquam
3199 2092 3405 2160 impleti
3454 2100 3570 2144 sunt
3617 2091 3710 2142 dies

2165 2188 2496 2260 purgationis
2525 2188 2664 2260 ejus,
2693 2186 2746 2239 id
2801 2193 2908 2249 est,
2959 2185 3246 2258 duodecim
3305 2184 3420 2238 dies
3453 2185 3514 2238 de
3546 2196 3708 2252 puero,

2167 2285 2231 2338 de
2267 2283 2439 2351 puella
2475 2282 2696 2350 triginta
2729 2281 2782 2333 in
2813 2280 2928 2349 lege
2957 2280 3077 2344 fuit,
3114 2288 3169 2331 ut
3215 2279 3412 2332 mulier
3444 2295 3539 2330 non
3569 2277 3710 2329 intret

2167 2374 2222 2427 in
2257 2372 2527 2428 Ecclesia.
2574 2369 2683 2423 Par
2718 2377 3008 2434 turturum,
3046 2375 3138 2418 aut
3174 2369 3309 2418 duos
3334 2365 3502 2431 pullos
3535 2362 3708 2416 colum-

2165 2467 2371 2529 barum,
2403 2478 2498 2533 per
2525 2461 2787 2516 S:B\lll3lll
2814 2457 3051 2513 tortoris
3078 2457 3325 2510 Ostendit
3352 2470 3471 2510 esse
3499 2452 3706 2522 pruden-

2169 2559 2294 2611 tiain
2329 2557 2470 2609 sicut
2495 2554 2788 2620 scrpentis,
2814 2567 2910 2620 per
2934 2548 3244 2606 columbam
3284 2549 3548 2617 simplices
3569 2558 3702 2599 esse:

2164 2664 2283 2716 par,
2320 2647 2579 2710 ostendit,
2615 2656 2671 2699 ut
2705 2655 2873 2699 totum
2905 2659 2963 2698 se
2997 2642 3162 2696 homo
3187 2641 3384 2697 oﬁ‘erat
3418 2640 3537 2694 Deo.
3565 2637 3707 2690 Reee-

2164 2740 2412 2792 lationem
2447 2739 2698 2806 gentium,
2727 2737 2779 2790 id
2811 2746 2915 2801 est,
2959 2739 3189 2807 gloriam
3237 2736 3388 2789 ﬁdei.
3421 2731 3550 2785 Ecce
3577 2728 3701 2798 posi-

2165 2840 2248 2883 tus
2272 2831 2324 2884 in
2352 2831 2583 2893 ruinam,
2614 2829 2666 2882 id
2712 2837 2816 2891 εει,
2869 2828 2953 2883 his
2987 2823 3077 2896 qni
3111 2842 3216 2880 non
3273 2828 3531 2890 credunt;
3559 2823 3606 2875 in
3635 2832 3705 2872 re-

2164 2922 2584 2983 surrectionem,
2620 2921 2702 2973 his
2735 2919 2825 2988 qui
2864 2921 3095 2973 credunt
3126 2918 3178 2972 in
3205 2933 3336 2972 eum
3369 2933 3382 2970 :
3429 2925 3474 2969 et
3501 2914 3701 2982 signum,

2167 3014 2217 3065 id
2257 3025 2362 3075 εει,
2415 2995 2790 3080 Evangelium.
2843 3009 2974 3064 Veni
3024 3025 3284 3078 separare
3316 3009 3566 3060 hominem
3616 3001 3700 3052 ad-

2166 3118 2344 3156 versus
2380 3114 2618 3166 matrem,
2652 3111 2705 3154 et
2752 3101 2954 3169 reliqua
3004 3101 3214 3171 (Matth.
3253 3117 3307 3163 x,
3336 3099 3469 3161 55);
3500 3107 3552 3148 ιιι
3606 3092 3702 3159 ipse

486 3193 770 3259 ltmnanis,
824 3194 944 3262 quia
995 3191 1171 3249 Julius
1232 3195 1437 3264 primus
1478 3195 1724 3262 regnavit
1778 3194 2056 3259 Romanis,
2086 3175 2128 3231 (ἶ
2166 3195 2284 3247 ait:
2319 3195 2449 3258 Qua?
2479 3206 2551 3248 est
2603 3202 2776 3246 mater
2811 3208 2926 3245 mea
2987 3189 3202 3259 (Matth.
3246 3204 3346 3255 xtl,
3379 3187 3502 3255 ‘8)?
3537 3184 3700 3237 Βεαιιε

486 3285 580 3338 sed
616 3299 718 3337 non
757 3287 928 3340 tenuit
957 3287 1264 3339 universum
1315 3285 1573 3339 mundum
1611 3302 1626 3341 :
1662 3298 1712 3338 et
1769 3298 1890 3355 post
1935 3301 2058 3338 eum

491 3377 738 3445 regnavit
792 3375 1105 3444 Augusuts:
1166 3383 1286 3443 post
1333 3377 1630 3444 Augustum
1679 3376 1950 3430 Tiberius.
2004 3375 2058 3430 In
2107 3441 2112 3444 _

488 3475 735 3536 tempore
769 3467 992 3536 Augusti
1031 3477 1083 3520 et
1118 3467 1318 3522 Tiberii
1358 3478 1570 3536 tempus
1597 3468 1798 3523 Christi
1829 3469 2066 3538 comple-

488 3569 575 3612 tur
608 3558 932 3626 baptismum
975 3573 1130 3612 suum
1165 3577 1178 3613 :
1213 3560 1339 3628 quia
1378 3575 1440 3612 xv
1465 3574 1608 3614 anno
1635 3560 1702 3615 de
1737 3577 1901 3631 regno
1945 3561 2062 3614 Au-

487 3649 628 3720 gusti
660 3659 924 3702 venerunt
955 3649 1004 3702 in
1033 3664 1139 3702 uno
1173 3666 1340 3704 curro
1365 3650 1428 3703 ad
1459 3650 1730 3704 civitatem
1762 3665 1912 3712 suam
1948 3651 2062 3702 Ao-

487 3751 679 3808 gustus
709 3748 763 3792 et
789 3737 928 3792 ﬁlius
955 3737 1072 3806 ejus
1098 3737 1368 3792 Tiberius.
1402 3738 1530 3792 Post
1575 3754 1736 3806 quam
1770 3740 2063 3792 adsuerunt

487 3846 684 3900 agnum
717 3829 926 3893 mundi,
955 3829 1189 3883 ostendit
1235 3829 1376 3898 quod
1408 3829 1460 3882 in
1506 3845 1678 3896 regno
1715 3829 1831 3898 ejus
1872 3846 2061 3882 nasce-

489 3936 637 3974 retur
667 3920 802 3988 ipse,
830 3920 922 3988 qui
948 3928 1200 3986 regnaret
1224 3919 1274 3972 in
1309 3920 1562 3972 universo
1591 3921 1808 3981 mundo,
1832 3931 1886 3972 et
1909 3930 2063 3985 pater

488 4014 752 4066 unitatem
787 4012 877 4064 lilii
909 4015 992 4065 sui
1028 4012 1382 4064 voluntatem.
1434 4011 1556 4081 Ipso
1621 4026 1860 4079 tempore
1892 4027 2060 4081 appa-

487 4105 599 4157 ruit
631 4104 866 4156 circulus
895 4118 1067 4158 aereus
1104 4119 1230 4170 erga
1267 4104 1458 4166 solent,
1495 4103 1740 4157 Ostendit
1792 4107 1932 4168 quod
1971 4120 2063 4154 na-

487 4201 658 4250 scitur
674 4197 724 4249 iu
761 4206 1000 4262 tempore
1020 4194 1156 4263 ejus,
1181 4194 1336 4262 cujus
1357 4203 1595 4262 potestas
1616 4208 1666 4250 et
1697 4195 2060 4264 pulchritudo,

486 4302 532 4342 et
549 4289 660 4348 lus,
681 4300 732 4341 ct
750 4285 1012 4354 sapientia
1031 4285 1476 4340 circumdedisset
1493 4300 1706 4340 omnem
1731 4286 2022 4355 potentiam
2045 4302 2061 4338 :

491 4383 718 4447 priurum
749 4379 1230 4448 pulchritudinem,
1271 4376 1446 4431 lucent
1473 4390 1527 4429 et
1552 4378 1894 4446 sapientiam.
1941 4377 2063 4444 Ipso

489 4485 730 4539 tempore
764 4471 920 4522 ﬁnxit
951 4469 1073 4522 fons
1107 4471 1282 4522 oleum
1322 4487 1349 4520 ει
1385 4469 1606 4522 taberna
1649 4470 1922 4521 meritoria
1951 4477 2056 4520 tota
2095 4503 2136 4556 υ
2169 4477 2468 4545 qum-ebant
2503 4490 2641 4535 eum,
2673 4487 2766 4540 per
2824 4483 2934 4523 tres
2988 4470 3133 4536 leges
3169 4488 3181 4524 :

487 4566 595 4627 die,
624 4578 790 4632 usque
813 4562 878 4614 ad
929 4576 1209 4630 vesperum
1238 4577 1252 4614 :
1278 4562 1513 4615 ostendit
1543 4563 1684 4628 quod
1724 4561 1963 4614 nascitur
2008 4561 2059 4613 in

489 4667 728 4722 tempore
758 4650 900 4718 ejus,
935 4666 963 4704 a
996 4665 1102 4720 quo
1127 4650 1375 4706 ﬂuxisset
1402 4651 1520 4705 fons
1543 4651 1673 4714 olei,
1710 4652 1760 4704 id
1791 4660 1897 4710 est.
1950 4653 2061 4720 spi-

486 4744 662 4798 ritalis
697 4743 880 4798 unctio
908 4758 1004 4810 per
1035 4752 1204 4794 totum
1233 4742 1580 4813 Evangelintn
1621 4758 1787 4811 usque
1817 4746 1866 4796 in
1899 4744 2058 4798 ﬁnem

486 4837 690 4891 mundi.
729 4839 1000 4904 Augustus
1053 4848 1258 4903 patrem
1291 4835 1507 4904 ﬁgurat,
1570 4835 1820 4890 Tiberius
1869 4837 2057 4891 tilium.

487 4928 776 4998 l’rOpterea
797 4943 994 4982 census
1023 4937 1204 4991 datur,
1234 4936 1292 4979 ut
1322 4929 1482 4981 sciret
1517 4942 1604 4981 rex
1636 4943 1918 4982 tmmerum
1957 4927 2058 4981 bo-

486 5023 690 5072 minum
718 5028 768 5072 et
803 5018 1247 5086 magnitudinem.
1286 5020 1328 5070 Λ
1359 5019 1579 5082 praeside
1606 5015 1778 5086 Syria:
1813 5017 1854 5082 ³,
1877 5003 2060 5076 οειειιὲ

486 5113 559 5163 dit
583 5111 758 5165 locum
789 5110 856 5164 de
887 5124 996 5179 quo
1028 5107 1277 5164 Christus
1298 5107 1397 5161 fuit
1425 5126 1438 5162 :
1473 5119 1526 5159 ut
1549 5111 1851 5177 pro/iterent
1875 5113 2060 5181 singu-

483 5206 519 5256 ιε
547 5205 600 5255 in
632 5218 784 5256 suam
809 5203 1092 5267 civitatem,
1127 5199 1381 5262 ostendit,
1406 5211 1463 5254 ut
1493 5201 1670 5256 nullus
1699 5212 1850 5260 extra
1877 5203 2062 5256 Eccle-

487 5297 624 5346 siatn
665 5308 885 5346 censum
931 5291 1040 5345 Deo
1080 5291 1288 5344 reddat.
1344 5289 1552 5343 Positus
1593 5291 1646 5342 in
1695 5293 2058 5362 prcesepio,.id

487 5395 589 5450 est,
621 5399 818 5453 corpus
850 5383 1066 5440 Christi.
1084 5397 1248 5451 super
1274 5383 1446 5437 altare
1475 5400 1488 5436 :
1523 5385 1619 5436 bos
1652 5393 1708 5436 et
1761 5384 1948 5438 asinus
2004 5385 2059 5438 in

553 5543 568 5574 ¹
600 5542 748 5603 Erat,
769 5541 1057 5611 Egyptian
1077 5548 1138 5596 de
1157 5545 1297 5612 fame
1313 5545 1415 5597 sive
1435 5542 1632 5607 Μαι-ἔα,
1652 5545 1934 5610 benedixit,
1953 5556 2057 5602 etc.

525 5615 573 5688 ι’
605 5617 804 5678 b'uppte
834 5618 921 5678 qui
959 5614 1088 5674 vult,
1125 5629 1217 5666 aut
1247 5616 1376 5680 quid
1433 5617 1627 5668 simile.
1657 5616 1892 5688 Inferius
1932 5634 2058 5688 graf

491 5692 980 5799 viorauoﬁcurrunt,
1003 5700 1119 5750 qnie
1144 5701 1204 5736 ex
1229 5697 1379 5752 parte
1408 5688 1758 5754 castigamus.
1787 5687 2058 5757 Ejusmodi

490 5758 573 5802 est
603 5763 614 5798 ι
666 5765 692 5796 ιι
739 5787 753 5801 .

2163 3286 2252 3339 ille
2283 3296 2460 3340 venter
2495 3286 2584 3355 qui
2614 3294 2661 3338 te
2689 3285 2940 3352 portauit,
2975 3293 3030 3338 et
3083 3281 3296 3350 reliqua
3328 3279 3476 3350 (Luc.
3512 3293 3579 3342 xl,
3604 3271 3698 3341 27).

2165 3379 2215 3432 id
2244 3388 2350 3440 est,
2387 3388 2443 3430 ut
2480 3377 2632 3430 multi
2667 3377 2838 3430 bonas
2865 3375 3225 3444 cogitationes
3267 3375 3540 3444 COgitent:
3591 3368 3696 3421 dum

2164 3485 2269 3522 non
2305 3470 2416 3523 sola
2447 3467 2616 3521 Maria
2653 3477 2826 3521 mater
2854 3466 3056 3521 Chriin
3090 3475 3193 3520 εει.

2240 3560 2308 3613 Et
2355 3572 2497 3613 tuam
2545 3560 2710 3627 ipsius
2748 3563 2982 3612 animam
3037 3564 3379 3626 pertranseat
3417 3554 3632 3624 gladius,
3660 3547 3701 3599 id

2163 3664 2266 3717 est,
2293 3667 2472 3705 sermo
2512 3650 2628 3716 Dei,
2679 3650 2793 3703 sive
2824 3651 3006 3718 passio
3062 3648 3300 3703 Christi.
3344 3645 3548 3700 Vixerat
3603 3655 3701 3692 cum

2163 3745 2274 3797 viro
2298 3759 2395 3795 suo
2430 3757 2597 3794 annos
2659 3749 2876 3807 septem,
2908 3739 2961 3790 id
2990 3747 3094 3800 est,
3123 3750 3402 3806 synagoga
3434 3749 3547 3788 cum
3575 3743 3702 3798 cpta-

2165 3837 2312 3888 tico:
2368 3844 2415 3885 et
2472 3849 2572 3884 non
2624 3829 2918 3884 discedebat
2960 3829 3024 3880 de
3083 3828 3302 3896 templo,
3340 3829 3389 3881 id
3442 3834 3540 3890 est,
3593 3819 3699 3888 quia

2165 3941 2272 3979 non
2345 3924 2504 3977 debet
2587 3921 2830 3975 Ecclesia
2892 3919 3174 3972 discedere
3244 3921 3313 3973 de
3375 3917 3528 3972 ctelo.
3585 3910 3702 3964 Puer

2165 4027 2340 4070 autent
2393 4017 2679 4076 crescebat,
2717 4014 2766 4064 id
2796 4024 2898 4076 rSt,
2933 4026 3180 4080 corpore.
3220 4009 3286 4063 Et
3319 4006 3700 4079 confortabotur,

2167 4110 2216 4161 id
2279 4118 2382 4174 est,
2462 4107 2680 4173 Spiritu.
2735 4108 2864 4157 Cum
2913 4117 3040 4158 esset
3108 4105 3389 4156 duodecim
3458 4109 3701 4157 annorum,

2167 4200 2216 4252 id
2259 4212 2361 4263 εει,
2403 4198 2688 4251 duodecim
2743 4199 2916 4248 tribus
2970 4213 3088 4263 qtta-
3143 4206 3411 4248 venerunt
3466 4192 3527 4246 ad
3571 4187 3705 4243 Cliti-

2165 4300 2306 4345 stum
2347 4309 2361 4344 :
2399 4287 2521 4340 I'ost
2586 4287 2820 4339 triduum
2889 4273 3190 4338 invenerunt
3255 4301 3398 4352 eum,
3461 4290 3612 4350 pater,
3661 4274 3704 4328 id

2165 4394 2271 4446 cst,
2330 4381 2590 4445 Ecclesia,
2633 4389 2688 4434 et
2751 4392 2939 4445 mater,
3001 4380 3052 4431 id
3110 4387 3216 4441 cst,
3280 4389 3589 4448 synagoga:
3629 4365 3704 4436 qui

3227 4481 3274 4522 et
3312 4487 3414 4522 non
3441 4469 3704 4522 invenerunt

2163 4584 2303 4628 eum,
2339 4566 2439 4619 nisi
2483 4580 2577 4633 per
2609 4562 2978 4628 Evangelium.
3017 4560 3081 4614 Et
3136 4573 3251 4614 erat
3312 4563 3421 4615 illis
3475 4558 3703 4611 subditus,

2163 4659 2399 4713 ostendit
2433 4659 2570 4726 quod
2600 4656 2746 4710 [ilius
2792 4655 3029 4712 b0tninis
3059 4670 3164 4710 non
3209 4655 3358 4709 venit
3407 4649 3700 4706 ministrari.

2164 4751 2257 4805 sed
2283 4750 2529 4802 ministra
2542 4765 2617 4802 re.

2234 4843 2387 4912 (Cap.
2411 4840 2524 4910 Ill.)
2569 4841 2644 4894 Ab
2679 4856 2816 4893 anno
2839 4840 3022 4904 quinto
3048 4840 3246 4892 decimo
3275 4836 3464 4891 Tiberii
3488 4826 3699 4887 Cu'sarisi

2165 4939 2374 5004 Primus
2433 4949 2550 4994 rex.
2593 4939 2800 5000 primus
2855 4947 3053 5000 praeses
3107 4933 3157 4983 in
3211 4928 3491 4982 nativitate
3525 4922 3700 4977 Chrtsll

2166 5033 2560 5088 memorantur,
2605 5024 2653 5076 id
2707 5032 2812 5088 est,
2865 5023 2993 5076 dum
3045 5036 3148 5074 non
3179 5026 3460 5088 cmperant
3495 5016 3698 5067 dooere;

2167 5131 2310 5170 nunc
2339 5126 2517 5169 autem
2555 5131 2644 5169 rex
2685 5130 2920 5184 quartus
2952 5117 3220 5167 tetrarcha
3250 5110 3696 5163 commemoratur.

2163 5211 2286 5262 dum
2317 5211 2380 5261 ad
2413 5208 2846 5277 praedicationem
2881 5215 2936 5260 et
2963 5208 3027 5258 ad
3056 5206 3384 5273 baptismum
3421 5203 3572 5252 venit.
3598 5195 3690 5245 lict

2165 5301 2432 5369 signiIiCat
2456 5301 2840 5363 Christum,_ct
2870 5311 3100 5368 quatuor
3127 5301 3411 5351 tetrarchae
3437 5287 3643 5346 ostendu
3665 5289 3696 5330 ιι

2161 5400 2396 5458 quatuor
2453 5390 2741 5459 Evangelia
2775 5405 2790 5446 :
2829 5393 2932 5443 duo
2971 5391 3307 5449 sacerdotes,
3347 5388 3394 5436 id
3454 5393 3550 5442 est.
3581 5381 3692 5429 du“

2243 5551 2262 5581 ³
2296 5550 2531 5602 Pra'side
2563 5547 2756 5617 Syritc,
2781 5564 2874 5614 pro
2904 5565 2934 5600 a
2969 5545 3204 5617 Perside,
3236 5553 3368 5604 εἰσιν
3395 5554 3443 5593 (τι
3474 5549 3523 5590 ³⁸⁸
3549 5527 3688 5617 Ρῖ9,ῥ’

2162 5632 2321 5673 terent
2358 5621 2510 5687 (Leg.
2537 5611 2934 5687 proﬁterentur)
2966 5614 3186 5686 singuli,
3227 5633 3325 5682 pro
3357 5623 3408 5664 ut
3455 5611 3688 5687 ριὀμιιιιιξς

2163 5702 2299 5751 rent,
2337 5676 2485 5752 etc,
2510 5676 2682 5755 neque
2710 5705 2849 5740 entut
2885 5676 3073 5739 omni;
3110 5676 3316 5738 rel-arri:
3369 5676 3540 5755 vae.in
3571 5676 3690 5755 (ἔτευξ’

2165 5774 2266 5823 que
2289 5750 2482 5811 revera
2520 5750 2662 5811 totus
2697 5768 2959 5810 tracatns
2996 5774 3115 5812 una,
3139 5763 3300 5809 liltlt‘u
3335 5750 3685 5807 ctucudanuuso
