3934 6188
273 333 380 396 58’)

269 443 422 508 leges
457 457 470 492 :
528 455 624 510 per
657 453 850 496 senum
902 452 1215 506 numerum,
1248 436 1426 494 lactus
1467 447 1555 494 est
1603 436 1860 492 mundus.
1897 445 1938 498 Α

266 534 493 590 Primus
531 548 625 587 rex
671 533 739 588 de
770 533 1060 598 Romanis,
1115 533 1364 588 ostendit
1399 532 1666 586 unitatem
1707 529 1861 600 regni

266 627 675 691 llonianorum,
723 632 779 678 et
835 633 1068 694 quartus
1102 627 1374 679 tetrarcha
1410 639 1573 693 super
1617 621 1860 690 ludatos,

272 717 532 772 ostendit
568 716 900 771 divisionem
953 716 1105 787 regni
1132 714 1463 772 Iudaeorum.
1502 715 1730 770 Factum
1789 726 1893 770 cst-

268 810 489 864 verbum
522 809 735 862 Domini
766 823 924 876 super
947 806 1233 872 Joannem,
1268 807 1412 864 Vade
1435 819 1483 864 et
1513 809 1742 877 prmdica
1767 809 1864 861 bn-

267 901 526 969 ptismum
566 913 586 953 :
626 896 790 952 Vallis
837 899 1162 968 implebitur,
1190 899 1246 954 id
1293 910 1400 965 est,
1433 897 1602 953 .Indtel
1636 908 1693 953 et
1727 913 1862 967 gen-

270 1002 350 1044 tes
384 1005 401 1045 :
436 999 636 1045 montes
662 999 710 1043 et
758 989 916 1043 colles
939 990 1391 1054 humiliabuntur,
1429 990 1482 1044 id
1527 1000 1626 1056 est,
1665 991 1759 1057 qui
1809 1003 1867 1042 se

270 1082 533 1135 humiliat
553 1081 758 1136 esailtat
785 1097 799 1134 :
823 1090 872 1135 et
896 1091 1051 1136 erunt
1067 1075 1228 1151 praua
1255 1083 1309 1136 in
1331 1083 1552 1145 directa,-
1574 1083 1626 1136 id
1642 1090 1748 1146 est,
1773 1081 1864 1150 qui

271 1176 377 1228 luit
412 1176 749 1239 luxuriosus,
773 1177 845 1230 sit
865 1185 1053 1251 castus
1082 1193 1096 1230 :
1125 1186 1176 1230 et
1207 1192 1397 1246 aspera
1427 1177 1481 1229 in
1510 1179 1622 1230 vias
1650 1177 1864 1244 planas,

267 1269 322 1320 id
348 1277 458 1332 est,
493 1269 588 1337 qui
622 1268 896 1338 superbus
921 1270 994 1323 sit
1025 1268 1266 1323 humilis.
1307 1267 1508 1321 Videbit
1536 1268 1712 1321 omnis
1735 1283 1863 1320 caro

267 1360 517 1415 salutare
545 1360 666 1426 Dei,
703 1361 759 1415 id
808 1366 913 1426 est,
941 1356 1116 1414 Judaei
1152 1368 1206 1414 et
1246 1369 1456 1428 gentes,
1490 1359 1593 1413 viri
1630 1367 1689 1412 et
1740 1373 1862 1411 mu-

270 1452 470 1506 lieres.

343 1541 508 1611 (Cap.
540 1539 654 1611 ιν.)
697 1539 846 1594 Venit
874 1542 942 1595 ad
965 1539 1261 1607 Nazareth,
1284 1542 1337 1594 in
1370 1557 1472 1607 qua
1503 1541 1741 1592 nutritus
1765 1549 1862 1603 est,

273 1633 546 1698 ostendit,
581 1632 889 1687 Ecclesium
933 1634 984 1686 in
1024 1648 1130 1702 qua
1163 1634 1402 1687 nutritus
1431 1632 1524 1695 sit,
1561 1632 1722 1684 homo
1754 1645 1860 1684 non

271 1726 684 1791 obliviscatur;
717 1734 768 1778 et
795 1726 1033 1778 surrexit
1067 1725 1254 1794 legere,
1291 1725 1379 1778 hic
1425 1723 1690 1785 ostendit,
1716 1722 1762 1776 si
1809 1723 1861 1777 id

267 1815 480 1883 juniori
511 1816 810 1869 revelatum
835 1816 1019 1879 fuerit,
1052 1818 1234 1869 senior
1265 1825 1433 1870 taceat
1471 1813 1522 1883 (1
1574 1812 1701 1869 Cor.
1737 1827 1853 1874 xrv,
1896 1797 1938 1853 Β

271 1908 391 1976 50).
433 1909 487 1960 id
543 1918 649 1970 εει,
689 1907 1030 1978 Evangelista
1063 1919 1118 1962 et
1165 1907 1634 1970 Pentateuchnm;
1687 1903 1863 1973 surgit

273 2012 328 2052 et
363 1999 568 2052 Petrus
601 1998 655 2052 in
720 1999 900 2053 medio
954 1999 1384 2070 discipulorum;
1420 1999 1585 2065 stetit,
1623 1994 1864 2051 ostendit

270 2091 421 2160 quod
472 2105 586 2143 non
646 2089 1005 2155 reddendum,
1037 2091 1442 2161 praedicandum
1493 2099 1613 2154 est;
1649 2096 1864 2156 propter

272 2179 419 2250 quod
458 2180 612 2233 unxit
657 2196 754 2244 me,
793 2181 846 2233 id
879 2189 984 2245 cst,
1043 2195 1148 2234 non
1186 2179 1364 2234 oleum
1417 2190 1730 2242 commune,
1765 2174 1864 2233 sed

275 2272 533 2338 spiritale
559 2288 573 2326 :
614 2269 989 2340 Evangeliznre
1027 2271 1374 2340 pauperibus,
1403 2269 1455 2323 id
1483 2277 1591 2333 est,
1629 2276 1688 2322 ut
1716 2266 1862 2323 beati

276 2379 555 2431 pauperes
591 2363 812 2432 spiritu,
841 2375 892 2417 et
920 2363 1144 2430 captiuis
1175 2361 1609 2428 redemptionem,
1642 2359 1696 2412 id
1753 2365 1861 2420 est,

273 2451 484 2507 Judtcis
512 2454 579 2507 de
609 2451 914 2519 Pharaone,
937 2462 989 2507 et
1016 2453 1269 2522 gentibus
1298 2451 1604 2506 de'diabolo
1657 2467 1670 2505 :
1713 2449 1864 2502 cteris

278 2549 472 2609 visum,
503 2546 553 2598 id
584 2555 689 2609 est,
715 2543 920 2599 Judaeis
944 2555 996 2600 et
1027 2546 1279 2614 gentibus
1311 2543 1618 2599 :dimittere
1646 2544 1868 2609 confra-

277 2650 418 2700 ctos,
453 2639 507 2691 id
556 2647 660 2701 est,
711 2636 950 2701 Judaeos,
990 2637 1158 2691 lutum
1201 2635 1546 2702 fabricando,
1572 2643 1629 2690 et
1675 2645 1868 2704 gentes

279 2731 446 2784 idolis
507 2730 866 2798 supplicando
899 2745 914 2782 :
949 2745 1147 2782 annum
1193 2728 1433 2790 Domini,
1485 2728 1538 2783 id
1588 2737 1694 2792 est,
1737 2726 1865 2796 quia

281 2837 471 2877 annus
523 2833 759 2890 quatuor
815 2831 1054 2888 tempora
1113 2821 1296 2885 habet,
1346 2821 1588 2875 ostendit
1634 2830 1868 2888 quatuor

276 2915 684 2984 evangelistas;
712 2922 767 2968 et
794 2913 1080 2968 duodecim
1123 2927 1358 2976 menses,
1387 2911 1672 2966 duodecim
1736 2924 1867 2978 apo-

275 3007 460 3060 stolos
497 3005 766 3070 ostendit;
823 3014 871 3058 et
910 3005 1048 3057 diem
1080 3004 1468 3070 retributionis,
1502 3004 1552 3057 id
1588 3011 1694 3067 est,
1721 3001 1866 3056 diem

275 3097 480 3166 iudicii
513 3113 528 3160 ;
563 3099 628 3150 ad
653 3095 914 3163 litteram,
957 3093 1110 3148 hodie
1143 3095 1356 3164 impleta
1384 3104 1457 3148 est
1493 3092 1770 3163 Scriptura
1812 3092 1866 3145 in

278 3188 508 3241 auribus
535 3189 742 3242 vestris.

353 3278 550 3334 Multis
602 3281 775 3335 vidua:
823 3291 972 3335 erant
1009 3282 1063 3334 in
1119 3280 1317 3344 Israel,
1356 3279 1408 3334 id
1443 3286 1550 3342 est,
1595 3275 1865 3343 Ecclesia;

276 3374 434 3427 Elias
475 3375 750 3442 signiﬁcat
773 3374 1059 3430 Christum
1087 3373 1366 3440 ;Neeman
1395 3372 1566 3444 Syrus
1596 3371 1870 3444 signiﬁcat

272 3478 476 3535 gentes
504 3483 519 3530 ;
557 3467 686 3531 lilia,
715 3468 765 3520 id
803 3476 909 3532 est,
937 3483 1210 3537 synagoga
1241 3482 1256 3532 ;
1283 3443 1458 3528 Giezi,
1500 3465 1554 3519 id
1596 3443 1713 3528 ἐει,
1753 3463 1862 3518 Ec-

275 3559 452 3612 clesia
480 3573 498 3623 ;
533 3557 736 3611 habens
765 3560 1117 3620 dannonium,
1149 3558 1201 3612 id
1235 3566 1343 3621 est,
1373 3555 1534 3610 idolis
1570 3553 1866 3610 credendo.

273 3648 424 3714 Quid
445 3647 592 3702 nobis
611 3658 658 3701 et
675 3650 769 3702 tibi
789 3652 814 3705 .9
832 3651 882 3704 id
905 3657 1008 3711 est,
1030 3649 1190 3703 nobis
1207 3655 1495 3710 tormenta,
1514 3645 1608 3702 tibi
1623 3645 1866 3714 gloriam.

351 3740 516 3809 (Cap.
549 3737 637 3808 V.)
669 3738 830 3793 Secus
878 3749 1144 3808 stagnum,
1193 3737 1246 3792 id
1302 3747 1408 3803 est,
1456 3750 1618 3790 secus
1657 3735 1865 3804 legem;

272 3834 406 3887 dua:
441 3848 622 3894 naves,
657 3831 706 3884 id
744 3841 848 3897 εει,
887 3833 1023 3884 duas
1073 3828 1348 3884 Ecclesias
1379 3845 1392 3881 :
1435 3826 1550 3879 Duc
1581 3826 1636 3878 in
1673 3826 1862 3889 altum,

274 3927 329 3978 id
370 3933 482 3987 est,
513 3921 790 3976 Christum
826 3921 1210 3977 ascendentem
1237 3923 1291 3975 in
1318 3919 1520 3976 cmlum
1560 3938 1574 3977 :
1615 3918 1752 3972 Tota
1783 3919 1868 3970 die

272 4017 613 4080 laborantes,
653 4014 784 4066 nihil
832 4015 1084 4078 cepimus,
1123 4013 1174 4067 id
1229 4022 1332 4078 εει,
1369 4027 1466 4082 per
1510 4022 1748 4066 veterem
1786 4011 1867 4064 lc-

275 4123 409 4178 gem
445 4107 655 4158 nullum
693 4106 943 4160 duximus
969 4109 1036 4160 ad
1067 4106 1259 4159 vitam.
1300 4103 1657 4173 Impleverunt
1683 4102 1866 4155 ambas

275 4214 471 4261 traces,
501 4198 552 4249 id
594 4207 699 4259 cst,
736 4199 862 4264 quia
921 4212 1016 4264 per
1066 4197 1370 4251 Ecclesium
1427 4205 1485 4250 et
1536 4209 1866 4264 synagogatn

271 4292 608 4348 convertit:
663 4291 752 4345 lta
785 4301 840 4344 ut
904 4302 1281 4361 mergerentur,
1319 4292 1372 4344 id
1424 4299 1528 4356 est,
1565 4291 1728 4343 homo
1773 4288 1864 4358 qui

272 4383 530 4446 divitias,
561 4390 615 4436 et
663 4389 1038 4452 pauper-latum
1088 4397 1194 4435 non
1246 4382 1498 4436 sustinet.
1538 4379 1637 4434 Exi
1668 4399 1700 4433 a
1757 4397 1857 4448 me,

1266 327 1680 390 EXPOSITIO
1717 327 1795 389 IV
1864 323 2245 390 EVANGEL.
2296 321 2559 383 LUCAS.

2950 207 2959 234 l

3437 312 3546 373 E90

2042 434 2198 505 (Cap.
2235 430 2350 501 Vl.)
2394 432 2638 498 Quatuor
2693 429 3059 485 heatitudincs
3110 428 3380 496 leguntur,
3416 425 3541 490 quin

1968 537 2202 597 quatuor
2249 527 2478 580 virtutes
2521 524 2824 580 cardinales
2859 523 3210 578 continentur
3245 536 3260 572 :
3293 520 3493 573 Candes
3526 517 3543 545 ⁸

1972 619 2164 674 Latine
2190 619 2388 673 dicitur
2417 617 2598 674 cordis
2635 617 2791 673 :ista:
2834 625 3070 686 quatuor
3124 615 3297 675 lenes,
3339 623 3543 664 osten—

1969 709 2175 764 duntur
2211 718 2446 780 quatuor
2485 718 2668 778 partes
2705 707 2910 762 nmndi.
2943 706 3078 762 Item
3133 712 3257 759 octo
3305 701 3372 756 ad
3421 711 3546 754 octo

1973 800 2185 855 animas
2236 801 2494 869 pertinet,
2549 815 2670 870 quae
2736 800 2958 853 fuerunt
3013 800 3064 852 in
3095 811 3220 850 arca
3259 793 3395 854 Noe,
3450 809 3547 862 per

1969 904 2106 958 quas
2138 903 2327 945 omnes
2383 905 2554 960 genus
2589 892 2890 945 humanum
2939 888 3199 946 ostendit.
3235 886 3432 941 Merces
3463 902 3546 940 rc-

1970 991 2082 1034 stra
2113 982 2279 1035 multa
2313 993 2390 1036 est
2423 983 2479 1035 in
2518 982 2712 1050 gloria,
2750 983 2802 1035 id
2849 991 2953 1043 est,
2989 996 3086 1050 pro
3135 981 3542 1050 prmdicailione,

1973 1073 2350 1140 persecutione
2379 1084 2430 1127 et
2465 1073 2749 1143 patientia.
2790 1073 3092 1128 Secundum
3141 1075 3250 1128 ha'c
3277 1073 3540 1140 faciebant
3627 1086 3639 1097 ο

1969 1175 2142 1232 patres
2169 1181 2350 1218 eorum
2382 1167 2668 1234 prophetis,
2711 1167 2760 1219 id
2784 1176 2891 1230 est,
2923 1165 3209 1232 odicbanl,
3241 1165 3546 1234 exprobra-
3581 1161 3602 1234 ξ,

1973 1256 2104 1308 bant
2135 1267 2190 1310 et
2213 1257 2507 1326 ejiciebant
2544 1261 2759 1312 nomina
2792 1272 3004 1312 eorum.
3061 1255 3151 1310 Vw
3184 1257 3322 1310 vobis
3364 1257 3546 1310 diuiti-

1972 1348 2107 1402 bus!
2139 1349 2266 1419 quia
2303 1350 2502 1403 habetis
2536 1351 2944 1405 consolationem
2987 1363 3214 1406 uestram
3263 1353 3304 1416 ³,
3341 1361 3396 1404 ει
3439 1365 3544 1404 non

1971 1441 2083 1495 Deo
2114 1443 2320 1510 gratias
2371 1443 2554 1512 agitis,
2589 1459 2696 1496 non
2751 1443 2882 1508 Deo,
2917 1445 3014 1498 scd
3063 1443 3272 1499 divitiis
3320 1443 3542 1498 vestrie.

1984 1535 2070 1590 Va:
2092 1535 2233 1589 vobis
2252 1536 2400 1590 leum
2423 1536 2778 1591 benedixerint
2797 1537 3060 1602 homines,
3095 1536 3147 1590 id
3176 1545 3280 1601 εει,
3312 1537 3547 1591 inimicis

1972 1623 2193 1677 vestris.
2220 1623 2372 1677 Nihil
2406 1626 2526 1678 inde
2551 1639 2843 1694 sperantes,
2868 1611 3011 1695 quod
3036 1643 3130 1682 vos
3161 1627 3371 1682 habetis
3395 1628 3546 1692 date,

1972 1723 2030 1768 ut
2061 1714 2324 1786 in’gloria
2355 1718 2635 1788 recipiatis
2669 1721 2976 1776 mercedem
3007 1735 3036 1772 a
3066 1717 3324 1774 Domino.

2038 1848 2193 1918 (Cap.
2225 1847 2366 1920 VII.)
2400 1850 2671 1922 Numquid
2701 1865 2867 1921 potest
2899 1873 3064 1911 ca'cus
3097 1875 3290 1913 ca'cum
3318 1858 3552 1912 ducere?

1968 1941 2018 1994 id
2039 1951 2144 2006 est,
2173 1943 2374 1997 stultus
2401 1944 2624 1998 stultum
2654 1946 2853 2001 docere
2880 1967 2891 2001 :
2938 1951 3091 2003 ambo
3135 1952 3188 2004 in
3211 1953 3415 2020 foveam
3456 1971 3517 2006 ra

1965 2032 2115 2098 dent,
2165 2033 2216 2087 id
2243 2044 2350 2098 est,
2385 2035 2438 2088 in
2471 2035 2852 2103 perditionem.
2886 2039 3006 2094 Ibat
3037 2043 3090 2096 in
3117 2045 3384 2099 civitatem
3409 2062 3494 2114 qui
3515 2047 3550 2101 d

1967 2121 2163 2174 dicitur
2216 2121 2406 2191 Naim,
2470 2127 2716 2180 ostendit
2768 2136 2891 2195 post
2923 2141 3180 2186 sanatum
3244 2133 3546 2202 inlirmtnr,

1966 2212 2110 2281 quod
2137 2213 2423 2268 suscitavit
2463 2227 2764 2284 mortuum,
2796 2220 2921 2289 quia
2957 2221 3252 2278 inﬁrmitas
3283 2229 3546 2294 praecedit

1968 2313 2216 2357 mortem.
2261 2301 2436 2360 Filius
2489 2309 2674 2362 unicus
2727 2312 2938 2378 matris,
2989 2313 3040 2368 id
3099 2323 3205 2379 est,
3261 2317 3432 2371 Adam
3473 2317 3546 2374 de

1970 2402 2113 2448 terra
2173 2404 2420 2462 portatur
2478 2415 2507 2452 a
2571 2411 2823 2468 quatuor,
2861 2403 2913 2474 id
2947 2415 3048 2472 est,
3083 2421 3111 2460 a
3142 2417 3376 2478 quatuor
3431 2410 3546 2464 ele-

1970 2486 2194 2550 mentis,
2227 2488 2371 2542 unde
2406 2491 2573 2543 homo
2611 2502 2717 2546 est.
2751 2491 3016 2564 Tangitur
3073 2496 3224 2553 lucus
3254 2516 3280 2551 a
3316 2499 3450 2565 Deo,
3492 2503 3544 2556 id

1969 2586 2074 2642 est,
2105 2578 2313 2646 lignum
2342 2583 2546 2646 crucis,
2580 2587 2705 2652 quia
2763 2586 2928 2655 periit
2961 2589 3131 2644 Adam
3168 2605 3266 2660 per
3297 2593 3543 2662 lignum.

1971 2667 2144 2723 lloiiio
2169 2685 2198 2723 a
2227 2679 2371 2726 terra
2401 2680 2656 2742 portatur
2679 2678 2895 2743 quando
2924 2677 3037 2732 sola
3067 2689 3282 2736 terrena
3316 2683 3540 2752 cogitat,

1970 2761 2087 2815 sive
2139 2761 2358 2830 quando
2397 2778 2542 2834 arger
2577 2776 2681 2828 est,
2737 2767 3024 2824 ambulare
3070 2786 3179 2827 non
3237 2785 3446 2842 potest;
3479 2779 3548 2830 ab

1971 2865 2110 2920 aqua
2190 2862 2461 2922 portatur,
2519 2859 2743 2924 quando
2804 2859 3080 2917 luxuriare
3130 2865 3354 2935 cogitat,
3432 2869 3548 2922 sive

1971 2942 2186 3009 quando
2221 2958 2320 3012 pro
2350 2945 2518 2999 nimio
2551 2945 2758 3016 lrigore
2780 2964 2982 3020 corpus
3011 2953 3155 3020 tangi
3183 2971 3291 3010 non
3325 2965 3540 3026 potest;

1972 3034 2039 3087 ab
2061 3049 2187 3088 aere
2214 3045 2487 3105 portatur,
2519 3041 2742 3108 quando
2775 3043 2958 3113 omnia
2987 3059 3084 3110 pro
3114 3046 3276 3103 laude
3308 3049 3542 3106 humana

1896 3144 1939 3201 ο
1974 3125 2104 3194 agit,
2136 3126 2254 3181 sive
2292 3129 2510 3196 quando
2542 3143 2642 3196 pro
2680 3133 3000 3202 aegritudine
3034 3136 3166 3194 ﬂare
3195 3155 3300 3195 non
3329 3153 3543 3211 potest;

1973 3217 2042 3270 ab
2071 3218 2193 3285 igne
2243 3229 2512 3288 portatur,
2543 3225 2764 3292 quando
2813 3240 2914 3297 pro
2950 3228 3113 3285 nimia
3173 3233 3346 3298 febre,
3397 3240 3547 3308 tangi

1972 3323 2082 3363 non
2114 3318 2314 3378 petest.
2370 3307 2507 3365 Tres
2555 3323 2799 3370 mortuos
2845 3320 3128 3377 suscitavit
3178 3320 3457 3392 Dominus,
3491 3307 3546 3382 id

1971 3411 2098 3467 est,
2161 3400 2331 3458 lilium
2395 3403 2619 3458 unicum
2663 3408 2876 3473 matris,
2937 3420 2992 3466 et
3055 3411 3223 3466 filiam
3280 3417 3546 3484 principis

1973 3489 2172 3560 (Marc.
2214 3508 2267 3560 v,
2295 3493 2412 3565 41),
2449 3507 2505 3551 ει
2528 3496 2794 3553 Lazarum
2835 3500 3017 3571 (Joan.
3049 3519 3126 3569 XI,
3155 3505 3269 3574 45).
3303 3507 3545 3564 Primum

1972 3585 2026 3638 in
2051 3587 2234 3652 domo,
2259 3585 2310 3638 id
2333 3597 2439 3653 εει,
2470 3589 2522 3641 in
2554 3591 2890 3658 cogitatione
2918 3612 2932 3648 :
2965 3597 3262 3652 secundum
3291 3599 3342 3653 in
3365 3613 3542 3668 perta,

1971 3676 2025 3730 id
2058 3685 2162 3741 est,
2194 3675 2249 3730 in
2282 3679 2448 3733 verbo
2486 3696 2500 3736 :
2534 3681 2756 3737 tertium
2809 3687 2875 3740 de
2927 3700 3300 3754 monumento,
3331 3692 3381 3745 id
3438 3707 3542 3756 est,

1973 3767 2028 3821 in
2055 3783 2242 3836 opere.
2269 3767 2375 3833 Qui
2400 3771 2572 3824 minor
2601 3784 2673 3826 est
2701 3775 2755 3826 in
2790 3791 2946 3845 regno
2977 3779 3092 3844 Dei,
3125 3779 3302 3844 maior
3328 3792 3404 3836 est
3427 3785 3541 3847 illo,

1973 3857 2024 3912 id
2075 3869 2180 3923 est,
2215 3858 2494 3926 Christus,
2529 3863 2653 3931 quia
2689 3866 2865 3934 angeli
2915 3869 3026 3921 nati
3065 3883 3223 3936 sunt;
3263 3884 3322 3925 ut
3372 3875 3542 3939 dicat,

1971 3949 2211 4004 Minuisti
2263 3969 2379 4006 eum
2421 3956 2582 4017 paulo
2642 3959 2816 4011 minus
2861 3957 2927 4011 ab
2982 3962 3180 4029 angelis
3211 3963 3388 4033 (l’sal.
3419 3983 3542 4032 vui,

1971 4046 2064 4110 ὕ),
2107 4052 2285 4098 tamen
2309 4044 2562 4100 Christus
2591 4049 2762 4116 major
2785 4062 2870 4105 est
2896 4050 3104 4108 Joanne
3125 4069 3388 4124 regnante
3418 4074 3542 4114 cum

1969 4135 2153 4190 Patre.
2184 4136 2486 4192 Justilicata
2536 4151 2618 4194 est
2649 4144 2915 4212 sapientia
2951 4135 2984 4196 η’
3015 4147 3138 4200 liliis
3174 4151 3310 4214 suis,
3350 4152 3399 4206 id
3432 4164 3540 4218 est,

1969 4228 2162 4298 Populi
2209 4240 2255 4285 et
2291 4230 3010 4303 publicanijnstiﬁcnrcrunt
3069 4239 3259 4295 Deum.

2044 4372 2387 4427 Alabastrum
2425 4374 2697 4441 unguenti,
2751 4375 2801 4427 id
2833 4385 2934 4439 est,
2980 4394 3177 4447 Corpus
3205 4397 3325 4433 cum
3387 4382 3490 4439 lidc
3526 4404 3542 4442 ε

273 4475 536 4536 Domine,
564 4475 952 4544 quiayeccuto’r
978 4490 1113 4539 sum,
1154 4472 1486 4537 ostendit,id
1519 4482 1624 4535 cst,
1651 4488 1754 4525 non
1779 4487 1864 4526 ex-

1974 4475 2119 4520 stans
2151 4475 2312 4529 retro,
2339 4474 2457 4534 post
2482 4465 2861 4522 ascensionem
2892 4469 3102 4524 Domini
3135 4487 3330 4539 ;'secus
3357 4478 3556 4548 pedes,'

271 4566 382 4620 ivit
413 4565 696 4628 Dominus,
729 4567 852 4634 quia
876 4580 982 4619 non
1023 4565 1224 4620 deserit
1259 4580 1440 4618 veram
1477 4563 1860 4618 humilitatem.

346 4656 487 4712 Noli
519 4659 724 4721 timere,
761 4659 811 4712 id
869 4668 973 4723 est,
1030 4673 1135 4712 non
1175 4659 1365 4711 timeat
1413 4669 1664 4728 peccator
1696 4659 1867 4712 Inedi-

271 4767 432 4803 cum.
457 4749 779 4803 Ambulabat
804 4752 972 4820 magis
1007 4758 1178 4804 sermo
1227 4751 1293 4804 de
1337 4753 1454 4818 illo,
1488 4753 1538 4804 id
1573 4761 1680 4814 est,
1716 4753 1865 4806 sani-

274 4844 418 4897 tatis
443 4854 499 4896 et
538 4845 823 4898 doctrinae.
851 4844 1084 4908 Quando
1133 4845 1347 4909 orabat,
1383 4845 1622 4899 ostendit
1659 4843 1864 4897 theori»

270 4951 408 4988 εει-ιι
459 4936 629 4988 vitam
684 4937 952 5004 :quando
1002 4935 1248 5000 sedebat,
1305 4937 1543 4990 ostendit
1597 4935 1864 4988 actualem

269 5031 474 5078 vitam.
513 5029 618 5079 Per
649 5025 876 5096 tegulas,
915 5028 965 5081 id
990 5037 1096 5088 εει,
1127 5041 1222 5094 ρει·
1251 5027 1594 5080 divinitatem
1625 5042 1640 5080 2
1674 5025 1863 5094 Surge,

267 5129 323 5172 et
366 5119 610 5183 ambula,
633 5121 874 5174 ostendit
900 5121 1360 5175 resurrectionem
1386 5119 1651 5172 omnium.
1685 5116 1865 5171 Exivi:

264 5213 330 5261 in
391 5222 564 5263 monte
611 5227 789 5274 orare,
823 5221 878 5265 ct
912 5211 1189 5266 descendit
1225 5214 1291 5264 ad
1349 5213 1557 5274 turbas,
1618 5209 1860 5266 ostendit

268 5303 665 5368 llieoreticam,
693 5314 744 5358 et
777 5305 1043 5358 actualetn
1076 5305 1129 5358 in
1163 5320 1352 5357 unum.

351 5487 370 5515 ι
417 5485 671 5536 Fortasse
705 5494 895 5537 auctor
922 5483 1213 5551 quamdam
1251 5482 1398 5536 inter
1425 5495 1485 5536 se
1519 5494 1710 5534 vocum
1737 5496 1862 5532 car-

258 5558 486 5610 dinales
524 5566 580 5608 et
605 5555 776 5606 cordis
817 5555 1138 5607 allusionem
1191 5554 1581 5620 aneizpabatnr.
1612 5551 1718 5603 Sed
1775 5559 1860 5605 est

257 5644 418 5694 opus
443 5623 650 5692 didi-po
690 5626 838 5676 hisce
869 5626 1158 5676 verborum
1201 5623 1485 5694 monstris,
1525 5637 1643 5690 qua:
1681 5635 1856 5688 neque

265 5698 487 5749 [armis
513 5711 689 5759 opera:
723 5695 976 5761 pretium,
1007 5709 1130 5746 cum
1167 5693 1498 5746 restitueris.

349 5767 373 5794 ¹
408 5765 734 5818 διιιΐεειιιιυε
775 5779 891 5832 quan
926 5764 1379 5818 desiderabantur
1413 5763 1574 5821 verba
1602 5763 1668 5817 de
1695 5775 1856 5819 sacro

1971 4560 2021 4613 id
2073 4569 2176 4622 est,
2207 4558 2602 4626 apostolorum;
2636 4559 2886 4631 lacrymis
2920 4564 3150 4634 rigabat,
3189 4568 3239 4622 id
3271 4581 3377 4637 cst,
3411 4575 3545 4627 chao.

1969 4652 2101 4704 ritas
2159 4651 2372 4704 interna
2427 4656 2478 4704 in
2537 4653 2684 4717 Deo;
2738 4654 2969 4723 capillis,
3003 4657 3054 4712 id
3087 4669 3193 4726 est,
3237 4664 3544 4731 superﬂuos

1967 4744 2139 4808 cibos,
2176 4754 2228 4797 et
2255 4743 2634 4799 Vestimentnm
2660 4748 2826 4814 dare;
2855 4749 3196 4805 osculabatur
3225 4755 3379 4822 pedes
3403 4755 3540 4824 ejus.

1969 4834 2021 4887 id
2053 4844 2155 4900 est,
2193 4849 2317 4888 cum
2354 4836 2612 4891 omnibus
2649 4854 2834 4906 pacem
2871 4841 3094 4898 habere.
3147 4843 3294 4900 Unus
3325 4848 3540 4902 debebat

1967 4927 2214 4979 denarios
2250 4929 2583 4998 quingentos,
2619 4932 2670 4986 id
2705 4941 2810 5001 est,
2850 4948 3072 5004 peccata
3109 4943 3346 5007 gentium
3392 4958 3543 4996 com-

1969 5019 2134 5073 missa
2174 5033 2267 5087 per
2309 5021 2547 5090 quinque
2592 5038 2788 5081 sensus
2825 5043 2838 5091 ;
2883 5029 3023 5081 alius
3053 5032 3458 5101 quinquaginta,
3491 5037 3540 5089 id

1967 5117 2072 5173 est,
2130 5121 2348 5176 peccata
2385 5109 2715 5170 Jndacorum.
2756 5116 2865 5172 ista
2900 5121 3090 5174 mulier
3121 5121 3287 5176 Maria
3321 5123 3541 5195 Magda-

1968 5202 2088 5255 lena
2125 5202 2246 5265 fuit,
2279 5203 2362 5276 de,
2399 5222 2503 5274 qua
2556 5208 2732 5277 ejecta
2793 5223 2920 5264 sunt
2976 5224 3182 5281 septem
3245 5217 3538 5272 daemonia.

1967 5291 2096 5356 Quis
2124 5303 2198 5347 est
2230 5296 2319 5365 qui
2349 5307 2568 5364 peccata
2598 5301 2836 5367 dimittit,
2876 5304 2925 5356 id
2952 5313 3056 5371 cst,
3091 5310 3331 5377 potentia
3359 5309 3540 5364 divina

1969 5486 2142 5544 textu,
2175 5495 2250 5532 rae
2278 5479 2421 5535 vobis
2449 5479 2717 5536 divitibus.
2752 5483 2926 5536 Etiam
2961 5488 3121 5539 tertio
3161 5486 3229 5540 ab
3287 5488 3387 5541 hoc
3426 5506 3546 5542 wr-

1967 5564 2086 5625 su,_
2117 5551 2204 5602 tibi
2265 5553 2484 5625 dicitur,
2531 5553 2615 5625 id,
2647 5565 2746 5620 est,
2778 5556 3002 5608 inimicis
3059 5560 3265 5625 vestris,
3328 5560 3548 5613 videtur

1969 5619 2267 5696 Scrip_tur_:B
2314 5621 2475 5696 locus
2493 5623 2788 5696 excidisse.
2851 5625 3091 5695 Denique
3126 5641 3223 5696 pro
3252 5619 3344 5691 eo,
3398 5637 3542 5696 quot

1968 5691 2374 5769 rescripsimus,
2398 5690 2553 5769 lV'ihil
2582 5693 2704 5769 inde
2730 5690 3023 5769 sperantes,
3044 5690 3161 5751 erat
3185 5690 3368 5760 antea.
3397 5690 3548 5753 Nihil

1965 5762 2315 5830 disperantrs.
2348 5762 2466 5818 Alia
2493 5762 3060 5838 dissimulamus,qu.a
3088 5769 3374 5827 innumera
3402 5783 3549 5828 sunt.
3605 5765 3612 5774 ’
