3946 6206
292 288 396 355 57,1

1235 290 1297 349 S.
1340 282 1781 346 HIERONYMI
1820 281 2137 367 OPEIKUM
2178 284 2570 349 MANTISSA.

3428 277 3532 343 εεε

281 417 335 460 ει
374 408 561 458 vit-tus.
588 405 695 459 Isla
722 403 896 457 Maria
929 402 1125 474 ligurat
1157 402 1484 468 Ecclesiam,
1512 400 1577 456 de
1604 413 1711 469 qua
1735 396 1853 469 eje-
1882 406 1925 463 Α
1954 398 2463 469 gellavcruntiltum,
2487 401 2538 455 id
2563 408 2667 466 est,
2691 413 2918 469 peccare
2938 394 3317 453 leceruntcum
3336 414 3350 462 ;
3372 403 3533 450 sentt.

283 499 579 567 citseptem
613 498 761 561 vitia,
791 495 937 564 quod
972 496 1024 550 in
1044 504 1248 565 septem
1268 495 1384 549 dies
1411 491 1854 562 peccavithomo.

358 590 510 659 (Cap.
544 587 708 657 VIII.)
744 586 839 640 I’ir
858 587 1100 656 quidam,
1124 588 1173 640 id
1199 595 1304 651 est,
1329 586 1557 655 populus
1578 583 1854 653 gentium;

286 680 625 749 Tempo'ibus
648 679 850 743 multis,
884 679 936 732 id
965 688 1069 745 εει,
1105 693 1132 730 a
1169 676 1437 747 principio
1471 674 1656 727 tnundi
1694 689 1708 727 :
1761 671 1862 726 Ve-

285 773 584 826 stimentum
623 786 726 822 non
761 770 1102 831 induebatur.
1136 769 1189 822 id
1209 777 1316 834 εει,
1348 766 1494 832 lide;
1536 764 1647 818 Nec
1682 779 1861 817 mane-

284 866 370 917 bat
409 863 460 915 in
498 863 673 925 domo,
704 862 753 915 id
789 871 892 924 est,
929 863 981 914 in
1011 860 1252 914 Ecclesia
1290 874 1306 924 ;
1340 858 1445 912 Sed
1474 860 1526 911 in
1559 872 1862 911 monumen-

288 960 376 1016 tis,
413 954 463 1005 id
496 962 595 1014 cst,
641 952 978 1005 consuetudo
1008 952 1268 1020 peccandi
1307 966 1324 1015 ;
1363 948 1595 1011 Catenis,
1627 956 1674 1000 et
1715 962 1860 999 com-

285 1041 525 1110 pedibus,
558 1041 609 1094 id
642 1050 745 1103 est,
786 1040 868 1094 lex
905 1052 1109 1094 natura:
1141 1049 1195 1094 et
1222 1034 1416 1093 littera:
1450 1056 1465 1103 ;
1502 1038 1771 1101 Sedentes,
1808 1038 1860 1091 id

284 1142 391 1193 est,
434 1134 483 1184 in
523 1134 644 1193 ﬁde,
685 1141 807 1200 post
841 1131 1205 1201 baptismum;
1245 1135 1511 1196 vestitum,
1545 1132 1595 1185 id
1641 1141 1744 1198 est,
1808 1132 1861 1186 in

288 1223 753 1276 inmortalitatem
788 1239 802 1286 ;
836 1223 919 1274 Ad
963 1221 1119 1292 pedes
1151 1223 1287 1290 ejus,
1322 1221 1372 1275 id
1403 1231 1507 1288 εει,
1549 1223 1612 1275 ad
1646 1231 1865 1291 aposto-

286 1313 388 1367 los.
428 1312 637 1365 Dimisit
696 1312 867 1376 illum,
902 1320 951 1365 et
986 1312 1145 1377 dixit,
1182 1310 1315 1364 Redi
1346 1311 1400 1364 in
1438 1318 1648 1364 domum
1691 1322 1862 1378 tuam,

287 1404 524 1459 ostendit
553 1406 616 1458 de
651 1404 892 1457 theorica
922 1417 1018 1456 nos
1049 1402 1235 1456 venire
1264 1402 1328 1454 ad
1367 1401 1597 1456 actuale.

362 1496 577 1559 Mater,
618 1497 666 1549 id
716 1503 817 1561 est,
857 1494 1102 1548 Ecclesia
1143 1512 1157 1548 :
1208 1492 1442 1548 Fluxum
1482 1496 1778 1563 sanguinis,
1814 1495 1867 1550 id

290 1601 393 1654 est,
429 1588 510 1642 lex
544 1594 750 1639 natura:
785 1602 799 1639 :
835 1586 912 1640 Ab
948 1587 1103 1641 annis
1153 1585 1448 1651 duodecim,
1487 1587 1542 1640 id
1595 1594 1700 1655 est,
1738 1586 1859 1641 duce

291 1688 498 1732 :t'tates.
525 1677 712 1745 Tangit
748 1677 1013 1744 ﬁmbriam
1041 1677 1331 1731 vestimenti
1360 1677 1492 1745 ejus,
1522 1676 1573 1731 id
1609 1687 1711 1743 est,
1745 1692 1863 1732 cre-

291 1773 426 1824 didit
458 1773 509 1824 in
543 1771 825 1824 minimum
868 1770 1183 1823 mandatum
1215 1768 1442 1823 Christi.
1479 1769 1609 1833 Quis
1643 1779 1744 1833 est,
1775 1773 1864 1839 qui

293 1880 373 1915 me
409 1862 600 1929 tetigit,
634 1861 682 1914 id
715 1870 818 1925 cst,
855 1861 942 1929 qui
985 1874 1067 1913 me
1093 1859 1325 1913 credidit
1363 1878 1376 1925 ;
1422 1858 1670 1914 Virtutem
1695 1861 1759 1915 de
1787 1878 1865 1915 me

293 1955 481 2019 exisse,
525 1954 707 2017 idem,
738 1955 801 2005 ad
836 1952 1121 2020 probatum
1146 1953 1235 2022 qui
1274 1951 1434 2006 ﬁdem
1472 1952 1683 2006 habuit.

369 2044 520 2115 (Cap.
553 2042 667 2111 IX.)
698 2042 913 2107 Petrus,
939 2052 991 2096 ει
1025 2040 1278 2108 Joannes,
1306 2053 1360 2096 et
1387 2041 1643 2106 :Iacobus,
1676 2043 1729 2097 id
1758 2053 1863 2107 est,

297 2137 451 2199 ﬁtcs,
491 2150 635 2202 spes.
664 2133 941 2197 Charitas;
973 2142 1148 2202 pater,
1171 2132 1224 2186 id
1256 2143 1358 2192 est,
1393 2134 1721 2202 episcopus;
1757 2149 1871 2185 ma-

297 2241 399 2293 μεν,
453 2229 731 2293 Ecclesia;
783 2229 1004 2283 castella
1040 2239 1093 2281 et
1148 2228 1419 2293 civitates,
1457 2228 1505 2280 id
1539 2238 1641 2291 εει,
1703 2230 1864 2293 servi,

294 2336 346 2374 ιι
374 2322 597 2373 domini.
631 2320 997 2373 Narrnrerunt
1020 2320 1065 2371 ei
1089 2334 1204 2387 qua:
1253 2318 1505 2384 fecerant.
1542 2318 1666 2370 Dies
1716 2321 1868 2386 erepit

295 2394 578 2473 declinare,
619 2411 667 2463 id
691 2419 795 2468 est.
827 2411 939 2462 lieri
973 2423 1100 2461 uox.
1137 2408 1351 2460 Dimitte
1378 2404 1864 2473 turbam,.luda:os.

307 2504 407 2557 I’os
462 2504 581 2555 date
635 2502 741 2553 illis
780 2503 1123 2565 manducare,
1178 2500 1227 2551 id
1276 2508 1379 2563 εει,
1417 2500 1708 2567 ρηεάίεειε
1736 2516 1871 2568 geu-

300 2596 464 2647 tibus.
531 2592 667 2645 Bene
687 2593 828 2653 tixtt,
866 2593 915 2644 id
954 2600 1057 2655 est,
1099 2588 1448 2659 Evangelium
1482 2606 1498 2653 ;
1554 2588 1770 2660 Fregit,
1819 2592 1870 2645 id

299 2697 406 2749 cst,
442 2686 505 2738 ad
539 2686 794 2740 litteram.
833 2684 1047 2748 Oportet
1080 2685 1249 2752 ﬁlium
1277 2685 1503 2739 hominis
1532 2688 1697 2739 multa
1729 2689 1867 2752 pati,

302 2780 353 2829 id
386 2788 487 2842 cst,
524 2778 699 2843 mori;
735 2777 1049 2846 navigantes
1086 2792 1150 2829 ex
1196 2777 1385 2844 politia
1436 2777 1681 2844 periculo
1717 2777 1871 2829 navi-

303 2869 399 2937 gii,
423 2870 516 2938 qui
559 2869 1008 2937 tranquillitatem
1046 2878 1175 2939 post
1212 2867 1341 2922 vidit
1369 2866 1671 2937 periculum
1710 2884 1722 2921 :
1775 2882 1868 2921 ex-

303 2975 491 3014 tessus
526 2960 646 3030 ejus
684 2961 848 3013 tntilta
882 2960 1014 3028 pati.

1964 492 2130 547 rivum
2180 493 2528 563 reliquerunt,
2561 493 2611 547 id
2642 500 2750 557 est,
2780 491 2960 546 vivum
3008 504 3225 559 corpus,
3252 489 3530 543 conscieu.

1964 583 2092 636 tiam
2121 592 2176 637 et
2206 584 2442 637 animam
2470 591 2759 637 mortuam.
2782 581 3065 647 Sacerdos,
3091 580 3143 635 id
3172 590 3276 642 est,
3308 582 3483 634 Aaron
3511 598 3527 644 ;

1964 674 2169 741 Levita,
2209 675 2261 729 id
2290 684 2393 739 est,
2428 675 2598 729 tribus
2628 674 2756 728 Levi
2792 689 2913 727 cum
2966 673 3082 742 lege
3107 688 3244 727 sua:
3283 670 3533 726 Samari-

1964 777 2142 831 tanus,
2181 767 2231 820 id
2270 776 2374 832 εει,
2410 766 2665 821 Christus
2695 784 2711 820 :
2744 768 2836 835 qui
2865 777 2947 819 εει
2976 767 3043 820 de
3070 764 3400 818 suburbanis
3432 764 3534 817 Sa-

1964 859 2188 924 mariat;
2233 858 2346 927 ipse
2402 858 2794 928 interpretatur
2817 867 3016 920 custos,
3051 856 3175 926 quia
3208 858 3272 910 de
3320 854 3538 909 Christo

1963 946 2094 1013 Deo,
2128 948 2432 1002 custodiens
2482 949 2730 1017 parrulos
2762 948 3017 1002 Dominus
3069 945 3243 1013 (Psal.
3276 960 3421 1010 cxtv,
3455 945 3535 1015 6)-

1963 1040 2213 1111 Alligavit
2268 1040 2485 1094 vulnera
2547 1041 2685 1110 ejus,
2740 1040 2794 1093 id
2840 1050 2947 1103 est,
2998 1054 3096 1108 per
3153 1037 3532 1107 paenitentiam

1964 1133 2183 1189 strinxit
2242 1142 2503 1201 peccata;
2576 1131 2805 1199 infundit
2849 1132 2962 1185 oleo
3020 1140 3073 1185 et
3152 1131 3291 1196 vino,
3339 1130 3538 1183 severi-

1965 1236 2075 1281 tate
2133 1235 2188 1278 et
2246 1225 2514 1280 suavitate
2578 1224 2896 1294 Scriptura,
2939 1222 3162 1292 praemio
3184 1232 3237 1275 et
3264 1221 3541 1290 ρωηεςίη

1958 1322 2257 1390 jumentum
2318 1334 2511 1381 suum,
2542 1317 2593 1372 id
2626 1328 2729 1382 est,
2758 1318 2811 1371 in
2842 1332 3037 1385 corpus
3063 1331 3223 1370 suum
3249 1331 3265 1380 ;
3295 1313 3423 1383 quia
3448 1328 3543 1379 per

1967 1412 2272 1482 passionem
2334 1411 2630 1465 humanum
2699 1423 2868 1478 genus
2928 1406 3177 1475 perduxit
3234 1408 3302 1459 ad
3358 1406 3543 1459 stabu-

1968 1503 2099 1565 lum,
2163 1502 2215 1555 id
2245 1510 2349 1565 est,
2384 1502 2450 1555 ad
2477 1498 2772 1555 Ecclesium
2802 1517 2815 1565 ;
2884 1501 3019 1552 duos
3049 1497 3315 1561 denarios,
3353 1498 3403 1552 id
3436 1508 3541 1559 est,

1969 1596 2101 1646 duas
2124 1592 2270 1660 leges
2306 1592 2449 1644 dedit
2476 1591 2801 1655 stabulario,
2833 1591 2884 1643 id
2919 1599 3024 1652 est,
3054 1590 3190 1644 ordo
3218 1591 3499 1643 doctorum
3527 1605 3544 1651 ;

1969 1686 2311 1756 quodcunque
2360 1701 2515 1753 super
2578 1685 2896 1754 erogavcris,
2939 1684 2990 1737 id
3041 1693 3147 1743 εει.
3182 1684 3547 1751 quodcunque

1972 1777 2164 1831 feceris
2194 1792 2285 1845 per
2310 1775 2643 1844 diligentiam
2671 1786 2816 1829 tuam
2846 1775 2911 1828 de
2937 1776 3182 1830 doctrina
3216 1774 3497 1828 hominum
3526 1785 3544 1838 ;

1966 1880 2058 1937 ego
2097 1876 2377 1929 revertens,
2414 1866 2466 1919 id
2522 1875 2627 1925 est,
2682 1865 2750 1919 ad
2807 1864 3101 1933 judicium,
3142 1864 3358 1917 reddant
3419 1864 3542 1917 tibi.

1969 1957 2214 2020 Martha,
2251 1959 2304 2012 id
2351 1968 2456 2022 est,
2491 1957 2733 2012 Ecclesia
2796 1957 3049 2011 actualis.
3106 1955 3299 2019 Maria,
3336 1955 3388 2008 id
3434 1966 3544 2017 est,

1969 2049 2204 2103 Ecclesia
2237 2049 2505 2115 theorica,
2544 2064 2664 2118 qua
2697 2050 2859 2103 verba
2894 2048 3094 2102 Christi
3133 2062 3346 2116 semper
3370 2052 3542 2103 audit.

1970 2138 2180 2193 Martha
2206 2139 2363 2203 dixit,
2400 2150 2456 2193 ut
2488 2153 2645 2193 soror
2677 2154 2772 2193 sua
2799 2153 2855 2192 se
2882 2138 3211 2206 adjuvasset,
3245 2138 3372 2205 quia
3409 2151 3549 2203 opus

1970 2239 2052 2285 εει
2075 2230 2263 2284 activa:
2284 2232 2427 2293 vitae,
2449 2240 2505 2284 ut
2524 2245 2584 2283 ea
2616 2229 3033 2297 contemplativa
3057 2228 3251 2283 debeat
3280 2226 3550 2295 adjuvari.

2040 2322 2193 2392 (Cap.
2225 2319 2344 2387 XI.)
2381 2322 2580 2384 Amice,
2608 2321 2655 2375 id
2682 2329 2789 2384 est,
2810 2322 3034 2383 doctor;
3076 2317 3244 2370 media
3289 2332 3457 2375 nocte,
3498 2318 3552 2368 id

1970 2413 2581 2483 est,inopportunitate;
2618 2423 2721 2464 tres
2749 2426 2931 2478 panes,
2965 2410 3201 2465 ostendit
3236 2410 3390 2461 Iidem
3423 2410 3553 2462 'l'ri-

1974 2507 2183 2561 uitatis.
2216 2504 2433 2557 Amicus
2463 2519 2631 2566 meus,
2687 2503 2738 2557 id
2794 2515 2897 2569 est,
2964 2502 3103 2556 alius
3170 2502 3549 2568 pmniteutiam

1966 2594 2173 2669 agens;
2207 2601 2268 2651 de
2297 2598 2404 2662 via,
2445 2597 2498 2651 id
2532 2608 2633 2663 εει,
2669 2597 2735 2651 de
2764 2598 3001 2659 mundo;
3036 2612 3140 2648 non
3199 2593 3362 2647 habeo
3408 2594 3553 2663 quod

1970 2707 2164 2760 ponant
2199 2700 2324 2742 ante
2364 2704 2505 2755 eum,
2542 2689 2609 2742 id
2646 2698 2748 2751 est,
2811 2704 2916 2741 non
2984 2690 3095 2740 scio
3145 2688 3334 2739 dorcre
3387 2700 3552 2748 euut;

1974 2785 2165 2836 ostium
2190 2782 2456 2846 clausum,
2489 2781 2541 2835 id
2571 2789 2673 2843 εει,
2701 2782 2900 2835 ostiqu
2953 2779 3095 2840 tmli,
3128 2778 3271 2847 quod
3300 2792 3402 2829 non
3426 2791 3555 2842 ape-

1975 2880 2067 2939 rit,
2099 2877 2202 2929 nisi
2254 2873 2497 2928 charitas
2527 2890 2540 2926 :
2575 2872 2724 2941 pueri
2758 2872 2855 2923 mei
2917 2884 3115 2922 mecum
3179 2880 3320 2927 sunt,
3356 2868 3405 2918 id
3445 2874 3554 2929 est,

1974 2968 2201 3022 virtutes
2234 2966 2501 3021 caelestes.
2533 2965 2685 3030 Quod
2713 2962 2911 3031 deforis
2946 2971 3042 3022 est,
3077 2971 3123 3013 et
3171 2961 3332 3022 intus,
3364 2959 3414 3009 id
3445 2968 3555 3024 est,

374 3047 619 3111 Sequenti
677 3052 784 3116 die.
822 3050 871 3104 id
930 3060 1032 3116 est,
1099 3051 1151 3104 iu
1190 3049 1426 3105 secunda
1476 3048 1590 3119 lege
1621 3066 1635 3116 ;
1674 3048 1770 3104 Vir
1808 3051 1871 3104 de
1897 3066 1941 3128 ρ
1976 3058 2352 3125 Iecitoorpus.
2388 3056 2503 3124 ipse
2529 3053 2658 3108 fecit
2688 3055 2949 3107 animam.
2985 3049 3118 3103 Date
3148 3054 3557 3117 eleentosynam,

305 3142 457 3195 turba
510 3142 849 3205 exclamavit,
886 3141 935 3194 id
962 3152 1066 3202 est,
1115 3141 1429 3205 Abraham;
1464 3139 1610 3207 ﬁlius
1661 3142 1874 3203 unicus,

307 3234 357 3287 id
391 3243 495 3298 est,
539 3250 702 3288 Omne
757 3249 962 3301 genus;
992 3233 1167 3287 subito
1230 3235 1495 3302 clamans,
1543 3236 1594 3288 id
1634 3244 1737 3300 est,
1771 3236 1876 3289 ira-

305 3341 500 3391 scens;
530 3335 575 3378 et
598 3326 767 3391 elidit,
793 3327 844 3379 in
870 3326 1181 3381 adulatione
1203 3328 1432 3395 proximi
1458 3345 1472 3393 ;
1501 3328 1717 3395 dissipat
1735 3343 1873 3394 eum,

307 3417 362 3471 id
391 3425 494 3483 εει,
533 3416 584 3469 in
632 3417 1044 3485 desperatione;
1074 3434 1193 3470 cum
1247 3434 1461 3487 spuma,
1495 3419 1547 3473 id
1578 3429 1683 3484 εει,
1751 3435 1875 3474 ευιιι

307 3508 563 3563 stultitia.
616 3508 837 3561 Manum
878 3524 1036 3577 super
1092 3518 1359 3574 aratrum,
1394 3510 1445 3563 id
1478 3518 1583 3581 est,
1623 3524 1757 3579 Opus
1788 3527 1877 3565 su-

308 3616 403 3666 per
431 3599 779 3667 Evangelium
804 3615 820 3666 ;
848 3610 1008 3664 retro,
1032 3599 1083 3652 id
1114 3609 1219 3668 est,
1248 3601 1299 3654 in
1335 3602 1573 3667 mundo;
1610 3616 1875 3667 vomeres,

310 3690 362 3743 id
416 3699 519 3754 est,
554 3688 838 3755 charitas;
897 3697 1130 3758 quatuor
1180 3689 1368 3755 boves,
1405 3688 1456 3744 id
1508 3699 1609 3754 est,
1643 3703 1880 3760 quatuor

307 3763 682 3849 evangelista.

380 3873 532 3942 (Cap.
566 3871 661 3941 Χ.)
699 3871 1002 3942 Dcsignavit
1040 3870 1297 3927 Dominus
1334 3873 1472 3928 alios
1515 3875 1876 3945 septuaginta,

305 3961 622 4032 discipulos,
655 3966 795 4017 sicut
822 3964 1032 4034 Moyses
1063 3964 1222 4034 elegit
1269 3966 1625 4033 septuaginta
1657 3965 1882 4035 presbyc

309 4064 457 4107 teros
505 4056 570 4107 de
621 4054 906 4110 duodecim
939 4057 1129 4120 tribus,
1176 4057 1227 4110 id
1282 4066 1385 4121 est,
1439 4066 1501 4110 ut
1537 4057 1877 4127 septuaginta

308 4146 543 4213 linguas,
579 4160 697 4214 quae
738 4147 926 4201 divisae
954 4157 1110 4200 erant
1135 4162 1231 4216 per
1265 4148 1594 4215 superbiam,
1629 4148 1681 4201 in
1714 4162 1877 4201 unam

308 4233 568 4301 linguam,
596 4249 691 4303 per
716 4235 1074 4289 humilitatem
1110 4239 1391 4290 adunaret.
1420 4235 1880 4300 Binos,anitnales

309 4326 363 4378 in
397 4341 542 4391 arca,
575 4337 627 4379 ει
666 4327 775 4381 duo
813 4327 1065 4391 discipuli
1100 4328 1165 4381 ad
1200 4328 1657 4396 prredicationem,
1694 4328 1879 4382 chari-

1977 3159 2025 3203 et
2066 3148 2240 3202 omnia
2273 3147 2468 3199 munda
2499 3154 2623 3198 sunt
2655 3159 2673 3197 :
2704 3153 2758 3197 ct
2788 3144 2832 3198 si
2872 3157 2977 3197 non
3011 3142 3292 3204 dederitis,
3325 3140 3560 3193 immun-

1980 3241 2045 3294 da
2077 3247 2201 3292 sunt
2224 3236 2408 3290 omnia
2443 3251 2564 3305 qua:
2607 3233 2843 3288 habetis.

2030 3329 2191 3401 (Cap.
2209 3326 2349 3396 ΧΠ.)
2370 3324 2497 3380 Noli
2514 3328 2713 3390 timere,
2730 3325 2954 3395 pusillus
2975 3337 3132 3393 grex:
3158 3322 3208 3377 id
3227 3330 3346 3376 sunt
3361 3319 3559 3385 Judzi,

1978 3419 2101 3488 quia
2134 3418 2479 3472 crediderunt
2508 3418 2545 3480 ί,
2578 3417 2719 3485 quod
2777 3416 3095 3469 maledictus
3149 3414 3254 3468 fuit
3309 3416 3363 3465 in
3410 3411 3557 3479 lege,

1982 3504 2073 3572 qui
2102 3518 2303 3572 panper
2355 3505 2537 3557 lleliat.
2569 3501 2755 3556 Lumbi
2788 3505 2947 3556 uestri
2988 3501 3278 3569 prcerincti,
3318 3502 3565 3555 ostendit

1981 3595 2326 3661 castitatem;
2353 3594 2582 3648 lucerna:
2635 3598 2895 3656 arden'es,
2930 3597 2978 3648 id
3041 3603 3125 3648 est
3152 3609 3316 3663 opera
3356 3592 3494 3644 bona
3535 3605 3563 3657 ;

1983 3695 2037 3738 ut
2075 3703 2191 3738 cum
2223 3688 2439 3748 venerit,
2467 3687 2514 3739 id
2545 3700 2649 3750 εει,
2698 3688 2750 3741 in
2802 3687 3027 3752 dolore;
3064 3696 3113 3739 et
3163 3684 3472 3753 pulsaverit,
3505 3685 3563 3736 id

1980 3786 2085 3839 est,
2123 3776 2301 3828 anima
2329 3790 2423 3842 per
2470 3785 2736 3840 mortem;
2789 3786 2839 3828 et
2903 3777 3185 3844 confestim
3212 3776 3468 3837 aperiant.
3503 3775 3561 3825 id

1980 3877 2087 3932 εει,
2147 3882 2359 3936 semper
2415 3877 2663 3936 paratum
2721 3882 2875 3934 esse;
2924 3870 3181 3922 transiens
3234 3866 3563 3919 ministrabit

1979 3961 2109 4024 illis,
2137 3960 2186 4013 id
2221 3969 2325 4025 est,
2355 3971 2476 4028 post
2520 3960 2781 4029 jllditilllll
2831 3963 2996 4015 vitam
3051 3972 3334 4014 aeternam.
3377 3958 3560 4027 Ignem

1982 4053 2093 4106 ueni
2125 4054 2331 4105 mittere
2369 4052 2421 4104 in
2453 4064 2671 4113 terram,
2708 4053 2757 4104 id
2788 4062 2889 4113 est,
2921 4054 3264 4108 charitatcm.

2056 4142 2210 4213 (Cap.
2256 4141 2415 4211 XIII.)
2457 4142 2519 4195 Ει
2544 4143 2616 4195 IIII
2644 4141 2847 4196 Galila'i
2884 4145 3068 4198 dettom
3101 4155 3156 4196 et
3186 4155 3311 4198 octo
3345 4145 3560 4214 signiﬁ-

1983 4249 2127 4300 cant,
2158 4253 2319 4303 super
2350 4252 2485 4305 quos
2514 4237 2772 4290 ceciderit
2824 4238 3012 4300 turris,
3055 4238 3105 4290 id
3162 4247 3268 4298 est,
3323 4240 3563 4307 Spiritus

1983 4342 2227 4391 sanctus,
2254 4329 2379 4398 quia
2400 4327 2555 4381 Siloe
2602 4330 2792 4381 missus
2831 4330 2872 4394 ¹,
2915 4330 3130 4382 dicitur.
3176 4329 3394 4383 Dimitte
3435 4346 3557 4384 eane

311 4424 474 4471 tatem
519 4433 535 4474 ;
565 4419 807 4473 oetendit
857 4433 1057 4473 novum
1113 4428 1166 4473 ει
1236 4428 1389 4472 vetus
1424 4416 1831 4474 Testamentum
1861 4437 1876 4477 ι
1910 4404 1956 4458 ι)
1982 4424 2146 4475 ethoc
2167 4437 2325 4482 anno,
2354 4420 2403 4475 id
2431 4431 2533 4484 est,
2561 4420 2906 4488 Evangelintn
2933 4435 2950 4474 z
2980 4420 3193 4473 Fodiam
3214 4422 3353 4473 circa
3380 4422 3557 4484 illam,

308 4525 505 4596 corpus
536 4520 590 4564 et
611 4512 814 4576 anima,
848 4514 928 4566 vir
951 4523 1005 4567 et
1038 4512 1252 4575 mulier,
1288 4524 1339 4567 ει
1368 4512 1472 4566 duo
1499 4514 1769 4583 discipuli.

382 4602 541 4655 Mitto
576 4619 664 4656 vos
696 4603 838 4656 sicut
892 4619 1054 4673 agnos
1103 4606 1242 4657 inter
1286 4607 1433 4671 lupos
1458 4620 1476 4657 :
1509 4603 1619 4672 Ego
1673 4617 1875 4674 pastor,

310 4709 404 4748 vos
425 4708 595 4759 oves;
632 4693 764 4761 lupi,
796 4693 845 4761 id
872 4705 976 4758 est,
1012 4692 1217 4749 Scriba:
1273 4705 1327 4749 et
1355 4694 1641 4748 Pharisaei.
1675 4695 1882 4749 Da'mo-

309 4787 398 4837 nia
444 4786 681 4852 subjecta
710 4794 831 4838 sunt
864 4784 1029 4848 vobis,
1064 4784 1115 4838 id
1158 4794 1258 4846 est,
1293 4784 1438 4853 quod
1491 4784 1545 4837 in
1603 4783 1718 4853 lnge
1774 4801 1878 4838 non

307 4879 430 4945 luit,
458 4882 663 4943 inore;
696 4893 851 4945 super
884 4887 1174 4947 serpentes,
1206 4878 1257 4930 id
1289 4888 1389 4941 est,
1415 4890 1578 4944 super
1604 4876 1877 4940 ethnicos,

307 4972 431 5041 quia
482 4985 709 5039 serpens
741 4984 846 5023 non
894 4970 1113 5034 occidit,
1150 4970 1243 5023 sed
1303 4984 1569 5022 venenum
1620 4968 1881 5022 doctrina:

307 5062 567 5126 etl'undit;
600 5072 649 5115 et
711 5064 1029 5130 scorpiones,
1084 5076 1313 5130 quorum
1369 5061 1541 5113 cauda
1603 5069 1658 5114 ct
1716 5068 1883 5127 caput

307 5154 513 5224 aequale
544 5154 744 5208 occidit
787 5171 801 5209 :
843 5156 984 5208 idem
1020 5154 1291 5215 diabolus,
1328 5154 1417 5221 qui
1465 5152 1621 5205 initio
1668 5159 1720 5205 et
1776 5151 1882 5204 ﬁne

309 5252 560 5317 decipere
592 5248 725 5302 vult.
759 5246 925 5300 llomo
960 5244 1299 5300 descendebat
1329 5284 1345 5308 ,
1395 5245 1445 5297 id
1489 5256 1592 5307 est,
1628 5245 1877 5308 mundus,

307 5344 401 5412 qui
429 5340 718 5394 anathema
767 5342 963 5395 dicitur
996 5354 1013 5406 ;
1069 5339 1123 5390 in
1155 5338 1409 5403 latrones,
1443 5336 1494 5391 id
1542 5346 1648 5403 est,
1682 5339 1881 5390 datmo-

309 5450 438 5503 nes;
479 5435 891 5504 dispoliaverunt
920 5431 1093 5496 illum,
1125 5431 1177 5484 id
1210 5438 1316 5494 est,
1346 5429 1410 5482 de
1437 5431 1575 5483 bona
1613 5427 1752 5492 ﬁde;
1778 5428 1882 5498 ﬂa-

377 5629 396 5660 ⁸
443 5630 811 5753 Εχριιῐιῧῑιιιιιε
846 5631 929 5686 hic
988 5629 1207 5685 verbum
1245 5625 1509 5690 dixerunt,
1557 5624 1702 5695 quod
1758 5638 1882 5680 scn-

384 5715 431 5750 tu
474 5706 627 5753 turba
672 5710 747 5752 at.

310 5715 431 5752 κω
474 5706 747 5753 turbabat.

1985 4514 2036 4567 id
2066 4520 2169 4578 est,
2198 4513 2483 4583 przedicem
2511 4528 2528 4579 ;
2556 4510 2781 4580 cofﬁnus
2814 4512 3081 4574 stercoris,
3112 4524 3330 4581 peccata
3385 4514 3562 4567 conti-

1984 4605 2119 4670 teri;
2146 4606 2198 4658 in
2224 4604 2427 4672 futuro,
2461 4603 2513 4656 id
2536 4612 2636 4668 est,
2667 4603 2720 4655 in
2747 4602 3109 4672 dietnjndicii.
3138 4602 3354 4667 Mulier,
3371 4602 3419 4657 id
3448 4615 3559 4666 est,

1986 4698 2281 4751 humanum
2314 4709 2486 4767 genus
2514 4712 2528 4761 ;
2570 4696 2760 4762 spiritu
2791 4694 3145 4763 infirmitatis,
3172 4693 3227 4749 id
3278 4705 3385 4759 εει,
3452 4694 3561 4749 ﬁde

1983 4798 2037 4843 ct
2062 4804 2265 4857 opere;
2298 4805 2467 4842 annos
2494 4788 2666 4840 decent
2699 4797 2744 4839 et
2774 4797 2913 4852 octo,
2968 4787 3017 4839 id
3048 4795 3153 4852 est,
3209 4790 3329 4840 dua:
3384 4785 3557 4855 leges,

1983 4882 2097 4935 sive
2120 4881 2209 4946 qui
2242 4895 2348 4934 non
2392 4880 2752 4947 impleverunt
2785 4880 2974 4931 decem
3004 4877 3166 4931 verba
3197 4878 3347 4947 legis,
3374 4889 3425 4934 et
3449 4897 3557 4935 non

1986 4972 2341 5025 crediderunt
2370 4971 2421 5023 in
2447 4970 2931 5035 resurrectionem,
2982 4969 3106 5037 quia
3132 4977 3322 5024 octavo
3345 4971 3431 5025 die
3454 4970 3513 5025 ﬁt
3538 4991 3554 5026 :

1985 5080 2081 5134 per
2123 5073 2231 5118 tres
2262 5077 2447 5126 senos,
2498 5062 2750 5127 ostendit,
2809 5062 2961 5131 quod,
3014 5063 3224 5115 intirma
3281 5062 3380 5115 fuit
3427 5074 3558 5117 ante

1985 5156 2184 5225 legem,
2211 5155 2311 5209 sub
2354 5153 2492 5223 lege,
2524 5153 2624 5207 sub
2646 5156 2837 5222 gratia.
2872 5151 3136 5206 Inclinato
3164 5153 3233 5206 ad
3257 5166 3468 5217 terram,
3505 5156 3559 5208 id

1983 5257 2093 5308 est,
2127 5256 2341 5300 terrena
2412 5245 2716 5311 desideria;
2755 5262 2961 5298 sursum
3022 5246 3292 5311 respicere,
3344 5244 3395 5296 Η
3449 5255 3554 5310 est,

1986 5341 2110 5408 quia
2140 5338 2379 5392 caelestia
2409 5351 2506 5405 per
2546 5337 2920 5404 paenitentiam
2955 5350 3060 5389 non
3093 5337 3436 5403 requirebat;
3470 5351 3559 5384 ro-

1984 5435 2117 5483 cavit
2142 5427 2211 5481 ad
2242 5443 2317 5495 se,
2349 5427 2401 5480 id
2441 5438 2541 5491 est,
2576 5440 2671 5495 per
2725 5424 3122 5480 confessionem
3158 5434 3249 5487 ;et
3308 5422 3553 5488 imposuit

2056 5627 2075 5656 '
2115 5623 2216 5678 Pro
2249 5624 2411 5685 Siloe,
2448 5626 2589 5693 quod
2634 5623 2732 5677 loci
2786 5636 2981 5693 nomen
3018 5631 3120 5684 esl,
3155 5621 3204 5674 in
3236 5636 3343 5689 quo
3392 5625 3560 5675 turris

1988 5698 2206 5763 cecidit,
2249 5690 2508 5763 strtptunt
2545 5705 2660 5749 erat
2694 5706 2849 5747 antea
2891 5690 3056 5756 διιω,
3092 5694 3235 5746 nullo
3263 5708 3443 5745 sensu.
