3946 6206
352 360 458 423 553

1327 365 1736 427 EXPUSI’I‘IO
1776 367 1848 427 IV
1911 368 2284 428 EVANGEL.
2347 367 2610 428 LUCAS.

3487 357 3598 420 ὅθί

339 475 421 527 illi
456 490 693 536 manant,
725 472 775 526 id
807 483 911 537 est,
953 475 1090 528 bona
1121 477 1402 546 exempla;
1434 490 1625 532 curata
1666 489 1764 542 est,
1790 493 1913 548 spes
1945 486 1989 542 Α
2091 479 2244 551 (Cap.
2282 479 2448 562 XVI.)
2482 477 2720 560 Lazarus
2771 475 3081 560 mendicus:
3115 485 3306 526 nomen
3343 471 3593 540 pauperis

337 565 588 619 Sanitatis
611 580 627 628 ;
656 565 828 630 prima
847 564 1092 630 Sabbati,
1117 567 1167 620 id
1190 579 1296 631 est,
1319 568 1370 622 in
1395 568 1630 624 futuram
1651 573 1912 639 requiem.

341 657 513 710 Dicite
533 656 673 725 vulpi
703 657 807 722 illi,
837 659 889 712 id
927 668 1035 722 est,
1069 657 1331 722 Herodes,
1363 661 1487 731 quia
1519 662 1766 718 diabolus
1803 665 1917 718 ani-

341 747 446 797 mal
473 756 575 810 est,
612 749 824 800 intetne
856 749 1086 812 habitat,
1151 751 1361 804 vineam
1413 747 1776 818 exterminat;
1842 756 1916 808 ita

347 836 591 890 Herodes
618 837 869 892 diabolus
918 842 1254 893 exterminat
1297 842 1533 908 vineam,
1587 853 1646 898 ut
1698 844 1914 908 dicitur,

359 923 396 978 γ
420 943 567 980 neam
595 926 660 980 de
691 915 927 997 Aggypto
949 932 1269 984 transtulisti
1299 931 1472 1001 (Psal.
1503 949 1686 998 usis,
1719 935 1797 1002 9).

415 1017 569 1086 (Cap.
606 1017 772 1089 XIV.)
811 1020 981 1073 Ilomo
1018 1023 1355 1093 hydropicus,
1391 1025 1441 1076 id
1472 1036 1575 1083 est.
1618 1025 1916 1080 humanum

336 1122 533 1176 genus,
571 1108 869 1163 fornicator
910 1128 924 1176 ;
960 1117 1336 1179 apprehensum
1373 1115 1602 1178 sanauit,
1660 1118 1915 1183 ostendit,

340 1199 485 1264 quod
517 1207 628 1252 tum
662 1201 898 1270 impetus
925 1205 1306 1258 fornicationis
1334 1219 1582 1264 sanatur.
1624 1205 1818 1273 Homo,
1863 1208 1917 1260 id

337 1302 443 1349 est,
482 1287 623 1343 Deus
647 1290 844 1355 Pater;
880 1309 1029 1346 ctena
1065 1311 1280 1362 magna,
1315 1296 1364 1349 id
1387 1303 1498 1360 est,
1532 1295 1912 1366 Erangelium;

338 1383 538 1434 vocavit
573 1383 784 1448 multos,
811 1385 863 1439 id
899 1396 1002 1450 est,
1031 1385 1248 1442 Iudaeos
1274 1403 1288 1452 ;
1327 1389 1470 1440 misit
1503 1405 1707 1442 servum
1740 1406 1917 1452 suum,

341 1472 390 1522 id
421 1483 524 1539 est,
560 1472 842 1528 Christum
889 1477 945 1532 in
971 1492 1227 1542 carnem;
1265 1489 1454 1546 parata
1485 1489 1605 1533 sant
1637 1498 1836 1542 omnia.
1866 1481 1916 1534 id

338 1571 443 1624 est,
474 1567 616 1630 quod
663 1567 729 1620 de
752 1563 973 1620 Christo
1002 1567 1321 1636 prophetam
1380 1578 1528 1624 sunt.
1567 1567 1760 1623 Villam
1793 1573 1918 1637 emi,

342 1655 392 1705 id
430 1665 534 1716 est,
560 1671 659 1724 pro
723 1657 952 1712 avaritia
982 1658 1050 1710 ad
1113 1657 1385 1713 Christum
1437 1675 1545 1714 non
1598 1663 1716 1717 veni
1746 1681 1760 1727 ;
1787 1663 1921 1732 juga

341 1741 516 1801 boum,
556 1743 606 1795 id
642 1753 747 1806 est,
780 1745 1073 1814 superbia;
1107 1745 1266 1800 aliter
1295 1748 1422 1818 juga
1467 1749 1651 1815 boum,
1681 1753 1921 1821 quinque

343 1849 558 1895 sensus,
589 1834 668 1888 vel
703 1835 944 1905 quinque
979 1837 1100 1892 libri
1133 1838 1341 1909 Moysi;
1402 1840 1667 1895 mulierem
1693 1843 1842 1905 duxi,
1870 1844 1919 1897 id

341 1923 1068 1996 est,lusuriam.Pauperes
1127 1939 1176 1983 et
1234 1931 1449 1994 debiles,
1519 1933 1569 1986 id
1632 1945 1778 1998 sunt,
1828 1936 1918 2004 qui

343 2025 684 2084 cognoscunt
705 2028 932 2088 peccata
964 2035 1094 2084 sua;
1125 2021 1196 2074 ite
1223 2023 1278 2074 in
1313 2023 1447 2086 uias,
1475 2023 1525 2076 id
1563 2033 1667 2090 est,
1700 2026 1761 2078 ad
1790 2040 1920 2095 gen-

347 2116 462 2172 tes;
491 2109 787 2173 eompellite
824 2111 1047 2177 intrare,
1077 2111 1130 2165 id
1189 2120 1292 2178 est,
1350 2128 1443 2182 per
1496 2113 1917 2170 confessionem.

349 2197 570 2254 Turrem
595 2200 888 2269 aediﬁcare,
919 2204 969 2256 id
999 2212 1105 2268 est,
1127 2203 1402 2260 Christum
1434 2207 1624 2275 sequi;
1658 2216 1920 2275 sumptus,

346 2289 400 2344 id
429 2301 536 2354 est,
572 2291 961 2348 abrenuntiare
997 2296 1220 2350 mundo.
1259 2297 1392 2362 Quis
1420 2312 1530 2362 rex,
1557 2297 1611 2351 id
1641 2305 1748 2360 est,
1787 2313 1922 2368 apo-

343 2379 516 2435 stolos
535 2397 557 2447 ;
593 2383 918 2436 committere
943 2383 1161 2450 bellum,
1199 2385 1251 2439 id
1284 2395 1389 2448 est,
1420 2386 1918 2454 compensationem

345 2474 896 2540 operum;adversus
948 2474 1115 2528 alium
1165 2491 1356 2546 regem,
1387 2477 1440 2532 id
1495 2485 1603 2542 est,
1662 2480 1920 2534 adversus

344 2564 656 2630 Christum;
680 2581 800 2621 cum
829 2570 1002 2622 decem
1035 2567 1294 2632 millibus,
1341 2570 1391 2624 id
1420 2579 1525 2632 est,
1561 2581 1685 2624 cum
1732 2572 1916 2640 operi-

346 2658 471 2722 bus,
503 2673 622 2729 qua:
647 2660 810 2714 sentit
846 2660 1009 2714 homo
1035 2676 1050 2724 ;
1077 2676 1197 2713 cum
1225 2662 1404 2731 uiginti
1432 2661 1686 2728 millibus,
1713 2663 1766 2718 id
1815 2675 1918 2728 est,

349 2767 474 2806 cum
497 2754 772 2822 operibus,
819 2770 939 2824 qua:
968 2768 1092 2811 sunt
1123 2757 1176 2826 i‘n
1213 2756 1448 2822 occulto,
1493 2765 1548 2810 et
1595 2756 1648 2810 in
1703 2757 1918 2826 palam;

349 2844 663 2914 legationem
696 2847 876 2912 mittit,
906 2848 955 2901 id
982 2858 1086 2914 est,
1135 2848 1462 2913 miserando,
1519 2847 1919 2918 eleemosynam

349 2937 564 3001 dando;
601 2950 771 3008 rogat,
793 2955 909 3009 qua
936 2941 1008 2992 ad
1033 2955 1211 3008 pacem
1233 2950 1352 2992 sunt
1390 2948 1467 3000 ut.
1498 2951 1601 3006 est,
1623 2937 1741 2994 Non
1756 2942 1919 2995 intres

350 3031 406 3080 in
423 3029 628 3096 judicio
658 3047 777 3083 eum
813 3047 960 3086 servo
993 3042 1105 3095 tuo,
1139 3031 1358 3086 Domine
1392 3031 1564 3102 (Psal.
1627 3048 1792 3097 csLti,
1838 3032 1939 3103 9).

2020 571 2172 635 dicit,
2199 580 2254 626 et
2291 572 2476 625 divitis
2511 585 2654 630 non;
2692 568 2938 623 homines
3003 569 3173 620 honos
3245 565 3478 630 scriptos
3537 563 3592 616 in

2019 662 2183 725 coelo.
2213 671 2269 717 et
2301 660 2467 714 malos
2497 675 2625 714 non.
2655 658 2965 712 Vulneribus
3000 656 3206 722 plenus,
3254 653 3306 706 id
3334 660 3438 715 est,
3468 666 3593 720 pec-

2020 752 2194 807 catis:
2230 752 2379 806 dives
2438 750 2653 806 Judazos
2714 747 3024 816 signiﬁcat,
3084 759 3307 814 pauper,
3370 751 3593 812 gentes:

2019 857 2203 904 canes.
2241 841 2514 904 doctores,
2544 840 2635 910 qui
2677 853 2771 906 per
2812 838 3046 905 linguam
3100 834 3317 887 vulnera
3372 841 3592 886 sanant.

2020 936 2084 987 In
2120 933 2239 985 sinu
2271 931 2519 994 Abraha',
2545 931 2594 983 id
2620 939 2722 994 est,
2756 928 2810 982 in
2840 927 3062 991 requie:
3097 923 3338 990 Sepultus
3355 922 3406 974 in
3436 921 3598 988 infer-

2021 1040 2107 1088 no,
2151 1026 2202 1078 ld
2226 1031 2331 1087 est,
2363 1023 2416 1075 in
2447 1023 2626 1076 littera
2660 1037 2674 1077 :
2708 1021 2916 1074 elevans
2969 1017 3145 1072 oculos
3175 1031 3318 1078 suos,
3341 1013 3464 1082 quia
3495 1009 3596 1065 «ιιι-

2022 1111 2121 1164 ιιςεί
2153 1109 2294 1165 oculi
2338 1109 2581 1175 fuerunt,
2616 1110 2667 1162 id
2705 1119 2811 1174 est,
2855 1107 2980 1160 boni
3029 1105 3263 1158 vivendo
3294 1116 3465 1170 usque
3528 1098 3596 1153 ad

2021 1200 2335 1256 Christum:
2371 1201 2500 1254 uidit
2531 1200 2800 1252 Abraham
2828 1212 2847 1250 :
2875 1198 2952 1252 sic
2999 1196 3102 1251 erit
3156 1203 3275 1265 post
3328 1191 3600 1262 judicium

2023 1292 2087 1345 de
2113 1290 2348 1354 inferno,
2379 1291 2637 1344 videbunt
2667 1304 2894 1356 regnum
2923 1286 3039 1352 Dei,
3069 1296 3127 1340 ut
3176 1284 3436 1354 majorem
3483 1296 3600 1350 pm-

2023 1399 2149 1438 nant
2193 1383 2451 1449 habeant,
2486 1398 2515 1437 a
2541 1383 2743 1452 majore
2773 1381 2988 1452 gaudio.
3016 1380 3322 1433 Extremum
3343 1376 3494 1446 digiti
3515 1377 3598 1428 sui

2024 1476 2077 1529 in
2113 1493 2270 1544 aqua,
2294 1475 2344 1530 id
2377 1487 2481 1538 εει,
2507 1474 2597 1544 qui
2625 1473 2860 1528 modicas
2881 1473 3252 1540 eleemosynas
3279 1472 3406 1522 dant
3432 1485 3445 1522 :
3474 1483 3597 1519 cru-

2023 1567 2134 1618 cior
2169 1567 2220 1618 in
2278 1567 2374 1618 hac
2402 1567 2643 1635 flamma,
2674 1564 2725 1618 id
2766 1573 2869 1628 est,
2931 1564 3146 1632 propria
3216 1557 3596 1629 pinnazcltaos

2024 1674 2295 1727 maguum,
2331 1657 2381 1711 id
2404 1665 2508 1720 est,
2534 1653 2784 1710 confusio
2803 1655 3045 1708 omnium
3082 1665 3283 1715 rerum,
3310 1651 3423 1703 sive
3445 1657 3599 1700 vetus

2026 1748 2109 1803 lex
2138 1765 2153 1804 :
2189 1747 2448 1812 Recepisti
2491 1748 2627 1802 bona
2654 1748 2708 1801 in
2732 1748 2838 1800 vita
2869 1756 2982 1810 tua,
3023 1745 3078 1798 id
3103 1752 3206 1808 est,
3237 1743 3434 1795 bonum
3463 1737 3596 1791 feci-

2025 1841 2118 1904 sti,
2147 1839 2400 1906 recepisti
2427 1856 2442 1894 :
2473 1836 2709 1892 Lazarus
2741 1835 2904 1900 mala,
2936 1835 2986 1888 id
3011 1842 3113 1896 est,
3148 1832 3274 1902 quia
3304 1829 3596 1883 vindictam

2023 1933 2090 1987 de
2126 1931 2282 1985 malis
2310 1930 2425 1985 suis
2459 1930 2513 1983 in
2539 1929 2647 1983 vita
2678 1941 2776 1982 sua
2815 1940 2920 1980 non
2962 1924 3185 1992 recepit.
3215 1921 3454 1988 Quinque
3481 1919 3597 1987 {ra-

2024 2033 2153 2086 tres,
2214 2023 2269 2077 id
2329 2031 2432 2088 est,
2499 2021 2738 2090 quinque
2801 2017 2926 2073 libri
2984 2014 3174 2088 Moysi,
3235 2005 3600 2067 observabant

2022 2117 2279 2183 signum:
2344 2129 2410 2166 ea:
2455 2112 2677 2166 mortuis
2719 2109 3085 2174 resurrexerit,
3140 2106 3192 2160 id
3248 2104 3450 2159 factum
3493 2111 3599 2165 est,

2020 2205 2239 2261 Christo
2269 2213 2585 2274 resurgente
2609 2219 2624 2256 :
2653 2201 2745 2256 alii
2770 2216 2835 2256 ex
2870 2198 3094 2264 ludatis,
3120 2198 3491 2254 crediderunt.

2093 2297 2246 2369 (Cap.
2272 2297 2451 2364 XVII.)
2480 2294 2536 2350 Si
2567 2295 2702 2364 lapis
2746 2293 2994 2356 molaris,
3031 2291 3082 2346 id
3131 2301 3236 2356 est,
3267 2291 3313 2346 si
3370 2289 3600 2360 gentiles

2021 2399 2081 2448 ut
2120 2405 2293 2460 equus
2325 2391 2342 2421 ¹
2370 2388 2575 2443 molens
2595 2401 2702 2440 non
2731 2385 2898 2449 videt,
2929 2385 3014 2438 cui
3041 2383 3230 2446 servit,
3253 2385 3333 2437 sic
3357 2384 3604 2450 philoso-

2023 2484 2162 2553 phus
2194 2484 2348 2536 docet
2385 2477 2810 2549 philosophiam,
2847 2490 2967 2544 quae
2995 2474 3069 2528 illi
3099 2489 3204 2527 non
3239 2474 3480 2542 prodest,
3500 2473 3596 2527 sed

2021 2586 2223 2632 sanctae
2250 2572 2502 2628 Ecclesia:
2529 2587 2543 2626 :
2579 2585 2710 2639 auge
2734 2569 2878 2622 nobis
2903 2567 3083 2637 ﬁdem,
3123 2567 3173 2620 id
3218 2576 3321 2630 est,
3349 2567 3472 2619 dum
3509 2580 3606 2618 au-

2022 2683 2116 2737 ges
2137 2669 2471 2720 mandatum.
2505 2662 2643 2716 Huic
2679 2661 2856 2714 arbori
2886 2674 3055 2719 moro,
3085 2657 3138 2712 id
3164 2667 3267 2719 est,
3293 2656 3604 2732 Evangelia.

2021 2759 2163 2829 quod
2218 2757 2570 2812 rubicundam
2624 2752 2825 2808 Christi
2886 2767 3102 2806 crucem
3159 2750 3409 2806 muniat:
3465 2749 3608 2803 sicut

2023 2865 2178 2904 moro
2222 2848 2556 2902 rubicundus
2583 2855 2666 2901 est
2698 2863 2714 2900 :
2751 2845 3046 2908 eradicare,
3085 2844 3134 2896 id
3191 2853 3294 2904 εει,
3322 2855 3353 2895 ε
3403 2840 3605 2910 populo

2021 2936 2285 3004 Iudaico,
2323 2949 2370 2991 et
2392 2937 2818 3004 transplantare,
2859 2937 2910 2990 in
2943 2933 3144 3004 populo
3174 2935 3389 3004 gentili,
3424 2936 3472 2986 id
3503 2945 3607 2999 εει,

2024 3029 2188 3085 arbor
2217 3044 2370 3084 moro
2399 3046 2414 3084 :
2459 3029 2668 3083 fructus
2697 3028 2813 3096 ejus
2850 3027 3056 3096 primus
3087 3024 3263 3089 albus,
3297 3032 3482 3093 postea
3515 3040 3608 3076 ru-

351 3119 420 3174 ln
451 3133 617 3184 terra,
654 3123 707 3178 id
755 3135 860 3190 est,
915 3125 968 3178 in
1021 3125 1238 3179 divitias
1274 3144 1288 3178 :
1328 3126 1380 3179 in
1427 3124 1840 3195 sterquilinium,
1876 3125 1925 3181 id
1953 3134 1996 3192 ε
2031 3122 2325 3187 bicnndus,
2355 3121 2552 3176 deinde
2580 3123 2730 3192 niger
2761 3137 2774 3174 :
2819 3120 2891 3172 ita
2925 3117 3191 3182 diabolus,
3225 3117 3348 3169 dum
3384 3114 3607 3184 angelus

348 3225 453 3276 εει,
487 3215 539 3266 in
576 3226 972 3283 paupertatem.

421 3304 578 3373 (Cap.
606 3303 748 3374 XV.)
790 3305 989 3366 Mulier
1012 3312 1274 3376 qtta'dam,
1307 3308 1358 3362 id
1393 3320 1496 3374 est,
1529 3311 1743 3366 divitias
1779 3331 1792 3366 :
1846 3312 1930 3364 lu-

345 3409 506 3448 cerna
532 3410 770 3458 accensa,
804 3395 855 3449 id
890 3407 995 3460 est,
1033 3397 1420 3466 Evangelium;
1464 3402 1716 3454 drachma
1748 3402 1928 3455 inven-

355 3495 413 3538 ta
452 3485 503 3538 in
532 3486 708 3550 domo,
745 3486 797 3541 id
827 3496 931 3550 est,
970 3501 1221 3557 peciator
1249 3490 1300 3543 in
1334 3489 1579 3546 Ecclesia
1613 3506 1927 3547 conversus.

353 3575 525 3630 llomo
548 3577 796 3642 quidam,
823 3577 873 3630 id
915 3587 1019 3638 est,
1066 3577 1204 3634 Deus
1247 3579 1429 3634 Pater.
1464 3580 1610 3648 Duos
1639 3583 1803 3652 ﬁlios,
1836 3582 1932 3638 luo

349 3668 493 3722 dicos
525 3678 578 3722 ut
609 3681 818 3738 gentes,
845 3671 970 3739 quia
1023 3669 1226 3726 Judaeis
1256 3675 1407 3743 prius
1437 3675 1563 3728 data
1591 3686 1674 3729 est
1708 3677 1788 3730 les
1816 3695 1830 3732 :
1860 3679 1928 3732 da

354 3761 484 3813 mihi
520 3762 830 3828 portionem,
859 3763 912 3817 id
965 3772 1073 3830 est,
1107 3767 1269 3818 vitam
1321 3779 1689 3835 prasentem:
1755 3772 1930 3824 diuisit

350 3853 728 3917 substantiam,
757 3854 806 3907 id
832 3864 938 3919 est,
958 3855 1105 3909 dedit
1131 3855 1435 3911 libertatem
1463 3859 1675 3913 arbitrii
1702 3871 1931 3930 utroque

354 3945 578 4014 populo.
609 3943 832 4014 Peregre
855 3946 1118 4014 profectus
1143 3959 1246 4010 est,
1271 3946 1324 4000 id
1350 3958 1452 4012 est,
1487 3961 1517 4000 a
1543 3946 1649 4002 Deo
1670 3966 1691 4005 ι
1718 3953 1931 4004 uiuendo

359 4037 650 4100 luxuriose,
685 4037 736 4090 id
765 4048 869 4101 est,
909 4037 1067 4090 idolis
1098 4040 1378 4092 adorando
1408 4055 1426 4094 :
1455 4040 1595 4108 [ante
1655 4039 1850 4107 ualida,
1879 4042 1931 4096 id

355 4136 460 4193 εει,
495 4127 562 4182 de
583 4128 746 4182 verbo
779 4128 869 4184 Dei
903 4146 920 4187 :
951 4131 1041 4182 uni
1073 4131 1283 4195 civium,
1317 4130 1369 4184 id
1409 4140 1518 4195 est,
1564 4131 1931 4202 philosopho:

355 4219 410 4272 in
443 4219 568 4274 villa
597 4236 716 4283 sua,
749 4221 798 4274 id
852 4229 956 4285 est,
994 4221 1048 4275 in
1083 4223 1285 4275 mundo
1320 4240 1334 4276 :
1371 4238 1585 4290 pascere
1631 4240 1840 4293 porcos,
1879 4223 1931 4279 id

353 4319 456 4375 est,
492 4319 552 4365 ut
581 4326 731 4365 more
769 4326 1058 4381 porcorum
1087 4313 1260 4379 vixit;
1297 4325 1345 4367 et
1381 4315 1445 4368 de
1477 4314 1707 4383 siliquis,
1743 4318 1796 4370 id
1825 4327 1930 4383 est,

357 4400 586 4468 implere
635 4409 903 4466 ventrem,
937 4408 992 4455 et
1021 4417 1127 4456 non
1179 4403 1611 4473 impinguescere
1638 4424 1653 4470 ;
1683 4401 1850 4475 porci,
1879 4407 1930 4462 id

355 4504 458 4554 est,
499 4493 671 4547 stulti.
699 4491 1007 4547 Mercennrii
1033 4493 1205 4560 patris
1228 4494 1348 4556 mei,
1372 4494 1425 4547 id
1456 4503 1561 4560 εει,
1589 4497 1679 4563 qui
1711 4497 1931 4552 viliores

355 4592 480 4638 sunt
517 4584 659 4639 servi
695 4583 821 4639 Dei:
850 4585 1072 4652 panibus
1106 4593 1441 4652 saturantur,
1468 4586 1519 4639 id
1553 4596 1636 4641 est
1664 4589 1932 4642 doctrina.

362 4675 576 4730 Peccavi
612 4679 663 4730 in
696 4679 846 4742 calo,
882 4679 982 4746 ipsi
1014 4678 1204 4732 dicunt
1255 4679 1381 4743 hoc,
1412 4681 1503 4747 qui
1535 4678 1806 4734 diabolum
1838 4695 1937 4750 pa-

358 4780 492 4822 trem
522 4769 854 4838 habent,qui
886 4773 1134 4840 peccarit
1157 4771 1209 4823 in
1241 4771 1401 4826 caelo.
1434 4770 1800 4827 Misericordia
1825 4791 1936 4830 mo-

356 4872 462 4928 tus,
483 4863 542 4931 id
576 4873 682 4924 εει,
725 4863 872 4915 venit
908 4863 959 4914 in
989 4877 1154 4916 carne
1186 4879 1200 4914 :
1231 4863 1298 4914 ad
1353 4879 1526 4917 servos
1567 4880 1714 4928 suos,
1751 4867 1798 4918 id
1835 4877 1941 4932 est,

360 4955 428 5008 ad
454 4955 726 5023 apostolos
756 4969 772 5008 :
807 4954 944 5008 stola
973 4955 1166 5022 prima,
1207 4953 1360 5016 ﬁdes,
1396 4969 1557 5024 quam
1607 4957 1774 5010 Adam
1805 4972 1928 5026 per-

356 5048 484 5099 didit
517 5066 528 5099 :
557 5046 834 5106 annulum,
863 5048 911 5098 id
941 5057 1044 5111 est,
1071 5061 1201 5098 crux
1231 5047 1283 5098 itt
1309 5044 1484 5099 fronte
1510 5059 1523 5098 ε
1559 5048 1926 5114 calciamenta,

360 5141 413 5193 id
467 5154 573 5201 est,
631 5138 1023 5207 Evangelium:
1081 5139 1299 5190 titulum
1344 5139 1664 5207 saginatum,
1722 5139 1770 5190 id
1821 5153 1925 5206 est,

360 5231 610 5284 Christus
657 5244 721 5283 ex
755 5230 969 5284 duabus
1007 5230 1237 5299 legibus.
1279 5229 1520 5290 Mortuus
1543 5241 1678 5295 erat,
1721 5231 1774 5286 id
1821 5243 1925 5298 est,

360 5323 530 5375 Adam
557 5337 574 5377 :
605 5323 809 5385 reuixit,
845 5322 897 5375 id
924 5332 1029 5382 est.
1057 5337 1154 5390 per
1197 5322 1566 5391 baptismum:
1591 5323 1842 5391 perierat,
1876 5323 1929 5378 id

355 5426 464 5478 est,
496 5416 552 5469 in
586 5415 998 5484 desperatione:
1034 5416 1272 5468 inventus
1321 5424 1419 5480 est,
1451 5414 1503 5469 id
1553 5425 1656 5482 est,
1711 5417 1761 5469 in
1813 5431 1929 5484 spe.

348 5506 525 5561 Filius
541 5509 736 5572 senior,
765 5507 814 5560 id
841 5514 943 5570 est,
965 5504 1135 5560 ,ιιιόεὶ
1164 5522 1180 5559 ;
1216 5508 1268 5558 in
1299 5523 1449 5574 agro,
1483 5507 1533 5560 id
1559 5516 1665 5570 est,
1698 5507 1931 5561 immun-

352 5602 430 5653 do
471 5599 740 5653 desiderio
767 5599 1118 5668 :symphonia
1154 5609 1200 5650 et
1232 5600 1440 5660 chorus,
1471 5599 1521 5650 id
1557 5607 1659 5663 est,
1699 5601 1933 5666 prophe-

351 5695 430 5745 tia
455 5703 505 5743 et
549 5690 929 5760 Evangelium:
968 5694 1069 5746 tlno
1098 5692 1248 5753 sarci,
1282 5694 1328 5744 id
1365 5702 1466 5754 est,
1502 5690 1686 5753 lsaias,
1721 5703 1824 5743 etc.
1887 5737 1892 5741 .

2031 3215 2185 3270 albus
2213 3213 2333 3280 fuit,
2368 3213 2519 3282 niger
2545 3212 2598 3266 in
2633 3211 2922 3266 occasione
2951 3211 3102 3275 Adae,
3142 3206 3344 3262 rubetis
3402 3207 3454 3260 in
3503 3205 3610 3260 bo-

2032 3306 2253 3361 micidio
2287 3305 2424 3361 Cain
2453 3313 2508 3356 et
2535 3302 2692 3358 Abel.
2721 3303 2837 3356 [tuo
2876 3301 3144 3364 molentes,
3177 3297 3422 3354 ostendit
3473 3298 3608 3352 duas

2034 3397 2329 3459 Ecclesias,
2361 3395 2446 3450 vel
2473 3394 2579 3449 duo
2631 3391 2977 3447 Testamenta
3009 3407 3025 3445 :
3051 3386 3219 3457 judex
3246 3397 3301 3442 et
3350 3387 3508 3441 vidua
3539 3385 3609 3440 de

2031 3490 2370 3560 semiplenis,
2407 3497 2460 3546 et
2493 3488 2812 3558 patientiam
2849 3485 3071 3540 habebit
3103 3485 3154 3538 in
3190 3484 3316 3549 illis,
3357 3484 3452 3538 sed
3501 3497 3606 3538 non

2032 3596 2246 3650 semper
2278 3580 2554 3635 tacebunt.

2105 3673 2260 3744 (Cap.
2295 3671 2510 3742 XVIII.)
2543 3672 2657 3726 Duo
2687 3674 3056 3736 ascenderunt,
3088 3686 3228 3725 unus
3279 3670 3604 3739 magniﬁca-

2031 3766 2123 3820 bat
2155 3765 2500 3820 sanctitatem
2531 3779 2683 3818 suam
2723 3774 2778 3818 et
2807 3764 3114 3832 perdiderat
3139 3775 3258 3816 eam
3287 3779 3300 3815 :
3328 3761 3465 3815 alter
3495 3776 3607 3813 ma-

2033 3858 2320 3928 gniﬁcabat
2353 3867 2573 3926 peccata
2605 3870 2723 3920 sua,
2776 3862 2829 3908 et
2859 3854 3172 3923 perierunt:
3209 3852 3399 3922 jejuno
3446 3853 3524 3905 bis
3551 3852 3607 3903 ia

2034 3949 2286 4015 Sabbato,
2315 3950 2367 4005 id
2395 3958 2497 4013 est,
2540 3949 2746 4015 alisque
2783 3944 2905 4001 cibo
2939 3955 2994 3998 et
3023 3943 3268 3998 muliere.
3327 3942 3469 4008 Quid
3523 3943 3609 4011 [a-

2034 4047 2193 4110 ciam,
2222 4054 2279 4096 ut
2309 4044 2470 4096 vitam
2519 4051 2769 4095 a'ternam
2800 4038 3067 4092 habeam?
3096 4037 3148 4091 id
3201 4045 3299 4099 est,
3346 4046 3404 4090 ut
3444 4052 3606 4104 supra

2036 4137 2269 4201 dictum,
2304 4135 2494 4189 talium
2538 4143 2614 4189 est
2643 4150 2857 4204 regnum
2894 4130 3023 4185 Dei:
3049 4138 3104 4185 et
3159 4125 3230 4184 ita
3282 4127 3608 4183 Nicodenms

2035 4226 2288 4282 similiter
2318 4225 2612 4295 cogitabat,
2637 4222 2897 4294 quomodo
2927 4230 3093 4286 potest
3115 4222 3268 4276 homo
3301 4222 3488 4274 iterum
3527 4236 3609 4272 re-

2036 4319 2184 4372 nasci
2205 4316 2385 4389 (Joan.
2418 4333 2498 4380 ιιι,
2535 4316 2632 4382 4)⁴ἒ
2665 4314 2784 4369 Non
2823 4314 3042 4379 occides,
3062 4321 3115 4367 ει
3155 4311 3358 4382 reliqua
3390 4311 3604 4381 (.llnttli.

2037 4427 2090 4475 ν,
2121 4409 2313 4478 21-27)
2350 4425 2365 4464 :
2394 4422 2562 4478 quare
2591 4407 2707 4462 hinc
2738 4405 2896 4470 dixit,
2926 4405 3053 4473 quia
3094 4405 3146 4458 in
3177 4406 3292 4472 ipso
3321 4406 3548 4458 corruit.

2111 4500 2264 4571 (Cap.
2295 4499 2463 4571 XIX.)
2498 4501 2626 4556 Cum
2667 4499 3113 4569 appropinquaret
3147 4495 3382 4557 Hierico.
3421 4497 3469 4549 id
3503 4505 3606 4558 est,

2033 4610 2155 4649 cum
2199 4595 2344 4649 venit
2400 4593 2468 4647 ad
2523 4592 2985 4648 incarnationem.
3098 4588 3190 4642 Vir
3246 4591 3451 4644 nomine
3506 4586 3611 4640 Za-

2035 4687 2230 4750 cha’us,
2266 4685 2318 4740 id
2347 4694 2449 4750 est,
2483 4682 2702 4738 Judaus
2749 4682 2872 4746 fuit,
2935 4690 2986 4737 ει
3039 4679 3256 4737 ,ιιιάιεοε
3307 4681 3606 4751 signiﬁcat:

2032 4764 2444 4844 interpretatur,
2493 4772 2839 4842 justi/iectus,
2877 4773 3020 4828 sicut
3070 4769 3238 4826 Judaei
3298 4789 3357 4826 se
3405 4771 3605 4840 justiti.

2035 4876 2163 4922 cant
2186 4885 2199 4920 :
2221 4875 2433 4935 propter
2455 4867 2685 4930 turbam,
2708 4869 2758 4917 id
2784 4879 2887 4927 εει,
2912 4863 3221 4918 divitiarum
3246 4875 3295 4917 et
3324 4864 3606 4915 vitiorum:

2034 4961 2091 5012 in
2121 4958 2328 5021 arbore,
2366 4959 2416 5010 id
2443 4965 2526 5011 est
2554 4955 2730 5010 crucis
2759 4973 2772 5010 :
2811 4956 3082 5009 dimidium
3115 4955 3386 5015 bonorum,
3425 4955 3475 5006 id
3505 4963 3609 5016 est,

2035 5050 2346 5104 substantia:
2404 5065 2582 5102 meae:
2627 5049 2692 5101 do
2745 5049 3082 5115 pauperibus,
3143 5046 3195 5099 id
3245 5058 3347 5107 est,
3403 5045 3611 5114 Frange

2036 5141 2284 5194 esurienti
2315 5156 2503 5208 partem
2531 5147 2676 5191 tuum
2703 5137 2836 5206 (lsn.
2871 5154 3018 5202 Lvut,
3048 5137 3135 5205 7):
3163 5147 3211 5188 et
3245 5137 3290 5188 si
3316 5137 3438 5204 quid
3463 5135 3612 5204 {rau-

2037 5232 2177 5296 davi,
2206 5231 2424 5284 reddam
2450 5228 2827 5300 quadruplum,
2867 5230 2967 5282 hoc
3013 5229 3063 5280 in
3103 5228 3214 5292 lege
3240 5229 3304 5279 de
3323 5227 3608 5280 anitnabus

2037 5324 2266 5389 dictum,
2299 5335 2354 5379 et
2385 5326 2436 5378 in
2488 5323 2776 5394 Evangelio
2805 5326 2869 5375 de
2908 5321 3052 5375 omni
3087 5329 3335 5373 creatura
3390 5321 3610 5378 dicitur.

2040 5415 2212 5470 Homo
2243 5416 2455 5480 nobilis,
2483 5417 2536 5470 id
2585 5427 2690 5479 est,
2719 5414 2990 5478 Christus,
3038 5412 3170 5464 abiit
3230 5415 3283 5464 in
3351 5414 3610 5481 regionem

2037 5507 2400 5577 longinquam,
2445 5509 2493 5562 id
2561 5517 2665 5570 est,
2705 5507 2756 5559 in
2816 5506 3013 5560 cmlum
3051 5523 3066 5558 :
3101 5504 3333 5583 accipere
3397 5519 3608 5572 regnum

2037 5599 2161 5657 sibi.
2200 5599 2250 5652 id
2283 5610 2383 5663 εει,
2421 5615 2640 5666 regnum
2669 5595 2930 5652 cwleste:
2961 5610 3007 5648 et
3033 5601 3212 5651 reverti
3233 5603 3300 5651 ad
3323 5601 3606 5667 judicium.

2046 5694 2236 5745 lienem
2265 5694 2425 5759 servi,
2458 5693 2508 5746 id
2541 5703 2644 5757 est,
2673 5708 2832 5747 omne
2862 5709 3026 5761 gf‘IltlS
3051 5695 3343 5747 humanum
3382 5711 3396 5747 :
3425 5695 3609 5746 ducem

435 5812 451 5842 ¹
482 5811 666 5867 Neque
690 5811 789 5866 hoc
823 5813 975 5868 libuit
1011 5814 1246 5874 explere.
1276 5814 1417 5872 quod
1476 5821 1626 5867 vacat
1673 5812 1722 5865 in
1761 5809 2007 5870 eliginali
2061 5822 2311 5869 simium.
