3934 6188
436 269 542 336 535
1377 269 1436 334 S.
1478 265 1920 329 HIERONYMI
1963 264 2278 326 OPEBUM
2319 264 2724 327 MANTISSA.
3550 266 3639 332 596

427 403 576 447 mna,
595 385 782 440 dorem
815 382 974 439 verba
1003 383 1137 453 legis
1171 401 1186 439 :
1211 382 1359 439 cives
1391 382 1531 452 ejus,
1565 383 1618 436 id
1646 389 1750 446 est,
1777 379 1969 436 Judaai.
2029 384 2074 439 Α
2105 379 2272 449 legem
2296 399 2314 433 :
2339 379 2443 431 duo
2470 378 2659 448 gladii,
2693 377 2750 432 id
2777 385 2930 441 sunt,
2966 376 3090 432 dum
3116 377 3285 446 leges.
3315 377 3472 433 Filius
3497 383 3642 435 homi-

503 477 763 533 Miserunt
793 474 1130 544 legationem,
1164 473 1341 540 idest,
1367 473 1696 529 occisionem
1725 472 1998 542 apostolo-
2106 469 2186 522 nis
2214 469 2397 523 sedens
2433 485 2470 522 a
2506 468 2704 523 dextris
2740 469 2952 522 uirtutis
2975 483 2994 522 :
3025 478 3079 522 ut
3108 468 3256 523 Dia-it
3289 469 3519 524 Dominus
3551 473 3642 526 Do-

431 583 590 621 rum:
619 567 828 632 primus
860 577 1072 627 servus,
1097 571 1151 615 et
1174 561 1445 616 secundus
1463 561 1997 630 ordoapostolornm.
2105 559 2248 612 mino
2283 576 2418 625 meo,
2453 569 2507 614 et
2541 559 2772 628 reliqua.

437 659 560 712 Lina
597 653 1026 722 uniuscujusque
1054 652 1219 718 servi,
1248 652 1302 706 Id
1335 660 1438 714 est,
1469 651 1748 720 Scriptura
1777 665 1792 704 :
1818 655 1872 704 et
1923 649 2000 704 si-
2175 648 2332 720 (Cap.
2367 649 2584 718 XXIII.)
2627 650 2692 704 In
2723 659 2862 706 ueste
2890 649 3014 705 alba
3043 652 3245 706 remisit
3275 668 3384 706 eum
3419 659 3480 706 ad
3514 653 3642 708 Pila-

430 750 582 803 miles
609 746 718 810 sui,
754 755 1047 812 utrumque
1081 742 1309 798 invenit.
1341 741 1568 812 Lapides
1597 743 1921 804 clamabunt,
1947 742 2000 798 id
2108 755 2238 812 tum,
2273 747 2325 802 id
2355 753 2463 811 est,
2493 749 2548 800 in
2580 746 2684 802 lide
2713 747 2995 803 Trinitatis
3028 765 3042 801 :
3077 749 3226 803 venit
3263 747 3329 801 ad
3363 759 3560 818 gentes,
3591 753 3646 804 ad

429 849 554 893 sunt
591 850 777 904 gentes
810 850 825 888 :
857 832 1028 887 διισιωί
1089 842 1417 886 tacuerunt:
1471 832 1608 900 ﬂevit
1652 849 1807 900 super
1865 849 2000 895 eam,
2106 839 2322 908 plebem
2369 837 2566 893 Israel,
2612 836 2774 892 Fac“
2827 848 2950 892 εαηι
2999 839 3182 903 amici,
3217 839 3269 892 id
3316 849 3416 902 εει,
3451 851 3651 910 umque

430 929 672 986 ostendit
707 941 803 980 nos
830 924 956 980 ﬂere
992 933 1212 992 peccata
1246 930 1466 978 nostra:
1507 923 1904 976 circumdabant
1931 932 2003 984 te,
2105 931 2339 1000 populus
2373 929 2442 983 ad
2477 929 2636 984 {idem
2666 929 2893 984 Christi,
2926 929 3171 984 Herodes
3203 928 3469 999 signiﬁcat
3499 946 3653 999 μορυς

434 1024 485 1074 id
515 1029 618 1084 est,
651 1015 882 1071 Romani
925 1013 1395 1068 circumdederunt
1425 1025 1542 1066 eam
1576 1029 1589 1065 :
1644 1011 1891 1080 undique,
1953 1011 2003 1064 id
2106 1021 2220 1076 ιυηι
2257 1023 2498 1092 genuum
2535 1039 2551 1077 ς
2587 1021 2814 1088 pum",
2847 1022 3088 1077 ιυαεεοε,
3138 1023 3431 1077 Levium“
3470 1026 3606 1078 de”,
3637 1027 3650 1056 ι

431 1121 531 1169 cst.
565 1109 733 1174 inlIJS,
793 1113 846 1161 el
877 1103 1023 1158 [01⁵38
1052 1104 1068 1134 ¹
1107 1119 1122 1158 ε
1155 1102 1223 1154 σά
1254 1110 1472 1166 “Nam.
1505 1101 1554 1155 id
1583 1111 1686 1167 θεῖ,
1725 1101 1777 1155 in
1836 1102 2008 1155 ίιὶῖθΐ·
2035 1119 2038 1122 ’
2107 1113 2340 1177 seduna,
2373 1112 2654 1167 Barabbas
2679 1114 2822 1168 illius
2853 1114 3056 1170 diaboli
3089 1115 3314 1168 dici'ur.
3355 1113 3491 1168 Flete
3523 1132 3654 1183 super

369 1193 390 1217 "
435 1194 560 1254 num
596 1215 612 1257 :
641 1199 809 1269 (ilius,
841 1197 898 1252 id
923 1203 1028 1262 est,
1063 1195 1288 1248 virtutes
1319 1210 1334 1248 :
1375 1194 1519 1263 quod
1551 1193 1785 1248 iaciebat
1813 1195 1863 1247 in
1895 1194 2003 1257 die,
2109 1221 2218 1269 υοε,
2252 1203 2307 1258 id
2355 1213 2462 1268 εει,
2500 1218 2671 1273 super
2703 1216 2920 1274 gentem
2965 1216 3242 1271 “suam;
3287 1215 3407 1260 ωηο
3439 1208 3654 1274 impie,"

434 1297 486 1346 in
523 1300 679 1344 nocte
715 1288 924 1342 ruebat.
957 1285 1241 1357 Ingressus
1279 1285 1334 1338 in
1367 1284 1638 1352 templum,
1669 1285 1720 1338 id
1753 1295 1856 1350 est,
1880 1285 2006 1356 quia
2108 1294 2303 1358 dicere,
2332 1293 2382 1348 id
2412 1303 2518 1362 est,
2553 1296 2705 1363 plebs
2733 1294 2902 1349 israel
2933 1314 2948 1350 :
2980 1288 3154 1350 dicite.
3173 1298 3457 1360 montibus,
3488 1298 3536 1350 id
3566 1309 3654 1359 est,

436 1384 522 1438 die
556 1381 838 1436 Dominico
874 1379 1095 1432 intravit
1140 1377 1193 1429 in
1226 1375 1505 1446 templum.
1539 1375 1853 1440 Quaerebam
1889 1392 2007 1429 eum

2139 1386 2472 1452 .atriarsbis;
2530 1387 2779 1452 collibus,
2836 1387 2892 1441 id
2949 1397 3064 1456 est,
3115 1389 3418 1459 prophetis.
3473 1390 3657 1442 Dimitte

439 1475 674 1544 perdere,
699 1471 935 1528 ostendit
963 1483 1151 1524 novem
1194 1469 1520 1537 servos,.qui
1550 1483 1658 1522 non
1685 1468 1857 1538 negati
1885 1475 2010 1523 sunt

2139 1480 2242 1544 llis,
2277 1481 2328 1534 id
2365 1486 2470 1544 est,
2509 1478 2699 1535 bibant
2729 1481 3050 1549 sanguinem
3084 1495 3248 1550 quem
3282 1480 3580 1544 en‘udcrint,
3608 1491 3657 1533 ut

437 1571 490 1620 in
526 1563 844 1619 ministeriis
893 1563 1024 1618 Suis.
2112 1572 2246 1625 ﬁant
2295 1585 2424 1624 vasa
2475 1559 2886 1636 misericordiae,
2921 1586 3044 1642 qua:
3091 1556 3221 1626 sunt
3265 1587 3393 1627 vasa
3424 1573 3530 1628 irae.
3563 1570 3658 1626 Ne-

508 1657 665 1729 (Cap.
695 1656 840 1723 XX.)
877 1654 1051 1710 Homo
1085 1657 1325 1726 quidam,
1359 1654 1412 1708 id
1453 1661 1554 1716 est.
1616 1651 1753 1708 Deus
1804 1652 1963 1708 Palel'
1991 1670 2006 1707 ε
2046 1719 2084 1734 η
2112 1665 2287 1716 sciunt
2312 1663 2438 1733 quid
2461 1663 2686 1731 faciunt,
2716 1673 2770 1717 et
2796 1663 2840 1717 si
2863 1666 3086 1728 scirent,
3116 1665 3406 1719 Dominum
3436 1665 3660 1734 majesta-

439 1752 703 1818 plantavit
732 1751 957 1814 vineam,
994 1749 1043 1803 id
1098 1759 1200 1813 est,
1233 1747 1485 1802 intimos:
1517 1746 1716 1814 coloni,
1753 1746 1804 1802 id
1865 1755 2010 1810 sunt,

2144 1757 2190 1810 is
2218 1771 2500 1824 nunquam
2533 1755 2936 1810 crucilixissent
2967 1774 2980 1809 :
3014 1757 3141 1826 quia
3188 1772 3289 1824 per
3329 1757 3659 1828 ignorantiim

443 1848 780 1916 legislatores
812 1862 828 1897 :
859 1846 969 1911 ipse
996 1858 1208 1910 peregre
1233 1842 1360 1910 fuit,
1393 1840 1446 1895 id
1483 1851 1564 1895 est
1595 1854 1783 1894 Otones
1811 1839 2019 1894 dimisit
2120 1847 2391 1902 fecerunt.
2431 1845 2602 1900 Hodie
2642 1863 2841 1900 mecum
2870 1848 2974 1901 eris
3005 1848 3057 1900 in
3087 1848 3364 1916 paradiso,
3395 1849 3442 1900 id
3468 1859 3558 1910 est,
3587 1849 3661 1916 qui

446 1939 500 1992 in
529 1937 776 1992 libellam
828 1934 1039 1989 arbill‘“
1092 1933 1212 1989 θυῖε
1246 1932 1478 2000 Primum
1537 1946 1774 1995 servum.
1804 1931 1856 1984 id
1909 1938 2010 1993 εει.
2120 1936 2372 2005 sequitur
2400 1935 2529 1990 Cltri
2565 1945 2703 2002 tum,
2735 1921 2996 1990 tenebras
3028 1951 3137 1990 non
3171 1935 3360 2000 habet,
3391 1935 3476 1990 sed
3504 1936 3661 1989 lumen

447 2029 640 2084 Isaiam
669 2044 686 2096 ;
719 2025 1040 2089 secundum,
1065 2025 1116 2079 id
1168 2033 1270 2090 est,
1309 2022 1638 2088 Jeretniam;
1673 2023 1912 2086 tertium,
1965 2019 2017 2074 id
2121 2029 2264 2083 vitm,
2300 2025 2517 2095 Ioseph,
2548 2026 2602 2080 id
2655 2037 2757 2089 est,
2793 2027 3026 2095 populus
3080 2026 3246 2080 Israel
3286 2041 3300 2078 :
3349 2035 3594 2086 aromata,
3622 2032 3662 2076 et

444 2131 552 2186 est,
581 2120 800 2176 Daniel:
833 2130 986 2173 extra
1019 2119 1242 2181 vineam,
1277 2115 1330 2170 id
1383 2124 1486 2181 est,
1515 2124 1664 2170 extra
1693 2113 2015 2168 Jerusalem.
2122 2130 2410 2188 unguenta,
2443 2119 2494 2173 id
2522 2129 2626 2182 est,
2663 2118 2811 2184 fides,
2841 2133 2987 2188 spes,
3017 2117 3259 2172 charitas
3287 2133 3304 2171 :
3334 2133 3437 2170 una
3465 2116 3660 2176 sabbati.

452 2213 592 2279 Quid
613 2211 766 2282 faciet
791 2209 1033 2262 dominus
1059 2210 1217 2262 vinea:
1244 2224 1262 2261 :
1296 2209 1432 2262 venit
1461 2218 1509 2258 et
1537 2205 1875 2274 perdidit.'id
1915 2211 2017 2267 εει,

452 2303 626 2359 malus
664 2302 822 2357 mala.
861 2301 1338 2371 Couquassabitur,
1374 2300 1426 2354 id
1449 2307 1554 2362 est,
1588 2313 1748 2353 cruce
1779 2307 2022 2352 conteret

452 2397 758 2450 voluntates
789 2393 906 2462 eius
935 2411 948 2447 :
985 2394 1302 2446 comminuet
1332 2393 1504 2457 illum,
1536 2391 1588 2444 id
1618 2399 1722 2455 est,
1751 2396 1803 2444 in
1851 2390 2020 2444 vindi-

453 2499 535 2540 cta
561 2485 778 2539 crucis.

526 2575 883 2647 (Cap.,XXl.)
912 2572 1047 2628 Gens
1083 2575 1136 2626 in
1184 2582 1408 2644 gentem,
1439 2572 1490 2627 id
1519 2581 1624 2639 est,
1650 2587 1780 2640 gens
1811 2573 1860 2624 in
1919 2569 2023 2624 ιιο.

457 2671 686 2722 manus:
728 2682 940 2736 regnum
973 2666 1026 2718 in
1067 2681 1242 2734 regno,
1282 2667 1458 2726 idest,
1504 2663 1592 2716 alii
1623 2663 1881 2718 adversus
1912 2661 2022 2715 Ro-

459 2773 646 2812 manos
677 2768 960 2821 :terrores,
983 2758 1032 2810 id
1069 2767 1172 2819 est,
1196 2755 1472 2824 quadriga:
1503 2755 1556 2808 itt
1583 2769 1706 2808 aere
1729 2754 2026 2808 audieban-

458 2859 584 2904 tur:
617 2848 766 2920 signa
804 2856 976 2912 erunt,
1008 2854 1064 2899 ut
1088 2846 1188 2899 fuit
1214 2861 1375 2915 supra
1399 2845 1696 2900 Jerusalem
1729 2844 1880 2899 stella
1901 2859 2022 2897 cum

458 2941 636 3010 gladio
678 2943 876 3010 igneo:
921 2940 1230 3008 contingunt
1282 2939 1336 2992 in
1385 2938 1701 3002 testimonio,
1727 2936 1780 2990 id
1828 2944 1930 3002 est,
1960 2936 2025 2988 de

2123 2211 2174 2265 id
2204 2223 2305 2271 εει,
2335 2210 2708 2279 ΕνιιιςιιΙὶιιιη,
2739 2207 2885 2279 quod
2923 2209 3150 2264 lucescit
3179 2223 3277 2279 per
3307 2217 3515 2260 noctem
3537 2214 3662 2257 vt'te-

2126 2302 2200 2355 ris
2251 2299 2609 2356 Testamenti.
2662 2299 2918 2353 Mulirres
2988 2299 3179 2368 primae
3236 2297 3661 2354 resurrectionem

2124 2395 2422 2447 viderunt:
2460 2403 2644 2460 aptum
2697 2393 2830 2458 fuit,
2888 2400 2947 2446 ιιι
2985 2407 3081 2460 per
3135 2391 3287 2460 ipsas
3342 2391 3489 2460 prius
3537 2390 3662 2443 salus

2125 2487 2483 2542 cucurrisset.
2520 2499 2615 2552 per
2643 2498 2778 2552 quas
2814 2483 2962 2552 prius
2992 2483 3316 2536 accurrebat
3350 2497 3507 2536 mors.

2197 2578 2352 2650 (Cap.
2388 2574 2607 2647 XXIV.)
2642 2575 2711 2628 Et
2741 2591 2856 2629 ecce
2889 2577 2994 2628 duo
3032 2575 3133 2629 viri
3165 2583 3442 2636 steterunt,
3470 2573 3518 2625 in
3549 2570 3664 2626 Mat-

2126 2671 2266 2726 than
2293 2685 2434 2724 unus
2459 2669 2705 2736 angelus,
2739 2669 2794 2722 in
2825 2667 3006 2722 Marco
3032 2667 3380 2733 adulescens,
3408 2668 3459 2720 in
3483 2667 3668 2720 Joanne

2129 2767 2235 2818 duo
2267 2764 2465 2834 angeli,
2497 2763 2550 2815 in
2581 2762 2722 2814 Luca
2750 2761 2857 2814 duo
2879 2761 2977 2815 viri
3006 2760 3290 2823 dicuntur,
3319 2761 3370 2815 id
3396 2767 3494 2824 est,
3525 2757 3667 2811 multa

2129 2859 2328 2914 itinera
2362 2857 2670 2914 mulierum,
2702 2862 2758 2907 et
2788 2851 3023 2907 diversa:
3056 2861 3184 2908 sunt
3217 2853 3487 2914 visiones;
3521 2851 3596 2904 vel
3621 2851 3664 2904 iu

2130 2964 2322 3012 unum,
2356 2949 2551 3001 iterum
2600 2952 2653 2999 et
2703 2944 2757 2998 in
2808 2960 2914 2998 una
2960 2942 3103 2998 visio
3149 2953 3204 2996 et
3245 2941 3532 2996 dissimi'es
3563 2947 3670 2992 sunt

456 3034 658 3088 Judaeis
686 3034 753 3088 ad
790 3041 997 3104 gentes.
1025 3030 1136 3100 Ego
1155 3033 1221 3085 do
1257 3031 1392 3085 vobis
1418 3046 1475 3084 os
1509 3041 1558 3083 et
1586 3031 1922 3099 sapientiam,
1974 3029 2022 3080 in

2139 3044 2470 3100 narrationes
2499 3041 2985 3108 evztngelistarum.
3015 3033 3351 3088 Liuteamina
3375 3031 3484 3085 sola
3501 3032 3668 3094 posita,

463 3128 642 3196 Moyse
668 3126 885 3191 dicitur,
922 3123 1158 3177 Ostendit
1184 3125 1277 3176 tibi
1309 3123 1447 3177 Deus
1481 3123 1791 3190 sapientiam
1825 3119 2024 3190 (Exod.

460 3235 642 3281 sxxvt,
691 3217 772 3289 2).

530 3312 768 3377 Capillus
792 3315 855 3365 de
879 3313 1052 3378 capite
1078 3325 1178 3361 non
1229 3310 1434 3378 peribit,
1473 3307 1523 3360 id
1546 3316 1648 3368 est,
1677 3305 2022 3359 mortalitate.

461 3403 760 3458 Jerusalem
799 3403 1113 3464 calcabitur,
1149 3401 1198 3453 iti
1235 3412 1338 3463 est,
1371 3401 1510 3453 idola
1566 3399 1932 3452 adoralmntttr
1974 3399 2026 3449 in

461 3513 525 3550 ea
556 3497 759 3554 :donec
808 3493 1126 3562 impleantur
1161 3505 1392 3560 tempora
1419 3492 1678 3562 gentium,
1712 3492 1764 3544 id
1795 3501 1899 3552 est,
1933 3487 2032 3541 Ju-

463 3593 607 3642 dzcos
639 3602 935 3642 c0nversos
979 3587 1031 3640 in
1068 3585 1229 3639 linem
1264 3586 1469 3639 tuundi.
1496 3584 1658 3654 Signa
1701 3585 1754 3636 in
1814 3585 1941 3643 sole,
1980 3583 2029 3635 id

463 3691 546 3735 εςι
573 3681 805 3734 litteram
834 3694 846 3731 :
877 3693 1040 3731 sonus
1092 3677 1278 3744 inuris,
1305 3677 1356 3730 id
1397 3685 1499 3744 est,
1535 3679 1733 3730 iactum
1766 3685 1848 3730 est
1885 3691 2034 3728 mare

463 3774 876 3836 Sodomiticum,
911 3773 1086 3841 pisces
1118 3785 1246 3826 suos
1295 3771 1349 3824 in
1410 3781 1554 3826 terra
1583 3769 1772 3839 jaciet.
1822 3767 2038 3822 γεηίεη..

467 3882 567 3922 tem
600 3869 648 3920 in
683 3864 1076 3927 nubibus‘rmli,
1107 3865 1158 3917 id
1189 3873 1293 3929 est,
1321 3864 1371 3916 in
1398 3863 1676 3932 prophetis
1723 3874 1776 3917 et
1823 3873 2036 3932 apustoo

468 3964 557 4012 l‘s.
587 3956 842 4012 Ficulnea
867 3969 914 4011 et
951 3959 1184 4020 arbores,
1225 3957 1275 4008 id
1306 3967 1410 4018 est,
1449 3971 1718 4028 synagoga
1755 3966 1810 4010 et
1860 3957 2038 4010 lmini-

467 4067 587 4103 rn-s.
613 4049 674 4102 In
701 4049 785 4101 die
803 4050 991 4102 docens
1025 4051 1075 4101 in
1105 4048 1378 4117 tciieplum,
1410 4049 1460 4102 id
1495 4057 1596 4113 est,
1632 4050 1890 4102 laboravit
1916 4065 2035 4100 cum

467 4141 668 4196 Judaeis
697 4159 710 4195 :
744 4143 796 4193 in
826 4152 993 4205 nocte,
1019 4142 1075 4193 in
1104 4125 1273 4195 incute
1300 4139 1504 4204 Ot’iveti,
1535 4141 1583 4194 id
1609 4155 1710 4206 εει,
1741 4145 2039 4210 requiesce-

469 4236 558 4287 lmt
590 4250 708 4286 cum
755 4234 1028 4300 gentibus.

544 4327 694 4394 (Cap.
737 4323 923 4392 XXII.)
955 4324 1120 4378 Homo
1168 4325 1474 4390 amp/turam
1529 4342 1677 4390 aqua:
1712 4335 1950 4390 portans,
1989 4327 2040 4378 id

2131 3135 2428 3193 ostendunt
2466 3132 2609 3202 quod
2659 3146 2769 3184 non
2820 3128 3064 3197 indigent
3098 3140 3342 3194 corpora
3385 3124 3672 3177 vestimento

2132 3239 2256 3300 post
2301 3235 2798 3286 resurrectzonem;
2836 3237 3010 3274 secum
3059 3219 3285 3280 mirans,
3325 3217 3374 3268 id
3420 3224 3515 3276 est,
3552 3207 3672 3279 quod

2127 3323 2579 3390 derelinquautur
2599 3316 2948 3371 vestimenta.
2973 3311 3087 3364 Duo
3108 3326 3171 3364 ex
3193 3310 3306 3362 illis
3331 3307 3491 3372 ibant,
3516 3317 3673 3358 oszeu-

2131 3415 2212 3468 dit
2260 3423 2474 3483 gentes,
2509 3408 2637 3478 quia
2663 3406 2745 3460 sic
2799 3416 3058 3460 ostensus
3111 3411 3197 3456 est
3249 3401 3382 3461 illis,
3434 3398 3518 3466 qui
3567 3393 3676 3447 loris

2131 3516 2308 3567 erant,
2340 3503 2481 3557 sicut
2515 3502 2598 3554 liis
2629 3497 2724 3568 qui
2761 3497 2906 3551 intus
2949 3503 3146 3559 erant;
3177 3491 3476 3552 castellum,
3509 3487 3555 3540 id
3589 3494 3673 3546 cst,

2135 3603 2414 3652 luntrium.
2461 3589 2780 3652 Jerusalem,
2811 3587 2867 3642 id
2909 3595 3014 3650 est,
3048 3583 3332 3648 εωιεειίςς
3365 3579 3602 3637 stadium,
3631 3574 3672 3626 id

2134 3696 2237 3751 est,
2266 3696 2454 3740 octava
2510 3695 2641 3751 pars
2681 3678 2749 3732 de
2801 3676 3093 3738 milliaria;
3133 3671 3314 3724 stadia
3360 3685 3427 3723 ιι
3469 3662 3673 3720 ostendit

2133 3791 2418 3833 munerum
2467 3773 2713 3831 dierum.
2763 3769 2814 3821 in
2859 3766 3056 3835 quibus
3099 3763 3278 3817 factus
3329 3774 3412 3815 est
3457 3758 3678 3812 mundus.

2137 3869 2343 3924 Numen
2389 3863 2595 3920 castelli
2633 3864 2913 3918 Emmaus.
2952 3859 3017 3911 Et
3062 3859 3170 3923 ipse
3220 3857 3375 3920 finxit
3415 3867 3468 3905 se
3503 3850 3680 3916 longius

2137 3960 2234 4023 ire,
2269 3957 2320 4008 i.l
2365 3965 2470 4018 est,
2503 3952 2569 4006 ad
2601 3960 2826 4022 gentes;
2877 3957 2925 4000 et
2974 3957 3324 4016 cognoverunt
3368 3945 3418 3994 in
3456 3939 3681 4008 [romane

2139 4050 2314 4118 panis,
2343 4057 2396 4100 et
2444 4061 2550 4099 non
2604 4049 2981 4112 cognoverunt
3015 4053 3161 4097 eum,
3197 4052 3320 4087 cum
3362 4033 3580 4102 praedicti
3605 4027 3681 4078 io-

2143 4158 2265 4196 nem
2302 4141 2470 4194 audit.
2497 4147 2576 4190 ut.
2615 4134 2847 4188 Evanuit
2888 4130 2954 4183 ab
2993 4130 3160 4184 oculis
3205 4142 3418 4190 eorum,
3455 4120 3682 4178 Ostendit,

2145 4239 2285 4308 quod
2315 4249 2423 4290 non
2456 4245 2742 4304 possumus
2773 4225 2991 4284 tardare
3024 4225 3076 4277 in
3115 4221 3399 4284 theorica;
3431 4229 3476 4271 et
3503 4213 3681 4308 longius

2146 4330 2246 4398 fuit
2280 4328 2343 4380 ab
2377 4329 2475 4390 eis,
2509 4324 2726 4392 quando
2749 4333 2855 4373 non
2905 4319 3301 4384 cognoverunt,
3343 4309 3396 4363 id
3445 4317 3540 4366 εει,
3577 4313 3682 4370 qtna

473 4428 575 4480 νει,
607 4415 818 4486 Maryses
849 4424 901 4469 et
930 4413 1169 4490 Joannes
1217 4417 1493 4482 Baptista:
1534 4418 1717 4467 (ionius
1764 4417 2038 4470 cmnaculr.
2072 4393 2119 4450 θ
2146 4393 2364 4489 iongius
2390 4430 2673 4487 possumus
2701 4425 2920 4464 manere
2949 4409 3002 4462 in
3035 4405 3234 4461 actuali
3267 4405 3414 4465 vita;
3448 4414 3555 4451 cum
3583 4408 3686 4461 ape-

472 4509 524 4561 id
553 4517 660 4572 est,
693 4507 932 4560 Ecclesia
967 4525 980 4560 :
1010 4516 1259 4571 stratum,
1309 4509 1361 4560 id
1395 4514 1496 4569 est,
1527 4507 1679 4560 ﬁdem
1721 4506 2046 4563 Trinitatis;

474 4608 636 4654 donec
664 4599 947 4664 impleatur
982 4615 1193 4668 regnum
1249 4599 1363 4663 Dei,
1429 4600 1478 4652 id
1535 4610 1636 4664 est,
1682 4599 2045 4654 ministerium

476 4708 730 4762 nmgnum
763 4711 774 4742 :
808 4693 914 4746 duo
970 4694 1166 4746 colit-es
1221 4709 1386 4747 unum
1449 4709 1568 4746 cum
1630 4708 1792 4761 aqua,
1818 4692 2045 4746 alterum

476 4801 596 4837 t‘llﬂl
628 4786 772 4847 vino,
806 4786 912 4838 ide
949 4795 986 4846 t,
1016 4800 1137 4837 cum
1182 4785 1400 4839 uiatico
1436 4799 1588 4854 nupta:
1622 4792 1675 4838 et
1713 4785 1823 4838 vini
1868 4785 1921 4836 in
1958 4798 2049 4838 ca-

480 4878 582 4930 lice
618 4893 630 4928 :
672 4875 854 4928 vinum
884 4892 988 4927 una
1023 4890 1163 4942 aqua
1194 4876 1430 4928 ostendit
1465 4877 1765 4942 passionem
1806 4891 1900 4943 per
1951 4875 2048 4929 ba-

439 4952 758 5037 ;ptismntn.
803 4964 1074 5036 Numquid
1111 4967 1315 5036 aliquid
1375 4969 1560 5034 defecit
1617 4970 1773 5030 vobis,
1833 4971 2051 5036 quando

479 5059 644 5111 iielml
671 5073 790 5111 cum
826 5058 930 5112 illis
960 5059 1010 5111 iu
1053 5074 1294 5122 carnem,
1333 5061 1515 5125 idest,
1561 5062 1892 5126 praecipiebat
1942 5060 2051 5114 illis

481 5168 584 5204 non
612 5153 812 5206 Ital-ere
847 5167 1029 5205 curam
1058 5153 1282 5216 sa'culi;
1315 5158 1438 5206 dum
1499 5167 1681 5208 autem
1724 5156 1790 5209 ab
1845 5154 1948 5209 illis
1997 5169 2056 5208 se

481 5253 718 5311 separat,
741 5243 941 5296 habere
969 5244 1184 5297 unicam
1213 5242 1370 5297 (idem
1391 5261 1407 5297 :
1426 5256 1560 5297 emat
1586 5245 1845 5314 gladium,
1873 5247 1922 5300 id
1949 5257 2053 5310 est,

559 5425 573 5453 ¹
597 5421 902 5494 Legi-batur
937 5424 1184 5484 alterum,
1213 5439 1320 5478 uno
1356 5424 1520 5478 VCl'ilO
1567 5441 1663 5493 pro
1688 5425 1757 5477 ad
1809 5435 2002 5478 terram
2039 5441 2058 5478 :

485 5493 580 5546 ενα
618 5493 716 5547 uec
757 5496 1094 5562 subsequens
1139 5497 1392 5547 ἱεοι-οΙηιιι
1430 5497 1622 5551 mendo
1663 5504 1827 5549 caret.
1874 5497 1925 5548 in
1956 5497 2060 5549 line

485 5564 743 5632 sectionis
775 5565 861 5617 ubi
888 5567 1105 5627 dicitur,
1131 5563 1244 5632 Ego
1275 5566 1339 5616 de
1370 5567 1507 5617 uobis
1540 5583 1618 5629 os,
1640 5575 1691 5618 et
1718 5567 2056 5632 sapientiam,

489 5640 608 5684 erat
638 5631 775 5700 Ergo
807 5635 869 5687 de
909 5635 1048 5687 vobis
1098 5631 1205 5696 eos,
1264 5649 1369 5688 etc.
1426 5637 1701 5704 Ejusmodi
1741 5639 1844 5688 alia
1905 5638 2060 5690 tertio

491 5715 705 5770 quoque
734 5716 886 5757 versu
919 5706 1297 5771 occurrebant,
1333 5723 1450 5775 qua
1479 5707 1680 5760 rcl‘etrc
1717 5709 1882 5777 piget.

2147 4512 2274 4564 riret
2310 4507 2453 4562 nobis
2491 4506 2816 4570 Scripturas.
2845 4529 2914 4539 --
2946 4497 3058 4551 Pax
3089 4496 3250 4561 vobis,
3288 4506 3432 4547 nunc
3463 4503 3550 4545 eos
3573 4499 3682 4538 con-

2149 4613 2336 4674 gregat
2378 4603 2427 4653 in
2474 4613 2634 4652 unum
2673 4607 2882 4665 pacem.
2919 4591 3099 4656 Quare
3143 4604 3251 4642 non
3300 4601 3407 4639 uno
3443 4585 3556 4636 loco
3591 4591 3689 4632 sur-

2151 4669 2310 4766 iuit,
2339 4702 2393 4747 et
2423 4686 2702 4744 ascendit?
2743 4686 2867 4754 quia
2903 4683 3078 4736 honor
3111 4677 3396 4733 descendit
3424 4669 3688 4729 Jerusalem

2153 4791 2217 4841 ad
2244 4759 2456 4857 gentes.
2503 4781 2761 4834 Doltiillus
2807 4777 2895 4829 hic
2941 4773 3206 4842 implevit,
3237 4766 3385 4838 quod
3419 4767 3531 4834 ipse
3553 4759 3687 4857 dixit.

2155 4848 2320 4933 Ortite
2399 4892 2491 4944 pro
2575 4869 2996 4938 persequentibus
3049 4861 3289 4932 (Matth.
3356 4874 3423 4923 v,
3474 4854 3582 4921 M);
3624 4848 3692 4900 tli-

2156 4983 2321 5025 ιιιιειι.

2253 5124 2319 5182 IN
2366 5118 2812 5202 liVANGELlUM
2853 5110 3228 5172 SECUNDUM
3265 5103 3593 5166 JOANNEH.

2232 5237 2386 5306 (Cap.
2426 5233 2492 5304 ι.)
2543 5230 2608 5284 In
2647 5228 2897 5297 principio
2922 5233 3030 5279 erat
3087 5219 3329 5284 Verbum,
3365 5218 3418 5272 id
3462 5226 3557 5277 est,
3591 5220 3692 5278 (μηδ

2232 5429 2252 5458 ³
2275 5422 2469 5476 Nescio
2492 5407 2616 5485 quid
2643 5415 2707 5469 de
2731 5411 2986 5466 Baraliba:
3011 5404 3263 5483 seditione
3287 5401 3500 5485 videtur

2164 5466 2431 5556 innisi}?
2443 5466 2580 5542 edi
2596 5466 2848 5555 qtion'tatn
2870 5554 2877 5556 _
2900 5495 3003 5556 non
3051 5488 3132 5528 est
3144 5543 3153 5556 .
3165 5477 3219 5552 in
3255 5481 3524 5556 promptu.

2509 5574 2571 5609 ex
2613 5541 2822 5624 aliquot
2869 5543 3330 5624 littjusmndinqute
3370 5541 3690 5624 llllﬂciill‘fi':

2173 5610 2509 5700 ξιῖἷιιὲῖιὶέζςῖυ
2545 5610 2846 5680 innumeris
2881 5610 3000 5670 aliis
3039 5613 3264 5674 tuendis,
3299 5623 3415 5677 qua:
3447 5610 3692 5670 casnsa'v'l'

2172 5723 2310 5769 tuus,
2349 5708 2718 5772 argumentum
2760 5707 2956 5761 Cupes.
