3946 6206
343 170 455 233 537

1336 177 1751 241 EXPOSITIO
1774 180 1850 242 IV
1905 180 2288 246 EVANGEL.
2345 185 2611 248 LUCAS.

3502 182 3611 248 5-98

339 288 530 342 omnia
582 287 636 341 in
693 285 812 356 ipso
863 288 931 341 in.
956 288 1195 344 tuantur
1240 299 1292 344 et
1352 294 1633 348 liniuntur.
1690 293 1926 349 Verbum
1961 305 2000 357 Α
2031 307 2160 349 ante
2187 297 2315 352 bibit
2339 296 2577 355 Joannes
2605 298 2939 369 passionem,
2965 312 3126 368 quam
3149 295 3400 353 Christus
3428 317 3441 353 :
3469 318 3607 371 aqua

340 383 525 437 Patris
558 381 701 437 ﬁlius
729 382 871 451 apud
907 382 1071 437 Deum
1109 401 1123 438 :
1155 398 1281 453 qua
1330 387 1474 440 ﬁlius
1523 387 1666 456 apud
1715 398 1924 456 patrem

340 488 564 541 setnper
610 482 713 527 est.
756 473 894 527 Dens
935 483 1049 529 erat
1094 471 1340 540 Verbum,
1379 474 1433 530 id
1479 488 1584 537 est.
1619 478 1760 532 Deus
1805 487 1926 534 erat

342 563 524 626 ﬁlius;
556 564 652 617 hoc
679 576 791 617 erat
824 565 879 617 in
906 566 1169 634 principio
1204 565 1345 634 apud
1376 568 1543 621 (Icum
1579 582 1599 622 :
1623 568 1801 622 omnia
1834 584 1928 635 per

340 655 519 722 ipsum
550 654 697 723 facta
726 666 872 720 sunt,
902 666 951 709 et
983 658 1098 710 sine
1122 658 1234 723 ipso
1260 656 1470 727 factum
1500 668 1578 713 est
1614 658 1769 723 nihil,
1811 659 1926 713 haec

341 745 527 806 idota;
563 749 702 815 quod
739 757 838 811 est,
872 746 927 800 in
970 764 1030 802 eo
1076 749 1182 802 vita
1214 759 1351 810 erat,
1395 750 1502 804 hoc
1542 761 1648 814 est,
1684 750 1813 821 quia
1847 749 1923 804 ili

340 841 533 893 utnuia
563 850 856 910 antequam
889 840 1040 903 tisut,
1075 842 1300 904 vivtznt;
1348 842 1452 895 vita
1482 850 1599 897 erat
1629 843 1723 899 tua:
1754 844 1926 897 homi-

340 951 494 1001 num,
531 935 625 989 lux
672 944 728 989 et
778 935 883 989 vita
915 933 1170 991 Christus
1218 939 1423 1007 est;,iu
1492 938 1720 994 tenebris
1762 938 1922 1005 lucet,

340 1026 396 1080 id
427 1036 536 1088 est,
567 1026 621 1081 in
657 1029 854 1097 populo
882 1025 1198 1083 Judteorsm
1245 1044 1345 1097 per
1386 1030 1555 1101 legem
1597 1040 1651 1085 et
1691 1032 1923 1102 propin:-

340 1127 428 1172 tas
465 1133 481 1172 :
516 1116 687 1172 Judaei
717 1133 841 1173 eum
883 1135 990 1173 non
1039 1131 1432 1191 cog'iovnunt.
1482 1120 1615 1176 Erat
1649 1122 1742 1176 tua:
1775 1140 1920 1191 vera,

338 1227 461 1281 qua
486 1212 755 1265 illuminat
783 1227 985 1266 omnem
1012 1213 1294 1280 hominem,
1325 1225 1377 1270 et
1404 1215 1644 1286 reliqua;
1677 1218 1765 1272 lux
1797 1233 1921 1273 vera

340 1305 618 1360 ilnmina’t
670 1306 980 1370 nascendo,
1031 1308 1359 1375 nutriendo,
1410 1311 1675 1377 vivendo,
1727 1322 1784 1367 et
1828 1328 1924 1384 per

340 1388 576 1465 gratiam
613 1396 863 1464 baptismi
899 1396 1134 1463 Spiritus
1181 1401 1385 1467 sancti,
1425 1401 1696 1457 illuminat
1743 1404 1922 1458 scien-

340 1489 511 1553 tiam;
542 1488 596 1542 in
627 1478 823 1543 mundo
848 1490 1009 1553 venit,
1031 1491 1287 1547 mundum
1314 1510 1418 1548 non
1441 1497 1704 1565 cognovit,
1730 1496 1784 1550 id
1814 1505 1918 1561 εει,

341 1579 572 1648 populus
593 1578 941 1648 Judnorum;
970 1598 1098 1654 pars
1124 1584 1323 1648 aliena,
1351 1601 1478 1655 pars
1510 1586 1689 1655 aliqua
1717 1601 1920 1655 cogno-

339 1672 419 1725 vit
448 1686 607 1740 eum;
642 1673 695 1726 in
722 1688 823 1728 sua
851 1676 1015 1738 venit,
1048 1676 1102 1729 in
1133 1691 1231 1731 sua
1262 1689 1422 1747 gente
1457 1680 1756 1733 secunJum
1798 1695 1919 1733 car-

338 1776 465 1815 nem
492 1779 509 1830 ;
538 1762 626 1816 sui
653 1778 773 1816 eum
824 1780 928 1817 non
976 1775 1313 1833 receperunt;
1341 1766 1533 1836 quique
1563 1783 1679 1819 eum
1714 1781 1919 1835 recepe-

340 1864 488 1921 runt,
520 1854 663 1908 dedit
702 1864 1012 1924 potestatem
1063 1858 1203 1927 ﬁlios
1258 1856 1354 1912 Dei
1400 1860 1519 1928 ﬁeri
1550 1874 1572 1914 :
1606 1874 1703 1926 per
1756 1861 1915 1915 iidem

338 1960 406 1998 es
435 1960 502 1999 eo
532 1949 639 2000 nati
669 1959 796 2002 sunt
826 1964 924 2018 per
953 1950 1360 2007 renovationem
1396 1951 1677 2019 baptismi,
1705 1960 1759 2007 ει
1798 1969 1918 2024 gra-

341 2045 467 2088 ttam
514 2036 750 2102 Spiritus
800 2039 996 2093 sancti.
1041 2038 1259 2094 Verbum
1313 2056 1438 2104 caro
1485 2041 1687 2113 factum
1733 2052 1829 2106 est,
1868 2053 1917 2098 et

339 2127 596 2182 habitavit
623 2131 676 2183 in
700 2131 871 2194 nobis,
907 2129 962 2186 id
990 2139 1093 2195 est,
1122 2146 1219 2202 per
1247 2134 1668 2204 assumptiouem
1691 2137 1874 2191 carnis
1898 2153 1914 2192 :

339 2214 561 2269 vidimus
597 2218 825 2287 gloriam
855 2218 987 2288 ejus,
1016 2221 1069 2276 id
1099 2230 1202 2288 est,
1228 2237 1327 2291 per
1355 2223 1913 2294 transﬁgurationem,

339 2320 393 2365 et
423 2314 893 2365 resurrectionem~
917 2312 1085 2366 illius.
1547 2369 1551 2373 .

409 2397 537 2453 Post
577 2416 655 2454 me
686 2402 848 2469 venit,
879 2404 1138 2471 ostenlit,
1174 2406 1477 2462 secundum
1522 2422 1740 2463 carnem
1780 2409 1918 2465 nati-

343 2491 592 2560 ritatem;
626 2503 750 2548 ante
781 2512 861 2550 me
884 2495 1059 2566 factus
1090 2508 1188 2561 est,
1220 2499 1270 2554 id
1302 2508 1407 2566 est,
1434 2515 1533 2570 per
1563 2501 1736 2572 ipsum
1773 2503 1914 2559 facta

336 2593 469 2639 sunt
486 2587 706 2654 omnia;
732 2598 779 2639 et
808 2588 930 2659 quin
956 2590 1106 2656 prior
1129 2606 1209 2644 me
1233 2600 1388 2658 erat;
1415 2603 1463 2646 et
1493 2594 1556 2646 de
1583 2593 1916 2661 plenitudine

341 2677 452 2744 ejus
481 2692 574 2733 nos
619 2694 799 2735 omnes
846 2684 1143 2750 accepimus
1194 2725 1202 2732 .
1252 2685 1548 2751 nascendo,
1601 2686 1915 2750 nutrimdo,

344 2772 607 2835 vivendo,
657 2772 885 2840 gratiam
932 2788 1030 2842 pro
1075 2774 1280 2843 gratia,
1331 2776 1534 2832 veteris
1577 2776 1914 2847 Testamenti

342 2866 514 2935 gratia
540 2866 663 2923 novi
693 2864 1059 2923 Testameuti.
1104 2868 1237 2923 Item
1269 2885 1365 2939 per
1404 2870 1561 2927 ﬁdem
1595 2880 1650 2927 et
1678 2872 1917 2927 charita-

2031 384 2205 438 vinum
2239 384 2459 453 factum,
2496 387 2733 443 ostendit
2768 388 3103 443 ronationem
3131 402 3185 440 c:
3217 397 3370 440 vetus
3411 387 3606 442 Testa-

2030 486 2273 533 mentum
2320 478 2374 533 in
2419 495 2641 536 novum.
2678 481 2849 535 Aliter
2893 496 2989 549 per
3028 495 3224 550 aquam
3279 483 3604 545 bapt‘sunnn

2027 567 2278 635 Joannis,
2311 585 2405 638 per
2437 572 2620 626 vinum
2657 573 2838 641 passio
2867 573 3101 634 Christi,
3137 574 3264 626 item
3300 587 3396 640 per
3428 569 3604 623 vinum

2029 666 2251 735 sanguis
2279 662 2507 731 Christi,
2544 676 2602 720 ιιι
2636 667 2752 736 ipse
2787 668 2882 733 ait,
2916 667 3135 735 sanguis
3173 665 3290 732 ejus
3327 681 3476 719 verus
3509 678 3607 727 pa-

2027 765 2111 807 tus
2139 764 2214 809 est
2246 753 2431 827 (Joan.
2464 772 2537 823 vt,
2570 757 2680 824 56).
2720 757 2927 811 Bonum
2954 758 3131 810 vinum
3165 771 3395 816 servare,
3425 767 3611 807 os:eu-

2026 843 2105 909 dit
2153 846 2463 914 mysterium
2497 864 2510 901 :
2544 844 2800 917 mysteria
2850 847 3047 901 veteris
3100 845 3454 901 Testamenti.
3503 841 3607 897 Per

2026 949 2158 991 oves
2194 940 2513 1005 renitentes,
2547 938 2799 995 doctores
2837 939 3098 1005 ostendit,
3132 938 3222 1007 qui
3260 938 3398 991 dom
3444 951 3603 991 sacra

2026 1026 2302 1093 vendunt;
2346 1044 2441 1099 per
2493 1044 2623 1085 oves
2675 1030 2924 1085 homines
2975 1031 3295 1099 simpicirer
3345 1031 3602 1083 ostendit.

2027 1117 2331 1190 Flagellum
2366 1122 2429 1174 de
2463 1122 2750 1185 resticulis,
2784 1122 2835 1176 id
2880 1131 2983 1187 est,
3020 1123 3257 1178 vindicta
3299 1139 3395 1192 pro
3433 1124 3604 1177 variis

2024 1211 2282 1282 pet-catis,
2326 1212 2467 1266 unde
2519 1210 2814 1282 ejiciuntur
2858 1214 2925 1268 de
2975 1213 3238 1273 Ecclesia.
3290 1212 3451 1268 Iesus
3501 1230 3606 1268 non

2023 1303 2263 1358 credebat
2295 1321 2349 1358 se
2373 1305 2545 1371 ipsum
2576 1303 2709 1368 illis,
2744 1304 2796 1358 id
2827 1314 2933 1366 est.
2963 1320 3060 1374 pro
3088 1316 3242 1375 parte
3272 1310 3475 1360 carnis.

2091 1393 2248 1467 (Cap.
2284 1393 2400 1466 ill.)
2442 1394 2767 1450 Nicodemus
2816 1406 2966 1450 nocte
3001 1399 3133 1451 venit
3178 1397 3245 1451 ad
3275 1397 3425 1451 illum
3459 1412 3478 1452 :
3508 1411 3606 1467 per

2025 1496 2239 1542 noctem
2292 1487 2535 1543 ostendit
2591 1487 2827 1541 litteram
2878 1487 3032 1557 legis,
3073 1490 3192 1543 sive
3232 1487 3602 1555 ignorantiam

2023 1579 2225 1641 cordis,
2258 1588 2314 1630 ιιι
2349 1578 2720 1633 illustraretur
2749 1595 2778 1635 ε
2809 1580 3021 1635 ιιιιιιίιιε
3049 1581 3293 1635 scientiae
3327 1580 3441 1636 Dci.
3476 1579 3597 1635 Sci~

2022 1686 2136 1723 mus
2175 1671 2314 1739 quod
2349 1687 2382 1725 a
2426 1671 2531 1726 Deo
2567 1673 2772 1736 venisti,
2813 1673 3052 1727 ostendit
3080 1687 3208 1735 eos,
3245 1673 3336 1739 qui
3387 1686 3603 1743 recepe-

2021 1771 2150 1815 runt
2193 1761 2467 1816 Christum
2504 1779 2600 1833 per
2645 1763 2803 1819 tidem
2837 1781 2854 1825 :
2889 1762 3028 1819 Caro
3062 1765 3301 1817 nascitur
3327 1779 3393 1819 ea:
3423 1780 3602 1827 carne,

2020 1863 2067 1908 et
2095 1855 2373 1923 sanguine,
2404 1864 2461 1909 ut
2489 1855 2635 1909 vivat
2663 1855 3027 1925 corporaliter
3058 1855 3111 1910 in
3149 1855 3374 1919 mundo,
3401 1856 3608 1913 iterum

2019 1947 2326 2001 renascitur
2359 1947 2542 2002 anima
2572 1946 2925 2004 inell'abiliter
2955 1962 3021 2003 ex
3049 1947 3254 2019 Spiritu
3290 1956 3503 2010 sancto,
3542 1957 3603 2001 ut

2020 2038 2165 2092 viVnt
2200 2036 2252 2090 in
2288 2047 2575 2092 aeternum.

2092 2130 2324 2199 Spiritus
2358 2130 2446 2184 ubi
2474 2130 2581 2183 vult
2606 2130 2799 2201 spirat,
2828 2128 2881 2185 id
2915 2141 3019 2192 est.
3053 2141 3215 2197 quem
3247 2127 3362 2183 vult
3396 2126 3603 2181 illumi-

2019 2234 2133 2289 nat,
2155 2221 2297 2278 sicut
2332 2222 2457 2277 dicit
2496 2222 2783 2291 Apostolus
2814 2238 2828 2275 :
2869 2222 2974 2288 Qui
3012 2221 3148 2275 enim
3177 2218 3413 2273 adliceret
3442 2216 3603 2272 Chri-

2017 2326 2117 2380 sto,
2154 2332 2289 2369 unus
2339 2314 2572 2384 Spiritus
2613 2325 2688 2370 est
2730 2311 2784 2385 (l
2821 2312 2947 2369 Cor.
2984 2328 3060 2378 Vt,
3106 2311 3215 2382 l7).
3256 2308 3443 2365 Vocem
3485 2309 3601 2379 ejus

2018 2407 2195 2470 audis,
2225 2407 2521 2462 ostendunt
2543 2405 3001 2461 illuminationem
3031 2403 3183 2459 auris
3206 2401 3418 2467 cordis;
3455 2406 3602 2455 unde

2018 2499 2290 2570 Pmpheta
2323 2502 2400 2554 ait
2435 2517 2449 2554 :
2484 2498 2712 2554 Audiam
2752 2499 2879 2570 quid
2913 2498 3164 2567 loquatur
3195 2497 3250 2550 in
3288 2511 3369 2550 me
3412 2493 3603 2548 Domi-

2018 2609 2140 2651 nus.
2168 2590 2304 2647 Deus
2333 2591 2511 2656 (Psal.
2536 2606 2756 2655 Lxxxw,
2784 2589 2860 2661 9).
2892 2588 3047 2655 Quod
3072 2589 3290 2655 scimus,
3317 2587 3601 2658 loquimur,

2016 2687 2155 2754 quod
2214 2684 2441 2739 vidimus
2500 2694 2759 2739 testamur
2793 2682 2985 2752 :quod
3037 2681 3309 2746 dicimus,
3373 2680 3601 2739 sciurus,

2018 2776 2260 2830 Ostendit
2302 2791 2397 2845 per
2442 2776 2633 2831 modos
2682 2775 2996 2841 locutionis,
3030 2774 3146 2829 sive
3185 2782 3293 2828 tota
3328 2771 3596 2832 Trinitas,

2021 2867 2102 2920 vel
2130 2865 2386 2921 Christus
2414 2880 2535 2920 cum
2571 2865 2835 2933 apostolis
2859 2873 2913 2919 et
2941 2864 3265 2932 prophetis:
3298 2861 3600 2923 Testamur,

345 2971 485 3023 tem;
519 2973 617 3028 per
645 2959 881 3013 litteram
921 2959 1077 3030 legis,
1110 2961 1192 3016 vel
1223 2962 1601 3032 prophetiam;
1631 2972 1744 3019 tres
1774 2964 1915 3017 modi
1945 2982 1989 3039 ε
2022 2958 2077 3013 id
2115 2965 2221 3021 est,
2261 2958 2640 3013 tesﬁmonium
2686 2957 2910 3023 damus;
2951 2957 3308 3011 testimonium
3360 2965 3601 3008 nostrum

346 3065 439 3122 per
472 3052 702 3119 gratiam
747 3052 1002 3123 baptismi
1045 3055 1273 3127 gratiam
1308 3065 1590 3111 aeternam.
1629 3055 1796 3111 Filius
1827 3059 1919 3127 qui

343 3152 417 3198 cst
446 3144 503 3198 in
533 3145 653 3199 sinu
697 3143 901 3210 Patris,
934 3148 986 3202 id
1019 3161 1124 3214 εει,
1154 3147 1211 3203 in
1242 3148 1431 3212 corde,
1464 3148 1550 3204 vel
1583 3149 1635 3203 in
1667 3164 1694 3204 ε
1729 3162 1913 3216 ercto;

342 3236 614 3306 confessus
637 3246 712 3292 est
733 3236 989 3303 Joannes,
1013 3255 1118 3294 non
1142 3255 1263 3296 esse
1285 3239 1385 3296 Cut
1401 3241 1567 3296 istum
1590 3256 1605 3305 ;
1637 3258 1740 3295 non
1761 3257 1921 3311 nega-

342 3330 435 3392 rit,
468 3344 529 3385 se
577 3345 969 3399 praecursorem
1016 3346 1142 3387 esse
1180 3330 1411 3388 Christi.
1450 3331 1625 3387 Aliter
1679 3335 1920 3389 ostendit

343 3437 538 3477 norum
566 3423 1009 3490 Testamentum;
1037 3434 1085 3479 et
1109 3441 1200 3495 ego
1234 3426 1526 3480 nesciebam
1563 3441 1702 3490 eum,
1732 3435 1919 3481 osten-

345 3513 424 3566 dit
458 3510 701 3569 Joannes
742 3529 855 3569 non
894 3515 1036 3570 scire
1082 3530 1181 3585 per
1217 3516 1548 3584 baptismum
1583 3513 1786 3569 Christi
1828 3530 1918 3569 re-

345 3607 615 3672 demptum
658 3618 780 3659 esse
821 3606 1099 3671 mundum,
1135 3619 1259 3660 nam
1305 3605 1519 3661 sciebat
1558 3619 1683 3659 eum
1723 3602 1921 3660 Filium

345 3694 437 3749 Dei
468 3710 614 3760 esse,
641 3706 694 3750 et
727 3684 912 3750 natum
947 3698 999 3750 in
1031 3711 1222 3754 carne.

412 3786 601 3854 Rabbi,
632 3789 721 3843 ubi
762 3789 968 3844 habitas
990 3791 1016 3844 .7
1042 3790 1092 3845 id
1120 3799 1227 3857 est,
1259 3791 1312 3845 in
1343 3806 1451 3863 qua
1483 3791 1732 3848 doctrina
1773 3805 1921 3847 com-

344 3882 619 3944 moveris,
672 3882 787 3936 sive
842 3882 1046 3937 doces?
1103 3884 1308 3947 venite,
1360 3884 1557 3939 discite
1610 3884 1917 3948 doctrinam

346 3987 541 4038 meam,
574 3974 700 4043 quia
745 3988 933 4028 omnes
975 3974 1093 4028 vult
1146 3977 1331 4030 venire
1370 3978 1437 4030 ad
1482 3990 1583 4041 se;
1620 3982 1761 4044 apud
1798 3991 1920 4028 eum

347 4074 648 4118 nienserunt
674 4065 759 4118 die
788 4065 900 4129 illo,
930 4067 1224 4121 ostendunt
1249 4082 1447 4121 novum
1478 4064 1917 4136 Testamentum,

342 4154 457 4209 sive
496 4154 663 4209 vitam
698 4165 1057 4224 praesentem;
1091 4159 1225 4212 liora
1265 4158 1474 4212 decima
1508 4158 1784 4228 signiﬁcat
1824 4174 1919 4215 ve-

343 4260 501 4313 spere
524 4247 708 4304 mundi
738 4265 752 4302 :
775 4250 833 4302 in
857 4250 1154 4305 crastinum
1181 4251 1345 4306 voluit
1367 4254 1511 4307 exire
1534 4254 1585 4305 in
1613 4251 1917 4315 Galilteam,

2021 3068 2123 3106 non
2174 3050 2429 3118 accipitis,
2470 3049 2520 3102 id
2567 3057 2674 3115 est,
2709 3049 3147 3118 praedicationem
3196 3057 3444 3104 nostram
3497 3063 3602 3102 uou

2020 3143 2275 3209 creditis;
2325 3141 2579 3198 Christus
2622 3141 2691 3199 de
2741 3142 2884 3197 cosio
2937 3138 3223 3196 descendit
3273 3138 3609 3213 assumenda

2022 3249 2276 3288 carnem.

2094 3322 2264 3379 Nemo
2316 3324 2555 3377 ascendit
2602 3323 2670 3377 ad
2721 3321 2950 3388 coelum,
3008 3322 3111 3377 nisi
3160 3321 3447 3387 Christus;
3485 3336 3605 3375 cum

2020 3414 2227 3477 arbore,
2261 3414 2314 3468 id
2360 3423 2469 3479 est,
2504 3413 2740 3469 Ecclesia
2779 3431 2796 3469 ;
2831 3415 2964 3469 sicut
2996 3413 3264 3469 exaltatus
3298 3428 3511 3483 serpens
3551 3411 3606 3465 in

2021 3508 2246 3569 deserto,
2278 3513 2334 3561 ct
2364 3504 2621 3562 Christus
2647 3508 2920 3563 exaltatus
2950 3516 3034 3563 est
3065 3509 3117 3562 in
3150 3508 3298 3579 ligno
3327 3506 3512 3563 crucis
3549 3503 3600 3571 ¹;

2020 3598 2162 3653 sicut
2188 3597 2264 3652 illi
2300 3598 2548 3666 percussi
2579 3614 2608 3652 a
2640 3600 3012 3668 serpentibus,
3047 3616 3099 3669 po
3119 3616 3145 3653 r
3175 3602 3349 3656 visum
3381 3613 3609 3667 serpenc

2023 3692 2090 3747 tis
2122 3691 2247 3746 aerei
2275 3691 2653 3746 liberabantur
2679 3707 2693 3745 :
2725 3692 2797 3746 ita
2828 3698 2883 3746 et
2911 3692 3074 3746 homo
3103 3706 3399 3761 percussus
3428 3708 3458 3746 a
3489 3692 3605 3745 diu-

2020 3784 2180 3849 bolo,
2235 3784 2329 3854 qui
2377 3784 2554 3839 credit
2599 3785 2906 3854 passionem
2959 3785 3201 3851 Christi,
3259 3785 3603 3840 liberabitur.

2033 3872 2181 3927 Venit
2213 3875 2269 3928 in
2308 3884 2502 3932 terram
2533 3872 2805 3940 Judwam,
2854 3874 2907 3929 in
2957 3884 3161 3930 terram
3197 3874 3602 3937 confessionis;

2021 3968 2076 4020 in
2130 3965 2304 4033 Enen,
2356 3967 2407 4021 id
2455 3976 2562 4031 est,
2613 3981 2810 4023 nomen
2861 3967 2995 4034 loci,
3034 3968 3127 4023 ubi
3183 3967 3607 4022 immolaverunt

2024 4058 2164 4113 illius
2194 4069 2250 4115 et
2290 4058 2428 4129 ﬁlias
2471 4073 2603 4114 suas
2645 4058 2953 4128 daemoniis,
2978 4060 3122 4116 unde
3152 4061 3361 4131 accepit
3400 4071 3603 4115 nomen

2027 4149 2328 4218 Cebenna;
2376 4151 2541 4221 juxta
2575 4149 2775 4219 Salim,
2809 4166 2932 4222 qua:
2985 4151 3380 4223 interpretazur
3432 4154 3601 4222 pacis,

2024 4250 2185 4314 qualn
2231 4252 2563 4299 vocaverunt
2609 4242 2799 4310 Jcbus,
2841 4248 2986 4299 unde
3025 4255 3360 4314 acceperunt
3404 4261 3606 4300 nomen

347 4337 400 4392 id
428 4345 535 4403 est,
564 4349 686 4408 post
739 4345 1193 4398 resurrccbonem
1242 4357 1395 4398 suam
1445 4348 1510 4398 ad
1562 4356 1787 4413 gentes;
1825 4344 1919 4398 sub
1952 4314 1996 4369 θ
2024 4335 2275 4404 Ιειιιςιεείς
2298 4336 2526 4391 nondum
2543 4337 2681 4391 enim
2705 4345 2820 4391 erat
2837 4335 3069 4391 Joannes
3091 4336 3146 4389 in
3168 4352 3402 4401 carcere,
3423 4348 3609 4392 osten-

344 4430 464 4498 ﬁco,
501 4429 553 4485 id
584 4442 688 4495 est,
720 4435 821 4486 sub
850 4434 985 4505 legis
1016 4434 1221 4502 littera,
1259 4438 1338 4492 vel
1374 4451 1650 4509 synagOga
1679 4454 1692 4491 :
1728 4437 1919 4491 calum

342 4535 604 4590 apertum,
632 4525 683 4577 id
705 4535 789 4581 est
809 4528 992 4595 generi
1024 4528 1294 4595 humano;
1320 4531 1532 4599 angelos
1555 4533 1917 4593 ascendentes,

340 4625 388 4668 et
418 4605 811 4682 descendentes,
841 4619 894 4673 id
921 4626 1025 4686 est,
1056 4619 1107 4673 in
1136 4620 1497 4674 ministerium
1524 4619 1753 4675 Christi.

412 4706 569 4776 (Cap.
607 4707 698 4778 il.)
746 4707 844 4762 Die
886 4711 1038 4763 tertio
1083 4711 1282 4780 nupth
1321 4709 1675 4778 Inclusum,
1714 4709 1765 4763 id
1810 4717 1915 4771 est,

347 4798 501 4850 tertia
527 4798 610 4853 les
643 4814 660 4854 :
693 4799 900 4868 nuptias
937 4801 1213 4869 copulatio
1247 4801 1504 4856 Ecclesia:
1542 4815 1666 4857 cum
1698 4800 1923 4855 Christo

346 4889 696 4959 inteliigitur;
740 4892 907 4947 Maria
950 4892 1077 4947 Jesu
1125 4894 1181 4950 in
1221 4895 1444 4963 nuptiis,
1478 4893 1717 4949 ostendit
1756 4909 1918 4965 syna-

346 4996 575 5052 gogsm;
603 4981 761 5039 Jesus
791 4994 844 5039 et
865 4985 1117 5053 discipuli
1149 4985 1285 5054 ejus,
1313 4986 1480 5055 ﬁgura
1508 4987 1763 5041 Ecclesiae
1788 5005 1801 5040 :
1824 4990 1920 5040 de-

345 5071 551 5139 ﬁciente
580 5075 717 5140 vino,
751 5075 803 5129 id
837 5086 944 5140 εει,
975 5074 1208 5132 deiectio
1235 5076 1431 5133 littera:
1478 5077 1633 5148 legis.
1663 5076 1917 5132 Nondum

347 5162 480 5217 venit
512 5164 647 5218 hara
676 5181 812 5233 mea,
839 5166 891 5221 id
927 5179 1032 5233 est,
1068 5167 1306 5224 nondum
1340 5169 1490 5223 venit
1527 5178 1741 5237 tempus
1790 5181 1918 5235 pas-

344 5242 512 5313 sionis
543 5259 748 5314 Christi
782 5279 797 5314 :
834 5274 926 5314 sea:
971 5260 1197 5330 hydria,
1241 5277 1339 5317 sex
1385 5269 1572 5317 aetates
1597 5275 1616 5314 :
1640 5261 1695 5315 in
1715 5261 1915 5326 vinum,

343 5351 638 5411 Christus:
668 5353 1082 5411 Arcltitriclinus
1121 5354 1394 5413 Joannem
1450 5355 1726 5420 ostendit,
1772 5352 1950 5427 quod'

418 5560 437 5589 ²
471 5557 576 5611 Pro
604 5558 750 5629 ligno
779 5569 902 5616 erat
936 5560 1156 5616 Libano.
1190 5560 1309 5628 Hos
1347 5560 1578 5615 alterum
1609 5558 1684 5610 ita
1718 5558 1921 5613 redun-

351 5627 513 5684 tiabat
543 5627 669 5686 ante
702 5634 859 5688 verba
890 5649 978 5701 per
1014 5633 1175 5686 risum
1208 5650 1224 5686 ;
1263 5646 1371 5687 tum
1409 5630 1775 5685 liberabantur
1804 5637 1923 5684 ειοιιι

2029 4429 2126 4496 dit,
2157 4431 2282 4500 quia
2336 4432 2575 4485 nondum
2615 4441 2733 4486 erat
2769 4430 3170 4486 consummatio
3191 4428 3353 4501 Legis
3389 4430 3603 4485 litterae.

2028 4521 2189 4576 Illum
2222 4532 2419 4590 Oportet
2467 4539 2718 4589 crescere,
2749 4539 2830 4578 me
2862 4532 3037 4577 autem
3070 4523 3238 4578 minui
3265 4538 3286 4578 .'
3316 4523 3407 4594 qui
3452 4535 3607 4593 puta-

2026 4613 2190 4667 batur
2232 4629 2357 4669 es-e
2395 4616 2681 4684 propheta,
2716 4614 2974 4672 inventus
3017 4623 3102 4671 est
3133 4617 3419 4686 propheta.
3451 4615 3604 4680 Quod

2027 4706 2134 4759 ridi
2164 4716 2214 4760 et
2243 4706 2445 4772 audiri,
2475 4708 2776 4763 secundum
2809 4708 3177 4774 divinitatem,
3212 4711 3315 4763 huc
3348 4706 3609 4762 ιεειὶῦειιο

2031 4806 2149 4865 ιιιι·;
2188 4814 2263 4850 εει
2284 4797 2484 4851 nudum
2512 4799 2851 4854 divim‘atem
2883 4801 3257 4855 testinton'um
3291 4800 3410 4865 ejus
3443 4815 3604 4852 nemo

2031 4889 2260 4957 accepi.
2295 4887 2395 4943 llic
2416 4900 2584 4944 totum
2613 4908 2711 4960 pro
2742 4902 2894 4961 parte
2923 4894 3176 4962 ponitur;
3209 4893 3338 4948 item
3371 4894 3602 4954 credit",

2027 4983 2154 5050 quia
2192 4981 2329 5035 Deus
2358 4997 2520 5036 verax
2552 4995 2655 5038 est.

2101 5072 2253 5141 (Cap.
2279 5070 2393 5142 ιν.)
2423 5072 2710 5140 Oportebat
2741 5091 2863 5131 eum
2899 5076 3128 5130 transire
3154 5092 3248 5145 per
3277 5074 3602 5137 Samariam,

2029 5168 2288 5232 ostendit,
2322 5169 2465 5223 sicut
2518 5170 2834 5239 praedicavit
2882 5169 3121 5239 Judais,
3175 5172 3497 5241 praedicaret
3548 5182 3605 5225 et

2029 5260 2311 5330 gentibus;
2348 5261 2632 5330 praedium,
2665 5262 2717 5318 id
2754 5272 2865 5325 est.
2891 5279 3111 5334 agrum;
3151 5263 3273 5319 fons
3317 5266 3383 5319 ad
3430 5262 3605 5319 ﬂucti-

2030 5353 2181 5418 dum,
2237 5361 2429 5426 puteus
2480 5356 2547 5410 ad
2602 5356 2952 5426 potandum:
3004 5355 3295 5429 Ftttigatus
3340 5356 3499 5412 Jesus
3541 5371 3608 5413 es

2010 5573 2131 5637 pro
2168 5556 2556 5637 liberabuntur.
2588 5559 2737 5637 nullo
2773 5571 2866 5617 aut
2895 5563 3170 5620 contrario
3202 5579 3392 5622 sensu.
3428 5564 3608 5637 Supe-

2032 5631 2147 5684 rius
2181 5628 2282 5683 alia
2318 5630 2478 5685 multa
2511 5631 2862 5701 castigantur.
