3934 6188
370 196 476 310 ιω

1339 243 1398 306 S.
1442 243 1886 304 ΙΙΞΕΒΟΝΥΜΙ
1929 245 2246 305 OPERUM
2287 243 2687 308 MANTlSS/l.

3500 240 3612 306 600

368 361 578 426 itinere,
609 347 849 414 ostendit
896 357 1218 412 veniendum
1252 373 1346 426 per
1389 358 1811 412 incarnationem
1843 371 1931 410 su-
1963 363 2006 415 Α
2037 371 2182 412 ιιειιι.
2225 351 2338 426 Ego
2391 360 2501 414 vivo
2549 370 2760 430 propter
2814 357 3048 426 Patrem,
3083 359 3376 416 ostendunt
3412 373 3616 413 secun-

371 470 468 522 per
492 453 775 507 historiam
806 452 939 520 legis
969 450 1196 517 litterze;
1229 465 1321 520 per
1355 449 1544 504 horam
1574 458 1780 504 sextam
1809 447 1942 502 lides

369 540 834 600 Samaritanorum
889 533 1232 610 intelligitur,
1277 541 1365 609 qui
1419 550 1577 595 erant
1629 539 1938 604 ferventes;

369 635 584 698 mulier,
619 633 670 687 id
705 639 808 699 est,
859 645 1165 702 synagoga:
1216 627 1431 683 haurire
1479 646 1691 698 aquam,
1729 629 1943 684 discere

368 722 652 781 historiam
699 723 838 794 legis
888 723 1115 788 litterae;
1170 725 1296 791 petit
1326 719 1482 774 Jesus
1520 721 1709 784 bibere,
1743 721 1793 774 id
1839 729 1942 786 est,

371 824 559 884 petere
597 814 752 868 iidem
808 811 1052 866 mulieris
1087 831 1099 864 :
1138 819 1319 880 puteus
1377 811 1554 872 altus,
1595 810 1648 864 id
1678 821 1782 874 est,
1820 809 1946 863 alti-

375 905 505 957 tudo
539 903 777 972 mysterii
826 902 1002 972 legis;
1068 902 1184 969 fons
1222 916 1397 970 aqua.
1419 896 1652 954 salientis
1688 900 1756 953 ad
1787 901 1946 954 vitam

374 1004 648 1058 wteruam,
678 993 730 1047 id
778 1001 878 1056 est,
905 991 1216 1061 praedicatio
1248 989 1525 1060 Evangelii
1559 989 1853 1044 ebulliente
1881 1004 1946 1043 ex

279 1143 325 1162 ,Α
373 1102 467 1142 ore
508 1085 905 1156 apostolorum,
947 1088 1063 1138 sive
1103 1081 1464 1138 credentium.
1504 1080 1752 1148 Quinque
1784 1081 1944 1145 uiros,

309 1159 325 1173 1
372 1177 612 1233 ostendit
635 1176 874 1244 quinque
901 1175 1070 1228 libros
1102 1171 1308 1242 Moysi;
1345 1179 1393 1226 et
1424 1187 1561 1225 nunc
1587 1187 1740 1241 quem
1767 1172 1946 1234 habes,

376 1279 478 1322 non
526 1278 602 1323 est
649 1278 789 1332 tuus,
828 1268 1064 1320 ostendit
1109 1266 1305 1318 librum
1352 1264 1535 1318 Josue.
1574 1261 1806 1331 Reliquit
1851 1269 1950 1330 Ly-

375 1362 548 1414 driam
591 1377 780 1420 suum,
832 1359 881 1411 id
937 1368 1056 1423 est,
1103 1357 1384 1424 pristinam
1437 1355 1948 1416 conversationem;

379 1454 504 1505 abiit
555 1453 608 1504 iu
656 1453 936 1512 civitatem,
979 1448 1218 1502 ostendt
1270 1448 1598 1516 primitivam
1649 1444 1950 1501 Ecclesiatn

379 1543 533 1610 quasi
579 1542 642 1595 ad
688 1550 900 1610 gentes,
937 1540 1048 1594 sive
1097 1539 1162 1591 ad
1213 1536 1494 1608 populum.
1534 1537 1723 1590 Levate
1766 1533 1950 1588 oculos

380 1644 601 1695 uestros,
638 1633 688 1687 id
739 1643 846 1696 est,
879 1633 1070 1686 oculos
1102 1631 1219 1684 lidt-i
1257 1646 1270 1682 ε
1304 1630 1450 1683 albas
1502 1645 1716 1693 messes,
1753 1627 1802 1680 id
1838 1635 1946 1689 est,

2047 449 2170 503 dum
2206 449 2567 504 divinitatem.

2117 538 2275 608 (Cap.
2315 537 2458 609 Vll.)
2493 537 2831 609 Scenopegia,
2868 539 2921 593 id
2961 549 3068 604 est,
3114 541 3259 594 lictio
3302 537 3621 592 tabernacu-

2047 629 2242 686 lorum.
2302 631 2402 686 Vos
2476 635 2762 687 ascenditis
2809 633 2880 686 ad
2925 635 3064 686 diem
3110 635 3327 702 festum,
3380 649 3477 702 ego
3521 647 3622 684 non

2049 724 2270 778 ascendo
2306 741 2324 778 :
2359 740 2450 778 vos
2493 725 2692 794 quibus
2745 725 2975 780 mundus
3024 725 3349 784 delectatur.
3380 738 3486 787 ego
3516 736 3621 774 non

2048 816 2378 882 ascendant,
2433 816 2557 884 quia
2611 832 2719 872 non
2773 833 2894 872 sum
2945 818 3012 870 de
3067 816 3287 871 mundo.
3341 812 3436 867 Die
3488 811 3625 866 festo

2050 905 2338 971 mediante,
2385 905 2634 959 Ascendit
2686 905 2844 962 Iesus
2903 904 3345 976 Hierosolymam,
3389 905 3627 957 maxime

2050 993 2374 1051 incendente
2423 997 2540 1052 zelo
2585 995 2938 1062 Iudaeorum;
2981 1014 3096 1050 mea
3142 996 3381 1049 doctrina
3415 1002 3626 1046 nonest

2051 1099 2164 1137 mea
2197 1099 2217 1140 :
2245 1094 2298 1138 et
2330 1085 2374 1139 si
2419 1101 2558 1152 mea,
2595 1087 2868 1154 quomodo
2900 1101 3006 1141 non
3041 1081 3199 1138 nica?
3233 1099 3350 1138 mea
3369 1093 3478 1145 est,
3512 1098 3626 1151 qua:

2050 1193 2112 1232 ex
2140 1192 2234 1231 ore
2270 1192 2387 1231 meo
2416 1178 2495 1233 eis
2535 1180 2821 1248 procedit;
2860 1196 2964 1234 non
2998 1188 3083 1234 est
3115 1194 3252 1246 mea,
3286 1178 3409 1247 quia
3448 1191 3567 1244 qua
3593 1193 3624 1229 a

2052 1264 2218 1323 Patre
2265 1270 2460 1336 audivi,
2496 1273 2608 1326 ha'c
2657 1267 2844 1342 loquor
2896 1273 3056 1326 vobis.
3103 1271 3274 1325 Aliter
3327 1269 3626 1322 secundum

2052 1376 2272 1416 carnem
2324 1377 2443 1416 mea
2499 1373 2605 1427 est,
2644 1365 2737 1418 sed
2792 1365 3090 1419 secundum
3133 1362 3476 1417 divinitatem
3526 1376 3628 1412 non

2051 1462 2135 1508 est
2167 1471 2302 1511 mea.
2347 1453 2520 1509 Unum
2563 1472 2690 1523 opus
2726 1456 2849 1526 feci,
2884 1465 2932 1508 et
2961 1472 3138 1510 omnes
3162 1455 3429 1508 miramini
3464 1462 3630 1504 totum

2053 1548 2310 1601 hominem
2353 1564 2540 1602 sanum
2570 1548 2668 1616 feci
2715 1551 2769 1602 in
2793 1548 3042 1612 Sabbato,
3067 1547 3173 1601 hoc
3201 1557 3306 1609 εει,
3333 1554 3509 1599 totum
3544 1558 3634 1612 ge-

2055 1654 2158 1693 nus
2192 1639 2488 1693 humanum
2523 1641 2574 1692 in
2609 1655 2746 1694 novo
2775 1639 3144 1694 Testamento.
3184 1637 3362 1691 Nolite
3383 1636 3633 1704 judicare

382 1728 542 1778 curtla
571 1724 838 1789 lideliunt;
868 1724 955 1792 qui
977 1722 1378 1781 seminaverunt.
1405 1721 1454 1774 id
1481 1735 1510 1774 e
1530 1731 1585 1784 -.t,
1611 1718 1946 1789 prophetas;

2068 1732 2337 1785 secundum
2359 1732 2564 1800 faciem,
2590 1731 2641 1785 id
2665 1742 2767 1798 est,
2802 1747 3084 1799 personam
3110 1731 3346 1785 hominis
3366 1729 3534 1782 nolite
3549 1743 3632 1781 ac-

378 1820 468 1882 qui
489 1824 706 1877 metunt,
734 1825 857 1868 sunt
883 1813 1135 1882 apostoli.
1169 1812 1364 1866 Mansit
1387 1815 1526 1878 apud
1549 1826 1633 1863 eos
1657 1809 1788 1862 duos
1815 1809 1948 1872 dies,

383 1906 433 1956 ιιι
463 1915 567 1970 εει,
605 1913 728 1966 post
779 1907 881 1960 duo
923 1903 1267 1958 Testamenta
1312 1903 1502 1956 tradita
1536 1900 1776 1965 Judaeis;
1821 1899 1950 1952 abiit

380 1999 434 2050 in
469 1996 766 2062 Galila'am,
801 1995 854 2050 id
889 2007 992 2060 est,
1029 1997 1095 2050 ad
1136 2005 1342 2064 gentes.

451 2090 603 2161 (Cap.
635 2088 724 2159 V.)
751 2089 847 2144 llic
870 2089 1053 2156 aliter,
1081 2088 1174 2159 qui
1201 2089 1398 2144 mortui
1429 2098 1555 2144 sunt
1581 2090 1952 2160 corporaliter,

380 2184 432 2233 in
461 2182 642 2235 loturo
681 2181 907 2234 audiunt
939 2191 1123 2235 vocem
1148 2181 1286 2250 ejus,
1323 2187 1378 2236 et
1401 2183 1811 2237 resuscitantur.
1837 2183 1954 2237 Sic-

384 2284 440 2324 ιιι
473 2272 632 2327 habet
657 2274 785 2327 inse
810 2273 996 2337 vitam,
1024 2273 1094 2327 ita
1122 2283 1176 2328 et
1204 2272 1404 2338 Filius;
1436 2274 1578 2341 quod
1609 2274 1829 2337 dicitur,
1859 2276 1952 2328 de-

380 2364 461 2417 dit
484 2357 649 2430 Filio,
674 2365 774 2417 hoc
795 2371 898 2429 est,
928 2377 1025 2429 pro
1048 2376 1132 2430 pat
1150 2373 1198 2416 ιε
1221 2364 1422 2418 carnis.
1446 2363 1549 2427 Qui
1571 2363 1704 2418 bona
1724 2365 1954 2433 fecerunt

383 2458 437 2508 in
464 2455 886 2509 resurrectionem
925 2455 1032 2506 vita
1051 2491 1065 2516 ,
1099 2453 1200 2506 hoc
1233 2461 1337 2518 est,
1359 2454 1450 2520 qui
1473 2453 1953 2522 seipsuntjudieat,

384 2545 656 2616 iesuvgitq
706 2555 758 2599 ει
797 2547 974 2609 aliter,
1021 2543 1114 2613 qui
1159 2543 1356 2597 mortui
1409 2554 1536 2600 sunt
1583 2544 1635 2598 in
1691 2531 1954 2614 peccatis,

388 2648 484 2704 per
521 2637 933 2690 conversionem
984 2637 1018 2688 ιι
1044 2636 1105 2690 'ei
1143 2635 1332 2688 vivunt
1377 2636 1442 2688 ad
1477 2636 1636 2691 vitam
1671 2655 1686 2696 ;
1725 2635 1836 2706 Ipsi
1871 2653 1954 2692 re-

385 2739 604 2797 surgunt
643 2727 712 2780 ad
755 2726 1038 2795 iudicium,
1073 2728 1164 2796 qui
1201 2727 1292 2783 hic
1333 2729 1470 2782 male
1510 2741 1758 2803 egerunt.
1801 2731 1958 2796 Quod

385 2817 536 2882 dicit,
573 2815 693 2870 Non
717 2816 857 2885 facio
889 2834 921 2869 a
951 2833 1033 2870 me
1065 2819 1373 2888 quidquam,
1406 2820 1646 2874 ostendit
1678 2835 1774 2889 pro
1803 2826 1959 2891 parte

385 2923 554 2978 c::r;»o
587 2909 665 2974 is;
717 2909 854 2964 sicut
914 2914 1093 2974 audio,
1135 2922 1183 2964 et
1224 2912 1427 2980 judico,
1459 2911 1725 2982 judicium
1779 2927 1956 2966 meum

386 3007 589 3072 iustum
626 3014 745 3069 est;
795 3019 895 3058 non
936 3017 1114 3075 qttn’ra
1158 3003 1480 3059 uoluntatem
1510 3022 1698 3072 meam,
1735 3009 1823 3060 sed
1869 3009 1959 3076 qui

385 3099 528 3150 misit
568 3112 649 3149 me
684 3095 886 3161 Patris,
923 3099 1010 3150 hic
1043 3097 1378 3151 voluntatem
1429 3114 1582 3152 suam
1625 3100 1825 3166 posuit,
1860 3114 1959 3169 pro

387 3188 663 3244 membris.
700 3187 759 3242 Si
808 3189 1162 3243 testimonium
1209 3191 1452 3260 perhibeo
1492 3189 1555 3243 de
1592 3206 1693 3255 me,
1727 3192 1960 3244 testimo-

387 3282 532 3335 nium
563 3297 729 3334 meum
762 3297 865 3335 ιιυιι
890 3294 966 3335 est
991 3299 1206 3348 rerum;
1239 3283 1381 3336 sicut
1409 3283 1484 3336 ait
1513 3281 1789 3346 Salomon,
1819 3280 1964 3335 Lnn-

387 3373 470 3425 det
499 3382 548 3426 te
581 3373 806 3436 alienus,
844 3391 946 3427 non
978 3391 1034 3426 os
1073 3384 1219 3428 tuum
1252 3374 1440 3442 (Prov.
1471 3390 1642 3440 xxrtt,
1669 3375 1746 3446 9.).
1784 3376 1964 3446 Neque

389 3472 558 3518 ratem
598 3462 710 3532 ejus
752 3465 976 3518 audiunt
1019 3476 1268 3535 unquam,
1301 3465 1542 3520 ostendit
1576 3466 1840 3532 inﬁdeles,
1872 3468 1960 3537 qui

388 3553 832 3626 prtedicationem
870 3556 987 3624 ejus
1021 3572 1126 3610 non
1163 3563 1504 3626 receperunt.

461 3648 618 3718 (Cap.
660 3647 772 3713 Vl.)
819 3648 1066 3702 Ascendit
1123 3650 1176 3702 in
1233 3659 1458 3704 montem
1513 3666 1628 3704 cum
1685 3644 1964 3719 discipulis

389 3742 520 3805 suis,
557 3740 606 3795 id
645 3749 748 3807 est,
787 3741 851 3794 ad
893 3741 1140 3796 altiorem
1175 3743 1339 3796 vitam
1373 3743 1676 3797 ascendere
1707 3752 1962 3808 tentans;

391 3831 724 3904 Philippum,
757 3833 809 3888 id
841 3841 947 3900 est,
984 3834 1049 3887 ad
1089 3833 1449 3902 probandum,
1488 3849 1591 3889 non
1631 3837 1694 3888 ad
1732 3837 1966 3903 perden-

389 3927 540 3982 dttnt.
592 3924 832 3994 Quinque
886 3941 1085 3994 panes,
1139 3926 1381 3996 quinque
1435 3926 1554 3978 libri
1610 3924 1816 3996 Moysi;
1873 3941 1968 3996 per

391 4021 761 4082 ordeacenm,
830 4017 1144 4089 intelligitur
1211 4018 1476 4087 asperitas
1534 4019 1668 4086 legis
1729 4018 1962 4084 litterze;

395 4112 591 4178 [mnum
633 4108 876 4171 multum,
919 4111 1306 4180 perfectionem
1361 4111 1536 4178 populi
1588 4109 1862 4176 ostendit;
1907 4125 1967 4162 ne

393 4199 520 4267 quid
541 4207 720 4266 pereat
746 4199 809 4250 de
838 4196 1075 4264 reliquis,
1110 4197 1161 4250 id
1192 4206 1296 4261 εει,
1329 4198 1495 4250 nolite
1525 4200 1740 4252 mittere
1763 4199 1967 4252 doctri-

395 4305 516 4343 nam
559 4289 646 4342 ubi
695 4303 802 4341 non
842 4287 1100 4342 atdilicat.
1151 4287 1402 4340 Ascendit
1441 4288 1581 4340 solus
1622 4289 1675 4340 in
1715 4300 1960 4352 montem,

2053 1823 2255 1892 cipere.
2279 1821 2506 1878 Nescitis
2538 1822 2673 1876 unde
2699 1824 2821 1888 sim,
2859 1824 3032 1885 idest,
3061 1823 3351 1876 secundum
3385 1833 3631 1874 Carnem.

2122 1914 2305 1967 Adhuc
2341 1915 2601 1968 modicum
2631 1917 2892 1968 vobiscum
2932 1931 3070 1978 sum,
3107 1911 3343 1966 ostendit
3375 1927 3550 1978 usque.
3584 1911 3631 1962 in

2054 2011 2393 2075 passionem;
2425 2006 2668 2076 quwretis
2715 2023 2795 2060 me
2843 2016 2890 2058 et
2941 2023 3045 2058 non
3096 2005 3388 2064 invenietis,
3439 2003 3632 2064 idest,

2055 2095 2436 2165 corporaliter;
2469 2109 2514 2151 et
2543 2097 2631 2151 ubi
2659 2113 2750 2166 ego
2777 2114 2913 2156 sum.
2944 2113 3033 2150 vos
3057 2112 3162 2148 non
3187 2093 3404 2163 potestis
3434 2093 3632 2155 venire,

2056 2189 2109 2243 id
2137 2198 2242 2254 est,
2275 2204 2368 2258 per
2397 2189 2830 2244 incredulitatem
2865 2189 2967 2244 nisi
2999 2203 3096 2258 per
3139 2187 3318 2241 iidem.
3354 2184 3422 2240 In
3456 2185 3632 2238 novis-

2058 2279 2193 2333 simo
2222 2287 2394 2331 autem
2427 2277 2510 2331 die
2535 2277 2856 2346 festivitatis,
2885 2277 2938 2332 id
2961 2285 3066 2342 est,
3093 2286 3309 2346 peracta
3339 2273 3634 2329 festivitate

2055 2368 2400 2436 Judzeornm;
2429 2371 2517 2440 qui
2547 2371 2660 2423 sitit
2683 2371 2878 2434 veniat,
2913 2379 2962 2424 et
2995 2369 3156 2427 bibat.
3185 2369 3237 2422 id
3263 2376 3367 2432 est,
3397 2364 3492 2433 qui
3526 2363 3635 2416 sitit

2057 2462 2281 2516 verbum
2335 2461 2424 2515 Dei
2461 2463 2660 2528 veniat,
2694 2473 2748 2517 et
2783 2461 2932 2515 bibat
2969 2460 3275 2514 doctrinam
3317 2455 3633 2524 Evangelii;

2057 2554 2280 2623 ﬂumina
2323 2552 2388 2606 de
2420 2562 2613 2616 centre,
2646 2553 2700 2607 id
2731 2563 2832 2618 est,
2866 2551 3115 2607 doctrina
3146 2551 3211 2605 de
3251 2549 3446 2614 corde;
3475 2547 3636 2616 ﬂuent

2059 2661 2209 2715 aqua!
2236 2646 2386 2709 ciete,
2420 2645 2470 2698 id
2503 2654 2606 2708 est,
2642 2643 2957 2714 praedicatio
2986 2639 3284 2708 Evangelii,
3311 2654 3432 2707 qua:
3473 2637 3635 2690 donat

2058 2745 2372 2804 pe'petuam
2407 2735 2608 2801 vitam;
2645 2735 2765 2803 quia
2806 2732 2961 2786 Jesus
2997 2732 3225 2785 nondum
3260 2737 3372 2782 erat
3417 2717 3636 2779 honori-

2058 2829 2273 2897 ﬁctttus,
2305 2828 2547 2883 ostendit
2595 2825 3100 2881 honorilicationem
3137 2820 3410 2892 passionis
3452 2828 3509 2870 et
3540 2830 3636 2869 re-

2063 2921 2458 2986 surreetionis;
2498 2919 2689 2974 reversi
2739 2927 2860 2972 sunt
2910 2914 3268 2984 unusquisque
3317 2913 3372 2964 in
3424 2911 3637 2964 domum

2063 3027 2232 3074 suam,
2273 3011 2327 3064 id
2358 3021 2464 3074 ist,
2496 3012 2548 3064 in
2581 3010 2841 3063 malitiam
2875 3022 3051 3063 suam.

2135 3103 2292 3173 (Cap.
2353 3098 2517 3172 Vill.)
2587 3101 2786 3157 Mulier
2843 3102 2898 3154 in
2959 3099 3223 3153 adulterio
3279 3097 3636 3164 deprehensa,

2065 3195 2306 3250 ostendit
2351 3209 2699 3267 synagogam,
2732 3209 2850 3264 qnte
2881 3190 3206 3245 adulteravit
3238 3189 3411 3257 legem
3450 3186 3636 3257 Moysi,

2065 3297 2250 3342 secuta
2303 3286 2499 3358 [suppL
2553 3285 2656 3357 εει]
2703 3300 2821 3340 eam
2869 3284 3219 3338 traulitionum
3268 3289 3634 3348 paternarum,

2065 3376 2181 3431 sive
2215 3376 2514 3430 Ecclesiam
2550 3390 2615 3429 ex
2649 3375 2920 3444 gentibus,
2951 3387 3070 3441 quae
3112 3371 3423 3439 relinquens
3453 3367 3635 3428 Deum,

2067 3469 2330 3525 fornicata
2381 3477 2466 3524 est
2501 3483 2622 3522 cum
2669 3466 3038 3531 daemonibus;
3072 3465 3163 3536 qui
3211 3465 3486 3516 adducunt
3528 3475 3639 3512 eam

2065 3558 2122 3613 in
2171 3560 2364 3620 medio.
2413 3555 2650 3614 ostendit
2694 3554 2931 3623 Judaeos,
2979 3557 3068 3622 qui
3121 3565 3471 3630 accusatores
3515 3558 3642 3603 sunt

2066 3650 2320 3706 Ecclesia:
2353 3650 2579 3707 Cltristi.
2621 3653 2828 3721 Moyses
2873 3648 3145 3703 mandavit
3187 3646 3425 3714 lapidare
3455 3643 3636 3714 (Leuit.

2066 3759 2155 3802 xx.
2194 3743 2280 3810 10)
2314 3762 2326 3797 :
2359 3754 2416 3795 tu
2446 3744 2573 3811 quid
2606 3739 2784 3796 dicis?
2815 3751 3086 3796 tentantes
3124 3755 3246 3794 eunt
3300 3752 3402 3808 pro
3435 3736 3640 3792 duabus

2067 3835 2266 3897 causis,
2301 3832 2344 3886 si
2387 3831 2609 3886 dixisset
2641 3831 2906 3902 lapidare,
2941 3830 3212 3884 dixissent
3239 3828 3336 3888 illi.
3370 3826 3484 3879 Non
3518 3824 3641 3880 facit

2068 3927 2181 3989 ille,
2220 3927 2358 3997 quod
2394 3929 2568 3991 docet,
2611 3926 2872 3979 retnittite
2902 3924 2968 3977 ad
3014 3938 3149 3988 nos;
3183 3921 3226 3975 si
3261 3919 3494 3974 dixi~set
3536 3931 3637 3970 non

2072 4018 2328 4088 lttpidati,
2377 4017 2644 4070 dixissent
2685 4015 3109 4071 :Contradictor
3155 4011 3289 4082 legis
3339 4019 3443 4064 est.
3489 4007 3639 4062 Jestts

2069 4111 2330 4165 inclinans
2359 4125 2412 4162 se
2453 4110 2720 4171 deorsum,
2756 4108 2804 4158 id
2832 4118 2938 4168 est,
2971 4105 3038 4159 de
3069 4102 3287 4158 sedibus
3316 4098 3555 4170 paternis
3587 4095 3637 4148 in

2068 4202 2328 4256 mundum
2377 4201 2442 4253 ad
2489 4199 2808 4253 redimenda
2853 4205 3075 4266 peccata
3127 4193 3340 4264 generis
3384 4189 3634 4244 humani:

2069 4293 2232 4360 digito
2269 4291 2523 4344 scribebat
2579 4289 2632 4342 in
2675 4299 2838 4350 terra,
2875 4284 3114 4340 ostendit
3161 4291 3388 4352 peccata
3419 4290 3638 4340 eorum;

394 4379 448 4432 id
477 4387 578 4443 est,
615 4375 682 4430 ad
713 4375 971 4441 Patrem;
1011 4377 1386 4431 descenderunt
1419 4377 1664 4446 discipuli
1697 4379 1765 4430 ad
1801 4396 1963 4443 mare,
2001 4393 2042 4445 [ι
2069 4384 2230 4436 erexit
2258 4395 2332 4445 se,
2360 4391 2414 4433 ιιι
2437 4383 2668 4449 erigeret
2693 4395 2810 4438 eos,
2836 4378 2925 4444 qui
2960 4375 3280 4430 incedebant
3302 4373 3353 4426 in
3382 4369 3638 4440 peccatis;

394 4473 497 4524 hoc
530 4478 611 4524 est
643 4469 706 4522 ad
743 4477 932 4536 gentes
967 4485 980 4522 :
1023 4469 1369 4522 ascenderunt
1422 4468 1477 4522 iu
1526 4484 1733 4532 narem,
1769 4469 1820 4521 id
1861 4481 1967 4534 est,

394 4563 446 4613 ιιι
482 4559 808 4614 Ecclesiam.
845 4556 1093 4613 Tenebra:
1130 4560 1287 4628 facta:
1316 4571 1458 4627 sunt,
1492 4560 1543 4614 id
1573 4571 1674 4623 est,
1712 4575 1970 4629 vesperu-

391 4659 582 4705 scente
633 4647 872 4712 mundo,
927 4659 1020 4701 aut
1079 4649 1335 4718 impetum
1396 4647 1789 4718 persecutionis
1847 4655 1972 4715 past

394 4743 765 4800 ascensionem
787 4741 988 4797 Christi
1011 4759 1027 4810 ;
1049 4744 1376 4812 remigantes,
1400 4742 1450 4795 id
1468 4750 1571 4806 est,
1596 4737 1971 4808 confugientes

394 4836 460 4891 nd
492 4835 792 4890 Christum.
819 4875 823 4878 .

465 4925 646 4983 Iesum
677 4927 1033 4980 ambulantem
1067 4941 1222 4994 super
1255 4941 1415 4987 mare,
1446 4923 1496 4978 id
1531 4935 1636 4986 est,
1669 4921 1969 4975 calcantem

348 5005 352 5012 ’
396 5019 526 5073 vitia
555 5019 768 5081 mundi;
805 5017 984 5071 turbas
1010 5017 1350 5070 ascendentes
1381 5018 1433 5070 iu
1471 5029 1650 5068 navem
1678 5019 1970 5081 querentes

393 5111 598 5177 Jesttnt,
629 5111 886 5173 ostendit,
913 5119 973 5170 ut.
1011 5123 1200 5163 omnes
1242 5124 1362 5160 cum
1412 5107 1630 5176 proprio
1665 5106 1849 5158 labore
1885 5119 1974 5158 re-

356 5192 617 5270 quirant
661 5202 962 5258 Christum.
1010 5202 1168 5256 Manu
1231 5202 1432 5254 dicitur
1491 5199 1630 5268 apud
1694 5197 1967 5259 Hebraeos,

397 5295 541 5350 unde
573 5295 780 5364 accepit
813 5311 1007 5350 nomen
1044 5307 1278 5357 manna;
1315 5293 1454 5360 apud
1493 5293 1711 5345 Latinos
1743 5290 1846 5344 boc
1887 5299 1972 5343 est

400 5388 555 5456 panis
614 5388 797 5450 vivus,
851 5387 967 5442 sive
1013 5401 1213 5453 corpus
1257 5384 1461 5437 Chris'i
1523 5383 1967 5450 lt‘ultsﬂgttt‘utttttt

398 5481 676 5551 mysterio.
725 5481 920 5536 'l‘ribus
963 5481 1138 5536 modis
1177 5479 1476 5537 suscitatur
1528 5479 1708 5540 ltoznn,
1758 5479 1808 5529 id
1865 5487 1966 5540 est,

400 5574 468 5630 de
512 5573 833 5629 inﬁdelitate
882 5573 948 5628 ad
989 5575 1172 5638 tidem,
1206 5572 1272 5626 de
1320 5583 1542 5642 peccato
1587 5574 1653 5624 ad
1703 5571 1970 5636 pumitcn-

403 5663 558 5730 tiam,
584 5665 638 5720 in
675 5665 960 5720 novissima
997 5665 1080 5721 die
1110 5665 1485 5736 corporaliter,
1522 5664 1572 5714 iu
1611 5663 1965 5716 rrsuz-recdo-

2081 4477 2270 4528 iterum
2321 4474 2584 4526 inclinans
2616 4489 2688 4533 se,
2726 4469 2983 4525 scribebat
3017 4470 3068 4521 in
3103 4479 3262 4524 terra.
3293 4466 3530 4520 ostendit
3559 4478 3638 4516 re-

2081 4565 2244 4617 missa
2276 4574 2496 4630 peccata
2540 4563 2814 4624 mulieris;
2860 4560 3111 4613 remansit
3153 4557 3296 4612 solus
3338 4555 3498 4610 Iesus
3530 4570 3640 4608 cum

2079 4651 2296 4706 audiere
2324 4653 2376 4705 in
2407 4653 2584 4718 domo,
2621 4652 2671 4704 id
2715 4661 2818 4714 εει.
2868 4667 2993 4704 cum
3030 4649 3281 4710 Ecclesia,
3323 4649 3375 4700 in
3427 4651 3638 4700 mundo.

2081 4747 2184 4810 Qui
2224 4748 2461 4815 sequitur
2510 4761 2589 4800 me
2637 4752 2738 4798 uolt
2783 4743 3017 4796 ambulat
3053 4742 3382 4804 intenebris,
3415 4737 3640 4794 ostendit

2079 4852 2186 4890 non
2223 4847 2426 4890 tantum
2474 4851 2692 4906 gressus
2742 4839 2956 4905 pedum,
3009 4839 3103 4886 sed
3152 4833 3401 4886 allectum
3435 4832 3639 4893 cordis;

2081 4945 2183 4982 non
2225 4929 2276 4981 in
2313 4931 2569 4993 tenebris,
2605 4928 2790 4991 idest,
2823 4926 3162 4993 ignorantia.
3196 4937 3372 4993 neque
3416 4922 3471 4976 in
3508 4934 3641 4975 teneo

2080 5022 2192 5075 bris
2230 5031 2611 5090 p~-ccatorum;
2649 5019 2741 5073 sed
2789 5017 3002 5072 habebit
3049 5019 3222 5069 lumen
3275 5016 3420 5076 vitae,
3471 5013 3520 5066 id
3565 5017 3642 5063 63‘

2079 5112 2256 5164 lumen
2291 5110 2550 5173 scientize,
2583 5122 2634 5164 et
2679 5110 2859 5162 lumen
2904 5117 3248 5177 perpetuum.
3285 5103 3462 5156 Multa
3489 5105 3635 5154 habeo

2078 5205 2140 5256 de
2175 5205 2312 5256 vobis
2343 5203 2506 5271 loqui,
2541 5213 2588 5255 et
2631 5201 2899 5270 judicare,
2929 5198 3185 5260 ostendit,
3221 5197 3344 5266 qttia
3378 5196 3424 5250 si
3468 5192 3635 5249 credi-

2078 5296 2288 5358 deritis,
2343 5295 2512 5347 multa
2557 5308 2654 5347 vos
2705 5292 2931 5355 docebo,
2970 5299 3024 5345 et
3057 5288 3101 5343 si
3136 5303 3243 5342 non
3281 5284 3633 5347 credideritis,

2081 5387 2243 5441 multa
2284 5385 2425 5454 loqui
2458 5385 2523 5440 ad
2559 5383 2962 5439 excusationem
2998 5392 3258 5436 vestram.

2152 5476 2254 5531 Ille
2283 5481 2347 5529 ab
2382 5477 2533 5529 initio
2567 5476 2830 5528 homicida
2853 5485 3003 5537 erat;
3033 5473 3158 5542 quia
3191 5472 3528 5538 semetipsum
3556 5466 3634 5518 in-

2079 5570 2291 5626 tetl'etit
2351 5569 2748 5637 stipetbiendo;
2805 5567 2962 5622 aliter
3037 5566 3270 5637 primum
3345 5562 3632 5620 hominem,

2081 5678 2235 5731 quem
2281 5660 2419 5714 iis-ns
2469 5657 2824 5714 itnmbr'alem
2877 5657 3136 5720 condidit,
3186 5666 3239 5709 et
3293 5654 3462 5724 ipsum
3510 5649 3628 5705 fecit
