3934 6188
240 339 338 405 601

240 547 405 603 Abel.
436 547 567 614 Quis
607 567 672 604 ex
712 552 850 606 vobis
877 565 1061 626 arguet
1103 573 1183 610 me
1212 555 1275 611 de
1312 560 1573 626 peccato?
1603 559 1706 624 Qui
1748 575 1812 615 ea:

236 637 350 696 Deo
401 650 497 701 est.
554 637 651 694 Dei
697 645 850 697 verba
886 645 1058 708 audit,
1110 646 1160 700 id
1207 657 1310 709 est,
1343 650 1431 718 qui
1471 649 1714 720 intelligit
1759 659 1813 705 et

236 732 369 787 fuit
408 751 421 787 :
458 734 833 790 Samaritanus
881 753 970 800 es,
1019 750 1068 792 et
1115 739 1429 794 dwmonium
1475 742 1668 806 habes,
1725 743 1812 798 hic

235 825 386 893 quod
421 841 525 879 non
560 827 680 890 fuit,
716 841 816 881 nec
863 827 986 882 hile
1006 845 1063 883 re
1095 849 1108 883 :
1138 843 1189 883 et
1221 835 1364 902 quod
1411 850 1440 888 e
1471 844 1547 900 at,
1580 836 1811 890 tacendo

236 918 540 970 consensit.
577 917 688 985 Ego
737 918 962 986 gloriam
999 933 1170 974 meum
1219 939 1322 978 non
1367 941 1566 993 qua-ro,
1612 934 1687 980 est
1721 929 1813 994 qui

234 1009 450 1076 qurrrit,
500 1020 548 1060 et
591 1009 818 1077 judicet.
865 1009 1008 1064 Deus
1054 1014 1259 1068 Pater:
1291 1031 1395 1068 non
1445 1032 1629 1085 quaero
1667 1019 1809 1071 sicut

235 1102 318 1152 sin
346 1101 586 1155 uiatores
633 1101 858 1166 faciunt,
906 1115 956 1158 et
993 1105 1196 1173 injuste
1225 1107 1490 1174 judicant.
1533 1107 1808 1182 Abraham

231 1201 387 1258 rater
420 1203 587 1246 vester
616 1193 895 1248 exsultavit
926 1207 980 1249 ut
1011 1199 1206 1252 videret
1236 1201 1372 1254 diem
1408 1219 1623 1268 meum;
1659 1203 1804 1269 vidit,

232 1295 280 1337 et
331 1287 546 1354 gavisus
589 1296 666 1340 est
713 1303 732 1341 :
781 1288 830 1340 id
881 1300 981 1350 est,
1022 1292 1148 1342 vidit
1185 1291 1340 1346 ﬁdem
1392 1297 1445 1347 in
1493 1297 1706 1362 spiritu,
1753 1305 1807 1352 et

233 1377 372 1430 sidit
404 1377 554 1430 illum
586 1378 638 1431 in
672 1394 899 1446 persona
945 1382 1288 1450 angelorum;
1321 1395 1380 1436 tr.
1403 1401 1428 1439 s
1471 1387 1622 1451 vidit,
1655 1389 1803 1455 quasi

235 1482 406 1520 unum
437 1468 714 1526 saiu'avit.
746 1469 831 1520 uhi
863 1468 1018 1533 dixit,
1052 1471 1322 1536 Diverlile,
1355 1475 1557 1529 domini
1587 1478 1708 1541 mei,
1738 1479 1806 1544 ad

234 1558 450 1611 domum
495 1560 630 1612 servi
669 1562 842 1623 vestri,
874 1563 921 1615 si
948 1564 1120 1616 inveni
1160 1568 1386 1632 gratiam
1424 1573 1478 1621 in
1507 1569 1671 1623 oculis
1702 1570 1805 1623 tuis

235 1647 391 1716 (Cen.
429 1667 584 1715 xviii,
609 1651 664 1717 ἓ,
696 1653 771 1721 5).
803 1653 991 1715 Amen,
1024 1673 1173 1710 amen
1204 1658 1322 1710 dico
1348 1659 1512 1722 vobis,
1541 1643 1622 1714 est
1646 1677 1803 1715 amen

232 1743 540 1809 geminatus
577 1741 903 1806 intellectus,
940 1761 1084 1809 vero,
1121 1747 1256 1812 sive,
1295 1749 1522 1803 ﬁdeliter
1552 1768 1565 1803 :
1598 1767 1807 1805 annun-

232 1829 375 1880 tians
407 1839 604 1882 not/um
642 1834 696 1882 it
734 1841 882 1885 Vt‘lUS
919 1823 1353 1897 Testamentum;
1383 1846 1504 1891 ante
1538 1839 1802 1893 Abraham

231 1932 320 1984 ego
354 1933 496 1978 sum,
540 1919 607 1972 de
639 1919 922 1976 divinitate
969 1923 1115 1978 locus
1157 1936 1259 1980 est.
1294 1922 1546 1981 Tulerunt
1578 1930 1800 1996 lapides,

231 2014 283 2057 ut
305 2008 551 2075 jarereut
582 2008 634 2060 in
667 2025 806 2070 eum,
842 2011 890 2062 id
925 2021 1026 2075 est,
1059 2013 1264 2080 lapidea
1297 2023 1458 2071 corda
1505 2018 1802 2087 habentes;

231 2097 508 2150 abscondit
549 2095 727 2160 Iesus,
758 2102 991 2152 ostendit
1021 2117 1078 2154 se
1112 2102 1433 2158 absconsum
1481 2122 1508 2160 a
1551 2108 1806 2162 cordibus

233 2205 444 2244 eorum.
479 2189 551 2244 Et
580 2193 738 2246 exivit
771 2194 835 2246 de
869 2194 1079 2261 templo,
1113 2196 1162 2249 id
1210 2208 1312 2258 est,
1361 2199 1428 2252 de
1479 2202 1676 2269 p0pulo
1708 2201 1797 2257 Ju-

231 2281 495 2336 ἀέξοι-ειη».
527 2281 684 2337 Jesus
720 2286 935 2340 transiit
981 2303 1074 2355 per
1109 2289 1338 2342 medium
1386 2307 1587 2356 eorum,
1621 2293 1670 2347 id
1695 2302 1801 2360 est,

229 2371 363 2426 abiit
387 2373 452 2426 ad
479 2386 694 2444 gentes.
1604 2441 1608 2445 .
1751 2401 1756 2404 '

301 2464 461 2533 (Cap.
526 2464 642 2535 IX.)
693 2466 834 2521 Vidit
881 2468 1141 2523 hominem
1189 2457 1394 2526 ca'cum'
1433 2491 1466 2525 α
1510 2476 1802 2543 nativitate,

230 2571 409 2612 fassus
440 2559 733 2612 humanum
764 2575 934 2630 genus
962 2564 1060 2631 εἰς·
1087 2563 1255 2619 iﬁcat.
1294 2565 1474 2634 Neque
1501 2569 1586 2620 hic
1622 2586 1807 2639 prcca-

230 2649 295 2700 rit
325 2663 491 2718 neque
517 2660 760 2719 parentes
791 2651 926 2720 ejus.
953 2664 1012 2707 ut
1057 2655 1323 2726 intelligas
1367 2659 1466 2711 hoc
1503 2663 1640 2727 quod
1672 2665 1806 2718 dixit

232 2755 403 2810 neque
437 2744 726 2809 pecuarit:
768 2745 937 2800 Adam
986 2747 1194 2814 primus
1241 2760 1479 2816 creatus,
1512 2754 1574 2806 ad
1625 2754 1809 2810 viden-.

228 2834 354 2888 dum
387 2836 836 2899 nialum,clausos
871 2839 1058 2892 habuit
1087 2841 1272 2896 oculos
1305 2857 1320 2909 ;
1355 2858 1476 2896 eum
1506 2855 1806 2916 transgres~

229 2944 320 2982 sus
368 2929 470 2983 fuit
527 2930 838 2984 inlaudatum
889 2931 1003 2996 Dei,
1041 2947 1260 3002 ap"rtos
1292 2935 1476 2990 oculos
1525 2941 1687 2993 tenuit
1735 2942 1803 2996 al

232 3020 452 3086 malum,
491 3030 547 3075 et
589 3023 782 3076 clausit
816 3023 881 3077 ad
928 3023 1150 3079 bonum.
1185 3027 1322 3091 Quid
1357 3029 1520 3098 igitur
1553 3042 1803 3100 parci-tes

1230 344 1638 413 EXPOSITIO
1667 349 1746 414 IV
1803 351 2179 419 EVANGEL.
2240 351 2499 421 LUCAS.

237 455 558 520 mortalem,
606 467 659 512 et
712 475 806 528 per
857 460 978 530 ejus
1026 464 1428 532 suggestionem
1477 468 1693 522 occisus
1735 475 1818 521 est
1848 470 1889 526 Α
1920 464 2230 526 Praecursor
2278 469 2484 525 Christi
2525 488 2538 527 :

3382 357 3488 422 602

2587 469 2872 540 scripturae
2902 472 2917 502 ¹
2965 471 3231 539 scriptura
3283 473 3488 538 divina;

1915 569 2063 612 vocat
2115 562 2448 626 nominatim,
2484 562 2539 614 id
2571 573 2674 625 est,
2730 561 2890 615 Novit
2932 562 3185 617 Dominus
3227 565 3321 633 qui
3367 575 3491 620 sunt

1914 648 2026 716 ejus
2071 647 2156 720 (11
2193 647 2326 704 Tim.
2359 664 2422 713 ll,
2457 649 2572 720 l9);
2612 651 2854 719 producit
2899 652 3042 716 illas,
3079 652 3130 704 in
3163 654 3488 720 doctrinam,

1913 742 2026 794 sive
2057 743 2109 794 in
2147 757 2408 809 regnum;
2439 753 2560 795 ante
2593 738 2719 795 ua.
2765 742 2932 806 vadit,
2973 743 3021 796 id
3053 753 3154 807 est,
3184 746 3488 812 exemplum

1913 831 2055 899 quod
2083 834 2268 886 docuit
2301 834 2449 899 prius
2478 833 2636 898 fecit;
2668 833 2919 900 praecedit
2953 833 3072 888 il'os
3101 836 3154 887 in
3185 852 3345 902 regna
3377 851 3488 890 τωο

1913 925 2119 988 lorum,
2177 925 2288 977 sive
2336 934 2392 977 et
2445 937 2636 978 omnes
2689 927 2942 978 doctores
2995 925 3120 978 boni
3167 927 3480 994 praecedunt

1911 1016 2192 1083 exemplis.
2227 1011 2410 1068 Vocem
2445 1029 2612 1076 meam
2644 1017 2890 1080 audiunt,
2935 1017 2985 1069 id
3015 1027 3116 1080 cst,
3147 1017 3478 1083 doctrinam;

1912 1105 2142 1159 alienum
2184 1123 2286 1158 non
2315 1115 2626 1174 sequuntur,
2661 1109 2708 1160 id
2737 1118 2842 1172 est,
2875 1107 3032 1162 [idem
3072 1118 3126 1162 et
3160 1107 3476 1164 .doctrinam

1911 1193 2307 1251 bmri-t'cnrum.
2349 1197 2616 1266 Quotquot
2659 1210 2906 1252 venerunt
2955 1199 3105 1267 [ures
3150 1203 3381 1267 fuerunt,
3432 1211 3482 1254 et

1912 1286 2164 1348 latrones,
2214 1287 2264 1339 id
2317 1295 2420 1350 est,
2470 1288 2976 1356 pseudoprophctze,
3020 1291 3110 1360 qui
3151 1291 3388 1354 fuerunt,
3424 1300 3481 1346 et

1908 1386 2068 1429 erunt
2096 1383 2336 1442 tempore
2363 1377 2692 1431 antichristi.
2721 1376 2822 1430 Per
2857 1395 2935 1431 me
2960 1381 3002 1433 si
3032 1381 3148 1448 quis
3175 1381 3476 1446 intraverit,

1909 1465 2224 1531 salvabitar,
2261 1469 2362 1522 hoc
2397 1477 2502 1529 est,
2537 1470 2625 1536 qui
2665 1485 2764 1538 per
2793 1471 3094 1525 doctrinam
3126 1471 3327 1526 Christi
3372 1475 3483 1527 sal-

1911 1559 2149 1622 vabitur,
2175 1561 2514 1628 ingredietur,
2542 1574 2638 1629 per
2667 1562 3042 1628 paenitentiam
3065 1563 3118 1615 in
3145 1563 3436 1617 Ecclesiam
3467 1577 3484 1620 :

1870 1661 1961 1707 .et
2008 1651 2305 1718 egreditur,
2335 1651 2401 1705 de
2452 1653 2702 1720 praesenti
2747 1652 2942 1706 smculo
2975 1655 3041 1706 ad
3093 1667 3315 1722 regnum
3365 1651 3483 1708 Dei.

1908 1743 2112 1804 Aliter,
2163 1743 2420 1812 egredere
2474 1754 2662 1798 contra
2723 1742 3008 1798 haereticos
3063 1745 3482 1814 espugnandos.

1910 1834 2024 1887 Fur
2059 1852 2158 1888 non
2190 1836 2347 1898 venit,
2383 1835 2486 1888 nisi
2534 1845 2590 1886 ut
2625 1833 2834 1888 occidat
2878 1844 2927 1888 et
2958 1835 3168 1905 perdat.
3220 1836 3308 1890 isti
3358 1845 3486 1891 sunt

1905 1927 2122 1981 ordines
2154 1927 2522 1989 sacerdotum,
2553 1927 2643 1994 qui
2679 1941 2774 1994 pro
2801 1927 2972 2003 gratia
3003 1930 3172 1995 turp’s
3199 1927 3352 1984 lucri.
3376 1945 3483 1984 non
3536 1920 3538 1922 ’

1906 2034 2002 2088 pro
2031 2018 2182 2072 lucro
2221 2019 2528 2071 animarum
2563 2017 2960 2086 ingrediuntur.
3001 2015 3112 2086 Ego
3154 2021 3286 2079 ueni,
3317 2029 3370 2072 ut
3401 2022 3480 2074 vi-

1908 2122 2014 2166 tam
2051 2112 2306 2176 habeatis,
2340 2112 2392 2164 id
2426 2119 2507 2165 est
2544 2111 2843 2164 doctrinam
2874 2123 3085 2176 meam;
3114 2121 3161 2165 et
3197 2113 3482 2168 abundan-

1907 2202 2013 2255 tius
2058 2201 2314 2268 habeatis,
2355 2201 2406 2254 id
2436 2210 2538 2266 εει,
2571 2201 2732 2254 vitam
2773 2212 3068 2258 internum:
3101 2205 3478 2271 mercenarius,

1906 2306 1986 2348 εει
2010 2293 2098 2362 qui
2123 2309 2218 2362 pro
2242 2293 2392 2346 lucro
2416 2300 2630 2346 terreno
2652 2290 2839 2356 docet;
2863 2292 2989 2346 vidit
3018 2291 3221 2359 lupum,
3241 2303 3290 2347 et
3313 2295 3470 2365 fugit,

1908 2385 1958 2436 id
1990 2389 2095 2447 est,
2130 2383 2425 2444 diabolum,
2460 2384 2543 2436 Vel
2591 2383 2924 2437 haareticum.
2959 2384 3106 2437 Alias
3136 2400 3249 2438 oves
3283 2386 3471 2450 habeo,

1904 2491 2020 2545 qua:
2047 2491 2149 2529 non
2179 2483 2302 2528 sunt
2330 2491 2393 2528 ea:
2426 2475 2521 2528 hoc
2553 2474 2697 2535 ovili,
2729 2483 2915 2543 gentes
2941 2475 3206 2542 ostendit;
3241 2476 3310 2530 sit
3340 2493 3477 2533 unus

1905 2578 2115 2636 pastor,
2167 2568 2217 2621 id
2285 2574 2390 2632 est,
2444 2552 2721 2634 Ecclesia,
2769 2575 2823 2620 et
2873 2565 3124 2621 Christus
3163 2583 3176 2626 :
3213 2568 3296 2623 hic
3340 2569 3479 2639 lapis

1906 2661 2185 2731 angularia
2238 2660 2375 2713 inter
2422 2659 2660 2713 medium
2706 2659 2991 2729 parietem,
3024 2659 3114 2730 qui
3161 2660 3218 2713 lit
3252 2672 3480 2732 utraque

1907 2766 2097 2805 Unum.

1979 2841 2300 2896 Potestatem
2338 2841 2500 2897 habeo
2542 2843 2770 2912 ponendi
2812 2843 3045 2898 animam
3079 2856 3268 2904 meam,
3303 2851 3350 2894 et
3382 2841 3480 2895 ilco

1905 2950 2020 2986 rum
2057 2933 2295 2987 sumendi
2317 2949 2431 2986 eam
2455 2949 2474 2986 :
2502 2938 2740 2988 ostendit
2771 2949 2868 3002 pro
2898 2942 3051 3002 parte
3083 2934 3283 2986 carnis.
3319 2930 3479 2988 Pater

1906 3024 2042 3092 quod
2073 3025 2213 3077 dedit
2249 3026 2376 3078 mihi
2420 3024 2594 3094 majus
2637 3035 2711 3077 est
2757 3025 3020 3088 omnibus,
3053 3024 3286 3078 ostendit
3319 3024 3480 3078 Chri-

226 3111 330 3167 nisi
362 3130 537 3184 genus
569 3113 890 3180 humanum,
926 3126 980 3170 et
1021 3117 1361 3188 instigatores
1392 3121 1667 3187 vitiorum,
1703 3136 1797 3178 aut

1906 3127 2084 3179 suum,
2141 3116 2225 3170 vel
2284 3115 2544 3185 Spiritum
2595 3115 2687 3170 Dei
2753 3115 3012 3183 majorem
3060 3129 3180 3169 esse
3223 3114 3478 3169 omnibus

225 3207 278 3276 ip
311 3222 339 3260 a
369 3207 497 3260 vitia
535 3208 950 3276 signiﬁcantur?
984 3209 1068 3264 Me
1107 3222 1308 3286 oportet
1342 3216 1570 3282 operari,
1606 3216 1654 3269 id
1690 3227 1791 3282 est,

226 3298 528 3363 praedicare
546 3316 561 3362 ;
582 3299 743 3352 donec
757 3299 870 3352 dies
893 3309 985 3361 est.
1013 3302 1064 3354 id
1083 3313 1190 3364 est,
1212 3305 1335 3358 dum
1359 3321 1473 3359 sum
1497 3306 1548 3360 iu
1574 3313 1792 3376 mumlo;

222 3388 387 3441 veniet
415 3403 546 3450 non,
573 3389 630 3442 id
660 3398 763 3452 est,
791 3393 1094 3456 persecutio
1121 3396 1510 3462 aposwlorum.
1537 3401 1650 3453 sive
1677 3418 1796 3469 per-

219 3481 430 3535 secutio
455 3481 813 3547 Antichristi;
845 3499 949 3537 nox
969 3488 1179 3554 quando
1205 3504 1350 3542 nemo
1374 3501 1540 3557 potest
1565 3495 1791 3562 operari,

220 3574 273 3626 id
306 3581 412 3636 est,
447 3583 574 3641 post
623 3574 1042 3644 uniuscujusque
1083 3577 1304 3632 cxiuim.
1347 3575 1570 3648 Exspuit
1595 3583 1649 3634 iu
1691 3594 1796 3636 trr-

218 3678 362 3723 ram.
411 3665 464 3718 id
517 3673 621 3728 est,
660 3665 1086 3721 incarna'iouem
1135 3668 1359 3723 Christi.
1415 3668 1607 3726 Lutum
1649 3673 1793 3742 fecit,

217 3755 395 3811 finivit
422 3758 607 3810 oculos
633 3771 806 3823 meos;
831 3758 1068 3813 ost-‘ndit
1095 3759 1236 3814 sicut
1257 3763 1488 3829 primum
1521 3763 1794 3820 hominem

213 3845 284 3900 de
316 3849 448 3901 limo
484 3856 645 3901 terra:
675 3846 950 3911 formavit,
987 3850 1056 3904 ita
1103 3866 1196 3918 per
1220 3849 1467 3906 eamdem
1495 3869 1667 3924 genus
1698 3856 1793 3910 ltiti

212 3940 545 3995 reformavit
573 3954 744 4010 genus
775 3939 1088 3995 humanum.
1131 3937 1276 3997 Vade
1315 3951 1364 3998 et
1400 3946 1517 3999 lava
1544 3947 1614 3999 ad
1641 3957 1795 4000 nata-

211 4032 362 4083 toria
397 4027 566 4096 Siloe,
613 4032 993 4085 demonstrans
1025 4032 1385 4102 baptismum;
1419 4049 1513 4104 per
1543 4046 1793 4103 parentes

209 4120 802 4190 intelligiturdiaholus
833 4138 927 4176 seu
948 4123 1111 4191 vitia;
1141 4124 1231 4192 qui
1261 4125 1533 4188 dixerunt,
1556 4125 1792 4181 zEtatem

209 4212 396 4275 habet,
449 4213 564 4283 ipse
611 4229 706 4278 pro
754 4229 810 4268 se
855 4213 1125 4284 loquatur,
1169 4216 1259 4284 qui
1306 4215 1476 4270 noluit
1521 4218 1792 4272 hominem

207 4304 471 4358 confiteri
497 4303 773 4359 Christum
805 4323 819 4358 :
853 4305 989 4359 hunc
1016 4307 1273 4360 nescimus
1315 4309 1452 4362 unde
1496 4308 1584 4372 sit,
1612 4321 1793 4366 osten-

203 4394 288 4448 dit
317 4395 455 4464 quia
501 4396 816 4450 nesciehant
866 4397 984 4466 ejus
1031 4399 1393 4455 divinitatem.
1427 4399 1494 4455 In
1528 4403 1792 4472 judicium

1901 3207 2155 3276 Operibus
2189 3207 2393 3261 surculi.
2441 3209 2553 3275 Ego
2593 3207 2724 3270 d'zi,
2773 3203 2860 3260 Dii
2905 3205 3050 3270 estis,
3094 3204 3263 3258 tribus
3305 3204 3480 3260 modis

1901 3297 2124 3361 dicitur,
2157 3295 2207 3351 id
2242 3307 2323 3351 est
2353 3298 2736 3362 essemialiter,
2769 3297 2860 3366 qui
2893 3312 3106 3366 semper
3135 3305 3238 3360 est,
3271 3295 3322 3352 id
3365 3305 3476 3361 est,

1903 3387 2076 3456 Deus;
2111 3390 2500 3460 nuncupative,
2548 3388 2624 3444 dii
2654 3391 2822 3455 estis;
2871 3389 3002 3444 false
3030 3389 3158 3445 deos
3195 3389 3324 3443 dicit
3367 3390 3479 3444 dte-

1904 3495 2116 3548 mones,
2149 3483 2265 3536 sive
2297 3481 2460 3536 idola.
2491 3480 2634 3535 Abiit
2666 3491 2810 3535 trans
2839 3480 3152 3546 Iordanem,
3191 3481 3240 3535 id
3271 3489 3376 3545 est,
3410 3483 3475 3535 ad

1901 3585 2111 3644 gentes,
2155 3575 2244 3627 ubi
2275 3570 2510 3628 Joannes
2553 3575 2783 3644 primum
2834 3576 3132 3644 baptizans,
3187 3585 3234 3628 et
3280 3575 3477 3630 mansit

1901 3666 1994 3734 ibi,
2029 3667 2272 3722 ostendit
2300 3665 2621 3721 Ecclesiam.

1940 3757 2124 3826 '(Cap.
2161 3755 2275 3826 XI.)
2326 3757 2564 3810 Lazarus
2614 3758 2805 3826 ligarat
2857 3755 3100 3820 Judaros,
3129 3757 3254 3827 quia
3302 3758 3472 3813 .luzla'i

1903 3849 2099 3904 infimi
2129 3858 2286 3904 erant
2311 3864 2338 3902 a
2371 3848 2472 3903 lide
2503 3845 2739 3913 Christi;
2770 3847 2972 3900 blai-tha
2998 3859 3051 3901 et
3083 3847 3242 3902 Maria
3275 3851 3476 3903 doctri-

1901 3957 2029 3996 nam
2067 3941 2328 3995 bouorum
2376 3938 2681 3994 Judaeorum
2718 3938 2972 3993 ostendit.
3012 3937 3136 3991 ila’c
3183 3939 3470 4006 inﬁrmitas

1903 4045 2002 4086 non
2029 4041 2102 4086 est
2137 4031 2206 4085 ad
2244 4040 2486 4094 mortem,
2520 4031 2777 4092 ostendit,
2806 4031 2927 4098 quia
2975 4031 3064 4098 qui
3101 4033 3298 4084 mortui
3345 4041 3472 4085 sunt

1901 4122 2234 4188 hominibus,
2267 4120 2376 4175 Deo
2402 4123 2604 4175 vivent.
2642 4119 2841 4174 Mansit
2873 4122 2944 4174 ibi
2967 4125 3098 4176 duos
3125 4123 3340 4184 dies,'id
3365 4131 3472 4190 est,

1899 4216 2007 4270 duo
2027 4212 2390 4269 Testamenta.
2418 4208 2615 4265 Eamus
2634 4213 2821 4266 iterum
2843 4213 2896 4265 in
2915 4213 3178 4279 Indicam,
3205 4229 3474 4269 revorsam

1900 4305 2054 4359 fidem
2076 4306 2126 4359 in
2159 4303 2370 4358 Judzeos
2388 4319 2482 4372 per
2504 4303 2671 4356 Eliam
2693 4313 2746 4357 et
2768 4304 2950 4358 Enoch
2983 4303 3036 4357 in
3058 4305 3214 4357 linem
3239 4307 3418 4359 mundi
3451 4323 3469 4360 ε

1901 4393 2186 4448 Duodecim
2211 4395 2352 4446 liorre
2364 4404 2482 4446 sunt
2500 4393 2624 4458 diei,
2643 4392 2754 4447 dies
2773 4392 3022 4448 Christus
3043 4405 3125 4448 est
3154 4395 3472 4459 ;duodec’m

198 4503 298 4558 ego
330 4488 459 4542 veni
486 4485 540 4541 in
571 4486 711 4541 hunc
751 4487 1030 4552 mundum,
1063 4489 1320 4556 05'endit,
1354 4494 1443 4560 qui
1474 4494 1626 4547 audit
1669 4507 1791 4546 ver-
1826 4483 1870 4537 D
1900 4486 2350 4550 liorzeuluodecim
2373 4485 2598 4554 apostoli
2622 4487 2697 4551 ;si
2714 4487 2828 4554 quis
2846 4485 3185 4540 ambulaverit
3206 4487 3258 4539 in
3275 4487 3472 4541 dienon

201 4578 367 4643 hum,
402 4587 460 4634 et
489 4577 686 4647 recupit
715 4579 1002 4648 judicium,
1050 4582 1261 4649 accepit
1308 4583 1372 4635 ad
1419 4583 1793 4637 condemnan-

190 4669 375 4734 dum;
431 4678 485 4721 ut
529 4670 622 4736 qui
652 4687 753 4722 non
801 4669 994 4737 vident,
1046 4671 1278 4735 videant,
1314 4672 1550 4727 05lendit
1577 4683 1788 4741 gentes,

190 4777 323 4829 qua
353 4760 538 4830 legem
570 4777 676 4814 non
708 4771 1042 4830 acceperunt
1067 4780 1079 4814 :
1105 4773 1152 4816 et
1180 4764 1270 4832 qui
1295 4763 1466 4818 vident
1491 4768 1615 4820 carri
1635 4767 1790 4836 ﬁant,

187 4850 246 4905 id
281 4860 406 4914 est,
456 4850 786 4921 Judazizqui
845 4852 1092 4906 videbant
1140 4869 1235 4921 per
1287 4854 1453 4925 legem
1502 4860 1628 4912 caeci
1663 4857 1788 4914 facti

182 4950 356 5001 sum.
390 4944 520 5011 quia
554 4958 659 4994 non
689 4943 1039 4997 erediierunt
1074 4945 1123 4996 in
1151 4945 1445 5001 Christum.

263 5026 446 5096 (Cap.
473 5027 562 5096 Χ.)
591 5027 693 5094 Qui
718 5047 818 5083 non
849 5033 1012 5083 intrat
1036 5049 1128 5098 per
1148 5031 1396 5100 jauuam,
1421 5039 1655 5092 ostend't
1680 5039 1791 5106 cpi-

178 5134 410 5188 scoyos
462 5121 554 5190 qui
605 5135 701 5188 per
752 5121 969 5189 praemia
1006 5122 1227 5187 intrant,
1264 5140 1368 5179 non
1409 5141 1504 5195 per
1544 5128 1788 5181 vocatio-

175 5227 324 5268 nern
387 5209 508 5276 Dei,
553 5213 667 5266 sive
712 5212 925 5281 po‘nili;
976 5224 1220 5283 pastores
1267 5225 1394 5270 sunt
1442 5219 1644 5286 ovium,
1695 5221 1786 5288 qui

175 5320 290 5372 pro
343 5304 514 5358 lucro
559 5305 906 5369 animarum,
954 5321 1059 5359 non
1109 5321 1208 5373 pro
1255 5309 1552 5364 ambitione
1602 5309 1786 5367 saeculi

173 5405 324 5452 sunt
346 5411 366 5460 ;
397 5393 523 5448 huic
548 5397 800 5450 ostiarius
825 5398 1012 5464 aperit,
1041 5398 1246 5466 primus
1271 5401 1526 5454 ostiarius
1551 5399 1786 5457 Joannes

247 5619 268 5651 ί
311 5617 592 5689 Fortasse
624 5619 1100 5689 secundusmeinpe
1129 5619 1399 5680 ostiarius.
1435 5633 1530 5688 pro
1560 5622 1786 5689 scriptu-

171 5705 254 5743 nz
294 5685 610 5757 legendum
656 5696 782 5757 est,
811 5685 914 5740 Pro
943 5696 1090 5740 vocat
1134 5685 1464 5754 nominatim,
1493 5701 1608 5745 erat
1641 5685 1784 5745 nullo

169 5756 386 5814 sensu’
430 5756 602 5810 vocati
645 5756 930 5823 nominati;
965 5772 1086 5828 qua:
1117 5772 1216 5814 nos
1264 5758 1458 5829 obiter,
1501 5759 1784 5818 occasione

1901 4573 2138 4644 o/I'endit,
2173 4575 2225 4627 in
2255 4573 2361 4639 die,
2395 4575 2443 4626 id
2475 4583 2578 4636 est,
2613 4576 2665 4626 in
2701 4575 2940 4627 doctrina
2970 4573 3194 4635 Christi.
3227 4586 3318 4628 aut
3347 4590 3475 4642 apo-
3515 4605 3520 4611 -

1899 4669 2184 4730 stolarum,
2213 4683 2318 4720 non
2346 4665 2569 4720 oﬂeudit
2596 4667 2645 4718 in
2679 4676 2933 4734 peccato;
2962 4668 3087 4734 quia
3119 4668 3284 4720 lucem
3314 4667 3470 4735 lmjus

1900 4761 2081 4815 mundi
2127 4762 2290 4826 videt,
2325 4762 2374 4814 id
2410 4771 2513 4825 est,
2551 4761 2823 4814 Christum
2863 4776 2959 4829 per
2989 4761 3267 4814 scientiam
3305 4761 3467 4814 νίάνι..

1899 4854 1958 4910 Si
1989 4855 2108 4922 quis
2143 4851 2490 4905 ambulaverit
2541 4853 2593 4903 in
2646 4859 2815 4914 nocte,
2849 4851 3087 4919 offendit,
3121 4866 3213 4920 per
3261 4860 3468 4904 DOClt'm

1899 4942 2274 5012 intelliguntur
2309 4944 2541 4996 tenehrte
2585 4951 2954 5009 peccatorum,
3009 4942 3122 4994 sive
3167 4940 3466 5008 ignorantia

1897 5037 2096 5088 cordis.
2138 5033 2257 5087 Non
2289 5051 2432 5088 eram
2469 5034 2560 5094 ibi,
2596 5026 2826 5085 ostendit
2861 5028 3198 5100 prtescntiam
3246 5030 3466 5094 carnis;

1897 5128 2102 5181 sciebat
2154 5137 2424 5180 mortuum
2473 5140 2614 5186 esse,
2665 5123 2715 5176 id
2759 5133 2862 5185 cst,
2899 5123 3024 5189 quia
3061 5121 3240 5175 omnia
3273 5122 3416 5174 novit
3453 5138 3468 5174 :

1898 5219 1952 5270 1ο
1988 5219 2038 5272 in
2076 5219 2237 5271 domo
2283 5217 2696 5286 archisynagugi
2746 5213 2942 5285 (Marc.
2979 5228 3028 5277 ν,
3059 5213 3171 5281 ii),
3204 5212 3260 5265 2°
3296 5211 3466 5266 filium

1897 5311 2069 5363 vidum
2103 5311 2154 5362 in
2185 5320 2395 5378 portam
2423 5311 2655 5364 civitatis
2681 5308 2831 5377 (Luc.
2858 5323 2952 5371 vn,
2983 5306 3091 5374 14),
3118 5307 3174 5360 3°
3200 5305 3465 5360 Lazarum

1895 5403 1959 5458 dc
1987 5412 2369 5467 monumento;
2404 5402 2454 5456 in
2488 5403 2667 5468 domo,
2703 5403 2751 5457 id
2782 5411 2861 5456 cst
2888 5399 2938 5452 in
2970 5400 3132 5454 corde
3167 5415 3184 5456 :
3211 5399 3262 5453 in
3289 5407 3465 5467 porta,

1891 5638 2136 5696 accepta,
2181 5643 2486 5696 monemus,
2542 5631 2822 5697 sexcenta
2852 5622 2995 5681 enim
3043 5621 3147 5679 alia
3193 5617 3464 5693 ejusmodi

1894 5700 2042 5754 taciti
2085 5700 2437 5772 castigamus.
