3934 6200
505 221 634 333 63’

1449 273 1507 336 S.
1551 271 1988 338 BIERONYMI
2036 273 2346 336 OPERL'M
2385 275 2792 336 MANTISSA.
3627 268 3712 331 bOl

483 383 534 436 id
568 391 673 449 est,
719 385 772 436 in
808 399 903 436 ore
933 400 948 437 :
982 384 1034 436 in
1073 394 1446 447 monumento,
1483 385 1534 438 id
1575 396 1679 451 est,
1725 402 1887 456 opere
1918 405 1931 445 :
1964 405 2056 458 per
2089 394 2130 449 Α
2173 388 2548 456 spiritualiter.
2603 387 2848 448 Domine,
2897 387 3014 454 quis
3049 384 3269 438 credidit
3309 383 3519 436 auditui
3561 393 3714 436 nostra

481 475 670 529 eadem
702 475 930 528 moritur
959 474 1143 537 homo,
1174 484 1227 529 et
1256 490 1350 544 per
1373 477 1590 530 easdem
1621 479 2050 534 resuscitabitur.

486 566 724 627 Martha,
759 574 815 618 ut
847 566 1044 618 audivit
1075 569 1200 635 quia
1227 566 1382 621 Jestts
1411 571 1570 636 venit,
1601 570 1824 624 obviavit
1852 572 1899 624 ei
1924 587 1943 624 .'
1971 573 2055 626 hic

486 657 692 711 Martha
731 657 998 726 signiﬁcat
1052 656 1368 720 Ecclesiam,
1405 675 1522 728 qua:
1568 660 1804 715 obviavit
1837 663 2057 717 Christo

486 761 581 812 per
627 746 821 813 ﬁdem;
859 745 1037 799 Maria
1089 748 1234 800 domi
1285 749 1530 811 sedebat,
1583 751 2056 820 contemplationis

485 839 648 891 vitam
683 839 1080 912 ostenditaoui
1110 840 1272 892 credit
1303 843 1361 892 in
1400 857 1497 901 me,
1529 851 1579 894 et
1611 852 1844 896 mortuus
1875 843 2055 912 fuerit,

487 931 614 982 vitet
640 946 658 983 :
683 930 796 983 sive
831 911 1210 999 corporaliter,
1247 933 1360 986 sive
1397 936 1447 984 in
1483 935 1716 999 peccatis
1752 951 1845 1002 per
1878 936 2055 1002 paeni-

489 1023 747 1086 tentiam;
782 1023 950 1074 omnis
975 1023 1066 1090 qui
1103 1024 1243 1082 vivit.
1276 1033 1324 1076 et
1355 1026 1517 1077 credit
1549 1026 1599 1078 in
1631 1043 1730 1086 me,
1759 1025 1847 1094 qui
1880 1027 1966 1081 hic
2003 1029 2054 1080 in

489 1113 645 1167 bonis
675 1113 927 1178 Operibus
964 1115 1093 1167 vivit
1137 1116 1188 1168 itt
1234 1116 1448 1169 Christo
1495 1132 1510 1171 :
1553 1133 1655 1170 non
1704 1119 1958 1170 morietur
2002 1118 2056 1170 in

489 1205 1225 1276 wtcrnunn—Lacrymatus
1278 1218 1351 1260 est
1399 1206 1577 1270 .lesus,
1632 1211 1866 1263 ostendit
1915 1209 2058 1263 sicut

489 1311 652 1350 verus
687 1297 852 1361 Dens,
889 1309 942 1352 ct
987 1316 1146 1351 verus
1181 1300 1338 1352 homo
1367 1301 1673 1370 exemplum
1721 1301 2057 1370 compaSsio-

492 1389 606 1450 nis;
659 1390 834 1458 ligatis
889 1393 1129 1444 manibus
1175 1401 1224 1443 et
1272 1393 1511 1460 pedibus,
1562 1393 1798 1448 os'endit
1843 1395 2057 1447 vinctsla

493 1491 863 1548 peccatorum;
891 1482 1075 1550 facient
1102 1487 1318 1538 sudario
1357 1486 1572 1555 ligatus,
1602 1487 1650 1538 id
1687 1496 1789 1551 est,
1815 1488 2055 1540 Velattten

493 1588 654 1640 super
698 1573 858 1626 corda
895 1573 1234 1639 Judzenrnm;
1281 1579 1462 1630 solvite
1507 1579 1680 1642 illum,
1727 1577 1776 1630 id
1827 1591 1929 1637 esu
1965 1592 2060 1638 per

498 1657 934 1726 prmdicationem
988 1664 1132 1716 ﬁdei.
1187 1661 1352 1718 Judaei
1404 1679 1608 1732 quanto
1660 1669 1858 1736 majora
1907 1669 2055 1737 signa

2171 480 2309 551 (lsa.
2345 496 2462 545 Lttt,
2492 479 2579 548 l)?
2609 480 2732 548 quis
2782 492 2880 547 pro
2922 476 3145 530 raritate
3196 477 3433 543 ponitur,
3481 475 3591 528 sive
3634 490 3714 540 pro

2169 573 2518 636 diﬁicultate;
2558 570 2793 631 auditus,
2831 570 2960 623 ﬁdes
3008 578 3114 632 est,
3145 582 3307 626 quam
3355 582 3446 631 per
3479 566 3712 636 Spiritum

2165 673 2412 718 sanctum
2449 663 2752 716 audivimus
2782 679 2796 716 :
2833 661 3116 714 Bracltium
3155 659 3391 722 Domini,
3439 657 3602 713 Filius
3642 661 3712 713 Dei

2165 761 2268 815 est,
2323 753 2410 805 cui
2441 752 2723 805 revelatum
2756 763 2832 806 est
2865 751 3078 821 (lbid.),
3105 751 3154 804 id
3175 760 3280 814 est,
3305 750 3478 816 aliqua
3505 765 3645 818 pars,
3665 765 3714 803 οι

2165 843 2363 898 Iudaeis
2402 845 2691 899 revelatum
2728 861 2791 899 ex
2832 844 3104 913 gentibus,
3145 843 3196 896 id
3240 853 3341 903 est,
3370 843 3460 910 qui
3493 845 3650 894 credit
3675 844 3716 895 in

2171 953 2273 999 me,
2303 952 2407 990 non
2439 939 2609 991 solum
2644 936 2942 992 secundum
2974 935 3387 998 humanitatem,
3421 932 3515 987 sed
3545 949 3716 986 secun-

2169 1027 2296 1078 dum
2331 1025 2694 1089 divinitatem,
2726 1025 2887 1080 aliter
2917 1040 3023 1079 non
3056 1025 3228 1079 solum
3260 1025 3312 1076 in
3344 1040 3449 1088 me,
3484 1025 3574 1077 sed
3605 1025 3714 1077 etin

2168 1116 2348 1180 Patre,
2382 1119 2505 1184 quia
2539 1134 2630 1185 ego
2663 1118 2715 1170 in
2761 1113 2943 1182 Patre,
2976 1126 3024 1169 et
3057 1114 3222 1168 Pater
3252 1116 3304 1168 in
3341 1132 3438 1167 nte.
3472 1115 3575 1178 Qui
3606 1117 3715 1168 videt

2169 1225 2268 1268 me.
2303 1210 2434 1262 videt
2479 1209 2568 1276 qui
2614 1225 2694 1260 me
2726 1209 2913 1270 ntisit,’
2951 1223 3012 1262 ac
3057 1208 3102 1262 si
3133 1218 3318 1276 aperte
3360 1208 3603 1269 dixisset,
3633 1206 3714 1270 Qui

2169 1296 2304 1348 vidit
2336 1311 2418 1347 nte
2450 1311 2632 1349 verum
2663 1296 2936 1350 hominem
2968 1312 3110 1362 esse,
3138 1304 3192 1348 et
3217 1295 3407 1353 credit.
3444 1313 3527 1349 me
3554 1311 3714 1348 verum

2171 1387 2337 1440 Deum
2374 1402 2513 1448 esse,
2546 1387 2689 1440 videt
2719 1398 2770 1440 et
2803 1385 3014 1442 Patrem
3050 1388 3349 1442 secundum
3377 1389 3713 1441 divinitatem.

2149 1471 2292 1530 'Nou
2313 1479 2422 1530 veni
2442 1478 2763 1547 utjudicem,
2783 1478 2872 1532 sed
2890 1487 2946 1530 ut
2971 1479 3251 1547 salvi/item
3273 1481 3543 1542 mundum,
3564 1489 3718 1532 eaten-

2168 1569 2265 1633 dit,
2284 1569 2422 1635 quod
2441 1586 2532 1637 per
2544 1568 2856 1623 eﬁ'usionem
2871 1570 3144 1640 sanguinis
3159 1569 3444 1624 redimeret
3458 1570 3715 1625 tnnndntn.

2243 1661 2394 1731 (Cap.
2431 1661 2593 1729 Xlll.)
2627 1660 2802 1714 Dilexi
2835 1677 2944 1725 vos,
2978 1661 3102 1731 quia
3135 1675 3281 1715 erant
3327 1660 3380 1713 in
3430 1663 3713 1713 mundum:

497 1749 767 1813 videbant,
803 1763 950 1807 tanto
985 1756 1152 1823 tt-agis
1187 1756 1622 1811 obcmcabantur.
1656 1757 1858 1811 Tollent
1890 1759 2060 1814 locum
2093 1740 2139 1798 Β
2168 1776 2331 1824 usque
2359 1761 2409 1813 in
2436 1758 2595 1826 linem
2643 1758 2829 1810 dilexit
2852 1774 2870 1814 :
2892 1756 3196 1826 exemplum
3245 1756 3419 1822 dedit,
3451 1768 3504 1809 ιιι
3553 1771 3718 1809 omnes

496 1849 544 1892 et
576 1853 793 1908 gentem,
833 1843 1006 1898 locum
1053 1845 1476 1917 llicmsolymam
1513 1849 1788 1919 possident
1831 1850 2060 1906 Romani

497 1937 547 1980 et
584 1941 790 1996 gentes,
823 1947 941 2001 quae
989 1934 1243 2002 dispersae
1275 1948 1399 1990 snnt
1447 1954 1540 2006 per
1591 1940 1856 2007 regiones.
1907 1942 2060 1994 Prin-

497 2035 622 2087 ceps
671 2035 867 2076 Causas
917 2024 1080 2088 dixit,
1127 2029 1332 2095 expedit
1393 2046 1551 2082 unum
1604 2032 1858 2086 hominem
1895 2014 2061 2097 mari,

496 2127 653 2176 quant
692 2121 800 2166 tota
831 2131 950 2184 gens
980 2129 1179 2183 pereat,
1222 2122 1347 2186 quia
1383 2122 1742 2196 tt.ittistcriunt
1777 2124 1865 2178 Dei
1903 2125 2068 2179 babe-

501 2206 589 2256 bat
627 2220 734 2273 prie
771 2210 1010 2262 manilius
1043 2220 1095 2263 et
1131 2211 1388 2279 Spiritum
1428 2212 1542 2275 Dei,
1578 2216 1673 2269 hoc
1700 2216 1912 2270 lot-utus
1941 2229 2062 2284 est;

499 2309 550 2350 ut
586 2297 724 2365 ,‘iltos
763 2298 874 2357 Dei.
911 2302 1001 2370 qui
1030 2303 1184 2356 divisi
1215 2314 1386 2369 erant,
1420 2319 1750 2375 congregaret
1784 2310 1837 2361 in
1881 2325 2062 2374 unum,

499 2390 551 2442 itt
583 2401 693 2444 toto
723 2393 942 2447 mundo.

569 2484 722 2552 (Cap.
761 2484 895 2556 XII.)
935 2486 1143 2540 Mart/ta
1181 2489 1536 2552 ministrabat,
1568 2493 1798 2545 ostendit
1835 2495 2061 2545 activam

500 2575 688 2627 vitam.
738 2575 981 2629 Lazarus
1031 2579 1359 2633 discumbens
1415 2598 1533 2635 cum
1583 2583 1746 2650 Jesu,
1799 2585 2066 2654 signiﬁcat

502 2667 790 2721 Ecclesium
825 2689 838 2724 :
876 2669 1048 2723 Maria
1092 2672 1288 2735 acrepit
1338 2672 1525 2726 librant
1579 2677 1825 2744 unguenti
1857 2693 1872 2729 :
1907 2679 1978 2726 ita
2013 2687 2065 2726 ct

501 2766 645 2811 lotus
680 2760 909 2813 mundos
940 2761 1078 2828 quod
1115 2761 1448 2831 intelligitur,
1481 2767 1644 2819 corda
1675 2767 1933 2820 ﬁdelium.
1964 2765 2067 2822 Per
2111 2827 2116 2832 _

499 2860 832 2919 unguentum
869 2854 1083 2905 odorem
1120 2851 1484 2909 confessionis
1518 2873 1531 2908 :
1565 2855 1730 2910 Maria
1768 2855 2062 2910 Ee:.lesiam

499 2943 767 3010 signiﬁcat
801 2959 814 2999 :
849 2941 1009 2996 Unin
1043 2945 1194 3009 pedes
1224 2943 1373 3007 .lesu,
1411 2946 1459 2998 id
1494 2956 1595 3008 est,
1641 2963 1736 3016 per
1761 2947 2062 3002 confessio-

500 3051 622 3088 netn
675 3036 1032 3101 |(Bllil€ltli:l!;
1064 3037 1246 3089 domus
1280 3037 1477 3105 repleta
1525 3049 1598 3091 est
1640 3056 1703 3092 ex
1745 3039 1904 3093 odore
1953 3057 2062 3092 un-

499 3129 699 3198 guenti,
742 3130 810 3182 ita
840 3139 888 3182 et
920 3138 1060 3182 totus
1092 3129 1321 3181 mundus
1353 3131 1585 3196 repletus
1612 3139 1690 3184 est
1717 3131 1782 3184 de
1814 3107 2061 3198 passione

499 3233 553 3274 et
600 3221 994 3274 resurrectione
1042 3219 1261 3273 Christi.
1318 3217 1386 3272 Ut
1440 3222 1638 3273 audivit
1690 3223 1872 3284 turba,
1923 3223 2060 3290 quod

495 3311 654 3365 Iesus
685 3313 921 3376 venisset,
957 3320 1263 3375 acceperunt
1298 3327 1470 3365 ramos
1508 3311 1826 3377 palmarum,
1859 3314 2058 3366 obviam

493 3405 654 3460 Jesus
680 3403 938 3468 exierunt,
971 3404 1226 3466 ostendit,
1254 3404 1381 3473 quia
1409 3413 1515 3457 tres
1537 3405 1832 3457 secundum
1863 3410 2062 3459 adven-

503 3509 612 3550 tum
665 3506 782 3566 po.~t
823 3496 1274 3549 resurrectionem
1329 3493 1612 3563 rapiuntur
1663 3495 1713 3547 in
1767 3510 1892 3547 aera
1938 3511 2060 3548 cum

498 3590 749 3644 Domino.
779 3590 981 3644 Invenit
1017 3593 1246 3655 asinum,
1277 3605 1372 3657 per
1402 3591 1612 3644 asfnum
1648 3590 1901 3659 populum
1933 3607 2064 3660 gen-

497 3684 674 3737 tilium
709 3683 975 3749 ostendit;
1024 3683 1157 3736 sedit
1193 3698 1348 3748 super
1393 3697 1532 3746 eum,
1567 3681 1618 3734 id
1666 3694 1766 3744 est,
1800 3697 1891 3750 per
1928 3697 2064 3735 con-

503 3775 788 3829 fessionem
839 3775 985 3828 ﬁdei.
1033 3772 1162 3827 Noli
1207 3775 1412 3836 timere,
1474 3773 1824 3838 perditionem
1878 3782 2060 3837 tuam;

493 3869 623 3939 quia
661 3867 907 3922 Salvator
940 3876 1059 3919 tuus
1109 3866 1266 3930 venit,
1299 3867 1410 3928 lilia
1451 3863 1597 3927 Sion,
1651 3865 1884 3918 ostendit
1930 3881 2062 3918 con-

501 3961 869 4029 gregationem
903 3957 1137 4011 ﬁdelium
1171 3973 1236 4010 ex
1271 3957 1469 4012 Juda'is
1501 3966 1553 4010 et
1595 3956 1869 4026 gentibus.
1903 3953 2065 4008 Totus

499 4053 725 4105 mundus
757 4060 870 4120 post
914 4066 1031 4102 eum
1064 4050 1213 4108 abiit,
1256 4048 1379 4117 quia
1431 4063 1526 4116 per
1561 4047 1864 4116 passionem
1895 4055 1948 4099 et
1979 4059 2063 4099 re-

501 4143 893 4196 surrectionem
947 4155 1099 4193 suam
1169 4148 1340 4192 totum
1399 4138 1657 4191 mundum
1719 4139 1786 4192 de
1842 4148 2066 4207 peccato

503 4235 766 4300 redemit;
795 4243 848 4287 et
879 4244 1094 4286 secntus
1123 4241 1202 4284 est
1230 4246 1376 4284 eum.
1401 4229 1744 4283 Accesserant
1772 4231 1839 4284 ad
1863 4231 2066 4300 Philip-

499 4343 648 4396 pum,
673 4335 720 4380 et
748 4325 1023 4394 rogabant,
1055 4335 1106 4376 ut
1133 4324 1358 4377 viderent
1386 4321 1590 4378 Jesum.
1620 4323 1855 4375 ostendit
1882 4337 2066 4391 gentes

2165 1852 2218 1903 itt
2249 1849 2340 1904 Dei
2375 1851 2599 1902 veritate
2650 1861 3006 1918 permaneant
3055 1861 3223 1916 usque
3267 1847 3317 1900 itt
3369 1847 3549 1902 ﬁnem.
3581 1846 3717 1902 Canta

2164 1941 2329 2009 facta,
2381 1939 2618 1994 ostendit
2672 1939 2976 2008 passionem
3027 1938 3254 1993 Christi.
3289 1937 3434 1992 Sicut
3473 1947 3596 2004 post
3627 1953 3719 1990 rm-

2167 2050 2287 2087 ttam
2321 2032 2609 2101 prandium
2660 2047 2762 2083 non
2800 2025 2858 2083 ﬁt
2892 2047 2906 2084 :
2946 2030 3025 2084 sic
3056 2029 3310 2084 Christus
3345 2038 3619 2098 pestqnatn
3648 2042 3717 2079 te.

2167 2124 2270 2178 nn-l
2319 2139 2510 2191 passus
2552 2133 2656 2186 est,
2691 2139 2794 2175 non
2828 2123 3064 2176 ostendit
3096 2138 3155 2176 se
3187 2122 3377 2176 iterum
3415 2136 3718 2190 passurum;

2165 2233 2380 2286 surgens
2430 2232 2461 2267 a
2495 2231 2662 2280 caena,
2697 2215 2935 2269 ostendit
2986 2213 3288 2282 passionem
3343 2222 3603 2276 nostram,
3650 2228 3718 2264 rec

2167 2308 2580 2368 snrrcctionem,
2618 2305 2731 2359 sive
2780 2304 3155 2358 ascensionem
3187 2320 3200 2358 :
3233 2302 3387 2357 Ponit
3433 2305 3719 2356 vestimenta

2163 2417 2295 2461 sua,
2345 2398 2618 2460 ostendit,
2665 2397 2790 2467 quia
2842 2396 3159 2466 deponenda
3207 2405 3363 2452 erant
3412 2396 3718 2449 vestimenta

2167 2491 2284 2559 cj'zs
2312 2487 2376 2541 ad
2410 2504 2650 2546 erucem,

2239 2581 2450 2651 (Incipit
2506 2581 2864 2649 capitulatio.)
2893 2607 2960 2618 -—-
3003 2581 3274 2644 Accipiens
3307 2578 3544 2640 linteum,
3592 2592 3719 2644 prte-

2168 2674 2330 2726 cinxit
2379 2688 2431 2723 se
2472 2671 2656 2729 linteo,
2703 2670 2756 2722 id
2813 2681 2894 2721 est
2943 2667 3290 2721 tnortiﬁeatio
3331 2667 3534 2734 ipsius;
3568 2667 3719 2718 mittit

2169 2780 2362 2830 aquam
2395 2763 2447 2814 in
2479 2759 2689 2829 pelvim,
2722 2759 2957 2813 ostendit
2989 2760 3218 2826 gratiam
3253 2759 3543 2826 baptismi;
3574 2758 3718 2825 capit

2169 2859 2346 2910 lavare
2373 2855 2527 2924 pedes
2561 2853 2943 2919 discipulorum
2983 2867 3222 2916 suorunt,
3257 2859 3307 2904 et
3341 2851 3719 2920 exlergereliu-

2169 2957 2270 3010 tea,
2298 2963 2390 3016 per
2421 2946 2744 2998 lavationem
2773 2944 2991 3012 pedum,
3012 2943 3336 3011 baptismum
3361 2943 3718 3010 apostolorum

2172 3036 2510 3104 intelligitur,
2545 3049 2638 3102 per
2659 3033 3018 3087 exlet'sinnetn
3057 3032 3204 3084 lintei
3228 3035 3463 3086 ostendit
3493 3046 3582 3101 per
3607 3047 3719 3099 pas-

2167 3129 2377 3184 sionem
2396 3127 2595 3182 Christi
2615 3126 2982 3180 extersionem
3005 3131 3374 3194 peccatorum.
3399 3122 3518 3175 Non
3536 3121 3721 3174 iuvabis

2161 3225 2312 3292 pedes
2342 3223 2464 3276 mihi
2488 3223 2540 3274 in
2569 3229 2843 3286 astet-num,
2872 3231 3068 3284 pavore
3094 3216 3416 3285 perterritus
3435 3214 3634 3269 diccbat
3656 3213 3719 3268 :si

2164 3332 2265 3368 non
2281 3314 2450 3367 lavero
2465 3320 2532 3376 te,
2553 3329 2652 3364 non
2672 3312 2882 3363 habebis
2901 3319 3104 3377 partem
3137 3324 3356 3371 mecum,
3375 3306 3621 3367 ostendit,
3641 3305 3721 3372 qni

2165 3418 2270 3458 non
2321 3412 2401 3456 est
2441 3401 2672 3456 lavatus'
2701 3415 2793 3468 per
2815 3392 3720 3464 baptismum,etperconiessioru-m

2165 3493 2518 3564 prenitentim,
2541 3489 2895 3544 nonhabeltit
2915 3499 3119 3556 partem
3144 3487 3284 3552 apud
3305 3473 3616 3544 Dominum;
3637 3498 3721 3531 ac-

2165 3587 2299 3654 cepit
2329 3587 2633 3638 vestimenta
2649 3598 2766 3643 sua,
2800 3582 2993 3633 iterum
3027 3578 3351 3637 ostenditur,
3388 3574 3524 3642 quod
3555 3586 3723 3625 rever.

2169 3689 2316 3732 tctul'
2343 3679 2408 3730 ad
2437 3674 2650 3730 Jutlmos
2676 3673 2728 3727 in
2761 3673 2918 3725 ﬁnem
2945 3669 3125 3722 mundi
3150 3684 3164 3734 ;
3197 3685 3299 3721 non
3324 3676 3401 3720 est
3422 3680 3589 3718 servus
3619 3678 3726 3714 ma-

2158 3768 2251 3836 jor
2278 3768 2490 3818 domino
2516 3779 2632 3820 suo.
2665 3778 2822 3830 neque
2855 3759 3118 3827 apostolus
3156 3775 3214 3811 eo
3250 3758 3448 3826 major,
3479 3757 3562 3824 qui
3588 3754 3722 3804 misit

2166 3859 2338 3924 illum,
2371 3861 2418 3909 id
2464 3867 2547 3909 est
2585 3869 2685 3922 ego
2718 3853 2915 3921 patior,
2947 3861 3001 3904 et
3033 3865 3128 3902 vos
3161 3849 3429 3918 patimini.
3464 3847 3646 3906 Aliter,
3677 3846 3719 3895 si

2166 3965 2267 4019 ego
2299 3965 2381 4003 tne
2411 3946 2639 4001 ltomilio
2662 3959 2834 4012 usque
2857 3943 2922 3994 ad
2947 3941 3171 4010 vestigia
3199 3951 3377 3996 vestra
3411 3959 3424 3991 :
3459 3940 3525 3992 ita
3556 3945 3600 3989 et
3635 3949 3728 3985 vus

2169 4041 2450 4104 Itumiliate
2503 4054 2601 4093 vos
2652 4036 2905 4091 omnibus
2940 4052 2954 4086 :
2987 4034 3173 4088 levabit
3215 4045 3402 4086 contra
3456 4049 3529 4085 me
3559 4027 3730 4083 caba-

2169 4149 2344 4199 neum,
2370 4133 2419 4183 id
2449 4139 2551 4196 est,
2585 4130 2904 4186 calcaneum
2927 4137 3164 4180 extrema
3201 4142 3328 4193 pars
3361 4125 3577 4180 membri
3614 4131 3724 4174 es'.

2172 4224 2240 4278 Et
2265 4241 2357 4292 per
2379 4223 2660 4277 burcrllatn
2719 4222 2953 4273 introivit
3010 4222 3061 4272 in
3109 4236 3227 4272 eum
3262 4218 3518 4280 Satanas,
3551 4214 3592 4267 id
3620 4223 3728 4273 est,

2171 4317 2310 4369 sicut
2330 4314 2620 4382 Apostolus
2645 4313 2740 4376 ait,
2764 4311 2856 4378 qui
2875 4310 3088 4376 indigne
3115 4310 3306 4377 accipit
3350 4325 3533 4374 corpus
3558 4304 3734 4357 Domi-

503 4393 600 4487 per
623 4393 1437 4483 praulicationemapostolorum
1463 4425 1754 4465 conversas
1773 4411 1835 4463 ad
1864 4412 2020 4465 ﬁdem
2050 4428 2064 4466 :
2101 4402 2144 4458 D
2176 4410 2251 4466 ni.
2277 4416 2325 4460 et
2373 4405 2679 4474 sanguinem
2707 4399 3130 4470 ejus,judiciunt
3187 4400 3474 4452 manducat
3506 4405 3548 4448 et
3600 4393 3732 4444 bibit

500 4526 724 4579 granum
767 4509 948 4572 tritici,
985 4507 1207 4575 ﬁgurant
1251 4503 1450 4557 Christi
1497 4511 1680 4556 tenet:
1712 4503 1758 4554 si
1802 4516 2064 4556 mortuum

501 4603 687 4672 fuerit,
722 4598 886 4653 multa
914 4612 1080 4666 grana
1109 4594 1263 4650 all'ert
1294 4613 1306 4649 :
1341 4595 1419 4652 sic
1446 4605 1500 4650 et
1531 4594 1781 4649 Christus
1813 4597 1900 4650 ι...
1928 4596 2066 4648 mul-

505 4693 768 4764 tiplicavit
799 4689 1088 4744 Ecclesiam
1119 4703 1292 4743 sitam.

573 4789 892 4859 Clariﬁcavi,
915 4798 962 4841 et
985 4789 1170 4840 iterum
1197 4785 1518 4853 clarificabo,
1547 4786 1598 4839 id
1628 4796 1731 4850 est,
1756 4782 2066 4838 clariﬁcasti

499 4885 652 4938 illum
678 4883 731 4937 in
762 4879 1154 4934 resurrectione
1181 4875 1396 4932 Lazari.
1425 4876 1620 4929 iterum
1645 4874 1877 4928 clar'dica
1915 4875 2064 4926 illum

501 4977 561 5032 in
626 4989 719 5027 sua
783 4968 1214 5034 resurrectione;
1281 4966 1520 5034 princeps
1585 4964 1768 5016 mundi
1839 4964 2068 5016 mittitur

500 5069 676 5137 (oras,
719 5065 771 5119 id
813 5072 914 5128 est,
952 5061 1198 5116 diabolus
1236 5058 1442 5127 eiectus
1481 5058 1544 5110 de
1583 5065 1848 5124 potestate
1884 5070 2006 5107 tnnn
2032 5053 2067 5106 .i

501 5175 600 5229 per
627 5158 930 5228 passionem
962 5155 1163 5220 crucis.
1192 5150 1466 5204 Ambulate
1499 5151 1620 5201 dum
1647 5148 1815 5200 lucent
1844 5146 2066 5208 habetis,

502 5252 560 5305 id
590 5259 692 5316 εει,
727 5249 855 5302 dum
903 5245 1175 5301 Christum
1223 5239 1574 5310 corporaliter
1621 5247 1674 5290 et
1716 5235 2069 5305 spiritualiter

507 5343 790 5398 vobiscum
835 5340 1079 5404 habetis;
1122 5352 1183 5390 ne
1217 5334 1439 5388 umbra:
1487 5348 1570 5384 ros
1615 5331 2068 5395 comprehendant,

503 5437 558 5489 id
588 5446 689 5499 est,
727 5434 960 5488 tctteltrte
991 5430 1304 5499 ignorantite
1343 5437 1397 5479 et
1434 5424 1837 5493 persecutiones
1883 5433 2073 5498 peceav

504 5539 704 5582 torum.
747 5521 1030 5578 Abscottdil
1066 5523 1129 5574 ab
1159 5521 1257 5582 eis,
1307 5517 1356 5572 id
1401 5525 1506 5580 est,
1539 5511 1907 5582 corporaliter,
1958 5508 2071 5563 sive

2174 4497 2226 4554 tl
2259 4498 2382 4552 Cor.
2424 4511 2498 4556 χι.
2537 4495 2652 4561 29).
2691 4493 3020 4558 Ρναντεριωη
3069 4507 3253 4544 novum
3296 4493 3362 4543 do
3399 4489 3553 4547 vobis,
3581 4497 3640 4536 ut
3685 4493 3736 4534 et

2147 4588 2410 4656 diligatis
2459 4586 2716 4648 invicem;
2762 4583 2814 4635 in
2867 4581 3062 4635 Vetere
3108 4583 3330 4644 dicitur,
3377 4581 3559 4650 Diliges
3591 4575 3737 4627 arni-

2171 4695 2310 4743 cum,
2363 4689 2411 4732 et
2471 4677 2593 4730 odio
2652 4675 2860 4728 habebis
2915 4673 3185 4726 inimicum
3238 4671 3427 4740 (Levit.
3477 4685 3576 4726 xu.
3619 4667 3736 4732 18).

2177 4770 2439 4825 Dominus
2468 4769 2618 4831 dicit,
2661 4766 2878 4835 Diligite
2924 4763 3164 4816 inimicos
3207 4773 3405 4815 vestros
3443 4756 3638 4828 (Matth.
3682 4770 3732 4812 ν.

2176 4861 2266 4930 Ut)
2302 4876 2316 4913 :
2353 4858 2456 4911 ltoc
2485 4869 2568 4911 est
2603 4865 2933 4926 praeceptum
2969 4868 3192 4906 novom.

2253 4951 2404 5020 (Cap.
2429 4946 2594 5010 XIV.)
2630 4946 2746 5000 Non
2779 4945 3116 4999 conturbetur
3144 4941 3567 5004 cori-vstrumdtic
3597 4953 3744 5005 pne-

2179 5041 2603 5110 diCatapostolis
2659 5039 2725 5092 de
2765 5038 3012 5107 passione
3043 5052 3140 5089 sua
3194 5053 3207 5089 :
3263 5038 3520 5088 credileiu
3544 5030 3742 5094 ουρ-ι,

2180 5147 2226 5188 et
2274 5136 2324 5186 in
2363 5119 2440 5187 nte
2493 5133 2706 5196 credite,
2771 5131 2896 5198 quia
2951 5126 3124 5181 Filius
3184 5127 3280 5182 Dei
3332 5143 3465 5181 sunt.
3505 5122 3740 5180 Credite,

2180 5231 2233 5282 in
2279 5229 2432 5280 domo
2487 5223 2666 5278 Patris
2693 5224 2815 5285 mei,
2884 5222 2934 5275 id
2985 5232 3089 5286 est,
3147 5221 3200 5276 in
3258 5219 3507 5278 Ecclesia,
3574 5228 3751 5264 man-

2177 5325 2348 5378 siones
2402 5318 2579 5372 multa:
2627 5327 2768 5380 sunt,
2820 5315 2870 5368 id
2927 5323 3030 5377 est,
3084 5318 3226 5368 sicut
3289 5315 3467 5366 inuno
3517 5309 3748 5362 hutilinc

2179 5427 2373 5467 Sensus
2396 5411 2601 5464 divisus
2633 5419 2711 5462 est
2743 5424 2757 5459 :
2796 5409 2866 5462 ita
2898 5408 2951 5460 itt
2985 5407 3253 5467 Ecclesia,
3288 5420 3401 5474 quae
3432 5413 3504 5456 est
3531 5411 3751 5462 corpus

2180 5503 2406 5567 Christi,
2441 5501 2627 5570 gratia:
2668 5499 2851 5553 multa:
2896 5509 3044 5553 sunt.
3115 5496 3262 5551 Vado
3293 5508 3472 5567 parare
3493 5489 3636 5546 vobis
3663 5487 3753 5538 lo-

585 5707 596 5734 ¹
635 5706 828 5770 Sopp'e
879 5712 1038 5757 morte
1089 5717 1202 5766 sua,
1251 5707 1339 5753 aut
1391 5693 1736 5766 qttid'sitnile
1769 5709 1779 5746 :
1817 5703 1966 5746 vacat
2018 5691 2066 5744 in
2110 5687 2356 5758 orig'nali
2391 5684 2642 5756 Spatium.
