3946 6206
230 349 338 416 605

229 554 558 608 Advocatum
604 552 850 606 habemus
899 554 1040 620 apud
1102 553 1340 618 Patrem,
1372 555 1460 622 qui
1509 552 1808 618 interpellat

223 663 327 714 pro
357 646 504 699 nobis
537 643 584 715 (1
630 641 796 698 Joan.
843 661 904 707 II,
932 646 1004 714 ι).
1039 645 1148 714 Ego
1205 663 1322 700 sum
1367 649 1450 699 via
1495 655 1562 715 et
1593 646 1808 704 veritas,

225 747 284 790 et
328 737 455 798 vita,
495 735 576 787 via
625 736 742 786 sine
797 749 982 786 errore
1015 733 1266 788 Christus
1311 744 1418 798 est,
1461 714 1660 788 veritas
1693 733 1812 786 siue

227 827 490 889 falsitate,
525 825 633 877 vita
695 826 815 879 sine
867 837 1038 879 morte
1074 827 1187 892 ipse
1209 837 1311 881 est.

311 917 507 972 Amodo
570 917 732 978 nostis
783 932 901 969 eum
933 918 1206 994 etpidistis
1254 934 1394 983 eum,
1427 917 1611 978 idest,
1653 933 1809 987 quem

233 1018 610 1076 cognoverunt
639 1009 814 1065 oculis
845 1009 1122 1076 corporis,
1157 1018 1208 1061 ct
1238 1019 1607 1077 cognoverunt
1639 1008 1813 1060 ocu'is

235 1099 444 1162 cordis.
489 1102 790 1154 secundum
849 1099 1186 1153 divinitatem
1257 1115 1353 1167 pcr
1393 1098 1810 1152 illustratiouem

235 1191 482 1263 Spiritus
509 1191 678 1245 sancti
716 1206 731 1245 :
772 1189 979 1259 majora
1045 1191 1236 1243 horum
1270 1189 1422 1257 facit,
1455 1193 1504 1244 id
1558 1199 1661 1253 est,
1689 1191 1811 1259 quia

233 1283 488 1338 Christus
522 1297 620 1352 per
661 1281 927 1334 ﬁmbriam
962 1281 1246 1335 mulierem
1307 1282 1520 1334 sanavit
1547 1298 1559 1334 :
1585 1280 1813 1348 apostoli

236 1389 374 1429 vero
430 1389 528 1443 per
600 1372 849 1427 umbram
903 1371 1152 1427 inﬁrmos
1209 1373 1498 1427 curabunt.
1555 1370 1815 1440 (Explicit

235 1465 481 1533 Passio).
784 1491 788 1494 ·
1346 1471 1348 1473 ’

315 1559 528 1629 Rogabo
564 1557 778 1614 Patrem
811 1575 1002 1625 meum,
1031 1567 1081 1613 et
1111 1559 1274 1612 alium
1310 1557 1650 1612 Paracletum
1668 1557 1814 1610 dabit

233 1654 385 1706 vobis
416 1668 434 1704 :
463 1668 557 1721 per
610 1652 697 1706 bis
732 1651 982 1720 spiritum
1031 1659 1311 1720 acceptum
1337 1650 1554 1704 dilectio
1611 1651 1728 1713 Dei,
1761 1660 1815 1703 et

235 1742 473 1812 proximi
527 1742 882 1812 intelligitur;
917 1742 1165 1811 spiritum
1197 1742 1453 1804 veritatis,
1481 1757 1633 1810 quem
1664 1757 1817 1792 mnu-

235 1833 344 1888 dus
377 1834 606 1901 accipere
638 1850 740 1887 non
766 1843 958 1901 potest,
989 1833 1040 1887 id
1067 1841 1170 1898 est,
1195 1833 1286 1900 qui
1324 1834 1584 1887 mundum
1621 1832 1814 1900 diligit,

239 1943 352 1981 non
388 1926 583 1994 accipit
641 1925 793 1979 illum
825 1941 840 1991 ;
875 1942 978 1978 non
1036 1926 1330 1994 relinquam
1377 1941 1466 1977 vos
1536 1926 1818 1988 orphanos,

239 2018 300 2072 id
329 2029 431 2078 est,
457 2032 560 2069 non
584 2016 880 2085 relinquant
908 2032 1004 2071 vos
1027 2017 1324 2070 secundum
1353 2016 1695 2070 divinitatem
1725 2033 1739 2082 ;
1765 2017 1822 2068 in

238 2111 341 2163 illa
369 2110 453 2163 die
475 2111 814 2178 cognoscetis,
837 2107 887 2162 id
914 2119 1016 2173 est,
1037 2108 1089 2161 in
1118 2107 1321 2172 futuro,
1356 2109 1469 2163 sive
1497 2109 1548 2162 in
1579 2123 1823 2163 resurre-

243 2203 429 2256 ctione
459 2199 685 2255 Christi.
723 2199 832 2269 Ego
859 2201 910 2253 in
938 2197 1122 2264 Patre,
1149 2200 1200 2252 id
1231 2210 1333 2260 εει,
1363 2199 1656 2253 Secundum
1689 2198 1826 2252 divi-

247 2296 472 2347 nitatem
497 2310 511 2357 ;
533 2308 617 2346 cos
651 2293 704 2345 in
731 2309 834 2358 me,
859 2293 982 2360 quia
1014 2291 1256 2345 membra
1287 2306 1401 2344 mea
1446 2293 1616 2356 esds;
1653 2299 1701 2344 et
1731 2307 1822 2360 ego

247 2388 305 2438 in
337 2385 499 2448 vobis,
522 2387 572 2438 id
603 2395 708 2447 est,
765 2387 818 2438 iu
851 2385 1141 2438 dilectione
1203 2385 1382 2438 cordis
1409 2383 1571 2437 vestri
1595 2366 1828 2444 {mani-

245 2477 452 2549 [estabo
473 2477 521 2530 ei
549 2478 820 2543 meipsum,
847 2476 898 2528 id
925 2484 1032 2542 cst,
1060 2474 1344 2528 credentes
1371 2474 1422 2526 in
1444 2473 1781 2526 divinit:-.tetn
1805 2488 1821 2537 ;

247 2569 576 2621 mansionem
631 2567 773 2634 apud
834 2582 950 2618 eum
1001 2567 1304 2635 faciemus:
1372 2566 1515 2617 sicut
1576 2564 1688 2631 ipse
1725 2565 1820 2626 ait,

251 2658 350 2714 Ubi
374 2661 480 2713 duo
505 2658 581 2714 cel
613 2668 715 2713 tres
750 2659 1060 2728 congregati
1121 2656 1317 2724 fuerint
1349 2656 1401 2709 in
1447 2655 1658 2710 nomine
1687 2671 1822 2720 meo,

249 2752 323 2804 ibi
359 2766 476 2804 sunt
516 2759 564 2803 et
595 2765 712 2819 ego,
739 2756 790 2801 ct
843 2748 1046 2817 reliqua
1094 2747 1312 2818 (Matth.
1353 2763 1505 2810 vaII,
1537 2745 1670 2818 20):
1726 2762 1826 2815 pa-

251 2855 367 2895 cem
417 2855 588 2893 meam
608 2841 676 2892 do
727 2840 908 2903 vobis,
941 2841 992 2892 id
1029 2849 1133 2905 est,
1187 2840 1326 2892 sicut
1398 2853 1497 2906 ego
1551 2841 1822 2907 (sitienter

256 2931 460 2987 sulfure
503 2933 708 2999 omnia,
735 2941 790 2986 et
817 2947 908 2986 vos
942 2931 1256 3001 pItientiauI
1293 2930 1585 2994 habeatis;
1646 2945 1829 2998 pacem

254 3041 428 3080 meum
466 3025 701 3093 relinquo
735 3025 900 3088 vobis,
928 3024 979 3077 id
1011 3032 1092 3076 est
1119 3065 1133 3088 ,
1169 3023 1309 3076 sicut
1335 3038 1433 3089 ego
1460 3037 1650 3091 passus
1685 3037 1826 3086 sum,

1225 341 1642 416 EXPOSITIO
1686 342 1760 402 IV
1795 343 2171 404 EVANGEL.
2208 344 2472 410 LUCAS.

229 477 372 524 cunt,
405 460 456 513 id
507 469 611 522 cst,
642 460 844 528 parabo
879 459 1030 514 vobis
1059 459 1250 526 vitam,
1282 463 1424 516 sicut
1465 459 1758 530 Apostolus
1792 475 1808 516 :
1839 464 1886 522 Α
1917 468 2264 525 peccatorum

3391 347 3500 412 606

2324 477 2339 517 :
2398 461 2462 514 ab
2516 461 2669 516 initio
2725 477 2927 516 mecum
2977 463 3140 530 estis,
3194 463 3246 518 id
3297 474 3402 530 cst,
3435 470 3503 524 ab

1931 552 2090 606 initio
2124 553 2548 620 praedicationis.

1983 642 2136 711 (Cap.
2165 644 2340 712 XVI.)
2381 644 2443 699 Si
2477 660 2573 713 ego
2634 660 2736 698 non
2790 645 2991 704 abiero,
3023 641 3340 700 Paracletus
3396 665 3503 703 non

1914 748 2004 785 ven
2025 739 2085 787 ‘et
2115 737 2182 786 ad
2217 752 2302 788 vos
2336 750 2354 788 :
2387 752 2504 788 cum
2536 737 2730 789 venerit
2762 734 3100 802 Paracletus,
3134 748 3318 806 arguet
3347 755 3503 791 murta

1913 824 2036 876 dum
2063 827 2125 878 de
2153 839 2385 891 peccato,
2416 827 2468 880 id
2499 836 2602 884 est.
2628 828 2718 895 qui
2752 841 2855 878 non
2889 827 3061 880 credit
3098 827 3278 892 inme,
3310 829 3499 880 credat

1917 932 2012 984 per
2037 920 2472 984 pr:I~-'icutitIIIetII
2505 917 2778 988 Evangelii
2807 920 2906 983 ;de
2923 919 3131 986 judicio
3150 928 3346 985 autem,
3371 921 3495 988 quia

1914 1022 2166 1075 princeps
2217 1008 2402 1072 mundi
2450 1010 2738 1077 judicatus
2794 1021 2899 1075 est;
2957 1019 3144 1080 arguet
3176 1012 3494 1078 depeccato,

1919 1099 1970 1152 id
2003 1108 2108 1164 est,
2143 1110 2199 1152 ut
2235 1116 2327 1169 per
2360 1099 2792 1168 praedicationem
2828 1111 3064 1154 vestram
3106 1111 3500 1155 convertantur

1917 1192 1981 1244 azl
2020 1192 2398 1259 paenitentiam
2435 1209 2449 1258 ;
2482 1193 2546 1245 de
2567 1193 2808 1261 justitia,
2843 1204 2898 1246 ut
2931 1194 3070 1247 sicut
3117 1193 3290 1260 diligit
3316 1194 3499 1261 proxi‘

1917 1297 2084 1340 mum.
2118 1283 2381 1351 diligatet
2431 1282 2596 1337 Deum
2631 1299 2693 1336 ex
2729 1293 2841 1337 toto
2904 1283 3106 1348 corde;
3162 1283 3224 1336 de
3277 1283 3496 1349 iudicio,

1918 1383 1971 1427 ut
1999 1373 2268 1441 Quidquid
2299 1376 2476 1436 vultis,
2507 1386 2562 1427 ut
2594 1377 2794 1444 faciant
2833 1379 2976 1430 robis
3006 1377 3262 1442 homines,
3297 1387 3346 1431 et
3410 1394 3498 1432 ros

1918 1465 2078 1534 facite
2128 1467 2234 1519 illis
2267 1483 2285 1521 :
2316 1468 2426 1521 ha'c
2477 1468 2614 1522 enim
2649 1477 2723 1521 est
2751 1468 2832 1521 lex
2867 1478 2914 1522 et
2947 1469 3229 1537 prophetas.
3283 1467 3496 1537 (Matth.

1919 1570 2012 1616 VII,
2053 1557 2168 1623 12.)

1991 1648 2258 1702 Modicum
2305 1665 2407 1701 non
2449 1649 2688 1703 videbitis
2737 1667 2835 1712 me,
2870 1651 2921 1704 id
2955 1661 3058 1714 est,
3115 1653 3236 1706 dum
3268 1650 3416 1722 jacui
3449 1653 3499 1706 in

1924 1739 2210 1807 sepulcro:
2267 1741 2529 1793 modicum
2555 1741 2770 1807 iterum,
2811 1753 2856 1796 et
2891 1744 3134 1797 videbitis
3168 1760 3268 1807 me,
3321 1747 3370 1798 id
3399 1754 3504 1809 cst,

1923 1847 2017 1898 per
2065 1834 2552 1886 resurrectionem:
2578 1835 2730 1890 ,cenit
2762 1836 2892 1888 hora
2921 1838 3132 1905 quando
3163 1853 3263 1889 non
3295 1838 3346 1888 in
3369 1853 3463 1904 pro
3485 1863 3508 1876 ι

1919 1923 2109 1977 verbis
2164 1923 2360 1990 loquar
2391 1925 2680 1988 vobiscum,
2707 1929 2794 1980 sed
2824 1929 3005 1997 palam
3056 1930 3119 1982 de
3144 1929 3306 1982 Patre
3331 1931 3506 1982 mani-

1920 2017 2121 2086 festabo
2151 2018 2320 2081 vobis,
2348 2018 2397 2070 id
2429 2026 2532 2081 est,
2564 2034 2658 2086 per
2681 2023 3134 2077 resurrectionem
3159 2040 3176 2091 ;
3209 2025 3263 2078 in
3291 2025 3384 2079 illa
3421 2027 3506 2080 die

1921 2111 1974 2162 in
2009 2111 2218 2163 nomine
2258 2125 2370 2162 meo
2409 2112 2612 2178 petatis,
2643 2110 2693 2165 id
2731 2122 2836 2175 est,
2871 2116 2994 2180 quia
3033 2117 3267 2169 ascendo
3299 2119 3364 2171 ad
3402 2118 3505 2172 Pa-

1924 2212 2082 2263 trem,
2117 2204 2450 2268 resurgeudo
2480 2217 2576 2270 per
2606 2212 2954 2270 potestatem.
2989 2203 3149 2258 Pater
3178 2206 3349 2276 diligit
3376 2225 3493 2274 vos,

1922 2291 2047 2359 quia
2078 2291 2300 2361 diligitis
2327 2307 2444 2346 me:
2479 2293 2718 2362 relinquo
2749 2293 3003 2348 mundum
3035 2306 3084 2349 et
3130 2299 3258 2352 vado
3285 2301 3354 2352 ad
3384 2299 3484 2354 Pa-

1927 2396 2077 2445 trem,
2117 2383 2170 2438 id
2208 2391 2314 2448 est,
2344 2398 2442 2453 per
2469 2386 2816 2442 prmsentiam
2848 2389 3116 2455 corporis,
3147 2406 3271 2443 nam
3294 2405 3496 2446 secun-

1921 2477 2048 2529 dum
2100 2475 2437 2529 divinitatem
2492 2490 2595 2528 nou
2638 2477 2898 2545 relinquit
2944 2479 3203 2532 mundum
3240 2498 3256 2544 ;
3292 2498 3508 2550 pressu-

1926 2583 2042 2621 ram
2083 2567 2310 2629 habetis,
2340 2568 2390 2621 id
2447 2578 2550 2635 est,
2594 2583 2620 2620 a
2653 2570 2941 2623 mundanis
2997 2571 3306 2628 |I0n:iuibus
3341 2575 3513 2627 tribu-

1927 2660 2206 2724 lationem;
2242 2676 2336 2732 ego
2364 2661 2463 2713 cici
2521 2661 2802 2723 mundum,
2836 2662 2886 2713 id
2917 2671 3018 2726 est,
3071 2663 3279 2734 alligavi
3315 2663 3506 2720 fortem

1927 2751 1982 2806 in
2016 2751 2238 2816 mundo,
2272 2753 2363 2818 qui
2399 2764 2481 2807 est
2515 2754 2784 2806 diabolus.

2002 2842 2156 2910 (Cap.
2187 2840 2374 2913 XVII.)
2413 2842 2558 2897 Venit
2594 2843 2747 2908 hora,
2777 2847 2961 2908 Pater,
2989 2848 3058 2898 ad
3100 2849 3400 2915 clari/icore
3449 2848 3513 2916 ﬁ-

1933 2936 2059 2988 lium
2091 2945 2262 2998 tuum,
2283 2936 2334 2989 id
2371 2947 2476 3000 est,
2509 2952 2603 3005 per
2632 2938 3092 2991 resurrectionem
3115 2949 3202 3002 ;ut
3231 2940 3373 3007 ﬁlius
3405 2941 3516 2994 cla-

1933 3026 2098 3094 ri/icet
2121 3036 2190 3090 te,
2212 3027 2262 3078 id
2297 3035 2402 3090 est,
2426 3041 2522 3095 per
2550 3027 2718 3082 lilium
2759 3039 3163 3092 convertantur,
3184 3030 3512 3093 etcredant;

256 3117 332 3170 ita
360 3128 413 3169 et
443 3132 538 3171 vos
583 3118 899 3186 patiemini;
933 3133 1036 3169 non
1076 3112 1210 3168 sicut
1245 3117 1471 3170 mundus
1499 3117 1589 3168 dat
1620 3131 1826 3184 pacem,
1860 3139 1902 3195 ο
1934 3135 2024 3187 ego
2090 3129 2137 3171 te
2168 3118 2462 3186 τιατ-ἑῇσαυὶ
2493 3135 2650 3187 super
2683 3129 2899 3182 terram,
2939 3119 2989 3170 id
3033 3127 3138 3184 est,
3174 3127 3360 3170 notum
3412 3118 3516 3172 feci

255 3224 354 3278 ego
396 3209 466 3261 do
533 3209 692 3274 vobis,
769 3207 999 3262 mundus
1055 3207 1410 3274 interruptam
1478 3220 1672 3280 pacem:
1718 3207 1831 3268 dat,

260 3301 402 3354 Deus
432 3311 686 3353 .etemam
741 3300 874 3363 dat;
915 3300 1051 3352 venit
1119 3298 1360 3366 princeps
1395 3296 1575 3350 mundi
1626 3301 1694 3349 ad
1727 3310 1830 3357 me,

259 3392 394 3448 nihil
425 3392 481 3444 in
525 3407 605 3445 me
660 3391 882 3455 invenit,
935 3390 1122 3454 idest,
1155 3389 1402 3441 diabolus
1450 3388 1681 3440 venitad
1718 3401 1837 3439 cru-

261 3500 409 3549 cem,
442 3493 495 3536 et
531 3485 580 3535 iu
606 3482 834 3536 Domino
865 3497 970 3534 non
998 3481 1204 3534 invenit
1236 3491 1514 3550 peccatum
1543 3493 1556 3531 :
1587 3478 1838 3546 qumsivit

264 3591 483 3643 capere,
509 3586 700 3642 captus
725 3585 809 3628 cst
838 3574 906 3628 ab
937 3589 1035 3636 eo;
1067 3575 1200 3626 sicut
1230 3571 1474 3642 prw‘cepit
1496 3572 1623 3624 mihi
1651 3569 1834 3635 Pater,

260 3671 338 3724 sic
369 3668 532 3736 facio,
583 3667 729 3720 misit
785 3666 933 3719 illum
978 3664 1156 3724 Pater.
1199 3677 1257 3719 ut
1319 3665 1642 3733 sanguinem
1680 3677 1836 3717 suum

259 3757 517 3826 (undaret
546 3775 644 3827 pro
677 3771 874 3826 genere
909 3758 1168 3822 hmuano,
1192 3760 1262 3811 'et
1303 3758 1374 3810 ita
1413 3755 1564 3810 fecit.

336 3850 494 3919 (Cap.
526 3846 664 3919 XV.)
699 3848 810 3916 Ego
837 3865 951 3901 sum
983 3850 1098 3902 ritis
1122 3865 1262 3911 vera,
1298 3846 1439 3902 unde
1463 3846 1677 3913 perﬂuit
1709 3860 1840 3899 san-

265 3941 408 4013 guis,
439 3952 493 3996 et
547 3955 719 4010 aqua;
751 3937 817 3992 Et
846 3950 996 4008 pater
1046 3955 1189 3993 meus
1259 3939 1492 4008 agricola
1518 3951 1615 4004 est,
1653 3939 1702 3992 id
1735 3947 1838 4002 est,

267 4034 448 4088 cultor
480 4033 767 4097 Ecclesiae;
803 4049 888 4086 vos
931 4031 1200 4101 palmites,
1236 4032 1288 4086 id
1321 4043 1424 4098 est,
1458 4031 1691 4102 apostoli
1726 4032 1844 4085 sive

269 4127 456 4181 ﬁdeles
496 4124 782 4190 Ecclesiae;
813 4125 950 4178 sicut
997 4124 1197 4193 palntes
1225 4141 1329 4177 non
1373 4132 1540 4193 potest
1580 4140 1612 4176 α
1649 4139 1704 4176 se
1727 4122 1846 4190 fru-

270 4227 411 4272 ctum
443 4217 600 4287 ferre,
633 4217 733 4270 nisi
757 4217 1008 4270 manserit
1040 4219 1095 4270 in
1127 4218 1247 4282 vite,
1284 4218 1362 4271 sic
1391 4225 1444 4270 et
1474 4215 1845 4285 unusquisque

272 4324 382 4364 non
413 4309 518 4363 fert
584 4309 844 4372 fructum,
872 4311 976 4365 nisi
1019 4311 1281 4364 manserit
1314 4310 1366 4364 in
1390 4308 1630 4365 Christo.

343 4399 412 4455 In
433 4401 529 4454 hoc
552 4400 876 4470 clariﬁcatus
896 4409 973 4454 est
1002 4398 1165 4454 Pater
1188 4417 1358 4466 meus,
1387 4410 1440 4454 ut
1471 4401 1701 4469 [I'ttctum
1729 4401 1844 4468 pri-

1937 3211 2186 3264 omuibus
2246 3210 2386 3279 apud
2419 3219 2503 3277 te;
2539 3210 2877 3279 manifestavi
2914 3224 3100 3264 nomen
3157 3221 3306 3263 tuum
3350 3211 3518 3264 homi-

1939 3304 2117 3367 nibus,
2151 3303 2410 3366 ostendit,
2444 3302 2586 3374 quod
2652 3303 2947 3357 secundum
3005 3302 3341 3356 divinitatem
3392 3317 3516 3355 cum

1941 3396 2100 3450 Patre
2126 3404 2266 3459 erat,
2297 3404 2351 3450 et
2378 3394 2742 3464 corporaliter
2795 3394 2848 3448 in
2899 3403 3240 3463 terra;-quos
3275 3394 3401 3446 mihi
3428 3393 3518 3446 de-

1938 3488 2062 3541 disti
2117 3487 2179 3541 de
2227 3487 2421 3539 mundo
2450 3487 2526 3539 tui
2594 3496 2769 3552 erant,
2807 3485 2860 3539 in
2896 3485 3242 3555 prazscientia
3269 3484 3336 3536 ab
3367 3483 3520 3538 initio

1941 3579 2016 3632 tui
2058 3587 2252 3642 erant;
2293 3577 2423 3629 mihi
2481 3592 2568 3630 eos
2591 3576 2808 3638 dedisti,
2835 3575 2886 3629 id
2936 3586 3039 3639 est,
3069 3577 3136 3629 ad
3169 3575 3469 3629 docendum
3503 3590 3519 3642 ;

1939 3680 1987 3724 et
2020 3685 2309 3725 sermonem
2362 3676 2511 3725 tuum
2539 3675 2896 3730 servaverunt,
2931 3665 2983 3720 id
3010 3676 3113 3731 est,
3149 3667 3201 3719 in
3256 3665 3359 3719 ﬁde
3395 3681 3518 3732 pcr-

1941 3770 2281 3817 manserunt.
2327 3760 2435 3830 Ego
2476 3775 2571 3828 pro
2626 3761 2701 3812 eis
2771 3737 2948 3828 rogo,’
2974 3775 3078 3812 non
3140 3773 3234 3826 pro
3296 3758 3518 3818 mundo,

1941 3856 2068 3924 quia
2087 3855 2184 3908 scit
2215 3853 2374 3918 Deus,
2397 3853 2488 3922 qui
2515 3859 2641 3904 sunt
2665 3853 2820 3920 ejus;
2847 3852 3020 3905 omnia
3046 3860 3138 3903 tua
3167 3865 3280 3902 mea
3300 3860 3442 3912 sunt,
3471 3859 3523 3902 et

1944 3963 2060 4000 mea
2077 3959 2164 3998 tua
2182 3951 2326 4005 sunt,
2345 3953 2391 3996 et
2412 3943 2734 4011 clariﬁcatus
2754 3959 2870 3996 sum
2888 3944 2938 3996 in
2958 3942 3054 4006 eis,
3074 3941 3128 3994 id
3147 3939 3307 4005 est,in
3328 3941 3522 3994 iisdem

1943 4037 2190 4108 gentibus
2230 4033 2606 4089 manifestatus
2626 4049 2771 4099 sum,
2801 4033 2852 4087 id
2889 4043 2994 4094 est,
3018 4032 3144 4100 quia
3171 4030 3521 4084 crediderunt

1947 4129 2000 4182 iu
2034 4142 2118 4182 me
2156 4141 2171 4178 :
2209 4126 2261 4180 in
2291 4123 2494 4179 mundo
2543 4139 2660 4178 sum
2722 4123 3099 4192 corporaliter,
3131 4123 3266 4176 etin
3318 4123 3525 4189 mundo

1946 4235 2056 4275 non
2085 4235 2204 4274 sum
2231 4216 2624 4286 corporaliter;
2653 4225 2701 4270 et
2725 4232 2820 4285 pro
2839 4216 2912 4269 eis
2937 4214 3208 4282 sancti/ica
3250 4215 3518 4280 meipsum,

1949 4309 1999 4364 id
2023 4320 2132 4373 est,
2163 4324 2257 4378 per
2303 4311 2620 4378 martyrium
2668 4317 2721 4360 et
2758 4304 3254 4368 resurrectionem;
3291 4320 3384 4375 ego
3411 4305 3525 4357 cla-

1950 4399 2178 4462 ritatem,
2206 4415 2362 4467 quam
2393 4399 2585 4452 dedisti
2622 4397 2767 4460 mihi,
2798 4397 2919 4451 dedi
2956 4397 3053 4458 eis,
3088 4396 3138 4449 id
3185 4405 3288 4457 εει,
3325 4412 3526 4465 μηνοε-

276 4511 420 4548 mum
457 4493 719 4562 aﬂ’eratis,
757 4492 808 4547 id
858 4502 964 4555 εει,
995 4492 1137 4546 sicut
1185 4491 1618 4560 praedicationem
1653 4509 1756 4562 ego
1792 4505 1846 4549 et
1879 4488 1920 4544 υ
1951 4501 2038 4561 pta
2071 4491 2274 4544 divina.

277 4587 588 4655 passionem
637 4582 979 4647 I'ructiﬁcavi,
1029 4585 1100 4636 ita
1133 4595 1186 4637 et
1237 4597 1330 4637 vos
1358 4583 1719 4650 lacite;sicut
1765 4587 1850 4640 di-

277 4677 406 4730 lexit
432 4690 512 4728 me
540 4672 716 4737 Pater,
743 4683 791 4727 el
823 4689 914 4743 ego
943 4673 1104 4727 dilexi
1163 4689 1271 4738 vos,
1299 4674 1350 4728 id
1403 4684 1506 4741 est,
1533 4675 1672 4729 sicut
1703 4675 1853 4730 misit

279 4785 366 4822 me
395 4767 552 4820 Pater
580 4767 894 4833 prmdicare,
913 4775 967 4819 et
993 4764 1125 4834 pati,
1153 4775 1205 4818 et
1228 4781 1324 4835 ego
1351 4767 1504 4820 mitto
1523 4780 1651 4831 vos;
1685 4766 1854 4835 majo-

278 4877 390 4914 rem
434 4861 746 4914 charitatem
807 4877 958 4914 nemo
1019 4860 1191 4925 habet,
1245 4871 1301 4915 et
1374 4863 1603 4930 reliqua,
1631 4860 1898 4915 dilecti0°

279 4951 474 5007 fortior
503 4962 590 5006 est
651 4965 824 5006 morte
869 4951 1042 5022 (Cant.
1075 4967 1188 5016 Vill,
1225 4951 1316 5022 6);
1347 4968 1446 5020 ego
1482 4968 1578 5021 per
1607 4952 1855 5007 dilectio-

280 5061 402 5101 nem
458 5047 636 5114 patior
672 5063 769 5118 pro
806 5046 981 5111 vobis,
1009 5058 1068 5102 et
1107 5062 1204 5103 vos
1257 5047 1501 5116 patimini
1533 5059 1630 5112 pro
1662 5042 1852 5097 Eccle-

275 5137 357 5190 sia
383 5153 398 5202 ;
432 5137 611 5190 omnia
634 5154 750 5207 quas
778 5139 958 5192 audivi
985 5155 1016 5192 a
1041 5138 1200 5192 Patre
1235 5152 1346 5190 meo
1382 5144 1508 5189 nota
1548 5134 1652 5203 feci
1680 5134 1846 5198 vobis,

281 5232 336 5285 id
396 5242 506 5296 est,
545 5217 808 5300 prmepta
856 5231 1179 5299 Evangelii;
1214 5229 1344 5298 elegi
1383 5244 1470 5282 vos
1528 5229 1591 5281 de
1634 5226 1850 5291 mundo,

283 5327 338 5380 id
381 5336 470 5382 est
502 5330 565 5380 de
629 5326 917 5380 mundanis
972 5324 1222 5388 actibus;
1253 5339 1352 5376 non
1385 5322 1510 5376 estis
1541 5322 1604 5373 de
1637 5319 1852 5380 mundo,

281 5420 337 5473 id
405 5429 512 5476 est,
545 5419 667 5487 quia
730 5434 833 5471 nou
865 5417 1086 5486 diligitis
1144 5414 1406 5468 mundum
1441 5431 1456 5466 :
1488 5425 1545 5466 ut
1592 5414 1668 5465 ait
1707 5409 1857 5464 Salo-

281 5528 436 5574 suou,
470 5509 719 5564 Talis-est
746 5510 932 5562 mulier
965 5509 1228 5570 adultera,
1261 5523 1376 5577 qua:
1403 5521 1520 5558 cum
1549 5503 1856 5569 comederit,

280 5605 438 5673 tergit
480 5619 535 5654 os
587 5619 762 5665 suum,
811 5611 857 5653 et
908 5600 1058 5666 dicit,
1092 5598 1210 5652 Non
1247 5613 1363 5651 sunt
1411 5607 1625 5662 operata
1660 5593 1858 5646 malum

289 5693 476 5762 (Prov.
509 5709 637 5756 xxx,
670 5679 808 5754 ἓως
855 5694 1047 5762 ﬁgurat
1113 5690 1404 5744 Ecclesium
1466 5702 1531 5741 ex
1581 5685 1854 5754 gentibus,

291 5805 413 5859 qua?
445 5801 540 5858 per
571 5786 962 5842 confusionem
1007 5783 1258 5840 :1b.:lCl‘Sll
1301 5797 1356 5837 sc
1400 5781 1463 5835 de
1511 5778 1852 5833 itnmunditia

1977 4585 1996 4596 ‘
2027 4584 2180 4653 (Cap.
2207 4581 2415 4651 XVlll.)
2451 4580 2623 4635 Exivit
2647 4597 2764 4634 cum
2801 4580 3072 4648 discipulis
3107 4582 3216 4635 suis
3248 4591 3397 4634 trans
3425 4589 3531 4633 tor-
3560 4623 3562 4628 .

1954 4685 2152 4728 rentem
2203 4673 2427 4736 Cedron,
2508 4673 2746 4727 ostendit
2803 4673 3062 4741 impetum
3119 4674 3531 4742 persecutionis.

1960 4767 2158 4822 Iterum
2183 4765 2441 4818 transiens
2467 4763 2616 4819 .lesus
2671 4781 2788 4817 cum
2822 4765 3098 4834 discipulis
3154 4766 3286 4830 suis,
3341 4765 3390 4818 id
3427 4775 3537 4826 cst,

1958 4860 2023 4914 de
2058 4858 2256 4912 mundo
2295 4858 2358 4910 ad
2397 4855 2632 4922 Patrem,
2668 4865 2723 4909 et
2752 4855 2817 4910 de
2844 4853 3056 4911 Jndzeis
3091 4857 3156 4909 ad
3188 4865 3392 4923 gentes.
3433 4853 3536 4906 Ve-

1959 4957 2148 5003 nerunt
2182 4964 2300 5002 cum
2336 4949 2560 5002 latentis
2596 4958 2644 5003 et
2682 4950 2897 5020 faculis,
2927 4949 2978 5004 id
3026 4959 3128 5011 εει,
3168 4949 3267 5016 ipsi
3297 4948 3397 5000 sibi
3443 4961 3538 4998 ac-

1959 5041 2260 5096 ceuderunt
2298 5041 2474 5094 lumen
2508 5042 2717 5109 pmnale
2746 5059 2761 5109 ;
2793 5041 3126 5095 adduxerunt
3154 5055 3271 5093 eum
3318 5037 3387 5090 ad
3419 5038 3535 5091 An-

1961 5149 2105 5198 nam,
2128 5135 2278 5186 Anua
2309 5133 2485 5201 gratia
2515 5132 2610 5186 Dei
2635 5133 3042 5200 interpretatur,
3069 5134 3161 5200 qui
3199 5129 3373 5198 gratia
3430 5128 3525 5182 Dci

1959 5233 2244 5291 acceperat
2290 5223 2654 5292 principatum
2683 5221 3016 5284 sacerdotis;
3057 5220 3150 5273 sed
3181 5219 3266 5271 illa
3307 5219 3418 5270 visa
3446 5225 3534 5270 est

1959 5315 2202 5378 ostiaria,
2241 5331 2359 5382 qua:
2400 5313 2703 5369 introduxit
2735 5314 2953 5370 Petrum
2988 5314 3040 5365 in
3072 5311 3290 5376 atrium,
3322 5310 3534 5380 signiti-

1960 5417 2044 5460 cat
2088 5407 2412 5475 primitivum
2447 5405 2780 5470 Ecclesium;
2815 5403 3163 5474 exprobravit
3225 5417 3374 5467 eum,
3409 5400 3536 5469 quia

1964 5499 2054 5552 Dei
2114 5496 2304 5551 Filium
2369 5515 2425 5553 se
2465 5513 2588 5552 esse
2639 5499 2887 5563 dixisset,
2941 5503 3240 5559 certe,non
3290 5495 3538 5560 rapinam

1962 5591 2252 5644 arbitratus
2286 5601 2359 5643 est
2388 5607 2442 5644 se
2498 5607 2606 5644 esse
2641 5588 2900 5659 aqualem
2935 5587 3063 5652 Deo,
3095 5594 3183 5640 sed
3206 5587 3537 5652 semetipsum

1962 5687 2270 5746 exinanivit,
2300 5686 2520 5750 formum
2553 5684 2685 5736 servi
2718 5681 2937 5747 acoepit.
2982 5679 3241 5748 (Philipp.
3272 5695 3330 5744 II,
3367 5679 3420 5742 (ἲ,
3455 5680 3535 5738 "il.

2039 5776 2188 5849 (Cap.
2225 5775 2381 5833 XIX.)
2409 5776 2558 5830 Iesus
2636 5775 2877 5844 bajulans
2910 5788 3110 5826 crnccnt
3155 5788 3336 5837 snam,-
3366 5787 3546 5826 exem-
