3946 6206
447 297 552 361 601

452 502 664 570 abneget
688 501 1040 566 semetipsum,
1067 510 1118 551 ct
1144 499 1346 565 reliqua
1375 500 1592 568 (.ilnttlt.
1614 514 1722 564 xu,
1747 498 1853 568 24)
1877 514 1891 564 ;
1916 500 2023 551 duo

451 590 691 644 latrones
747 588 989 642 cruciﬁxi
1035 599 1188 643 erant
1247 606 1367 642 cum
1401 589 1528 644 Iesu
1555 607 1570 652 ;
1598 590 1688 658 qui
1729 590 2026 657 permansit

453 700 590 735 uirus
624 684 673 734 in
708 684 925 749 perlidia
964 698 1082 747 sua,
1116 684 1354 738 ostendit
1380 681 1596 735 Judaeos
1629 699 1643 746 ;
1685 683 1777 746 qui
1814 682 2028 734 euntes-

452 788 547 828 sus
613 783 716 838 est,
743 774 1014 840 signitiCat
1070 787 1294 844 gentes;
1330 775 1582 840 scriptum
1628 782 1744 825 erat
1776 774 1827 824 in
1872 772 2027 825 titulo

454 879 547 917 rea:
594 862 925 926 Iudmoruin,
958 866 1007 918 id
1044 877 1147 930 est,
1186 882 1280 918 rex
1324 865 1721 919 conlessorum.
1765 862 2030 915 Fecerunt

456 966 689 1023 quatuor
715 964 892 1022 partes
913 954 981 1008 de
1007 956 1339 1009 vestimentis
1367 954 1492 1009 Iesu
1522 973 1536 1010 :
1563 966 1791 1023 quatuor
1815 955 2027 1019 milites,

459 1048 509 1099 id
585 1057 685 1110 est,
731 1060 964 1115 quatuor
1020 1049 1407 1117 evangelista;
1453 1050 1759 1102 vestimenta
1839 1048 2029 1109 divisa,

459 1138 513 1191 id
577 1147 699 1200 est,
750 1138 1213 1208 przedicationem,
1296 1139 1724 1201 incarnationem
1758 1179 1773 1198 ,
1825 1139 2033 1208 passio-

464 1243 607 1301 nem,
633 1238 685 1283 et
716 1231 1188 1292 resurreCtiouem,
1209 1240 1326 1298 qua:
1358 1232 1784 1298 praedicaverunt
1817 1230 1868 1281 in
1899 1241 2034 1296 qua-

463 1332 584 1374 tuor
640 1324 884 1389 partibus
957 1322 1163 1375 mundi.
1198 1319 1405 1373 Tunica
1448 1330 1625 1373 autem
1689 1316 2035 1372 incousntilis

461 1410 696 1477 desuper
749 1420 1022 1474 ronlexta,
1050 1411 1286 1465 ostendit
1325 1412 1450 1478 quia
1486 1410 1736 1464 divinitas
1792 1409 1843 1461 itt
1877 1409 2037 1461 Patre

463 1497 685 1551 ctFilio
747 1500 1122 1567 inseparabilis
1177 1510 1303 1554 est:
1349 1498 1471 1551 Non
1535 1498 1839 1551 scindamus
1900 1513 2036 1561 eam,

466 1587 559 1641 sed
607 1590 893 1643 sortiamus
922 1594 983 1644 de
1018 1591 1132 1654 illa,
1156 1592 1309 1658 cujus
1343 1592 1463 1653 erit,
1493 1590 1749 1650 ostendit,
1782 1589 1904 1658 quia
1939 1587 2037 1641 viri

468 1681 722 1734 catholici
759 1696 866 1734 non
902 1682 1153 1735 scindunt
1191 1685 1451 1736 unitatem
1503 1681 1827 1737 divinitatis.

1355 296 1395 354 S
1462 290 1896 353 lIlEROXYMl
1940 290 2257 354 OPERUM
2301 292 2712 352 MANTlSSA.

450 412 591 481 plum
617 409 757 463 dedit
799 409 936 463 sicut
959 408 1071 477 ipse
1095 407 1128 462 d
1157 412 1233 461 xit
1262 424 1276 463 :
1315 409 1413 472 Qui
1445 407 1549 461 vult
1576 419 1690 475 post
1720 424 1799 460 nte
1825 409 2022 469 venire,
2060 417 2103 469 Α

3573 290 3677 353 COS

2212 408 2367 478 (Cap.
2412 408 2578 478 XXI.)
2627 409 2883 478 Discipuli
2940 409 3220 475 piscantes
3254 416 3422 462 totam
3480 419 3682 462 noctem

2130 501 2261 553 nih.l
2300 512 2556 570 ceperunt
2588 518 2601 567 ;
2640 502 2938 569 piscatores
2965 500 3219 554 doctores
3247 509 3475 561 veteres,
3507 498 3556 550 in
3589 515 3683 551 no-

2129 602 2216 645 cte
2238 593 2479 661 ostendit
2529 602 2661 645 ante
2717 591 3008 645 adventum
3041 587 3243 644 Christi
3277 589 3448 641 nullos
3479 584 3549 641 ad‘
3575 603 3687 655 per-

2129 683 2421 738 fectionem
2449 700 2543 751 per
2579 684 3019 752 praedicationem
3053 684 3186 752 legis
3240 682 3436 736 veteris
3465 683 3684 735 venisse.

2131 774 2285 828 Mane
2308 785 2483 827 autem
2526 775 2687 844 facta,
2716 774 2955 827 ostendit
2984 773 3183 826 factum
3220 773 3507 826 adventum
3535 771 3687 826 Citri-

2134 866 2236 930 sti;
2275 867 2468 918 mittite
2493 868 2546 919 in
2573 865 2842 919 dexteram
2866 874 3091 932 partem,
3124 865 3173 917 id
3204 875 3306 925 est,
3336 863 3526 917 mittite
3560 878 3690 932 pra:-

2131 957 2456 1009 dicationem
2490 958 2544 1010 in
2604 957 2877 1025 gentibus.
2925 956 3057 1009 Erat
3109 957 3250 1009 errim
3288 955 3474 1009 Petrus
3502 956 3686 1018 nudus,

2136 1048 2186 1100 id
2222 1058 2327 1111 est,
2374 1049 2499 1101 nudi
2548 1057 2707 1103 erant
2744 1064 2773 1101 a
2809 1048 2915 1102 lide
2944 1048 3144 1102 Christi
3175 1066 3189 1102 :
3224 1048 3399 1100 tunica
3448 1049 3689 1099 succina‘it

2134 1155 2207 1201 se,
2261 1139 2419 1191 iidem
2474 1138 2769 1205 Ecclesiae;
2803 1141 2943 1192 misit
2998 1156 3053 1193 se
3106 1140 3160 1192 in
3218 1152 3390 1200 mare,
3427 1136 3477 1190 id
3509 1147 3609 1199 est,
3640 1138 3691 1189 in

2138 1229 2541 1294 llucluationes,
2560 1243 2609 1285 et
2631 1232 3023 1286 amaritudines
3050 1230 3231 1285 mundi
3255 1245 3350 1298 per
3366 1228 3687 1282 dilectionem

2137 1323 2336 1377 Christi
2367 1339 2382 1389 ;
2416 1322 2511 1375 alii
2568 1322 2816 1387 discipuli
2874 1323 3081 1391 narigio
3110 1330 3378 1379 venerunt.
3414 1320 3467 1372 id
3516 1328 3616 1380 est,
3643 1319 3692 1371 iu

2140 1414 2405 1479 Ecclesia,
2465 1413 2871 1468 ﬂuctuationem
2901 1412 3089 1467 mundi
3118 1412 3433 1475 calcantes;
3466 1411 3696 1464 viderunt

2140 1522 2360 1574 prunas,
2413 1513 2462 1558 et
2510 1505 2723 1572 piscem,
2765 1515 2814 1559 et
2849 1519 3035 1572 panem
3067 1504 3313 1570 positum,
3354 1517 3451 1570 per
3501 1502 3693 1568 piscem

2141 1598 2377 1651 ostendit
2406 1597 2589 1661 tidem,
2624 1611 2718 1663 per
2755 1611 2958 1664 prunas
2992 1595 3227 1649 calorem
3277 1592 3587 1656 charitatis,
3616 1607 3698 1658 per

2145 1700 2334 1755 panem
2369 1686 2596 1740 verbum
2633 1685 2918 1751 divinum;
2949 1683 3207 1737 trahentes
3252 1692 3361 1735 rete
3393 1682 3446 1733 in
3494 1691 3697 1738 terram,

540 1769 752 1834 Mulier,
817 1788 930 1825 ecce
974 1774 1116 1841 ﬁlius
1175 1785 1295 1827 tuus
1337 1789 1353 1826 :
1389 1773 1670 1841 discipule,
1702 1788 1815 1825 ecce
1869 1781 2039 1824 mater
2073 1750 2117 1812 Β
2146 1750 2245 1845 per
2292 1778 2473 1832 littora
2502 1778 2737 1831 ostendit
2791 1750 2951 1830 ﬁnem
2990 1776 3216 1828 mundi:
3268 1772 3481 1842 plenum
3511 1771 3697 1839 magnis

470 1872 605 1914 tua:
636 1862 720 1914 hic
755 1862 1020 1931 virginem
1065 1865 1491 1926 commendavit,
1530 1872 1586 1917 ut
1658 1864 2036 1931 incorruptam

476 1963 717 2007 servaret
749 1971 766 2008 :
798 1971 899 2008 non
962 1956 1225 2026 [regerunt
1265 1972 1423 2009 crura
1453 1954 1603 2019 Iesu,
1638 1956 1688 2009 id
1740 1966 1843 2018 est,
1895 1957 2039 2025 quod

478 2047 761 2115 ﬁguratum
800 2057 924 2101 ante
957 2047 1147 2112 luerat,
1177 2062 1273 2118 per
1293 2062 1488 2118 agnum
1529 2048 1581 2101 in
1614 2046 1847 2119 Egypto
1886 2064 1899 2105 ι
1938 2063 2040 2101 non

476 2134 730 2197 crudum,
765 2151 862 2188 nec
888 2146 1099 2189 ecetnm
1133 2152 1295 2202 aqua,
1318 2135 1412 2190 sed
1440 2152 1619 2191 assum
1666 2148 1874 2189 tantum
1934 2136 2041 2205 igni

474 2224 672 2295 (Exod.
707 2243 801 2290 xu,
830 2226 910 2296 9),
940 2229 1177 2282 ostendit
1210 2228 1516 2296 passionem
1581 2227 1787 2282 Christi
1825 2245 1840 2281 ;
1874 2228 2041 2281 bacu-

475 2321 585 2373 ltttu
622 2322 670 2374 itt
715 2336 895 2383 manu,
924 2322 1164 2374 ostendit
1189 2337 1402 2374 crucem
1461 2320 1686 2382 Christi.
1718 2324 1782 2374 de
1845 2324 2047 2374 mund)

478 2412 544 2462 ad
604 2409 813 2463 Patrem
858 2409 1028 2463 :Non
1090 2411 1453 2464 comminuetis
1514 2425 1579 2463 ea:
1636 2426 1718 2472 eo,
1753 2411 2044 2475 ostendit,

484 2510 543 2555 ut
579 2516 681 2553 non
732 2504 883 2555 lieri-t
914 2501 1139 2554 infracta
1179 2518 1306 2554 (ιι-ης
1369 2500 1567 2556 Clir;sti
1602 2518 1615 2552 :
1654 2499 1859 2552 Laurea
1906 2501 2046 2553 latus

479 2592 591 2657 e,'us
616 2601 936 2659 punxerunt,
970 2602 1024 2644 ut
1051 2593 1355 2661 impleretur
1384 2592 1663 2659 Scriptura
1691 2606 1708 2643 .'
1737 2590 1974 2644 viderunt
1996 2591 2049 2643 in

482 2700 632 2751 quem
656 2695 1008 2752 pupugerunt.
1043 2682 1213 2737 Exivi!
1246 2686 1460 2753 sanguis
1490 2694 1536 2736 et
1566 2700 1703 2751 aqua
1736 2698 1753 2736 :
1804 2686 1945 2736 sicut
1986 2696 2053 2734 cx

486 2776 653 2828 latere
691 2776 819 2828 Adu:
863 2788 1075 2843 suinpta
1127 2789 1208 2830 est
1258 2777 1387 2841 Eva,
1419 2782 1489 2828 ita
1549 2794 1611 2830 ex
1661 2777 1827 2830 latere
1851 2774 2051 2832 Christi

487 2868 653 2920 exivit
681 2867 843 2919 reden
865 2869 976 2938 ptio
997 2868 1035 2921 E
1072 2868 1246 2921 clesiae
1271 2884 1285 2923 ;
1310 2883 1402 2937 per
1423 2869 1738 2939 sanguinem
1771 2867 2051 2921 remissio:

488 2975 583 3027 per
609 2974 800 3027 aquam
838 2961 1178 3027 baptismtun.

2139 1867 2390 1936 piscibus,
2442 1870 2493 1921 id
2547 1878 2651 1932 eSI,
2688 1866 2963 1935 plenitudo
2992 1875 3045 1918 et
3080 1866 3393 1934 magnitudo
3437 1862 3697 1921 Ecclesiae.

2144 1973 2241 2027 per
2292 1958 2667 2011 remissionem
2726 1967 3114 2024 peccatorum:
3176 1968 3272 2022 per
3304 1963 3434 2015 tres,
3481 1953 3702 2006 ostendit

2145 2047 2473 2101 Trinitatem
2500 2061 2517 2101 :
2550 2045 2831 2098 indivisum
2876 2054 2980 2097 rete
3010 2052 3059 2096 et
3108 2058 3209 2096 non
3244 2042 3487 2103 scissum,
3520 2040 3569 2093 id
3610 2050 3705 2102 est,

2147 2138 2447 2193 Ecclesium
2475 2139 2528 2192 in
2561 2138 2743 2191 futuro
2769 2138 3141 2205 incorruptam
3163 2152 3179 2201 ;
3203 2134 3544 2187 manducavit
3561 2128 3704 2184 Iesus

2146 2242 2261 2302 post
2290 2233 2744 2301 resurrectionem,
2776 2232 3015 2284 ostendit
3046 2244 3230 2282 veram
3276 2226 3704 2282 incarnationem

2148 2324 2415 2391 corporis,
2450 2332 2506 2373 ttt
2527 2324 2810 2377 credentes
2839 2319 3145 2373 crederent.
3314 2328 3317 2331 '

2231 2416 2373 2469 Dixit
2398 2413 2787 2487 Iesus,‘8imon
2842 2410 3088 2474 Joannis,
3126 2427 3276 2463 amas
3304 2425 3381 2462 nte
3410 2408 3440 2461 .’
3466 2406 3707 2467 ostendit,

2154 2513 2295 2565 sicut
2321 2523 2401 2562 ter
2431 2509 2665 2577 negavit,
2701 2515 2760 2561 ut
2812 2516 2890 2561 ter
2929 2504 3281 2559 conﬁteretur
3325 2502 3485 2554 ﬁdem
3544 2497 3709 2551 'l'rinio

2157 2604 2280 2656 tatis
2317 2619 2332 2655 :
2364 2618 2519 2669 pasce
2547 2616 2661 2653 oves
2695 2614 2857 2662 meas,
2886 2597 2935 2651 id
2963 2607 3065 2661 est,
3098 2596 3151 2648 io
3205 2593 3444 2648 Ecclesia
3475 2610 3489 2646 :
3519 2592 3709 2659 ingres-

2156 2711 2242 2747 sus
2280 2692 2630 2761 Iesusjanuis
2658 2686 3259 2756 clausis,ostenditquia
3278 2685 3480 2740 clausis
3520 2684 3714 2751 ingres—

2157 2803 2249 2842 sus
2264 2797 2346 2840 e~t
2364 2784 2541 2854 januis
2565 2794 2774 2836 uterum
2802 2783 2905 2853 (sic
2924 2791 2977 2835 et
2994 2794 3181 2833 omnes
3198 2776 3374 2831 sancti
3406 2785 3530 2844 post
3550 2788 3715 2827 resur-

2161 2879 2459 2933 rectionem
2524 2874 2755 2928 induuut
2811 2872 3058 2942 spiritale
3111 2885 3329 2939 corpus,
3364 2868 3567 2935 ubique
3611 2864 3716 2918 sine

2160 2980 2304 3023 metu
2347 2968 2551 3035 ingredi
2574 2964 2842 3033 possunt),
2872 2964 3013 3018 unde
3039 2962 3266 3039 integer,
3297 2972 3351 3012 et
3382 2959 3715 3024 incorruptus

555 3051 705 3120 (ευρ.
750 3048 889 3121 XX.)
948 3051 1060 3103 Duo
1096 3051 1342 3119 discipuli
1401 3061 1695 3114 currentes.
1754 3048 1943 3103 Petrus
2002 3058 2051 3102 et
2083 3081 2130 3147 ρ
2164 3060 2542 3113 unatrimonio:
2580 3064 2688 3108 tres
2718 3053 3010 3107 iustificam
3046 3053 3184 3104 hanc
3211 3047 3564 3104 sententiam.

484 3141 737 3204 Ioannes,
773 3145 1004 3196 ostendit
1052 3146 1187 3196 duos
1234 3143 1461 3212 populos
1508 3152 1809 3203 currentes,
1840 3140 2054 3195 Iudaeos

492 3250 585 3302 per
621 3236 751 3303 legis
785 3234 1045 3299 litteram,
1092 3249 1280 3304 gentes
1316 3253 1409 3303 per
1437 3236 1607 3303 legem
1639 3250 1864 3288 naturae.
1896 3234 2058 3288 Ioan-

493 3342 580 3378 nes
628 3328 972 3392 procucurrit
1025 3329 1204 3391 citius,
1243 3328 1369 3380 vidit
1414 3329 1733 3379 linteamina-
1768 3329 1959 3394 posita,
2010 3337 2058 3380 et

492 3434 591 3469 non
624 3419 854 3470 introivit
886 3435 904 3471 .·
931 3417 1096 3471 Judaei
1129 3436 1220 3488 per
1253 3419 1445 3489 Legem
1480 3431 1531 3472 ct
1563 3418 1857 3487 Prophetas
1907 3419 2058 3473 vide-

495 3523 615 3563 rant
647 3511 924 3564 Christum
976 3520 1282 3576 venturum,
1318 3522 1372 3565 et
1404 3514 1694 3565 adventum
1746 3511 1917 3579 ipsius
1953 3528 2058 3564 non

495 3614 830 3671 receperunt.
862 3604 1003 3658 Venit
1039 3603 1223 3657 Petrus
1258 3621 1476 3675 sequens
1512 3621 1627 3659 eum
1655 3621 1672 3658 :
1706 3606 1831 3657 cidit
1863 3605 2057 3656 lintea-

499 3698 663 3759 mina,
694 3705 741 3748 et
805 3699 1062 3760 introivit,
1098 3698 1337 3751 ostendit
1372 3710 1582 3765 gentes,
1617 3713 1740 3767 qua:
1780 3699 1832 3749 in
1864 3699 2064 3749 adven-

501 3797 614 3840 tum
650 3789 874 3849 ChriSti,
910 3790 1023 3843 sive
1054 3789 1358 3843 doctrinam
1401 3790 1545 3845 illius
1578 3806 1593 3845 :
1628 3806 1720 3857 per
1754 3789 2063 3842 lmteamiua

495 3881 798 3936 incarnatio
819 3881 860 3937 C
885 3883 1018 3936 ιτίδιὶ
1040 3885 1353 3954 intelligitur
1384 3902 1397 3950 ;
1428 3899 1524 3952 per
1544 3884 1822 3937 sudarium
1868 3894 2067 3950 myste-

502 3974 635 4025 rium
688 3974 994 4029 divinitatis
1042 3974 1409 4044 intelligitur;
1451 3972 1730 4029 sudarimu
1783 3989 1889 4027 non
1942 3988 2066 4027 cum

498 4065 1027 4129 linteatnii.ibus,sed
1064 4070 1351 4134 separatim
1381 4068 1430 4119 in
1458 4083 1625 4120 unum
1657 4067 1831 4120 locum
1864 4066 2102 4143 involu-.

498 4165 635 4217 tum,
664 4158 920 4221 ostendit,
954 4157 1080 4225 quia
1131 4158 1384 4212 divinitas
1447 4158 1604 4227 longe
1648 4169 1733 4213 est
1793 4166 1997 4212 remota
2033 4173 2063 4211 a

505 4248 753 4301 sensibus
790 4248 1061 4312 humanis,
1096 4248 1148 4302 iu
1191 4265 1354 4302 unum
1411 4249 1613 4315 locum,
1650 4250 1740 4318 qui
1778 4258 1903 4303 sunt
1946 4250 2067 4303 uui-

503 4339 775 4403 versalis;
814 4351 943 4393 tunc
1002 4341 1251 4394 introivit
1302 4351 1356 4394 et
1405 4341 1543 4395 alius
1600 4342 1919 4409 discipulus,
1978 4342 2068 4409 qui

2234 3150 2553 3218 Discipulus.
2598 3162 2749 3216 quem
2781 3146 2993 3198 amabat
3037 3142 3194 3198 Iesus
3231 3158 3249 3196 .'
3285 3140 3525 3195 secunda
3564 3137 3720 3190 virtus

2160 3256 2265 3309 est,
2319 3246 2462 3314 quod
2498 3242 2626 3295 fecit
2670 3238 2829 3293 Iesus
2886 3242 2939 3292 in
2973 3237 3120 3292 Caua
3170 3234 3412 3295 Galilea,
3448 3233 3631 3285 vinum
3663 3228 3720 3279 de

2162 3352 2303 3405 aqua
2353 3335 2626 3403 expressit
2670 3332 2846 3401 (Ioan.
2881 3346 2937 3392 ιι,
2972 3329 3026 3397 7)
3060 3346 3073 3382 :
3113 3343 3240 3394 Opus
3275 3335 3527 3394 paratum
3570 3321 3720 3386 virgi-

2162 3430 2384 3480 nitatem
2412 3423 2636 3478 Joannis
2662 3422 2925 3486 ostendit,
2954 3422 3078 3487 quia
3107 3417 3183 3471 illi
3219 3431 3417 3493 sponsa
3442 3413 3720 3479 conjuncta

2161 3529 2279 3581 est;
2320 3516 2716 3577 testimonium,
2753 3529 2862 3582 quo
2893 3510 3297 3565 commendavit
3324 3505 3487 3562 Iesus
3515 3516 3723 3558 tualrent

2164 3621 2316 3663 suam
2371 3607 2591 3660 Joauni.
2637 3605 2805 3659 Maria
2862 3603 3158 3659 Ecclesiain
3237 3602 3452 3669 ﬁgurat,
3505 3596 3726 3653 JOJDIRS

2166 3700 2550 3769 principatum,
2578 3698 2719 3752 sicut
2752 3698 2853 3750 luit
2898 3696 3137 3749 Joannes
3169 3694 3323 3760 Virgo
3369 3688 3726 3746 matrimonio,

2167 3792 2244 3845 sic
2264 3790 2363 3843 fuit
2385 3792 2727 3856 incorruptus
2745 3796 2798 3841 et
2821 3796 3012 3849 morte;
3031 3783 3267 3837 Joannes
3284 3781 3645 3849 genealogiam
3671 3777 3728 3824 de

2169 3881 2453 3935 di\initate
2483 3889 2691 3942 narrat,
2730 3892 2850 3930 nam
2888 3876 2975 3929 alii
3010 3876 3077 3928 de
3115 3874 3333 3926 homine
3373 3879 3601 3922 narrant
3628 3884 3641 3917 :
3672 3871 3733 3916 de

2170 3972 2449 4033 divinitate
2472 3969 2731 4034 Joannes,
2760 3969 2913 4033 dicit,
2947 3965 3012 4019 In
3045 3964 3306 4034 principio
3337 3968 3452 4014 erat
3499 3958 3729 4012 Verbum.

2170 4063 2275 4118 Iste
2302 4064 2519 4132 jacebat
2552 4076 2714 4128 super
2739 4071 2934 4129 pectus
2969 4056 3121 4117 Iesu,
3155 4063 3209 4107 et
3235 4052 3463 4107 scicntia
3493 4049 3732 4102 divinita-

2174 4161 2263 4221 tis,
2302 4171 2421 4226 qua‘
2452 4153 2630 4208 luerat
2669 4154 2725 4206 in
2783 4159 3000 4219 pectore
3052 4145 3205 4209 Iesu,
3241 4142 3487 4198 ascendit
3549 4134 3731 4195 Joanui

2175 4251 2243 4303 de
2300 4246 2688 4317 conjunctione
2744 4244 2976 4296 duorum
3029 4246 3334 4307 pectorum.
3378 4232 3550 4286 Insita
3586 4234 3735 4284 arbor

2176 4341 2231 4394 in
2289 4340 2477 4402 altera,
2532 4337 2660 4391 facit
2692 4334 2931 4388 fructum
2983 4330 3198 4383 arboris
3243 4327 3495 4390 alterius,
3541 4325 3594 4377 in
3639 4337 3733 4390 qua

504 4432 653 4499 prius
682 4446 899 4485 venerat
929 4433 994 4484 ad
1029 4434 1708 4496 monumentum,ostendit
1731 4433 1945 4487 Iudaeos
1975 4449 2071 4485 re~
2110 4421 2149 4472 ί)
2179 4433 2478 4501 plantatur.
2515 4427 2571 4481 Si
2601 4428 2897 4481 secundum
2931 4421 3179 4474 ordinem
3226 4418 3449 4472 canonis
3480 4415 3584 4469 iste
3614 4414 3736 4465 liber

506 4536 695 4574 versos
754 4522 819 4575 ad
865 4521 1021 4575 ﬁdem
1058 4524 1108 4574 in
1144 4524 1303 4579 linem
1334 4523 1555 4585 mutuli;
1586 4522 1763 4591 angeli
1822 4523 2072 4577 sedentes

502 4615 572 4666 ad
608 4622 789 4681 caput,
816 4622 869 4668 et
902 4616 965 4664 ad
1002 4612 1185 4681 pedes,
1216 4614 1452 4667 ostendit
1483 4613 1715 4678 initium,
1747 4622 1800 4665 et
1833 4612 2015 4666 linem.

576 4702 726 4755 Dixit
786 4701 985 4769 Maria,
1024 4706 1193 4757 nescio
1227 4704 1314 4757 ubi
1348 4713 1632 4772 posuerunt
1665 4718 1804 4767 eum,
1836 4702 2075 4755 ostendit

505 4797 802 4852 secundum
862 4814 1117 4864 carnem;
1154 4800 1411 4869 diligebat
1448 4800 1729 4863 mundum,
1762 4808 1815 4850 et
1874 4812 1968 4866 per
2017 4798 2077 4848 li—

502 4891 627 4944 dem
663 4893 958 4945 credebat:
993 4895 1134 4959 quod
1168 4893 1303 4945 dixit
1336 4892 1527 4957 Maria,
1581 4893 1818 4945 Oslt'ntlit
1867 4889 2077 4958 cogita-

510 4986 711 5037 tionem
747 4983 915 5049 vocis,
954 4983 1080 5053 quia
1107 4999 1140 5053 p
1163 5000 1203 5036 -r
1234 4986 1576 5039 dilectionem
1604 4983 1836 5052 proximi
1876 4994 2078 5047 ceguo-

509 5075 615 5128 scit
652 5068 811 5130 homo
859 5074 1067 5140 Deum;
1104 5076 1237 5129 d'xit
1278 5074 1454 5142 Iesus,
1492 5078 1599 5129 noli
1637 5092 1715 5128 me
1752 5084 1984 5142 tangere,
2023 5069 2077 5124 id

504 5179 607 5234 est,
632 5167 683 5223 iu
714 5169 876 5225 corde
903 5176 1033 5235 tuo;
1062 5170 1155 5223 tibi
1183 5186 1287 5225 non
1315 5170 1550 5233 escendi,
1584 5184 1681 5239 per
1711 5169 2074 5222 divinitatem.

2184 4522 2437 4578 Matuta-0
2470 4519 2879 4590 prtemittendus
2906 4522 3050 4568 esset
3082 4531 3095 4566 :
3126 4520 3181 4566 et
3226 4511 3368 4579 quod
3403 4510 3454 4563 in
3511 4506 3738 4561 novissi-

2184 4632 2325 4670 mam
2357 4616 2563 4683 positus
2597 4621 2835 4681 partem,
2869 4616 2952 4661 est
2980 4607 3110 4675 quia
3153 4612 3297 4657 terra
3351 4604 3584 4667 primum
3614 4613 3736 4651 Salt-

2180 4708 2416 4763 Ctilieata
2437 4715 2538 4767 est,
2569 4704 2761 4758 deinde
2780 4715 2942 4769 aqua,
2966 4708 3019 4751 et
3050 4704 3234 4765 postea
3267 4693 3559 4747 novissime
3585 4689 3734 4756 ignis,

2148 4808 2154 4813 '
2184 4801 2307 4868 quia
2357 4796 2556 4851 clarior
2609 4805 2712 4858 est,
2751 4791 3005 4845 subtilior
3037 4805 3053 4844 :
3090 4790 3218 4841 item
3258 4786 3311 4838 in
3340 4782 3739 4838 similitudinem

2180 4892 2405 4943 duarum
2439 4889 2638 4952 legum,
2674 4886 2723 4937 id
2756 4892 2865 4945 est,
2918 4893 3073 4935 vetus
3105 4890 3158 4932 et
3195 4894 3329 4932 nova
3364 4892 3378 4929 :
3417 4884 3571 4927 vetus
3602 4872 3740 4939 prius

2183 4981 2380 5032 tradita
2413 4989 2551 5041 erat,
2578 4992 2713 5030 nova
2742 4985 2918 5029 tamen
2950 4972 3145 5027 clarior
3177 4981 3281 5033 est,
3315 4975 3368 5021 et
3402 4966 3593 5033 major,
3624 4978 3738 5028 mna

2182 5074 2249 5124 de
2282 5070 2603 5124 chcStibns
2656 5067 2943 5132 discernit,
2977 5075 3031 5120 et
3072 5062 3434 5119 abundantior
3487 5074 3570 5119 ea.
3605 5053 3738 5123 quod

2185 5165 2251 5219 ad
2282 5161 2633 5231 Evangelium
2657 5159 2882 5214 Joannis
2914 5157 3149 5227 pertinet
3175 5171 3238 5209 ex
3266 5167 3429 5222 supra
3460 5152 3639 5205 dictis.
