3934 6200
1287 310 1701 374 EXI‘OSITIO
1739 310 1823 372 IN
1867 311 1926 374 S.
1970 310 2320 372 MARCUM.

3320 324 3426 385 (ιο

2917 477 3400 496 ___________

173 629 1124 722 COMMENTARIUS
1170 634 1298 722 IN
1346 633 2136 737 EVANGELIUM
2181 632 2830 725 SECUNDUM
2879 637 3422 731 MARCUM.

1522 955 2094 1037 PBEFATIO.

227 1235 410 1293 Ouinis
445 1237 618 1290 scriba
664 1236 848 1290 dortus
897 1238 952 1290 in
1017 1254 1174 1308 regno
1219 1240 1496 1306 caelorum,
1539 1242 1731 1296 similis
1765 1249 1806 1306 Α
1837 1244 1928 1312 qui
1955 1237 2114 1300 dicit.
2159 1251 2217 1295 ut
2248 1242 2411 1296 homo
2438 1257 2452 1306 ;
2483 1241 2576 1311 qui
2609 1241 2878 1311 immolat,
2920 1252 2980 1298 ιιι
3007 1248 3294 1315 sacerdos;
3330 1251 3424 1319 qui

166 1339 232 1384 est
257 1331 463 1382 homini
508 1329 920 1398 patrifamilias,
972 1331 1062 1398 qui
1123 1332 1322 1401 profert
1378 1332 1442 1384 de
1493 1334 1745 1388 thesauro

166 1438 249 1474 suo
308 1437 447 1474 nota
501 1430 553 1475 et
609 1429 780 1473 uetera
833 1417 1054 1488 (Matth.
1111 1435 1234 1487 xm,
1295 1422 1404 1491 52).
1453 1422 1562 1493 Ego
1612 1438 1742 1479 vero

165 1513 354 1568 similis
408 1512 750 1582 pauperculae
810 1512 1003 1575 viduae,
1053 1511 1162 1567 duo
1252 1515 1456 1570 minuta
1540 1517 1593 1570 itt
1649 1532 1744 1585 ga-

166 1603 531 1675 zophylacium
599 1605 870 1669 mittenti,
962 1603 1309 1660 discentibus
1401 1607 1538 1661 meis
1611 1622 1742 1676 pau-

163 1696 413 1765 perculis,
463 1711 527 1750 ac
575 1697 640 1750 dc
672 1709 916 1765 paupere
954 1712 1192 1765 paupera
1243 1699 1592 1766 sperantibus
1613 1700 1739 1771 [ali-

166 1799 382 1845 menta:
427 1790 527 1844 has
578 1789 644 1843 de
676 1803 864 1842 mensa
906 1788 1133 1842 divitum
1175 1791 1333 1844 mitto
1380 1791 1572 1856 micas,
1606 1805 1740 1860 quas

166 1881 320 1934 catuli
397 1882 503 1934 mei
561 1880 720 1935 avide
787 1894 914 1934 cum
978 1879 1400 1950 Serphmnissa
1467 1881 1736 1951 ﬂagitant.

164 1972 330 2027 Porro
361 1975 602 2035 anxiata,
643 1988 834 2026 aurum
869 1982 924 2027 et
955 1981 1263 2042 argenturm,
1299 1974 1504 2044 lapides
1535 1974 1740 2044 pretio-

162 2079 240 2118 sos
293 2065 514 2118 minime
559 2065 770 2118 habens
811 2080 825 2116 :
872 2065 1040 2132 pelles
1092 2066 1299 2119 scilicet
1353 2065 1740 2135 hyacinthinas

164 2161 223 2211 de
290 2157 625 2218 rmlestihus,
686 2171 790 2210 non
844 2155 912 2210 de
967 2156 1320 2211 terrestribus
1376 2155 1646 2213 otIeram:
1690 2159 1736 2212 si

169 2259 387 2317 potuero
439 2251 504 2302 de
556 2247 788 2311 naturis,
827 2247 880 2301 id
931 2258 1032 2312 est,
1089 2249 1154 2302 de
1195 2247 1358 2302 Marci
1393 2249 1738 2316 evangelista!

171 2343 409 2406 historia,
463 2340 550 2392 vel
597 2345 830 2410 mystico
884 2340 1182 2406 intellectu,
1228 2349 1286 2392 ut
1336 2339 1574 2409 majores
1630 2340 1735 2394 mei

171 2432 538 2497 tradiderunt,
598 2429 710 2484 Deo
777 2431 1108 2500 adjuvante,
1187 2431 1446 2486 intimare
1511 2433 1734 2487 curabo.

169 2523 326 2588 Quem
390 2523 512 2577 ideo
563 2522 953 2589 evangelistam
1011 2532 1309 2576 tractantes
1350 2524 1636 2584 intactum,
1681 2529 1739 2574 ut

170 2627 306 2682 puto,
334 2623 704 2682 praetereunt;
730 2616 859 2682 quia
885 2616 1074 2667 eadem
1109 2628 1267 2682 pene,
1300 2629 1420 2683 qua:
1453 2614 1734 2670 Matthzcus
1768 2609 1808 2665 Β

171 2714 344 2758 narrat
381 2721 397 2760 ;
431 2706 558 2758 !icet
602 2705 654 2757 in
702 2706 936 2773 pr0prsis
977 2705 1301 2772 quibusdam
1334 2706 1444 2759 sint
1487 2707 1730 2761 distincti

173 2796 517 2862 testimoniis;
563 2805 619 2847 nt
675 2795 756 2848 ala
792 2794 1038 2859 alterius,
1091 2795 1231 2847 al.m
1268 2794 1496 2850 alterius
1549 2796 1761 2860 tangat'

170 2887 446 2953 animalis;
481 2903 535 2942 et
572 2895 687 2939 rota
717 2895 888 2938 rotam
922 2889 1108 2938 eadem
1142 2895 1401 2952 sequatur
1427 2886 1542 2951 via;
1594 2897 1646 2939 et
1677 2895 1736 2940 ut

173 2979 332 3032 versis
383 2979 620 3032 invicem
676 2977 936 3039 vultibus,
983 2991 1104 3029 sese
1135 2987 1332 3031 sancta
1368 2987 1738 3033 contueantur

169 3070 439 3126 animalia.
475 3070 533 3124 lu
577 3070 758 3140 primo
776 3083 990 3124 canone
1017 3067 1252 3134 Marcus,
1291 3083 1414 3123 cum
1454 3069 1734 3136 Matthazo,

170 3159 416 3231 Lucaque
463 3163 759 3217 comitatur
803 3169 852 3214 et
900 3157 1130 3214 Joanne.
1173 3159 1228 3214 In
1281 3163 1545 3228 secundo,
1610 3177 1735 3217 cum

172 3250 414 3307 Matthreo
455 3263 507 3306 et
563 3251 732 3306 Luca.
785 3252 843 3306 ln
906 3260 1123 3322 quarto,
1193 3266 1315 3306 cum
1373 3251 1631 3307 Matthxo
1685 3263 1738 3310 et

167 3343 384 3400 Joanne.
421 3347 476 3398 In
507 3355 667 3400 sexto
703 3361 911 3399 canone
940 3345 1087 3398 velut
1117 3344 1171 3398 in
1205 3355 1359 3400 vecte
1389 3345 1496 3401 duo
1525 3347 1733 3410 annuli,

171 3431 448 3492 Maithmns
478 3451 693 3506 semper
740 3437 1113 3505 conjungitur,
1145 3444 1199 3490 et
1233 3437 1448 3492 Marcus
1484 3455 1498 3492 ;
1536 3440 1588 3492 id
1629 3449 1734 3503 est,

169 3530 219 3582 in
257 3531 614 3599 quadraginta
657 3536 713 3582 et
751 3537 956 3596 septem
989 3529 1265 3596 capitulis.
1316 3528 1372 3581 In
1408 3539 1603 3582 octavo
1648 3545 1740 3583 ca-

169 3638 300 3677 none
359 3637 482 3676 cum
538 3620 681 3676 Luca
745 3619 1058 3684 comitatur,
1117 3620 1168 3674 id
1213 3628 1318 3685 est,
1375 3622 1429 3675 in
1475 3625 1734 3678 tredecim

167 3714 429 3780 capitulis.
463 3710 520 3766 In
557 3711 790 3779 propriis
823 3724 967 3775 vero,
997 3725 1119 3778 que
1169 3711 1402 3765 maxime
1459 3721 1738 3780 utcunque

171 3809 458 3872 explanare
493 3805 742 3870 dispono,
777 3802 960 3855 decem
991 3811 1043 3855 et
1063 3809 1188 3854 octo
1221 3801 1422 3855 incedit
1450 3805 1736 3872 speciatim

167 3899 461 3966 capitulis:
517 3911 637 3964 qua:
691 3893 855 3946 simul
904 3893 1086 3946 omnia
1131 3893 1363 3946 ducenta
1413 3904 1467 3948 et
1515 3895 1734 3964 triginta

166 3992 403 4058 quinque
456 3996 582 4043 sunt
630 3987 887 4051 capitula.
948 3982 1164 4038 Marcus
1219 3983 1568 4054 Evangelista
1622 3987 1734 4052 Dei,

169 4083 303 4138 Petri
339 4082 662 4152 discipulus,
704 4081 975 4134 Leviticus
1007 4070 1245 4148 genere,'
1273 4089 1330 4132 et
1360 4080 1640 4144 sacerdos,
1685 4081 1737 4132 in

171 4179 316 4232 l'alia
347 4183 450 4232 hoc
481 4176 700 4245 seripsit
748 4173 1122 4242 Evangelium.
1182 4173 1282 4238 Cui
1313 4172 1528 4226 initium
1563 4173 1739 4226 Evan-

167 4271 285 4340 gelii
349 4271 434 4324 sui
507 4270 572 4321 de
630 4266 848 4320 vocibus
910 4267 1303 4334 prophetarum
1363 4279 1737 4332 prresntnens;

166 4363 561 4418 Prsecursorem
611 4357 819 4414 Christi
866 4355 1159 4424 Joannem,
1212 4355 1512 4421 Malachim,
1549 4357 1599 4411 id
1629 4365 1736 4420 est,

165 4457 334 4525 angeli
401 4452 714 4508 trstimonio
749 4448 1134 4518 comprobans,
1193 4446 1425 4503 Verbum
1484 4462 1614 4502 caro
1663 4448 1739 4500 fa-

167 4559 328 4610 ctum,
359 4561 492 4600 voce
524 4543 673 4598 Isaia:
705 4542 1020 4610 designans,
1052 4541 1373 4610 principium
1412 4539 1741 4605 evangelicae

165 4636 575 4705 prmdir-ationis
639 4634 912 4697 instituit;
962 4639 1014 4686 et
1058 4631 1341 4685 invcnitin
1369 4632 1536 4686 verbo
1567 4630 1737 4692 vocis,

164 4733 304 4797 quod
344 4732 408 4783 in.
432 4727 891 4790 consonantibus,
923 4725 975 4779 id
1020 4733 1126 4787 est,
1171 4724 1223 4777 in
1272 4723 1608 4794 genealogiis
1647 4722 1738 4776 Dei

161 4833 213 4876 et
273 4821 514 4874 hominis
577 4818 912 4888 perdiderat.
987 4815 1144 4871 Unde
1206 4825 1350 4868 totus
1382 4817 1434 4869 in
1481 4815 1672 4882 primis
1709 4831 1739 4867 a

160 4917 500 4985 perfectione
545 4913 748 4966 Christi
792 4911 968 4964 anatis
1002 4910 1296 4978 praedicare
1325 4909 1578 4974 inchoat;
1642 4922 1740 4962 nec

160 5010 376 5063 laborat
435 5006 829 5061 innativitate
889 5003 1176 5065 infantuli,
1237 5003 1326 5072 qui
1384 5002 1620 5069 loquitur
1671 5002 1738 5054 de

159 5102 503 5170 perfectione
528 5099 620 5150 lilii
657 5097 769 5150 Dei.
795 5095 897 5148 Sed
928 5105 980 5148 et
999 5095 1264 5161 jejunium
1291 5096 1500 5148 numeri
1526 5095 1737 5161 legalis,

158 5193 439 5262 repulsam
469 5189 698 5252 diaboli,
715 5186 1076 5241 ministerium
1096 5185 1410 5254 angelorum
1433 5183 1736 5252 proh-rens,

1845 1335 2060 1404 irrigat,
2123 1342 2180 1387 ut
2221 1332 2484 1398 ’ﬂumen;
2547 1336 2640 1403 qui
2705 1333 2970 1400 florescit,
3010 1349 3067 1391 ut
3114 1354 3274 1406 ager;
3333 1343 3424 1411 qui

1845 1427 2038 1489 fervet,
2072 1435 2131 1480 ut.
2161 1426 2341 1478 vinum
2382 1424 2676 1480 :Chrisms
2698 1429 2898 1499 etenim
2935 1429 3002 1482 de
3023 1445 3132 1498 quo
3153 1433 3416 1499 loquitur,

1845 1520 2006 1572 homo
2045 1516 2340 1579 nascendo,
2396 1517 2598 1571 vitulus
2650 1519 2954 1584 Incriendo,
3010 1521 3092 1574 leo
3128 1526 3420 1590 surgendo,

1844 1609 2021 1678 aquila
2047 1619 2128 1664 est
2155 1607 2530 1662 ascendendo.
2567 1608 2814 1672 Quatuor
2843 1618 2970 1662 Sunt
3000 1611 3318 1680 qualitates,
3360 1615 3426 1669 de

1841 1699 2044 1768 quibus
2099 1711 2287 1754 sancta
2339 1700 2629 1768 Evangelia
2661 1709 3033 1755 contexuntur
3085 1712 3424 1772 :praaeepta,

1843 1793 2122 1857 mandata,
2157 1792 2494 1854 testimonia,
2525 1791 2794 1860 exempla.
2829 1789 2887 1845 In
2927 1794 3213 1862 praeceptis
3254 1794 3423 1863 justi-

1844 1885 1915 1938 tia
1943 1902 1957 1950 ;
2003 1885 2056 1938 in
2089 1884 2358 1938 mandatis
2393 1883 2638 1938 Charitas
2668 1900 2685 1950 ;
2720 1887 2770 1937 in
2811 1886 3142 1940 testimOniis
3175 1890 3339 1954 tides;
3372 1889 3425 1942 in

1841 1978 2108 2046 exemplis
2128 1976 2389 2046 perfectio
2409 1977 2682 2031 consistit.
2719 1975 2784 2029 Ut
2816 1987 2942 2030 sunt
2971 1977 3087 2031 haec
3116 1988 3379 2046 praecepta
3403 1991 3419 2033 :

1843 2067 1990 2122 Tunc
2037 2067 2194 2123 Jesus
2223 2069 2474 2137 pra‘cepit
2513 2067 2790 2133 discipulis
2822 2068 2932 2123 suis
2983 2067 3263 2122 duodecim
3296 2085 3314 2123 :
3355 2069 3422 2123 In

1840 2163 1979 2215 viam
1999 2162 2231 2232 gentium
2258 2177 2319 2214 ne
2343 2160 2606 2223 abieritis,
2645 2167 2699 2214 et
2736 2158 2942 2226 reliqua
2981 2158 3200 2226 (Matth.
3240 2176 3294 2225 ι,
3325 2161 3378 2228 5)
3405 2176 3423 2228 ;

1843 2252 1946 2307 hoc
1999 2263 2105 2318 est,
2150 2253 2424 2307 divertere
2457 2265 2485 2302 a
2519 2250 2681 2307 malo.
2746 2249 3000 2303 Mandata
3061 2259 3245 2304 autem
3307 2253 3423 2306 haec

1841 2353 1990 2406 sunt,
2023 2344 2226 2412 quibus
2258 2342 2463 2396 dicitur
2495 2357 2510 2399 ι
2561 2339 2874 2395 Mandatum
2910 2356 3102 2396 uncum
3147 2342 3215 2393 do
3257 2342 3419 2405 vobis,

1842 2448 1897 2491 ut
1929 2436 2162 2506 diligatis
2189 2436 2411 2488 invicem
2435 2431 2622 2502 (Joan.
2648 2447 2768 2497 snt,
2803 2432 2894 2502 Si)
2919 2449 2934 2498 ;
2964 2431 3067 2487 hoc
3101 2441 3206 2497 est,
3245 2432 3424 2488 facere

1843 2531 2070 2590 bonum,
2117 2538 2171 2581 et
2214 2526 2541 2594 charitatetn
2579 2524 2826 2593 implere.
2890 2523 3226 2594 TestimOuia
3271 2535 3422 2591 sunt,

1839 2637 1959 2692 quia
1992 2621 2044 2673 in
2091 2634 2186 2672 ore
2222 2618 2480 2677 duorum,
2528 2616 2609 2667 vel
2669 2616 2832 2667 trium
2871 2591 3099 2668 testiuni
3127 2623 3298 2667 stant.
3351 2615 3423 2669 Ut

1837 2723 1916 2768 est
1944 2712 2070 2767 illud
2106 2728 2119 2765 :
2155 2711 2386 2765 Joannes
2428 2711 2787 2762 testimonium
2823 2706 3056 2775 perhibet
3100 2708 3294 2773 de'rne,
3331 2708 3424 2761 sed

1837 2805 2000 2857 habeo
2025 2803 2381 2856 testimonium
2409 2800 2580 2868 majus
2608 2797 2840 2855 Joanne.
2872 2798 3034 2854 Pater
3063 2800 3194 2865 ipse,
3244 2799 3334 2868 qui
3365 2799 3420 2850 iu

1838 2914 1918 2951 me
1965 2904 2163 2954 manet,
2233 2893 2592 2946 testimonium
2652 2890 2883 2957 perhibet
2931 2890 2994 2942 de
3039 2905 3140 2943 nte.
3195 2889 3260 2946 Et
3307 2890 3422 2957 ipsa

1837 3005 2019 3056 opera,
2051 3001 2167 3055 qua:
2198 3001 2292 3054 ego
2318 2983 2483 3048 facio.
2518 2982 2879 3034 testimonium
2911 2980 3184 3044 perhibent
3216 2979 3278 3033 de
3301 2997 3376 3032 me
3402 2996 3421 3033 :

1837 3089 1885 3134 et
1920 3094 2012 3149 ego
2055 3089 2127 3130 tes
2156 3076 2412 3129 imouium
2453 3072 2697 3141 perhibeo
2730 3073 2938 3124 veritati
2991 3069 3177 3139 (Joan.
3211 3085 3262 3133 v,
3305 3070 3418 3136 36).

1837 3169 2093 3238 Exempla
2173 3181 2304 3221 vero
2374 3172 2525 3228 sunt,
2580 3162 2780 3233 quibus
2851 3158 3036 3215 Jesum
3109 3160 3417 3224 imitantur,

1839 3262 2154 3327 dicentem:
2201 3257 2402 3311 Discite
2431 3273 2462 3308 a
2495 3271 2593 3319 ine,
2619 3255 2745 3321 quia
2779 3255 2917 3304 ruitis
2942 3268 3078 3311 sum.
3121 3261 3178 3305 et
3213 3252 3418 3319 reliqua

1841 3349 2059 3423 (Matth.
2091 3365 2166 3414 XI,
2199 3349 2314 3417 Q9).
2353 3348 2417 3403 Et
2451 3364 2465 3402 :
2500 3345 2682 3398 Estute
2707 3344 2945 3413 perfecti,
2984 3346 3034 3397 id
3071 3351 3174 3406 est,
3210 3343 3420 3396 misert-

1839 3441 2058 3506 cordes,
2099 3440 2235 3493 sicut
2276 3452 2321 3492 et
2353 3437 2517 3492 Pater
2556 3446 2726 3490 vester
2769 3436 2991 3488 celestis
3026 3435 3422 3503 perfectusest

1841 3529 2061 3595 (Matth.
2089 3529 2273 3602 v,48).
2305 3528 2368 3581 Et
2396 3527 2520 3580 alibi
2551 3541 2564 3574 :
2604 3523 2915 3594 Exemplum
2938 3525 3074 3578 enim
3102 3524 3223 3578 dedi
3255 3525 3421 3590 vobis,

1841 3631 1897 3674 ut
1936 3632 1984 3675 et
2029 3605 2117 3675 vos
2144 3621 2216 3674 ita
2252 3620 2467 3690 faciatis
2503 3617 2684 3687 (Joan.
2721 3631 2843 3681 stn,
2875 3617 2982 3684 15).
3039 3615 3150 3670 "as
3188 3627 3422 3682 quatuOr

1841 3713 2131 3784 qualitates
2157 3711 2565 3780 Psalrrmgraphi
2585 3713 3106 3773 versusconcinnnt,
3127 3709 3376 3764 dicentes
3402 3725 3417 3764 :

1841 3806 2172 3870 Prteceptum
2203 3805 2411 3858 Domini
2440 3803 2671 3856 lucidum
2703 3801 3014 3854 illuminans
3035 3800 3211 3853 oculos
3238 3798 3416 3870 (Psal.

1845 3916 1995 3962 svnt,
2031 3900 2108 3966 9).
2171 3897 2464 3950 Historiam
2508 3897 2744 3948 maxime
2797 3903 3060 3961 praerepta
3111 3894 3414 3946 rontinent.

1843 3993 1911 4050 Et
1965 3991 2090 4044 alibi
2151 4009 2164 4044 :
2218 3987 2410 4044 Latum
2454 3986 2765 4040 mandatum
2828 3994 2974 4037 tuum
3039 3983 3192 4036 nimis
3236 3983 3413 4052 (l’sol.

1843 4101 2032 4149 csvm,
2065 4084 2177 4154 96).
2211 4083 2344 4148 Quia
2377 4082 2467 4150 qni
2491 4080 2670 4150 diligit
2698 4078 3024 4147 provimnm,
3051 4083 3216 4128 totam
3246 4077 3415 4144 legunt

1845 4177 2108 4246 implevit.
2154 4175 2310 4240 ltetn,
2373 4171 2694 4228 Testimouia
2771 4178 2863 4222 tua
2931 4168 3168 4220 intellexi
3234 4166 3412 4238 (Ibid.

1845 4269 1935 4339 93)
1970 4286 1984 4325 :
2017 4278 2234 4322 nonest
2267 4267 2408 4319 enim
2447 4265 2688 4316 omnium
2728 4261 3036 4316 testimonia
3092 4261 3416 4324 intelligere.

1843 4361 1998 4418 Unde
2029 4360 2164 4413 alias
2195 4358 2328 4412 dicit
2357 4373 2372 4414 :
2410 4354 2789 4410 Testimonium
2815 4352 3028 4406 Domini
3060 4352 3217 4420 ﬁdele
3241 4349 3416 4419 (Psul.

1843 4467 1998 4516 xvtn,
2035 4450 2110 4520 8).
2147 4449 2284 4516 Quia
2319 4449 2500 4513 potius
2534 4445 2637 4499 ﬁde
2671 4443 2866 4506 animi,
2894 4457 3056 4509 quam
3088 4443 3264 4496 oculis
3293 4456 3415 4494 car-

1842 4544 1932 4596 nis
1954 4541 2323 4595 testimonium
2354 4537 2574 4606 indiget.
2606 4534 2812 4600 Quarto
2842 4549 2858 4588 :
2907 4530 3246 4603 JudiciajDei
3270 4547 3419 4594 sera,

1833 4632 2137 4703 justiﬁrata
2197 4632 2254 4684 in
2303 4629 2586 4695 semetipso
2623 4623 2791 4694 (Ibid.
2829 4624 2950 4692 t0);
3009 4623 3062 4676 id
3112 4634 3216 4684 εει,
3249 4633 3307 4675 ιιι
3339 4624 3421 4676 sic

1843 4729 1954 4780 sint
1981 4727 2314 4796 judiciorum
2345 4725 2595 4791 exempla
2625 4731 2938 4775 nostrorum
2971 4719 3293 4788 justiflcata,
3349 4719 3421 4770 si-

1841 4828 1932 4872 cut
1963 4818 2015 4872 in
2039 4817 2260 4886 judiciis
2286 4815 2398 4868 Dei
2423 4822 2696 4883 comperta
2723 4812 3011 4867 habemus.
3071 4809 3223 4865 Untle
3277 4810 3417 4862 idem

1843 4909 2034 4962 videns
2083 4907 2188 4960 alio
2243 4907 2385 4968 Iuro,
2428 4908 2503 4958 ait
2533 4920 2548 4959 :
2579 4905 2618 4958 Α
2666 4904 2889 4972 judiciis
2924 4905 3063 4956 enim
3112 4903 3215 4954 tuis
3267 4899 3418 4951 tinmi

1844 4999 2018 5070 (Psal.
2055 5013 2242 5061 cum,
2274 4998 2421 5066 120).
2456 4997 2512 5051 1η
2538 5013 2648 5066 quo
2671 4997 2816 5049 enim
2839 4995 3046 5063 judicio
3079 4996 3135 5062 ju
3165 4995 3261 5046 ‘ica
3305 4990 3417 5041 cri-

1844 5107 1986 5154 mus,
2033 5091 2369 5159 jnotcaliitur
2397 5090 2464 5142 de
2515 5088 2668 5141 nobis
2703 5084 2922 5155 (Matth.
2954 5100 3052 5148 vn,
3098 5083 3175 5151 2).
3221 5079 3279 5132 In
3337 5079 3420 5132 his

1843 5193 2080 5253 quatuor
2111 5180 2469 5250 qualitatibus
2501 5189 2650 5241 sunt,
2685 5178 2866 5238 timor,
2917 5175 2983 5228 fitl
3023 5190 3068 5237 s,
3100 5189 3162 5238 Sp
3199 5188 3246 5235 s,
3295 5171 3424 5222 chu-

157 5300 354 5354 magna
383 5285 439 5337 in
470 5281 621 5336 brevi
651 5278 1086 5349 comprehendit.
1126 5277 1227 5341 Qui
1257 5276 1468 5344 primus
1498 5276 1739 5328 Alexan-
1774 5290 1819 5347 ο
1851 5277 2001 5329 ritas.
2031 5273 2250 5326 Timore
2298 5285 2534 5338 namque
2589 5271 2895 5336 incipimus.
2957 5266 3058 5318 fr-lc
3112 5274 3419 5325 servamus,

155 5378 289 5432 dritc
325 5375 436 5431 fuit
481 5374 808 5443 cpiscopus;
858 5370 1014 5440 cujus
1067 5384 1161 5437 per
1210 5367 1424 5437 singula
1474 5382 1614 5438 opus
1640 5366 1740 5422 fuit

157 5471 323 5529 scire,
378 5478 436 5520 et
472 5462 748 5532 Evangelii
782 5463 834 5515 in
880 5476 937 5514 se
966 5461 1107 5512 dicta
1133 5457 1444 5527 disponere,
1478 5469 1532 5511 et
1571 5456 1740 5510 disci-

156 5559 368 5626 plinam
402 5558 455 5609 in
494 5571 554 5610 se
596 5555 729 5624 legis
757 5565 1113 5620 cognoscere,
1139 5558 1193 5603 et
1218 5549 1456 5602 divinam
1485 5548 1537 5601 in
1571 5562 1743 5601 carne

160 5653 378 5706 Domini
417 5650 715 5719 intelligere
744 5657 1015 5700 naturam.
1045 5642 1146 5708 Qui
1182 5643 1420 5696 seminat
1454 5648 1574 5709 post
1606 5637 1743 5691 Mat-

159 5748 366 5800 :haeum
399 5758 419 5808 ;
455 5742 548 5811 qui
581 5739 788 5804 fremit,
822 5746 880 5791 ιιι
924 5736 1044 5801 leo;
1084 5734 1173 5804 qui
1214 5733 1380 5799 volat,
1424 5742 1480 5786 ut
1526 5731 1740 5803 aquila;

1848 5367 1991 5438 quod
2030 5366 2336 5433 incipimus,
2390 5377 2486 5430 spe
2525 5362 2808 5431 erigimur,
2846 5357 3114 5411 chaintnte
3165 5369 3423 5406 COnStttn-

1850 5471 2083 5512 mamur.
2145 5453 2292 5507 Finis
2333 5455 2470 5506 enim
2495 5450 2762 5519 praecepti,
2796 5457 2870 5502 est
2901 5448 3135 5498 charitas
3182 5442 3233 5513 (I
3281 5442 3418 5496 Tim.

1848 5567 1887 5613 ι,
1920 5550 1998 5618 5).
2034 5547 2097 5600 lii
2131 5560 2254 5600 sunt
2306 5556 2542 5614 quatuor
2574 5557 2789 5596 menses
2830 5553 2968 5606 quos
3007 5537 3259 5590 Christus
3297 5547 3423 5588 ante

1852 5654 2084 5692 messem
2126 5638 2395 5705 pt'indixit,
2426 5637 2613 5688 dicens
2651 5649 2664 5685 :
2725 5629 2909 5684 Nonne
2963 5638 3183 5700 quatuor
3221 5641 3422 5676 menses

1849 5737 1969 5784 sunt
2004 5745 2160 5798 usque
2211 5729 2278 5778 ad
2334 5740 2546 5780 messem
2604 5720 2785 5793 (Joan.
2825 5735 2902 5786 tv,
2941 5716 3074 5791 '55)?
3122 5715 3188 5774 Ut
3225 5728 3276 5769 rt
3327 5728 3430 5771 nos
