3946 6206
509 331 606 394 Cll

1439 321 1492 382 S.
1535 315 1977 378 HJERONYMI
2022 312 2342 394 OPlil’tUi‘tl
2384 310 2787 370 MANTISSA.

3623 307 3716 372 ΗΞ

508 460 608 516 per
645 451 906 513 praecepta
939 439 1028 492 Dei
1080 445 1134 492 et
1164 433 1417 488 mandata
1462 447 1527 487 ac
1566 431 1879 485 testimonia
1913 439 2078 498 atque
2110 429 2154 486 Α
2183 433 2285 487 est,
2329 421 2707 492 pmoitentinm
2745 417 2910 516 agite,
2944 422 2996 516 et
3033 413 3340 516 pros-.lieatc,
3472 415 3726 516 ι1ί¹.παςια-

510 535 778 604 exenipla,
835 540 1074 584 maturos
1130 535 1254 597 post
1306 525 1574 595 judicium
1635 532 1906 576 metamus
1955 536 2078 574 cum

511 631 706 700 gaudio
767 627 992 687 fructus,
1043 624 1136 692 qui
1188 621 1241 674 in
1301 617 1558 688 lacrymis
1613 615 1824 671 timoris
1871 615 2082 667 semina

510 717 842 789 pmuitentia:
869 714 1190 782 iactavimus
1239 710 1292 761 in
1331 719 1496 771 terra,
1559 715 1772 758 nostros
1800 712 2081 772 portantes

508 810 790 865 charitatis
861 803 1183 873 manipulos,
1248 815 1369 853 cum
1431 797 1625 867 gaudo
1685 804 1952 848 metamus
2024 791 2079 844 in

510 903 669 958 ctelo.

1013 959 1234 1018 CAl‘U'I
1273 955 1565 1013 PRIMUM.

583 1102 600 1133 ι
632 1079 850 1134 initium
901 1073 1166 1140 Evangelii
1207 1069 1332 1123 Jesu
1371 1067 1570 1122 Christi
1607 1064 1724 1118 Filii
1769 1062 1886 1128 Dei,
1938 1063 2080 1116 sicut

506 1174 768 1240 scriptum
812 1177 894 1222 est
941 1168 990 1218 in
1034 1165 1170 1217 Isaia
1217 1162 1525 1229 propheta:
1585 1159 1872 1232 Eecedcgo
1925 1155 2079 1208 tuitto

504 1267 750 1335 angulum
790 1276 962 1312 uentu
1000 1267 1124 1308 ante
1171 1254 1362 1306 facient
1399 1261 1566 1312 tuam,
1602 1251 1690 1316 qui
1751 1245 2082 1314 prcharabit

504 1361 644 1410 viam
674 1367 815 1408 tuam
837 1363 962 1402 ante
992 1360 1062 1400 te.
1096 1345 1205 1398 νινε
1234 1343 1518 1396 clamantis
1542 1340 1592 1391 in
1625 1339 1858 1399 deserto,
1887 1336 2078 1388 PaL-nte

502 1451 644 1503 viam
677 1443 886 1498 Domini
917 1481 932 1506 ,
984 1452 1161 1494 rectas
1196 1436 1354 1488 facite
1394 1433 1616 1487 semitas
1643 1431 1784 1501 ejus.
1825 1449 1842 1480 ι
1919 1426 2080 1482 Κατὰ

501 1542 728 1609 Μάρκον
797 1531 1150 1600 Evangeliutn
1209 1543 1304 1596 per
1362 1525 1505 1596 quod
1560 1525 1712 1578 venit
1771 1522 2078 1592 redemptio

501 1631 760 1692 ﬁdelium,
813 1634 867 1680 et
913 1620 1190 1677 beatitudo
1239 1627 1602 1672 sanctorum:
1665 1615 1788 1684 quia
1843 1627 2079 1684 quatuor

503 1736 670 1775 unum
700 1727 846 1780 sunt,
887 1723 940 1768 et
985 1728 1151 1768 unum
1179 1718 1412 1778 quatuor
1444 1724 1458 1762 :
1510 1717 1744 1775 quatuor
1780 1705 2070 1773 Evangelia

503 1812 796 1866 multarum
839 1813 1050 1860 constat
1095 1818 1218 1857 esse
1262 1803 1544 1854 virtutum.
1603 1797 1743 1862 Quid
1783 1798 1926 1850 enim
1961 1796 2072 1849 for-

503 1904 629 1965 tius,
687 1915 847 1969 quam
877 1897 1087 1950 animas
1129 1895 1363 1955 salvare,
1413 1905 1534 1959 quae
1559 1905 1808 1942 errorum
1846 1903 2073 1942 suorum

498 1996 648 2049 vitiis
681 2000 928 2063 poerant
975 1985 1237 2041 interire?
1285 1981 1595 2038 Secundum
1636 1979 1783 2049 quod
1829 1981 1882 2033 ιιι
1911 1994 2078 2033 seu-

501 2087 706 2155 gcsimo
733 2082 962 2151 septimo
985 2078 1191 2147 psalmo
1211 2074 1536 2158 jamdudum
1571 2073 1832 2140 propheta
1868 2072 2074 2140 Spiritu

501 2175 690 2233 sancto
712 2176 1003 2242 instigante
1021 2169 1319 2224 denudavit
1347 2183 1361 2220 :
1408 2166 1665 2220 Dominus
1692 2165 1840 2218 dabit
1868 2165 2076 2217 verbum

500 2267 982 2338 evangeliaantibus
1017 2263 1240 2315 virtutes
1292 2257 1487 2312 multa:
1519 2257 1696 2326 (Paul.
1739 2272 1908 2321 ιιι-ιι,
1962 2255 2073 2321 1‘2).

486 2358 706 2413 'Versus
725 2357 882 2410 istius
901 2352 1038 2406 ordo
1061 2353 1183 2404 talis
1211 2357 1317 2411 est,
1346 2347 1437 2416 qui
1461 2349 1586 2401 huic
1605 2347 1754 2416 operi
1774 2361 2078 2415 Congruen-

503 2459 585 2505 ter
613 2447 895 2502 inseritur.
961 2444 1218 2496 Dominus
1257 2441 1406 2493 dabit
1439 2439 1670 2492 virtutes
1706 2438 1904 2491 multas
1943 2453 2076 2505 apo—

501 2540 674 2601 stolis,
762 2537 853 2607 qui
913 2535 1139 2590 verbum
1194 2532 1312 2601 ejus
1362 2531 1669 2584 veneranda
1731 2529 2077 2583 eottfessione

503 2628 867 2698 pra-dicabant
895 2643 908 2678 :
931 2624 1144 2692 quando
1165 2623 1246 2676 eis
1265 2620 1634 2689 languentium
1667 2621 1851 2672 turbas
1875 2633 2077 2673 sanare

502 2734 821 2776 concessum
865 2728 948 2770 est
994 2732 1007 2766 :
1070 2714 1390 2782 εὐαγγέλιον
1435 2711 1646 2774 ϐτιερθ,
1703 2711 1896 2766 Latine
1945 2715 2076 2764 bona

503 2811 837 2866 annuntiatio
879 2807 1244 2877 prmdicatur:
1299 2804 1440 2872 quod
1480 2804 1698 2874 proprie
1755 2805 1821 2857 ad
1854 2818 2074 2871 regnum

508 2904 622 2970 Dei,
672 2912 725 2958 et
779 2901 1150 2955 remissionem
1191 2899 1426 2966 pertinet
1474 2906 1845 2965 peccatorum.
1920 2895 2076 2950 Unde

503 2993 699 3045 dicitur
736 3009 750 3045 :
785 2988 1143 3051 Paenitemini,
1175 2997 1223 3040 et
1247 2988 1442 3040 credite
1468 2986 1780 3055 Evangelia,
1809 2997 1856 3040 et
1887 3002 2079 3056 appro-

500 3083 771 3152 pinquubit
820 3096 1036 3150 regnum
1095 3078 1342 3132 calorum
1397 3077 1522 3133 Jesu
1577 3077 1801 3144 Christi,
1856 3078 1908 3132 id
1969 3087 2145 3154 est,c

502 3171 794 3226 Salvatoris
816 3172 986 3233 uncti,
1017 3171 1070 3223 iu
1102 3169 1328 3224 liebrseo
1355 3168 1617 3222 JesurJu
1651 3167 1842 3224 Grteco
1856 3169 2070 3238 Σωτὴρ.

501 3262 562 3315 in
617 3260 811 3316 Latino
872 3260 1143 3316 Salvator.
1198 3259 1423 3312 Messus
1492 3257 1773 3322 lieln'aice,
1841 3258 2076 3328 Χριστὸς

501 3351 712 3414 Graece,
769 3359 964 3402 unctus
1021 3347 1232 3401 Latine.
1302 3347 1448 3401 Idem
1507 3363 1624 3413 rex,
1693 3358 1748 3403 et
1813 3351 2076 3404 sacerdos

504 3444 706 3496 dicitur
735 3440 862 3494 dum
912 3439 980 3494 de
1015 3454 1215 3508 genere
1247 3439 1414 3492 David
1460 3439 1601 3508 regis
1625 3439 1876 3495 Christus
1902 3442 2075 3495 n.:sci-

501 3545 627 3588 tur:
671 3543 724 3587 ct
745 3533 968 3586 vocibus
999 3544 1180 3586 vatum
1213 3531 1434 3585 Levitici
1458 3535 1670 3601 generis
1695 3535 2070 3602 propltctatur.

507 3623 658 3678 Unde
675 3623 923 3690 sequitur
949 3641 961 3674 :
995 3619 1105 3673 Vox
1125 3622 1476 3674 clamantisin
1507 3625 1730 3687 deserto,
1755 3636 1808 3677 et
1838 3625 2070 3693 reliqua.

504 3715 619 3770 Vox
647 3724 727 3769 est
750 3712 1022 3767 Joannes:
1050 3713 1113 3764 de
1141 3727 1242 3780 qua
1267 3727 1397 3766 Voce
1423 3715 1685 3767 clamabat
1711 3716 1969 3769 Dominus
1991 3714 2081 3770 ιιι-4

505 3825 596 3864 sus
612 3810 676 3862 ad
700 3807 937 3872 Judaeos,
969 3807 1274 3875 quodinter
1296 3815 1453 3860 natos
1485 3807 1768 3860 mulierum
1794 3808 1964 3877 major
1987 3810 2076 3862 illo

499 3911 641 3956 esset
666 3915 822 3954 nemo
863 3897 1080 3970 (Matth.
1113 3913 1186 3964 XI,
1207 3897 1315 3968 tl).
1337 3896 1552 3952 Clamor
1575 3909 1750 3952 autem
1784 3901 1850 3953 ad
1880 3900 2076 3954 surdos

502 3995 658 4064 longe
682 3998 910 4063 positos,
978 3993 1094 4047 sive
1145 4007 1270 4045 cum
1322 3991 1694 4060 indignatione
1743 3993 1858 4046 lieri
1891 3992 2072 4046 solet:

499 4103 620 4154 qua:
651 4083 875 4136 Judaico
905 4094 1113 4136 certum
1143 4092 1227 4136 est
1249 4082 1494 4135 evenisse
1519 4084 1734 4151 p0pulo,
1765 4084 1889 4136 dum
1920 4084 2077 4153 longe

498 4187 582 4230 est
632 4159 1086 4244 a'pcccatoribus
1145 4173 1316 4239 salus,
1355 4182 1410 4226 et
1448 4188 1608 4228 aures
1657 4189 1784 4228 suas
1837 4177 2075 4244 graviter

499 4269 910 4333 obturavcrunt,
935 4271 1078 4321 sicut
1107 4268 1324 4338 asliides
1343 4271 1542 4331 surdas,
1567 4279 1621 4323 et
1645 4269 2070 4338 indignationem

498 4370 552 4412 ct
587 4361 744 4423 iram,
773 4369 826 4413 ct
855 4361 1260 4415 tribulationem
1296 4379 1323 4414 a
1378 4361 1597 4416 Christo
1631 4365 1819 4417 audire
1863 4377 2074 4417 merue-

2185 516 2357 583 σκευὴ
2387 521 2511 566 ante
2543 513 2829 566 sabbatum
2863 509 3078 567 dicitur,
3101 507 3150 560 id
3176 516 3257 560 est
3283 508 3588 574 poenitentii
3620 525 3730 563 ante

2195 606 2440 674 requiem
2486 603 2750 656 futuram.
2808 601 2940 652 llinc
2974 613 3209 666 namque
3254 597 3469 673 initium
3502 601 3706 666 praedira

2183 695 2345 750 tionis
2369 694 2594 748 Joannis
2624 707 2677 745 et
2707 690 2911 744 Chris:i
2947 690 3144 743 oritur.
3176 687 3556 742 Paenitentiam
3587 690 3726 758 agite.

2182 784 2640 855 appropinquabit
2689 795 2910 852 regnum
2975 779 3240 833 caelorum
3301 795 3316 831 :
3374 779 3500 847 quia
3555 781 3603 831 in
3655 779 3731 834 di:

2179 879 2407 945 septima
2442 877 2707 945 requievit
2755 875 2892 926 Deus
2933 872 3000 925 ab
3045 870 3301 925 omnibus
3333 870 3589 938 operibus
3636 869 3732 924 suis

2182 970 2336 1041 (Gen.
2372 985 2432 1032 ιι,
2461 971 2538 1040 2).
2580 969 2798 1034 Seruum
2827 968 2972 1019 enim
3014 965 3172 1017 nobis
3207 977 3430 1017 necesse
3463 973 3548 1016 est
3577 963 3732 1016 delere

2183 1064 2307 1115 v.tia
2361 1076 2460 1128 per
2514 1059 2890 1128 paenitentiam
2943 1055 3088 1109 velut
3120 1052 3258 1105 mala
3301 1066 3523 1122 genera,
3579 1062 3633 1105 ut
3656 1068 3731 1106 re-

2181 1171 2213 1224 q
2257 1157 2526 1209 iescentes
2608 1164 2819 1219 postea,
2897 1149 3278 1218 pOSsideamus
3341 1145 3729 1200 desiderabilem

2183 1258 2404 1300 terram.
2452 1245 2649 1296 [lectas
2697 1242 2858 1293 facite
2903 1239 3127 1294 Semitas
3157 1239 3296 1304 ejus.
3349 1235 3499 1302 Quas
3535 1236 3732 1289 semitas

2181 1335 2605 1396 incurvavimus,
2635 1331 2977 1384 declinantes
3009 1329 3063 1380 in
3115 1329 3398 1379 dexteram
3426 1336 3587 1394 atque
3616 1327 3734 1378 sini-

2180 1441 2369 1482 stram.
2423 1426 2576 1478 Nunc
2632 1424 2773 1476 Deus
2827 1421 3075 1490 praecipit
3146 1421 3327 1484 nobis,
3362 1431 3419 1473 ut
3471 1421 3556 1473 via
3608 1421 3734 1489 regia

2180 1518 2512 1575 incede-tres,
2551 1514 2828 1582 proximos
2859 1523 3095 1576 nostros,
3129 1519 3187 1562 ut
3228 1525 3353 1577 nos,
3415 1520 3471 1562 et
3518 1522 3735 1564 nosmet-

2182 1609 2355 1676 i,sos,
2389 1617 2448 1662 ut
2503 1607 2784 1676 proximos
2851 1604 3160 1671 diligamus.
3221 1599 3378 1664 Nam,
3436 1600 3536 1665 Qui
3586 1601 3736 1670 diligit

2179 1703 2531 1766 iniquitatem,
2583 1699 2694 1750 odit
2741 1699 2975 1749 animum
3007 1712 3156 1748 suam
3211 1693 3386 1766 (Paul.
3425 1711 3482 1762 ι,
3506 1695 3620 1765 67).
3647 1696 3733 1760 Qui

2180 1793 2324 1846 enim
2357 1791 2710 1859 semetipsum
2745 1789 2942 1856 diligit,
2969 1798 3024 1840 et
3055 1801 3174 1839 non
3209 1787 3386 1855 diligit
3423 1801 3734 1855 promotum,

2178 1885 2245 1937 ad
2271 1886 2550 1936 dexteram
2583 1881 2844 1936 declinat.
2895 1881 2962 1932 Et
3017 1879 3112 1945 qui
3149 1881 3495 1946 semetipsum
3544 1882 3732 1940 odiens,

2179 1975 2484 2044 proximum
2545 1973 2745 2041 diligit,
2819 1971 2884 2024 ad
2941 1970 3218 2024 sinistram
3295 1970 3536 2025 divertit.
3611 1969 3726 2022 Nam

2181 2068 2333 2121 multi
2367 2067 2506 2120 bene
2532 2073 2728 2133 agunt,
2769 2065 2862 2118 sed
2891 2081 2994 2118 non
3024 2065 3160 2117 bene
3190 2065 3476 2132 corrigunt
3502 2078 3513 2110 :
3572 2075 3624 2115 ut
3653 2063 3738 2115 luit

2180 2159 2295 2214 Heli
2330 2157 2382 2229 (I
2413 2156 2543 2226 Reg.
2590 2173 2649 2223 tt,
2678 2156 2771 2219 25,
2808 2157 2926 2224 24).
2978 2158 3041 2208 Ει
3089 2157 3240 2208 ιιιυΙιὶ
3287 2155 3424 2208 bene
3452 2158 3735 2224 corrigunt.

2178 2253 2273 2306 sed
2305 2265 2408 2302 nou
2453 2257 2620 2318 agunt
2667 2265 2681 2302 :
2721 2258 2781 2300 ut
2814 2248 3035 2302 fuerunt
3067 2248 3262 2300 scribae
3295 2257 3347 2299 et
3383 2247 3631 2314 pharisai
3661 2246 3738 2314 qui

2177 2343 2438 2395 sedebant
2483 2356 2646 2408 super
2679 2339 2997 2393 cathedram
3037 2338 3206 2409 Moysi
3244 2337 3466 2406 (Matth.
3507 2355 3654 2400 aaut,
3689 2337 3737 2400 2,

2177 2437 2256 2496 5).
2292 2434 2442 2490 Unde
2469 2449 2530 2488 os
2561 2433 2794 2486 turturis
2831 2431 2883 2486 in
2919 2433 3038 2500 lege
3061 2432 3129 2485 ad
3161 2431 3395 2485 ascellas
3431 2431 3550 2501 ejus
3579 2442 3740 2485 retoro

2178 2526 2334 2595 queri
2374 2527 2621 2594 jubetur,
2671 2539 2738 2578 ne
2767 2534 3054 2594 separetur
3095 2539 3158 2578 os
3185 2524 3253 2577 ab
3293 2539 3459 2593 opere
3487 2539 3502 2578 :
3531 2532 3586 2578 et
3615 2537 3739 2593 Opus

2179 2626 2423 2672 nostrum
2455 2633 2560 2672 non
2587 2619 2862 2672 dividatur
2889 2617 2957 2670 ab
2985 2629 3102 2670 ore.
3163 2614 3384 2670 Semita:
3415 2629 3596 2670 autem
3633 2625 3740 2684 post

2185 2709 2326 2760 viam
2353 2718 2654 2775 sequuntur
2688 2722 2702 2762 :
2737 2705 2863 2774 quia
2903 2705 3157 2759 mandata
3182 2705 3408 2758 moralia
3441 2716 3560 2774 post
3581 2707 3740 2773 paeni-

2181 2799 2426 2860 tentiam,
2461 2797 2762 2851 secundum
2805 2795 3070 2859 Marcum,
3100 2794 3483 2863 explamntur.
3527 2795 3742 2848 Paratur

2180 2905 2265 2942 vra
2325 2905 2423 2958 per
2476 2891 2658 2954 tidem,
2715 2899 2770 2942 et
2827 2889 3183 2956 baptismum,
3240 2898 3297 2945 et
3359 2890 3737 2956 paenitentiam.

2184 2984 2363 3036 Recta:
2419 2983 2628 3035 semine
2676 2980 2813 3033 tiunt
2877 2993 2972 3045 per
3025 2990 3243 3034 austera
3305 2981 3520 3044 iudicia,
3589 2979 3740 3034 vestis

2179 3073 2431 3139 cilicium,
2483 3087 2538 3126 et
2591 3087 2742 3126 zonae
2804 3072 3062 3139 pellicem,
3126 3081 3182 3124 et
3239 3073 3344 3126 cibi
3386 3072 3657 3136 locusdni,
3693 3077 3743 3123 ct

2180 3178 2336 3232 pons
2390 3165 2564 3218 mellis
2617 3163 2883 3218 silvestris
2933 3170 2986 3218 et
3013 3163 3329 3218 humillimae
3377 3165 3544 3220 vocis.
3603 3161 3742 3219 Unde

2179 3257 2422 3324 sequitur
2458 3271 2472 3308 :

2254 3367 2272 3400 ι
2305 3347 2426 3402 Fuit
2457 3349 2509 3400 in
2542 3347 2760 3401 deserto
2789 3344 3028 3400 Joannes
3051 3347 3357 3415 baptizans,
3381 3355 3435 3401 et
3454 3347 3741 3416 praedicans

2180 3441 2504 3506 baptismum
2531 3439 2886 3509 pteuitentiae,
2918 3439 2970 3492 in
2998 3440 3736 3508 remissionempeccatorum.

2178 3533 2243 3585 Et
2278 3533 2658 3602 egrediebatur
2715 3533 2784 3586 ad
2833 3546 2956 3585 eum
3015 3533 3193 3586 omnis
3228 3531 3429 3586 Judaete
3475 3535 3644 3602 ιιιεὶο,
3692 3542 3741 3585 et

2178 3623 2610 3695 Hternsolymita:
2673 3624 2940 3687 uni'vcrsi,
3003 3635 3060 3678 et
3111 3623 3528 3693 baptizabantur
3561 3625 3627 3677 ab
3657 3623 3741 3677 illo

2176 3717 2228 3771 in
2259 3715 2510 3770 Jordanis
2532 3716 2757 3770 ﬂumine
2787 3714 3109 3770 confitentes
3143 3724 3365 3784 peccata
3400 3731 3552 3769 sua.»
3585 3714 3744 3770 Joan-

2181 3825 2273 3862 nes
2298 3809 2470 3877 gratia
2497 3807 2591 3860 Dei
2621 3807 3036 3876 interpretatur.
3072 3807 3114 3861 Α
3141 3807 3317 3878 gratia
3355 3809 3592 3861 narratio
3614 3806 3740 3861 inci-

2177 3902 2343 3972 pitur.
2371 3900 2527 3954 Unde
2557 3900 2802 3968 sequitur
2838 3917 2852 3954 :
2885 3901 3175 3970 Baptizans
3215 3918 3228 3955 :
3299 3917 3397 3971 per
3422 3902 3740 3971 baptismum

2177 3995 2324 4048 enim
2349 3996 2520 4062 gratia
2553 3994 2736 4063 datur,
2765 4009 2870 4063 qua
2912 4003 3137 4062 peccata
3185 3994 3356 4063 gratis
3383 3994 3737 4056 dimittuotur.

2177 4085 2328 4140 Unde
2363 4085 2562 4139 dicitur
2594 4102 2609 4140 :
2667 4085 2818 4149 Quod
2845 4085 3016 4152 gratis
3054 4086 3360 4152 accepistis,
3415 4087 3576 4155 gratia
3623 4085 3742 4136 dats

2178 4177 2398 4247 (Matth.
2429 4195 2482 4243 ι,
2516 4177 2592 4240 8).
2631 4177 2700 4232 Et
2738 4177 3030 4247 Apostolus
3052 4178 3124 4232 ait
3157 4193 3172 4232 :
3214 4177 3402 4232 Gratia
3446 4176 3574 4232 δαιτί
3615 4176 3741 4247 facti

2177 4272 2302 4324 estis
2343 4286 2436 4339 per
2480 4271 2660 4339 ﬁdem,
2722 4281 2770 4324 et
2817 4270 2914 4323 hoc
2958 4287 3062 4323 non
3122 4287 3186 4324 ex
3232 4272 3376 4324 vobis
3416 4287 3434 4326 :
3470 4270 3563 4324 Dei
3604 4271 3743 4323 enim

2177 4362 2368 4414 donum
2410 4373 2507 4426 est,
2563 4378 2624 4414 ne
2656 4364 2768 4430 quis
2816 4361 3068 4431 glorietur
3120 4362 3336 4432 (Ephes.
3387 4379 3446 4428 tt,
3471 4364 3522 4426 8,
3549 4364 3622 4430 9}.
3680 4359 3744 4412 Et

502 4461 644 4504 runt.
714 4452 769 4504 lu
809 4452 1026 4506 deserto
1058 4463 1237 4506 autent
1301 4454 1359 4505 lit
1401 4468 1528 4518 vos,
1572 4466 1628 4508 et
1662 4456 1886 4518 clamor,
1939 4457 2066 4525 quia
2103 4457 2150 4514 D
2178 4455 2481 4521 praedicans
2520 4453 2849 4523 baptismum
2887 4455 3224 4522 paenitentiae
3257 4456 3309 4508 in
3369 4456 3741 4508 remissionem

499 4543 698 4596 deserti
723 4561 750 4594 ιι
776 4544 967 4610 spiritu
989 4545 1105 4609 Dei,
1128 4543 1272 4598 sicut
1299 4545 1490 4599 domus
1518 4560 1718 4601 vocans
1737 4555 1789 4601 et
1809 4557 2065 4616 scopata:

497 4635 697 4687 drseru
729 4649 758 4686 a
797 4634 1081 4701 propheta,
1108 4649 1136 4687 a
1185 4651 1329 4704 rege,
1375 4646 1540 4705 atque
1569 4638 1876 4692 sacerdote.
1911 4636 2072 4693 Unde

495 4725 730 4778 Joannes
753 4723 980 4779 etJesus
1003 4738 1267 4795 qtneruut,
1300 4727 1428 4798 quid
1460 4727 1514 4782 in
1552 4731 1768 4784 deserto
1806 4732 2070 4786 amissum

496 4827 597 4871 ast.
635 4817 733 4874 Ubi
773 4819 901 4872 vicit
947 4819 1220 4885 diabolus,
1259 4821 1329 4874 ibi
1380 4822 1660 4876 vincitur:
1727 4823 1814 4877 tibi
1874 4825 2073 4880 cecidit

497 4911 682 4972 homo,
711 4911 782 4963 ibi
817 4911 1078 4980 exsurgit.
1109 4910 1248 4965 Ecce
1267 4927 1364 4982 ego
1391 4912 1547 4966 mitto
1572 4915 1826 4984 angelum
1864 4931 2068 4970 meum.

499 4999 612 5054 Vox
671 5001 991 5070 Ilva-ipost);
1041 5002 1200 5068 ἁγίου
1249 5018 1340 5070 per
1387 5003 1711 5058 Malachiam
1759 5007 1823 5059 ad
1855 5005 2070 5062 Patrem

496 5101 654 5147 sonat
689 5093 756 5146 de
792 5095 948 5158 Filio,
982 5094 1075 5160 qui
1113 5103 1194 5148 est
1233 5095 1400 5149 facies
1437 5095 1638 5162 Patris,
1679 5099 1818 5152 unde
1853 5099 2073 5169 agnitus

493 5200 598 5239 est.
661 5185 895 5254 Angelus
949 5199 1127 5238 autem
1190 5186 1406 5238 nuntius
1467 5188 1890 5258 interpretatur,
1975 5191 2075 5259 qui

495 5280 819 5344 prmouuiat
851 5277 918 5331 de
941 5276 1186 5331 Christo.
1233 5277 1360 5331 Post
1384 5291 1471 5331 me
1503 5281 1673 5344 venit,
1705 5280 1798 5348 qui
1832 5291 1961 5335 ante
1988 5296 2075 5335 me

498 5369 670 5420 lactus
708 5378 788 5422 est
814 5383 830 5423 :
858 5370 947 5437 qui
985 5368 1309 5438 praeparabit
1336 5369 1474 5422 viam
1511 5379 1679 5424 tuam.
1711 5372 1808 5425 Via
1835 5373 2073 5437 Domini,

494 5475 595 5527 qua
621 5461 683 5514 ad
709 5460 954 5514 homines
979 5462 1300 5529 ingreditur,
1327 5465 1646 5530 paenitentia
1676 5474 1778 5530 est,
1806 5481 2074 5535 perquam

497 5551 638 5605 Deus
670 5555 735 5606 ad
763 5569 860 5605 uos
883 5555 1182 5620 descendit,
1215 5566 1270 5608 et
1297 5570 1395 5609 nos
1422 5556 1486 5610 ad
1513 5556 1663 5610 illum
1699 5561 2070 5616 ascendimus.

497 5639 650 5692 Unde
687 5643 860 5710 angeli
904 5644 1282 5708 ascendentes,
1331 5645 1833 5715 descendenteqne
1869 5662 2074 5701 tuetno-

501 5741 688 5781 rantur
707 5733 775 5785 ad
806 5732 974 5786 lilium
997 5733 1254 5792 hominis.
1288 5733 1476 5791 Parate
1504 5737 1642 5791 viam
1675 5738 1886 5793 Domini
1924 5754 1936 5790 :
1974 5741 2075 5795 hoc

2174 4554 2548 4616 peccatorujn.
2619 4545 2776 4610 ρυοά
2838 4557 3248 4600 consummatur
3309 4562 3406 4616 per
3470 4560 3738 4613 sponsum,

2175 4636 2422 4690 initiatur
2441 4651 2537 4704 per
2561 4639 3023 4706 paranymphum.
3055 4637 3207 4693 Unde
3225 4639 3612 4700 catechmncni,
3637 4636 3740 4690 hoc

2175 4736 2280 4789 cst,
2309 4729 2584 4792 instructi,
2633 4729 2899 4798 incipiunt
2947 4744 3044 4799 per
3074 4730 3454 4795 sacerdotem,
3485 4740 3538 4784 et
3562 4729 3738 4782 chris-

2175 4830 2395 4872 mantur
2434 4835 2530 4890 per
2587 4822 2923 4890 episcopum.
2977 4819 3130 4876 Nunc
3159 4834 3339 4876 autem
3376 4816 3472 4892 per
3516 4825 3739 4875 amicum

2175 4915 2360 4980 ενοιιεί
2391 4913 2667 4966 inducitur
2693 4927 2890 4982 sponsa
2933 4930 2947 4969 :
2992 4928 3055 4966 ac
3098 4914 3177 4969 sic
3208 4929 3304 4982 per
3333 4913 3484 4968 lsaac
3519 4925 3738 4982 puerum

2177 5004 2422 5058 R-becra
2456 5004 2614 5072 pallio
2649 5003 2825 5056 velata
2859 5004 2983 5059 albo
3015 5005 3361 5058 conducitur.
3408 5006 3475 5059 Et
3504 5003 3737 5074 egredie-

2177 5097 2337 5150 batur
2367 5100 2432 5148 ad
2463 5095 2614 5148 illum
2644 5096 2824 5150 omnis
2877 5095 3077 5150 Judzea:
3109 5097 3280 5165 regio,
3327 5108 3384 5152 et
3441 5095 3741 5163 Hierosoly-

2181 5188 2324 5240 tnita:
2359 5185 2597 5240 universi
2643 5194 2706 5240 et
2735 5187 3154 5256 baptizabantur
3186 5189 3251 5240 ab
3279 5187 3374 5242 illo
3407 5187 3463 5240 in
3517 5183 3740 5242 Jordane

2179 5277 2426 5344 ﬂumine,
2455 5281 2782 5333 conlitcntcs
2813 5291 3034 5346 peccata
3065 5293 3182 5333 sua.
3207 5278 3515 5341 Confessio.
3543 5288 3588 5331 et
3619 5275 3743 5342 pul-

2178 5371 2432 5426 chritudo
2475 5371 2526 5425 in
2572 5381 2870 5441 conspectu
2914 5372 3056 5442 ejus,
3093 5375 3145 5428 id
3194 5382 3300 5439 est,
3339 5373 3543 5444 sponsi.
3587 5367 3739 5424 Unde

2178 5465 2361 5520 desilit
2404 5479 2605 5534 sponsa
2657 5466 2724 5518 de
2769 5467 2998 5530 camelo,
3049 5481 3172 5520 cum
3227 5469 3474 5521 humiliat
3514 5480 3567 5519 se
3591 5475 3739 5515 nunc

2181 5557 2421 5612 Ecclesia
2446 5560 2561 5611 viso
2590 5572 2720 5612 vero
2740 5557 2887 5612 Isaac
2910 5556 3039 5613 Jesu
3073 5559 3314 5624 Christo,
3346 5561 3398 5614 iit
3427 5559 3570 5626 cujus
3594 5551 3738 5604 uati-

2181 5653 2350 5704 vitate
2389 5651 2554 5704 risum
2588 5649 2715 5704 fecit
2748 5653 2884 5705 Dens
2909 5651 3057 5708 Sara:
3083 5651 3234 5719 (Gen.
3274 5669 3426 5720 xvtu,
3453 5646 3742 5714 i2):sicut

2181 5743 2246 5797 ad
2294 5742 2517 5798 Mariam
2574 5743 2793 5810 dicitur,
2827 5759 2943 5813 quae
3007 5754 3091 5799 est
3135 5746 3398 5816 princeps
3439 5758 3550 5802 cum
3597 5737 3738 5802 θεον

3705 5843 3752 5884 ρ
