3934 6200
202 370 301 437 623

1316 376 1728 437 EXl’OSlTlO
1770 375 1855 437 ΙΝ
1895 377 1953 438 S.
1998 376 2343 439 MARCUM.

3338 374 3444 439 6M

200 486 483 543 Benedicta
526 500 582 541 tu
638 486 775 541 inter
822 486 1065 542 mulieres
1108 485 1255 558 (Luc.
1293 487 1473 557 μη),
1517 486 1771 543 Jordanis
1801 495 1844 551 Α
1876 495 1929 541 et
1959 485 2150 548 Maria,
2205 487 2400 544 dilecta
2430 487 2484 544 in
2545 487 2752 544 Joanne
2799 486 3066 559 Baptista,
3100 486 3347 543 columba
3394 489 3447 543 iii

198 591 374 634 autem
402 579 671 633 descensio
716 578 892 633 aliena
930 578 1365 649 interpretatur:
1417 578 1507 634 ubi
1545 587 1766 649 peccata

196 672 511 731 abluuntur.
570 671 713 726 Area
757 672 925 737 enim,
974 669 1210 727 Jordaiie
1255 670 1632 736 transvadato,
1673 686 1770 739 per

198 777 472 818 marmora
501 761 785 833 peregrina
827 762 883 817 in
918 771 1117 818 terrain
1153 763 1402 818 transivit
1431 762 1685 824 alienam.
1710 769 1768 816 et

200 853 374 906 media
398 862 551 923 parte
582 851 639 907 in
673 867 820 907 mare
854 851 903 906 d.
926 851 1012 906 llus
1033 864 1146 914 nte,
1179 850 1345 907 alteza
1392 866 1518 923 pars
1550 851 1766 921 turgida

196 944 397 1000 montis
425 943 655 1014 erigitur
684 944 877 1000 forma.
933 943 1023 999 Sic
1052 960 1151 999 nos
1184 945 1312 999 otim
1349 943 1567 998 alienati
1597 958 1627 997 a
1657 941 1770 997 Deo

198 1049 286 1104 per
314 1035 656 1102 superbiam,
696 1050 792 1106 per
834 1034 1090 1105 baptismi
1133 1016 1439 1107 symbolum
1474 1031 1767 1098 bnmil’ati,

198 1127 459 1198 trigimiir
489 1128 543 1181 in
576 1127 684 1183 alta
716 1145 729 1182 :
782 1127 919 1195 Quia
940 1128 1031 1198 qui
1054 1144 1109 1181 se
1145 1126 1528 1190 humiliauerit,
1556 1122 1770 1178 exalta-

198 1221 365 1274 υἱέων.
401 1218 536 1274 Pars
565 1229 772 1287 autem,
805 1237 925 1291 quae
951 1219 1071 1274 11.ιῆ
1097 1222 1148 1273 in
1185 1234 1354 1284 mare,
1383 1217 1718 1272 amaricatur
1750 1233 1765 1271 :

196 1323 311 1363 cuin
345 1324 475 1364 arca
504 1307 622 1377 Dei,
651 1310 754 1364 hoc
778 1321 887 1375 est,
917 1324 1117 1379 corpus
1149 1308 1376 1371 Christi,
1406 1323 1512 1362 non
1544 1307 1774 1361 munda-

198 1401 261 1454 tis
278 1416 397 1457 non
428 1399 658 1471 profuit,
691 1402 787 1458 sed
813 1401 869 1457 in
899 1401 1141 1457 deterius
1173 1399 1262 1456 illa
1289 1400 1539 1455 mutavit.
1571 1396 1770 1468 Sequi-

198 1504 274 1549 tur
302 1512 322 1551 :

264 1652 283 1685 ι
323 1632 396 1688 Et
419 1642 541 1687 erat
563 1631 806 1689 Joannes
835 1634 1064 1689 vestitus
1102 1631 1224 1702 pilis
1255 1630 1476 1699 cameli,
1524 1641 1580 1686 et
1631 1647 1770 1686 zona

196 1726 417 1797 pctIieea
441 1726 587 1780 circa
616 1726 829 1780 lumbos
850 1740 868 1794 ;
893 1734 951 1779 et
991 1725 1248 1790 locustas,
1282 1733 1337 1778 et
1368 1724 1473 1778 mel
1519 1724 1770 1779 silvestre

194 1817 428 1884 edebat;
463 1826 516 1871 et
561 1817 890 1885 praedicabat
938 1817 1146 1870 dicens.
1184 1832 1202 1866 i
1238 1812 1413 1869 Vestis
1459 1799 1762 1884 prophetae,
1799 1811 1843 1870 Β

196 1917 247 1960 et
271 1905 452 1973 cibus,
484 1916 540 1960 et
564 1916 723 1975 potus
758 1912 921 1960 totam
950 1914 1223 1959 austeram
1254 1905 1417 1958 vitam
1462 1905 1770 1974 praedican-

198 1997 325 2051 tiuni
355 1995 667 2063 signiﬁcant
703 2015 719 2055 ;
754 2007 810 2050 et
838 1995 1049 2051 futuras
1071 2005 1257 2067 gentes
1286 1998 1352 2050 ad
1376 1998 1604 2066 gratiam
1652 1995 1770 2062 Dei,

196 2102 310 2156 qua:
348 2097 429 2141 est
459 2085 720 2153 Joannes,
748 2087 896 2143 intus
924 2097 975 2140 et
1006 2088 1139 2141 foris
1168 2100 1291 2141 esse
1334 2086 1770 2157 conjungeiidas.

199 2178 322 2234 Pilis
350 2193 485 2234 vero
509 2179 936 2245 caineli,divites
966 2179 1210 2250 gentium
1240 2193 1256 2232 :
1281 2188 1329 2233 et
1350 2194 1488 2233 zona
1521 2179 1772 2248 pellicea,

199 2285 463 2341 pauperes
490 2270 693 2326 mundo
716 2273 913 2327 mortui
940 2272 1203 2330 :locustis
1228 2272 1481 2339 serratis,
1499 2273 1776 2342 sapientes

199 2362 353 2430 hujus
380 2363 607 2419 mundi:
636 2364 726 2432 qui
755 2364 982 2434 stipulas
1009 2362 1215 2419 Judaeis
1250 2363 1433 2419 aridis
1453 2364 1774 2434 relinqueno

204 2463 301 2518 tes,
334 2451 610 2509 frumenta
638 2455 867 2526 mystica
900 2455 1152 2511 cruribus
1200 2457 1453 2522 trahunt,
1478 2468 1532 2511 et
1584 2456 1640 2512 in
1685 2471 1776 2512 ea-

202 2545 313 2599 lore
376 2545 505 2601 fidei
568 2548 739 2601 saltus
795 2546 1149 2614 inhabitant;
1185 2558 1239 2602 et
1305 2547 1463 2603 melle
1513 2547 1773 2611 silvestri,

203 2637 389 2693 ﬁdeles
421 2638 705 2707 inspiratis
733 2638 802 2695 de
825 2639 1025 2694 inculta
1054 2640 1190 2695 silva
1223 2641 1437 2711 ignibus
1488 2640 1774 2709 prwparati

204 2742 266 2783 ac
314 2739 632 2799 mergentes
685 2732 1093 2798 significantur.
1127 2730 1259 2798 Qua:
1309 2732 1546 2786 omniaa
1602 2731 1774 2809 gratia

202 2816 476 2888 Evangelii
508 2832 797 2876 sumuntur
827 2839 842 2877 :
878 2821 931 2876 lii
956 2838 1058 2892 qua
1092 2839 1195 2878 non
1224 2832 1301 2878 est
1352 2822 1627 2878 distinctio
1670 2819 1774 2875 Ju-

199 2914 297 2969 ἀεὶ
321 2926 370 2970 et
399 2913 571 2995 erei
598 2915 774 2983 (Rom.
806 2932 859 2981 s,
893 2917 1005 2985 η).

276 3067 295 3101 ι
332 3048 499 3103 Venit
526 3049 718 3104 fortior
752 3066 836 3104 me
889 3060 1011 3120 post
1057 3066 1165 3107 me.
1196 3070 1215 3104 ι
1268 3048 1404 3118 Quis
1446 3049 1639 3106 fortior
1692 3061 1778 3106 est

202 3142 396 3212 gr..tia,
426 3158 534 3211 qua
569 3155 787 3210 pcreata
848 3142 1186 3201 abluuntur?
1214 3143 1307 3199 ille
1364 3144 1643 3207 nimirum,
1681 3143 1770 3211 qui
1802 3166 1846 3225 ο

203 3235 400 3302 septies
431 3244 487 3287 et
518 3235 827 3304 Septuagies
854 3236 1058 3303 septies
1110 3234 1335 3289 remittit
1370 3244 1615 3304 peccata.
1640 3232 1778 3289 Gia-

204 3325 272 3376 tia
303 3326 459 3393 prior
482 3325 695 3393 quidem
722 3335 824 3390 est,
851 3326 945 3380 sed
986 3325 1154 3381 semel
1185 3326 1411 3381 remittit
1443 3341 1542 3396 per
1569 3325 1777 3394 baptis-

202 3432 370 3472 mum.
402 3416 782 3472 Misericordia
812 3432 941 3472 vero
969 3417 1023 3471 in
1054 3419 1285 3473 miseros
1313 3416 1382 3473 ab
1406 3420 1579 3472 Adam
1610 3433 1781 3487 usque

202 3509 267 3563 ad
278 3509 359 3563 Ch
371 3510 591 3575 :iStum,
607 3523 703 3578 per
718 3510 1055 3579 septuaginta
1073 3518 1277 3578 septem
1295 3508 1670 3574 generationes
1690 3522 1707 3564 :
1726 3516 1779 3562 et

203 3615 367 3669 usque
385 3598 453 3653 ad
472 3613 687 3653 centum
707 3602 1062 3669 quadraginta
1077 3609 1307 3668 quatuor
1324 3598 1488 3652 millia
1508 3600 1779 3669 pervenit.

273 3709 293 3743 ι
326 3690 503 3760 Cujus
532 3705 637 3743 non
666 3705 786 3744 sum
818 3691 1010 3760 dignus
1023 3691 1384 3761 procumbens
1424 3691 1636 3746 solvere
1656 3707 1781 3746 eor-

202 3782 391 3851 rigiam
424 3782 906 3837 calciamentorum
950 3782 1092 3851 ejus.
1131 3800 1150 3833 ι
1215 3780 1330 3835 Νοιι
1354 3792 1435 3834 est
1462 3783 1619 3847 digna
1666 3773 1809 3835 sola

198 3880 368 3945 gratia
418 3878 785 3947 procumbens
819 3875 871 3929 in
904 3875 1170 3944 baptismo
1225 3874 1433 3928 solvere
1487 3875 1777 3940 corrigiam

200 3967 692 4020 t'alciaiiientoruin
734 3966 874 4035 ejus,
917 3964 969 4019 id
1008 3970 1115 4031 est,
1146 3964 1464 4035 mysterium
1526 3965 1779 4017 incarna-

198 4058 367 4115 tionis
404 4058 521 4113 Dei.
554 4058 689 4113 Calx
721 4060 867 4111 enini
914 4068 1159 4112 extrema
1212 4062 1345 4125 pars‘
1367 4064 1452 4111 est
1514 4055 1775 4124 corporis.

198 4148 253 4201 lii
285 4150 396 4204 line
434 4149 579 4202 enim
616 4151 680 4201 ad
710 4149 979 4218 justitiam
1015 4147 1170 4201 adest
1222 4147 1473 4202 Salvator
1529 4147 1780 4199 incarna-

199 4251 304 4297 tus.
366 4240 524 4296 Unde
575 4240 711 4295 bene
757 4256 852 4311 per
912 4244 1228 4310 pl'Opilelalli
1269 4241 1507 4294 dicitur:
1540 4236 1606 4291 In
1644 4236 1777 4292 Idu-

194 4348 388 4387 sncain
437 4332 721 4391 extendam
775 4331 1180 4385 calciamentum
1230 4347 1401 4384 meum
1451 4330 1629 4401 (Psal.
1664 4346 1776 4397 Lis,

198 4426 287 4498 £0)
321 4445 339 4482 :
372 4428 501 4498 quia
529 4427 636 4481 nisi
660 4427 921 4495 jungatur
945 4426 1173 4480 scientia
1203 4425 1448 4494 spiritus,
1494 4439 1651 4477 nemo
1682 4439 1776 4493 per

1872 576 2090 633 Christo
2142 588 2195 634 et
2251 580 2530 650 apostolis,
2581 581 2777 651 quibus
2835 577 3288 635 dicitur:Estote
3323 595 3450 648 prn-

1872 667 2051 723 dentes
2108 670 2248 724 sicut
2280 682 2560 738 serpentes.
2615 682 2665 726 rt
2705 672 2966 742 simplices
3002 671 3139 725 sicut
3194 671 3452 726 columba!

1876 759 2089 829 (Matth.
2111 777 2165 828 ι,
2199 762 2312 833 lli).
2345 761 2619 830 Sequitur.

1953 868 1979 908 α
2011 854 2123 923 Ego
2157 853 2422 921 baptizavi
2456 870 2549 908 vos
2577 853 2630 908 iii
2660 869 2798 927 aqua
2833 871 2848 909 :
2880 853 2969 909 ille
3004 870 3131 909 vero
3157 853 3453 926 baptizabit

1874 956 1970 1016 vos
2001 943 2056 997 in
2090 941 2295 1013 Spit-itu
2354 953 2569 999 sancto.
2611 963 2629 995 ι
2673 944 2764 997 Dei
2824 960 2954 1001 vero
2980 944 3178 1001 fluvius
3235 961 3451 1016 semper

1873 1032 2085 1099 plenus,
2117 1048 2331 1104 semper
2362 1044 2444 1087 est
2505 1032 2730 1102 :eqiralis
2758 1052 2771 1088 :
2803 1034 2869 1087 de
2926 1049 3034 1103 quo
3077 1034 3279 1088 dictum
3310 1045 3395 1089 est
3430 1051 3446 1089 :

1875 1119 2141 1176 Fluminis
2172 1122 2423 1190 impetus,
2451 1121 2688 1192 lwtiﬁcat
2706 1124 2969 1177 ciuitatem
3001 1123 3099 1177 Dei
3125 1123 3281 1195 (Psal
3323 1139 3447 1186 xcv.

1874 1216 1952 1287 5).
1984 1215 2123 1283 Quid
2155 1218 2400 1282 interest,
2434 1218 2577 1272 inter
2608 1234 2800 1288 aquam
2828 1230 2879 1273 et
2899 1218 3155 1289 Spiritum
3179 1232 3448 1296 sanctum,

1875 1309 1970 1378 qui
2002 1309 2275 1363 ferebatur
2322 1325 2489 1380 super
2526 1311 2735 1381 aquas?
2762 1314 2915 1381 Aqua
2951 1311 3316 1368 ministerium
3367 1325 3452 1369 est

1876 1401 2114 1455 hominis
2155 1416 2172 1457 :
2208 1402 2441 1471 Spiritus
2474 1417 2604 1456 vero
2630 1402 2992 1457 ministerium
3026 1414 3109 1458 est
3150 1404 3266 1458 Dei.
3297 1403 3451 1460 Unde

1873 1494 2135 1562 scriptum
2171 1503 2252 1548 est
2284 1513 2298 1549 :
2331 1494 2563 1561 Spiritus
2616 1494 2712 1548 Dei
2775 1497 3038 1565 ferebatur
3082 1512 3237 1562 super
3284 1513 3452 1568 aquas

1874 1583 2028 1653 (Gen.
2053 1599 2094 1647 ι,
2127 1583 2202 1654 Ξ).
2234 1583 2424 1654 Super,
2465 1586 2658 1655 inquit,
2690 1602 2794 1641 non
2843 1587 3052 1642 subter.
3079 1585 3229 1642 Sicut
3275 1588 3453 1642 excel-

1874 1678 2080 1732 lentior
2107 1687 2190 1731 est
2235 1679 2438 1744 anima,
2463 1693 2624 1748 quam
2694 1694 2895 1748 corpus
2954 1678 3095 1748 quod
3164 1680 3324 1747 regit,
3379 1681 3453 1734 ita

1872 1770 2198 1825 eminentior
2230 1780 2314 1826 est
2349 1771 2574 1839 spiritus
2632 1786 2795 1841 quam
2855 1771 3062 1825 anima.
3095 1768 3203 1826 Sed
3252 1771 3456 1825 mansit

1875 1877 2041 1932 super
2071 1877 2192 1917 eum
2227 1862 2451 1939 spiritus
2484 1882 2497 1918 :
2538 1866 2652 1920 haec
2686 1876 2768 1920 est
2808 1864 2995 1918 uuvtio
3024 1862 3227 1918 Christi
3252 1876 3455 1917 secun-

1873 1955 2004 2008 dum
2060 1968 2303 2016 carnem,
2338 1953 2401 2006 de
2435 1968 2538 2022 qua
2580 1954 2824 2010 dieitur:
2866 1952 3149 2020 Propterea
3201 1953 3354 2006 unxit
3408 1963 3456 2004 te

1874 2044 2036 2109 Deus,
2073 2043 2209 2099 Deus
2240 2053 2383 2107 tuus,
2441 2043 2553 2099 oleo
2594 2046 2792 2099 lwtitia:
2823 2061 2932 2112 pm
2965 2043 3298 2098 consortibus
3353 2043 3458 2095 tuis

1876 2131 2051 2205 (Psal.
2083 2148 2233 2199 xciv,
2264 2134 2343 2204 8).
2369 2132 2557 2188 Oleum
2591 2148 2696 2186 non
2757 2142 2934 2202 potest
2959 2146 3079 2188 esse
3128 2132 3228 2186 sub
3270 2147 3408 2200 aqua
3436 2150 3453 2186 :

1873 2225 1953 2278 sic
1988 2234 2203 2278 creator
2237 2239 2342 2278 non
2371 2232 2552 2294 potest
2574 2224 2672 2277 sub
2686 2220 3171 2278 creatura.0leum
3204 2220 3272 2276 de
3301 2236 3455 2274 ama-

1876 2314 2119 2368 ritudine
2157 2314 2333 2384 surgit
2368 2313 2591 2378 radicis,
2619 2324 2675 2370 et
2714 2314 2766 2368 in
2825 2313 3085 2383 pabulum
3118 2312 3361 2379 luminis,
3397 2319 3457 2365 et

1877 2407 1930 2461 iii
1969 2406 2328 2461 medicamina
2385 2404 2695 2470 vulnerum,
2732 2413 2786 2460 et
2822 2404 2876 2458 in
2939 2402 3290 2458 refectionem
3325 2417 3456 2457 esu-

1877 2498 2155 2561 rientiuni,
2183 2498 2234 2550 in
2265 2500 2546 2553 cacumine
2565 2497 2783 2551 t-rescit.
2820 2495 2973 2551 Unde
3008 2496 3063 2549 lit
3100 2496 3283 2550 unctio
3330 2508 3456 2547 eor-

1877 2590 2023 2658 poris
2044 2586 2251 2643 Christi
2280 2586 2390 2644 ide
2419 2587 2787 2643 amaritudine
2827 2587 3124 2658 passionis,
3157 2596 3211 2657 et
3262 2600 3457 2656 perve-

1876 2680 1959 2733 nit
1987 2678 2055 2732 ad
2093 2677 2319 2747 gloriam
2354 2677 2774 2734 resurrectionis
2805 2694 2820 2733 :
2847 2678 2988 2733 unde
3019 2693 3118 2732 nos
3165 2678 3457 2746 Apostolus

1879 2776 2156 2838 admonet,
2190 2772 2379 2827 dicens
2410 2787 2429 2830 :
2466 2770 2579 2826 lloc
2603 2772 2740 2826 enim
2782 2772 2966 2824 sen.ite
2996 2772 3051 2824 in
3085 2769 3251 2834 vobis,
3311 2772 3456 2839 quot

1878 2871 1926 2915 ct
1965 2864 2018 2916 in
2058 2861 2266 2918 Christo
2309 2861 2464 2926 Iesu,
2510 2874 2565 2917 et
2618 2862 2821 2931 reliqua
2849 2901 2865 2926 ,
2900 2876 3061 2927 usque
3106 2861 3178 2912 ad
3215 2870 3458 2921 mortem,

1880 2965 2097 3008 mortem
2131 2968 2304 3008 autem
2340 2956 2513 3009 crucis
2541 2970 2560 3008 :
2592 2970 2722 3024 prop
2744 2969 2800 3008 er
2840 2955 3046 3023 quodet
3103 2952 3243 3005 Deus
3301 2950 3459 3005 exal-

1883 3047 2011 3100 tuvit
2039 3046 2212 3113 illum,
2247 3056 2298 3101 et
2342 3047 2560 3100 donauit
2606 3045 2687 3099 illi
2745 3060 2951 3109 nomen,
2983 3043 3122 3114 quod
3178 3055 3252 3096 est
3299 3056 3459 3110 super

1878 3154 2030 3192 omne
2060 3155 2245 3192 nomen
2271 3155 2289 3196 .‘
2326 3145 2450 3209 quia
2479 3137 2736 3192 Dominus
2769 3137 2924 3192 Jesus
2959 3140 3010 3191 in
3041 3138 3212 3209 gloria
3256 3146 3332 3189 est
3362 3135 3461 3190 Dei

1878 3229 2057 3285 Pa.ris
2083 3230 2341 3302 (Philipp.
2376 3231 2439 3296 il,
2475 3229 2652 3297 5-H).
2702 3292 2709 3301 ,

1956 3340 1973 3373 ι
2015 3322 2077 3375 Et
2111 3324 2309 3375 laetum
2357 3330 2439 3376 est
2475 3322 2526 3376 iii
2585 3322 2785 3376 diebus
2852 3318 2983 3385 illis,
3046 3319 3192 3373 venit
3233 3317 3390 3374 Jcsus
3428 3333 3459 3372 a

1880 3413 2148 3470 Nazareth
2179 3414 2450 3470 Galilaiie:
2481 3424 2535 3470 et
2585 3415 2886 3483 baptizatus
2941 3423 3028 3468 est
3078 3413 3131 3467 iii
3163 3411 3397 3467 Jordaiie
3431 3430 3461 3464 a

1876 3505 2107 3561 Joanne.
2152 3506 2216 3560 Et
2247 3508 2431 3562 statim
2488 3509 2790 3563 ascendens
2820 3508 2885 3560 de
2937 3521 3074 3575 aqua
3127 3508 3258 3560 vidit
3291 3505 3461 3558 cuiius

1879 3607 2097 3666 apertos
2131 3636 2147 3662 ,
2181 3607 2237 3651 et
2276 3599 2524 3666 spiiitum
2564 3608 2817 3664 tanquam
2877 3595 3184 3651 columbam
3231 3595 3462 3650 descen-

1879 3689 2121 3753 dentem,
2157 3695 2211 3741 et
2243 3699 2551 3741 manentem
2583 3687 2637 3739 iit
2674 3687 2812 3754 ipso.
2843 3684 2910 3740 Et
2944 3701 3045 3739 vox
3079 3684 3224 3739 furta
3260 3693 3343 3738 est
3390 3686 3458 3738 de

1877 3780 2031 3851 caelis
2060 3794 2076 3832 z
2104 3778 2185 3832 'l‘u
2212 3794 2270 3831 es
2299 3776 2469 3834 Filius
2497 3794 2649 3832 meus
2673 3778 2925 3842 dilectus,
2951 3777 3004 3830 iii
3038 3786 3092 3829 te
3117 3775 3454 3845 couiplaeui:

1877 3886 1931 3927 et
1963 3873 2148 3927 statim
2202 3873 2424 3941 spiritus
2447 3871 2792 3941 expuliteiitn
2838 3871 2891 3923 iu
2925 3872 3200 3924 desertum
3225 3879 3318 3924 :et
3342 3879 3460 3923 erat

1880 3968 1955 4021 ibi
1992 3966 2046 4020 in
2079 3967 2295 4020 deserto
2347 3964 2705 4033 quadraginta
2741 3961 2955 4025 dictus,
2989 3970 3047 4016 et
3095 3961 3457 4032 quadraginta

1881 4055 2176 4110 noctibus:
2210 4063 2263 4107 et
2319 4052 2633 4108 tentabatur
2692 4066 2722 4104 a
2782 4052 3005 4105 Sitaiia.
3042 4047 3282 4120 Eratque
3332 4065 3459 4104 eum

1878 4145 2091 4211 bestiis,
2126 4152 2178 4200 et
2208 4144 2383 4213 atigrli
2412 4143 2802 4198 ministrabant
2837 4141 2935 4196 illi.
2975 4160 2995 4194 ι
3031 4141 3249 4197 Marcus
3284 4124 3455 4197 cvan-

1878 4240 2071 4307 gelista
2101 4238 2244 4290 sicut
2265 4252 2459 4291 cervus
2482 4237 2548 4290 ad
2583 4235 2763 4291 fonzcs
2810 4250 3074 4304 aquatum
3112 4235 3458 4300 desiderans,

1878 4328 2048 4382 saltus
2076 4328 2129 4380 iii
2164 4325 2346 4395 planis
2384 4339 2437 4383 et
2492 4328 2676 4381 arduis
2707 4327 2799 4382 dat
2838 4337 2939 4394 ;et
2972 4326 3205 4382 culmina
3252 4337 3461 4380 tantum

1879 4430 2153 4488 pratorum
2187 4420 2385 4489 carpit,
2418 4431 2474 4475 et
2512 4419 2719 4487 palmas
2783 4421 2835 4474 in
2875 4421 3073 4475 vertice
3127 4426 3313 4487 portat
3350 4435 3365 4485 ;
3408 4433 3462 4473 et

194 4522 431 4589 gratiam
468 4519 810 4573 remissionis
832 4518 1124 4588 investigat
1143 4516 1537 4570 incarnationis
1567 4513 1768 4570 Christi
1804 4520 1851 4581 υ
1879 4514 2020 4567 γυιυι
2050 4513 2166 4582 apis
2194 4513 2474 4578 mellillua,
2507 4511 2670 4567 liores
2700 4513 2841 4582 agri,
2870 4512 2955 4566 cui
2990 4512 3122 4567 odor
3151 4512 3263 4566 veri
3313 4510 3465 4566 Isaac

195 4611 519 4681 tiiysteriuiii
546 4608 815 4678 quomodo
845 4606 1074 4662 Verliiiin
1105 4621 1235 4661 caro
1257 4604 1461 4659 factum
1482 4615 1564 4659 est
1590 4620 1607 4660 :
1639 4608 1781 4659 unde

193 4717 330 4757 caro
385 4700 590 4757 Christi
618 4739 647 4765 ,.
694 4702 837 4756 unde
893 4701 1097 4763 anima,
1152 4701 1294 4753 unde
1326 4698 1554 4769 spiritus
1616 4701 1783 4755 sumit

194 4794 511 4858 exordium,
548 4803 607 4847 ut
638 4792 803 4847 homo
860 4806 1020 4845 verus
1074 4792 1167 4844 flat
1208 4804 1306 4859 per
1333 4790 1518 4843 omnia
1577 4789 1784 4860 absque

194 4890 428 4949 peccato
466 4892 563 4938 :et
591 4880 735 4935 Deus
769 4895 929 4934 vertis
960 4879 1012 4933 in
1038 4878 1148 4933 Deo
1183 4895 1312 4934 vero
1356 4881 1489 4933 sine
1514 4880 1783 4949 principio

194 4975 347 5026 idem
388 4972 531 5027 lilius
560 4973 821 5038 hominis,
851 4973 943 5042 qui
979 4980 1062 5028 est
1095 4974 1147 5026 iii
1194 4972 1335 5051 caelo
1365 4989 1380 5027 :
1411 4980 1464 5026 et
1508 4973 1783 5041 quomodo

193 5074 468 5133 tanquam
510 5080 743 5132 sponsus
794 5067 1088 5135 procedens
1143 5064 1210 5119 de
1259 5066 1500 5119 thalamo
1547 5080 1670 5130 suo,
1728 5065 1782 5119 id

191 5168 304 5220 est,
334 5156 589 5225 virginali
627 5166 803 5222 utero,
838 5160 1081 5211 clausum
1116 5158 1446 5226 relinquens.
1481 5156 1634 5212 Unde
1688 5157 1786 5211 ad-

192 5249 463 5301 veniente
492 5263 621 5301 vero
656 5261 876 5316 sponso,
914 5250 1107 5302 donius
1138 5247 1438 5302 discalciati
1468 5249 1662 5301 dicitur
1687 5248 1785 5301 do-

192 5354 321 5392 nius
347 5338 600 5402 Joannis,
638 5340 729 5405 qui
760 5338 927 5393 dicit:
955 5338 1057 5402 Qui
1089 5339 1237 5392 habet
1274 5354 1538 5408 sponsam,
1562 5354 1783 5407 sponsus

191 5444 269 5485 est
314 5430 507 5503 (Joan.
536 5446 615 5496 ni,
639 5432 755 5502 29).
787 5429 937 5486 Unde
960 5435 1014 5485 in
1038 5433 1217 5501 specie
1247 5431 1507 5486 Columbae
1532 5424 1787 5501 "Spiritus

188 5534 435 5580 sanctus
457 5523 764 5579 descendit.
796 5524 892 5578 Cui
922 5539 974 5576 ιιι
1006 5524 1229 5578 Caniieo
1257 5526 1591 5578 canticorum
1637 5525 1787 5578 cani-

186 5606 325 5671 tnr‘:
369 5613 585 5684 Sponsa
610 5631 745 5684 mea,
770 5616 945 5669 amica
968 5632 1111 5682 mea,
1133 5617 1373 5684 proxima
1410 5633 1546 5681 mea,
1590 5615 1784 5668 dilecta

185 5724 335 5774 mea,
390 5708 633 5762 columba
682 5726 797 5763 mea
851 5707 1032 5780 (Cant.
1066 5724 1139 5775 tv,
1171 5706 1225 5775 Ἰ,
1263 5708 1339 5775 8;
1369 5722 1419 5773 ν,
1447 5708 1523 5777 ‘2).
1576 5700 1787 5775 Sponsa

182 5818 240 5856 tu
264 5803 629 5872 patriarchis,
651 5804 826 5857 amica
845 5801 896 5856 iii
915 5801 1218 5872 prophetis,
1248 5800 1490 5873 proxima
1509 5802 1560 5855 in
1586 5799 1783 5870 Josepli

1881 4606 2193 4671 simulatur,
2279 4606 2588 4659 summatim
2682 4617 2906 4674 gustat:
2968 4602 3463 4659 uiideab'azaretb

1881 4696 2112 4752 Calda-ai
2168 4699 2473 4751 venientem
2524 4695 2713 4751 Jesuni
2760 4700 2828 4751 ad
2859 4698 3186 4767 baptismum
3251 4697 3302 4750 iii
3337 4694 3462 4751 Jor-

1882 4793 2023 4843 daue
2070 4805 2103 4843 a
2155 4787 2367 4845 Joanne
2421 4798 2703 4859 acceptum
2760 4799 3019 4844 enarrat:
3071 4799 3125 4843 et
3175 4788 3356 4843 statim
3395 4788 3464 4841 de

1883 4896 2020 4948 aqua
2080 4883 2409 4943 ascendisse,
2471 4890 2526 4934 et
2582 4891 2803 4948 apertos
2858 4880 3027 4935 ctelos
3097 4879 3313 4939 vidisse.
3399 4885 3457 4931 et

1883 4974 2131 5042 spiritum
2199 4982 2258 5027 ut
2312 4972 2615 5059 εοιυιιιξιειιιι
2675 4974 3068 5037 descendisse,
3119 4981 3173 5026 et
3229 4970 3280 5023 iii
3344 4968 3466 5037 ipso

1884 5067 2176 5131 mansisse,
2211 5074 2267 5119 et
2295 5078 2427 5119 voce
2462 5066 2526 5118 de
2553 5063 2708 5119 caelis
2743 5064 2883 5119 laeta
2919 5063 3119 5125 l'atris,
3152 5063 3208 5116 in
3260 5061 3460 5115 dilecto

1886 5156 1997 5211 lilio
2035 5156 2429 5227 eomplacuisse
2457 5171 2475 5212 :
2502 5166 2557 5210 et
2585 5157 2842 5226 spiritum
2891 5171 3042 5209 eum.
3082 5154 3136 5207 in
3178 5154 3456 5207 desertum

1884 5248 2181 5319 expulisse,
2215 5257 2270 5302 et
2293 5255 2559 5302 tentatum
2591 5264 2619 5300 a
2646 5248 2847 5302 Satana
2878 5244 3240 5315 quadraginta
3262 5242 3463 5299 diebus

1884 5350 1939 5394 et
1970 5341 2218 5396 noctibus
2263 5341 2437 5395 luisse
2495 5355 2619 5394 cum
2654 5341 2972 5403 bestiisyet
3034 5335 3241 5405 angelis
3300 5334 3466 5391 inini-

1886 5435 2188 5489 Straiitihus
2229 5442 2625 5488 commoratum
2684 5446 2824 5485 esse.
2860 5430 2960 5496 Qui
2989 5428 3123 5483 ordo
3179 5426 3458 5481 moraliter

1888 5527 2043 5581 nobis
2071 5525 2364 5581 secundum
2397 5524 2601 5580 Christi
2653 5523 2957 5592 exemplum
2990 5522 3304 5591 sequendus
3353 5534 3462 5583 esi,

1888 5619 2267 5675 festinantibus
2320 5618 2391 5673 ad
2454 5618 2726 5673 consonia
2784 5615 3048 5685 angelica,
3087 5628 3250 5683 quem
3309 5609 3469 5668 Jesus

1889 5712 2041 5781 prius
2071 5727 2233 5779 opere
2280 5709 2522 5765 ostendit
2575 5724 2734 5777 quam
2770 5721 2906 5761 voce
2953 5706 3191 5759 doceret.
3223 5702 3314 5759 Sic
3367 5719 3467 5757 nos

1891 5804 1955 5860 de
1999 5802 2334 5859 volubilitate
2377 5800 2587 5865 mundi,
2629 5798 2881 5869 pendula:
2935 5797 3234 5856 voluntatis
3295 5797 3467 5852 odore
