3934 6200
463 311 568 375 615

1379 311 1438 372 S.
1485 309 1926 374 IIlEBONYMI
1973 310 2283 371 Ol’EBUM
2330 311 2738 373 MANTISSA.

3599 301 3702 365 616

459 431 611 491 ﬂoris
658 429 920 486 munditia
978 429 1132 484 tracti
1164 467 1180 492 ,
1231 443 1352 481 cum
1417 427 1850 484 adolescentibus
1915 436 2033 496 post
2062 431 2107 490 Α
2139 429 2320 482 statim
2347 431 2560 483 vocavit
2593 429 2736 482 illos.
2779 427 2844 482 Et
2875 427 3070 482 relicto
3106 433 3260 494 patre
3293 438 3394 480 suo
3446 421 3708 476 Zebrda-o

460 537 721 592 Sponsum
749 522 1015 572 currimus
1041 537 1054 574 :
1081 529 1132 570 et
1167 533 1263 587 per
1302 519 1558 585 baptismi
1601 530 1938 573 sacramenta
1973 520 2038 570 de

462 613 672 667 dunlius
697 612 936 664 fontibus
967 611 1293 674 dilectionis,
1323 610 1412 664 Dei
1436 620 1490 662 et
1514 610 1768 676 proximi,
1799 627 1824 660 a
1866 611 2037 677 gratia

467 708 830 767 remissionis.
863 706 1158 770 abluimur,
1196 715 1250 757 et
1279 706 1632 758 ascendentes
1661 704 1760 772 spe
1790 704 2037 758 caelestia

465 809 672 852 secreta
739 797 957 850 mundis
1007 799 1189 850 contis
1248 798 1420 851 oculis
1488 798 1786 852 intuemur.
1843 795 2043 850 Dehine

466 889 726 956 Spiritum
759 898 1005 941 sanctum
1025 889 1224 952 sp‘ritu
1250 889 1488 941 contrito
1511 898 1562 941 et
1583 887 1892 950 htttttiliato,
1921 902 2041 940 eum

469 978 702 1045 simplici
743 979 904 1030 corde
935 980 1352 1032 descendentem
1382 979 1812 1038 ad‘mansuetos,
1845 988 1896 1029 et
1923 993 2043 1030 cum

467 1069 736 1123 cbaritate
758 1083 1031 1135 nunquam
1048 1068 1299 1132 radente,
1326 1081 1634 1123 manentem
1679 1081 1786 1121 sust
1807 1067 2044 1136 ipimus:

469 1172 526 1214 et
549 1176 652 1214 vox
695 1161 759 1213 de
786 1163 938 1214 castis
981 1159 1190 1212 Domini
1225 1161 1288 1212 ad
1331 1175 1426 1212 nos
1458 1175 1483 1210 a
1511 1159 1620 1212 Duo
1652 1158 1880 1211 dilectos
1918 1159 2050 1211 diri-

471 1253 634 1318 pitur,
677 1251 829 1304 Beati
867 1251 1096 1320 paciﬁci,
1151 1252 1398 1320 quoniam
1463 1250 1562 1317 ﬁlii
1601 1248 1696 1306 Dei
1728 1252 2081 1321 voeabuntur‘

473 1345 768 1414 (.llattli.v,
807 1347 885 1410 9).
919 1345 983 1397 Et
1028 1356 1154 1398 tunc
1204 1348 1255 1400 in
1332 1345 1488 1398 nobis
1543 1344 1842 1409 complacet
1892 1345 2052 1398 Pater

471 1453 592 1491 cum
629 1437 786 1500 Klio,
811 1449 859 1488 et
885 1435 1089 1500 Spiritu
1117 1448 1314 1488 saneto
1368 1436 1584 1504 quando
1621 1435 1886 1488 ιξιῐὶώιιιυι⁸
1915 1452 2052 1488 unus

474 1528 695 1596 Spiritus
723 1543 846 1578 cum
904 1529 1032 1580 Deo.
1071 1524 1223 1582 Unde
1250 1526 1421 1582 Filius
1470 1523 1682 1578 Patrem
1748 1525 2053 1594 iuterprllat

475 1635 572 1689 pro
607 1621 784 1684 nobis,
837 1620 1066 1671 dicens:
1103 1617 1262 1669 Pater
1309 1628 1506 1679 sancte,
1556 1633 1806 1670 conserva
1855 1633 1940 1670 eos
1999 1619 2052 1670 in

475 1711 686 1765 nomine
713 1719 820 1770 tuo,
845 1727 970 1778 quos
997 1710 1186 1762 dedisti
1227 1710 1374 1773 tui/ti,
1410 1720 1461 1762 ut
1487 1711 1588 1762 sint
1638 1725 1798 1762 unum
1847 1709 1984 1765 sicut
2004 1719 2053 1761 et

478 1817 570 1854 nos
603 1817 762 1853 unum
787 1817 966 1853 sumus
987 1800 1170 1868 (Joan.
1200 1816 1332 1864 xvtt,
1380 1802 1487 1868 ll).
1531 1801 1682 1857 Tunc
1708 1803 1932 1868 spiritus
1959 1820 2054 1858 nos

477 1890 694 1958 expellit
714 1890 764 1942 in
791 1889 1008 1944 deserto
1037 1888 1468 1957 qnadragenario
1493 1903 1720 1941 numero
1770 1890 2056 1943 lentandus

479 1998 508 2036 a
541 1981 738 2035 Satana
769 2000 783 2034 :
821 1989 877 2033 ut
911 1981 1168 2048 patientia
1198 1981 1352 2033 nobis
1389 1979 1785 2047 probationem,
1809 1979 2056 2048 probato

480 2082 573 2126 ant
610 2087 660 2125 m
697 2087 868 2140 spem,
909 2086 1033 2137 spes
1084 2086 1211 2123 vero
1251 2071 1573 2125 charitatetn
1627 2080 1844 2140 generet
1876 2071 2052 2140 (Rom.

478 2178 529 2225 v,
561 2162 613 2224 4,
643 2162 741 2230 5);
776 2176 898 2214 cum
939 2177 1043 2215 non
1110 2161 1178 2215 sit
1244 2161 1402 2214 nobis
1445 2162 1755 2217 colluctatio
1800 2163 2059 2215 adversus

477 2269 696 2306 carnem
729 2264 780 2305 et
815 2254 1134 2321 sanguinem
1173 2269 1187 2309 :
1219 2253 1309 2306 sed
1367 2253 1630 2306 adversus
1690 2253 2056 2322 principatus,

478 2357 530 2398 ct
560 2345 765 2413 reliqua
803 2343 1020 2414 (Ep/tes.
1057 2358 1128 2406 vt,
1163 2346 1272 2412 t2).
1299 2343 1365 2397 Et
1414 2355 1542 2398 tunc
1607 2345 1792 2400 uestitu
1855 2356 2060 2414 picata:

479 2449 640 2490 erunt
671 2439 978 2501 nobiscum,
1007 2452 1127 2490 cum
1151 2439 1202 2488 in
1238 2454 1360 2490 arca
1389 2439 1582 2489 animm
1606 2450 1825 2503 nosme,
1862 2442 2057 2492 ιιιιιιιοΙξι

477 2543 600 2581 eum
641 2529 934 2583 immundis
983 2528 1307 2580 animalibus
1353 2531 1806 2593 mansucst-imns,
1849 2539 1902 2583 et
1935 2545 2058 2584 cunt

482 2618 734 2672 leonibus
774 2619 914 2671 sicut
940 2617 1124 2672 Daniel
1155 2619 1463 2682 cubamus:
1500 2634 1616 2672 cum
1669 2623 1892 2687 spiritus
1954 2638 2058 2676 non

480 2712 552 2764 sit
578 2712 840 2764 adversus
873 2725 1094 2765 carnem
1128 2722 1181 2764 et
1220 2713 1567 2782 Sanguinem,
1594 2729 1690 2768 nec
1746 2729 1876 2767 caro
1933 2730 2062 2768 cnn-

481 2803 710 2872 cnpiscit
739 2805 998 2858 adversus
1019 2804 1297 2872 spiritum.
1367 2803 1493 2857 Post
1527 2807 1638 2859 luec
1687 2807 1862 2872 angeli
1906 2807 2064 2860 mitti-

479 2896 603 2959 stri,
637 2897 729 2964 qui
767 2896 953 2949 vident
987 2895 1181 2950 faciem
1231 2894 1405 2950 Patris
1440 2899 1605 2950 nostri
1641 2899 1692 2951 in
1719 2898 1890 2964 cretis,
1925 2914 2065 2954 sem-

483 2997 581 3052 per
616 2985 904 3042 mittuntur
922 2984 1105 3051 nobis,
1130 2993 1189 3038 ut
1212 2999 1475 3054 reSponsa
1499 2995 1552 3039 at
1571 2987 1762 3040 solatia
1807 2988 2062 3042 cordibus

2139 519 2193 572 in
2257 519 2379 572 navi
2456 535 2576 574 Cum
2644 521 3020 581 mercenariis,
3110 518 3279 572 secuti
3336 529 3458 569 sunt
3507 533 3646 570 etttn.
3687 535 3704 567 ι

2141 610 2273 664 Nam
2311 613 2410 663 nisi
2427 611 2782 675 credideritis,
2817 628 2920 663 non
2953 610 3254 679 intelligetis
3322 607 3459 674 (Ira.
3494 625 3590 671 vti,
3633 607 3710 673 9;.

2143 701 2574 757 Atttaritudinetn
2625 703 2840 763 radicis,
2877 703 3110 755 dulcedo
3173 699 3316 768 pomi
3350 710 3660 768 etnnpensat
3697 715 3712 751 :

2145 793 2382 861 pericula
2422 797 2609 857 maris,
2641 809 2763 860 spes
2798 794 2930 846 lucri
2957 795 3090 848 delet
3113 803 3227 846 tat:
3261 791 3348 846 dol
3370 807 3500 846 παι)
3553 791 3714 845 midi-

2147 874 2303 944 cittte.
2341 899 2464 953 spes
2500 885 2693 937 Salutis
2724 883 2952 953 mitigat.
2991 884 3093 949 Qui
3151 885 3423 938 desiderat
3470 883 3719 936 nucleum

2147 975 2346 1043 frangit
2378 990 2593 1027 nucem.
2631 974 3017 1028 Paenitentiam
3073 975 3204 1045 agit,
3236 977 3326 1044 qni
3370 974 3482 1026 vult
3521 983 3719 1029 aeterno

2151 1069 2292 1121 bono
2355 1067 2655 1120 adhaerere.
2708 1067 2982 1120 Prtcconia
3029 1065 3230 1120 Christi
3288 1081 3510 1122 narrare
3566 1065 3721 1134 digne

2152 1167 2406 1224 possunt,
2456 1159 2547 1224 qui
2594 1157 2659 1210 ad
2709 1157 2942 1220 palmam
3003 1158 3348 1227 indulgentia:
3411 1167 3721 1214 meruerunt

2153 1251 2457 1320 pervenire.
2497 1251 2624 1305 Post
2651 1251 2770 1306 haec
2807 1261 3073 1305 vocantur
3106 1252 3256 1306 missi
3283 1262 3517 1319 quatuor
3556 1251 3722 1320 pisca-

2157 1356 2320 1398 tores.
2349 1342 2560 1407 Simon,
2596 1353 2651 1396 et
2679 1343 2925 1396 Andreas
2957 1359 2973 1398 :
2999 1340 3237 1396 Jacobus
3272 1352 3324 1395 et
3351 1340 3612 1404 Joannes,
3641 1356 3724 1394 re-

2155 1436 2292 1489 lictis
2323 1436 2551 1498 retibus,
2577 1445 2728 1502 patre
2751 1443 2805 1488 et
2839 1449 2976 1488 nare
3007 1449 3128 1488 cum
3180 1432 3556 1488 mercenariis.
3614 1430 3725 1485 Hac

2155 1525 2416 1595 quadriga
2451 1527 2700 1578 vehimur
2717 1523 2784 1576 ad
2815 1525 3041 1586 aituera,
3066 1531 3127 1576 ut
3156 1521 3301 1576 Elias
3337 1536 3352 1576 :
3379 1520 3464 1574 his
3497 1528 3727 1587 quatuor

2157 1619 2368 1685 angulis
2413 1617 2751 1671 construitur
2806 1615 2981 1685 prima
3031 1615 3273 1670 Ecclesia
3307 1630 3323 1680 ;
3353 1613 3438 1668 his
3460 1621 3726 1681 (quatuor

2160 1705 2351 1757 llllt'ris
2379 1703 2681 1768 Hebraicis,
2712 1703 2766 1756 id
2809 1713 2915 1765 est,
2966 1701 3473 1772 Tetragrammaton
3493 1693 3516 1706 “
3535 1714 3728 1754 nomen

2161 1795 2370 1849 Domini
2407 1797 2720 1865 agnoscitur
2742 1811 2772 1849 a
2803 1797 2978 1850 nobis.
3009 1793 3222 1862 Quibus
3275 1795 3439 1850 simili
3484 1793 3730 1864 exemplo

2159 1888 2489 1954 praecipitur,
2527 1899 2582 1940 ut
2629 1888 2916 1942 audiamus
2957 1903 3142 1941 vocem
3203 1886 3412 1942 Domini
3465 1886 3730 1949 vocantis,

2158 1990 2213 2033 et
2242 1979 2627 2034 obliviscamur
2665 1979 2919 2050 populum
2959 1980 3240 2045 vitiorum,
3272 1987 3329 2034 et
3355 1981 3583 2060 domum
3639 1993 3733 2048 pa-

2161 2081 2330 2126 ternae
2377 2071 2708 2136 traditionis,
2745 2088 2866 2142 quas
2897 2083 2982 2128 est
3026 2073 3256 2128 Stultitia
3313 2071 3472 2140 Deo;
3506 2080 3563 2126 et
3623 2081 3731 2125 rete

2161 2179 2505 2230 aranearum,
2549 2165 2600 2217 in
2631 2179 2736 2232 qu.»
2785 2181 2882 2218 nos
2912 2167 3060 2219 velut
3116 2166 3318 2219 culices
3384 2180 3519 2233 pene
3551 2163 3730 2229 lapsos

2164 2256 2379 2309 tenebat
2401 2271 2495 2309 aer
2523 2257 2700 2310 inanis
2736 2272 2752 2321 ;
2787 2273 2974 2311 navem
3007 2259 3251 2327 pristina:
3301 2256 3732 2312 conversationis

2163 2345 2539 2401 abominantes
2574 2349 2844 2416 :peltibns
2875 2350 3021 2402 enim
3053 2350 3278 2404 mortuis
3312 2353 3508 2420 tegitur
3535 2351 3734 2411 Adam,

2163 2443 2254 2510 qni
2301 2443 2512 2512 genitor
2539 2453 2624 2498 cst
2651 2457 2835 2499 noster
2889 2448 3190 2500 secundum
3226 2460 3468 2500 carnem.
3496 2445 3563 2500 Et
3594 2462 3734 2500 nunc

2164 2535 2409 2602 deposito
2445 2545 2628 2589 vetere
2663 2537 2903 2600 homine,
2940 2553 3062 2592 cum
3121 2539 3333 2593 actibus
3372 2538 3508 2604 suis,
3540 2554 3737 2593 novum

2165 2638 2456 2694 sequentes
2490 2627 2786 2695 hominem,
2831 2630 3060 2695 pellibus
3127 2631 3356 2698 tegimur
3409 2632 3738 2694 Salomonis,

2165 2719 2360 2786 quibus
2383 2733 2575 2786 sponsa
2603 2721 2864 2788 gloriatur
2881 2737 2938 2775 se
2961 2721 3156 2777 iactam
3173 2739 3291 2778 esse
3310 2722 3629 2800 formosam.
3657 2723 3738 2777 $.-

2167 2822 2291 2860 nton
2318 2806 2556 2861 obediens
2582 2823 2605 2872 ,°
2627 2812 2894 2876 Andreas,
2919 2813 3089 2866 virilis
3112 2829 3130 2876 ;
3153 2812 3737 2884 Jat-ob,supptautans.

2163 2893 2419 2962 Joannes,
2458 2900 2659 2968 gratia,
2688 2903 2741 2954 in
2784 2901 2974 2957 Latino
3026 2917 3202 2960 sonat.
3237 2905 3446 2972 Quibus
3512 2915 3745 2977 quatuor

2169 2989 2478 3043 nominibus
2532 2991 2586 3044 in
2640 3007 2830 3064 agmen
2886 2995 3096 3051 Domini
3153 2999 3533 3067 conjungimur
3565 3014 3583 3052 :
3617 3001 3744 3054 obe—

480 3082 535 3126 et
575 3073 926 3140 vigilantibus
957 3077 1106 3139 dent,
1141 3075 1385 3130 dicentes
1420 3091 1436 3129 :
1478 3073 1748 3129 Exuit-ma
1781 3091 1854 3131 est
1888 3081 2060 3132 oratio
2093 3112 2134 3167 ο
2169 3081 2364 3132 «tientia
2393 3120 2409 3143 ,
2465 3093 2522 3135 nt
2577 3086 2862 3141 audiamus
2898 3105 2912 3152 ;
2952 3089 3231 3152 virilitate,
3286 3099 3343 3143 ut
3395 3107 3698 3159 pugnemus
3731 3109 3745 3147 :

483 3175 576 3215 tua
602 3162 754 3232 (Luc.
791 3179 832 3232 t,
863 3166 974 3234 l3).
1007 3165 1092 3231 Et,
1125 3164 1306 3219 Nolite
1341 3166 1541 3230 timere,
1567 3165 1748 3220 Iesum
1767 3181 2058 3238 qurereutes

483 3253 828 3310 Nazarenam
857 3257 1051 3325 (Marc,
1091 3273 1200 3320 xvi,
1236 3259 1309 3326 6).
1349 3257 1434 3322 Et,
1477 3259 1584 3327 Ego
1621 3275 1748 3328 quos
1779 3277 1922 3324 amo,
1969 3279 2061 3314 ar-

481 3361 603 3415 guo,
634 3355 684 3398 et
734 3348 936 3421 castigo
996 3346 1285 3414 (Λροεριιι,
1313 3347 1398 3414 19)
1438 3365 1450 3401 :
1484 3359 1559 3410 et,
1612 3345 1865 3400 Vincenti
1923 3350 2064 3402 dabo

483 3440 647 3487 edere
675 3433 741 3486 de
784 3437 950 3498 ligno,
979 3437 1118 3504 quod
1153 3437 1306 3490 estin
1340 3435 1595 3503 paradiso
1619 3435 1710 3489 Dei
1736 3437 1838 3490 mei
1875 3439 2059 3507 (.tpoc.

492 3543 548 3592 tt,
577 3527 650 3590 7).
688 3526 985 3593 Sequitur:

563 3636 581 3666 ι
621 3616 916 3683 Postquam
983 3623 1165 3671 autem
1227 3617 1458 3677 traditus
1495 3628 1576 3671 est
1626 3616 1884 3680 Joannes,
1917 3621 2066 3672 venit

483 3707 643 3763 Jesus
675 3709 725 3760 in
759 3708 1031 3762 Galilaeam
1054 3708 1351 3776 praedicans
1378 3709 1728 3778 Evangelium
1771 3712 1918 3782 regni
1949 3711 2060 3776 Dei,

484 3810 539 3852 ct
563 3799 750 3852 dicens
784 3817 798 3854 :
837 3798 1104 3870 Quoniam
1140 3799 1421 3868 impletum
1480 3801 1828 3872 est'tempus,
1856 3812 1912 3857 et
1967 3819 2066 3873 ap-

485 3891 874 3964 propinquabit
917 3907 1139 3962 regnum
1194 3891 1308 3948 Dei.
1359 3911 1377 3945 ι
1412 3892 1704 3964 Postquam
1752 3895 2065 3965 accepimus

485 3985 718 4052 gratiam
762 3999 860 4053 pro
891 3987 1063 4052 gratia
1098 3983 1281 4054 (Joan.
1310 4004 1347 4052 ι,
1375 3987 1488 4056 16),
1511 3989 1748 4042 Carnalia
1787 3989 2067 4044 decollan-

488 4085 596 4138 tnr,
630 4076 929 4142 Spiritnalia
963 4077 1306 4131 viviticautur
1334 4094 1349 4135 :
1379 4090 1625 4135 cessante
1662 4083 1881 4147 umbra,
1906 4082 2069 4136 adest

490 4165 716 4219 veritas.
750 4164 987 4220 Joannes
1019 4167 1071 4219 itt
1133 4182 1375 4232 earcere.
1406 4169 1492 4226 lex
1542 4171 1596 4224 in
1649 4171 1856 4238 Judaea,
1909 4173 2066 4230 Jesus

490 4254 542 4306 in
583 4255 698 4309 Gali
725 4272 798 4308 rea
832 4273 846 4321 ;
880 4259 1024 4313 salus
1057 4257 1110 4316 in
1171 4262 1444 4328 gentibus,
1475 4264 1775 4330 praedicans
1821 4265 2069 4334 Evange-

492 4349 620 4401 lium
659 4352 809 4419 regni
846 4366 862 4410 ,ι
898 4351 1322 4421 Beatipauperes
1373 4358 1582 4423 spiritu,
1614 4361 1863 4425 quoniam
1922 4360 2068 4430 ipso-

2168 3177 2706 3244 snpptantatioueLut
2732 3194 3144 3246 perseveremus
3173 3199 3187 3240 :
3218 3181 3415 3250 gratia,
3443 3193 3501 3235 ut
3529 3197 3747 3236 conser-

2169 3282 2378 3320 ventur.
2415 3266 2539 3327 Nisi
2570 3270 2714 3323 enim
2747 3270 2999 3326 Dominus
3033 3273 3375 3341 wdiﬁcaoerit
3425 3280 3666 3340 domum,
3693 3279 3742 3331 in

2165 3352 2356 3410 cauum
2374 3359 2638 3425 laborant,
2663 3363 2750 3434 qui
2772 3363 3035 3432 redi/icon:
3058 3381 3196 3419 eam.
3227 3365 3395 3435 (Psal.
3423 3372 3618 3432 ’cxsvr,
3676 3369 3745 3438 Ι).

2167 3452 2297 3518 Quae
2325 3461 2557 3520 quatuor
2577 3455 2804 3508 virtutes
2832 3457 3142 3512 cardinales
3163 3459 3426 3516 dicuntur
3451 3476 3470 3517 :
3494 3465 3624 3530 quia
3661 3479 3749 3530 per

2168 3545 2537 3616 prudentiam,
2565 3546 2852 3601 obedimus
2894 3563 3022 3616 :per
3048 3548 3343 3619 justitiam,
3374 3553 3610 3612 viriliter
3642 3555 3751 3624 agi-

2169 3651 2286 3688 mus
2320 3654 2333 3690 :
2367 3649 2465 3704 per
2497 3639 2935 3706 temperantiam,
2964 3651 3276 3710 serpentem
3307 3644 3588 3701 calcamus
3621 3662 3751 3712 ;per

2168 3725 2566 3794 fortitudinem,
2604 3731 2832 3799 gratiam
2872 3731 2966 3786 Dei
2999 3747 3294 3789 tueremur.
3328 3733 3490 3792 Curis
3513 3737 3746 3794 fratrum

2168 3831 2465 3890 occupatus
2481 3821 2720 3878 Marcum
2744 3826 3131 3895 evangelistam
3158 3828 3471 3900 explanare,
3497 3841 3554 3886 ut
3583 3834 3749 3896 votui,

2171 3927 2278 3966 non
2312 3912 2472 3979 valui,
2503 3914 2596 3970 sed
2629 3915 2778 3970 illum
2819 3917 3083 3985 imitatus,
3121 3924 3434 3978 summatim
3465 3923 3591 3992 ejus
3634 3940 3752 3995 pro.

2169 4003 2283 4074 pris
2316 4011 2604 4073 tangozet
2629 4007 2771 4061 sicut
2820 4005 2964 4063 Ruth
3012 4019 3239 4079 cognata
3299 4010 3502 4068 Christi
3549 4015 3752 4082 spicas.

2167 4105 2226 4150 et
2245 4111 2494 4151 racemos
2516 4096 2584 4152 de
2611 4109 2736 4168 post
2757 4108 3044 4166 metentes,
3064 4101 3252 4158 Noemi
3279 4104 3485 4160 orbatae
3530 4107 3748 4177 colligo.

2169 4184 2273 4242 Sed
2306 4189 2510 4242 utinam
2541 4189 2608 4242 ad
2631 4188 2774 4244 Booz
2808 4207 2907 4260 per
2941 4193 3082 4248 hanc
3109 4196 3390 4268 penuriam
3418 4214 3595 4255 meam
3618 4216 3749 4255 eon-

2173 4279 2308 4330 vivia
2347 4279 2708 4346 pervenirem,
2737 4281 2940 4336 furtum
2973 4277 3243 4340 laudabile
3261 4287 3471 4344 iaciens
3499 4293 3512 4347 ι
3538 4292 3754 4352 Marciis

2171 4367 2312 4418 dicta
2342 4366 2617 4437 Evangelii
2642 4369 2696 4422 in
2723 4372 3040 4440 semetipso,
3067 4389 3174 4427 non
3211 4375 3263 4429 in
3291 4381 3604 4449 semetipsis
3650 4385 3759 4436 dis-

489 4455 606 4492 ruut
647 4453 719 4494 est
754 4458 965 4512 regnum
993 4445 1240 4500 cie/orum
1286 4447 1502 4517 (.llautt.
1539 4464 1587 4511 v,
1621 4450 1696 4519 5).
1729 4450 1916 4521 Regno
1962 4461 2069 4506 ter-
2101 4458 2148 4516 ο
2175 4473 2398 4527 ponens,
2431 4463 2677 4517 ordinem
2705 4464 2946 4518 historia:
2999 4479 3109 4520 non
3163 4479 3409 4536 secutus,
3459 4445 3758 4541 mysterio-

490 4546 619 4584 reno
659 4535 899 4587 succedit
921 4547 1210 4605 paupertas
1242 4553 1258 4598 ;
1288 4541 1586 4608 paupertati
1619 4539 2060 4597 Christianorum

493 4620 754 4674 tribuitur
808 4637 1032 4692 regnum
1083 4627 1472 4695 sempiternum
1509 4669 1522 4682 .
1586 4628 1739 4685 Unde
1807 4631 2068 4687 Dominus

488 4711 620 4764 dicit
656 4727 670 4767 :
698 4712 924 4782 Regnum
964 4732 1137 4775 meum
1171 4734 1272 4775 non
1304 4733 1377 4773 est
1407 4721 1472 4777 de
1493 4722 1590 4775 hoc
1638 4723 1831 4780 mundo
1881 4723 2065 4792 (Joau.

495 4818 649 4869 svnt,
709 4805 824 4873 56).
873 4805 1065 4862 Omnis
1111 4811 1254 4864 enim
1308 4812 1482 4867 honor
1544 4825 1814 4876 terrenus,
1863 4831 2068 4883 spuma:

492 4911 644 4966 aqua:
669 4901 854 4968 gracili
937 4901 1016 4954 vel
1071 4901 1237 4969 fumo,
1304 4905 1385 4958 vel
1427 4906 1637 4960 somnio
1701 4919 2066 4975 comparatur.

495 4989 759 5055 Sequitur
798 5005 813 5044 :
1821 5044 1827 5051 .

569 5101 586 5130 ι
621 5081 987 5146 l’oenitemini,
1011 5093 1062 5138 et
1090 5070 1296 5140 credite
1324 5085 1631 5157 Evangelia.
1661 5080 1722 5140 Et
1748 5089 2067 5159 praeteriens

493 5184 653 5224 secus
707 5188 853 5226 mare
904 5174 1157 5237 Galilaate,
1185 5177 1320 5229 vidit
1364 5175 1642 5231 Simonem
1685 5187 1740 5232 et
1793 5180 2065 5238 Andream

490 5261 712 5316 fratrem
745 5265 882 5332 ejus,
912 5270 1187 5321 mittentes
1212 5271 1344 5321 retia
1378 5270 1429 5322 itt
1463 5283 1631 5324 mare.
1666 5270 1835 5328 Erant
1886 5285 2064 5327 autem

489 5357 806 5420 piscatores.
845 5355 910 5410 Et
941 5359 1074 5412 dixit
1102 5359 1181 5413 eis
1223 5357 1382 5414 Jesus
1416 5378 1428 5414 :
1457 5359 1650 5415 Venite
1699 5374 1820 5431 post
1871 5381 1976 5428 me,
2016 5376 2068 5422 et

488 5447 683 5500 faciant
715 5465 812 5502 vos
841 5449 956 5504 ﬁeri
1011 5453 1313 5520 piscatores
1363 5452 1662 5509 hominum.
1693 5455 1758 5509 Et
1818 5461 2066 5526 protinus

491 5540 692 5592 relictis
721 5543 945 5605 retibus,
976 5545 1146 5597 secuti
1167 5553 1295 5598 sunt
1315 5560 1460 5600 eum.
1489 5545 1552 5598 Et
1575 5562 1914 5615 .progressus
1945 5553 2068 5606 inde

489 5628 765 5694 pusillum,
801 5633 933 5685 vidit
961 5631 1229 5687 Jacobutn
1254 5633 1516 5701 Zebedzei,
1559 5647 1614 5691 et
1639 5636 1901 5693 Joannem
1958 5641 2066 5694 fra-

490 5724 628 5769 trem
653 5721 790 5788 t-jus,
817 5734 869 5776 et
907 5725 1054 5792 ipsos
1101 5741 1488 5795 componentes
1528 5730 1662 5784 retia
1717 5732 1768 5784 in
1804 5735 1925 5787 navi
1961 5751 1975 5788 :
2011 5745 2065 5789 et

2179 4563 2299 4602 rum
2333 4552 2578 4607 ordinem
2609 4562 2811 4608 servat.
2848 4553 3002 4610 Unde
3036 4556 3092 4611 in
3115 4557 3359 4632 sabbatis
3379 4559 3618 4632 primam
3651 4564 3760 4620 vir-

2182 4649 2346 4696 tutem
2383 4654 2588 4710 narrat,
2622 4647 2809 4702 dicens
2839 4663 2855 4704 :

2255 4751 2274 4786 ι
2306 4732 2368 4786 Ει
2394 4734 2769 4804 ingrediuntur
2784 4739 3163 4808 Capharnaum
3183 4763 3196 4798 :
3219 4755 3272 4801 et
3289 4747 3474 4801 statim
3504 4747 3764 4808 Sabbatis

2177 4826 2454 4897 ingressus
2490 4829 2543 4882 in
2577 4844 2904 4907 synagogam
2937 4835 3164 4890 docebat
3195 4852 3288 4893 eos
3322 4854 3338 4893 :
3373 4849 3427 4894 et
3467 4844 3766 4910 stupebant

2177 4933 2340 4990 super
2361 4921 2612 4979 doctrina
2642 4924 2782 4994 ejus.
2821 4923 2952 4981 Erat
2999 4929 3143 4981 enim
3193 4929 3396 4984 docens
3431 4945 3548 4996 eos,
3607 4934 3761 4999 quasi

2177 5021 2497 5080 potestatem
2536 5015 2760 5079 habens,
2795 5025 2849 5071 et
2881 5033 2986 5072 non
3010 5019 3153 5074 sicut
3181 5022 3402 5076 scribae.
3433 5022 3502 5076 Et
3555 5025 3761 5077 eratin

2177 5115 2448 5172 synagoga
2472 5117 2661 5157 eorum
2695 5106 2857 5161 homo
2884 5108 2935 5161 in
2981 5107 3176 5175 spiritu
3231 5109 3534 5178 immundo,
3570 5121 3630 5166 et
3665 5129 3764 5165 ex-

2176 5193 2428 5247 clamavit
2451 5195 2636 5250 dicens
2661 5213 2676 5250 :
2703 5198 2840 5264 Quid
2868 5199 3022 5254 nobis
3045 5210 3097 5252 et
3122 5201 3239 5266 tibi,
3281 5201 3407 5256 Jesu
3439 5202 3760 5259 Nazarene:

2176 5283 2373 5337 venisti
2407 5287 2634 5352 perdere
2657 5303 2752 5341 nos
2782 5286 2805 5338 Ἰ
2833 5289 2956 5342 Scio
2999 5291 3093 5360 qui
3124 5294 3222 5354 sis,
3254 5304 3479 5348 sanctus
3538 5294 3667 5349 Dei.
3699 5295 3764 5351 Et

2175 5376 2544 5429 comminatus
2580 5386 2661 5431 est
2703 5379 2751 5432 ei
2803 5377 2982 5444 Jesus,
3011 5382 3197 5437 dicens
3236 5397 3253 5440 :
3283 5382 3651 5450 Obmutesce,
3709 5396 3764 5440 et

2175 5453 2261 5518 e’xi
2287 5468 2353 5519 de
2380 5467 2618 5550 homine.
2652 5468 2718 5522 Et
2745 5471 3052 5541 discerpens
3097 5490 3218 5529 eum
3247 5476 3474 5545 spiritus
3517 5478 3762 5531 immun-

2175 5558 2298 5621 dus,
2335 5569 2390 5614 et
2412 5560 2727 5616 exclamans
2756 5578 2884 5617 voce
2911 5581 3124 5635 magna.
3179 5570 3311 5621 exiit
3338 5573 3406 5624 ab
3435 5583 3518 5622 eo.
3551 5567 3626 5626 Et
3655 5567 3761 5624 mi-

2177 5648 2278 5700 rati
2309 5660 2436 5702 sunt
2467 5665 2677 5717 omnes,
2715 5652 2784 5706 ita
2826 5663 2883 5707 ut
2937 5658 3324 5724 conquirerent
3373 5662 3508 5712 inter
3538 5673 3607 5714 se
3669 5660 3760 5714 di-

2175 5752 2360 5797 centes
2393 5741 2696 5809 :Quidnatn
2746 5754 2830 5801 est
2862 5745 2965 5804 hoc
2999 5746 3292 5818 iiquaentun
3341 5751 3587 5808 doctrina
3647 5736 3800 5833 haec:
