  <div class='ocr_page' id='page_1' title='image "/cluster/home/n/w/nwhite01/storage/ocr_20150623/30/hvd.32044096580527/314.png"; bbox 0 0 3934 6200; ppageno 0'>
   <div class='ocr_carea' id='block_1_1' title="bbox 255 317 352 388">
    <p class='ocr_par' dir='ltr' id='par_1_1' title="bbox 255 317 352 388">
     <span class='ocr_line' id='line_1_1' title="bbox 255 317 352 388; baseline 0.041 -4"><span class='ocrx_word' id='word_1_1' title='bbox 255 317 352 388; x_wconf 77' lang='grc'><strong>(17</strong></span> 
     </span>
    </p>
   </div>
   <div class='ocr_carea' id='block_1_2' title="bbox 1363 313 2390 391">
    <p class='ocr_par' dir='ltr' id='par_1_2' title="bbox 1363 313 2390 391">
     <span class='ocr_line' id='line_1_2' title="bbox 1363 313 2390 391; baseline 0 -3"><span class='ocrx_word' id='word_1_2' title='bbox 1363 315 1773 390; x_wconf 78' lang='lat' dir='ltr'><strong>EXPOSITIO</strong></span> <span class='ocrx_word' id='word_1_3' title='bbox 1817 316 1900 389; x_wconf 80' lang='lat' dir='ltr'><strong>IN</strong></span> <span class='ocrx_word' id='word_1_4' title='bbox 2045 313 2390 390; x_wconf 74' lang='lat' dir='ltr'><strong>MARCUM.</strong></span> 
     </span>
    </p>
   </div>
   <div class='ocr_carea' id='block_1_3' title="bbox 3403 313 3510 386">
    <p class='ocr_par' dir='ltr' id='par_1_3' title="bbox 3403 313 3510 386">
     <span class='ocr_line' id='line_1_3' title="bbox 3403 313 3510 386; baseline -0.028 -2"><span class='ocrx_word' id='word_1_5' title='bbox 3403 313 3510 386; x_wconf 84' lang='lat' dir='ltr'><strong>6l8</strong></span> 
     </span>
    </p>
   </div>
   <div class='ocr_carea' id='block_1_4' title="bbox 253 419 3508 509">
    <p class='ocr_par' dir='ltr' id='par_1_4' title="bbox 253 419 3508 509">
     <span class='ocr_line' id='line_1_4' title="bbox 253 419 3508 509; baseline -0.004 -14"><span class='ocrx_word' id='word_1_6' title='bbox 253 452 385 495; x_wconf 80' lang='lat' dir='ltr'><strong>nova</strong></span> <span class='ocrx_word' id='word_1_7' title='bbox 411 434 436 490; x_wconf 67' lang='grc' dir='ltr'><strong>’Β</strong></span> <span class='ocrx_word' id='word_1_8' title='bbox 462 437 598 504; x_wconf 87' lang='lat' dir='ltr'><strong>Quia</strong></span> <span class='ocrx_word' id='word_1_9' title='bbox 630 437 683 492; x_wconf 82' lang='lat' dir='ltr'><strong>i‘n</strong></span> <span class='ocrx_word' id='word_1_10' title='bbox 712 439 981 507; x_wconf 81' lang='lat' dir='ltr'><strong>potestate</strong></span> <span class='ocrx_word' id='word_1_11' title='bbox 1006 437 1288 509; x_wconf 78' lang='lat' dir='ltr'><strong>spiritibus</strong></span> <span class='ocrx_word' id='word_1_12' title='bbox 1315 439 1610 494; x_wconf 84' lang='lat' dir='ltr'><strong>immundis</strong></span> <span class='ocrx_word' id='word_1_13' title='bbox 1651 438 1822 508; x_wconf 82' lang='lat' dir='ltr'><strong>impe-</strong></span> <span class='ocrx_word' id='word_1_14' title='bbox 1852 439 1902 498; x_wconf 78' lang='grc' dir='ltr'><strong>Δ</strong></span> <span class='ocrx_word' id='word_1_15' title='bbox 1927 438 2224 492; x_wconf 87' lang='lat' dir='ltr'><strong>secundum</strong></span> <span class='ocrx_word' id='word_1_16' title='bbox 2251 436 2499 492; x_wconf 79' lang='lat' dir='ltr'><strong>ordinem</strong></span> <span class='ocrx_word' id='word_1_17' title='bbox 2536 419 2931 488; x_wconf 65' lang='lat' dir='ltr'><strong>Melchisedech</strong></span> <span class='ocrx_word' id='word_1_18' title='bbox 2956 438 3199 494; x_wconf 84' lang='lat' dir='ltr'><strong>ostensa,</strong></span> <span class='ocrx_word' id='word_1_19' title='bbox 3231 427 3508 483; x_wconf 82' lang='lat' dir='ltr'><strong>oblatione</strong></span> 
     </span>
    </p>
   </div>
   <div class='ocr_carea' id='block_1_5' title="bbox 254 527 1827 602">
    <p class='ocr_par' dir='ltr' id='par_1_5' title="bbox 254 527 1827 602">
     <span class='ocr_line' id='line_1_5' title="bbox 254 527 1827 602; baseline -0.002 -15"><span class='ocrx_word' id='word_1_20' title='bbox 254 541 353 595; x_wconf 87' lang='lat' dir='ltr'><strong>rat,</strong></span> <span class='ocrx_word' id='word_1_21' title='bbox 389 541 446 587; x_wconf 91' lang='lat' dir='ltr'><strong>et</strong></span> <span class='ocrx_word' id='word_1_22' title='bbox 475 527 743 585; x_wconf 86' lang='lat' dir='ltr'><strong>obediunt</strong></span> <span class='ocrx_word' id='word_1_23' title='bbox 781 529 853 586; x_wconf 89' lang='lat' dir='ltr'><strong>ei.</strong></span> <span class='ocrx_word' id='word_1_24' title='bbox 880 531 948 588; x_wconf 84' lang='lat' dir='ltr'><strong>Et</strong></span> <span class='ocrx_word' id='word_1_25' title='bbox 973 532 1244 602; x_wconf 86' lang='lat' dir='ltr'><strong>processit</strong></span> <span class='ocrx_word' id='word_1_26' title='bbox 1280 547 1467 588; x_wconf 90' lang='lat' dir='ltr'><strong>rumor</strong></span> <span class='ocrx_word' id='word_1_27' title='bbox 1493 531 1610 602; x_wconf 78' lang='lat' dir='ltr'><strong>ejus</strong></span> <span class='ocrx_word' id='word_1_28' title='bbox 1642 531 1827 588; x_wconf 89' lang='lat' dir='ltr'><strong>statim</strong></span> 
     </span>
    </p>
   </div>
   <div class='ocr_carea' id='block_1_6' title="bbox 249 621 1832 695">
    <p class='ocr_par' dir='ltr' id='par_1_6' title="bbox 249 621 1832 695">
     <span class='ocr_line' id='line_1_6' title="bbox 249 621 1832 695; baseline -0.002 -16"><span class='ocrx_word' id='word_1_29' title='bbox 249 623 302 679; x_wconf 85' lang='lat' dir='ltr'><strong>in</strong></span> <span class='ocrx_word' id='word_1_30' title='bbox 323 637 540 679; x_wconf 86' lang='lat' dir='ltr'><strong>omnem</strong></span> <span class='ocrx_word' id='word_1_31' title='bbox 559 623 836 695; x_wconf 74' lang='lat' dir='ltr'><strong>regionem</strong></span> <span class='ocrx_word' id='word_1_32' title='bbox 859 621 1120 679; x_wconf 63' lang='lat' dir='ltr'><strong>Galilatc.</strong></span> <span class='ocrx_word' id='word_1_33' title='bbox 1165 623 1232 678; x_wconf 89' lang='lat' dir='ltr'><strong>Et</strong></span> <span class='ocrx_word' id='word_1_34' title='bbox 1259 623 1508 694; x_wconf 85' lang='lat' dir='ltr'><strong>protinus</strong></span> <span class='ocrx_word' id='word_1_35' title='bbox 1549 623 1832 694; x_wconf 80' lang='lat' dir='ltr'><strong>egredien-</strong></span> 
     </span>
    </p>
   </div>
   <div class='ocr_carea' id='block_1_7' title="bbox 253 713 1831 784">
    <p class='ocr_par' dir='ltr' id='par_1_7' title="bbox 253 713 1831 784">
     <span class='ocr_line' id='line_1_7' title="bbox 253 713 1831 784; baseline -0.004 -14"><span class='ocrx_word' id='word_1_36' title='bbox 253 725 330 770; x_wconf 89' lang='lat' dir='ltr'><strong>tes</strong></span> <span class='ocrx_word' id='word_1_37' title='bbox 357 715 423 768; x_wconf 90' lang='lat' dir='ltr'><strong>de</strong></span> <span class='ocrx_word' id='word_1_38' title='bbox 459 723 755 784; x_wconf 78' lang='lat' dir='ltr'><strong>synagoga.</strong></span> <span class='ocrx_word' id='word_1_39' title='bbox 800 726 1070 769; x_wconf 86' lang='lat' dir='ltr'><strong>venerunt</strong></span> <span class='ocrx_word' id='word_1_40' title='bbox 1120 713 1174 768; x_wconf 90' lang='lat' dir='ltr'><strong>iu</strong></span> <span class='ocrx_word' id='word_1_41' title='bbox 1210 714 1430 768; x_wconf 87' lang='lat' dir='ltr'><strong>domum</strong></span> <span class='ocrx_word' id='word_1_42' title='bbox 1484 713 1744 776; x_wconf 85' lang='lat' dir='ltr'><strong>Simonis,</strong></span> <span class='ocrx_word' id='word_1_43' title='bbox 1777 721 1831 767; x_wconf 89' lang='lat' dir='ltr'><strong>et</strong></span> 
     </span>
    </p>
   </div>
   <div class='ocr_carea' id='block_1_8' title="bbox 250 803 1830 862">
    <p class='ocr_par' dir='ltr' id='par_1_8' title="bbox 250 803 1830 862">
     <span class='ocr_line' id='line_1_8' title="bbox 250 803 1830 862; baseline 0 -3"><span class='ocrx_word' id='word_1_44' title='bbox 250 808 477 860; x_wconf 78' lang='lat' dir='ltr'><strong>Andreae</strong></span> <span class='ocrx_word' id='word_1_45' title='bbox 511 821 635 860; x_wconf 90' lang='lat' dir='ltr'><strong>cum</strong></span> <span class='ocrx_word' id='word_1_46' title='bbox 666 803 868 862; x_wconf 83' lang='lat' dir='ltr'><strong>Jacobo</strong></span> <span class='ocrx_word' id='word_1_47' title='bbox 897 813 951 860; x_wconf 90' lang='lat' dir='ltr'><strong>et</strong></span> <span class='ocrx_word' id='word_1_48' title='bbox 990 804 1220 861; x_wconf 80' lang='lat' dir='ltr'><strong>Joanne.</strong></span> <span class='ocrx_word' id='word_1_49' title='bbox 1253 805 1622 861; x_wconf 78' lang='lat' dir='ltr'><strong>Recumbebat</strong></span> <span class='ocrx_word' id='word_1_50' title='bbox 1650 813 1830 859; x_wconf 90' lang='lat' dir='ltr'><strong>autem</strong></span> 
     </span>
    </p>
   </div>
   <div class='ocr_carea' id='block_1_9' title="bbox 250 893 1832 964">
    <p class='ocr_par' dir='ltr' id='par_1_9' title="bbox 250 893 1832 964">
     <span class='ocr_line' id='line_1_9' title="bbox 250 893 1832 964; baseline -0.003 -10"><span class='ocrx_word' id='word_1_51' title='bbox 250 913 438 954; x_wconf 82' lang='lat' dir='ltr'><strong>socrus</strong></span> <span class='ocrx_word' id='word_1_52' title='bbox 467 897 707 952; x_wconf 81' lang='lat' dir='ltr'><strong>Simonis</strong></span> <span class='ocrx_word' id='word_1_53' title='bbox 755 893 1093 964; x_wconf 85' lang='lat' dir='ltr'><strong>febricitans,</strong></span> <span class='ocrx_word' id='word_1_54' title='bbox 1129 907 1184 952; x_wconf 90' lang='lat' dir='ltr'><strong>et</strong></span> <span class='ocrx_word' id='word_1_55' title='bbox 1217 897 1402 954; x_wconf 85' lang='lat' dir='ltr'><strong>statim</strong></span> <span class='ocrx_word' id='word_1_56' title='bbox 1436 897 1623 952; x_wconf 89' lang='lat' dir='ltr'><strong>dicunt</strong></span> <span class='ocrx_word' id='word_1_57' title='bbox 1654 895 1710 951; x_wconf 80' lang='lat' dir='ltr'><strong>ei</strong></span> <span class='ocrx_word' id='word_1_58' title='bbox 1765 896 1832 949; x_wconf 91' lang='lat' dir='ltr'><strong>de</strong></span> 
     </span>
    </p>
   </div>
   <div class='ocr_carea' id='block_1_10' title="bbox 252 991 1831 1063">
    <p class='ocr_par' dir='ltr' id='par_1_10' title="bbox 252 991 1831 1063">
     <span class='ocr_line' id='line_1_10' title="bbox 252 991 1831 1063; baseline -0.001 -15"><span class='ocrx_word' id='word_1_59' title='bbox 252 992 359 1048; x_wconf 88' lang='lat' dir='ltr'><strong>illa.</strong></span> <span class='ocrx_word' id='word_1_60' title='bbox 390 992 456 1046; x_wconf 85' lang='lat' dir='ltr'><strong>Et</strong></span> <span class='ocrx_word' id='word_1_61' title='bbox 485 991 771 1057; x_wconf 86' lang='lat' dir='ltr'><strong>accedens,</strong></span> <span class='ocrx_word' id='word_1_62' title='bbox 805 993 1038 1048; x_wconf 78' lang='lat' dir='ltr'><strong>elevavit</strong></span> <span class='ocrx_word' id='word_1_63' title='bbox 1090 995 1210 1048; x_wconf 83' lang='lat' dir='ltr'><strong>eam</strong></span> <span class='ocrx_word' id='word_1_64' title='bbox 1263 993 1603 1063; x_wconf 87' lang='lat' dir='ltr'><strong>apprehensa</strong></span> <span class='ocrx_word' id='word_1_65' title='bbox 1667 1007 1831 1046; x_wconf 92' lang='lat' dir='ltr'><strong>manu</strong></span> 
     </span>
    </p>
   </div>
   <div class='ocr_carea' id='block_1_11' title="bbox 252 1083 1834 1154">
    <p class='ocr_par' dir='ltr' id='par_1_11' title="bbox 252 1083 1834 1154">
     <span class='ocr_line' id='line_1_11' title="bbox 252 1083 1834 1154; baseline 0 -16"><span class='ocrx_word' id='word_1_66' title='bbox 252 1084 390 1154; x_wconf 80' lang='lat' dir='ltr'><strong>ejus,</strong></span> <span class='ocrx_word' id='word_1_67' title='bbox 424 1092 480 1137; x_wconf 89' lang='lat' dir='ltr'><strong>et</strong></span> <span class='ocrx_word' id='word_1_68' title='bbox 512 1083 776 1138; x_wconf 89' lang='lat' dir='ltr'><strong>continuo</strong></span> <span class='ocrx_word' id='word_1_69' title='bbox 827 1083 1034 1139; x_wconf 86' lang='lat' dir='ltr'><strong>dimisit</strong></span> <span class='ocrx_word' id='word_1_70' title='bbox 1083 1099 1202 1140; x_wconf 88' lang='lat' dir='ltr'><strong>eam</strong></span> <span class='ocrx_word' id='word_1_71' title='bbox 1236 1084 1405 1139; x_wconf 81' lang='lat' dir='ltr'><strong>febris</strong></span> <span class='ocrx_word' id='word_1_72' title='bbox 1433 1101 1448 1139; x_wconf 88' lang='lat'><strong>:</strong></span> <span class='ocrx_word' id='word_1_73' title='bbox 1481 1095 1533 1140; x_wconf 92' lang='lat' dir='ltr'><strong>et</strong></span> <span class='ocrx_word' id='word_1_74' title='bbox 1560 1083 1834 1138; x_wconf 60' lang='lat' dir='ltr'><strong>ministra.</strong></span> 
     </span>
    </p>
   </div>
   <div class='ocr_carea' id='block_1_12' title="bbox 253 1171 1830 1245">
    <p class='ocr_par' dir='ltr' id='par_1_12' title="bbox 253 1171 1830 1245">
     <span class='ocr_line' id='line_1_12' title="bbox 253 1171 1830 1245; baseline -0.001 -16"><span class='ocrx_word' id='word_1_75' title='bbox 253 1175 342 1229; x_wconf 85' lang='lat' dir='ltr'><strong>bat</strong></span> <span class='ocrx_word' id='word_1_76' title='bbox 381 1176 486 1230; x_wconf 86' lang='lat' dir='ltr'><strong>eis.</strong></span> <span class='ocrx_word' id='word_1_77' title='bbox 516 1174 750 1245; x_wconf 79' lang='lat' dir='ltr'><strong>Vespene</strong></span> <span class='ocrx_word' id='word_1_78' title='bbox 777 1186 957 1230; x_wconf 86' lang='lat' dir='ltr'><strong>autem</strong></span> <span class='ocrx_word' id='word_1_79' title='bbox 1017 1175 1181 1240; x_wconf 84' lang='lat' dir='ltr'><strong>facto,</strong></span> <span class='ocrx_word' id='word_1_80' title='bbox 1207 1191 1330 1230; x_wconf 91' lang='lat' dir='ltr'><strong>cum</strong></span> <span class='ocrx_word' id='word_1_81' title='bbox 1379 1171 1670 1231; x_wconf 76' lang='lat' dir='ltr'><strong>cecidisset</strong></span> <span class='ocrx_word' id='word_1_82' title='bbox 1727 1175 1830 1240; x_wconf 86' lang='lat' dir='ltr'><strong>sol,</strong></span> 
     </span>
    </p>
   </div>
   <div class='ocr_carea' id='block_1_13' title="bbox 224 1262 1836 1334">
    <p class='ocr_par' dir='ltr' id='par_1_13' title="bbox 224 1262 1836 1334">
     <span class='ocr_line' id='line_1_13' title="bbox 224 1262 1836 1334; baseline 0.002 -18"><span class='ocrx_word' id='word_1_83' title='bbox 224 1262 552 1329; x_wconf 50' lang='lat' dir='ltr'><strong>,alferebant</strong></span> <span class='ocrx_word' id='word_1_84' title='bbox 579 1265 647 1319; x_wconf 91' lang='lat' dir='ltr'><strong>ad</strong></span> <span class='ocrx_word' id='word_1_85' title='bbox 681 1279 806 1319; x_wconf 90' lang='lat' dir='ltr'><strong>eum</strong></span> <span class='ocrx_word' id='word_1_86' title='bbox 860 1280 1052 1334; x_wconf 87' lang='lat' dir='ltr'><strong>omnes</strong></span> <span class='ocrx_word' id='word_1_87' title='bbox 1112 1264 1249 1320; x_wconf 89' lang='lat' dir='ltr'><strong>tnale</strong></span> <span class='ocrx_word' id='word_1_88' title='bbox 1302 1266 1589 1329; x_wconf 85' lang='lat' dir='ltr'><strong>habentes,</strong></span> <span class='ocrx_word' id='word_1_89' title='bbox 1619 1273 1674 1318; x_wconf 89' lang='lat' dir='ltr'><strong>et</strong></span> <span class='ocrx_word' id='word_1_90' title='bbox 1729 1266 1836 1319; x_wconf 82' lang='lat' dir='ltr'><strong>dae-</strong></span> 
     </span>
    </p>
   </div>
   <div class='ocr_carea' id='block_1_14' title="bbox 252 1356 1832 1428">
    <p class='ocr_par' dir='ltr' id='par_1_14' title="bbox 252 1356 1832 1428">
     <span class='ocr_line' id='line_1_14' title="bbox 252 1356 1832 1428; baseline 0.002 -18"><span class='ocrx_word' id='word_1_91' title='bbox 252 1358 434 1412; x_wconf 88' lang='lat' dir='ltr'><strong>monia</strong></span> <span class='ocrx_word' id='word_1_92' title='bbox 474 1356 759 1414; x_wconf 76' lang='lat' dir='ltr'><strong>habentes.</strong></span> <span class='ocrx_word' id='word_1_93' title='bbox 794 1377 813 1410; x_wconf 72' lang='grc' dir='ltr'><strong>ι</strong></span> <span class='ocrx_word' id='word_1_94' title='bbox 856 1359 1234 1428; x_wconf 87' lang='lat' dir='ltr'><strong>Capharnaunt</strong></span> <span class='ocrx_word' id='word_1_95' title='bbox 1287 1358 1413 1412; x_wconf 70' lang='lat' dir='ltr'><strong>tilla</strong></span> <span class='ocrx_word' id='word_1_96' title='bbox 1456 1357 1832 1414; x_wconf 76' lang='lat' dir='ltr'><strong>consolationis</strong></span> 
     </span>
    </p>
   </div>
   <div class='ocr_carea' id='block_1_15' title="bbox 251 1448 1833 1520">
    <p class='ocr_par' dir='ltr' id='par_1_15' title="bbox 251 1448 1833 1520">
     <span class='ocr_line' id='line_1_15' title="bbox 251 1448 1833 1520; baseline 0.002 -19"><span class='ocrx_word' id='word_1_97' title='bbox 251 1448 644 1517; x_wconf 83' lang='lat' dir='ltr'><strong>interpretatur</strong></span> <span class='ocrx_word' id='word_1_98' title='bbox 679 1464 695 1501; x_wconf 91' lang='lat'><strong>:</strong></span> <span class='ocrx_word' id='word_1_99' title='bbox 727 1450 1010 1505; x_wconf 81' lang='lat' dir='ltr'><strong>sabbatum</strong></span> <span class='ocrx_word' id='word_1_100' title='bbox 1058 1457 1235 1504; x_wconf 88' lang='lat' dir='ltr'><strong>autem</strong></span> <span class='ocrx_word' id='word_1_101' title='bbox 1288 1450 1510 1520; x_wconf 75' lang='lat' dir='ltr'><strong>requies.</strong></span> <span class='ocrx_word' id='word_1_102' title='bbox 1557 1449 1733 1505; x_wconf 83' lang='lat' dir='ltr'><strong>Homo</strong></span> <span class='ocrx_word' id='word_1_103' title='bbox 1775 1451 1833 1504; x_wconf 89' lang='lat' dir='ltr'><strong>in</strong></span> 
     </span>
    </p>
   </div>
   <div class='ocr_carea' id='block_1_16' title="bbox 247 1542 1832 1613">
    <p class='ocr_par' dir='ltr' id='par_1_16' title="bbox 247 1542 1832 1613">
     <span class='ocr_line' id='line_1_16' title="bbox 247 1542 1832 1613; baseline 0.001 -19"><span class='ocrx_word' id='word_1_104' title='bbox 247 1543 448 1610; x_wconf 84' lang='lat' dir='ltr'><strong>spiritu</strong></span> <span class='ocrx_word' id='word_1_105' title='bbox 478 1543 778 1605; x_wconf 87' lang='lat' dir='ltr'><strong>immundo,</strong></span> <span class='ocrx_word' id='word_1_106' title='bbox 802 1556 970 1613; x_wconf 84' lang='lat' dir='ltr'><strong>genus</strong></span> <span class='ocrx_word' id='word_1_107' title='bbox 991 1542 1285 1596; x_wconf 83' lang='lat' dir='ltr'><strong>humanum</strong></span> <span class='ocrx_word' id='word_1_108' title='bbox 1331 1551 1414 1597; x_wconf 89' lang='lat' dir='ltr'><strong>est</strong></span> <span class='ocrx_word' id='word_1_109' title='bbox 1447 1557 1465 1600; x_wconf 86' lang='lat'><strong>:</strong></span> <span class='ocrx_word' id='word_1_110' title='bbox 1505 1543 1556 1596; x_wconf 90' lang='lat' dir='ltr'><strong>in</strong></span> <span class='ocrx_word' id='word_1_111' title='bbox 1588 1557 1695 1612; x_wconf 88' lang='lat' dir='ltr'><strong>quo</strong></span> <span class='ocrx_word' id='word_1_112' title='bbox 1728 1544 1832 1596; x_wconf 78' lang='lat' dir='ltr'><strong>im-</strong></span> 
     </span>
    </p>
   </div>
   <div class='ocr_carea' id='block_1_17' title="bbox 251 1634 1832 1706">
    <p class='ocr_par' dir='ltr' id='par_1_17' title="bbox 251 1634 1832 1706">
     <span class='ocr_line' id='line_1_17' title="bbox 251 1634 1832 1706; baseline 0.001 -18"><span class='ocrx_word' id='word_1_113' title='bbox 251 1635 522 1689; x_wconf 86' lang='lat' dir='ltr'><strong>munditia</strong></span> <span class='ocrx_word' id='word_1_114' title='bbox 551 1636 798 1705; x_wconf 82' lang='lat' dir='ltr'><strong>regnavit</strong></span> <span class='ocrx_word' id='word_1_115' title='bbox 817 1637 884 1689; x_wconf 91' lang='lat' dir='ltr'><strong>ab</strong></span> <span class='ocrx_word' id='word_1_116' title='bbox 913 1636 1082 1690; x_wconf 82' lang='lat' dir='ltr'><strong>Adam</strong></span> <span class='ocrx_word' id='word_1_117' title='bbox 1142 1650 1313 1705; x_wconf 90' lang='lat' dir='ltr'><strong>usque</strong></span> <span class='ocrx_word' id='word_1_118' title='bbox 1343 1639 1408 1688; x_wconf 89' lang='lat' dir='ltr'><strong>ad</strong></span> <span class='ocrx_word' id='word_1_119' title='bbox 1430 1634 1670 1706; x_wconf 77' lang='lat' dir='ltr'><strong>Moysen.</strong></span> <span class='ocrx_word' id='word_1_120' title='bbox 1699 1635 1832 1690; x_wconf 84' lang='lat' dir='ltr'><strong>Nam</strong></span> 
     </span>
    </p>
   </div>
   <div class='ocr_carea' id='block_1_18' title="bbox 248 1728 1830 1800">
    <p class='ocr_par' dir='ltr' id='par_1_18' title="bbox 248 1728 1830 1800">
     <span class='ocr_line' id='line_1_18' title="bbox 248 1728 1830 1800; baseline 0.002 -17"><span class='ocrx_word' id='word_1_121' title='bbox 248 1733 337 1798; x_wconf 93' lang='lat' dir='ltr'><strong>qui</strong></span> <span class='ocrx_word' id='word_1_122' title='bbox 372 1732 496 1784; x_wconf 83' lang='lat' dir='ltr'><strong>sine</strong></span> <span class='ocrx_word' id='word_1_123' title='bbox 511 1731 635 1800; x_wconf 81' lang='lat' dir='ltr'><strong>lege</strong></span> <span class='ocrx_word' id='word_1_124' title='bbox 654 1740 1034 1800; x_wconf 85' lang='lat' dir='ltr'><strong>peccaverunt,</strong></span> <span class='ocrx_word' id='word_1_125' title='bbox 1073 1728 1190 1784; x_wconf 87' lang='lat' dir='ltr'><strong>sine</strong></span> <span class='ocrx_word' id='word_1_126' title='bbox 1216 1731 1330 1799; x_wconf 78' lang='lat' dir='ltr'><strong>lege</strong></span> <span class='ocrx_word' id='word_1_127' title='bbox 1356 1730 1632 1799; x_wconf 87' lang='lat' dir='ltr'><strong>perierunt</strong></span> <span class='ocrx_word' id='word_1_128' title='bbox 1656 1729 1830 1800; x_wconf 83' lang='lat' dir='ltr'><strong>(Rom.</strong></span> 
     </span>
    </p>
   </div>
   <div class='ocr_carea' id='block_1_19' title="bbox 1935 523 3516 596">
    <p class='ocr_par' dir='ltr' id='par_1_19' title="bbox 1935 523 3516 596">
     <span class='ocr_line' id='line_1_19' title="bbox 1935 523 3516 596; baseline -0.007 -12"><span class='ocrx_word' id='word_1_129' title='bbox 1935 529 2249 594; x_wconf 83' lang='lat' dir='ltr'><strong>mundatur,</strong></span> <span class='ocrx_word' id='word_1_130' title='bbox 2309 525 2508 583; x_wconf 87' lang='lat' dir='ltr'><strong>dicenti</strong></span> <span class='ocrx_word' id='word_1_131' title='bbox 2575 544 2589 580; x_wconf 87' lang='lat'><strong>:</strong></span> <span class='ocrx_word' id='word_1_132' title='bbox 2662 524 2794 578; x_wconf 84' lang='lat' dir='ltr'><strong>Date</strong></span> <span class='ocrx_word' id='word_1_133' title='bbox 2841 523 3248 596; x_wconf 71' lang='lat' dir='ltr'><strong>elemosynam,</strong></span> <span class='ocrx_word' id='word_1_134' title='bbox 3302 528 3352 576; x_wconf 85' lang='lat' dir='ltr'><strong>et</strong></span> <span class='ocrx_word' id='word_1_135' title='bbox 3397 535 3516 575; x_wconf 78' lang='lat' dir='ltr'><strong>ecce</strong></span> 
     </span>
    </p>
   </div>
   <div class='ocr_carea' id='block_1_20' title="bbox 1933 611 3513 689">
    <p class='ocr_par' dir='ltr' id='par_1_20' title="bbox 1933 611 3513 689">
     <span class='ocr_line' id='line_1_20' title="bbox 1933 611 3513 689; baseline -0.003 -15"><span class='ocrx_word' id='word_1_136' title='bbox 1933 623 2114 675; x_wconf 82' lang='lat' dir='ltr'><strong>omnia</strong></span> <span class='ocrx_word' id='word_1_137' title='bbox 2149 619 2346 674; x_wconf 82' lang='lat' dir='ltr'><strong>munda</strong></span> <span class='ocrx_word' id='word_1_138' title='bbox 2379 629 2495 675; x_wconf 71' lang='lat' dir='ltr'><strong>sunt</strong></span> <span class='ocrx_word' id='word_1_139' title='bbox 2518 619 2660 673; x_wconf 81' lang='lat' dir='ltr'><strong>vobis</strong></span> <span class='ocrx_word' id='word_1_140' title='bbox 2692 615 2843 689; x_wconf 84' lang='lat' dir='ltr'><strong>(Luc.</strong></span> <span class='ocrx_word' id='word_1_141' title='bbox 2871 631 2970 682; x_wconf 81' lang='lat' dir='ltr'><strong>xu,</strong></span> <span class='ocrx_word' id='word_1_142' title='bbox 2997 615 3115 687; x_wconf 76' lang='lat'><strong>35).</strong></span> <span class='ocrx_word' id='word_1_143' title='bbox 3146 611 3408 686; x_wconf 83' lang='lat' dir='ltr'><strong>Sequitur</strong></span> <span class='ocrx_word' id='word_1_144' title='bbox 3443 612 3513 680; x_wconf 74' lang='lat' dir='ltr'><strong>de</strong></span> 
     </span>
    </p>
   </div>
   <div class='ocr_carea' id='block_1_21' title="bbox 1932 711 2386 786">
    <p class='ocr_par' dir='ltr' id='par_1_21' title="bbox 1932 711 2386 786">
     <span class='ocr_line' id='line_1_21' title="bbox 1932 711 2386 786; baseline 0.004 -20"><span class='ocrx_word' id='word_1_145' title='bbox 1932 713 2170 786; x_wconf 89' lang='lat' dir='ltr'><strong>propriis</strong></span> <span class='ocrx_word' id='word_1_146' title='bbox 2197 711 2386 768; x_wconf 77' lang='lat' dir='ltr'><strong>Marci.</strong></span> 
     </span>
    </p>
   </div>
   <div class='ocr_carea' id='block_1_22' title="bbox 2011 797 3512 877">
    <p class='ocr_par' dir='ltr' id='par_1_22' title="bbox 2011 797 3512 877">
     <span class='ocr_line' id='line_1_22' title="bbox 2011 797 3512 877; baseline -0.005 -17"><span class='ocrx_word' id='word_1_147' title='bbox 2011 826 2030 860; x_wconf 85' lang='grc'><strong><em>‹</em></strong></span> <span class='ocrx_word' id='word_1_148' title='bbox 2078 805 2158 864; x_wconf 88' lang='lat' dir='ltr'><strong>lta</strong></span> <span class='ocrx_word' id='word_1_149' title='bbox 2205 813 2264 862; x_wconf 89' lang='lat' dir='ltr'><strong>ut</strong></span> <span class='ocrx_word' id='word_1_150' title='bbox 2301 807 2413 876; x_wconf 87' lang='lat' dir='ltr'><strong>jam</strong></span> <span class='ocrx_word' id='word_1_151' title='bbox 2457 823 2564 862; x_wconf 88' lang='lat' dir='ltr'><strong>non</strong></span> <span class='ocrx_word' id='word_1_152' title='bbox 2622 813 2807 877; x_wconf 90' lang='lat' dir='ltr'><strong>posset</strong></span> <span class='ocrx_word' id='word_1_153' title='bbox 2853 801 3141 858; x_wconf 74' lang='lat' dir='ltr'><strong>manifeste</strong></span> <span class='ocrx_word' id='word_1_154' title='bbox 3189 797 3416 856; x_wconf 85' lang='lat' dir='ltr'><strong>introire</strong></span> <span class='ocrx_word' id='word_1_155' title='bbox 3459 799 3512 854; x_wconf 91' lang='lat' dir='ltr'><strong>in</strong></span> 
     </span>
    </p>
   </div>
   <div class='ocr_carea' id='block_1_23' title="bbox 1933 883 3513 968">
    <p class='ocr_par' dir='ltr' id='par_1_23' title="bbox 1933 883 3513 968">
     <span class='ocr_line' id='line_1_23' title="bbox 1933 883 3513 968; baseline -0.005 -12"><span class='ocrx_word' id='word_1_156' title='bbox 1933 900 2232 968; x_wconf 87' lang='lat' dir='ltr'><strong>civitatem,</strong></span> <span class='ocrx_word' id='word_1_157' title='bbox 2263 899 2357 955; x_wconf 90' lang='lat' dir='ltr'><strong>sed</strong></span> <span class='ocrx_word' id='word_1_158' title='bbox 2390 899 2526 956; x_wconf 89' lang='lat' dir='ltr'><strong>foris</strong></span> <span class='ocrx_word' id='word_1_159' title='bbox 2556 900 2610 954; x_wconf 90' lang='lat' dir='ltr'><strong>iu</strong></span> <span class='ocrx_word' id='word_1_160' title='bbox 2646 897 2876 954; x_wconf 86' lang='lat' dir='ltr'><strong>desertis</strong></span> <span class='ocrx_word' id='word_1_161' title='bbox 2899 897 3032 952; x_wconf 86' lang='lat' dir='ltr'><strong>locis</strong></span> <span class='ocrx_word' id='word_1_162' title='bbox 3065 910 3208 962; x_wconf 86' lang='lat' dir='ltr'><strong>esse,</strong></span> <span class='ocrx_word' id='word_1_163' title='bbox 3243 904 3296 950; x_wconf 90' lang='lat' dir='ltr'><strong>et</strong></span> <span class='ocrx_word' id='word_1_164' title='bbox 3314 883 3513 950; x_wconf 84' lang='lat' dir='ltr'><strong>conve-</strong></span> 
     </span>
    </p>
   </div>
   <div class='ocr_carea' id='block_1_24' title="bbox 1933 990 3514 1061">
    <p class='ocr_par' dir='ltr' id='par_1_24' title="bbox 1933 990 3514 1061">
     <span class='ocr_line' id='line_1_24' title="bbox 1933 990 3514 1061; baseline -0.004 -12"><span class='ocrx_word' id='word_1_165' title='bbox 1933 995 2155 1050; x_wconf 89' lang='lat' dir='ltr'><strong>niebant</strong></span> <span class='ocrx_word' id='word_1_166' title='bbox 2207 993 2274 1049; x_wconf 84' lang='lat' dir='ltr'><strong>ad</strong></span> <span class='ocrx_word' id='word_1_167' title='bbox 2327 1009 2451 1050; x_wconf 92' lang='lat' dir='ltr'><strong>eum</strong></span> <span class='ocrx_word' id='word_1_168' title='bbox 2502 992 2765 1061; x_wconf 86' lang='lat' dir='ltr'><strong>undique.</strong></span> <span class='ocrx_word' id='word_1_169' title='bbox 2825 1009 2844 1044; x_wconf 75' lang='grc' dir='ltr'><strong><em>ι</em></strong></span> <span class='ocrx_word' id='word_1_170' title='bbox 2892 993 3053 1047; x_wconf 83' lang='lat' dir='ltr'><strong>Certe</strong></span> <span class='ocrx_word' id='word_1_171' title='bbox 3104 1006 3212 1045; x_wconf 86' lang='lat' dir='ltr'><strong>non</strong></span> <span class='ocrx_word' id='word_1_172' title='bbox 3259 990 3514 1044; x_wconf 91' lang='lat' dir='ltr'><strong>omnibus</strong></span> 
     </span>
    </p>
   </div>
   <div class='ocr_carea' id='block_1_25' title="bbox 1933 1078 3515 1153">
    <p class='ocr_par' dir='ltr' id='par_1_25' title="bbox 1933 1078 3515 1153">
     <span class='ocr_line' id='line_1_25' title="bbox 1933 1078 3515 1153; baseline -0.005 -13"><span class='ocrx_word' id='word_1_173' title='bbox 1933 1085 2318 1141; x_wconf 84' lang='lat' dir='ltr'><strong>manifestatus</strong></span> <span class='ocrx_word' id='word_1_174' title='bbox 2386 1095 2492 1140; x_wconf 87' lang='lat' dir='ltr'><strong>est-</strong></span> <span class='ocrx_word' id='word_1_175' title='bbox 2537 1082 2718 1144; x_wconf 82' lang='lat' dir='ltr'><strong>Jesus.</strong></span> <span class='ocrx_word' id='word_1_176' title='bbox 2786 1085 2876 1153; x_wconf 88' lang='lat' dir='ltr'><strong>qui</strong></span> <span class='ocrx_word' id='word_1_177' title='bbox 2938 1082 3061 1137; x_wconf 87' lang='lat' dir='ltr'><strong>latis</strong></span> <span class='ocrx_word' id='word_1_178' title='bbox 3113 1092 3278 1152; x_wconf 84' lang='lat' dir='ltr'><strong>atque</strong></span> <span class='ocrx_word' id='word_1_179' title='bbox 3337 1078 3515 1150; x_wconf 87' lang='lat' dir='ltr'><strong>planis</strong></span> 
     </span>
    </p>
   </div>
   <div class='ocr_carea' id='block_1_26' title="bbox 1933 1171 3514 1246">
    <p class='ocr_par' dir='ltr' id='par_1_26' title="bbox 1933 1171 3514 1246">
     <span class='ocr_line' id='line_1_26' title="bbox 1933 1171 3514 1246; baseline -0.005 -13"><span class='ocrx_word' id='word_1_180' title='bbox 1933 1177 2180 1233; x_wconf 84' lang='lat' dir='ltr'><strong>serviunt</strong></span> <span class='ocrx_word' id='word_1_181' title='bbox 2215 1176 2488 1244; x_wconf 80' lang='lat' dir='ltr'><strong>laudibus,</strong></span> <span class='ocrx_word' id='word_1_182' title='bbox 2521 1185 2576 1230; x_wconf 88' lang='lat' dir='ltr'><strong>et</strong></span> <span class='ocrx_word' id='word_1_183' title='bbox 2607 1175 2839 1246; x_wconf 73' lang='lat' dir='ltr'><strong>propriis</strong></span> <span class='ocrx_word' id='word_1_184' title='bbox 2863 1173 3228 1244; x_wconf 81' lang='lat' dir='ltr'><strong>voluptatibus</strong></span> <span class='ocrx_word' id='word_1_185' title='bbox 3254 1189 3268 1238; x_wconf 89' lang='lat'><strong>;</strong></span> <span class='ocrx_word' id='word_1_186' title='bbox 3299 1173 3392 1227; x_wconf 90' lang='lat' dir='ltr'><strong>sed</strong></span> <span class='ocrx_word' id='word_1_187' title='bbox 3409 1171 3514 1234; x_wconf 87' lang='lat' dir='ltr'><strong>bis,</strong></span> 
     </span>
    </p>
   </div>
   <div class='ocr_carea' id='block_1_27' title="bbox 1935 1261 3514 1336">
    <p class='ocr_par' dir='ltr' id='par_1_27' title="bbox 1935 1261 3514 1336">
     <span class='ocr_line' id='line_1_27' title="bbox 1935 1261 3514 1336; baseline -0.002 -18"><span class='ocrx_word' id='word_1_188' title='bbox 1935 1268 2026 1336; x_wconf 88' lang='lat' dir='ltr'><strong>qui</strong></span> <span class='ocrx_word' id='word_1_189' title='bbox 2060 1267 2190 1322; x_wconf 88' lang='lat' dir='ltr'><strong>foris</strong></span> <span class='ocrx_word' id='word_1_190' title='bbox 2228 1282 2350 1323; x_wconf 91' lang='lat' dir='ltr'><strong>cum</strong></span> <span class='ocrx_word' id='word_1_191' title='bbox 2388 1266 2550 1322; x_wconf 83' lang='lat' dir='ltr'><strong>Petro</strong></span> <span class='ocrx_word' id='word_1_192' title='bbox 2591 1277 2816 1330; x_wconf 80' lang='lat' dir='ltr'><strong>exeunt,</strong></span> <span class='ocrx_word' id='word_1_193' title='bbox 2869 1275 2920 1320; x_wconf 88' lang='lat' dir='ltr'><strong>et</strong></span> <span class='ocrx_word' id='word_1_194' title='bbox 2969 1263 3022 1316; x_wconf 89' lang='lat' dir='ltr'><strong>in</strong></span> <span class='ocrx_word' id='word_1_195' title='bbox 3073 1264 3308 1317; x_wconf 81' lang='lat' dir='ltr'><strong>desertis</strong></span> <span class='ocrx_word' id='word_1_196' title='bbox 3357 1261 3514 1325; x_wconf 86' lang='lat' dir='ltr'><strong>locis,</strong></span> 
     </span>
    </p>
   </div>
   <div class='ocr_carea' id='block_1_28' title="bbox 1934 1352 3514 1430">
    <p class='ocr_par' dir='ltr' id='par_1_28' title="bbox 1934 1352 3514 1430">
     <span class='ocr_line' id='line_1_28' title="bbox 1934 1352 3514 1430; baseline -0.004 -18"><span class='ocrx_word' id='word_1_197' title='bbox 1934 1373 2054 1430; x_wconf 75' lang='lat' dir='ltr'><strong>quae</strong></span> <span class='ocrx_word' id='word_1_198' title='bbox 2109 1359 2273 1430; x_wconf 80' lang='lat' dir='ltr'><strong>elegit</strong></span> <span class='ocrx_word' id='word_1_199' title='bbox 2321 1358 2582 1412; x_wconf 82' lang='lat' dir='ltr'><strong>Dominus</strong></span> <span class='ocrx_word' id='word_1_200' title='bbox 2625 1357 2691 1410; x_wconf 86' lang='lat' dir='ltr'><strong>ad</strong></span> <span class='ocrx_word' id='word_1_201' title='bbox 2749 1357 3012 1410; x_wconf 88' lang='lat' dir='ltr'><strong>orandum</strong></span> <span class='ocrx_word' id='word_1_202' title='bbox 3060 1366 3113 1409; x_wconf 89' lang='lat' dir='ltr'><strong>et</strong></span> <span class='ocrx_word' id='word_1_203' title='bbox 3164 1352 3514 1408; x_wconf 78' lang='lat' dir='ltr'><strong>reficiendum</strong></span> 
     </span>
    </p>
   </div>
   <div class='ocr_carea' id='block_1_29' title="bbox 1937 1447 3519 1522">
    <p class='ocr_par' dir='ltr' id='par_1_29' title="bbox 1937 1447 3519 1522">
     <span class='ocr_line' id='line_1_29' title="bbox 1937 1447 3519 1522; baseline -0.005 -16"><span class='ocrx_word' id='word_1_204' title='bbox 1937 1451 2218 1522; x_wconf 86' lang='lat' dir='ltr'><strong>pupulum,</strong></span> <span class='ocrx_word' id='word_1_205' title='bbox 2286 1450 2381 1521; x_wconf 87' lang='lat' dir='ltr'><strong>qui</strong></span> <span class='ocrx_word' id='word_1_206' title='bbox 2433 1451 2692 1505; x_wconf 87' lang='lat' dir='ltr'><strong>deserunt</strong></span> <span class='ocrx_word' id='word_1_207' title='bbox 2751 1448 3144 1503; x_wconf 79' lang='lat' dir='ltr'><strong>delectationes</strong></span> <span class='ocrx_word' id='word_1_208' title='bbox 3201 1447 3409 1511; x_wconf 88' lang='lat' dir='ltr'><strong>tnuudi,</strong></span> <span class='ocrx_word' id='word_1_209' title='bbox 3462 1454 3519 1501; x_wconf 91' lang='lat' dir='ltr'><strong>et</strong></span> 
     </span>
    </p>
   </div>
   <div class='ocr_carea' id='block_1_30' title="bbox 1938 1539 3520 1614">
    <p class='ocr_par' dir='ltr' id='par_1_30' title="bbox 1938 1539 3520 1614">
     <span class='ocr_line' id='line_1_30' title="bbox 1938 1539 3520 1614; baseline -0.004 -16"><span class='ocrx_word' id='word_1_210' title='bbox 1938 1546 2199 1598; x_wconf 83' lang='lat' dir='ltr'><strong>deserunt</strong></span> <span class='ocrx_word' id='word_1_211' title='bbox 2256 1543 2436 1598; x_wconf 85' lang='lat' dir='ltr'><strong>omnia</strong></span> <span class='ocrx_word' id='word_1_212' title='bbox 2467 1558 2589 1613; x_wconf 75' lang='lat' dir='ltr'><strong>qua:</strong></span> <span class='ocrx_word' id='word_1_213' title='bbox 2620 1542 2922 1614; x_wconf 82' lang='lat' dir='ltr'><strong>possident,</strong></span> <span class='ocrx_word' id='word_1_214' title='bbox 2955 1552 3013 1595; x_wconf 88' lang='lat' dir='ltr'><strong>ttt</strong></span> <span class='ocrx_word' id='word_1_215' title='bbox 3043 1541 3225 1596; x_wconf 84' lang='lat' dir='ltr'><strong>dicant</strong></span> <span class='ocrx_word' id='word_1_216' title='bbox 3267 1557 3283 1594; x_wconf 92' lang='lat'>:</span> <span class='ocrx_word' id='word_1_217' title='bbox 3333 1539 3520 1594; x_wconf 82' lang='lat' dir='ltr'><strong>Portio</strong></span> 
     </span>
    </p>
   </div>
   <div class='ocr_carea' id='block_1_31' title="bbox 1937 1633 3514 1710">
    <p class='ocr_par' dir='ltr' id='par_1_31' title="bbox 1937 1633 3514 1710">
     <span class='ocr_line' id='line_1_31' title="bbox 1937 1633 3514 1710; baseline -0.004 -16"><span class='ocrx_word' id='word_1_218' title='bbox 1937 1657 2051 1694; x_wconf 85' lang='lat' dir='ltr'><strong>mea</strong></span> <span class='ocrx_word' id='word_1_219' title='bbox 2076 1639 2330 1693; x_wconf 80' lang='lat' dir='ltr'><strong>Dominus</strong></span> <span class='ocrx_word' id='word_1_220' title='bbox 2351 1637 2526 1710; x_wconf 80' lang='lat' dir='ltr'><strong>(Psal.</strong></span> <span class='ocrx_word' id='word_1_221' title='bbox 2561 1652 2750 1700; x_wconf 76' lang='lat' dir='ltr'><strong>cxvut,</strong></span> <span class='ocrx_word' id='word_1_222' title='bbox 2783 1635 2896 1707; x_wconf 76' lang='lat'><strong>57).</strong></span> <span class='ocrx_word' id='word_1_223' title='bbox 2918 1634 3102 1689; x_wconf 78' lang='lat' dir='ltr'><strong>Gloria</strong></span> <span class='ocrx_word' id='word_1_224' title='bbox 3138 1647 3264 1688; x_wconf 85' lang='lat' dir='ltr'><strong>vero</strong></span> <span class='ocrx_word' id='word_1_225' title='bbox 3304 1633 3514 1687; x_wconf 86' lang='lat' dir='ltr'><strong>Domini</strong></span> 
     </span>
    </p>
   </div>
   <div class='ocr_carea' id='block_1_32' title="bbox 1939 1725 3516 1800">
    <p class='ocr_par' dir='ltr' id='par_1_32' title="bbox 1939 1725 3516 1800">
     <span class='ocr_line' id='line_1_32' title="bbox 1939 1725 3516 1800; baseline -0.004 -14"><span class='ocrx_word' id='word_1_226' title='bbox 1939 1733 2322 1786; x_wconf 77' lang='lat' dir='ltr'><strong>manifestatur</strong></span> <span class='ocrx_word' id='word_1_227' title='bbox 2364 1731 2570 1800; x_wconf 85' lang='lat' dir='ltr'><strong>bisqui</strong></span> <span class='ocrx_word' id='word_1_228' title='bbox 2609 1730 2937 1784; x_wconf 86' lang='lat' dir='ltr'><strong>conveniunt</strong></span> <span class='ocrx_word' id='word_1_229' title='bbox 2979 1725 3257 1797; x_wconf 85' lang='lat' dir='ltr'><strong>undique:</strong></span> <span class='ocrx_word' id='word_1_230' title='bbox 3313 1726 3366 1781; x_wconf 86' lang='lat' dir='ltr'><strong>id</strong></span> <span class='ocrx_word' id='word_1_231' title='bbox 3413 1735 3516 1790; x_wconf 87' lang='lat' dir='ltr'><strong>est,</strong></span> 
     </span>
    </p>
   </div>
   <div class='ocr_carea' id='block_1_33' title="bbox 250 1805 3524 1897">
    <p class='ocr_par' dir='ltr' id='par_1_33' title="bbox 250 1805 3524 1897">
     <span class='ocr_line' id='line_1_33' title="bbox 250 1805 3524 1897; baseline 0 -23"><span class='ocrx_word' id='word_1_232' title='bbox 250 1836 326 1885; x_wconf 76' lang='grc' dir='ltr'><strong>ιι,</strong></span> <span class='ocrx_word' id='word_1_233' title='bbox 361 1821 451 1890; x_wconf 65' lang='grc' dir='ltr'><strong>ιε)</strong></span> <span class='ocrx_word' id='word_1_234' title='bbox 489 1821 616 1890; x_wconf 88' lang='lat' dir='ltr'><strong>:qui</strong></span> <span class='ocrx_word' id='word_1_235' title='bbox 650 1820 825 1886; x_wconf 77' lang='lat' dir='ltr'><strong>sciens</strong></span> <span class='ocrx_word' id='word_1_236' title='bbox 857 1830 1100 1874; x_wconf 89' lang='lat' dir='ltr'><strong>sanctum</strong></span> <span class='ocrx_word' id='word_1_237' title='bbox 1135 1819 1250 1886; x_wconf 87' lang='lat' dir='ltr'><strong>Dei,</strong></span> <span class='ocrx_word' id='word_1_238' title='bbox 1273 1821 1649 1876; x_wconf 87' lang='lat' dir='ltr'><strong>obmutescere</strong></span> <span class='ocrx_word' id='word_1_239' title='bbox 1674 1822 1833 1892; x_wconf 88' lang='lat' dir='ltr'><strong>jube-</strong></span> <span class='ocrx_word' id='word_1_240' title='bbox 1866 1805 1910 1862; x_wconf 77' lang='grc' dir='ltr'><strong><em>Β</em></strong></span> <span class='ocrx_word' id='word_1_241' title='bbox 1940 1841 2035 1895; x_wconf 92' lang='lat' dir='ltr'><strong>per</strong></span> <span class='ocrx_word' id='word_1_242' title='bbox 2065 1824 2228 1897; x_wconf 88' lang='lat' dir='ltr'><strong>plana</strong></span> <span class='ocrx_word' id='word_1_243' title='bbox 2257 1823 2314 1879; x_wconf 50' lang='lat' dir='ltr'><strong>‘et</strong></span> <span class='ocrx_word' id='word_1_244' title='bbox 2345 1823 2513 1878; x_wconf 85' lang='lat' dir='ltr'><strong>ardua</strong></span> <span class='ocrx_word' id='word_1_245' title='bbox 2535 1839 2572 1878; x_wconf 70' lang='grc' dir='ltr'><strong>,ί</strong></span> <span class='ocrx_word' id='word_1_246' title='bbox 2611 1838 2855 1893; x_wconf 87' lang='lat' dir='ltr'><strong>quosque</strong></span> <span class='ocrx_word' id='word_1_247' title='bbox 2883 1821 3019 1876; x_wconf 80' lang='lat' dir='ltr'><strong>nihil</strong></span> <span class='ocrx_word' id='word_1_248' title='bbox 3062 1833 3240 1890; x_wconf 82' lang='lat' dir='ltr'><strong>potest</strong></span> <span class='ocrx_word' id='word_1_249' title='bbox 3275 1836 3304 1875; x_wconf 86' lang='lat' dir='ltr'><strong>a</strong></span> <span class='ocrx_word' id='word_1_250' title='bbox 3337 1820 3524 1876; x_wconf 73' lang='lat' dir='ltr'><strong>cbari~</strong></span> 
     </span>
    </p>
   </div>
   <div class='ocr_carea' id='block_1_34' title="bbox 253 1911 1834 1981">
    <p class='ocr_par' dir='ltr' id='par_1_34' title="bbox 253 1911 1834 1981">
     <span class='ocr_line' id='line_1_34' title="bbox 253 1911 1834 1981; baseline 0.001 -15"><span class='ocrx_word' id='word_1_251' title='bbox 253 1923 343 1967; x_wconf 90' lang='lat' dir='ltr'><strong>tur</strong></span> <span class='ocrx_word' id='word_1_252' title='bbox 373 1929 392 1970; x_wconf 86' lang='lat'><strong>;</strong></span> <span class='ocrx_word' id='word_1_253' title='bbox 435 1915 564 1967; x_wconf 91' lang='lat' dir='ltr'><strong>dum</strong></span> <span class='ocrx_word' id='word_1_254' title='bbox 597 1914 830 1969; x_wconf 83' lang='lat' dir='ltr'><strong>scientes</strong></span> <span class='ocrx_word' id='word_1_255' title='bbox 861 1911 1078 1981; x_wconf 82' lang='lat' dir='ltr'><strong>quidem</strong></span> <span class='ocrx_word' id='word_1_256' title='bbox 1116 1911 1306 1972; x_wconf 77' lang='lat' dir='ltr'><strong>Deum.</strong></span> <span class='ocrx_word' id='word_1_257' title='bbox 1331 1927 1434 1966; x_wconf 90' lang='lat' dir='ltr'><strong>non</strong></span> <span class='ocrx_word' id='word_1_258' title='bbox 1493 1915 1636 1968; x_wconf 87' lang='lat' dir='ltr'><strong>sicut</strong></span> <span class='ocrx_word' id='word_1_259' title='bbox 1671 1913 1834 1968; x_wconf 90' lang='lat' dir='ltr'><strong>Deum</strong></span> 
     </span>
    </p>
   </div>
   <div class='ocr_carea' id='block_1_35' title="bbox 252 1997 1834 2080">
    <p class='ocr_par' dir='ltr' id='par_1_35' title="bbox 252 1997 1834 2080">
     <span class='ocr_line' id='line_1_35' title="bbox 252 1997 1834 2080; baseline 0 -16"><span class='ocrx_word' id='word_1_260' title='bbox 252 2009 718 2080; x_wconf 78' lang='lat' dir='ltr'><strong>gloriﬁcaverunt,</strong></span> <span class='ocrx_word' id='word_1_261' title='bbox 735 2010 828 2063; x_wconf 89' lang='lat' dir='ltr'><strong>sed</strong></span> <span class='ocrx_word' id='word_1_262' title='bbox 849 1997 1153 2062; x_wconf 79' lang='lat' dir='ltr'><strong>servierunt</strong></span> <span class='ocrx_word' id='word_1_263' title='bbox 1175 2007 1353 2076; x_wconf 89' lang='lat' dir='ltr'><strong>potius</strong></span> <span class='ocrx_word' id='word_1_264' title='bbox 1369 2018 1655 2076; x_wconf 67' lang='lat' dir='ltr'><strong>creaturae,</strong></span> <span class='ocrx_word' id='word_1_265' title='bbox 1676 2024 1834 2080; x_wconf 87' lang='lat' dir='ltr'><strong>quam</strong></span> 
     </span>
    </p>
   </div>
   <div class='ocr_carea' id='block_1_36' title="bbox 250 2099 1932 2176">
    <p class='ocr_par' dir='ltr' id='par_1_36' title="bbox 250 2099 1932 2176">
     <span class='ocr_line' id='line_1_36' title="bbox 250 2099 1932 2176; baseline -0.002 -18"><span class='ocrx_word' id='word_1_266' title='bbox 250 2104 490 2158; x_wconf 79' lang='lat' dir='ltr'><strong>creatori</strong></span> <span class='ocrx_word' id='word_1_267' title='bbox 518 2101 692 2173; x_wconf 81' lang='lat' dir='ltr'><strong>(Rom.</strong></span> <span class='ocrx_word' id='word_1_268' title='bbox 722 2120 761 2170; x_wconf 86' lang='lat' dir='ltr'><strong>t,</strong></span> <span class='ocrx_word' id='word_1_269' title='bbox 789 2099 903 2171; x_wconf 75' lang='lat'><strong>95),</strong></span> <span class='ocrx_word' id='word_1_270' title='bbox 935 2101 1156 2172; x_wconf 86' lang='lat' dir='ltr'><strong>spiritus</strong></span> <span class='ocrx_word' id='word_1_271' title='bbox 1191 2101 1506 2176; x_wconf 81' lang='lat' dir='ltr'><strong>discerpeus</strong></span> <span class='ocrx_word' id='word_1_272' title='bbox 1543 2101 1835 2164; x_wconf 88' lang='lat' dir='ltr'><strong>hominem,</strong></span> <span class='ocrx_word' id='word_1_273' title='bbox 1929 2119 1932 2122; x_wconf 64' lang='lat'><strong><em>&#39;</em></strong></span> 
     </span>
    </p>
   </div>
   <div class='ocr_carea' id='block_1_37' title="bbox 249 2193 1841 2274">
    <p class='ocr_par' dir='ltr' id='par_1_37' title="bbox 249 2193 1841 2274">
     <span class='ocr_line' id='line_1_37' title="bbox 249 2193 1841 2274; baseline -0.001 -24"><span class='ocrx_word' id='word_1_274' title='bbox 249 2196 382 2250; x_wconf 82' lang='lat' dir='ltr'><strong>exiit</strong></span> <span class='ocrx_word' id='word_1_275' title='bbox 407 2196 479 2250; x_wconf 86' lang='lat' dir='ltr'><strong>ab</strong></span> <span class='ocrx_word' id='word_1_276' title='bbox 505 2209 590 2250; x_wconf 89' lang='lat' dir='ltr'><strong>eo.</strong></span> <span class='ocrx_word' id='word_1_277' title='bbox 637 2196 1122 2265; x_wconf 69' lang='lat' dir='ltr'><strong>Appropinquante</strong></span> <span class='ocrx_word' id='word_1_278' title='bbox 1171 2193 1370 2267; x_wconf 85' lang='lat' dir='ltr'><strong>salute,</strong></span> <span class='ocrx_word' id='word_1_279' title='bbox 1429 2195 1841 2274; x_wconf 75' lang='lat' dir='ltr'><strong>appropinquat</strong></span> 
     </span>
    </p>
   </div>
   <div class='ocr_carea' id='block_1_38' title="bbox 251 2275 1842 2356">
    <p class='ocr_par' dir='ltr' id='par_1_38' title="bbox 251 2275 1842 2356">
     <span class='ocr_line' id='line_1_38' title="bbox 251 2275 1842 2356; baseline -0.001 -14"><span class='ocrx_word' id='word_1_280' title='bbox 251 2291 510 2345; x_wconf 83' lang='lat' dir='ltr'><strong>tentatio.</strong></span> <span class='ocrx_word' id='word_1_281' title='bbox 542 2275 757 2344; x_wconf 80' lang='lat' dir='ltr'><strong>Pharao</strong></span> <span class='ocrx_word' id='word_1_282' title='bbox 813 2290 1068 2343; x_wconf 84' lang='lat' dir='ltr'><strong>dimissus</strong></span> <span class='ocrx_word' id='word_1_283' title='bbox 1124 2286 1194 2342; x_wconf 88' lang='lat' dir='ltr'><strong>ab</strong></span> <span class='ocrx_word' id='word_1_284' title='bbox 1253 2285 1441 2353; x_wconf 88' lang='lat' dir='ltr'><strong>Israel,</strong></span> <span class='ocrx_word' id='word_1_285' title='bbox 1500 2289 1842 2356; x_wconf 77' lang='lat' dir='ltr'><strong>persequitur</strong></span> 
     </span>
    </p>
   </div>
   <div class='ocr_carea' id='block_1_39' title="bbox 252 2378 1841 2450">
    <p class='ocr_par' dir='ltr' id='par_1_39' title="bbox 252 2378 1841 2450">
     <span class='ocr_line' id='line_1_39' title="bbox 252 2378 1841 2450; baseline -0.002 -15"><span class='ocrx_word' id='word_1_286' title='bbox 252 2382 424 2436; x_wconf 87' lang='lat' dir='ltr'><strong>Israel</strong></span> <span class='ocrx_word' id='word_1_287' title='bbox 467 2399 482 2436; x_wconf 92' lang='lat'>:</span> <span class='ocrx_word' id='word_1_288' title='bbox 518 2380 770 2436; x_wconf 85' lang='lat' dir='ltr'><strong>diabolus</strong></span> <span class='ocrx_word' id='word_1_289' title='bbox 803 2391 1117 2444; x_wconf 89' lang='lat' dir='ltr'><strong>contentus,</strong></span> <span class='ocrx_word' id='word_1_290' title='bbox 1145 2381 1320 2450; x_wconf 83' lang='lat' dir='ltr'><strong>surgit</strong></span> <span class='ocrx_word' id='word_1_291' title='bbox 1352 2379 1406 2433; x_wconf 77' lang='lat' dir='ltr'><strong>in</strong></span> <span class='ocrx_word' id='word_1_292' title='bbox 1433 2379 1705 2433; x_wconf 86' lang='lat' dir='ltr'><strong>scandala.</strong></span> <span class='ocrx_word' id='word_1_293' title='bbox 1739 2378 1841 2432; x_wconf 75' lang='lat' dir='ltr'><strong>So-</strong></span> 
     </span>
    </p>
   </div>
   <div class='ocr_carea' id='block_1_40' title="bbox 248 2468 1844 2544">
    <p class='ocr_par' dir='ltr' id='par_1_40' title="bbox 248 2468 1844 2544">
     <span class='ocr_line' id='line_1_40' title="bbox 248 2468 1844 2544; baseline -0.001 -12"><span class='ocrx_word' id='word_1_294' title='bbox 248 2492 380 2534; x_wconf 85' lang='lat' dir='ltr'><strong>crus</strong></span> <span class='ocrx_word' id='word_1_295' title='bbox 409 2476 565 2532; x_wconf 84' lang='lat' dir='ltr'><strong>Petri</strong></span> <span class='ocrx_word' id='word_1_296' title='bbox 613 2477 948 2541; x_wconf 84' lang='lat' dir='ltr'><strong>febricitans,</strong></span> <span class='ocrx_word' id='word_1_297' title='bbox 990 2477 1230 2532; x_wconf 88' lang='lat' dir='ltr'><strong>secunda</strong></span> <span class='ocrx_word' id='word_1_298' title='bbox 1256 2468 1460 2531; x_wconf 83' lang='lat' dir='ltr'><strong>virtute</strong></span> <span class='ocrx_word' id='word_1_299' title='bbox 1511 2475 1752 2544; x_wconf 82' lang='lat' dir='ltr'><strong>lavatur,</strong></span> <span class='ocrx_word' id='word_1_300' title='bbox 1789 2484 1844 2536; x_wconf 87' lang='lat' dir='ltr'><strong>et</strong></span> 
     </span>
    </p>
   </div>
   <div class='ocr_carea' id='block_1_41' title="bbox 250 2567 1842 2639">
    <p class='ocr_par' dir='ltr' id='par_1_41' title="bbox 250 2567 1842 2639">
     <span class='ocr_line' id='line_1_41' title="bbox 250 2567 1842 2639; baseline 0.002 -19"><span class='ocrx_word' id='word_1_301' title='bbox 250 2568 640 2637; x_wconf 85' lang='lat' dir='ltr'><strong>apprenhensa</strong></span> <span class='ocrx_word' id='word_1_302' title='bbox 683 2584 843 2622; x_wconf 89' lang='lat' dir='ltr'><strong>manu</strong></span> <span class='ocrx_word' id='word_1_303' title='bbox 869 2568 1012 2637; x_wconf 88' lang='lat' dir='ltr'><strong>ejus,</strong></span> <span class='ocrx_word' id='word_1_304' title='bbox 1059 2579 1308 2622; x_wconf 88' lang='lat' dir='ltr'><strong>sanatur.</strong></span> <span class='ocrx_word' id='word_1_305' title='bbox 1338 2567 1528 2623; x_wconf 85' lang='lat' dir='ltr'><strong>Febris</strong></span> <span class='ocrx_word' id='word_1_306' title='bbox 1580 2569 1842 2639; x_wconf 88' lang='lat' dir='ltr'><strong>intempe-</strong></span> 
     </span>
    </p>
   </div>
   <div class='ocr_carea' id='block_1_42' title="bbox 251 2659 1845 2731">
    <p class='ocr_par' dir='ltr' id='par_1_42' title="bbox 251 2659 1845 2731">
     <span class='ocr_line' id='line_1_42' title="bbox 251 2659 1845 2731; baseline 0.002 -17"><span class='ocrx_word' id='word_1_307' title='bbox 251 2659 494 2714; x_wconf 87' lang='lat' dir='ltr'><strong>rantiam</strong></span> <span class='ocrx_word' id='word_1_308' title='bbox 530 2660 802 2730; x_wconf 75' lang='lat' dir='ltr'><strong>signiﬁcat</strong></span> <span class='ocrx_word' id='word_1_309' title='bbox 835 2659 944 2715; x_wconf 87' lang='lat' dir='ltr'><strong>:de</strong></span> <span class='ocrx_word' id='word_1_310' title='bbox 977 2675 1081 2729; x_wconf 78' lang='lat' dir='ltr'><strong>qua</strong></span> <span class='ocrx_word' id='word_1_311' title='bbox 1117 2674 1218 2714; x_wconf 91' lang='lat' dir='ltr'><strong>nos</strong></span> <span class='ocrx_word' id='word_1_312' title='bbox 1267 2660 1360 2714; x_wconf 84' lang='lat' dir='ltr'><strong>lilii</strong></span> <span class='ocrx_word' id='word_1_313' title='bbox 1420 2674 1707 2731; x_wconf 71' lang='lat' dir='ltr'><strong>synagoga:</strong></span> <span class='ocrx_word' id='word_1_314' title='bbox 1749 2677 1845 2730; x_wconf 87' lang='lat' dir='ltr'><strong>per</strong></span> 
     </span>
    </p>
   </div>
   <div class='ocr_carea' id='block_1_43' title="bbox 251 2752 1846 2828">
    <p class='ocr_par' dir='ltr' id='par_1_43' title="bbox 251 2752 1846 2828">
     <span class='ocr_line' id='line_1_43' title="bbox 251 2752 1846 2828; baseline 0 -21"><span class='ocrx_word' id='word_1_315' title='bbox 251 2768 478 2828; x_wconf 74' lang='lat' dir='ltr'><strong>manum</strong></span> <span class='ocrx_word' id='word_1_316' title='bbox 513 2752 825 2821; x_wconf 49' lang='lat' dir='ltr'><strong>disciplinac,</strong></span> <span class='ocrx_word' id='word_1_317' title='bbox 875 2763 929 2807; x_wconf 89' lang='lat' dir='ltr'><strong>et</strong></span> <span class='ocrx_word' id='word_1_318' title='bbox 969 2752 1326 2807; x_wconf 85' lang='lat' dir='ltr'><strong>elevationem</strong></span> <span class='ocrx_word' id='word_1_319' title='bbox 1377 2753 1636 2808; x_wconf 86' lang='lat' dir='ltr'><strong>desiderii</strong></span> <span class='ocrx_word' id='word_1_320' title='bbox 1685 2767 1846 2807; x_wconf 81' lang='lat' dir='ltr'><strong>sana-</strong></span> 
     </span>
    </p>
   </div>
   <div class='ocr_carea' id='block_1_44' title="bbox 253 2845 1844 2917">
    <p class='ocr_par' dir='ltr' id='par_1_44' title="bbox 253 2845 1844 2917">
     <span class='ocr_line' id='line_1_44' title="bbox 253 2845 1844 2917; baseline -0.001 -15"><span class='ocrx_word' id='word_1_321' title='bbox 253 2861 406 2912; x_wconf 82' lang='lat' dir='ltr'><strong>ntur,</strong></span> <span class='ocrx_word' id='word_1_322' title='bbox 433 2856 491 2902; x_wconf 86' lang='lat' dir='ltr'><strong>et</strong></span> <span class='ocrx_word' id='word_1_323' title='bbox 525 2847 684 2917; x_wconf 86' lang='lat' dir='ltr'><strong>hujus</strong></span> <span class='ocrx_word' id='word_1_324' title='bbox 718 2845 809 2913; x_wconf 82' lang='lat' dir='ltr'><strong>qui</strong></span> <span class='ocrx_word' id='word_1_325' title='bbox 844 2854 1001 2899; x_wconf 89' lang='lat' dir='ltr'><strong>sanat</strong></span> <span class='ocrx_word' id='word_1_326' title='bbox 1059 2859 1157 2898; x_wconf 90' lang='lat' dir='ltr'><strong>nos</strong></span> <span class='ocrx_word' id='word_1_327' title='bbox 1193 2845 1262 2899; x_wconf 90' lang='lat' dir='ltr'><strong>ad</strong></span> <span class='ocrx_word' id='word_1_328' title='bbox 1311 2859 1617 2914; x_wconf 68' lang='lat' dir='ltr'><strong>vesperum,</strong></span> <span class='ocrx_word' id='word_1_329' title='bbox 1677 2847 1844 2901; x_wconf 87' lang='lat' dir='ltr'><strong>decli-</strong></span> 
     </span>
    </p>
   </div>
   <div class='ocr_carea' id='block_1_45' title="bbox 253 2937 1472 3004">
    <p class='ocr_par' dir='ltr' id='par_1_45' title="bbox 253 2937 1472 3004">
     <span class='ocr_line' id='line_1_45' title="bbox 253 2937 1472 3004; baseline -0.003 -8"><span class='ocrx_word' id='word_1_330' title='bbox 253 2940 448 2996; x_wconf 86' lang='lat' dir='ltr'><strong>nantis</strong></span> <span class='ocrx_word' id='word_1_331' title='bbox 489 2954 520 2994; x_wconf 86' lang='lat' dir='ltr'><strong>a</strong></span> <span class='ocrx_word' id='word_1_332' title='bbox 555 2940 737 3004; x_wconf 88' lang='lat' dir='ltr'><strong>nobis,</strong></span> <span class='ocrx_word' id='word_1_333' title='bbox 776 2939 1150 2993; x_wconf 88' lang='lat' dir='ltr'><strong>ministramus</strong></span> <span class='ocrx_word' id='word_1_334' title='bbox 1185 2937 1472 2992; x_wconf 85' lang='lat' dir='ltr'><strong>voluntati.</strong></span> 
     </span>
    </p>
   </div>
   <div class='ocr_carea' id='block_1_46' title="bbox 326 3030 1849 3101">
    <p class='ocr_par' dir='ltr' id='par_1_46' title="bbox 326 3030 1849 3101">
     <span class='ocr_line' id='line_1_46' title="bbox 326 3030 1849 3101; baseline 0.001 -15"><span class='ocrx_word' id='word_1_335' title='bbox 326 3053 348 3086; x_wconf 75' lang='grc' dir='ltr'>ι</span> <span class='ocrx_word' id='word_1_336' title='bbox 392 3033 462 3089; x_wconf 83' lang='grc' dir='ltr'><strong>Ει</strong></span> <span class='ocrx_word' id='word_1_337' title='bbox 491 3044 611 3088; x_wconf 87' lang='lat' dir='ltr'><strong>erat</strong></span> <span class='ocrx_word' id='word_1_338' title='bbox 638 3032 818 3085; x_wconf 88' lang='lat' dir='ltr'><strong>omnis</strong></span> <span class='ocrx_word' id='word_1_339' title='bbox 849 3030 1042 3086; x_wconf 82' lang='lat' dir='ltr'><strong>civitas</strong></span> <span class='ocrx_word' id='word_1_340' title='bbox 1064 3041 1390 3101; x_wconf 84' lang='lat' dir='ltr'><strong>congregata</strong></span> <span class='ocrx_word' id='word_1_341' title='bbox 1423 3031 1490 3086; x_wconf 90' lang='lat' dir='ltr'><strong>ad</strong></span> <span class='ocrx_word' id='word_1_342' title='bbox 1516 3031 1768 3100; x_wconf 80' lang='lat' dir='ltr'><strong>ianuam,</strong></span> <span class='ocrx_word' id='word_1_343' title='bbox 1792 3043 1849 3088; x_wconf 89' lang='lat' dir='ltr'><strong>et</strong></span> 
     </span>
    </p>
   </div>
   <div class='ocr_carea' id='block_1_47' title="bbox 247 3123 1844 3194">
    <p class='ocr_par' dir='ltr' id='par_1_47' title="bbox 247 3123 1844 3194">
     <span class='ocr_line' id='line_1_47' title="bbox 247 3123 1844 3194; baseline -0.003 -12"><span class='ocrx_word' id='word_1_344' title='bbox 247 3126 480 3182; x_wconf 75' lang='lat' dir='ltr'><strong>curavit</strong></span> <span class='ocrx_word' id='word_1_345' title='bbox 507 3125 730 3186; x_wconf 87' lang='lat' dir='ltr'><strong>multos,</strong></span> <span class='ocrx_word' id='word_1_346' title='bbox 761 3126 848 3192; x_wconf 89' lang='lat' dir='ltr'><strong>qui</strong></span> <span class='ocrx_word' id='word_1_347' title='bbox 885 3123 1222 3178; x_wconf 75' lang='lat' dir='ltr'><strong>vexabantur</strong></span> <span class='ocrx_word' id='word_1_348' title='bbox 1265 3125 1432 3178; x_wconf 76' lang='lat' dir='ltr'><strong>Variis</strong></span> <span class='ocrx_word' id='word_1_349' title='bbox 1474 3127 1844 3194; x_wconf 77' lang='lat' dir='ltr'><strong>languoribus.</strong></span> 
     </span>
    </p>
   </div>
   <div class='ocr_carea' id='block_1_48' title="bbox 248 3215 1844 3290">
    <p class='ocr_par' dir='ltr' id='par_1_48' title="bbox 248 3215 1844 3290">
     <span class='ocr_line' id='line_1_48' title="bbox 248 3215 1844 3290; baseline -0.001 -16"><span class='ocrx_word' id='word_1_350' title='bbox 248 3219 319 3274; x_wconf 82' lang='lat' dir='ltr'><strong>Et</strong></span> <span class='ocrx_word' id='word_1_351' title='bbox 350 3219 630 3274; x_wconf 64' lang='lat' dir='ltr'><strong>daemonia</strong></span> <span class='ocrx_word' id='word_1_352' title='bbox 660 3219 827 3270; x_wconf 86' lang='lat' dir='ltr'><strong>multa</strong></span> <span class='ocrx_word' id='word_1_353' title='bbox 855 3215 1132 3284; x_wconf 87' lang='lat' dir='ltr'><strong>ejiciebat,</strong></span> <span class='ocrx_word' id='word_1_354' title='bbox 1159 3227 1211 3270; x_wconf 89' lang='lat' dir='ltr'><strong>et</strong></span> <span class='ocrx_word' id='word_1_355' title='bbox 1236 3234 1341 3269; x_wconf 91' lang='lat' dir='ltr'><strong>non</strong></span> <span class='ocrx_word' id='word_1_356' title='bbox 1357 3216 1569 3271; x_wconf 85' lang='lat' dir='ltr'><strong>sinebat</strong></span> <span class='ocrx_word' id='word_1_357' title='bbox 1587 3235 1646 3272; x_wconf 85' lang='lat' dir='ltr'><strong>ea</strong></span> <span class='ocrx_word' id='word_1_358' title='bbox 1677 3219 1844 3290; x_wconf 86' lang='lat' dir='ltr'><strong>loqui,</strong></span> 
     </span>
    </p>
   </div>
   <div class='ocr_carea' id='block_1_49' title="bbox 244 3305 1844 3384">
    <p class='ocr_par' dir='ltr' id='par_1_49' title="bbox 244 3305 1844 3384">
     <span class='ocr_line' id='line_1_49' title="bbox 244 3305 1844 3384; baseline -0.001 -18"><span class='ocrx_word' id='word_1_359' title='bbox 244 3313 530 3384; x_wconf 87' lang='lat' dir='ltr'><strong>quoniam</strong></span> <span class='ocrx_word' id='word_1_360' title='bbox 563 3309 810 3365; x_wconf 88' lang='lat' dir='ltr'><strong>sciebant</strong></span> <span class='ocrx_word' id='word_1_361' title='bbox 844 3325 989 3363; x_wconf 84' lang='lat' dir='ltr'><strong>eutu.</strong></span> <span class='ocrx_word' id='word_1_362' title='bbox 1055 3305 1120 3361; x_wconf 78' lang='lat' dir='ltr'><strong>Et</strong></span> <span class='ocrx_word' id='word_1_363' title='bbox 1156 3308 1394 3364; x_wconf 86' lang='lat' dir='ltr'><strong>diluculo</strong></span> <span class='ocrx_word' id='word_1_364' title='bbox 1421 3309 1573 3364; x_wconf 85' lang='lat' dir='ltr'><strong>valde</strong></span> <span class='ocrx_word' id='word_1_365' title='bbox 1612 3327 1844 3380; x_wconf 75' lang='lat' dir='ltr'><strong>surgens</strong></span> 
     </span>
    </p>
   </div>
   <div class='ocr_carea' id='block_1_50' title="bbox 248 3399 1844 3476">
    <p class='ocr_par' dir='ltr' id='par_1_50' title="bbox 248 3399 1844 3476">
     <span class='ocr_line' id='line_1_50' title="bbox 248 3399 1844 3476; baseline -0.003 -18"><span class='ocrx_word' id='word_1_366' title='bbox 248 3417 526 3476; x_wconf 79' lang='lat' dir='ltr'><strong>egressus</strong></span> <span class='ocrx_word' id='word_1_367' title='bbox 562 3402 696 3456; x_wconf 84' lang='lat' dir='ltr'><strong>abiit</strong></span> <span class='ocrx_word' id='word_1_368' title='bbox 734 3401 788 3454; x_wconf 87' lang='lat' dir='ltr'><strong>in</strong></span> <span class='ocrx_word' id='word_1_369' title='bbox 829 3401 1102 3454; x_wconf 87' lang='lat' dir='ltr'><strong>desertum</strong></span> <span class='ocrx_word' id='word_1_370' title='bbox 1145 3399 1346 3466; x_wconf 87' lang='lat' dir='ltr'><strong>locum,</strong></span> <span class='ocrx_word' id='word_1_371' title='bbox 1382 3401 1564 3471; x_wconf 84' lang='lat' dir='ltr'><strong>ibique</strong></span> <span class='ocrx_word' id='word_1_372' title='bbox 1594 3405 1788 3456; x_wconf 85' lang='lat' dir='ltr'><strong>Orabat</strong></span> <span class='ocrx_word' id='word_1_373' title='bbox 1829 3419 1844 3453; x_wconf 88' lang='lat'><strong>:</strong></span> 
     </span>
    </p>
   </div>
   <div class='ocr_carea' id='block_1_51' title="bbox 243 3491 1850 3568">
    <p class='ocr_par' dir='ltr' id='par_1_51' title="bbox 243 3491 1850 3568">
     <span class='ocr_line' id='line_1_51' title="bbox 243 3491 1850 3568; baseline -0.003 -16"><span class='ocrx_word' id='word_1_374' title='bbox 243 3507 306 3552; x_wconf 88' lang='lat' dir='ltr'><strong>et</strong></span> <span class='ocrx_word' id='word_1_375' title='bbox 358 3501 696 3568; x_wconf 81' lang='lat' dir='ltr'><strong>prOsecutus</strong></span> <span class='ocrx_word' id='word_1_376' title='bbox 740 3503 825 3547; x_wconf 84' lang='lat' dir='ltr'><strong>est</strong></span> <span class='ocrx_word' id='word_1_377' title='bbox 871 3508 996 3546; x_wconf 89' lang='lat' dir='ltr'><strong>eum</strong></span> <span class='ocrx_word' id='word_1_378' title='bbox 1056 3491 1270 3556; x_wconf 84' lang='lat' dir='ltr'><strong>Simon,</strong></span> <span class='ocrx_word' id='word_1_379' title='bbox 1328 3504 1383 3547; x_wconf 91' lang='lat' dir='ltr'><strong>et</strong></span> <span class='ocrx_word' id='word_1_380' title='bbox 1437 3493 1531 3563; x_wconf 91' lang='lat' dir='ltr'><strong>qui</strong></span> <span class='ocrx_word' id='word_1_381' title='bbox 1583 3508 1704 3547; x_wconf 90' lang='lat' dir='ltr'><strong>cum</strong></span> <span class='ocrx_word' id='word_1_382' title='bbox 1757 3495 1850 3548; x_wconf 90' lang='lat' dir='ltr'><strong>illo</strong></span> 
     </span>
    </p>
   </div>
   <div class='ocr_carea' id='block_1_52' title="bbox 249 3585 1850 3654">
    <p class='ocr_par' dir='ltr' id='par_1_52' title="bbox 249 3585 1850 3654">
     <span class='ocr_line' id='line_1_52' title="bbox 249 3585 1850 3654; baseline -0.001 -11"><span class='ocrx_word' id='word_1_383' title='bbox 249 3597 448 3644; x_wconf 88' lang='lat' dir='ltr'><strong>erant.</strong></span> <span class='ocrx_word' id='word_1_384' title='bbox 487 3586 556 3640; x_wconf 82' lang='lat' dir='ltr'><strong>Et</strong></span> <span class='ocrx_word' id='word_1_385' title='bbox 593 3601 713 3639; x_wconf 91' lang='lat' dir='ltr'><strong>cum</strong></span> <span class='ocrx_word' id='word_1_386' title='bbox 753 3585 1092 3640; x_wconf 88' lang='lat' dir='ltr'><strong>invenissent</strong></span> <span class='ocrx_word' id='word_1_387' title='bbox 1121 3601 1270 3649; x_wconf 91' lang='lat' dir='ltr'><strong>eum,</strong></span> <span class='ocrx_word' id='word_1_388' title='bbox 1313 3585 1567 3640; x_wconf 85' lang='lat' dir='ltr'><strong>dixerunt</strong></span> <span class='ocrx_word' id='word_1_389' title='bbox 1603 3585 1673 3650; x_wconf 90' lang='lat' dir='ltr'><strong>ei,</strong></span> <span class='ocrx_word' id='word_1_390' title='bbox 1711 3587 1850 3654; x_wconf 82' lang='lat' dir='ltr'><strong>Quia</strong></span> 
     </span>
    </p>
   </div>
   <div class='ocr_carea' id='block_1_53' title="bbox 245 3674 1854 3747">
    <p class='ocr_par' dir='ltr' id='par_1_53' title="bbox 245 3674 1854 3747">
     <span class='ocr_line' id='line_1_53' title="bbox 245 3674 1854 3747; baseline 0.001 -17"><span class='ocrx_word' id='word_1_391' title='bbox 245 3695 461 3736; x_wconf 81' lang='lat' dir='ltr'><strong>omnes</strong></span> <span class='ocrx_word' id='word_1_392' title='bbox 489 3686 738 3747; x_wconf 72' lang='lat' dir='ltr'><strong>quaerunt</strong></span> <span class='ocrx_word' id='word_1_393' title='bbox 775 3687 848 3730; x_wconf 89' lang='lat' dir='ltr'><strong>te.</strong></span> <span class='ocrx_word' id='word_1_394' title='bbox 884 3674 949 3728; x_wconf 82' lang='lat' dir='ltr'><strong>Et</strong></span> <span class='ocrx_word' id='word_1_395' title='bbox 977 3677 1053 3729; x_wconf 89' lang='lat' dir='ltr'><strong>ait</strong></span> <span class='ocrx_word' id='word_1_396' title='bbox 1078 3675 1186 3730; x_wconf 90' lang='lat' dir='ltr'><strong>illis</strong></span> <span class='ocrx_word' id='word_1_397' title='bbox 1215 3695 1228 3730; x_wconf 88' lang='lat'><em>:</em></span> <span class='ocrx_word' id='word_1_398' title='bbox 1257 3674 1455 3730; x_wconf 85' lang='lat' dir='ltr'><strong>Eamus</strong></span> <span class='ocrx_word' id='word_1_399' title='bbox 1481 3677 1532 3730; x_wconf 92' lang='lat' dir='ltr'><strong>iu</strong></span> <span class='ocrx_word' id='word_1_400' title='bbox 1577 3692 1854 3745; x_wconf 80' lang='lat' dir='ltr'><strong>proximos</strong></span> 
     </span>
    </p>
   </div>
   <div class='ocr_carea' id='block_1_54' title="bbox 243 3768 1853 3839">
    <p class='ocr_par' dir='ltr' id='par_1_54' title="bbox 243 3768 1853 3839">
     <span class='ocr_line' id='line_1_54' title="bbox 243 3768 1853 3839; baseline 0.001 -15"><span class='ocrx_word' id='word_1_401' title='bbox 243 3775 416 3829; x_wconf 82' lang='lat' dir='ltr'><strong>vicos</strong></span> <span class='ocrx_word' id='word_1_402' title='bbox 450 3780 512 3825; x_wconf 88' lang='lat' dir='ltr'><strong>et</strong></span> <span class='ocrx_word' id='word_1_403' title='bbox 538 3771 810 3832; x_wconf 86' lang='lat' dir='ltr'><strong>civitates.</strong></span> <span class='ocrx_word' id='word_1_404' title='bbox 839 3777 896 3824; x_wconf 85' lang='grc' dir='ltr'><strong>ιιι</strong></span> <span class='ocrx_word' id='word_1_405' title='bbox 929 3779 982 3822; x_wconf 89' lang='lat' dir='ltr'><strong>et</strong></span> <span class='ocrx_word' id='word_1_406' title='bbox 1007 3769 1078 3822; x_wconf 93' lang='lat' dir='ltr'><strong>ibi</strong></span> <span class='ocrx_word' id='word_1_407' title='bbox 1110 3768 1394 3839; x_wconf 56' lang='lat' dir='ltr'><strong>pradicant</strong></span> <span class='ocrx_word' id='word_1_408' title='bbox 1431 3787 1445 3823; x_wconf 93' lang='lat'><strong>:</strong></span> <span class='ocrx_word' id='word_1_409' title='bbox 1479 3770 1547 3824; x_wconf 90' lang='lat' dir='ltr'><strong>ad</strong></span> <span class='ocrx_word' id='word_1_410' title='bbox 1579 3772 1681 3826; x_wconf 92' lang='lat' dir='ltr'><strong>hoc</strong></span> <span class='ocrx_word' id='word_1_411' title='bbox 1707 3771 1853 3826; x_wconf 90' lang='lat' dir='ltr'><strong>enim</strong></span> 
     </span>
    </p>
   </div>
   <div class='ocr_carea' id='block_1_55' title="bbox 246 3847 1854 3934">
    <p class='ocr_par' dir='ltr' id='par_1_55' title="bbox 246 3847 1854 3934">
     <span class='ocr_line' id='line_1_55' title="bbox 246 3847 1854 3934; baseline 0.001 -17"><span class='ocrx_word' id='word_1_412' title='bbox 246 3867 413 3920; x_wconf 71' lang='lat' dir='ltr'><strong>veni.</strong></span> <span class='ocrx_word' id='word_1_413' title='bbox 449 3860 523 3916; x_wconf 86' lang='lat' dir='ltr'><strong>Et</strong></span> <span class='ocrx_word' id='word_1_414' title='bbox 557 3847 674 3916; x_wconf 69' lang='lat' dir='ltr'><strong>erat</strong></span> <span class='ocrx_word' id='word_1_415' title='bbox 710 3863 1013 3933; x_wconf 72' lang='lat' dir='ltr'><strong>praedicans</strong></span> <span class='ocrx_word' id='word_1_416' title='bbox 1047 3862 1099 3916; x_wconf 92' lang='lat' dir='ltr'><strong>in</strong></span> <span class='ocrx_word' id='word_1_417' title='bbox 1135 3863 1422 3934; x_wconf 78' lang='lat' dir='ltr'><strong>synagogis</strong></span> <span class='ocrx_word' id='word_1_418' title='bbox 1455 3877 1670 3930; x_wconf 88' lang='lat' dir='ltr'><strong>eorum,</strong></span> <span class='ocrx_word' id='word_1_419' title='bbox 1707 3874 1760 3920; x_wconf 89' lang='lat' dir='ltr'><strong>et</strong></span> <span class='ocrx_word' id='word_1_420' title='bbox 1801 3866 1854 3919; x_wconf 88' lang='lat' dir='ltr'><strong>itt</strong></span> 
     </span>
    </p>
   </div>
   <div class='ocr_carea' id='block_1_56' title="bbox 243 3949 1853 4020">
    <p class='ocr_par' dir='ltr' id='par_1_56' title="bbox 243 3949 1853 4020">
     <span class='ocr_line' id='line_1_56' title="bbox 243 3949 1853 4020; baseline -0.002 -9"><span class='ocrx_word' id='word_1_421' title='bbox 243 3955 415 4011; x_wconf 87' lang='lat' dir='ltr'><strong>omni</strong></span> <span class='ocrx_word' id='word_1_422' title='bbox 441 3952 691 4018; x_wconf 72' lang='lat' dir='ltr'><strong>Galilaea,</strong></span> <span class='ocrx_word' id='word_1_423' title='bbox 727 3963 779 4006; x_wconf 89' lang='lat' dir='ltr'><strong>et</strong></span> <span class='ocrx_word' id='word_1_424' title='bbox 802 3955 1061 4006; x_wconf 76' lang='lat' dir='ltr'><strong>dannonia</strong></span> <span class='ocrx_word' id='word_1_425' title='bbox 1089 3952 1334 4020; x_wconf 75' lang='lat' dir='ltr'><strong>eiiciens.</strong></span> <span class='ocrx_word' id='word_1_426' title='bbox 1371 3949 1436 4006; x_wconf 86' lang='lat' dir='ltr'><strong>Et</strong></span> <span class='ocrx_word' id='word_1_427' title='bbox 1465 3953 1616 4008; x_wconf 89' lang='lat' dir='ltr'><strong>venit</strong></span> <span class='ocrx_word' id='word_1_428' title='bbox 1646 3955 1711 4007; x_wconf 89' lang='lat' dir='ltr'><strong>ad</strong></span> <span class='ocrx_word' id='word_1_429' title='bbox 1729 3969 1853 4008; x_wconf 91' lang='lat' dir='ltr'><strong>eum</strong></span> 
     </span>
    </p>
   </div>
   <div class='ocr_carea' id='block_1_57' title="bbox 245 4043 1856 4118">
    <p class='ocr_par' dir='ltr' id='par_1_57' title="bbox 245 4043 1856 4118">
     <span class='ocr_line' id='line_1_57' title="bbox 245 4043 1856 4118; baseline -0.002 -16"><span class='ocrx_word' id='word_1_430' title='bbox 245 4048 549 4118; x_wconf 78' lang='lat' dir='ltr'><strong>leprosos,</strong></span> <span class='ocrx_word' id='word_1_431' title='bbox 581 4043 881 4112; x_wconf 74' lang='lat' dir='ltr'><strong>deprecans</strong></span> <span class='ocrx_word' id='word_1_432' title='bbox 908 4059 1032 4098; x_wconf 87' lang='lat' dir='ltr'><strong>eum</strong></span> <span class='ocrx_word' id='word_1_433' title='bbox 1070 4059 1084 4096; x_wconf 88' lang='lat'><strong>:</strong></span> <span class='ocrx_word' id='word_1_434' title='bbox 1119 4053 1173 4098; x_wconf 90' lang='lat' dir='ltr'><strong>et</strong></span> <span class='ocrx_word' id='word_1_435' title='bbox 1210 4059 1348 4113; x_wconf 83' lang='lat' dir='ltr'><strong>genu</strong></span> <span class='ocrx_word' id='word_1_436' title='bbox 1384 4043 1544 4109; x_wconf 76' lang='lat' dir='ltr'><strong>lit-xu,</strong></span> <span class='ocrx_word' id='word_1_437' title='bbox 1582 4045 1718 4100; x_wconf 79' lang='lat' dir='ltr'><strong>dixit</strong></span> <span class='ocrx_word' id='word_1_438' title='bbox 1750 4063 1764 4100; x_wconf 93' lang='lat'>:</span> <span class='ocrx_word' id='word_1_439' title='bbox 1802 4045 1856 4098; x_wconf 73' lang='lat' dir='ltr'><strong>Si</strong></span> 
     </span>
    </p>
   </div>
   <div class='ocr_carea' id='block_1_58' title="bbox 243 4133 1858 4209">
    <p class='ocr_par' dir='ltr' id='par_1_58' title="bbox 243 4133 1858 4209">
     <span class='ocr_line' id='line_1_58' title="bbox 243 4133 1858 4209; baseline -0.001 -17"><span class='ocrx_word' id='word_1_440' title='bbox 243 4143 362 4204; x_wconf 82' lang='lat' dir='ltr'><strong>vis,</strong></span> <span class='ocrx_word' id='word_1_441' title='bbox 393 4149 563 4209; x_wconf 82' lang='lat' dir='ltr'><strong>putes</strong></span> <span class='ocrx_word' id='word_1_442' title='bbox 609 4151 695 4192; x_wconf 87' lang='lat' dir='ltr'><strong>me</strong></span> <span class='ocrx_word' id='word_1_443' title='bbox 747 4139 1028 4191; x_wconf 84' lang='lat' dir='ltr'><strong>mundare.</strong></span> <span class='ocrx_word' id='word_1_444' title='bbox 1047 4133 1204 4191; x_wconf 75' lang='lat' dir='ltr'><strong>Jesus</strong></span> <span class='ocrx_word' id='word_1_445' title='bbox 1224 4147 1403 4190; x_wconf 88' lang='lat' dir='ltr'><strong>autem</strong></span> <span class='ocrx_word' id='word_1_446' title='bbox 1442 4139 1695 4193; x_wconf 69' lang='lat' dir='ltr'><strong>miserias</strong></span> <span class='ocrx_word' id='word_1_447' title='bbox 1715 4137 1858 4208; x_wconf 81' lang='lat' dir='ltr'><strong>ejus,</strong></span> 
     </span>
    </p>
   </div>
   <div class='ocr_carea' id='block_1_59' title="bbox 239 4230 1858 4299">
    <p class='ocr_par' dir='ltr' id='par_1_59' title="bbox 239 4230 1858 4299">
     <span class='ocr_line' id='line_1_59' title="bbox 239 4230 1858 4299; baseline -0.002 -11"><span class='ocrx_word' id='word_1_448' title='bbox 239 4233 524 4289; x_wconf 76' lang='lat' dir='ltr'><strong>extendit</strong></span> <span class='ocrx_word' id='word_1_449' title='bbox 558 4245 780 4284; x_wconf 86' lang='lat' dir='ltr'><strong>manum</strong></span> <span class='ocrx_word' id='word_1_450' title='bbox 813 4245 992 4292; x_wconf 88' lang='lat' dir='ltr'><strong>suam,</strong></span> <span class='ocrx_word' id='word_1_451' title='bbox 1038 4239 1092 4282; x_wconf 85' lang='lat' dir='ltr'><strong>et</strong></span> <span class='ocrx_word' id='word_1_452' title='bbox 1137 4239 1360 4299; x_wconf 85' lang='lat' dir='ltr'><strong>tangens</strong></span> <span class='ocrx_word' id='word_1_453' title='bbox 1395 4243 1549 4293; x_wconf 86' lang='lat' dir='ltr'><strong>eum,</strong></span> <span class='ocrx_word' id='word_1_454' title='bbox 1592 4231 1669 4283; x_wconf 86' lang='lat' dir='ltr'><strong>ait</strong></span> <span class='ocrx_word' id='word_1_455' title='bbox 1718 4230 1790 4284; x_wconf 85' lang='lat' dir='ltr'><strong>illi</strong></span> <span class='ocrx_word' id='word_1_456' title='bbox 1843 4248 1858 4285; x_wconf 91' lang='lat'><strong>:</strong></span> 
     </span>
    </p>
   </div>
   <div class='ocr_carea' id='block_1_60' title="bbox 241 4323 1864 4390">
    <p class='ocr_par' dir='ltr' id='par_1_60' title="bbox 241 4323 1864 4390">
     <span class='ocr_line' id='line_1_60' title="bbox 241 4323 1864 4390; baseline -0.001 -12"><span class='ocrx_word' id='word_1_457' title='bbox 241 4324 432 4390; x_wconf 68' lang='lat' dir='ltr'><strong>Volo,</strong></span> <span class='ocrx_word' id='word_1_458' title='bbox 469 4325 757 4378; x_wconf 87' lang='lat' dir='ltr'><strong>mundate.</strong></span> <span class='ocrx_word' id='word_1_459' title='bbox 793 4323 858 4376; x_wconf 80' lang='lat' dir='ltr'><strong>Et</strong></span> <span class='ocrx_word' id='word_1_460' title='bbox 885 4337 1007 4376; x_wconf 87' lang='lat' dir='ltr'><strong>cum</strong></span> <span class='ocrx_word' id='word_1_461' title='bbox 1040 4323 1290 4382; x_wconf 82' lang='lat' dir='ltr'><strong>dixisset,</strong></span> <span class='ocrx_word' id='word_1_462' title='bbox 1313 4323 1496 4376; x_wconf 87' lang='lat' dir='ltr'><strong>statim</strong></span> <span class='ocrx_word' id='word_1_463' title='bbox 1517 4323 1767 4378; x_wconf 80' lang='lat' dir='ltr'><strong>discessit</strong></span> <span class='ocrx_word' id='word_1_464' title='bbox 1795 4325 1864 4377; x_wconf 86' lang='lat' dir='ltr'><strong>ab</strong></span> 
     </span>
    </p>
   </div>
   <div class='ocr_carea' id='block_1_61' title="bbox 238 4418 1859 4490">
    <p class='ocr_par' dir='ltr' id='par_1_61' title="bbox 238 4418 1859 4490">
     <span class='ocr_line' id='line_1_61' title="bbox 238 4418 1859 4490; baseline -0.004 -14"><span class='ocrx_word' id='word_1_465' title='bbox 238 4438 313 4476; x_wconf 76' lang='lat' dir='ltr'><strong>eo</strong></span> <span class='ocrx_word' id='word_1_466' title='bbox 345 4422 521 4490; x_wconf 84' lang='lat' dir='ltr'><strong>lepra</strong></span> <span class='ocrx_word' id='word_1_467' title='bbox 553 4429 607 4473; x_wconf 86' lang='lat' dir='ltr'><strong>et</strong></span> <span class='ocrx_word' id='word_1_468' title='bbox 655 4418 948 4471; x_wconf 78' lang='lat' dir='ltr'><strong>mundatus</strong></span> <span class='ocrx_word' id='word_1_469' title='bbox 993 4428 1096 4482; x_wconf 87' lang='lat' dir='ltr'><strong>est,</strong></span> <span class='ocrx_word' id='word_1_470' title='bbox 1151 4427 1204 4470; x_wconf 90' lang='lat' dir='ltr'><strong>et</strong></span> <span class='ocrx_word' id='word_1_471' title='bbox 1253 4418 1616 4474; x_wconf 87' lang='lat' dir='ltr'><strong>comminatus</strong></span> <span class='ocrx_word' id='word_1_472' title='bbox 1653 4430 1737 4473; x_wconf 89' lang='lat' dir='ltr'><strong>est</strong></span> <span class='ocrx_word' id='word_1_473' title='bbox 1789 4419 1859 4485; x_wconf 90' lang='lat' dir='ltr'><strong>ei,</strong></span> 
     </span>
    </p>
   </div>
   <div class='ocr_carea' id='block_1_62' title="bbox 1942 1907 2572 1985">
    <p class='ocr_par' dir='ltr' id='par_1_62' title="bbox 1942 1907 2572 1985">
     <span class='ocr_line' id='line_1_62' title="bbox 1942 1907 2572 1985; baseline -0.006 -13"><span class='ocrx_word' id='word_1_474' title='bbox 1942 1927 2049 1972; x_wconf 89' lang='lat' dir='ltr'><strong>tate</strong></span> <span class='ocrx_word' id='word_1_475' title='bbox 2071 1917 2270 1973; x_wconf 88' lang='lat' dir='ltr'><strong>Christi</strong></span> <span class='ocrx_word' id='word_1_476' title='bbox 2297 1907 2572 1985; x_wconf 85' lang='lat' dir='ltr'><strong>separare.</strong></span> 
     </span>
    </p>
   </div>
   <div class='ocr_carea' id='block_1_63' title="bbox 2559 2073 2968 2132">
    <p class='ocr_par' dir='ltr' id='par_1_63' title="bbox 2559 2073 2968 2132">
     <span class='ocr_line' id='line_1_63' title="bbox 2559 2073 2968 2132; baseline -0.01 0"><span class='ocrx_word' id='word_1_477' title='bbox 2559 2073 2790 2132; x_wconf 79' lang='lat' dir='ltr'><strong>CAPUT</strong></span> <span class='ocrx_word' id='word_1_478' title='bbox 2823 2073 2887 2129; x_wconf 83' lang='lat' dir='ltr'><strong>ll.</strong></span> <span class='ocrx_word' id='word_1_479' title='bbox 2965 2073 2968 2077; x_wconf 82' lang='grc'><strong>’</strong></span> 
     </span>
    </p>
   </div>
   <div class='ocr_carea' id='block_1_64' title="bbox 2020 2189 3526 2264">
    <p class='ocr_par' dir='ltr' id='par_1_64' title="bbox 2020 2189 3526 2264">
     <span class='ocr_line' id='line_1_64' title="bbox 2020 2189 3526 2264; baseline -0.001 -18"><span class='ocrx_word' id='word_1_480' title='bbox 2020 2213 2039 2246; x_wconf 84' lang='lat' dir='ltr'><strong>t</strong></span> <span class='ocrx_word' id='word_1_481' title='bbox 2085 2191 2150 2247; x_wconf 82' lang='lat' dir='ltr'><strong>Et</strong></span> <span class='ocrx_word' id='word_1_482' title='bbox 2173 2194 2367 2249; x_wconf 89' lang='lat' dir='ltr'><strong>iterum</strong></span> <span class='ocrx_word' id='word_1_483' title='bbox 2417 2193 2642 2248; x_wconf 86' lang='lat' dir='ltr'><strong>intravit</strong></span> <span class='ocrx_word' id='word_1_484' title='bbox 2695 2191 3078 2264; x_wconf 77' lang='lat' dir='ltr'><strong>Capliat&#39;naum</strong></span> <span class='ocrx_word' id='word_1_485' title='bbox 3117 2198 3237 2260; x_wconf 89' lang='lat' dir='ltr'><strong>post</strong></span> <span class='ocrx_word' id='word_1_486' title='bbox 3276 2189 3416 2256; x_wconf 85' lang='lat' dir='ltr'><strong>dies,</strong></span> <span class='ocrx_word' id='word_1_487' title='bbox 3470 2199 3526 2246; x_wconf 91' lang='lat' dir='ltr'><strong>et</strong></span> 
     </span>
    </p>
   </div>
   <div class='ocr_carea' id='block_1_65' title="bbox 1943 2283 3530 2354">
    <p class='ocr_par' dir='ltr' id='par_1_65' title="bbox 1943 2283 3530 2354">
     <span class='ocr_line' id='line_1_65' title="bbox 1943 2283 3530 2354; baseline -0.004 -12"><span class='ocrx_word' id='word_1_488' title='bbox 1943 2286 2188 2342; x_wconf 87' lang='lat' dir='ltr'><strong>auditum</strong></span> <span class='ocrx_word' id='word_1_489' title='bbox 2215 2297 2298 2341; x_wconf 88' lang='lat' dir='ltr'><strong>est</strong></span> <span class='ocrx_word' id='word_1_490' title='bbox 2354 2287 2498 2354; x_wconf 88' lang='lat' dir='ltr'><strong>quod</strong></span> <span class='ocrx_word' id='word_1_491' title='bbox 2536 2287 2588 2338; x_wconf 94' lang='lat' dir='ltr'><strong>in</strong></span> <span class='ocrx_word' id='word_1_492' title='bbox 2633 2283 2794 2340; x_wconf 90' lang='lat' dir='ltr'><strong>domo</strong></span> <span class='ocrx_word' id='word_1_493' title='bbox 2837 2294 3002 2348; x_wconf 84' lang='lat' dir='ltr'><strong>esset,</strong></span> <span class='ocrx_word' id='word_1_494' title='bbox 3053 2292 3108 2338; x_wconf 91' lang='lat' dir='ltr'><strong>et</strong></span> <span class='ocrx_word' id='word_1_495' title='bbox 3151 2293 3530 2338; x_wconf 85' lang='lat' dir='ltr'><strong>convenerunt</strong></span> 
     </span>
    </p>
   </div>
   <div class='ocr_carea' id='block_1_66' title="bbox 1945 2373 3527 2449">
    <p class='ocr_par' dir='ltr' id='par_1_66' title="bbox 1945 2373 3527 2449">
     <span class='ocr_line' id='line_1_66' title="bbox 1945 2373 3527 2449; baseline -0.004 -15"><span class='ocrx_word' id='word_1_496' title='bbox 1945 2379 2122 2444; x_wconf 89' lang='lat' dir='ltr'><strong>multi,</strong></span> <span class='ocrx_word' id='word_1_497' title='bbox 2160 2379 2235 2433; x_wconf 82' lang='lat' dir='ltr'><strong>ita</strong></span> <span class='ocrx_word' id='word_1_498' title='bbox 2273 2387 2331 2433; x_wconf 94' lang='lat' dir='ltr'><strong>ut</strong></span> <span class='ocrx_word' id='word_1_499' title='bbox 2361 2393 2472 2434; x_wconf 91' lang='lat' dir='ltr'><strong>non</strong></span> <span class='ocrx_word' id='word_1_500' title='bbox 2501 2384 2725 2449; x_wconf 82' lang='lat' dir='ltr'><strong>caperet.</strong></span> <span class='ocrx_word' id='word_1_501' title='bbox 2761 2391 2938 2447; x_wconf 83' lang='lat' dir='ltr'><strong>neque</strong></span> <span class='ocrx_word' id='word_1_502' title='bbox 2977 2375 3044 2430; x_wconf 90' lang='lat' dir='ltr'><strong>ad</strong></span> <span class='ocrx_word' id='word_1_503' title='bbox 3085 2373 3334 2443; x_wconf 78' lang='lat' dir='ltr'><strong>ianuam,</strong></span> <span class='ocrx_word' id='word_1_504' title='bbox 3364 2385 3420 2431; x_wconf 90' lang='lat' dir='ltr'><strong>et</strong></span> <span class='ocrx_word' id='word_1_505' title='bbox 3444 2373 3527 2428; x_wconf 83' lang='lat' dir='ltr'><strong>lo-</strong></span> 
     </span>
    </p>
   </div>
   <div class='ocr_carea' id='block_1_67' title="bbox 1945 2467 3530 2544">
    <p class='ocr_par' dir='ltr' id='par_1_67' title="bbox 1945 2467 3530 2544">
     <span class='ocr_line' id='line_1_67' title="bbox 1945 2467 3530 2544; baseline -0.003 -19"><span class='ocrx_word' id='word_1_506' title='bbox 1945 2473 2217 2544; x_wconf 89' lang='lat' dir='ltr'><strong>quebatur</strong></span> <span class='ocrx_word' id='word_1_507' title='bbox 2246 2471 2327 2526; x_wconf 91' lang='lat' dir='ltr'><strong>eis</strong></span> <span class='ocrx_word' id='word_1_508' title='bbox 2360 2475 2608 2526; x_wconf 86' lang='lat' dir='ltr'><strong>verbum.</strong></span> <span class='ocrx_word' id='word_1_509' title='bbox 2644 2467 2712 2523; x_wconf 88' lang='lat' dir='ltr'><strong>Et</strong></span> <span class='ocrx_word' id='word_1_510' title='bbox 2735 2478 3002 2525; x_wconf 86' lang='lat' dir='ltr'><strong>venerunt</strong></span> <span class='ocrx_word' id='word_1_511' title='bbox 3025 2469 3091 2522; x_wconf 88' lang='lat' dir='ltr'><strong>ad</strong></span> <span class='ocrx_word' id='word_1_512' title='bbox 3123 2483 3250 2523; x_wconf 90' lang='lat' dir='ltr'><strong>eum</strong></span> <span class='ocrx_word' id='word_1_513' title='bbox 3292 2467 3530 2523; x_wconf 81' lang='lat' dir='ltr'><strong>ferentes</strong></span> 
     </span>
    </p>
   </div>
   <div class='ocr_carea' id='block_1_68' title="bbox 1946 2564 3528 2638">
    <p class='ocr_par' dir='ltr' id='par_1_68' title="bbox 1946 2564 3528 2638">
     <span class='ocr_line' id='line_1_68' title="bbox 1946 2564 3528 2638; baseline -0.004 -18"><span class='ocrx_word' id='word_1_514' title='bbox 1946 2565 2327 2638; x_wconf 82' lang='lat' dir='ltr'><strong>paralyticum,</strong></span> <span class='ocrx_word' id='word_1_515' title='bbox 2359 2564 2451 2636; x_wconf 87' lang='lat' dir='ltr'><strong>qtti</strong></span> <span class='ocrx_word' id='word_1_516' title='bbox 2483 2581 2511 2618; x_wconf 89' lang='lat' dir='ltr'><strong>a</strong></span> <span class='ocrx_word' id='word_1_517' title='bbox 2540 2574 2772 2634; x_wconf 83' lang='lat' dir='ltr'><strong>quatuor</strong></span> <span class='ocrx_word' id='word_1_518' title='bbox 2797 2564 3117 2634; x_wconf 87' lang='lat' dir='ltr'><strong>puttabatur</strong></span> <span class='ocrx_word' id='word_1_519' title='bbox 3145 2580 3162 2621; x_wconf 69' lang='grc' dir='ltr'><strong>ι</strong></span> <span class='ocrx_word' id='word_1_520' title='bbox 3190 2571 3390 2618; x_wconf 91' lang='lat' dir='ltr'><strong>etcum</strong></span> <span class='ocrx_word' id='word_1_521' title='bbox 3420 2577 3528 2616; x_wconf 89' lang='lat' dir='ltr'><strong>non</strong></span> 
     </span>
    </p>
   </div>
   <div class='ocr_carea' id='block_1_69' title="bbox 1946 2655 3530 2728">
    <p class='ocr_par' dir='ltr' id='par_1_69' title="bbox 1946 2655 3530 2728">
     <span class='ocr_line' id='line_1_69' title="bbox 1946 2655 3530 2728; baseline -0.004 -16"><span class='ocrx_word' id='word_1_522' title='bbox 1946 2669 2174 2728; x_wconf 84' lang='lat' dir='ltr'><strong>possent</strong></span> <span class='ocrx_word' id='word_1_523' title='bbox 2223 2657 2421 2712; x_wconf 77' lang='lat' dir='ltr'><strong>oﬂcrre</strong></span> <span class='ocrx_word' id='word_1_524' title='bbox 2467 2672 2589 2712; x_wconf 89' lang='lat' dir='ltr'><strong>ettm</strong></span> <span class='ocrx_word' id='word_1_525' title='bbox 2649 2657 2752 2722; x_wconf 90' lang='lat' dir='ltr'><strong>illi,</strong></span> <span class='ocrx_word' id='word_1_526' title='bbox 2804 2671 2914 2726; x_wconf 70' lang='lat' dir='ltr'><strong>prie</strong></span> <span class='ocrx_word' id='word_1_527' title='bbox 2962 2655 3143 2720; x_wconf 89' lang='lat' dir='ltr'><strong>turba,</strong></span> <span class='ocrx_word' id='word_1_528' title='bbox 3187 2655 3530 2710; x_wconf 79' lang='lat' dir='ltr'><strong>nudaverant</strong></span> 
     </span>
    </p>
   </div>
   <div class='ocr_carea' id='block_1_70' title="bbox 1950 2748 3534 2820">
    <p class='ocr_par' dir='ltr' id='par_1_70' title="bbox 1950 2748 3534 2820">
     <span class='ocr_line' id='line_1_70' title="bbox 1950 2748 3534 2820; baseline -0.003 -16"><span class='ocrx_word' id='word_1_529' title='bbox 1950 2759 2151 2806; x_wconf 89' lang='lat' dir='ltr'><strong>tectum</strong></span> <span class='ocrx_word' id='word_1_530' title='bbox 2193 2751 2283 2806; x_wconf 87' lang='lat' dir='ltr'><strong>tibi</strong></span> <span class='ocrx_word' id='word_1_531' title='bbox 2337 2761 2458 2806; x_wconf 87' lang='lat' dir='ltr'><strong>erat</strong></span> <span class='ocrx_word' id='word_1_532' title='bbox 2525 2767 2541 2807; x_wconf 85' lang='lat'><strong>:</strong></span> <span class='ocrx_word' id='word_1_533' title='bbox 2597 2761 2651 2806; x_wconf 91' lang='lat' dir='ltr'><strong>et</strong></span> <span class='ocrx_word' id='word_1_534' title='bbox 2703 2751 3101 2820; x_wconf 87' lang='lat' dir='ltr'><strong>patefacieutes</strong></span> <span class='ocrx_word' id='word_1_535' title='bbox 3163 2748 3534 2804; x_wconf 88' lang='lat' dir='ltr'><strong>submiserunt</strong></span> 
     </span>
    </p>
   </div>
   <div class='ocr_carea' id='block_1_71' title="bbox 1949 2838 3530 2914">
    <p class='ocr_par' dir='ltr' id='par_1_71' title="bbox 1949 2838 3530 2914">
     <span class='ocr_line' id='line_1_71' title="bbox 1949 2838 3530 2914; baseline -0.001 -19"><span class='ocrx_word' id='word_1_536' title='bbox 1949 2845 2235 2913; x_wconf 78' lang='lat' dir='ltr'><strong>grabatum</strong></span> <span class='ocrx_word' id='word_1_537' title='bbox 2278 2844 2332 2897; x_wconf 92' lang='lat' dir='ltr'><strong>in</strong></span> <span class='ocrx_word' id='word_1_538' title='bbox 2367 2858 2475 2913; x_wconf 86' lang='lat' dir='ltr'><strong>quo</strong></span> <span class='ocrx_word' id='word_1_539' title='bbox 2498 2843 2839 2914; x_wconf 81' lang='lat' dir='ltr'><strong>paralyticus</strong></span> <span class='ocrx_word' id='word_1_540' title='bbox 2871 2841 3108 2912; x_wconf 86' lang='lat' dir='ltr'><strong>jacebat.</strong></span> <span class='ocrx_word' id='word_1_541' title='bbox 3156 2838 3296 2896; x_wconf 85' lang='lat' dir='ltr'><strong>Cum</strong></span> <span class='ocrx_word' id='word_1_542' title='bbox 3347 2851 3530 2894; x_wconf 82' lang='lat' dir='ltr'><strong>autem</strong></span> 
     </span>
    </p>
   </div>
   <div class='ocr_carea' id='block_1_72' title="bbox 1950 2929 3533 3004">
    <p class='ocr_par' dir='ltr' id='par_1_72' title="bbox 1950 2929 3533 3004">
     <span class='ocr_line' id='line_1_72' title="bbox 1950 2929 3533 3004; baseline -0.003 -17"><span class='ocrx_word' id='word_1_543' title='bbox 1950 2935 2173 2992; x_wconf 83' lang='lat' dir='ltr'><strong>vidisset</strong></span> <span class='ocrx_word' id='word_1_544' title='bbox 2199 2935 2358 2990; x_wconf 68' lang='lat' dir='ltr'><strong>Iesus</strong></span> <span class='ocrx_word' id='word_1_545' title='bbox 2395 2936 2556 2991; x_wconf 79' lang='lat' dir='ltr'><strong>ﬁdem</strong></span> <span class='ocrx_word' id='word_1_546' title='bbox 2593 2936 2836 2999; x_wconf 88' lang='lat' dir='ltr'><strong>illorum,</strong></span> <span class='ocrx_word' id='word_1_547' title='bbox 2861 2935 2939 2990; x_wconf 87' lang='lat' dir='ltr'><strong>ait</strong></span> <span class='ocrx_word' id='word_1_548' title='bbox 2992 2933 3288 3004; x_wconf 82' lang='lat' dir='ltr'><strong>paralytico</strong></span> <span class='ocrx_word' id='word_1_549' title='bbox 3346 2951 3362 2988; x_wconf 89' lang='lat'><strong>:</strong></span> <span class='ocrx_word' id='word_1_550' title='bbox 3401 2929 3533 2995; x_wconf 79' lang='lat' dir='ltr'><strong>Fili,</strong></span> 
     </span>
    </p>
   </div>
   <div class='ocr_carea' id='block_1_73' title="bbox 1950 3022 3536 3095">
    <p class='ocr_par' dir='ltr' id='par_1_73' title="bbox 1950 3022 3536 3095">
     <span class='ocr_line' id='line_1_73' title="bbox 1950 3022 3536 3095; baseline -0.002 -15"><span class='ocrx_word' id='word_1_551' title='bbox 1950 3026 2297 3081; x_wconf 87' lang='lat' dir='ltr'><strong>dimittuntur</strong></span> <span class='ocrx_word' id='word_1_552' title='bbox 2346 3025 2440 3080; x_wconf 88' lang='lat' dir='ltr'><strong>tibi</strong></span> <span class='ocrx_word' id='word_1_553' title='bbox 2497 3037 2718 3095; x_wconf 77' lang='lat' dir='ltr'><strong>peccata</strong></span> <span class='ocrx_word' id='word_1_554' title='bbox 2773 3036 2884 3081; x_wconf 89' lang='lat' dir='ltr'><strong>tua.</strong></span> <span class='ocrx_word' id='word_1_555' title='bbox 2959 3023 3128 3078; x_wconf 82' lang='lat' dir='ltr'><strong>Erant</strong></span> <span class='ocrx_word' id='word_1_556' title='bbox 3179 3033 3364 3080; x_wconf 83' lang='lat' dir='ltr'><strong>autem</strong></span> <span class='ocrx_word' id='word_1_557' title='bbox 3422 3022 3536 3078; x_wconf 85' lang='lat' dir='ltr'><strong>illic</strong></span> 
     </span>
    </p>
   </div>
   <div class='ocr_carea' id='block_1_74' title="bbox 1951 3115 3536 3188">
    <p class='ocr_par' dir='ltr' id='par_1_74' title="bbox 1951 3115 3536 3188">
     <span class='ocr_line' id='line_1_74' title="bbox 1951 3115 3536 3188; baseline 0.002 -21"><span class='ocrx_word' id='word_1_558' title='bbox 1951 3118 2167 3188; x_wconf 85' lang='lat' dir='ltr'><strong>quidam</strong></span> <span class='ocrx_word' id='word_1_559' title='bbox 2195 3117 2263 3172; x_wconf 90' lang='lat' dir='ltr'><strong>de</strong></span> <span class='ocrx_word' id='word_1_560' title='bbox 2285 3116 2504 3184; x_wconf 89' lang='lat' dir='ltr'><strong>scribis,</strong></span> <span class='ocrx_word' id='word_1_561' title='bbox 2520 3119 2775 3174; x_wconf 86' lang='lat' dir='ltr'><strong>sedentes</strong></span> <span class='ocrx_word' id='word_1_562' title='bbox 2802 3127 2857 3174; x_wconf 90' lang='lat' dir='ltr'><strong>et</strong></span> <span class='ocrx_word' id='word_1_563' title='bbox 2879 3116 3252 3185; x_wconf 69' lang='lat' dir='ltr'><strong>cogitantesin</strong></span> <span class='ocrx_word' id='word_1_564' title='bbox 3275 3115 3536 3172; x_wconf 84' lang='lat' dir='ltr'><strong>cordibus</strong></span> 
     </span>
    </p>
   </div>
   <div class='ocr_carea' id='block_1_75' title="bbox 1951 3207 3537 3282">
    <p class='ocr_par' dir='ltr' id='par_1_75' title="bbox 1951 3207 3537 3282">
     <span class='ocr_line' id='line_1_75' title="bbox 1951 3207 3537 3282; baseline -0.003 -16"><span class='ocrx_word' id='word_1_565' title='bbox 1951 3210 2068 3266; x_wconf 90' lang='lat' dir='ltr'><strong>suis</strong></span> <span class='ocrx_word' id='word_1_566' title='bbox 2101 3225 2118 3266; x_wconf 86' lang='lat'><strong>:</strong></span> <span class='ocrx_word' id='word_1_567' title='bbox 2149 3209 2290 3278; x_wconf 84' lang='lat' dir='ltr'><strong>Quid</strong></span> <span class='ocrx_word' id='word_1_568' title='bbox 2339 3210 2427 3265; x_wconf 84' lang='lat' dir='ltr'><strong>ltic</strong></span> <span class='ocrx_word' id='word_1_569' title='bbox 2491 3213 2573 3266; x_wconf 87' lang='lat' dir='ltr'><strong>sic</strong></span> <span class='ocrx_word' id='word_1_570' title='bbox 2630 3212 2868 3282; x_wconf 86' lang='lat' dir='ltr'><strong>loquitur</strong></span> <span class='ocrx_word' id='word_1_571' title='bbox 2913 3210 2936 3264; x_wconf 75' lang='lat'><strong><em>2</em></strong></span> <span class='ocrx_word' id='word_1_572' title='bbox 2973 3208 3344 3280; x_wconf 75' lang='lat' dir='ltr'><strong>Blaspltemat.</strong></span> <span class='ocrx_word' id='word_1_573' title='bbox 3404 3207 3537 3276; x_wconf 86' lang='lat' dir='ltr'><strong>Quis</strong></span> 
     </span>
    </p>
   </div>
   <div class='ocr_carea' id='block_1_76' title="bbox 1953 3304 3536 3374">
    <p class='ocr_par' dir='ltr' id='par_1_76' title="bbox 1953 3304 3536 3374">
     <span class='ocr_line' id='line_1_76' title="bbox 1953 3304 3536 3374; baseline 0.001 -16"><span class='ocrx_word' id='word_1_574' title='bbox 1953 3314 2133 3374; x_wconf 87' lang='lat' dir='ltr'><strong>potest</strong></span> <span class='ocrx_word' id='word_1_575' title='bbox 2193 3305 2469 3359; x_wconf 87' lang='lat' dir='ltr'><strong>dimittere</strong></span> <span class='ocrx_word' id='word_1_576' title='bbox 2521 3317 2768 3374; x_wconf 86' lang='lat' dir='ltr'><strong>peccata,</strong></span> <span class='ocrx_word' id='word_1_577' title='bbox 2818 3305 2926 3359; x_wconf 87' lang='lat' dir='ltr'><strong>nisi</strong></span> <span class='ocrx_word' id='word_1_578' title='bbox 2982 3305 3130 3362; x_wconf 88' lang='lat' dir='ltr'><strong>solus</strong></span> <span class='ocrx_word' id='word_1_579' title='bbox 3177 3304 3372 3360; x_wconf 75' lang='lat' dir='ltr'><strong>Deus?</strong></span> <span class='ocrx_word' id='word_1_580' title='bbox 3418 3305 3536 3373; x_wconf 84' lang='lat' dir='ltr'><strong>Quo</strong></span> 
     </span>
    </p>
   </div>
   <div class='ocr_carea' id='block_1_77' title="bbox 1953 3395 3538 3476">
    <p class='ocr_par' dir='ltr' id='par_1_77' title="bbox 1953 3395 3538 3476">
     <span class='ocr_line' id='line_1_77' title="bbox 1953 3395 3538 3476; baseline 0.003 -24"><span class='ocrx_word' id='word_1_581' title='bbox 1953 3407 2138 3476; x_wconf 69' lang='lat' dir='ltr'><strong>statim</strong></span> <span class='ocrx_word' id='word_1_582' title='bbox 2165 3397 2388 3470; x_wconf 88' lang='lat' dir='ltr'><strong>cognito</strong></span> <span class='ocrx_word' id='word_1_583' title='bbox 2410 3395 2574 3453; x_wconf 80' lang='lat' dir='ltr'><strong>Jesus</strong></span> <span class='ocrx_word' id='word_1_584' title='bbox 2599 3397 2794 3468; x_wconf 81' lang='lat' dir='ltr'><strong>spiritu</strong></span> <span class='ocrx_word' id='word_1_585' title='bbox 2827 3414 2948 3463; x_wconf 85' lang='lat' dir='ltr'><strong>suo,</strong></span> <span class='ocrx_word' id='word_1_586' title='bbox 2982 3400 3106 3468; x_wconf 76' lang='lat' dir='ltr'><strong>quia</strong></span> <span class='ocrx_word' id='word_1_587' title='bbox 3129 3401 3209 3455; x_wconf 83' lang='lat' dir='ltr'><strong>sic</strong></span> <span class='ocrx_word' id='word_1_588' title='bbox 3231 3403 3538 3472; x_wconf 73' lang='lat' dir='ltr'><strong>cogitarent</strong></span> 
     </span>
    </p>
   </div>
   <div class='ocr_carea' id='block_1_78' title="bbox 1953 3471 3540 3560">
    <p class='ocr_par' dir='ltr' id='par_1_78' title="bbox 1953 3471 3540 3560">
     <span class='ocr_line' id='line_1_78' title="bbox 1953 3471 3540 3560; baseline 0.004 -16"><span class='ocrx_word' id='word_1_589' title='bbox 1953 3471 2095 3544; x_wconf 75' lang='lat' dir='ltr'><strong>inira</strong></span> <span class='ocrx_word' id='word_1_590' title='bbox 2137 3503 2219 3552; x_wconf 85' lang='lat' dir='ltr'><strong>se,</strong></span> <span class='ocrx_word' id='word_1_591' title='bbox 2265 3490 2400 3544; x_wconf 77' lang='lat' dir='ltr'><strong>dicit</strong></span> <span class='ocrx_word' id='word_1_592' title='bbox 2448 3489 2597 3546; x_wconf 75' lang='lat' dir='ltr'><strong>illis:</strong></span> <span class='ocrx_word' id='word_1_593' title='bbox 2627 3491 2767 3558; x_wconf 88' lang='lat' dir='ltr'><strong>Qttid</strong></span> <span class='ocrx_word' id='word_1_594' title='bbox 2797 3492 2899 3546; x_wconf 81' lang='lat' dir='ltr'><strong>ista</strong></span> <span class='ocrx_word' id='word_1_595' title='bbox 2925 3493 3180 3560; x_wconf 70' lang='lat' dir='ltr'><strong>cogitatis</strong></span> <span class='ocrx_word' id='word_1_596' title='bbox 3209 3493 3262 3548; x_wconf 90' lang='lat' dir='ltr'><strong>in</strong></span> <span class='ocrx_word' id='word_1_597' title='bbox 3281 3471 3540 3551; x_wconf 83' lang='lat' dir='ltr'><strong>cordibus</strong></span> 
     </span>
    </p>
   </div>
   <div class='ocr_carea' id='block_1_79' title="bbox 1955 3581 3538 3655">
    <p class='ocr_par' dir='ltr' id='par_1_79' title="bbox 1955 3581 3538 3655">
     <span class='ocr_line' id='line_1_79' title="bbox 1955 3581 3538 3655; baseline 0.003 -19"><span class='ocrx_word' id='word_1_598' title='bbox 1955 3582 2192 3637; x_wconf 68' lang='lat' dir='ltr'><strong>ve~trisl</strong></span> <span class='ocrx_word' id='word_1_599' title='bbox 2221 3581 2360 3647; x_wconf 85' lang='lat' dir='ltr'><strong>Quid</strong></span> <span class='ocrx_word' id='word_1_600' title='bbox 2393 3593 2478 3636; x_wconf 90' lang='lat' dir='ltr'><strong>est</strong></span> <span class='ocrx_word' id='word_1_601' title='bbox 2507 3582 2723 3638; x_wconf 78' lang='lat' dir='ltr'><strong>facilius</strong></span> <span class='ocrx_word' id='word_1_602' title='bbox 2749 3619 2766 3648; x_wconf 82' lang='lat'><strong>,</strong></span> <span class='ocrx_word' id='word_1_603' title='bbox 2799 3583 2983 3639; x_wconf 88' lang='lat' dir='ltr'><strong>dicere</strong></span> <span class='ocrx_word' id='word_1_604' title='bbox 3009 3585 3334 3655; x_wconf 80' lang='lat' dir='ltr'><strong>paralytico,</strong></span> <span class='ocrx_word' id='word_1_605' title='bbox 3357 3585 3538 3640; x_wconf 79' lang='lat' dir='ltr'><strong>dimit-</strong></span> 
     </span>
    </p>
   </div>
   <div class='ocr_carea' id='block_1_80' title="bbox 1957 3675 3540 3748">
    <p class='ocr_par' dir='ltr' id='par_1_80' title="bbox 1957 3675 3540 3748">
     <span class='ocr_line' id='line_1_80' title="bbox 1957 3675 3540 3748; baseline 0.002 -21"><span class='ocrx_word' id='word_1_606' title='bbox 1957 3682 2148 3729; x_wconf 83' lang='lat' dir='ltr'><strong>tuntur</strong></span> <span class='ocrx_word' id='word_1_607' title='bbox 2181 3675 2273 3727; x_wconf 92' lang='lat' dir='ltr'><strong>tibi</strong></span> <span class='ocrx_word' id='word_1_608' title='bbox 2309 3683 2554 3744; x_wconf 85' lang='lat' dir='ltr'><strong>peccata,</strong></span> <span class='ocrx_word' id='word_1_609' title='bbox 2587 3690 2655 3728; x_wconf 87' lang='lat' dir='ltr'><strong>au</strong></span> <span class='ocrx_word' id='word_1_610' title='bbox 2700 3675 2886 3730; x_wconf 88' lang='lat' dir='ltr'><strong>dicere</strong></span> <span class='ocrx_word' id='word_1_611' title='bbox 2924 3691 2939 3729; x_wconf 92' lang='lat'><strong>:</strong></span> <span class='ocrx_word' id='word_1_612' title='bbox 2972 3690 3153 3746; x_wconf 88' lang='lat' dir='ltr'><strong>surge,</strong></span> <span class='ocrx_word' id='word_1_613' title='bbox 3191 3676 3318 3732; x_wconf 89' lang='lat' dir='ltr'><strong>tolle</strong></span> <span class='ocrx_word' id='word_1_614' title='bbox 3345 3677 3540 3748; x_wconf 83' lang='lat' dir='ltr'><strong>graba-</strong></span> 
     </span>
    </p>
   </div>
   <div class='ocr_carea' id='block_1_81' title="bbox 1961 3766 3540 3838">
    <p class='ocr_par' dir='ltr' id='par_1_81' title="bbox 1961 3766 3540 3838">
     <span class='ocr_line' id='line_1_81' title="bbox 1961 3766 3540 3838; baseline 0.003 -18"><span class='ocrx_word' id='word_1_615' title='bbox 1961 3781 2074 3823; x_wconf 90' lang='lat' dir='ltr'><strong>tum</strong></span> <span class='ocrx_word' id='word_1_616' title='bbox 2109 3780 2281 3829; x_wconf 81' lang='lat' dir='ltr'><strong>tttutu,</strong></span> <span class='ocrx_word' id='word_1_617' title='bbox 2307 3778 2361 3822; x_wconf 91' lang='lat' dir='ltr'><strong>et</strong></span> <span class='ocrx_word' id='word_1_618' title='bbox 2391 3766 2740 3822; x_wconf 65' lang='lat' dir='ltr'><strong>ambulauit</strong></span> <span class='ocrx_word' id='word_1_619' title='bbox 2769 3779 2950 3824; x_wconf 84' lang='lat' dir='ltr'><strong>autem</strong></span> <span class='ocrx_word' id='word_1_620' title='bbox 2979 3771 3190 3833; x_wconf 88' lang='lat' dir='ltr'><strong>sciatis,</strong></span> <span class='ocrx_word' id='word_1_621' title='bbox 3217 3770 3341 3838; x_wconf 89' lang='lat' dir='ltr'><strong>quia</strong></span> <span class='ocrx_word' id='word_1_622' title='bbox 3370 3768 3540 3825; x_wconf 81' lang='lat' dir='ltr'><strong>Filius</strong></span> 
     </span>
    </p>
   </div>
   <div class='ocr_carea' id='block_1_82' title="bbox 1953 3861 3538 3940">
    <p class='ocr_par' dir='ltr' id='par_1_82' title="bbox 1953 3861 3538 3940">
     <span class='ocr_line' id='line_1_82' title="bbox 1953 3861 3538 3940; baseline 0 -24"><span class='ocrx_word' id='word_1_623' title='bbox 1953 3861 2198 3940; x_wconf 77' lang='lat' dir='ltr'><strong>hominis</strong></span> <span class='ocrx_word' id='word_1_624' title='bbox 2263 3861 2425 3915; x_wconf 84' lang='lat' dir='ltr'><strong>habet</strong></span> <span class='ocrx_word' id='word_1_625' title='bbox 2497 3871 2818 3930; x_wconf 85' lang='lat' dir='ltr'><strong>putestalem</strong></span> <span class='ocrx_word' id='word_1_626' title='bbox 2892 3864 2946 3914; x_wconf 90' lang='lat' dir='ltr'><strong>in</strong></span> <span class='ocrx_word' id='word_1_627' title='bbox 3019 3872 3166 3916; x_wconf 86' lang='lat' dir='ltr'><strong>terra</strong></span> <span class='ocrx_word' id='word_1_628' title='bbox 3229 3861 3538 3916; x_wconf 83' lang='lat' dir='ltr'><strong>dimittendi</strong></span> 
     </span>
    </p>
   </div>
   <div class='ocr_carea' id='block_1_83' title="bbox 1959 3950 3544 4026">
    <p class='ocr_par' dir='ltr' id='par_1_83' title="bbox 1959 3950 3544 4026">
     <span class='ocr_line' id='line_1_83' title="bbox 1959 3950 3544 4026; baseline -0.001 -17"><span class='ocrx_word' id='word_1_629' title='bbox 1959 3966 2204 4026; x_wconf 86' lang='lat' dir='ltr'><strong>peccata,</strong></span> <span class='ocrx_word' id='word_1_630' title='bbox 2239 3956 2315 4008; x_wconf 89' lang='lat' dir='ltr'><strong>ait</strong></span> <span class='ocrx_word' id='word_1_631' title='bbox 2357 3953 2656 4023; x_wconf 79' lang='lat' dir='ltr'><strong>paralytico</strong></span> <span class='ocrx_word' id='word_1_632' title='bbox 2712 3971 2728 4005; x_wconf 89' lang='lat'><strong>:</strong></span> <span class='ocrx_word' id='word_1_633' title='bbox 2789 3950 2909 4008; x_wconf 81' lang='lat' dir='ltr'><strong>Tibi</strong></span> <span class='ocrx_word' id='word_1_634' title='bbox 2960 3954 3106 4021; x_wconf 91' lang='lat' dir='ltr'><strong>dico,</strong></span> <span class='ocrx_word' id='word_1_635' title='bbox 3154 3968 3359 4022; x_wconf 76' lang='lat' dir='ltr'><strong>surge,</strong></span> <span class='ocrx_word' id='word_1_636' title='bbox 3414 3954 3544 4008; x_wconf 87' lang='lat' dir='ltr'><strong>tolle</strong></span> 
     </span>
    </p>
   </div>
   <div class='ocr_carea' id='block_1_84' title="bbox 1961 4046 3540 4114">
    <p class='ocr_par' dir='ltr' id='par_1_84' title="bbox 1961 4046 3540 4114">
     <span class='ocr_line' id='line_1_84' title="bbox 1961 4046 3540 4114; baseline 0.001 -17"><span class='ocrx_word' id='word_1_637' title='bbox 1961 4049 2247 4114; x_wconf 76' lang='lat' dir='ltr'><strong>grabatum</strong></span> <span class='ocrx_word' id='word_1_638' title='bbox 2283 4056 2454 4112; x_wconf 91' lang='lat' dir='ltr'><strong>tuum,</strong></span> <span class='ocrx_word' id='word_1_639' title='bbox 2487 4055 2543 4101; x_wconf 91' lang='lat' dir='ltr'><strong>et</strong></span> <span class='ocrx_word' id='word_1_640' title='bbox 2576 4047 2711 4100; x_wconf 88' lang='lat' dir='ltr'><strong>vade</strong></span> <span class='ocrx_word' id='word_1_641' title='bbox 2735 4047 2786 4100; x_wconf 91' lang='lat' dir='ltr'><strong>iu</strong></span> <span class='ocrx_word' id='word_1_642' title='bbox 2813 4047 3032 4102; x_wconf 82' lang='lat' dir='ltr'><strong>domum</strong></span> <span class='ocrx_word' id='word_1_643' title='bbox 3060 4059 3230 4102; x_wconf 80' lang='lat' dir='ltr'><strong>tuam.</strong></span> <span class='ocrx_word' id='word_1_644' title='bbox 3259 4046 3328 4104; x_wconf 83' lang='lat' dir='ltr'><strong>Et</strong></span> <span class='ocrx_word' id='word_1_645' title='bbox 3355 4048 3540 4102; x_wconf 82' lang='lat' dir='ltr'><strong>statim</strong></span> 
     </span>
    </p>
   </div>
   <div class='ocr_carea' id='block_1_85' title="bbox 1962 4137 3542 4210">
    <p class='ocr_par' dir='ltr' id='par_1_85' title="bbox 1962 4137 3542 4210">
     <span class='ocr_line' id='line_1_85' title="bbox 1962 4137 3542 4210; baseline 0.001 -20"><span class='ocrx_word' id='word_1_646' title='bbox 1962 4138 2200 4194; x_wconf 66' lang='lat' dir='ltr'><strong>surrexit</strong></span> <span class='ocrx_word' id='word_1_647' title='bbox 2233 4137 2343 4201; x_wconf 85' lang='lat' dir='ltr'><strong>ille,</strong></span> <span class='ocrx_word' id='word_1_648' title='bbox 2377 4147 2433 4193; x_wconf 89' lang='lat' dir='ltr'><strong>et</strong></span> <span class='ocrx_word' id='word_1_649' title='bbox 2473 4138 2690 4193; x_wconf 85' lang='lat' dir='ltr'><strong>sublato</strong></span> <span class='ocrx_word' id='word_1_650' title='bbox 2723 4141 2972 4210; x_wconf 83' lang='lat' dir='ltr'><strong>grabato,</strong></span> <span class='ocrx_word' id='word_1_651' title='bbox 3023 4140 3158 4196; x_wconf 88' lang='lat' dir='ltr'><strong>abiit</strong></span> <span class='ocrx_word' id='word_1_652' title='bbox 3208 4141 3334 4195; x_wconf 89' lang='lat' dir='ltr'><strong>inde</strong></span> <span class='ocrx_word' id='word_1_653' title='bbox 3357 4156 3542 4197; x_wconf 84' lang='lat' dir='ltr'><strong>coram</strong></span> 
     </span>
    </p>
   </div>
   <div class='ocr_carea' id='block_1_86' title="bbox 1964 4229 3545 4300">
    <p class='ocr_par' dir='ltr' id='par_1_86' title="bbox 1964 4229 3545 4300">
     <span class='ocr_line' id='line_1_86' title="bbox 1964 4229 3545 4300; baseline 0.006 -20"><span class='ocrx_word' id='word_1_654' title='bbox 1964 4230 2216 4284; x_wconf 85' lang='lat' dir='ltr'><strong>utnnibus</strong></span> <span class='ocrx_word' id='word_1_655' title='bbox 2251 4247 2264 4284; x_wconf 89' lang='lat'>:</span> <span class='ocrx_word' id='word_1_656' title='bbox 2298 4231 2373 4284; x_wconf 85' lang='lat' dir='ltr'><strong>ita</strong></span> <span class='ocrx_word' id='word_1_657' title='bbox 2409 4242 2467 4284; x_wconf 92' lang='lat' dir='ltr'><strong>ut</strong></span> <span class='ocrx_word' id='word_1_658' title='bbox 2507 4233 2846 4286; x_wconf 90' lang='lat' dir='ltr'><strong>mirarentur</strong></span> <span class='ocrx_word' id='word_1_659' title='bbox 2877 4247 3091 4300; x_wconf 90' lang='lat' dir='ltr'><strong>omnes,</strong></span> <span class='ocrx_word' id='word_1_660' title='bbox 3124 4243 3181 4287; x_wconf 89' lang='lat' dir='ltr'><strong>et</strong></span> <span class='ocrx_word' id='word_1_661' title='bbox 3214 4229 3545 4290; x_wconf 75' lang='lat' dir='ltr'><strong>honoriﬁca-</strong></span> 
     </span>
    </p>
   </div>
   <div class='ocr_carea' id='block_1_87' title="bbox 1966 4323 3544 4396">
    <p class='ocr_par' dir='ltr' id='par_1_87' title="bbox 1966 4323 3544 4396">
     <span class='ocr_line' id='line_1_87' title="bbox 1966 4323 3544 4396; baseline 0.003 -21"><span class='ocrx_word' id='word_1_662' title='bbox 1966 4333 2088 4377; x_wconf 89' lang='lat' dir='ltr'><strong>rent</strong></span> <span class='ocrx_word' id='word_1_663' title='bbox 2115 4323 2307 4388; x_wconf 87' lang='lat' dir='ltr'><strong>Deum,</strong></span> <span class='ocrx_word' id='word_1_664' title='bbox 2347 4324 2591 4378; x_wconf 86' lang='lat' dir='ltr'><strong>dicentes</strong></span> <span class='ocrx_word' id='word_1_665' title='bbox 2641 4341 2656 4378; x_wconf 90' lang='lat'><strong>:</strong></span> <span class='ocrx_word' id='word_1_666' title='bbox 2692 4324 2832 4392; x_wconf 84' lang='lat' dir='ltr'><strong>Quia</strong></span> <span class='ocrx_word' id='word_1_667' title='bbox 2861 4340 3138 4396; x_wconf 79' lang='lat' dir='ltr'><strong>nunquam</strong></span> <span class='ocrx_word' id='word_1_668' title='bbox 3169 4326 3250 4379; x_wconf 84' lang='lat' dir='ltr'><strong>sic</strong></span> <span class='ocrx_word' id='word_1_669' title='bbox 3288 4325 3544 4381; x_wconf 60' lang='lat' dir='ltr'><strong>Vidimus.</strong></span> 
     </span>
    </p>
   </div>
   <div class='ocr_carea' id='block_1_88' title="bbox 1968 4415 3540 4488">
    <p class='ocr_par' dir='ltr' id='par_1_88' title="bbox 1968 4415 3540 4488">
     <span class='ocr_line' id='line_1_88' title="bbox 1968 4415 3540 4488; baseline 0 -18"><span class='ocrx_word' id='word_1_670' title='bbox 1968 4415 2032 4470; x_wconf 86' lang='lat' dir='ltr'><strong>Et</strong></span> <span class='ocrx_word' id='word_1_671' title='bbox 2065 4431 2315 4487; x_wconf 79' lang='lat' dir='ltr'><strong>egressus</strong></span> <span class='ocrx_word' id='word_1_672' title='bbox 2346 4426 2431 4472; x_wconf 83' lang='lat' dir='ltr'><strong>est</strong></span> <span class='ocrx_word' id='word_1_673' title='bbox 2479 4433 2670 4472; x_wconf 87' lang='lat' dir='ltr'><strong>rursus</strong></span> <span class='ocrx_word' id='word_1_674' title='bbox 2710 4419 2778 4474; x_wconf 88' lang='lat' dir='ltr'><strong>ad</strong></span> <span class='ocrx_word' id='word_1_675' title='bbox 2823 4433 2993 4486; x_wconf 80' lang='lat' dir='ltr'><strong>mare,</strong></span> <span class='ocrx_word' id='word_1_676' title='bbox 3050 4420 3337 4488; x_wconf 69' lang='lat' dir='ltr'><strong>omnisque</strong></span> <span class='ocrx_word' id='word_1_677' title='bbox 3381 4422 3540 4476; x_wconf 87' lang='lat' dir='ltr'><strong>turba</strong></span> 
     </span>
    </p>
   </div>
   <div class='ocr_carea' id='block_1_89' title="bbox 237 4505 3546 4582">
    <p class='ocr_par' dir='ltr' id='par_1_89' title="bbox 237 4505 3546 4582">
     <span class='ocr_line' id='line_1_89' title="bbox 237 4505 3546 4582; baseline -0.001 -15"><span class='ocrx_word' id='word_1_678' title='bbox 237 4513 578 4580; x_wconf 85' lang='lat' dir='ltr'><strong>statimque</strong></span> <span class='ocrx_word' id='word_1_679' title='bbox 612 4509 772 4577; x_wconf 87' lang='lat' dir='ltr'><strong>cjccit</strong></span> <span class='ocrx_word' id='word_1_680' title='bbox 813 4510 986 4571; x_wconf 87' lang='lat' dir='ltr'><strong>illum,</strong></span> <span class='ocrx_word' id='word_1_681' title='bbox 1027 4520 1077 4562; x_wconf 88' lang='lat' dir='ltr'><strong>et</strong></span> <span class='ocrx_word' id='word_1_682' title='bbox 1122 4509 1258 4562; x_wconf 71' lang='lat' dir='ltr'><strong>dixit</strong></span> <span class='ocrx_word' id='word_1_683' title='bbox 1301 4513 1349 4564; x_wconf 90' lang='lat' dir='ltr'><strong>ei</strong></span> <span class='ocrx_word' id='word_1_684' title='bbox 1395 4527 1408 4562; x_wconf 76' lang='grc' dir='ltr'><strong>ε</strong></span> <span class='ocrx_word' id='word_1_685' title='bbox 1461 4505 1612 4575; x_wconf 82' lang='lat' dir='ltr'><strong>Vide,</strong></span> <span class='ocrx_word' id='word_1_686' title='bbox 1662 4511 1860 4564; x_wconf 78' lang='lat' dir='ltr'><strong>uctnini</strong></span> <span class='ocrx_word' id='word_1_687' title='bbox 1895 4517 1945 4578; x_wconf 82' lang='grc' dir='ltr'><strong>ι)</strong></span> <span class='ocrx_word' id='word_1_688' title='bbox 1973 4508 2300 4564; x_wconf 85' lang='lat' dir='ltr'><strong>veniebatad</strong></span> <span class='ocrx_word' id='word_1_689' title='bbox 2324 4522 2472 4577; x_wconf 92' lang='lat' dir='ltr'><strong>eum,</strong></span> <span class='ocrx_word' id='word_1_690' title='bbox 2497 4521 2553 4564; x_wconf 90' lang='lat' dir='ltr'><strong>et</strong></span> <span class='ocrx_word' id='word_1_691' title='bbox 2579 4508 2806 4563; x_wconf 81' lang='lat' dir='ltr'><strong>docebat</strong></span> <span class='ocrx_word' id='word_1_692' title='bbox 2830 4522 2944 4563; x_wconf 86' lang='lat' dir='ltr'><strong>eos.</strong></span> <span class='ocrx_word' id='word_1_693' title='bbox 2978 4508 3188 4564; x_wconf 85' lang='lat' dir='ltr'><strong>Etcum</strong></span> <span class='ocrx_word' id='word_1_694' title='bbox 3219 4513 3546 4582; x_wconf 71' lang='lat' dir='ltr'><strong>praeteriret,</strong></span> 
     </span>
    </p>
   </div>
   <div class='ocr_carea' id='block_1_90' title="bbox 235 4601 1856 4669">
    <p class='ocr_par' dir='ltr' id='par_1_90' title="bbox 235 4601 1856 4669">
     <span class='ocr_line' id='line_1_90' title="bbox 235 4601 1856 4669; baseline -0.003 -10"><span class='ocrx_word' id='word_1_695' title='bbox 235 4604 509 4665; x_wconf 81' lang='lat' dir='ltr'><strong>dixeris,</strong></span> <span class='ocrx_word' id='word_1_696' title='bbox 546 4602 640 4654; x_wconf 88' lang='lat' dir='ltr'><strong>sed</strong></span> <span class='ocrx_word' id='word_1_697' title='bbox 683 4602 839 4664; x_wconf 73' lang='lat' dir='ltr'><strong>Vndt&#39;,</strong></span> <span class='ocrx_word' id='word_1_698' title='bbox 871 4601 1098 4654; x_wconf 85' lang='lat' dir='ltr'><strong>ostende</strong></span> <span class='ocrx_word' id='word_1_699' title='bbox 1133 4611 1182 4654; x_wconf 91' lang='lat' dir='ltr'><strong>te</strong></span> <span class='ocrx_word' id='word_1_700' title='bbox 1225 4601 1452 4669; x_wconf 83' lang='lat' dir='ltr'><strong>principi</strong></span> <span class='ocrx_word' id='word_1_701' title='bbox 1489 4602 1856 4666; x_wconf 78' lang='lat' dir='ltr'><strong>sacerdotum,</strong></span> 
     </span>
    </p>
   </div>
   <div class='ocr_carea' id='block_1_91' title="bbox 231 4677 1861 4760">
    <p class='ocr_par' dir='ltr' id='par_1_91' title="bbox 231 4677 1861 4760">
     <span class='ocr_line' id='line_1_91' title="bbox 231 4677 1861 4760; baseline -0.006 -10"><span class='ocrx_word' id='word_1_702' title='bbox 231 4705 296 4750; x_wconf 86' lang='lat' dir='ltr'><strong>et</strong></span> <span class='ocrx_word' id='word_1_703' title='bbox 328 4692 494 4748; x_wconf 71' lang='grc' dir='ltr'><strong>οπρε-</strong></span> <span class='ocrx_word' id='word_1_704' title='bbox 525 4704 625 4760; x_wconf 89' lang='lat' dir='ltr'><strong>pro</strong></span> <span class='ocrx_word' id='word_1_705' title='bbox 656 4691 1043 4742; x_wconf 79' lang='lat' dir='ltr'><strong>cmundalioue</strong></span> <span class='ocrx_word' id='word_1_706' title='bbox 1077 4699 1191 4754; x_wconf 88' lang='lat' dir='ltr'><strong>tua,</strong></span> <span class='ocrx_word' id='word_1_707' title='bbox 1219 4705 1338 4758; x_wconf 74' lang='lat' dir='ltr'><strong>quin</strong></span> <span class='ocrx_word' id='word_1_708' title='bbox 1367 4689 1622 4757; x_wconf 70' lang='lat' dir='ltr'><strong>praecepit</strong></span> <span class='ocrx_word' id='word_1_709' title='bbox 1645 4677 1861 4759; x_wconf 70' lang='lat' dir='ltr'><strong>Moyses</strong></span> 
     </span>
    </p>
   </div>
   <div class='ocr_carea' id='block_1_92' title="bbox 235 4781 1862 4852">
    <p class='ocr_par' dir='ltr' id='par_1_92' title="bbox 235 4781 1862 4852">
     <span class='ocr_line' id='line_1_92' title="bbox 235 4781 1862 4852; baseline -0.005 -10"><span class='ocrx_word' id='word_1_710' title='bbox 235 4790 298 4842; x_wconf 82' lang='lat' dir='ltr'><strong>in</strong></span> <span class='ocrx_word' id='word_1_711' title='bbox 361 4785 762 4839; x_wconf 78' lang='lat' dir='ltr'><strong>testimonium</strong></span> <span class='ocrx_word' id='word_1_712' title='bbox 799 4781 923 4835; x_wconf 89' lang='lat' dir='ltr'><strong>illis.</strong></span> <span class='ocrx_word' id='word_1_713' title='bbox 952 4782 1016 4834; x_wconf 78' lang='lat' dir='ltr'><strong>At</strong></span> <span class='ocrx_word' id='word_1_714' title='bbox 1043 4782 1130 4834; x_wconf 90' lang='lat' dir='ltr'><strong>ille</strong></span> <span class='ocrx_word' id='word_1_715' title='bbox 1153 4797 1432 4850; x_wconf 78' lang='lat' dir='ltr'><strong>egressus,</strong></span> <span class='ocrx_word' id='word_1_716' title='bbox 1463 4784 1628 4852; x_wconf 72' lang='lat' dir='ltr'><strong>cmpit</strong></span> <span class='ocrx_word' id='word_1_717' title='bbox 1666 4785 1862 4852; x_wconf 72' lang='lat' dir='ltr'><strong>praedi-</strong></span> 
     </span>
    </p>
   </div>
   <div class='ocr_carea' id='block_1_93' title="bbox 229 4873 1864 4944">
    <p class='ocr_par' dir='ltr' id='par_1_93' title="bbox 229 4873 1864 4944">
     <span class='ocr_line' id='line_1_93' title="bbox 229 4873 1864 4944; baseline 0.002 -18"><span class='ocrx_word' id='word_1_718' title='bbox 229 4895 417 4938; x_wconf 79' lang='lat' dir='ltr'><strong>care,</strong></span> <span class='ocrx_word' id='word_1_719' title='bbox 445 4885 507 4928; x_wconf 77' lang='lat' dir='ltr'><strong>ct</strong></span> <span class='ocrx_word' id='word_1_720' title='bbox 529 4875 810 4928; x_wconf 82' lang='lat' dir='ltr'><strong>dill&#39;amarc</strong></span> <span class='ocrx_word' id='word_1_721' title='bbox 831 4890 1162 4927; x_wconf 83' lang='lat' dir='ltr'><strong>sermonem.</strong></span> <span class='ocrx_word' id='word_1_722' title='bbox 1196 4893 1215 4926; x_wconf 76' lang='grc' dir='ltr'><strong><em>ι</em></strong></span> <span class='ocrx_word' id='word_1_723' title='bbox 1247 4873 1417 4928; x_wconf 73' lang='lat' dir='ltr'><strong>Jautta</strong></span> <span class='ocrx_word' id='word_1_724' title='bbox 1441 4877 1616 4944; x_wconf 83' lang='lat' dir='ltr'><strong>regni,</strong></span> <span class='ocrx_word' id='word_1_725' title='bbox 1645 4875 1864 4929; x_wconf 81' lang='lat' dir='ltr'><strong>morali-</strong></span> 
     </span>
    </p>
   </div>
   <div class='ocr_carea' id='block_1_94' title="bbox 230 4968 1861 5042">
    <p class='ocr_par' dir='ltr' id='par_1_94' title="bbox 230 4968 1861 5042">
     <span class='ocr_line' id='line_1_94' title="bbox 230 4968 1861 5042; baseline -0.006 -17"><span class='ocrx_word' id='word_1_726' title='bbox 230 4983 332 5025; x_wconf 73' lang='lat' dir='ltr'><strong>tcr</strong></span> <span class='ocrx_word' id='word_1_727' title='bbox 357 4970 704 5042; x_wconf 71' lang='lat' dir='ltr'><strong>pmnitcutia</strong></span> <span class='ocrx_word' id='word_1_728' title='bbox 736 4977 836 5027; x_wconf 76' lang='lat' dir='ltr'><strong>est,</strong></span> <span class='ocrx_word' id='word_1_729' title='bbox 874 4983 992 5017; x_wconf 86' lang='lat' dir='ltr'><strong>tutu</strong></span> <span class='ocrx_word' id='word_1_730' title='bbox 1019 4968 1118 5018; x_wconf 79' lang='lat' dir='ltr'><strong>litle</strong></span> <span class='ocrx_word' id='word_1_731' title='bbox 1155 4986 1170 5022; x_wconf 87' lang='lat'><strong>:</strong></span> <span class='ocrx_word' id='word_1_732' title='bbox 1206 4975 1325 5034; x_wconf 69' lang='lat' dir='ltr'><strong>qua:</strong></span> <span class='ocrx_word' id='word_1_733' title='bbox 1347 4979 1606 5034; x_wconf 58' lang='lat' dir='ltr'><strong>operatur</strong></span> <span class='ocrx_word' id='word_1_734' title='bbox 1632 4969 1861 5021; x_wconf 76' lang='lat' dir='ltr'><strong>salutem</strong></span> 
     </span>
    </p>
   </div>
   <div class='ocr_carea' id='block_1_95' title="bbox 227 5058 1864 5134">
    <p class='ocr_par' dir='ltr' id='par_1_95' title="bbox 227 5058 1864 5134">
     <span class='ocr_line' id='line_1_95' title="bbox 227 5058 1864 5134; baseline -0.002 -16"><span class='ocrx_word' id='word_1_735' title='bbox 227 5062 643 5134; x_wconf 77' lang='lat' dir='ltr'><strong>languoribus</strong></span> <span class='ocrx_word' id='word_1_736' title='bbox 675 5059 866 5114; x_wconf 88' lang='lat' dir='ltr'><strong>variis.</strong></span> <span class='ocrx_word' id='word_1_737' title='bbox 906 5058 1061 5110; x_wconf 80' lang='lat' dir='ltr'><strong>Varia</strong></span> <span class='ocrx_word' id='word_1_738' title='bbox 1087 5060 1289 5113; x_wconf 88' lang='lat' dir='ltr'><strong>ctenim</strong></span> <span class='ocrx_word' id='word_1_739' title='bbox 1323 5070 1451 5112; x_wconf 89' lang='lat' dir='ltr'><strong>sunt</strong></span> <span class='ocrx_word' id='word_1_740' title='bbox 1481 5060 1628 5122; x_wconf 84' lang='lat' dir='ltr'><strong>vitia,</strong></span> <span class='ocrx_word' id='word_1_741' title='bbox 1664 5062 1864 5131; x_wconf 79' lang='lat' dir='ltr'><strong>quibus</strong></span> 
     </span>
    </p>
   </div>
   <div class='ocr_carea' id='block_1_96' title="bbox 225 5150 1863 5224">
    <p class='ocr_par' dir='ltr' id='par_1_96' title="bbox 225 5150 1863 5224">
     <span class='ocr_line' id='line_1_96' title="bbox 225 5150 1863 5224; baseline -0.002 -14"><span class='ocrx_word' id='word_1_742' title='bbox 225 5153 588 5224; x_wconf 72' lang='lat' dir='ltr'><strong>languescit</strong></span> <span class='ocrx_word' id='word_1_743' title='bbox 651 5152 846 5205; x_wconf 85' lang='lat' dir='ltr'><strong>civitas</strong></span> <span class='ocrx_word' id='word_1_744' title='bbox 908 5150 1112 5204; x_wconf 86' lang='lat' dir='ltr'><strong>mundi.</strong></span> <span class='ocrx_word' id='word_1_745' title='bbox 1177 5150 1326 5205; x_wconf 77' lang='lat' dir='ltr'><strong>Unde</strong></span> <span class='ocrx_word' id='word_1_746' title='bbox 1395 5151 1641 5221; x_wconf 82' lang='lat' dir='ltr'><strong>lcprosus</strong></span> <span class='ocrx_word' id='word_1_747' title='bbox 1708 5155 1863 5206; x_wconf 88' lang='lat' dir='ltr'><strong>tertia</strong></span> 
     </span>
    </p>
   </div>
   <div class='ocr_carea' id='block_1_97' title="bbox 221 5243 1864 5313">
    <p class='ocr_par' dir='ltr' id='par_1_97' title="bbox 221 5243 1864 5313">
     <span class='ocr_line' id='line_1_97' title="bbox 221 5243 1864 5313; baseline -0.001 -12"><span class='ocrx_word' id='word_1_748' title='bbox 221 5253 490 5304; x_wconf 73' lang='lat' dir='ltr'><strong>virtute</strong></span> <span class='ocrx_word' id='word_1_749' title='bbox 524 5243 867 5297; x_wconf 80' lang='lat' dir='ltr'><strong>inundatur:</strong></span> <span class='ocrx_word' id='word_1_750' title='bbox 923 5243 1222 5312; x_wconf 87' lang='lat' dir='ltr'><strong>deprecans</strong></span> <span class='ocrx_word' id='word_1_751' title='bbox 1267 5259 1406 5313; x_wconf 84' lang='lat' dir='ltr'><strong>genu</strong></span> <span class='ocrx_word' id='word_1_752' title='bbox 1457 5243 1596 5298; x_wconf 83' lang='lat' dir='ltr'><strong>flexo</strong></span> <span class='ocrx_word' id='word_1_753' title='bbox 1651 5243 1864 5300; x_wconf 89' lang='lat' dir='ltr'><strong>Domini</strong></span> 
     </span>
    </p>
   </div>
   <div class='ocr_carea' id='block_1_98' title="bbox 219 5325 1867 5406">
    <p class='ocr_par' dir='ltr' id='par_1_98' title="bbox 219 5325 1867 5406">
     <span class='ocr_line' id='line_1_98' title="bbox 219 5325 1867 5406; baseline -0.003 -9"><span class='ocrx_word' id='word_1_754' title='bbox 219 5343 642 5400; x_wconf 65' lang='lat' dir='ltr'><strong>saturitatem,</strong></span> <span class='ocrx_word' id='word_1_755' title='bbox 674 5339 764 5406; x_wconf 86' lang='lat' dir='ltr'><strong>qui</strong></span> <span class='ocrx_word' id='word_1_756' title='bbox 800 5350 906 5388; x_wconf 87' lang='lat' dir='ltr'><strong>non</strong></span> <span class='ocrx_word' id='word_1_757' title='bbox 939 5335 1056 5390; x_wconf 79' lang='lat' dir='ltr'><strong>vult</strong></span> <span class='ocrx_word' id='word_1_758' title='bbox 1084 5325 1311 5388; x_wconf 88' lang='lat' dir='ltr'><strong>mortem</strong></span> <span class='ocrx_word' id='word_1_759' title='bbox 1340 5338 1668 5405; x_wconf 86' lang='lat' dir='ltr'><strong>peccatoris,</strong></span> <span class='ocrx_word' id='word_1_760' title='bbox 1703 5341 1867 5392; x_wconf 89' lang='lat' dir='ltr'><strong>sedut</strong></span> 
     </span>
    </p>
   </div>
   <div class='ocr_carea' id='block_1_99' title="bbox 213 5419 1866 5500">
    <p class='ocr_par' dir='ltr' id='par_1_99' title="bbox 213 5419 1866 5500">
     <span class='ocr_line' id='line_1_99' title="bbox 213 5419 1866 5500; baseline -0.002 -13"><span class='ocrx_word' id='word_1_761' title='bbox 213 5440 660 5492; x_wconf 74' lang='lat' dir='ltr'><strong>convertatur,</strong></span> <span class='ocrx_word' id='word_1_762' title='bbox 687 5419 743 5481; x_wconf 74' lang='lat' dir='ltr'><strong>ei</strong></span> <span class='ocrx_word' id='word_1_763' title='bbox 776 5436 942 5482; x_wconf 81' lang='lat' dir='ltr'><strong>vivat.</strong></span> <span class='ocrx_word' id='word_1_764' title='bbox 986 5425 1158 5496; x_wconf 85' lang='lat' dir='ltr'><strong>Lepra</strong></span> <span class='ocrx_word' id='word_1_765' title='bbox 1191 5439 1380 5482; x_wconf 79' lang='lat' dir='ltr'><strong>ucstra</strong></span> <span class='ocrx_word' id='word_1_766' title='bbox 1399 5443 1680 5496; x_wconf 81' lang='lat' dir='ltr'><strong>peccatum</strong></span> <span class='ocrx_word' id='word_1_767' title='bbox 1705 5431 1866 5500; x_wconf 89' lang='lat' dir='ltr'><strong>primi</strong></span> 
     </span>
    </p>
   </div>
   <div class='ocr_carea' id='block_1_100' title="bbox 213 5519 1866 5594">
    <p class='ocr_par' dir='ltr' id='par_1_100' title="bbox 213 5519 1866 5594">
     <span class='ocr_line' id='line_1_100' title="bbox 213 5519 1866 5594; baseline -0.004 -11"><span class='ocrx_word' id='word_1_768' title='bbox 213 5521 527 5582; x_wconf 77' lang='lat' dir='ltr'><strong>hominis</strong></span> <span class='ocrx_word' id='word_1_769' title='bbox 555 5530 642 5574; x_wconf 80' lang='lat' dir='ltr'><strong>est</strong></span> <span class='ocrx_word' id='word_1_770' title='bbox 675 5539 688 5573; x_wconf 85' lang='lat'><strong>:</strong></span> <span class='ocrx_word' id='word_1_771' title='bbox 727 5533 847 5588; x_wconf 75' lang='lat' dir='ltr'><strong>qua:</strong></span> <span class='ocrx_word' id='word_1_772' title='bbox 901 5536 929 5571; x_wconf 88' lang='lat' dir='ltr'><strong>a</strong></span> <span class='ocrx_word' id='word_1_773' title='bbox 971 5522 1149 5589; x_wconf 80' lang='lat' dir='ltr'><strong>capite</strong></span> <span class='ocrx_word' id='word_1_774' title='bbox 1201 5519 1388 5587; x_wconf 68' lang='lat' dir='ltr'><strong>t-uzpi&#39;t,</strong></span> <span class='ocrx_word' id='word_1_775' title='bbox 1435 5527 1656 5588; x_wconf 85' lang='lat' dir='ltr'><strong>quando</strong></span> <span class='ocrx_word' id='word_1_776' title='bbox 1706 5539 1866 5594; x_wconf 68' lang='lat' dir='ltr'><strong>regna</strong></span> 
     </span>
    </p>
   </div>
   <div class='ocr_carea' id='block_1_101' title="bbox 208 5609 1868 5677">
    <p class='ocr_par' dir='ltr' id='par_1_101' title="bbox 208 5609 1868 5677">
     <span class='ocr_line' id='line_1_101' title="bbox 208 5609 1868 5677; baseline -0.001 -6"><span class='ocrx_word' id='word_1_777' title='bbox 208 5613 468 5677; x_wconf 81' lang='lat' dir='ltr'><strong>mundi</strong></span> <span class='ocrx_word' id='word_1_778' title='bbox 513 5613 857 5667; x_wconf 78' lang='lat' dir='ltr'><strong>desideravit.</strong></span> <span class='ocrx_word' id='word_1_779' title='bbox 888 5609 1058 5664; x_wconf 65' lang='lat' dir='ltr'><strong>Radit:</strong></span> <span class='ocrx_word' id='word_1_780' title='bbox 1080 5612 1217 5664; x_wconf 83' lang='lat' dir='ltr'><strong>enim</strong></span> <span class='ocrx_word' id='word_1_781' title='bbox 1254 5613 1488 5665; x_wconf 84' lang='lat' dir='ltr'><strong>omnium</strong></span> <span class='ocrx_word' id='word_1_782' title='bbox 1510 5613 1868 5669; x_wconf 80' lang='lat' dir='ltr'><strong>mulorumeu</strong></span> 
     </span>
    </p>
   </div>
   <div class='ocr_carea' id='block_1_102' title="bbox 207 5699 1870 5780">
    <p class='ocr_par' dir='ltr' id='par_1_102' title="bbox 207 5699 1870 5780">
     <span class='ocr_line' id='line_1_102' title="bbox 207 5699 1870 5780; baseline 0.002 -24"><span class='ocrx_word' id='word_1_783' title='bbox 207 5710 551 5780; x_wconf 69' lang='lat' dir='ltr'><strong>cupiditas</strong></span> <span class='ocrx_word' id='word_1_784' title='bbox 614 5703 684 5775; x_wconf 84' lang='lat' dir='ltr'><strong>(I</strong></span> <span class='ocrx_word' id='word_1_785' title='bbox 729 5699 864 5759; x_wconf 78' lang='lat' dir='ltr'><strong>Tim.</strong></span> <span class='ocrx_word' id='word_1_786' title='bbox 897 5719 971 5767; x_wconf 76' lang='lat' dir='ltr'><strong>Vt,</strong></span> <span class='ocrx_word' id='word_1_787' title='bbox 1025 5705 1133 5773; x_wconf 81' lang='lat' dir='ltr'><strong>l0).</strong></span> <span class='ocrx_word' id='word_1_788' title='bbox 1186 5701 1337 5758; x_wconf 85' lang='lat' dir='ltr'><strong>Unde</strong></span> <span class='ocrx_word' id='word_1_789' title='bbox 1388 5704 1536 5759; x_wconf 77' lang='lat' dir='ltr'><strong>Git-zi</strong></span> <span class='ocrx_word' id='word_1_790' title='bbox 1585 5708 1870 5760; x_wconf 82' lang='lat' dir='ltr'><strong>avaritiam</strong></span> 
     </span>
    </p>
   </div>
   <div class='ocr_carea' id='block_1_103' title="bbox 205 5794 1868 5866">
    <p class='ocr_par' dir='ltr' id='par_1_103' title="bbox 205 5794 1868 5866">
     <span class='ocr_line' id='line_1_103' title="bbox 205 5794 1868 5866; baseline -0.009 0"><span class='ocrx_word' id='word_1_791' title='bbox 205 5811 532 5866; x_wconf 73' lang='lat' dir='ltr'><strong>secutus,</strong></span> <span class='ocrx_word' id='word_1_792' title='bbox 587 5795 736 5866; x_wconf 84' lang='lat' dir='ltr'><strong>lepra</strong></span> <span class='ocrx_word' id='word_1_793' title='bbox 791 5794 1157 5862; x_wconf 84' lang='lat' dir='ltr'><strong>suil&#39;unditur;</strong></span> <span class='ocrx_word' id='word_1_794' title='bbox 1220 5815 1341 5866; x_wconf 83' lang='lat' dir='ltr'><strong>qua:</strong></span> <span class='ocrx_word' id='word_1_795' title='bbox 1407 5797 1682 5853; x_wconf 80' lang='lat' dir='ltr'><strong>sacerdoti</strong></span> <span class='ocrx_word' id='word_1_796' title='bbox 1740 5813 1868 5853; x_wconf 82' lang='lat' dir='ltr'><strong>vero</strong></span> 
     </span>
    </p>
   </div>
   <div class='ocr_carea' id='block_1_104' title="bbox 575 5895 1070 5958">
    <p class='ocr_par' dir='ltr' id='par_1_104' title="bbox 575 5895 1070 5958">
     <span class='ocr_line' id='line_1_104' title="bbox 575 5895 1070 5958; baseline 0.006 -4"><span class='ocrx_word' id='word_1_797' title='bbox 575 5895 847 5955; x_wconf 76' lang='grc' dir='ltr'><strong>ΡΑτιιοι.</strong></span> <span class='ocrx_word' id='word_1_798' title='bbox 893 5898 1070 5958; x_wconf 69' lang='lat' dir='ltr'><strong>XXX.</strong></span> 
     </span>
    </p>
   </div>
   <div class='ocr_carea' id='block_1_105' title="bbox 1967 4600 3544 4670">
    <p class='ocr_par' dir='ltr' id='par_1_105' title="bbox 1967 4600 3544 4670">
     <span class='ocr_line' id='line_1_105' title="bbox 1967 4600 3544 4670; baseline 0.003 -18"><span class='ocrx_word' id='word_1_799' title='bbox 1967 4600 2104 4654; x_wconf 90' lang='lat' dir='ltr'><strong>vidit</strong></span> <span class='ocrx_word' id='word_1_800' title='bbox 2129 4600 2257 4656; x_wconf 88' lang='lat' dir='ltr'><strong>Levi</strong></span> <span class='ocrx_word' id='word_1_801' title='bbox 2283 4601 2492 4670; x_wconf 61' lang='lat' dir='ltr'><strong>Alpbaii</strong></span> <span class='ocrx_word' id='word_1_802' title='bbox 2520 4600 2801 4656; x_wconf 88' lang='lat' dir='ltr'><strong>sedentem</strong></span> <span class='ocrx_word' id='word_1_803' title='bbox 2826 4600 2895 4655; x_wconf 88' lang='lat' dir='ltr'><strong>ad</strong></span> <span class='ocrx_word' id='word_1_804' title='bbox 2920 4601 3209 4666; x_wconf 84' lang='lat' dir='ltr'><strong>telouium,</strong></span> <span class='ocrx_word' id='word_1_805' title='bbox 3232 4609 3288 4656; x_wconf 91' lang='lat' dir='ltr'><strong>et</strong></span> <span class='ocrx_word' id='word_1_806' title='bbox 3317 4604 3394 4658; x_wconf 90' lang='lat' dir='ltr'><strong>ait</strong></span> <span class='ocrx_word' id='word_1_807' title='bbox 3419 4603 3494 4658; x_wconf 92' lang='lat' dir='ltr'><strong>illi</strong></span> <span class='ocrx_word' id='word_1_808' title='bbox 3529 4621 3544 4657; x_wconf 86' lang='lat'><strong>:</strong></span> 
     </span>
    </p>
   </div>
   <div class='ocr_carea' id='block_1_106' title="bbox 1968 4689 3551 4762">
    <p class='ocr_par' dir='ltr' id='par_1_106' title="bbox 1968 4689 3551 4762">
     <span class='ocr_line' id='line_1_106' title="bbox 1968 4689 3551 4762; baseline 0.001 -16"><span class='ocrx_word' id='word_1_809' title='bbox 1968 4689 2208 4758; x_wconf 86' lang='lat' dir='ltr'><strong>Sequere</strong></span> <span class='ocrx_word' id='word_1_810' title='bbox 2275 4707 2382 4746; x_wconf 92' lang='lat' dir='ltr'><strong>me.</strong></span> <span class='ocrx_word' id='word_1_811' title='bbox 2439 4691 2505 4745; x_wconf 88' lang='lat' dir='ltr'><strong>Et</strong></span> <span class='ocrx_word' id='word_1_812' title='bbox 2553 4707 2808 4762; x_wconf 72' lang='lat' dir='ltr'><strong>surgens,</strong></span> <span class='ocrx_word' id='word_1_813' title='bbox 2867 4703 3086 4750; x_wconf 87' lang='lat' dir='ltr'><strong>secutus</strong></span> <span class='ocrx_word' id='word_1_814' title='bbox 3134 4703 3220 4749; x_wconf 84' lang='lat' dir='ltr'><strong>cst</strong></span> <span class='ocrx_word' id='word_1_815' title='bbox 3278 4709 3426 4752; x_wconf 83' lang='lat' dir='ltr'><strong>eum.</strong></span> <span class='ocrx_word' id='word_1_816' title='bbox 3485 4693 3551 4748; x_wconf 79' lang='lat' dir='ltr'><strong>Et</strong></span> 
     </span>
    </p>
   </div>
   <div class='ocr_carea' id='block_1_107' title="bbox 1966 4783 3548 4852">
    <p class='ocr_par' dir='ltr' id='par_1_107' title="bbox 1966 4783 3548 4852">
     <span class='ocr_line' id='line_1_107' title="bbox 1966 4783 3548 4852; baseline 0.004 -18"><span class='ocrx_word' id='word_1_817' title='bbox 1966 4783 2168 4836; x_wconf 83' lang='lat' dir='ltr'><strong>factum</strong></span> <span class='ocrx_word' id='word_1_818' title='bbox 2205 4794 2286 4836; x_wconf 86' lang='lat' dir='ltr'><strong>est</strong></span> <span class='ocrx_word' id='word_1_819' title='bbox 2321 4799 2444 4838; x_wconf 88' lang='lat' dir='ltr'><strong>cum</strong></span> <span class='ocrx_word' id='word_1_820' title='bbox 2482 4786 2829 4840; x_wconf 86' lang='lat' dir='ltr'><strong>accumberet</strong></span> <span class='ocrx_word' id='word_1_821' title='bbox 2860 4785 2918 4840; x_wconf 89' lang='lat' dir='ltr'><strong>in</strong></span> <span class='ocrx_word' id='word_1_822' title='bbox 2967 4787 3131 4842; x_wconf 89' lang='lat' dir='ltr'><strong>domo</strong></span> <span class='ocrx_word' id='word_1_823' title='bbox 3173 4787 3337 4852; x_wconf 88' lang='lat' dir='ltr'><strong>illius,</strong></span> <span class='ocrx_word' id='word_1_824' title='bbox 3395 4787 3548 4844; x_wconf 88' lang='lat' dir='ltr'><strong>multi</strong></span> 
     </span>
    </p>
   </div>
   <div class='ocr_carea' id='block_1_108' title="bbox 1967 4875 3546 4953">
    <p class='ocr_par' dir='ltr' id='par_1_108' title="bbox 1967 4875 3546 4953">
     <span class='ocr_line' id='line_1_108' title="bbox 1967 4875 3546 4953; baseline 0.002 -26"><span class='ocrx_word' id='word_1_825' title='bbox 1967 4875 2237 4943; x_wconf 86' lang='lat' dir='ltr'><strong>publicani</strong></span> <span class='ocrx_word' id='word_1_826' title='bbox 2279 4887 2335 4930; x_wconf 89' lang='lat' dir='ltr'><strong>et</strong></span> <span class='ocrx_word' id='word_1_827' title='bbox 2382 4887 2699 4946; x_wconf 88' lang='lat' dir='ltr'><strong>peccatores</strong></span> <span class='ocrx_word' id='word_1_828' title='bbox 2742 4878 2906 4953; x_wconf 76' lang='lat' dir='ltr'><strong>simul</strong></span> <span class='ocrx_word' id='word_1_829' title='bbox 2953 4880 3374 4936; x_wconf 82' lang='lat' dir='ltr'><strong>discumbebant</strong></span> <span class='ocrx_word' id='word_1_830' title='bbox 3419 4895 3546 4936; x_wconf 84' lang='lat' dir='ltr'><strong>cuin</strong></span> 
     </span>
    </p>
   </div>
   <div class='ocr_carea' id='block_1_109' title="bbox 1968 4965 3546 5042">
    <p class='ocr_par' dir='ltr' id='par_1_109' title="bbox 1968 4965 3546 5042">
     <span class='ocr_line' id='line_1_109' title="bbox 1968 4965 3546 5042; baseline 0.004 -24"><span class='ocrx_word' id='word_1_831' title='bbox 1968 4965 2118 5031; x_wconf 83' lang='lat' dir='ltr'><strong>Jestt,</strong></span> <span class='ocrx_word' id='word_1_832' title='bbox 2180 4979 2233 5022; x_wconf 79' lang='lat' dir='ltr'><strong>ct</strong></span> <span class='ocrx_word' id='word_1_833' title='bbox 2287 4971 2570 5038; x_wconf 83' lang='lat' dir='ltr'><strong>discipulis</strong></span> <span class='ocrx_word' id='word_1_834' title='bbox 2617 4971 2760 5041; x_wconf 84' lang='lat' dir='ltr'><strong>ejus.</strong></span> <span class='ocrx_word' id='word_1_835' title='bbox 2818 4973 2986 5026; x_wconf 83' lang='lat' dir='ltr'><strong>Erant</strong></span> <span class='ocrx_word' id='word_1_836' title='bbox 3039 4973 3184 5028; x_wconf 88' lang='lat' dir='ltr'><strong>enim</strong></span> <span class='ocrx_word' id='word_1_837' title='bbox 3236 4973 3388 5028; x_wconf 88' lang='lat' dir='ltr'><strong>multi</strong></span> <span class='ocrx_word' id='word_1_838' title='bbox 3453 4976 3546 5042; x_wconf 87' lang='lat' dir='ltr'><strong>qui</strong></span> 
     </span>
    </p>
   </div>
   <div class='ocr_carea' id='block_1_110' title="bbox 1969 5062 3552 5136">
    <p class='ocr_par' dir='ltr' id='par_1_110' title="bbox 1969 5062 3552 5136">
     <span class='ocr_line' id='line_1_110' title="bbox 1969 5062 3552 5136; baseline 0.004 -21"><span class='ocrx_word' id='word_1_839' title='bbox 1969 5062 2342 5130; x_wconf 73' lang='lat' dir='ltr'><strong>sequebantur</strong></span> <span class='ocrx_word' id='word_1_840' title='bbox 2371 5077 2516 5118; x_wconf 89' lang='lat' dir='ltr'><strong>eum.</strong></span> <span class='ocrx_word' id='word_1_841' title='bbox 2551 5063 2615 5118; x_wconf 82' lang='lat' dir='ltr'><strong>Et</strong></span> <span class='ocrx_word' id='word_1_842' title='bbox 2640 5065 2837 5121; x_wconf 72' lang='lat' dir='ltr'><strong>scriba:</strong></span> <span class='ocrx_word' id='word_1_843' title='bbox 2873 5075 2927 5120; x_wconf 88' lang='lat' dir='ltr'><strong>et</strong></span> <span class='ocrx_word' id='word_1_844' title='bbox 2974 5067 3250 5136; x_wconf 66' lang='lat' dir='ltr'><strong>pltarisai,</strong></span> <span class='ocrx_word' id='word_1_845' title='bbox 3305 5067 3552 5122; x_wconf 85' lang='lat' dir='ltr'><strong>videntes</strong></span> 
     </span>
    </p>
   </div>
   <div class='ocr_carea' id='block_1_111' title="bbox 1968 5156 3550 5228">
    <p class='ocr_par' dir='ltr' id='par_1_111' title="bbox 1968 5156 3550 5228">
     <span class='ocr_line' id='line_1_111' title="bbox 1968 5156 3550 5228; baseline 0.003 -19"><span class='ocrx_word' id='word_1_846' title='bbox 1968 5157 2097 5223; x_wconf 88' lang='lat' dir='ltr'><strong>quia</strong></span> <span class='ocrx_word' id='word_1_847' title='bbox 2136 5156 2496 5212; x_wconf 84' lang='lat' dir='ltr'><strong>mattduearet</strong></span> <span class='ocrx_word' id='word_1_848' title='bbox 2539 5171 2663 5211; x_wconf 86' lang='lat' dir='ltr'><strong>cum</strong></span> <span class='ocrx_word' id='word_1_849' title='bbox 2711 5162 3094 5228; x_wconf 84' lang='lat' dir='ltr'><strong>peccatoribus</strong></span> <span class='ocrx_word' id='word_1_850' title='bbox 3135 5169 3190 5214; x_wconf 90' lang='lat' dir='ltr'><strong>et</strong></span> <span class='ocrx_word' id='word_1_851' title='bbox 3223 5160 3550 5228; x_wconf 84' lang='lat' dir='ltr'><strong>publicanis,</strong></span> 
     </span>
    </p>
   </div>
   <div class='ocr_carea' id='block_1_112' title="bbox 1970 5246 3554 5321">
    <p class='ocr_par' dir='ltr' id='par_1_112' title="bbox 1970 5246 3554 5321">
     <span class='ocr_line' id='line_1_112' title="bbox 1970 5246 3554 5321; baseline 0.002 -21"><span class='ocrx_word' id='word_1_852' title='bbox 1970 5246 2220 5300; x_wconf 88' lang='lat' dir='ltr'><strong>dicebant</strong></span> <span class='ocrx_word' id='word_1_853' title='bbox 2246 5247 2526 5316; x_wconf 87' lang='lat' dir='ltr'><strong>discipulis</strong></span> <span class='ocrx_word' id='word_1_854' title='bbox 2551 5247 2712 5318; x_wconf 86' lang='lat' dir='ltr'><strong>ejus:</strong></span> <span class='ocrx_word' id='word_1_855' title='bbox 2751 5249 2932 5316; x_wconf 86' lang='lat' dir='ltr'><strong>Quare</strong></span> <span class='ocrx_word' id='word_1_856' title='bbox 2963 5265 3090 5304; x_wconf 84' lang='lat' dir='ltr'><strong>cum</strong></span> <span class='ocrx_word' id='word_1_857' title='bbox 3149 5251 3452 5321; x_wconf 76' lang='lat' dir='ltr'><strong>publicanis</strong></span> <span class='ocrx_word' id='word_1_858' title='bbox 3497 5266 3554 5305; x_wconf 87' lang='lat' dir='ltr'><strong>et</strong></span> 
     </span>
    </p>
   </div>
   <div class='ocr_carea' id='block_1_113' title="bbox 1972 5340 3556 5414">
    <p class='ocr_par' dir='ltr' id='par_1_113' title="bbox 1972 5340 3556 5414">
     <span class='ocr_line' id='line_1_113' title="bbox 1972 5340 3556 5414; baseline 0.005 -22"><span class='ocrx_word' id='word_1_859' title='bbox 1972 5340 2354 5407; x_wconf 86' lang='lat' dir='ltr'><strong>peccatoribus</strong></span> <span class='ocrx_word' id='word_1_860' title='bbox 2408 5343 2710 5397; x_wconf 79' lang='lat' dir='ltr'><strong>manducet</strong></span> <span class='ocrx_word' id='word_1_861' title='bbox 2754 5357 2809 5398; x_wconf 89' lang='lat' dir='ltr'><strong>ct</strong></span> <span class='ocrx_word' id='word_1_862' title='bbox 2852 5344 2986 5399; x_wconf 90' lang='lat' dir='ltr'><strong>bibit</strong></span> <span class='ocrx_word' id='word_1_863' title='bbox 3025 5348 3286 5414; x_wconf 77' lang='lat' dir='ltr'><strong>magister</strong></span> <span class='ocrx_word' id='word_1_864' title='bbox 3328 5353 3556 5404; x_wconf 76' lang='lat' dir='ltr'><strong>vester?</strong></span> 
     </span>
    </p>
   </div>
   <div class='ocr_carea' id='block_1_114' title="bbox 1973 5431 3556 5498">
    <p class='ocr_par' dir='ltr' id='par_1_114' title="bbox 1973 5431 3556 5498">
     <span class='ocr_line' id='line_1_114' title="bbox 1973 5431 3556 5498; baseline 0.008 -15"><span class='ocrx_word' id='word_1_865' title='bbox 1973 5431 2088 5484; x_wconf 82' lang='lat' dir='ltr'><strong>Hoc</strong></span> <span class='ocrx_word' id='word_1_866' title='bbox 2126 5432 2337 5498; x_wconf 89' lang='lat' dir='ltr'><strong>audito,</strong></span> <span class='ocrx_word' id='word_1_867' title='bbox 2385 5431 2548 5490; x_wconf 79' lang='lat' dir='ltr'><strong>Jesus</strong></span> <span class='ocrx_word' id='word_1_868' title='bbox 2586 5435 2662 5489; x_wconf 89' lang='lat' dir='ltr'><strong>ait</strong></span> <span class='ocrx_word' id='word_1_869' title='bbox 2704 5436 2816 5492; x_wconf 90' lang='lat' dir='ltr'><strong>illis</strong></span> <span class='ocrx_word' id='word_1_870' title='bbox 2867 5454 2883 5491; x_wconf 86' lang='lat'><strong>:</strong></span> <span class='ocrx_word' id='word_1_871' title='bbox 2922 5436 3042 5492; x_wconf 77' lang='lat' dir='ltr'><strong>Non</strong></span> <span class='ocrx_word' id='word_1_872' title='bbox 3092 5453 3316 5496; x_wconf 78' lang='lat' dir='ltr'><strong>necesse</strong></span> <span class='ocrx_word' id='word_1_873' title='bbox 3354 5440 3556 5496; x_wconf 83' lang='lat' dir='ltr'><strong>habent</strong></span> 
     </span>
    </p>
   </div>
   <div class='ocr_carea' id='block_1_115' title="bbox 1970 5523 3560 5598">
    <p class='ocr_par' dir='ltr' id='par_1_115' title="bbox 1970 5523 3560 5598">
     <span class='ocr_line' id='line_1_115' title="bbox 1970 5523 3560 5598; baseline 0.006 -20"><span class='ocrx_word' id='word_1_874' title='bbox 1970 5523 2090 5578; x_wconf 86' lang='lat' dir='ltr'><strong>sani</strong></span> <span class='ocrx_word' id='word_1_875' title='bbox 2125 5526 2360 5589; x_wconf 87' lang='lat' dir='ltr'><strong>medico.</strong></span> <span class='ocrx_word' id='word_1_876' title='bbox 2390 5529 2486 5583; x_wconf 88' lang='lat' dir='ltr'><strong>sed</strong></span> <span class='ocrx_word' id='word_1_877' title='bbox 2516 5529 2606 5598; x_wconf 90' lang='lat' dir='ltr'><strong>qui</strong></span> <span class='ocrx_word' id='word_1_878' title='bbox 2640 5530 2779 5584; x_wconf 85' lang='lat' dir='ltr'><strong>male</strong></span> <span class='ocrx_word' id='word_1_879' title='bbox 2809 5532 3015 5586; x_wconf 78' lang='lat' dir='ltr'><strong>habent</strong></span> <span class='ocrx_word' id='word_1_880' title='bbox 3044 5548 3060 5588; x_wconf 85' lang='lat'><strong>:</strong></span> <span class='ocrx_word' id='word_1_881' title='bbox 3097 5547 3204 5592; x_wconf 84' lang='lat' dir='ltr'><strong>non</strong></span> <span class='ocrx_word' id='word_1_882' title='bbox 3251 5535 3401 5590; x_wconf 87' lang='lat' dir='ltr'><strong>enim</strong></span> <span class='ocrx_word' id='word_1_883' title='bbox 3430 5541 3560 5591; x_wconf 81' lang='lat' dir='ltr'><strong>vent</strong></span> 
     </span>
    </p>
   </div>
   <div class='ocr_carea' id='block_1_116' title="bbox 1974 5619 3560 5702">
    <p class='ocr_par' dir='ltr' id='par_1_116' title="bbox 1974 5619 3560 5702">
     <span class='ocr_line' id='line_1_116' title="bbox 1974 5619 3560 5702; baseline 0.009 -32"><span class='ocrx_word' id='word_1_884' title='bbox 1974 5633 2167 5672; x_wconf 85' lang='lat' dir='ltr'><strong>vocare</strong></span> <span class='ocrx_word' id='word_1_885' title='bbox 2204 5619 2405 5688; x_wconf 89' lang='lat' dir='ltr'><strong>justus,</strong></span> <span class='ocrx_word' id='word_1_886' title='bbox 2457 5624 2551 5679; x_wconf 85' lang='lat' dir='ltr'><strong>sed</strong></span> <span class='ocrx_word' id='word_1_887' title='bbox 2603 5633 2942 5693; x_wconf 81' lang='lat' dir='ltr'><strong>peccatores.</strong></span> <span class='ocrx_word' id='word_1_888' title='bbox 2993 5625 3062 5682; x_wconf 80' lang='lat' dir='ltr'><strong>Et</strong></span> <span class='ocrx_word' id='word_1_889' title='bbox 3107 5638 3266 5684; x_wconf 80' lang='lat' dir='ltr'><strong>erant</strong></span> <span class='ocrx_word' id='word_1_890' title='bbox 3306 5629 3560 5702; x_wconf 81' lang='lat' dir='ltr'><strong>discipuli</strong></span> 
     </span>
    </p>
   </div>
   <div class='ocr_carea' id='block_1_117' title="bbox 1972 5707 3566 5783">
    <p class='ocr_par' dir='ltr' id='par_1_117' title="bbox 1972 5707 3566 5783">
     <span class='ocr_line' id='line_1_117' title="bbox 1972 5707 3566 5783; baseline 0.007 -20"><span class='ocrx_word' id='word_1_891' title='bbox 1972 5707 2197 5765; x_wconf 80' lang='lat' dir='ltr'><strong>Joannis</strong></span> <span class='ocrx_word' id='word_1_892' title='bbox 2265 5721 2316 5765; x_wconf 88' lang='lat' dir='ltr'><strong>et</strong></span> <span class='ocrx_word' id='word_1_893' title='bbox 2379 5710 2639 5768; x_wconf 69' lang='lat' dir='ltr'><strong>Pharisan</strong></span> <span class='ocrx_word' id='word_1_894' title='bbox 2692 5714 3031 5783; x_wconf 81' lang='lat' dir='ltr'><strong>jejunantes,</strong></span> <span class='ocrx_word' id='word_1_895' title='bbox 3093 5726 3152 5772; x_wconf 88' lang='lat' dir='ltr'><strong>et</strong></span> <span class='ocrx_word' id='word_1_896' title='bbox 3199 5719 3448 5783; x_wconf 75' lang='lat' dir='ltr'><strong>veniunt,</strong></span> <span class='ocrx_word' id='word_1_897' title='bbox 3506 5730 3566 5774; x_wconf 90' lang='lat' dir='ltr'><strong>et</strong></span> 
     </span>
    </p>
   </div>
   <div class='ocr_carea' id='block_1_118' title="bbox 1975 5801 3566 5875">
    <p class='ocr_par' dir='ltr' id='par_1_118' title="bbox 1975 5801 3566 5875">
     <span class='ocr_line' id='line_1_118' title="bbox 1975 5801 3566 5875; baseline 0.006 -20"><span class='ocrx_word' id='word_1_898' title='bbox 1975 5802 2258 5857; x_wconf 83' lang='lat' dir='ltr'><strong>dicuutilli</strong></span> <span class='ocrx_word' id='word_1_899' title='bbox 2293 5820 2306 5857; x_wconf 90' lang='lat'>:</span> <span class='ocrx_word' id='word_1_900' title='bbox 2333 5801 2513 5869; x_wconf 88' lang='lat' dir='ltr'><strong>Quare</strong></span> <span class='ocrx_word' id='word_1_901' title='bbox 2543 5804 2794 5875; x_wconf 83' lang='lat' dir='ltr'><strong>discipuli</strong></span> <span class='ocrx_word' id='word_1_902' title='bbox 2825 5807 3052 5866; x_wconf 82' lang='lat' dir='ltr'><strong>Joannis</strong></span> <span class='ocrx_word' id='word_1_903' title='bbox 3074 5819 3129 5865; x_wconf 90' lang='lat' dir='ltr'><strong>et</strong></span> <span class='ocrx_word' id='word_1_904' title='bbox 3160 5808 3566 5867; x_wconf 71' lang='lat' dir='ltr'><strong>Pharisaeorum</strong></span> 
     </span>
    </p>
   </div>
   <div class='ocr_carea' id='block_1_119' title="bbox 3095 5907 3173 5966">
    <p class='ocr_par' dir='ltr' id='par_1_119' title="bbox 3095 5907 3173 5966">
     <span class='ocr_line' id='line_1_119' title="bbox 3095 5907 3173 5966; baseline 0 0"><span class='ocrx_word' id='word_1_905' title='bbox 3095 5907 3173 5966; x_wconf 77' lang='lat'><strong>20</strong></span> 
     </span>
    </p>
   </div>
  </div>
