3946 6206
467 290 573 354 619

1429 292 1496 353 Β.
1539 290 1979 355 HlERONYMI
2021 293 2048 355 ί

2153 296 2347 361 lRUM
2399 296 2808 364 MANTISSA.
3572 308 3664 372 690

461 412 731 482 jejunant,
767 411 843 466 tui
881 420 1060 466 autem
1084 408 1337 479 discipuli
1369 422 1476 464 non
1527 409 1817 481 jejunant?
1860 409 1927 466 Et
1969 412 2044 466 ait
2074 426 2122 479 Α
2154 429 2373 484 magna,
2409 417 2693 472 audientes
2726 430 2848 487 qua:
2878 414 3141 484 faciebat,
3179 421 3429 473 venerunt
3452 419 3511 473 ad
3539 436 3660 477 eum.

466 504 571 559 illis
627 500 785 559 Jesus
838 522 852 558 :
911 501 1179 571 Numquid
1234 511 1463 572 possunt
1526 502 1620 556 filii
1681 503 2039 573 nuptiarum,

465 596 702 665 quantliu
737 610 857 648 cum
904 593 1014 648 illis
1062 608 1294 662 sponsus
1339 604 1442 660 est,
1495 592 1785 664 ieiunare?
1830 595 2048 660 Quanto

466 694 716 756 tempore
759 686 960 740 habent
986 698 1176 740 secum
1199 698 1485 753 sponsum,
1523 700 1633 740 non
1656 695 1881 755 possunt
1903 686 2050 757 jeju-

464 790 620 831 nare.
678 774 911 831 Venient
957 786 1136 830 autem
1188 774 1327 840 dies,
1378 790 1500 829 cum
1547 775 1822 832 auferetur
1867 776 1936 832 ab
1967 777 2048 833 eis

466 882 724 938 sponsus,
761 878 816 922 et
840 872 966 922 tunc
1010 865 1335 937 jejunabttttt
1376 870 1427 922 in
1482 867 1589 922 illis
1624 867 1836 923 diebus.
1879 869 2048 926 Nemo

467 969 844 1015 assumcntum
876 960 1040 1029 panni
1076 960 1227 1014 rudis
1261 959 1435 1014 assuit
1485 959 1809 1015 vestimento
1852 961 2047 1028 veteri,

462 1056 667 1124 alioqui
701 1054 879 1109 aufert
910 1053 1351 1124 supplementum
1383 1069 1578 1108 novum
1630 1069 1660 1108 a
1710 1055 1878 1109 veteri
1921 1072 1936 1109 :
1995 1064 2050 1111 et

468 1150 640 1217 major
669 1150 912 1201 scissura
946 1147 1023 1201 ftt.
1062 1148 1125 1200 Et
1148 1162 1307 1201 nemo
1340 1146 1508 1201 mittit
1540 1147 1727 1201 viuum
1765 1164 1962 1203 novum
1991 1149 2045 1203 in

463 1254 617 1298 utres
648 1252 897 1296 veteres:
932 1240 1176 1310 alioquin
1209 1241 1513 1311 disrumpct
1542 1241 1726 1294 vinum
1771 1252 1940 1307 utres,
1994 1251 2050 1296 et

467 1335 648 1389 vinum
695 1332 1028 1395 eﬂundetur,
1077 1343 1133 1387 et
1180 1343 1332 1386 utres
1377 1332 1651 1401 peribunt.
1700 1332 1807 1387 Sed
1862 1334 2046 1387 viuum

468 1444 664 1482 novum
696 1427 748 1481 in
780 1436 928 1481 utres
959 1441 1132 1480 novos
1172 1426 1314 1479 mitti
1363 1426 1543 1479 debet.
1590 1425 1657 1479 Et
1700 1423 1907 1479 factum
1969 1434 2051 1480 est

470 1523 664 1575 iterum
696 1534 819 1573 cum
844 1516 1108 1572 Dominus
1130 1516 1386 1572 Sabbatis
1415 1517 1721 1572 ambularet
1761 1531 1860 1585 per
1910 1527 2046 1583 sata,

467 1625 521 1669 et
576 1613 828 1683 discipuli
888 1612 1005 1681 ejus
1062 1620 1347 1680 coeperunt
1408 1610 1695 1680 pratgredi,
1750 1609 2048 1677 et.vel|ere

468 1707 665 1774 spicas.
708 1702 975 1759 Pharisaei
1030 1714 1209 1761 autem
1251 1704 1507 1760 dicebant
1542 1705 1590 1759 ei
1647 1720 1662 1759 :
1712 1705 1872 1769 Ecce,
1912 1704 2043 1773 quid

2149 503 2219 559 Et
2248 505 2385 559 dixit
2416 505 2703 573 discipulis
2729 506 2868 571 suis,
2900 515 2959 560 ut
2980 504 3228 561 navicula
3246 505 3343 562 sibi
3372 506 3666 565 deservirem

2149 606 2369 665 propter
2418 596 2653 661 turbam,
2718 611 2786 651 ne
2846 597 3265 667 comprimerent
3312 611 3444 653 eum.
3499 599 3664 657 Iullos

2146 686 2294 742 enim
2324 688 2576 754 sanabat,
2604 688 2683 743 ita
2712 691 3064 745 utirruerunt
3093 688 3146 743 in
3171 703 3314 756 eum,
3343 700 3397 745 ut
3418 690 3664 748 illumtan-

2149 786 2359 845 gerent,
2391 787 2657 847 quotquot
2697 778 2966 835 habebant
3013 778 3217 850 plagas.
3247 779 3313 836 Et
3362 781 3559 848 spiritus
3590 782 3665 857 im:

2149 867 2335 923 mundi
2356 883 2475 923 cum
2498 870 2648 924 illum
2670 870 2946 933 videbant,
2989 873 3338 940 procidebant
3376 873 3441 928 ei.
3483 872 3542 928 Et
3579 875 3669 929 cla-

2150 961 2391 1024 mahant,
2421 961 2669 1017 dicentes
2699 975 2714 1017 :
2747 961 2899 1018 Tues
2927 962 3099 1019 Filius
3124 962 3238 1019 Dei.
3283 964 3348 1019 Et
3371 966 3669 1021 vehementer

2150 1053 2587 1107 comminabatur
2620 1055 2723 1121 eis,
2750 1069 2820 1110 ne
2839 1054 3250 1110 manifestarent
3284 1056 3474 1111 illum.»
3502 1055 3667 1121 Quinta

2150 1143 2372 1207 virtute,
2400 1154 2517 1197 erat
2545 1145 2707 1199 homo
2741 1160 2958 1199 manum
2986 1146 3190 1205 habens
3210 1146 3429 1211 aridam,
3460 1150 3534 1201 cui
3561 1148 3671 1203 dici-

2152 1245 2258 1299 tur,
2292 1233 2531 1290 Extende
2565 1252 2781 1291 manum
2849 1248 2995 1291 tuam
3030 1239 3162 1309 :qui
3193 1238 3449 1308 significat
3490 1254 3666 1304 avaros,

2152 1327 2270 1395 qui,
2322 1327 2571 1382 nolentes
2617 1328 2772 1393 dare,
2842 1329 3028 1383 volunt
3092 1330 3391 1397 accipere:
3446 1332 3669 1400 praedari,

2153 1428 2208 1471 et
2242 1433 2346 1471 non
2379 1418 2816 1487 largiri.Quibus
2855 1421 3081 1486 dicitur,
3102 1429 3163 1475 ut
3210 1427 3488 1476 extendant
3515 1437 3671 1475 manus

2156 1522 2308 1574 suas,
2332 1508 2385 1563 id
2415 1520 2518 1574 est,
2553 1512 2644 1580 qui
2670 1511 2975 1578 furabatur,
2998 1514 3110 1585 jam
3136 1528 3243 1569 non
3267 1513 3503 1569 (utetur:
3534 1516 3672 1584 magis

2153 1613 2331 1656 autem
2397 1602 2606 1657 laboret
2649 1607 2926 1674 operando
2971 1623 3131 1660 ntanu
3189 1620 3282 1662 sua
3334 1606 3463 1676 quod
3509 1608 3671 1662 bonum

2153 1700 2271 1758 est,
2316 1702 2374 1746 ut
2431 1694 2626 1748 habeat
2689 1698 2831 1749 unde
2914 1696 3281 1752 communicet
3360 1693 3676 1766 indigentibus

467 1769 943 1865 faciuntdiscipuli
975 1797 1048 1849 tui
1085 1794 1357 1862 Sabbatis,
1391 1797 1535 1864 quod
1569 1811 1672 1849 non
1711 1769 2042 1849 licet?EtaiI

2157 1772 2372 1854 (aptet.
2407 1798 2495 1847 tv,
2529 1783 2643 1855 28).

471 1891 579 1945 illis
615 1906 631 1946 z
661 1886 948 1959 Nunquam
978 1888 1208 1959 legistis,
1241 1889 1368 1958 quid
1394 1886 1584 1943 fecerit
1610 1888 1803 1951 David.
1831 1886 2051 1956 quando

472 1984 846 2039 necessitatem
891 1982 1100 2048 habuit,
1135 1994 1188 2037 et
1218 1983 1410 2036 esuriit
1441 1983 1574 2049 ipse,
1616 1992 1671 2033 et
1704 1980 1794 2049 qui
1825 1995 1950 2035 cum
1985 1995 2051 2035 eo

469 2083 625 2129 erant
657 2090 673 2130 :
706 2073 980 2142 quomodo
1008 2073 1333 2126 introivit-in
1365 2071 1585 2126 domum
1618 2070 1714 2125 Dei
1755 2073 1856 2125 sub
1883 2072 2051 2125 Abia-

471 2169 595 2221 thar
628 2167 878 2236 principe
909 2168 1281 2229 sacerdotum,
1331 2176 1385 2219 et
1436 2180 1606 2234 panes
1658 2165 2051 2235 propositionis

473 2259 841 2323 manducavit,
901 2273 1038 2327 quos
1115 2273 1228 2311 non
1286 2255 1483 2311 licebat
1546 2259 1879 2311 manducare
1942 2255 2050 2310 nisi

382 2402 387 2405 ,
469 2349 883 2405 sacerdotibus?
921 2362 973 2403 et
1001 2350 1150 2403 dedit
1183 2349 1283 2416 eis,
1328 2358 1381 2403 et
1404 2349 1497 2417 qui
1528 2364 1648 2401 cum
1696 2362 1759 2401 eo
1789 2359 1965 2403 erant.
1990 2346 2052 2401 Et

472 2441 684 2494 dicebat
709 2440 828 2494 eis:
856 2438 1152 2493 Sabbatum
1172 2451 1397 2509 propter
1416 2438 1687 2492 hominem
1720 2439 1921 2492 factum
1946 2449 2047 2503 est,

471 2544 527 2586 et
557 2547 663 2584 non
682 2532 842 2584 homo
872 2541 1090 2598 pr0pter
1118 2529 1437 2583 Sabhatum.
1468 2529 1658 2598 itaque
1693 2531 1948 2585 dominus
1969 2540 2051 2585 est

473 2621 895 2677 Fil’iusltominis
911 2624 1069 2675 etiam
1090 2621 1331 2675 Sabbati.
1346 2640 1365 2672 ι
1388 2621 1589 2675 Deinde
1616 2633 1807 2691 quarta
1827 2623 2047 2685 virtute,

475 2718 695 2769 veniunt
761 2724 996 2784 quatuor
1055 2716 1157 2768 viri
1219 2726 1500 2782 portantes
1567 2716 1922 2785 paralytlcum
1995 2714 2048 2768 in

472 2807 698 2876 grabato
735 2820 750 2860 :
784 2805 874 2873 qui
910 2804 1062 2858 turba
1096 2804 1286 2858 oli‘ensi
1312 2804 1519 2856 nudant
1551 2813 1772 2856 tectum.
1808 2802 2048 2868 Quorum

473 2915 569 2969 per
628 2897 790 2951 ﬁdem
856 2896 1204 2951 dimittuntur
1252 2896 1551 2967 paralytico
1606 2904 1828 2963 peccata
1892 2908 1907 2945 :
1955 2892 2046 2961 qui

470 3003 648 3062 portat
672 2992 897 3063 lcctum‘
931 3004 1039 3059 quo
1070 2999 1314 3060 portatus
1334 2998 1440 3053 est,
1476 2997 1533 3041 et
1564 2989 1709 3041 vadit
1737 2987 1789 3039 in
1825 2986 2046 3040 domum

469 3104 624 3144 suam
661 3103 844 3141 coram
890 3085 1164 3139 omnibus.
1207 3083 1480 3155 Paralysis
1524 3090 1705 3136 autem
1756 3089 1918 3150 typus
1963 3088 2049 3133 est

469 3180 715 3250 corporis
754 3196 768 3233 :
801 3193 908 3247 quo
935 3179 1083 3247 piger
1109 3177 1253 3247 jacet
1281 3175 1335 3228 in
1365 3175 1590 3229 mollitia
1616 3172 1820 3236 carnis,
1841 3171 2048 3225 habens

467 3272 801 3328 desiderium
834 3270 1025 3324 salutis
1060 3280 1085 3327 ς
1125 3279 1182 3322 et
1212 3268 1455 3337 corporis
1489 3267 1723 3336 ignavia,
1775 3273 1827 3318 et
1874 3262 2050 3332 duplis

466 3365 913 3436 cogitationibus,
948 3376 1012 3416 ac
1040 3361 1085 3415 si
1122 3373 1413 3415 enervatus
1445 3359 1727 3420 membris,
1762 3356 1994 3411 oil‘endit
2031 3371 2046 3413 :

467 3472 624 3526 quem
658 3463 877 3524 portant
905 3464 1164 3523 quatuor,
1190 3467 1325 3520 quas
1353 3466 1516 3521 supra
1542 3449 1778 3504 diximus
1797 3450 2046 3513 virtutes,

466 3550 533 3603 ad
569 3548 779 3617 tegulas
811 3546 1137 3607 divinitatis,
1167 3555 1221 3597 et
1259 3543 1565 3614 sapientiae,
1603 3543 1656 3596 iu
1684 3543 1842 3597 domo
1866 3541 2048 3597 carnis

467 3642 668 3698 Christi
702 3639 1017 3711 patefactas.
1050 3638 1145 3692 Cui
1177 3638 1294 3691 vice
1318 3636 1799 3703 diciturmuucris,
1828 3644 2050 3704 portare

466 3748 705 3795 carnem,
740 3748 867 3802 qua:
901 3747 957 3784 se
987 3733 1249 3801 portabat
1281 3748 1293 3782 :
1335 3741 1393 3783 ut
1421 3746 1514 3799 per
1543 3728 1699 3781 aliam
1728 3733 1889 3795 viam,
1925 3744 2047 3782 cum

469 3826 638 3893 magis
671 3823 723 3877 in
751 3837 906 3875 suam
944 3826 1129 3875 redeat
1162 3820 1455 3889 regionem.
1486 3818 1625 3873 ~Post
1651 3822 1764 3872 haec
1798 3828 2050 3886 precator

465 3914 593 3969 Levi
632 3913 862 3983 Alphazi.
921 3910 1074 3975 Levi,
1119 3911 1390 3978 oppositus
1446 3910 1841 3978 interpretatur
1890 3923 1906 3963 :
1957 3907 2049 3977 qui

468 4009 659 4063 relicto
736 4004 940 4063 telonio
1006 4005 1351 4071 negotiorum
1431 4001 1801 4065 saecularium,
1870 4000 2047 4054 solum

465 4100 712 4169 sequitur
745 4097 967 4149 verbum
998 4096 1139 4163 quod
1170 4092 1302 4145 dicit
1334 4106 1350 4147 :
1377 4091 1481 4156 Qui
1513 4106 1615 4143 non
1674 4090 2051 4143 renuntiaverit

466 4190 706 4246 omnibus
726 4202 842 4257 quin
880 4186 1134 4254 possidet,
1170 4200 1273 4237 non
1314 4190 1483 4252 potest
1553 4199 1694 4236 meus
1739 4197 1853 4237 esse
1892 4182 2049 4237 disci-

466 4285 622 4353 pulus
658 4279 811 4352 (Luc.
855 4294 967 4345 XIV,
1000 4279 1115 4351 55).

672 4387 676 4391 ’
1064 4368 1297 4426 CAPUT
1354 4368 1441 4423 lll.

2229 1895 2247 1928 ι
2280 1875 2349 1931 Ει
2376 1878 2677 1933 ascendens
2721 1878 2773 1932 in
2821 1887 3086 1947 montem,
3128 1878 3341 1934 vocavit
3384 1877 3445 1931 ad
3482 1891 3535 1930 se
3566 1888 3678 1944 quos

2150 1967 2323 2022 voluit
2354 1970 2492 2039 ipse,
2518 1981 2573 2024 et
2602 1982 2867 2025 venerunt
2898 1971 2964 2024 ad
2998 1986 3148 2025 eum.
3182 1970 3250 2024 Et
3282 1970 3405 2025 fecit
3432 1978 3484 2023 ut
3527 1976 3680 2021 essent

2151 2054 2433 2111 duodecim
2460 2073 2582 2112 cum
2614 2058 2727 2123 illo,
2761 2066 2815 2113 et
2845 2069 2905 2115 ut
2936 2060 3177 2115 mitteret
3209 2075 3301 2115 eos
3321 2061 3604 2130 praedicare.
3628 2054 3679 2108 Et

2152 2143 2299 2199 dedit
2365 2146 2470 2201 illis
2545 2159 2870 2218 poteStatem
2935 2151 3164 2206 curandi
3240 2150 3576 2214 infirmitates,
3636 2158 3679 2202 et

2151 2238 2402 2307 ejiciendi
2449 2241 2738 2297 damnantia.
2798 2241 2864 2297 Et
2924 2243 3184 2314 imposuit
3246 2244 3442 2299 Simoni
3516 2255 3681 2297 nomen

2152 2328 2376 2397 Petrus;
2404 2343 2457 2386 et
2492 2331 2757 2387 Jacohum
2791 2333 3064 2402 Zebedmi,
3102 2345 3157 2391 et
3184 2336 3449 2390 Joannem
3490 2334 3681 2387 fratrem

2148 2420 2340 2478 Jacobi
2389 2440 2404 2479 :
2442 2437 2497 2479 et
2529 2427 2790 2494 imposuit
2819 2428 2909 2480 eis
2945 2428 3162 2483 nomina
3217 2427 3528 2497 Boauerges,
3565 2423 3683 2495 quod

2159 2526 2265 2582 est,
2296 2516 2394 2571 ﬁlii
2428 2518 2689 2585 touitrui;
2722 2529 2774 2573 et
2800 2519 3057 2585 Atlream,
3083 2529 3137 2574 et
3166 2520 3480 2590 Philippum,
3503 2527 3550 2570 et
3571 2514 3683 2567 Bar-

2154 2608 2520 2674 tholomaeum,
2540 2621 2595 2665 et
2622 2610 2948 2677 Matthteum,
2980 2621 3034 2667 et
3062 2610 3349 2679 Thomam,
3371 2621 3420 2667 et
3460 2609 3684 2666 Jacobam

2151 2704 2380 2771 Alphaei,
2412 2716 2464 2757 et
2493 2702 2848 2769 Thaddaeum,
2881 2702 3234 2761 etSimonem
3266 2706 3619 2768 Chauanaeum,
3643 2711 3688 2756 et

2150 2791 2342 2849 Judam
2399 2793 2740 2863 lscariotem,
2801 2795 2893 2863 qui
2938 2805 2993 2851 et
3047 2796 3273 2851 tradidit
3316 2795 3479 2852 illum.
3538 2813 3556 2845 ι
3611 2786 3687 2849 Εςι

2153 2886 2491 2941 consuetudo
2532 2888 2830 2958 Scriptura:
2872 2888 3071 2943 divinae
3117 2888 3406 2958 allegorice
3448 2890 3599 2958 loqui,
3644 2896 3689 2941 et

2151 2994 2275 3033 cum
2303 2980 2447 3033 aliud
2473 2980 2639 3046 dicat,
2662 2980 2807 3035 aliud
2840 2982 2973 3035 velit
2999 2981 3251 3052 intelligi.
3284 2983 3431 3050 Quod
3454 2983 3502 3038 in
3532 2982 3683 3037 Evan-

2151 3071 2307 3139 geliis
2364 3076 2599 3141 positum
2659 3072 2973 3144 frequenter
3025 3074 3273 3132 invenies
3328 3094 3344 3133 :
3409 3075 3495 3131 sed
3560 3074 3690 3128 nobis

2155 3179 2377 3219 necesse
2439 3176 2545 3233 est,
2600 3173 2660 3221 ut
2726 3170 2807 3223 sic
2863 3168 3164 3224 excelsiora
3230 3171 3473 3227 sensibus
3520 3168 3691 3224 nostris

2151 3256 2508 3324 applicemus,
2561 3269 2619 3312 ut
2674 3268 2852 3327 tamen
2896 3268 3093 3316 cuncta
3143 3265 3441 3318 secundum
3491 3261 3690 3316 historiae

2153 3349 2439 3403 veritatem
2470 3363 2760 3407 cernamus
2783 3368 2800 3420 ;
2828 3352 3082 3409 Christus
3105 3355 3252 3409 enim
3288 3356 3436 3411 solus
3468 3354 3692 3425 spiritua-

2152 3441 2276 3497 liter
2312 3456 2468 3497 mons
2509 3453 2595 3499 est
2650 3460 2667 3497 :
2730 3460 2890 3500 mons
2932 3446 3154 3515 quidem
3210 3449 3445 3504 breviter
3485 3463 3511 3502 a
3564 3444 3692 3500 nobis

2152 3533 2421 3600 laudatus,
2440 3536 2536 3591 sed
2556 3536 2863 3593 ctelestium
2888 3554 3065 3594 rerum
3092 3542 3357 3611 qualitate
3382 3543 3623 3612 copiosus,
3642 3552 3693 3591 ex

2152 3642 2262 3697 qtto
2285 3642 2438 3695 aqua;
2456 3627 2590 3683 viva:
2612 3629 2911 3685 decurrunt
2932 3629 3045 3696 ;lac
3064 3632 3117 3686 in
3135 3634 3478 3703 parvulorum
3495 3631 3691 3687 salutem

2153 3729 2525 3789 prs-paratur;
2592 3722 2867 3791 pinguedo
2930 3724 3237 3799 spiritualis
3298 3731 3603 3798 agnoscitur,
3651 3732 3694 3775 et

2151 3814 2415 3883 quidquid
2440 3829 2655 3870 summe
2685 3817 2883 3872 bonum
2916 3817 3184 3885 creditur,
3229 3820 3286 3874 in
3324 3819 3513 3874 montis
3560 3816 3691 3870 istius

2152 3918 2237 3964 est
2266 3908 2439 3979 gratia
2470 3910 2855 3978 constitutum,
2884 3913 2974 3985 qui
3006 3922 3089 3968 est
3130 3929 3293 3972 mons
3343 3916 3610 3978 montium,
3651 3922 3696 3964 et

2154 4010 2511 4057 sanctorum:
2550 4018 2683 4072 quos
2744 4004 2987 4074 quotidie
3038 4008 3105 4061 ad
3153 4022 3215 4064 se
3261 4007 3330 4063 de
3372 4004 3693 4080 praesentibus

2152 4096 2409 4150 aerumnis
2437 4096 2651 4151 invitat.
2680 4096 2733 4151 ln
2758 4108 2995 4154 montem
3022 4111 3293 4156 vocantur
3317 4100 3510 4157 excelsi
3533 4095 3696 4151 merito

2154 4195 2209 4243 et
2238 4188 2428 4254 verbo,
2464 4198 2522 4243 ut
2553 4188 2703 4245 locus
2746 4191 2958 4245 meritis
2987 4205 3257 4263 congruat
3284 4195 3429 4256 altis,
3461 4200 3515 4245 ut
3540 4196 3696 4244 essent

2154 4280 2439 4335 duodecim
2469 4294 2595 4335 cum
2620 4281 2734 4337 illo.
2777 4280 3025 4353 Speciem
3046 4282 3219 4341 Jacob
3253 4287 3442 4339 dilexit
3468 4283 3694 4337 Dominus

2155 4371 2323 4443 (Prol.
2349 4387 2493 4438 ml,
2526 4372 2602 4443 5),
2636 4382 2691 4429 et
2720 4390 2844 4429 cum
2876 4375 3142 4432 divideret
3170 4375 3481 4432 Altissimus
3512 4384 3695 4446 gentes.

548 4486 569 4519 e
602 4466 667 4521 Et
696 4466 942 4522 introivit
982 4465 1174 4519 iterum
1217 4464 1270 4517 in
1318 4476 1667 4532 synagogam,
1721 4467 1775 4515 et
1814 4469 1934 4514 erat
1980 4458 2051 4513 ibi
2083 4469 2130 4527 ι)
2157 4474 2210 4519 et
2237 4473 2520 4535 separaret
2550 4465 2694 4521 tilios
2721 4467 2873 4535 Adae,
2898 4470 3087 4523 statuit
3122 4470 3389 4525 terminos
3413 4464 3695 4538 populorum

467 4561 632 4615 homo
672 4558 878 4613 habens
908 4572 1127 4612 manum
1161 4556 1392 4620 aridam,
1423 4563 1479 4609 et
1499 4553 1867 4609 observabant
1899 4566 2046 4615 eum,

467 4655 512 4707 si
528 4650 781 4706 Sabbaris
801 4659 1035 4714 curaret,
1064 4660 1121 4702 ut
1138 4655 1456 4703 accusarent
1473 4646 1644 4700 illum.
1666 4645 1731 4699 Et
1748 4645 1822 4699 ait
1848 4645 2053 4700 homini

469 4745 687 4801 habenti
720 4758 938 4798 manum
967 4743 1213 4797 aridam:
1241 4741 1413 4811 Surge
1445 4740 1497 4793 in
1532 4739 1793 4793 medium.
1830 4736 1895 4790 Et
1921 4737 2052 4791 dicit

466 4836 547 4892 eis
579 4835 770 4891 :Licet
798 4833 1055 4888 Sabbatis
1081 4832 1419 4896 benefacere,
1458 4845 1527 4885 an
1554 4831 1694 4883 male
1743 4845 1757 4884 :
1813 4829 2051 4881 animam

466 4930 672 4985 salvam
724 4927 921 4992 facere,
976 4941 1043 4979 an
1099 4925 1371 4995 perdere?
1417 4924 1488 4978 At
1536 4923 1609 4978 illi
1662 4923 1933 4977 tacebant.
1985 4919 2055 4975 Et

466 5020 921 5090 circumspiciens
956 5035 1051 5074 eos
1084 5019 1269 5082 inira,
1310 5016 1669 5072 contristatus
1698 5029 1863 5084 super
1892 5013 2051 5068 caeci-

465 5123 578 5166 tate
606 5113 787 5168 cordis
820 5127 1034 5177 eorum,
1064 5111 1198 5166 dicit
1224 5110 1425 5164 homini
1477 5125 1492 5164 :
1533 5106 1781 5163 Extende
1834 5121 2051 5162 manum

468 5218 641 5257 tuam.
678 5202 741 5257 Et
791 5203 1059 5258 extendit.
1094 5201 1159 5255 Et
1201 5202 1448 5255 restituta
1502 5210 1587 5255 est
1640 5215 1831 5253 manus
1880 5199 2049 5254 illius.

467 5296 740 5351 Exeuntes
772 5307 952 5350 autem
984 5294 1267 5360 Pharisaei,
1316 5293 1497 5348 statim
1551 5308 1674 5347 cum
1724 5291 2052 5347 llerodianis

466 5388 752 5443 consilium
805 5389 1078 5443 faciebant
1115 5387 1381 5442 adversus
1420 5401 1568 5450 eum,
1608 5385 1881 5456 quomodo
1925 5399 2050 5439 eum

469 5482 786 5546 perderent.
810 5478 967 5535 Jesus
1001 5490 1181 5533 autent
1211 5494 1331 5534 cum
1364 5477 1649 5548 discipulis
1679 5480 1791 5532 suis
1822 5477 2051 5533 secessit

468 5576 537 5623 ad
572 5586 741 5638 mare,
774 5581 828 5626 et
860 5573 1025 5627 multa
1051 5572 1211 5626 turba
1240 5588 1268 5625 a
1300 5571 1522 5626 Galilaea
1559 5582 1614 5627 et
1647 5571 1828 5627 Judaea
1863 5582 2051 5638 secuta

468 5670 556 5713 est
575 5676 722 5740 eum,
750 5666 889 5717 etab
910 5663 1323 5735 Hierosolymis,
1350 5673 1406 5718 et
1427 5666 1495 5719 ab
1523 5664 1779 5731 Idumam,
1817 5673 1871 5717 ct
1900 5675 2052 5718 trans

466 5750 760 5809 Jordunem
777 5767 805 5814 ;-
826 5763 882 5809 et
909 5755 1001 5825 qui
1024 5755 1168 5810 circa
1187 5758 1391 5828 Tyrum
1411 5765 1462 5811 et
1484 5753 2049 5829 Sidouemmultitudo

2156 4556 2310 4626 juxta
2341 4572 2631 4613 numerum
2656 4558 2892 4615 filiorum
2925 4561 3094 4616 Israel
3119 4561 3299 4632 (Deut.
3333 4576 3497 4627 XXXII,
3530 4559 3579 4628 8)
3614 4565 3699 4612 :Itt

2155 4650 2263 4705 sint
2288 4651 2389 4719 ipsi
2416 4666 2581 4721 super
2615 4653 2840 4709 thronos
2893 4654 3203 4716 duodecim,
3237 4654 3544 4722 judicantes
3582 4651 3699 4703 duo-

2156 4741 2329 4796 decim
2363 4744 2536 4798 tribus
2566 4743 2730 4797 Israel
2753 4743 3106 4815 (Matutam.
3135 4746 3263 4815 28):
3293 4746 3486 4814 quibus
3514 4744 3703 4796 dataest

2156 4842 2420 4903 potestas,
2461 4852 2624 4906 quam
2675 4836 2849 4893 Filius
2894 4853 2926 4891 a
2978 4836 3142 4892 Patre
3179 4839 3392 4911 accepit
3435 4834 3699 4891 secundum

2160 4941 2411 4994 carnem,
2444 4940 2501 4982 ut
2528 4944 2696 4999 opera
2725 4946 2846 4999 qua:
2882 4931 2994 5000 ipse
3022 4930 3172 4994 fecit,
3200 4939 3253 4985 et
3294 4930 3400 5000 ipsi
3434 4927 3703 4985 faciant,et

2159 5022 2362 5090 majora
2396 5020 2590 5075 horum
2626 5021 2830 5077 faciant
2857 5021 3042 5093 (Joan.
3079 5038 3191 5090 ιη,
3232 5023 3346 5092 12).
3373 5022 3440 5076 Ει
3483 5012 3703 5086 imposuit

2159 5108 2609 5164 Simoni‘nomcn
2659 5109 2871 5166 Petrus.
2914 5112 2992 5166 De
3037 5113 3349 5166 obedientia
3381 5106 3611 5164 ascendit
3647 5102 3703 5153 ad

2160 5200 2487 5269 agnitionem
2524 5218 2537 5254 :
2575 5201 2680 5267 Qui
2700 5201 2837 5256 enim
2865 5202 3019 5256 habet
3039 5201 3253 5256 dabitur
3269 5202 3340 5265 ei,
3370 5208 3419 5253 et
3441 5190 3702 5251 abundabit

2159 5288 2380 5358 (Matth.
2402 5308 2520 5354 χιιι,
2552 5291 2639 5362 l2)
2662 5311 2674 5345 :
2695 5291 3046 5360 etJacobutn,
3078 5293 3171 5363 qui
3203 5292 3540 5362 supplantata
3564 5286 3705 5341 habet

2158 5393 2273 5438 tota
2295 5384 2562 5440 desideria
2584 5385 2787 5453 carnis,
2810 5396 2866 5440 et
2891 5385 3183 5455 Joannem,
3198 5385 3287 5455 qui
3312 5384 3486 5455 gratia
3502 5376 3703 5444 accepit.

2160 5478 2305 5545 quod
2348 5477 2439 5532 alii
2496 5492 2593 5548 per
2643 5480 2884 5534 laborem
2938 5489 3125 5534 tenent
3179 5495 3194 5534 :
3244 5488 3302 5533 et
3350 5472 3597 5546 imposuit
3637 5467 3704 5521 eis

2159 5569 2381 5624 nomina
2418 5567 2743 5642 Bonnerges,
2779 5572 2921 5642 quod
2952 5578 3035 5627 est
3095 5570 3197 5640 ﬁlii
3219 5568 3702 5633 tonitrui:quorum

2159 5663 2323 5717 trium
2361 5663 2591 5719 sublime
2622 5665 2897 5733 meritum,
2931 5665 2985 5721 in
3022 5675 3203 5721 monte
3259 5669 3497 5717 meretur
3540 5650 3703 5710 audire

2160 5755 2459 5814 tonitruum
2486 5756 2687 5826 Patris,
2728 5773 2825 5829 per
2870 5758 3070 5815 nubem
3122 5758 3188 5814 de
3235 5751 3375 5810 Filio
3419 5743 3637 5809 tonantis
3688 5755 3702 5794 ς

3863 0 3865 25 l

3864 274 3865 313 l
