3946 6206
294 307 403 387 ωι
1425 283 1840 379 sitpost'rio
1885 291 1974 376 Iit
2014 282 2074 376 s.
2119 278 2470 375 manebit.
2886 393 2892 404 ‘
2949 278 2982 400 ί
3123 397 3126 400 ὶ
3459 289 3596 364 sea.

297 432 404 488 Hic
432 444 511 488 est
544 414 718 487 Filius
761 425 904 484 meite
935 409 1156 484 dilectus
1182 425 1401 501 (Matth.
1423 445 1559 496 xvn,
1587 430 1665 501 5),
1699 437 1760 483 ut
1795 443 1890 496 per
1919 437 1966 492 Α
1997 426 2259 481 vitentur.
2287 421 2381 479 lite
2403 430 2530 478 sunt
2565 419 2849 475 duodecim
2865 418 3185 475 dill‘erentia:
3198 424 3563 488 apostolorum

293 527 498 583 nubem
537 525 738 591 carnis,
773 535 827 579 et
855 524 957 594 ipsi
987 522 1380 592 ignemcverbl,
1408 538 1472 578 ac
1501 525 1548 578 si
1580 524 1796 594 fulgura
1827 522 1880 577 in
1986 527 2042 574 et
2067 517 2486 586 praedicatorum
2525 532 2539 568 :
2575 512 2668 584 qui
2701 513 2862 580 terni,
2895 511 3150 583 quaterni
3201 510 3346 566 circa
3389 509 3568 563 taber-

289 621 532 690 pluviam
563 626 890 688 spargerent
916 617 970 670 in
993 616 1158 672 terris
1181 633 1196 669 ε
1219 614 1475 685 quaniam
1500 615 1642 670 Deus
1669 615 1882 684 fulgura

291 712 350 764 in
382 710 620 780 pluviam
641 709 773 762 fecit
799 726 812 762 :
841 717 902 760 ut
939 707 1258 777 exstinguat
1287 707 1688 768 misericordia,
1739 705 1881 772 quod

287 802 560 872 judicium
581 799 769 856 inurit.
791 795 944 855 Unde
971 800 1237 868 propheta
1260 799 1390 852 dicit
1421 792 1884 852 :Misericordiam

291 907 346 949 et
368 895 633 964 judicium
660 892 886 946 cantabo
914 890 1032 956 tibi,
1070 889 1294 944 Domine
1349 889 1530 960 (l’sal.
1575 883 1628 952 c,
1691 879 1764 958 l).
1819 888 1884 942 Et

296 989 596 1049 Andream,
622 985 715 1054 qui
750 984 892 1038 virili
930 981 1101 1036 ferma
1128 984 1239 1036 vim
1273 980 1402 1037 facit
1424 981 1716 1052 perditioni
1747 996 1882 1042 sum,

295 1087 358 1130 ut
377 1089 700 1145 responsum
731 1073 924 1128 mortis
945 1073 998 1127 in
1027 1083 1088 1128 se
1111 1087 1329 1140 semper
1358 1072 1559 1126 habeat
1589 1087 1605 1126 :
1630 1081 1684 1126 et
1705 1066 1884 1124 anima

296 1173 420 1238 ejus
451 1169 524 1224 sit
553 1175 768 1236 semper
800 1167 854 1220 in
888 1165 1142 1219 manibus
1165 1165 1302 1219 suis.
1343 1163 1407 1218 Et
1442 1163 1771 1233 Philippum,
1792 1163 1883 1232 qui

299 1270 388 1316 est
420 1277 477 1313 os
507 1258 769 1327 lampadis
816 1273 835 1313 :
869 1257 960 1326 qui
996 1257 1303 1310 illuminare
1352 1266 1534 1326 potest
1581 1271 1698 1319 ore,
1743 1255 1886 1324 quod

302 1351 470 1406 corde
501 1349 773 1416 concepit.
804 1348 901 1404 Cui
938 1347 1092 1403 dedit
1116 1347 1379 1401 Dominus
1409 1345 1747 1416 apertionem
1775 1345 1886 1400 oris

304 1441 617 1494 illuminati.
647 1437 862 1493 Scimus
888 1438 1032 1492 hunc
1052 1437 1270 1490 modum
1293 1436 1580 1490 locutionis
1605 1436 1885 1503 proprium

306 1532 714 1601 Scripturarum
744 1545 869 1586 esse
896 1531 1224 1594 divinarum,
1258 1527 1477 1598 quando
1529 1526 1883 1582 Hebramrum

303 1623 526 1677 nomina
573 1623 638 1675 ad
680 1621 894 1690 aliquod
939 1619 1257 1692 mysterium
1304 1617 1716 1688 signiﬁcationis
1761 1624 1890 1670 sunt

304 1715 482 1782 posita
537 1731 552 1768 :

619 1713 766 1783 quod
830 1727 974 1768 nunc
1033 1711 1374 1780 Evangelista
1415 1726 1478 1762 ex
1519 1709 1616 1762 Dei
1656 1723 1886 1778 persona
1923 1757 1929 1783 ἱ

1989 603 2240 662 naculum
2267 604 2481 658 Domini
2511 603 2785 658 excubant
2815 617 2832 660 :
2859 611 2913 656 et
2939 611 3128 656 sancta
3155 596 3371 654 Domini
3401 602 3566 653 verba

1989 698 2230 753 humeris
2252 695 2485 766 operum
2514 693 2745 764 pr0priis
2774 701 2994 762 portant
3025 705 3044 748 :
3073 703 3131 744 ut
3154 689 3564 744 tabernaculum

1989 805 2153 844 unum
2193 785 2570 844 mansionibus
2585 787 2770 842 multis
2801 785 2866 840 ad
2899 785 3096 841 t‘erram
3127 777 3570 851 repromissionis

1987 885 2207 954 po’rtent
2233 898 2405 954 :quos
2420 884 2580 937 unius
2593 880 2898 948 exemplum
2925 879 2991 932 ad
3021 871 3267 932 timerem
3293 873 3567 930 humiliat.

1989 987 2051 1032 ut
2121 977 2342 1047 angelos
2401 975 2640 1031 Luciferi
2709 975 2854 1028 illius
2917 987 3078 1027 casus
3140 976 3449 1031 conservet,
3512 975 3572 1018 ut

1989 1075 2098 1124 non
2142 1056 2407 1140 glorietur
2445 1070 2665 1139 sapiens
2704 1067 2756 1120 in
2798 1061 3072 1140 sapientia
3114 1077 3212 1116 sua
3263 1071 3278 1115 τ
3329 1057 3424 1115 sed
3477 1058 3569 1128 qui

1988 1134 2271 1233 gloria—tur,
2307 1165 2358 1216 in
2387 1134 2616 1216 Domino
2671 1147 2932 1231 glorietur
2961 1142 3011 1226 (l
3037 1134 3163 1212 Cor.
3194 1169 3234 1220 ι,
3269 1153 3360 1218 9.9,
3392 1147 3504 1223 3t).

2066 1245 2166 1307 «Ei.
2201 1249 2426 1308 veniunt
2455 1254 2520 1308 ad
2545 1255 2791 1318 domum,
2813 1251 2868 1307 et
2888 1251 3144 1306 convenit
3169 1247 3364 1303 iterum
3390 1244 3566 1304 turba,

1993 1343 2068 1398 ita
2091 1356 2272 1397 utnon
2301 1353 2526 1412 possent
2555 1357 2729 1412 neque
2753 1356 2945 1410 panem
2970 1335 3329 1393 manducare:
3356 1343 3411 1388 tt
3439 1349 3562 1388 cum

1993 1435 2273 1490 audissent
2303 1434 2672 1498 sui,exieruitt
2707 1429 2894 1486 tenere
2918 1429 3062 1486 eum.
3105 1429 3370 1484 Dicebant
3391 1427 3562 1489 enim,

1993 1525 2255 1592 qtiouiam
2297 1523 2350 1577 iri
2409 1525 2650 1578 furorem
2699 1533 2892 1576 Versus
2948 1513 3052 1574 esi.
3111 1517 3178 1572 Et
3213 1517 3441 1581 Scrihm,
3478 1515 3569 1584 qui

1995 1619 2062 1672 ab
2137 1616 2532 1686 [lieresolymis
2587 1613 3031 1677 descenderant,
3091 1610 3380 1672 dicebant,
3441 1623 3575 1677 quo-

1999 1707 2142 1760 niam
2186 1706 2494 1760 Beelzebub
2540 1705 2752 1759 habet:
2785 1713 2839 1760 et
2881 1704 3009 1774 quia
3060 1702 3111 1755 in
3161 1701 3402 1770 principe
3469 1701 3575 1752 dte-

304 1793 657 1858 vehementer
683 1803 944 1857 aﬂ'ectans
979 1801 1280 1856 interserit.
1315 1799 1380 1854 Et
1407 1799 1886 1862 Bartholomaeum,
1923 1771 1964 1828 Β
1995 1799 2302 1853 mouiorum
2331 1799 2481 1867 ejicit
2532 1796 2825 1852 dmrnonia.
2874 1796 2944 1850 Et
2994 1792 3310 1848 convocatis
3351 1792 3430 1846 eis
3465 1827 3479 1858 ,
3517 1791 3572 1844 in

299 1894 396 1964 qui
428 1893 575 1963 ﬁlius
611 1903 690 1947 est
717 1894 1082 1962 suspend‘entis
1123 1909 1313 1962 aquas.
1354 1892 1418 1945 Et
1452 1892 1576 1960 quis
1606 1901 1692 1945 est
1747 1891 1891 1946 illius

297 1985 693 2055 suspendentis
737 2001 928 2054 aquas,
969 1985 1075 2040 nisi
1118 1986 1211 2055 qui
1261 1985 1395 2038 dixit
1446 2000 1461 2037 :
1515 1987 1582 2038 Et
1632 1985 1893 2038 mandabo

302 2077 528 2131 nubibus
545 2079 674 2132 meis
693 2093 756 2132 ne
772 2077 959 2144 pluunt
975 2093 1134 2143 super
1153 2091 1269 2130 eam
1301 2077 1521 2130 imbrem
1541 2075 1682 2143 (Isa.
1715 2092 1764 2143 v,
1793 2077 1848 2147 6)
1873 2076 1897 2130 τ

304 2164 518 2221 Nomen
582 2181 716 2221 vero
761 2167 858 2221 lilii
912 2165 1031 2230 Dei,
1085 2181 1185 2237 per
1225 2181 1411 2236 pacem
1446 2177 1498 2222 et
1546 2165 1892 2222 dilectionem

303 2258 608 2324 acquiritur
637 2258 866 2313 inimici.
895 2257 1049 2313 Beati
1077 2258 1221 2312 enim
1248 2257 1483 2327 paciﬁci,
1511 2259 1764 2328 quoniam
1792 2257 1896 2327 ﬁlii

307 2349 408 2404 Dei
437 2361 555 2404 sunt
583 2348 797 2420 (Matth.
829 2366 883 2416 v,
917 2350 1010 2421 9);
1042 2360 1119 2415 et,
1149 2351 1365 2421 Diligite
1397 2351 1640 2405 inimicos
1674 2360 1893 2414 vestros,

304 2452 368 2496 ut
424 2443 543 2497 sitis
578 2442 681 2511 ﬁlii
726 2441 846 2509 Dei,
891 2453 950 2497 et
1004 2441 1214 2511 reliqua
1271 2441 1446 2512 (Ibid.
1496 2442 1586 2509 M,
1648 2443 1763 2514 45).
1828 2444 1898 2498 Et

309 2533 648 2600 lautianm,
674 2535 766 2604 qui
801 2542 888 2590 est
916 2537 1170 2601 donatus,
1191 2536 1280 2590 cui
1319 2535 1555 2591 donatur
1581 2551 1614 2590 a
1643 2536 1896 2602 Domino,

311 2637 374 2681 ut
397 2641 504 2682 non
529 2627 704 2682 solum
742 2627 1121 2683 remissionem
1151 2639 1505 2696 peccaturum
1537 2627 1896 2698 adipiscatur,

313 2719 416 2773 sed
440 2719 494 2772 in
533 2731 764 2774 numero
801 2717 1115 2774 ascribatur
1141 2719 1512 2786 apostolorum
1553 2735 1568 2771 :
1611 2702 1670 2774 ut
1718 2721 1804 2774 leo
1843 2729 1900 2775 et

309 2811 415 2866 bos
439 2811 599 2866 simul
625 2811 938 2876 comedant,
961 2821 1016 2866 et
1043 2811 1200 2880 lupus
1227 2826 1350 2867 cum
1373 2827 1516 2883 agno
1533 2823 1812 2882 pascatur.
1831 2811 1898 2868 Et
1937 2845 1940 2848 ~

311 2899 606 2968 Thomam,
664 2903 760 2974 qui
816 2913 905 2958 est
944 2904 1188 2974 abyssus.
1237 2903 1390 2958 Multi
1439 2904 1585 2958 enim
1629 2905 1895 2973 profunda

309 2995 552 3050 scientes
575 2994 696 3058 Dei,
731 2995 954 3050 minime
979 2996 1290 3066 proferunt,
1319 3005 1378 3051 ut
1407 2997 1602 3051 Paulus
1633 2999 1710 3051 ait
1739 2997 1896 3053 :Scio

1998 1891 2270 1964 parabolis
2309 1891 2523 1948 dicebat
2563 1891 2714 1944 illis:
2759 1889 3045 1955 Quomodo
3095 1894 3275 1958 potest
3337 1883 3572 1939 S-tlauas

1999 1980 2264 2040 Satanam
2315 1973 2655 2055 ejicere?Et
2686 1983 2728 2036 Si
2781 1992 3010 2049 regnum
3069 1978 3121 2032 in
3172 1993 3230 2032 se
3277 1977 3574 2036 dividatur,

1997 2094 2107 2136 non
2144 2089 2326 2149 potest
2357 2093 2587 2147 regnum
2636 2075 2772 2130 illud
2803 2084 2972 2130 stare.
2999 2072 3065 2126 Et
3089 2073 3132 2126 si
3169 2073 3362 2126 damus
3413 2082 3579 2140 super

1997 2171 2348 2240 semetipsum
2409 2167 2792 2238 dispertiatur.
2833 2181 2943 2221 non
3000 2172 3176 2234 potest
3230 2163 3426 2218 domus
3484 2161 3575 2216 illa

1998 2275 2190 2320 stare:
2229 2274 2284 2318 et
2324 2264 2370 2318 'si
2414 2263 2650 2317 Satanas
2682 2259 3097 2316 consurrexerit
3121 2259 3174 2312 in
3200 2251 3576 2326 semetipsum.

1999 2358 2321 2426 dispertitus
2373 2365 2461 2412 est
2504 2371 2521 2412 :
2563 2365 2621 2411 et
2661 2371 2770 2410 non
2824 2354 3028 2422 poterit
3079 2361 3248 2420 stare,
3277 2352 3375 2406 sed
3413 2351 3575 2405 ﬂuent

1999 2442 2187 2499 habet.
2218 2441 2391 2498 Nemo
2417 2444 2602 2513 pateat
2625 2457 2754 2500 vasa
2781 2437 2939 2498 l'or'tis
2963 2443 3242 2513 ingressus
3271 2442 3324 2495 in
3357 2441 3576 2496 domum

1999 2536 2262 2606 diripere,
2302 2529 2410 2592 nisi
2441 2535 2594 2606 prius
2619 2533 2821 2592 fortem
2856 2529 3042 2606 alliget
3076 2544 3173 2589 :et
3203 2537 3330 2588 tunc
3358 2533 3578 2588 domum

1999 2629 2118 2698 ejus
2173 2627 2421 2698 diripiet.
2466 2627 2644 2682 Ai'uen
2698 2628 2822 2683 dico
2877 2627 3058 2694 vobis,
3102 2625 3361 2696 quoniam
3395 2624 3579 2680 omnia

2000 2720 2349 2775 dimittentur
2381 2719 2508 2774 liliis
2541 2717 2821 2774 hominum
2867 2729 3086 2789 peccata
3117 2729 3174 2773 et
3200 2715 3575 2788 blasphemia.

1999 2811 2198 2880 quibus
2252 2809 2792 2878 blaSphemaverunt.
2849 2827 2868 2862 ι
2935 2803 3036 2862 Hic
3093 2808 3312 2878 prpprie
3365 2806 3582 2860 Marcus

2000 2899 2298 2954 convenire
2335 2897 2552 2962 Jesum,
2580 2912 2704 2954 cum
2739 2898 3023 2968 discipulis
3074 2900 3191 2953 suis
3238 2898 3306 2950 ad
3357 2901 3578 2950 domum

2000 3002 2190 3045 narrat
2220 3007 2235 3044 :
2265 2998 2321 3046 et
2369 2991 2567 3046 iterum
2621 2992 2830 3058 turh'as,
2867 2995 2923 3044 tit
2958 2995 3064 3044 n‘on
3117 2993 3339 3058 possent
3385 3003 3578 3057 panem

309 3089 595 3152 hominem,
617 3099 674 3143 et
695 3089 902 3158 reliqua
933 3101 950 3144 :
977 3104 1168 3158 usque,
1193 3105 1310 3159 qua:
1329 3105 1432 3142 non
1459 3090 1578 3142 licet
1602 3090 1897 3145 [taminiam
1925 3117 1971 3178 ο
2003 3084 2357 3150 manducare,
2373 3083 2695 3138 eouvenisse
2729 3085 3145 3137 commemorat.
3176 3079 3242 3133 ιςι
3284 3080 3584 3148 discipulos

307 3180 457 3248 loqui
487 3176 574 3247 (ll
613 3178 736 3233 Cor.
766 3195 866 3243 ιιι.
890 3180 927 3233 2
960 3177 1126 3250 seqq).
1168 3181 1238 3236 Et
1267 3179 1534 3236 Jacobnm
1570 3183 1804 3252 Alpha-i,
1843 3185 1896 3238 id

309 3282 399 3326 est
447 3271 588 3325 docti
608 3273 694 3326 vel
721 3272 1014 3327 millesimi.
1041 3273 1214 3343 Cujus
1245 3288 1274 3328 a
1302 3275 1470 3328 latere
1499 3276 1706 3330 cadunt
1727 3278 1892 3345 mille,

308 3373 366 3418 et
390 3362 578 3417 decem
613 3364 780 3418 millia
809 3379 842 3418 a
883 3365 1096 3419 dextris
1136 3365 1281 3436 ejus.
1331 3365 1569 3422 Iacobus
1607 3369 1768 3434 alter,
1808 3370 1898 3423 cui

311 3453 625 3512 colluctatio
660 3474 766 3512 non
807 3467 882 3512 est
932 3458 1186 3512 adversus
1217 3474 1428 3514 carnem
1468 3469 1520 3513 et
1562 3462 1896 3532 sanguinem,

311 3553 408 3607 sed
427 3553 674 3606 adversus
693 3552 1000 3623 spirituales
1027 3553 1293 3621 nequitias
1325 3551 1546 3624 (Ephes.
1576 3565 1652 3616 Vt,
1689 3556 1799 3624 12).
1835 3553 1901 3610 Et

318 3644 787 3712 Thaddteum,qui
800 3652 886 3700 est
922 3643 1214 3704 corculum.
1243 3642 1295 3698 id
1319 3653 1428 3709 est,
1459 3644 1643 3699 cordis
1673 3647 1850 3699 cultor
1880 3658 1900 3700 :

314 3739 412 3807 qui
442 3747 730 3792 conservat
762 3752 858 3792 cor
905 3751 1066 3792 suum
1119 3737 1268 3790 omni
1315 3738 1586 3792 custodia.
1632 3735 1898 3792 Munditia

311 3830 742 3899 nasuquccordis
762 3829 904 3885 Deus
932 3829 1166 3894 videtur,
1189 3839 1248 3882 ut
1273 3843 1372 3898 per
1407 3829 1606 3884 vitrum
1639 3830 1897 3886 mundum

313 3918 492 3974 [orata
509 3919 816 3974 ostenditur
829 3934 1110 3989 expressa.
1127 3920 1194 3976 Et
1207 3919 1491 3992 Simonem
1509 3920 1898 3987 Chananaeum,

315 4014 412 4080 qui
451 4022 507 4067 et
534 4013 758 4068 zelotes.
788 4013 1000 4079 Simon,
1036 4030 1232 4080 ponens
1265 4015 1546 4069 tristitiam
1576 4016 1900 4084 interpreta-

316 4113 432 4166 tur,
457 4103 612 4158 Beati
639 4121 876 4175 namque
916 4108 1007 4176 qui
1051 4107 1230 4177 lugent
1275 4121 1295 4160 :
1338 4107 1592 4176 quoniam
1631 4107 1730 4176 ipsi
1769 4123 1900 4161 con-

314 4196 634 4249 solabuntur
665 4196 883 4266 (Matth.
922 4212 974 4264 v,
1024 4199 1100 4269 5).
1151 4198 1383 4252 Trinum
1432 4202 1637 4254 luctum
1692 4199 1900 4270 implet,

315 4292 414 4358 qui
448 4290 876 4346 consolationem
916 4291 1154 4345 futuram
1200 4292 1417 4362 quaerit.
1465 4289 1637 4346 Delet
1679 4301 1901 4362 peccata

315 4384 540 4452 propria
559 4398 682 4437 cum
706 4383 874 4437 David
903 4395 960 4438 et
981 4383 1146 4438 Maria
1173 4401 1187 4449 ;
1219 4384 1311 4438 llet
1342 4398 1466 4438 cum
1495 4385 1750 4440 ﬂentibus
1773 4399 1898 4440 cum

2003 3187 2248 3248 putasse,
2279 3176 2424 3246 quod
2457 3177 2510 3229 in
2542 3175 2784 3230 furorem
2813 3179 3144 3237 verteretur,
3179 3173 3307 3242 quia
3351 3171 3580 3236 Scribw,

2003 3271 2096 3342 qui
2146 3270 2218 3324 ab
2264 3267 2658 3338 Hierosolymis
2697 3275 2982 3332 venerant,
3009 3265 3266 3320 dicebant
3298 3283 3314 3321 ς
3351 3262 3544 3320 Beelze

2005 3363 2115 3420 bub
2148 3355 2335 3419 habet.
2369 3360 2519 3417 Sicut
2567 3361 2882 3416 exaltantur
2922 3361 3035 3414 caeli
3069 3369 3262 3413 aterra
3288 3376 3307 3414 :
3335 3359 3411 3414 sic
3441 3357 3585 3414 exal-

2003 3465 2129 3511 tattz
2155 3467 2273 3510 sunt
2317 3457 2413 3510 viis
2438 3454 2651 3509 Domini
2676 3459 2708 3508 tt
2740 3456 2838 3510 viis
2869 3456 3065 3508 nostris
3101 3451 3245 3526 (Isa.
3275 3469 3365 3517 LV,
3398 3451 3479 3523 9).
3509 3450 3583 3508 A-l

2005 3551 2110 3604 hoc
2156 3563 2390 3619 namque
2438 3550 2605 3612 venit,
2662 3550 2809 3614 quod
2864 3547 3072 3604 audivit
3119 3558 3176 3604 et
3225 3550 3451 3616 patitur,
3484 3551 3578 3618 qui

2007 3644 2165 3698 nobis
2211 3643 2392 3697 dicit:
2433 3642 2592 3697 Beati
2633 3643 2782 3696 eritis
2831 3655 2952 3696 cum
3011 3643 3386 3696 maledixerint
3440 3641 3584 3695 vobis

2004 3731 2264 3801 homines,
2300 3742 2355 3790 et
2400 3735 2632 3804 reliqua,
2669 3748 2866 3803 usque,
2899 3748 3096 3788 merces
3137 3743 3314 3788 vestra
3357 3733 3413 3786 in
3443 3735 3584 3788 calis

2006 3827 2229 3900 (Matth.
2255 3839 2308 3893 v,
2344 3829 2432 3896 tl,
2465 3827 2577 3898 12).
2616 3827 2816 3884 Domus
2851 3828 2921 3882 ad
2978 3842 3142 3897 quam
3191 3829 3434 3892 veniunt,
3467 3831 3582 3897 prie

2008 3922 2195 3977 mitiva
2223 3929 2312 3977 est
2349 3919 2621 3996 Ecclesia.
2648 3911 2846 3976 Turba:
2876 3935 2998 3990 quae
3049 3920 3356 3988 impediunt
3387 3936 3581 3990 panem

2006 3995 2358 4081 tuanducare,
2391 4023 2611 4082 peccata
2645 4003 2704 4068 et
2753 4014 2884 4068 vitia
2925 4023 3054 4068 sunt
3090 4029 3108 4069 ;
3139 4015 3264 4084 quia
3291 3995 3389 4084 'qui
3431 4030 3582 4066 man-

2003 4105 2164 4160 ducat
2195 4106 2431 4178 indigne,
2450 4105 2721 4178 judicium
2752 4108 2851 4162 sibi
2891 4109 3181 4163 manducat
3223 4119 3272 4164 et
3298 4109 3447 4175 bibit,
3478 4125 3584 4162 nat

2005 4201 2311 4270 dijudicans
2364 4197 2552 4270 corpus
2598 4192 2818 4274 Domini
2877 4200 2924 4272 (1
2974 4200 3101 4258 Cor.
3149 4217 3226 4267 xt,
3272 4200 3386 4271 27).
3435 4198 3588 4254 Unde

2007 4293 2272 4348 Dominus
2318 4295 2372 4347 in
2427 4291 2672 4348 furorem
2731 4297 3003 4358 vertitur,
3057 4307 3180 4349 cum
3236 4294 3420 4349 dicit:
3466 4293 3586 4346 Νέιὶ

2011 4385 2463 4439 manducaveritis
2520 4393 2732 4438 carnem
2774 4379 2905 4438 Filii
2954 4385 3206 4450 hominis,
3241 4395 3296 4440 et
3353 4383 3583 4454 reliqua,

317 4474 494 4531 Paulo
532 4486 628 4530 :et
655 4476 748 4531 tlet
774 4475 1002 4531 multum
1035 4491 1157 4530 eum
1181 4474 1415 4540 Joanne,
1436 4476 1527 4545 qui
1552 4476 1766 4530 dicebat
1801 4473 1898 4530 :Et
1929 4479 1982 4541 ι)
2011 4491 2206 4546 usque,
2239 4483 2347 4529 non
2373 4475 2632 4530 habebitis
2663 4479 2828 4529 vitam
2859 4476 2913 4529 in
2939 4477 3078 4530 vobis
3112 4473 3294 4544 (Joan.
3319 4490 3392 4538 vt,
3432 4476 3546 4544 54).

317 4583 414 4636 ego
440 4566 636 4634 ﬂebam
661 4566 890 4636 multum
923 4581 941 4618 :
970 4565 1098 4636 quia
1129 4581 1278 4618 nemo
1310 4567 1502 4634 dignus
1550 4566 1790 4619 inventus
1825 4575 1901 4619 est

317 4634 410 4726 qui
439 4659 668 4728 aperiret
700 4634 915 4718 librum,
940 4634 991 4710 et
1010 4657 1226 4711 solveret
1265 4655 1542 4723 signacula
1576 4659 1690 4722 eius
1717 4658 1901 4725 (Apoc.

321 4757 381 4816 v,
402 4752 480 4819 ὁ).
507 4749 721 4805 Zetotes
751 4759 931 4804 autem
965 4750 1186 4808 dicitur.
1218 4764 1379 4819 quem
1411 4749 1560 4804 zelus
1589 4749 1784 4805 domus
1812 4750 1905 4805 Dei

321 4843 564 4896 comedit
598 4859 613 4896 :
647 4853 704 4896 ut
723 4843 960 4898 Phinees
985 4843 1266 4908 sacerdos,
1295 4852 1353 4897 ut
1384 4851 1562 4898 cesset
1604 4847 1904 4914 quassatio.

321 4931 396 4988 Et
418 4931 616 4988 ludam
644 4935 983 5003 lseariotem,
1018 4939 1110 5006 qui
1146 4938 1370 4991 tradidit
1406 4937 1558 4990 illum
1587 4951 1602 4990 :
1657 4939 1748 5006 qui
1801 4953 1907 4990 non

321 5027 473 5082 delet
501 5038 780 5097 peccatum
807 5045 966 5082 suum
1007 5044 1102 5098 per
1129 5027 1503 5098 ptrnitentiam
1560 5041 1574 5081 ε
1627 5041 1726 5082 nec
1779 5027 1909 5081 illud

325 5118 544 5172 deletur
579 5135 676 5186 per
703 5122 1045 5174 memoriam.
1098 5117 1255 5173 Unde
1297 5123 1362 5172 de
1404 5134 1468 5173 eo
1525 5119 1726 5173 dicitur
1784 5131 1800 5174 :
1844 5115 1912 5170 Et

321 5225 602 5280 peccatum
659 5213 846 5264 matris
903 5211 1018 5278 ejus
1073 5229 1172 5266 non
1207 5213 1467 5267 deleatur.
1516 5211 1678 5266 Fiant
1731 5223 1914 5266 contra

333 5303 627 5358 Dominum
653 5321 856 5372 semper
885 5305 1054 5374 (Psal.
1085 5320 1237 5372 cvm,
1265 5307 1353 5370 i4,
1379 5303 1492 5377 15).
1521 5305 1711 5372 Judas,
1746 5305 1916 5368 conﬁ-

329 5408 475 5460 tens,
507 5397 589 5450 vel
616 5395 882 5465 gloriosus
917 5396 1336 5464 interpretatur.
1385 5395 1665 5452 lscariotis
1709 5406 1912 5460 autem,

325 5491 594 5543 actuaria
654 5488 863 5542 mortis.
905 5488 1270 5543 Cout'essores
1287 5497 1416 5542 sunt
1439 5489 1593 5541 multi
1641 5489 1694 5541 in
1727 5487 1916 5543 Eccle-

327 5584 422 5638 sia
475 5583 695 5651 superbi
755 5594 810 5636 et
857 5582 1082 5652 gloriosi
1130 5597 1146 5638 ε
1197 5596 1432 5650 quorum
1477 5583 1686 5650 primus
1727 5581 1918 5636 Simon

326 5675 548 5744 Magos,
607 5685 663 5730 et
727 5676 912 5740 Arius,
983 5685 1040 5730 et
1103 5675 1283 5728 cmteri
1356 5673 1624 5738 heretici,
1687 5689 1918 5742 quorum

331 5769 606 5831 snt-usuris:
632 5769 878 5826 mortalis
911 5768 1031 5823 ideo
1053 5767 1106 5823 in
1133 5765 1376 5824 Ecclesia
1399 5767 1724 5835 celebratur,
1748 5778 1808 5823 ut
1827 5769 1920 5824 dc-

2090 4586 2109 4620 s
2143 4568 2247 4636 Qui
2289 4573 2469 4622 autem
2517 4569 2973 4638 blaSphcmaverit
3020 4568 3071 4622 in
3127 4567 3390 4637 Spiritum
3457 4583 3587 4622 san-

2009 4670 2183 4722 ctum,
2220 4677 2323 4715 non
2357 4659 2526 4716 habet
2551 4659 2926 4716 remissionem
2947 4659 3300 4726 ina-ternum,
3335 4661 3430 4715 scd
3460 4677 3585 4715 reus

2011 4753 2116 4809 erit
2161 4755 2350 4809 aeterni
2401 4753 2588 4808 delicti
2637 4767 2655 4806 ς
2715 4755 2971 4822 quoniam
3023 4755 3300 4819 dicebant,
3337 4754 3584 4822 spiritum

2014 4845 2352 4904 immundum
2386 4847 2574 4901 habet.
2607 4864 2626 4896 ι
2657 4845 2792 4912 Quia
2812 4861 2921 4901 non
2946 4859 3182 4910 meretur
3212 4847 3586 4915 posuitentiam

2016 4953 2203 5008 agere,
2250 4949 2308 4991 ut
2359 4938 2700 5007 recipiatur,
2730 4940 2852 5008 qui,
2911 4937 3189 4994 Christum
3257 4940 3583 5008 intelligens,

2015 5031 2318 5101 principem
2354 5022 2762 5084 daemoniorum
2803 5046 2924 5086 esse
2967 5031 3184 5084 dicebat
3220 5043 3238 5082 :
3276 5030 3402 5098 quia
3451 5047 3604 5101 nung

2016 5131 2176 5192 quam
2210 5146 2212 5148 τ
2242 5121 2474 5176 solvitur
2503 5137 2534 5175 a
2585 5137 2833 5185 carcere,
2876 5125 2970 5193 qui
3021 5125 3382 5192 quadrantem
3441 5123 3589 5178 vcthl

2023 5213 2386 5268 novissimum
2423 5228 2531 5268 non
2574 5213 2947 5270 solveritante
2982 5217 3145 5268 linem
3179 5216 3323 5269 vitm.
3349 5215 3592 5282 Quatuor

2021 5303 2257 5378 namque
2299 5308 2552 5377 partibus
2583 5307 2844 5362 denarius
2868 5309 2992 5378 vita:
3036 5307 3295 5361 fundatur
3319 5319 3538 5362 aeterna-
3577 5327 3588 5358 :

2020 5410 2081 5454 ut
2129 5397 2272 5469 quod
2326 5397 2492 5454 corde
2542 5399 2760 5464 credis,
2805 5414 2902 5456 ore
2949 5400 3262 5456 confitearis
3297 5416 3312 5453 :
3344 5410 3400 5453 et
3445 5404 3594 5470 quod

2020 5491 2321 5554 conﬁteris.
2347 5507 2518 5562 opere
2571 5489 2825 5562 impleas,
2856 5502 2912 5546 et
2942 5493 3084 5561 quod
3133 5492 3470 5560 impleveris,
3500 5498 3593 5546 dn-

2021 5595 2148 5638 cet‘e
2197 5597 2304 5637 non
2357 5598 2565 5638 cesses.
2603 5583 2712 5648 Qui
2738 5583 2879 5638 enim
2927 5582 3109 5651 fecerit
3139 5594 3188 5637 et
3229 5583 3486 5650 docuerit,
3513 5585 3597 5636 hic

2021 5688 2243 5744 magnus
2261 5674 2535 5728 vocabitur
2557 5677 2614 5728 in
2647 5691 2803 5746 regno
2829 5677 3076 5730 caelorum
3103 5675 3326 5742 (Matth.
3364 5693 3415 5743 ν,
3448 5675 3557 5745 i9).

2099 5765 2462 5823 «Etvoniunt
2513 5777 2690 5824 mater
2755 5769 2875 5839 ejus
2922 5781 2976 5825 ct
3038 5769 3293 5826 fratres:
3350 5779 3404 5828 et
3461 5770 3599 5824 torte
