  <div class='ocr_page' id='page_1' title='image "/cluster/home/n/w/nwhite01/storage/ocr_20150623/30/hvd.32044096580527/317.png"; bbox 0 0 3934 6200; ppageno 0'>
   <div class='ocr_carea' id='block_1_1' title="bbox 376 232 504 298">
    <p class='ocr_par' dir='ltr' id='par_1_1' title="bbox 376 232 504 298">
     <span class='ocr_line' id='line_1_1' title="bbox 376 232 504 298; baseline 0 0"><span class='ocrx_word' id='word_1_1' title='bbox 376 232 504 298; x_wconf 67' lang='grc' dir='ltr'><strong>-ὒ23</strong></span> 
     </span>
    </p>
   </div>
   <div class='ocr_carea' id='block_1_2' title="bbox 1344 217 2702 296">
    <p class='ocr_par' dir='ltr' id='par_1_2' title="bbox 1344 217 2702 296">
     <span class='ocr_line' id='line_1_2' title="bbox 1344 217 2702 296; baseline -0.006 0"><span class='ocrx_word' id='word_1_2' title='bbox 1344 234 1408 295; x_wconf 92' lang='lat' dir='ltr'><strong>S.</strong></span> <span class='ocrx_word' id='word_1_3' title='bbox 1448 230 1895 296; x_wconf 81' lang='lat' dir='ltr'><strong>HIERONYMI</strong></span> <span class='ocrx_word' id='word_1_4' title='bbox 1940 225 2257 293; x_wconf 78' lang='lat' dir='ltr'><strong>OPERUM</strong></span> <span class='ocrx_word' id='word_1_5' title='bbox 2298 217 2702 289; x_wconf 69' lang='lat' dir='ltr'><strong>MANTISSA.</strong></span> 
     </span>
    </p>
   </div>
   <div class='ocr_carea' id='block_1_3' title="bbox 3546 224 3642 295">
    <p class='ocr_par' dir='ltr' id='par_1_3' title="bbox 3546 224 3642 295">
     <span class='ocr_line' id='line_1_3' title="bbox 3546 224 3642 295; baseline -0.021 0"><span class='ocrx_word' id='word_1_6' title='bbox 3546 224 3642 295; x_wconf 65' lang='lat'><strong>625</strong></span> 
     </span>
    </p>
   </div>
   <div class='ocr_carea' id='block_1_4' title="bbox 395 338 3637 412">
    <p class='ocr_par' dir='ltr' id='par_1_4' title="bbox 395 338 3637 412">
     <span class='ocr_line' id='line_1_4' title="bbox 395 338 3637 412; baseline -0.002 -10"><span class='ocrx_word' id='word_1_7' title='bbox 395 354 605 402; x_wconf 75' lang='lat' dir='ltr'><strong>stantes</strong></span> <span class='ocrx_word' id='word_1_8' title='bbox 638 344 909 401; x_wconf 81' lang='lat' dir='ltr'><strong>miserunt</strong></span> <span class='ocrx_word' id='word_1_9' title='bbox 932 342 997 399; x_wconf 90' lang='lat' dir='ltr'><strong>ad</strong></span> <span class='ocrx_word' id='word_1_10' title='bbox 1021 358 1142 399; x_wconf 88' lang='lat' dir='ltr'><strong>eum</strong></span> <span class='ocrx_word' id='word_1_11' title='bbox 1167 353 1424 400; x_wconf 86' lang='lat' dir='ltr'><strong>vocantes</strong></span> <span class='ocrx_word' id='word_1_12' title='bbox 1458 359 1581 399; x_wconf 91' lang='lat' dir='ltr'><strong>eum</strong></span> <span class='ocrx_word' id='word_1_13' title='bbox 1612 352 1705 398; x_wconf 88' lang='lat' dir='ltr'><strong>:ct</strong></span> <span class='ocrx_word' id='word_1_14' title='bbox 1735 341 1966 397; x_wconf 87' lang='lat' dir='ltr'><strong>sedebat</strong></span> <span class='ocrx_word' id='word_1_15' title='bbox 1994 347 2039 403; x_wconf 80' lang='grc' dir='ltr'><strong>Α</strong></span> <span class='ocrx_word' id='word_1_16' title='bbox 2070 339 2216 394; x_wconf 90' lang='lat' dir='ltr'><strong>bant.</strong></span> <span class='ocrx_word' id='word_1_17' title='bbox 2248 338 2392 393; x_wconf 74' lang='lat' dir='ltr'><strong>Mare</strong></span> <span class='ocrx_word' id='word_1_18' title='bbox 2417 338 2678 395; x_wconf 89' lang='lat' dir='ltr'><strong>mundum</strong></span> <span class='ocrx_word' id='word_1_19' title='bbox 2700 340 2864 394; x_wconf 90' lang='lat' dir='ltr'><strong>istum</strong></span> <span class='ocrx_word' id='word_1_20' title='bbox 2887 338 3083 397; x_wconf 86' lang='lat' dir='ltr'><strong>debere</strong></span> <span class='ocrx_word' id='word_1_21' title='bbox 3121 340 3350 411; x_wconf 86' lang='lat' dir='ltr'><strong>suscipi,</strong></span> <span class='ocrx_word' id='word_1_22' title='bbox 3375 341 3637 412; x_wconf 74' lang='lat' dir='ltr'><strong>frequenti</strong></span> 
     </span>
    </p>
   </div>
   <div class='ocr_carea' id='block_1_5' title="bbox 394 434 1973 498">
    <p class='ocr_par' dir='ltr' id='par_1_5' title="bbox 394 434 1973 498">
     <span class='ocr_line' id='line_1_5' title="bbox 394 434 1973 498; baseline -0.002 -9"><span class='ocrx_word' id='word_1_23' title='bbox 394 436 540 491; x_wconf 72' lang='lat' dir='ltr'><strong>circa</strong></span> <span class='ocrx_word' id='word_1_24' title='bbox 574 450 700 491; x_wconf 90' lang='lat' dir='ltr'><strong>eum</strong></span> <span class='ocrx_word' id='word_1_25' title='bbox 736 436 915 498; x_wconf 89' lang='lat' dir='ltr'><strong>turba,</strong></span> <span class='ocrx_word' id='word_1_26' title='bbox 945 444 1000 489; x_wconf 85' lang='lat' dir='ltr'><strong>et</strong></span> <span class='ocrx_word' id='word_1_27' title='bbox 1026 435 1212 490; x_wconf 91' lang='lat' dir='ltr'><strong>dicunt</strong></span> <span class='ocrx_word' id='word_1_28' title='bbox 1238 436 1286 491; x_wconf 94' lang='lat' dir='ltr'><strong>ei</strong></span> <span class='ocrx_word' id='word_1_29' title='bbox 1329 452 1342 489; x_wconf 91' lang='lat'><strong>:</strong></span> <span class='ocrx_word' id='word_1_30' title='bbox 1382 434 1520 490; x_wconf 86' lang='lat' dir='ltr'><strong>Ecce</strong></span> <span class='ocrx_word' id='word_1_31' title='bbox 1565 444 1739 489; x_wconf 89' lang='lat' dir='ltr'><strong>mater</strong></span> <span class='ocrx_word' id='word_1_32' title='bbox 1771 444 1860 487; x_wconf 88' lang='lat' dir='ltr'><strong>tua</strong></span> <span class='ocrx_word' id='word_1_33' title='bbox 1920 441 1973 487; x_wconf 93' lang='grc' dir='ltr'><strong>ει</strong></span> 
     </span>
    </p>
   </div>
   <div class='ocr_carea' id='block_1_6' title="bbox 374 525 1971 596">
    <p class='ocr_par' dir='ltr' id='par_1_6' title="bbox 374 525 1971 596">
     <span class='ocr_line' id='line_1_6' title="bbox 374 525 1971 596; baseline -0.003 -13"><span class='ocrx_word' id='word_1_34' title='bbox 374 528 593 583; x_wconf 78' lang='lat' dir='ltr'><strong>=fratres</strong></span> <span class='ocrx_word' id='word_1_35' title='bbox 613 526 705 581; x_wconf 90' lang='lat' dir='ltr'><strong>-tui</strong></span> <span class='ocrx_word' id='word_1_36' title='bbox 744 527 879 582; x_wconf 83' lang='lat' dir='ltr'><strong>foris</strong></span> <span class='ocrx_word' id='word_1_37' title='bbox 905 537 1160 596; x_wconf 68' lang='lat' dir='ltr'><strong>quaerunt</strong></span> <span class='ocrx_word' id='word_1_38' title='bbox 1195 535 1267 581; x_wconf 89' lang='lat' dir='ltr'><strong>te.</strong></span> <span class='ocrx_word' id='word_1_39' title='bbox 1291 525 1357 580; x_wconf 82' lang='lat' dir='ltr'><strong>Et</strong></span> <span class='ocrx_word' id='word_1_40' title='bbox 1386 526 1725 595; x_wconf 90' lang='lat' dir='ltr'><strong>respondens</strong></span> <span class='ocrx_word' id='word_1_41' title='bbox 1756 526 1837 580; x_wconf 90' lang='lat' dir='ltr'><strong>eis</strong></span> <span class='ocrx_word' id='word_1_42' title='bbox 1871 525 1971 579; x_wconf 85' lang='lat' dir='ltr'><strong>ait:</strong></span> 
     </span>
    </p>
   </div>
   <div class='ocr_carea' id='block_1_7' title="bbox 393 616 1973 691">
    <p class='ocr_par' dir='ltr' id='par_1_7' title="bbox 393 616 1973 691">
     <span class='ocr_line' id='line_1_7' title="bbox 393 616 1973 691; baseline -0.002 -17"><span class='ocrx_word' id='word_1_43' title='bbox 393 623 527 691; x_wconf 68' lang='lat' dir='ltr'><strong>Quae</strong></span> <span class='ocrx_word' id='word_1_44' title='bbox 554 630 640 677; x_wconf 88' lang='lat' dir='ltr'><strong>cst</strong></span> <span class='ocrx_word' id='word_1_45' title='bbox 669 629 842 675; x_wconf 80' lang='lat' dir='ltr'><strong>mater</strong></span> <span class='ocrx_word' id='word_1_46' title='bbox 875 634 997 675; x_wconf 88' lang='lat' dir='ltr'><strong>mea</strong></span> <span class='ocrx_word' id='word_1_47' title='bbox 1065 630 1119 673; x_wconf 91' lang='lat' dir='ltr'><strong>et</strong></span> <span class='ocrx_word' id='word_1_48' title='bbox 1150 617 1351 675; x_wconf 86' lang='lat' dir='ltr'><strong>fratres</strong></span> <span class='ocrx_word' id='word_1_49' title='bbox 1380 618 1519 672; x_wconf 87' lang='lat' dir='ltr'><strong>mei?</strong></span> <span class='ocrx_word' id='word_1_50' title='bbox 1552 616 1621 671; x_wconf 85' lang='lat' dir='ltr'><strong>Et</strong></span> <span class='ocrx_word' id='word_1_51' title='bbox 1651 616 1973 686; x_wconf 88' lang='lat' dir='ltr'><strong>circumspi-</strong></span> 
     </span>
    </p>
   </div>
   <div class='ocr_carea' id='block_1_8' title="bbox 378 708 1973 782">
    <p class='ocr_par' dir='ltr' id='par_1_8' title="bbox 378 708 1973 782">
     <span class='ocr_line' id='line_1_8' title="bbox 378 708 1973 782; baseline -0.005 -13"><span class='ocrx_word' id='word_1_52' title='bbox 378 716 544 770; x_wconf 80' lang='lat' dir='ltr'><strong>ciens</strong></span> <span class='ocrx_word' id='word_1_53' title='bbox 579 728 696 776; x_wconf 80' lang='lat' dir='ltr'><strong>eos,</strong></span> <span class='ocrx_word' id='word_1_54' title='bbox 731 712 831 782; x_wconf 88' lang='lat' dir='ltr'><strong>qui</strong></span> <span class='ocrx_word' id='word_1_55' title='bbox 868 712 920 766; x_wconf 94' lang='lat' dir='ltr'><strong>in</strong></span> <span class='ocrx_word' id='word_1_56' title='bbox 948 712 1186 766; x_wconf 82' lang='lat' dir='ltr'><strong>circuitu</strong></span> <span class='ocrx_word' id='word_1_57' title='bbox 1221 710 1336 779; x_wconf 85' lang='lat' dir='ltr'><strong>ejus</strong></span> <span class='ocrx_word' id='word_1_58' title='bbox 1363 711 1648 773; x_wconf 90' lang='lat' dir='ltr'><strong>sedebant,</strong></span> <span class='ocrx_word' id='word_1_59' title='bbox 1687 709 1764 763; x_wconf 85' lang='lat' dir='ltr'><strong>ait</strong></span> <span class='ocrx_word' id='word_1_60' title='bbox 1793 727 1807 762; x_wconf 90' lang='lat'><strong>:</strong></span> <span class='ocrx_word' id='word_1_61' title='bbox 1836 708 1973 762; x_wconf 84' lang='lat' dir='ltr'><strong>Ecce</strong></span> 
     </span>
    </p>
   </div>
   <div class='ocr_carea' id='block_1_9' title="bbox 394 797 1973 870">
    <p class='ocr_par' dir='ltr' id='par_1_9' title="bbox 394 797 1973 870">
     <span class='ocr_line' id='line_1_9' title="bbox 394 797 1973 870; baseline -0.006 -10"><span class='ocrx_word' id='word_1_62' title='bbox 394 816 568 860; x_wconf 79' lang='lat' dir='ltr'><strong>mater</strong></span> <span class='ocrx_word' id='word_1_63' title='bbox 598 819 740 870; x_wconf 88' lang='lat' dir='ltr'><strong>mea,</strong></span> <span class='ocrx_word' id='word_1_64' title='bbox 772 813 826 857; x_wconf 91' lang='lat' dir='ltr'><strong>et</strong></span> <span class='ocrx_word' id='word_1_65' title='bbox 853 801 1051 859; x_wconf 79' lang='lat' dir='ltr'><strong>fratres</strong></span> <span class='ocrx_word' id='word_1_66' title='bbox 1083 802 1211 855; x_wconf 91' lang='lat' dir='ltr'><strong>mei.</strong></span> <span class='ocrx_word' id='word_1_67' title='bbox 1250 800 1351 868; x_wconf 87' lang='lat' dir='ltr'><strong>Qui</strong></span> <span class='ocrx_word' id='word_1_68' title='bbox 1379 801 1525 855; x_wconf 90' lang='lat' dir='ltr'><strong>enim</strong></span> <span class='ocrx_word' id='word_1_69' title='bbox 1561 798 1754 854; x_wconf 83' lang='lat' dir='ltr'><strong>fecerit</strong></span> <span class='ocrx_word' id='word_1_70' title='bbox 1784 797 1973 852; x_wconf 78' lang='lat' dir='ltr'><strong>volun-</strong></span> 
     </span>
    </p>
   </div>
   <div class='ocr_carea' id='block_1_10' title="bbox 396 894 1976 961">
    <p class='ocr_par' dir='ltr' id='par_1_10' title="bbox 396 894 1976 961">
     <span class='ocr_line' id='line_1_10' title="bbox 396 894 1976 961; baseline -0.008 -10"><span class='ocrx_word' id='word_1_71' title='bbox 396 907 559 951; x_wconf 88' lang='lat' dir='ltr'><strong>tatem</strong></span> <span class='ocrx_word' id='word_1_72' title='bbox 594 894 713 961; x_wconf 87' lang='lat' dir='ltr'><strong>Dei,</strong></span> <span class='ocrx_word' id='word_1_73' title='bbox 740 894 829 948; x_wconf 89' lang='lat' dir='ltr'><strong>hic</strong></span> <span class='ocrx_word' id='word_1_74' title='bbox 859 894 1029 947; x_wconf 80' lang='lat' dir='ltr'><strong>frater</strong></span> <span class='ocrx_word' id='word_1_75' title='bbox 1066 907 1241 959; x_wconf 88' lang='lat' dir='ltr'><strong>meus,</strong></span> <span class='ocrx_word' id='word_1_76' title='bbox 1270 901 1322 946; x_wconf 90' lang='lat' dir='ltr'><strong>et</strong></span> <span class='ocrx_word' id='word_1_77' title='bbox 1361 906 1522 945; x_wconf 90' lang='lat' dir='ltr'><strong>soror</strong></span> <span class='ocrx_word' id='word_1_78' title='bbox 1554 905 1695 956; x_wconf 90' lang='lat' dir='ltr'><strong>mea,</strong></span> <span class='ocrx_word' id='word_1_79' title='bbox 1721 899 1775 944; x_wconf 90' lang='lat' dir='ltr'><strong>et</strong></span> <span class='ocrx_word' id='word_1_80' title='bbox 1803 899 1976 941; x_wconf 81' lang='lat' dir='ltr'><strong>mater</strong></span> 
     </span>
    </p>
   </div>
   <div class='ocr_carea' id='block_1_11' title="bbox 396 981 1976 1049">
    <p class='ocr_par' dir='ltr' id='par_1_11' title="bbox 396 981 1976 1049">
     <span class='ocr_line' id='line_1_11' title="bbox 396 981 1976 1049; baseline -0.006 -7"><span class='ocrx_word' id='word_1_81' title='bbox 396 1002 517 1042; x_wconf 88' lang='lat' dir='ltr'><strong>mea</strong></span> <span class='ocrx_word' id='word_1_82' title='bbox 572 995 678 1040; x_wconf 84' lang='lat' dir='ltr'><strong>est.</strong></span> <span class='ocrx_word' id='word_1_83' title='bbox 709 1005 726 1037; x_wconf 75' lang='grc' dir='ltr'><strong>ι</strong></span> <span class='ocrx_word' id='word_1_84' title='bbox 765 984 834 1040; x_wconf 88' lang='lat' dir='ltr'><strong>Ut</strong></span> <span class='ocrx_word' id='word_1_85' title='bbox 893 986 1133 1040; x_wconf 84' lang='lat' dir='ltr'><strong>sciamus</strong></span> <span class='ocrx_word' id='word_1_86' title='bbox 1173 1000 1271 1037; x_wconf 85' lang='lat' dir='ltr'><strong>nos</strong></span> <span class='ocrx_word' id='word_1_87' title='bbox 1310 997 1431 1037; x_wconf 88' lang='lat' dir='ltr'><strong>esse</strong></span> <span class='ocrx_word' id='word_1_88' title='bbox 1483 981 1685 1037; x_wconf 90' lang='lat' dir='ltr'><strong>fratres</strong></span> <span class='ocrx_word' id='word_1_89' title='bbox 1738 981 1859 1049; x_wconf 86' lang='lat' dir='ltr'><strong>ejus</strong></span> <span class='ocrx_word' id='word_1_90' title='bbox 1921 989 1976 1035; x_wconf 91' lang='lat' dir='ltr'><strong>et</strong></span> 
     </span>
    </p>
   </div>
   <div class='ocr_carea' id='block_1_12' title="bbox 395 1072 1973 1143">
    <p class='ocr_par' dir='ltr' id='par_1_12' title="bbox 395 1072 1973 1143">
     <span class='ocr_line' id='line_1_12' title="bbox 395 1072 1973 1143; baseline -0.003 -13"><span class='ocrx_word' id='word_1_91' title='bbox 395 1089 646 1141; x_wconf 73' lang='lat' dir='ltr'><strong>matrem,</strong></span> <span class='ocrx_word' id='word_1_92' title='bbox 678 1077 724 1131; x_wconf 91' lang='lat' dir='ltr'><strong>si</strong></span> <span class='ocrx_word' id='word_1_93' title='bbox 760 1077 1095 1131; x_wconf 81' lang='lat' dir='ltr'><strong>voluntatem</strong></span> <span class='ocrx_word' id='word_1_94' title='bbox 1131 1073 1310 1129; x_wconf 88' lang='lat' dir='ltr'><strong>Patris</strong></span> <span class='ocrx_word' id='word_1_95' title='bbox 1349 1073 1468 1142; x_wconf 89' lang='lat' dir='ltr'><strong>ejus</strong></span> <span class='ocrx_word' id='word_1_96' title='bbox 1510 1072 1927 1143; x_wconf 89' lang='lat' dir='ltr'><strong>itnpleverimus</strong></span> <span class='ocrx_word' id='word_1_97' title='bbox 1958 1088 1973 1126; x_wconf 90' lang='lat'>:</span> 
     </span>
    </p>
   </div>
   <div class='ocr_carea' id='block_1_13' title="bbox 404 1164 1976 1240">
    <p class='ocr_par' dir='ltr' id='par_1_13' title="bbox 404 1164 1976 1240">
     <span class='ocr_line' id='line_1_13' title="bbox 404 1164 1976 1240; baseline -0.005 -16"><span class='ocrx_word' id='word_1_98' title='bbox 404 1170 815 1226; x_wconf 67' lang='lat' dir='ltr'><strong>ut‘cohazredes</strong></span> <span class='ocrx_word' id='word_1_99' title='bbox 840 1170 1015 1224; x_wconf 89' lang='lat' dir='ltr'><strong>simus</strong></span> <span class='ocrx_word' id='word_1_100' title='bbox 1065 1168 1204 1240; x_wconf 85' lang='lat' dir='ltr'><strong>ejus,</strong></span> <span class='ocrx_word' id='word_1_101' title='bbox 1245 1169 1334 1236; x_wconf 87' lang='lat' dir='ltr'><strong>qui</strong></span> <span class='ocrx_word' id='word_1_102' title='bbox 1374 1183 1479 1222; x_wconf 92' lang='lat' dir='ltr'><strong>non</strong></span> <span class='ocrx_word' id='word_1_103' title='bbox 1512 1166 1563 1219; x_wconf 94' lang='lat' dir='ltr'><strong>in</strong></span> <span class='ocrx_word' id='word_1_104' title='bbox 1607 1164 1849 1226; x_wconf 79' lang='lat' dir='ltr'><strong>sesibus,</strong></span> <span class='ocrx_word' id='word_1_105' title='bbox 1882 1164 1976 1219; x_wconf 88' lang='lat' dir='ltr'><strong>sed</strong></span> 
     </span>
    </p>
   </div>
   <div class='ocr_carea' id='block_1_14' title="bbox 395 1261 956 1316">
    <p class='ocr_par' dir='ltr' id='par_1_14' title="bbox 395 1261 956 1316">
     <span class='ocr_line' id='line_1_14' title="bbox 395 1261 956 1316; baseline 0.002 -1"><span class='ocrx_word' id='word_1_106' title='bbox 395 1262 451 1315; x_wconf 87' lang='lat' dir='ltr'><strong>in</strong></span> <span class='ocrx_word' id='word_1_107' title='bbox 485 1264 646 1315; x_wconf 86' lang='lat' dir='ltr'><strong>factis</strong></span> <span class='ocrx_word' id='word_1_108' title='bbox 675 1261 956 1316; x_wconf 70' lang='lat' dir='ltr'><strong>discernit.</strong></span> 
     </span>
    </p>
   </div>
   <div class='ocr_carea' id='block_1_15' title="bbox 1000 1350 1366 1408">
    <p class='ocr_par' dir='ltr' id='par_1_15' title="bbox 1000 1350 1366 1408">
     <span class='ocr_line' id='line_1_15' title="bbox 1000 1350 1366 1408; baseline -0.003 0"><span class='ocrx_word' id='word_1_109' title='bbox 1000 1350 1234 1408; x_wconf 83' lang='lat' dir='ltr'><strong>CAPUT</strong></span> <span class='ocrx_word' id='word_1_110' title='bbox 1274 1351 1366 1407; x_wconf 81' lang='grc' dir='ltr'><strong>ιν.</strong></span> 
     </span>
    </p>
   </div>
   <div class='ocr_carea' id='block_1_16' title="bbox 468 1446 1977 1522">
    <p class='ocr_par' dir='ltr' id='par_1_16' title="bbox 468 1446 1977 1522">
     <span class='ocr_line' id='line_1_16' title="bbox 468 1446 1977 1522; baseline -0.008 -17"><span class='ocrx_word' id='word_1_111' title='bbox 468 1471 489 1505; x_wconf 76' lang='lat' dir='ltr'><strong>t</strong></span> <span class='ocrx_word' id='word_1_112' title='bbox 520 1448 587 1506; x_wconf 84' lang='lat' dir='ltr'><strong>Et</strong></span> <span class='ocrx_word' id='word_1_113' title='bbox 617 1451 823 1508; x_wconf 80' lang='lat' dir='ltr'><strong>iterum</strong></span> <span class='ocrx_word' id='word_1_114' title='bbox 853 1449 1021 1522; x_wconf 72' lang='lat' dir='ltr'><strong>cmpit</strong></span> <span class='ocrx_word' id='word_1_115' title='bbox 1054 1449 1253 1503; x_wconf 89' lang='lat' dir='ltr'><strong>docere</strong></span> <span class='ocrx_word' id='word_1_116' title='bbox 1277 1446 1343 1501; x_wconf 89' lang='lat' dir='ltr'><strong>ad</strong></span> <span class='ocrx_word' id='word_1_117' title='bbox 1371 1459 1541 1509; x_wconf 89' lang='lat' dir='ltr'><strong>mare,</strong></span> <span class='ocrx_word' id='word_1_118' title='bbox 1566 1453 1622 1499; x_wconf 91' lang='lat' dir='ltr'><strong>et</strong></span> <span class='ocrx_word' id='word_1_119' title='bbox 1652 1449 1977 1513; x_wconf 80' lang='lat' dir='ltr'><strong>congregata</strong></span> 
     </span>
    </p>
   </div>
   <div class='ocr_carea' id='block_1_17' title="bbox 408 1534 1977 1603">
    <p class='ocr_par' dir='ltr' id='par_1_17' title="bbox 408 1534 1977 1603">
     <span class='ocr_line' id='line_1_17' title="bbox 408 1534 1977 1603; baseline -0.01 -5"><span class='ocrx_word' id='word_1_120' title='bbox 408 1554 493 1600; x_wconf 90' lang='lat' dir='ltr'><strong>est</strong></span> <span class='ocrx_word' id='word_1_121' title='bbox 529 1544 592 1596; x_wconf 88' lang='lat' dir='ltr'><strong>ad</strong></span> <span class='ocrx_word' id='word_1_122' title='bbox 621 1559 743 1597; x_wconf 90' lang='lat' dir='ltr'><strong>eum</strong></span> <span class='ocrx_word' id='word_1_123' title='bbox 778 1542 936 1596; x_wconf 88' lang='lat' dir='ltr'><strong>turba</strong></span> <span class='ocrx_word' id='word_1_124' title='bbox 969 1539 1250 1603; x_wconf 88' lang='lat' dir='ltr'><strong>multa,ita</strong></span> <span class='ocrx_word' id='word_1_125' title='bbox 1282 1545 1340 1591; x_wconf 95' lang='lat' dir='ltr'><strong>ut</strong></span> <span class='ocrx_word' id='word_1_126' title='bbox 1374 1537 1426 1591; x_wconf 92' lang='lat' dir='ltr'><strong>in</strong></span> <span class='ocrx_word' id='word_1_127' title='bbox 1447 1536 1628 1591; x_wconf 80' lang='lat' dir='ltr'><strong>navim</strong></span> <span class='ocrx_word' id='word_1_128' title='bbox 1656 1534 1977 1596; x_wconf 86' lang='lat' dir='ltr'><strong>ascendens,</strong></span> 
     </span>
    </p>
   </div>
   <div class='ocr_carea' id='block_1_18' title="bbox 398 1629 1979 1698">
    <p class='ocr_par' dir='ltr' id='par_1_18' title="bbox 398 1629 1979 1698">
     <span class='ocr_line' id='line_1_18' title="bbox 398 1629 1979 1698; baseline -0.011 -5"><span class='ocrx_word' id='word_1_129' title='bbox 398 1637 618 1693; x_wconf 80' lang='lat' dir='ltr'><strong>sederet</strong></span> <span class='ocrx_word' id='word_1_130' title='bbox 659 1636 711 1688; x_wconf 91' lang='lat' dir='ltr'><strong>in</strong></span> <span class='ocrx_word' id='word_1_131' title='bbox 746 1633 911 1698; x_wconf 89' lang='lat' dir='ltr'><strong>mari,</strong></span> <span class='ocrx_word' id='word_1_132' title='bbox 935 1644 989 1687; x_wconf 91' lang='lat' dir='ltr'><strong>et</strong></span> <span class='ocrx_word' id='word_1_133' title='bbox 1019 1633 1199 1687; x_wconf 90' lang='lat' dir='ltr'><strong>omnis</strong></span> <span class='ocrx_word' id='word_1_134' title='bbox 1242 1630 1399 1684; x_wconf 88' lang='lat' dir='ltr'><strong>turba</strong></span> <span class='ocrx_word' id='word_1_135' title='bbox 1441 1629 1585 1682; x_wconf 85' lang='lat' dir='ltr'><strong>circa</strong></span> <span class='ocrx_word' id='word_1_136' title='bbox 1620 1639 1768 1680; x_wconf 91' lang='lat' dir='ltr'><strong>mare</strong></span> <span class='ocrx_word' id='word_1_137' title='bbox 1812 1637 1979 1692; x_wconf 90' lang='lat' dir='ltr'><strong>super</strong></span> 
     </span>
    </p>
   </div>
   <div class='ocr_carea' id='block_1_19' title="bbox 2082 428 3643 505">
    <p class='ocr_par' dir='ltr' id='par_1_19' title="bbox 2082 428 3643 505">
     <span class='ocr_line' id='line_1_19' title="bbox 2082 428 3643 505; baseline 0.003 -22"><span class='ocrx_word' id='word_1_138' title='bbox 2082 429 2316 485; x_wconf 89' lang='lat' dir='ltr'><strong>lectione</strong></span> <span class='ocrx_word' id='word_1_139' title='bbox 2360 428 2474 499; x_wconf 87' lang='lat' dir='ltr'><strong>jam</strong></span> <span class='ocrx_word' id='word_1_140' title='bbox 2530 441 2716 486; x_wconf 89' lang='lat' dir='ltr'><strong>notum</strong></span> <span class='ocrx_word' id='word_1_141' title='bbox 2759 433 3058 501; x_wconf 79' lang='lat' dir='ltr'><strong>estzquod</strong></span> <span class='ocrx_word' id='word_1_142' title='bbox 3104 444 3160 490; x_wconf 90' lang='lat' dir='ltr'><strong>et</strong></span> <span class='ocrx_word' id='word_1_143' title='bbox 3218 444 3379 505; x_wconf 86' lang='lat' dir='ltr'><strong>gustu</strong></span> <span class='ocrx_word' id='word_1_144' title='bbox 3407 444 3643 490; x_wconf 82' lang='lat' dir='ltr'><strong>amarum</strong></span> 
     </span>
    </p>
   </div>
   <div class='ocr_carea' id='block_1_20' title="bbox 2072 522 3644 593">
    <p class='ocr_par' dir='ltr' id='par_1_20' title="bbox 2072 522 3644 593">
     <span class='ocr_line' id='line_1_20' title="bbox 2072 522 3644 593; baseline 0.004 -17"><span class='ocrx_word' id='word_1_145' title='bbox 2072 530 2177 588; x_wconf 88' lang='lat' dir='ltr'><strong>est,</strong></span> <span class='ocrx_word' id='word_1_146' title='bbox 2208 532 2263 576; x_wconf 84' lang='lat' dir='ltr'><strong>et</strong></span> <span class='ocrx_word' id='word_1_147' title='bbox 2310 524 2563 577; x_wconf 85' lang='lat' dir='ltr'><strong>vitiorum</strong></span> <span class='ocrx_word' id='word_1_148' title='bbox 2602 522 2857 578; x_wconf 86' lang='lat' dir='ltr'><strong>fluctibus</strong></span> <span class='ocrx_word' id='word_1_149' title='bbox 2908 524 3215 593; x_wconf 88' lang='lat' dir='ltr'><strong>inquietum</strong></span> <span class='ocrx_word' id='word_1_150' title='bbox 3278 536 3384 582; x_wconf 89' lang='lat' dir='ltr'><strong>est.</strong></span> <span class='ocrx_word' id='word_1_151' title='bbox 3432 525 3539 584; x_wconf 78' lang='lat' dir='ltr'><strong>Sed</strong></span> <span class='ocrx_word' id='word_1_152' title='bbox 3582 530 3644 582; x_wconf 87' lang='lat' dir='ltr'><strong>ab</strong></span> 
     </span>
    </p>
   </div>
   <div class='ocr_carea' id='block_1_21' title="bbox 2076 614 3635 687">
    <p class='ocr_par' dir='ltr' id='par_1_21' title="bbox 2076 614 3635 687">
     <span class='ocr_line' id='line_1_21' title="bbox 2076 614 3635 687; baseline 0.001 -18"><span class='ocrx_word' id='word_1_153' title='bbox 2076 614 2193 684; x_wconf 84' lang='lat' dir='ltr'><strong>ipso</strong></span> <span class='ocrx_word' id='word_1_154' title='bbox 2228 615 2457 669; x_wconf 89' lang='lat' dir='ltr'><strong>Domino</strong></span> <span class='ocrx_word' id='word_1_155' title='bbox 2491 615 2634 684; x_wconf 86' lang='lat' dir='ltr'><strong>eripi</strong></span> <span class='ocrx_word' id='word_1_156' title='bbox 2664 616 2988 687; x_wconf 87' lang='lat' dir='ltr'><strong>potuissent,</strong></span> <span class='ocrx_word' id='word_1_157' title='bbox 3020 619 3112 686; x_wconf 90' lang='lat' dir='ltr'><strong>qui</strong></span> <span class='ocrx_word' id='word_1_158' title='bbox 3146 632 3331 674; x_wconf 81' lang='lat' dir='ltr'><strong>amara</strong></span> <span class='ocrx_word' id='word_1_159' title='bbox 3374 628 3549 674; x_wconf 85' lang='lat' dir='ltr'><strong>mutat</strong></span> <span class='ocrx_word' id='word_1_160' title='bbox 3589 620 3635 673; x_wconf 86' lang='lat' dir='ltr'><strong>in</strong></span> 
     </span>
    </p>
   </div>
   <div class='ocr_carea' id='block_1_22' title="bbox 2076 704 3643 781">
    <p class='ocr_par' dir='ltr' id='par_1_22' title="bbox 2076 704 3643 781">
     <span class='ocr_line' id='line_1_22' title="bbox 2076 704 3643 781; baseline 0.003 -21"><span class='ocrx_word' id='word_1_161' title='bbox 2076 704 2446 773; x_wconf 86' lang='lat' dir='ltr'><strong>dulcedinem,</strong></span> <span class='ocrx_word' id='word_1_162' title='bbox 2487 707 2660 761; x_wconf 84' lang='lat' dir='ltr'><strong>tristia</strong></span> <span class='ocrx_word' id='word_1_163' title='bbox 2712 710 2879 762; x_wconf 79' lang='lat' dir='ltr'><strong>vertit</strong></span> <span class='ocrx_word' id='word_1_164' title='bbox 2906 709 2959 762; x_wconf 87' lang='lat' dir='ltr'><strong>itt</strong></span> <span class='ocrx_word' id='word_1_165' title='bbox 3000 709 3305 780; x_wconf 77' lang='lat' dir='ltr'><strong>gaudium:</strong></span> <span class='ocrx_word' id='word_1_166' title='bbox 3345 720 3404 765; x_wconf 90' lang='lat' dir='ltr'><strong>et</strong></span> <span class='ocrx_word' id='word_1_167' title='bbox 3433 711 3643 781; x_wconf 70' lang='lat' dir='ltr'><strong>aegritua</strong></span> 
     </span>
    </p>
   </div>
   <div class='ocr_carea' id='block_1_23' title="bbox 2075 795 3642 860">
    <p class='ocr_par' dir='ltr' id='par_1_23' title="bbox 2075 795 3642 860">
     <span class='ocr_line' id='line_1_23' title="bbox 2075 795 3642 860; baseline 0.005 -12"><span class='ocrx_word' id='word_1_168' title='bbox 2075 796 2232 850; x_wconf 88' lang='lat' dir='ltr'><strong>dines</strong></span> <span class='ocrx_word' id='word_1_169' title='bbox 2256 795 2635 860; x_wconf 89' lang='lat' dir='ltr'><strong>detestabiles,</strong></span> <span class='ocrx_word' id='word_1_170' title='bbox 2668 796 2723 851; x_wconf 91' lang='lat' dir='ltr'><strong>in</strong></span> <span class='ocrx_word' id='word_1_171' title='bbox 2749 797 2997 853; x_wconf 83' lang='lat' dir='ltr'><strong>salutem.</strong></span> <span class='ocrx_word' id='word_1_172' title='bbox 3038 798 3305 854; x_wconf 88' lang='lat' dir='ltr'><strong>Parabola</strong></span> <span class='ocrx_word' id='word_1_173' title='bbox 3341 811 3425 856; x_wconf 86' lang='lat' dir='ltr'><strong>est</strong></span> <span class='ocrx_word' id='word_1_174' title='bbox 3457 811 3642 856; x_wconf 84' lang='lat' dir='ltr'><strong>natura</strong></span> 
     </span>
    </p>
   </div>
   <div class='ocr_carea' id='block_1_24' title="bbox 2074 886 3643 956">
    <p class='ocr_par' dir='ltr' id='par_1_24' title="bbox 2074 886 3643 956">
     <span class='ocr_line' id='line_1_24' title="bbox 2074 886 3643 956; baseline 0.004 -15"><span class='ocrx_word' id='word_1_175' title='bbox 2074 886 2500 956; x_wconf 88' lang='lat' dir='ltr'><strong>discrepantimn</strong></span> <span class='ocrx_word' id='word_1_176' title='bbox 2554 903 2738 942; x_wconf 91' lang='lat' dir='ltr'><strong>rerum</strong></span> <span class='ocrx_word' id='word_1_177' title='bbox 2795 891 2897 944; x_wconf 86' lang='lat' dir='ltr'><strong>sub</strong></span> <span class='ocrx_word' id='word_1_178' title='bbox 2945 891 3050 945; x_wconf 87' lang='lat' dir='ltr'><strong>alia</strong></span> <span class='ocrx_word' id='word_1_179' title='bbox 3080 892 3436 949; x_wconf 83' lang='lat' dir='ltr'><strong>similitudine</strong></span> <span class='ocrx_word' id='word_1_180' title='bbox 3513 893 3643 948; x_wconf 88' lang='lat' dir='ltr'><strong>facta</strong></span> 
     </span>
    </p>
   </div>
   <div class='ocr_carea' id='block_1_25' title="bbox 2076 981 3641 1054">
    <p class='ocr_par' dir='ltr' id='par_1_25' title="bbox 2076 981 3641 1054">
     <span class='ocr_line' id='line_1_25' title="bbox 2076 981 3641 1054; baseline 0.005 -21"><span class='ocrx_word' id='word_1_181' title='bbox 2076 981 2440 1048; x_wconf 84' lang='lat' dir='ltr'><strong>comparatio,</strong></span> <span class='ocrx_word' id='word_1_182' title='bbox 2475 993 2626 1034; x_wconf 91' lang='lat' dir='ltr'><strong>more</strong></span> <span class='ocrx_word' id='word_1_183' title='bbox 2649 981 3007 1048; x_wconf 74' lang='lat' dir='ltr'><strong>providentia:</strong></span> <span class='ocrx_word' id='word_1_184' title='bbox 3036 999 3168 1047; x_wconf 61' lang='grc' dir='ltr'><strong>θυαε,</strong></span> <span class='ocrx_word' id='word_1_185' title='bbox 3202 994 3261 1037; x_wconf 87' lang='grc' dir='ltr'><strong>ιιι</strong></span> <span class='ocrx_word' id='word_1_186' title='bbox 3284 986 3374 1054; x_wconf 90' lang='lat' dir='ltr'><strong>qui</strong></span> <span class='ocrx_word' id='word_1_187' title='bbox 3403 986 3641 1041; x_wconf 61' lang='lat' dir='ltr'><strong>caelestia</strong></span> 
     </span>
    </p>
   </div>
   <div class='ocr_carea' id='block_1_26' title="bbox 2078 1073 3645 1141">
    <p class='ocr_par' dir='ltr' id='par_1_26' title="bbox 2078 1073 3645 1141">
     <span class='ocr_line' id='line_1_26' title="bbox 2078 1073 3645 1141; baseline 0.007 -20"><span class='ocrx_word' id='word_1_188' title='bbox 2078 1085 2272 1139; x_wconf 80' lang='lat' dir='ltr'><strong>capere</strong></span> <span class='ocrx_word' id='word_1_189' title='bbox 2323 1085 2428 1123; x_wconf 91' lang='lat' dir='ltr'><strong>non</strong></span> <span class='ocrx_word' id='word_1_190' title='bbox 2486 1079 2764 1139; x_wconf 82' lang='lat' dir='ltr'><strong>poterant,</strong></span> <span class='ocrx_word' id='word_1_191' title='bbox 2796 1087 2894 1141; x_wconf 90' lang='lat' dir='ltr'><strong>per</strong></span> <span class='ocrx_word' id='word_1_192' title='bbox 2946 1073 3337 1132; x_wconf 84' lang='lat' dir='ltr'><strong>similitudines</strong></span> <span class='ocrx_word' id='word_1_193' title='bbox 3384 1086 3645 1138; x_wconf 87' lang='lat' dir='ltr'><strong>terrenas,</strong></span> 
     </span>
    </p>
   </div>
   <div class='ocr_carea' id='block_1_27' title="bbox 2076 1162 3644 1234">
    <p class='ocr_par' dir='ltr' id='par_1_27' title="bbox 2076 1162 3644 1234">
     <span class='ocr_line' id='line_1_27' title="bbox 2076 1162 3644 1234; baseline 0.005 -19"><span class='ocrx_word' id='word_1_194' title='bbox 2076 1164 2254 1215; x_wconf 76' lang='lat' dir='ltr'><strong>audita</strong></span> <span class='ocrx_word' id='word_1_195' title='bbox 2284 1162 2560 1231; x_wconf 89' lang='lat' dir='ltr'><strong>percipere</strong></span> <span class='ocrx_word' id='word_1_196' title='bbox 2601 1163 2914 1232; x_wconf 87' lang='lat' dir='ltr'><strong>potuissent.</strong></span> <span class='ocrx_word' id='word_1_197' title='bbox 2959 1164 3250 1234; x_wconf 70' lang='grc' dir='ltr'><strong>Παριόολὴ</strong></span> <span class='ocrx_word' id='word_1_198' title='bbox 3274 1166 3466 1222; x_wconf 66' lang='lat' dir='ltr'><strong>Graeco</strong></span> <span class='ocrx_word' id='word_1_199' title='bbox 3494 1184 3644 1222; x_wconf 58' lang='lat' dir='ltr'><strong>vocaa</strong></span> 
     </span>
    </p>
   </div>
   <div class='ocr_carea' id='block_1_28' title="bbox 2088 1253 3647 1331">
    <p class='ocr_par' dir='ltr' id='par_1_28' title="bbox 2088 1253 3647 1331">
     <span class='ocr_line' id='line_1_28' title="bbox 2088 1253 3647 1331; baseline 0.004 -23"><span class='ocrx_word' id='word_1_200' title='bbox 2088 1253 2215 1308; x_wconf 92' lang='lat' dir='ltr'><strong>bulo</strong></span> <span class='ocrx_word' id='word_1_201' title='bbox 2250 1254 2450 1308; x_wconf 89' lang='lat' dir='ltr'><strong>dicitur</strong></span> <span class='ocrx_word' id='word_1_202' title='bbox 2477 1254 2799 1322; x_wconf 86' lang='lat' dir='ltr'><strong>similitudo,</strong></span> <span class='ocrx_word' id='word_1_203' title='bbox 2830 1256 3050 1324; x_wconf 87' lang='lat' dir='ltr'><strong>quando</strong></span> <span class='ocrx_word' id='word_1_204' title='bbox 3078 1256 3231 1323; x_wconf 91' lang='lat' dir='ltr'><strong>illud,</strong></span> <span class='ocrx_word' id='word_1_205' title='bbox 3255 1260 3399 1327; x_wconf 90' lang='lat' dir='ltr'><strong>quod</strong></span> <span class='ocrx_word' id='word_1_206' title='bbox 3429 1260 3577 1313; x_wconf 87' lang='lat' dir='ltr'><strong>intell</strong></span> <span class='ocrx_word' id='word_1_207' title='bbox 3600 1262 3647 1331; x_wconf 85' lang='lat' dir='ltr'><strong>gi</strong></span> 
     </span>
    </p>
   </div>
   <div class='ocr_carea' id='block_1_29' title="bbox 2091 1345 3651 1416">
    <p class='ocr_par' dir='ltr' id='par_1_29' title="bbox 2091 1345 3651 1416">
     <span class='ocr_line' id='line_1_29' title="bbox 2091 1345 3651 1416; baseline 0.006 -20"><span class='ocrx_word' id='word_1_208' title='bbox 2091 1345 2362 1409; x_wconf 88' lang='lat' dir='ltr'><strong>volumus,</strong></span> <span class='ocrx_word' id='word_1_209' title='bbox 2389 1359 2487 1414; x_wconf 89' lang='lat' dir='ltr'><strong>per</strong></span> <span class='ocrx_word' id='word_1_210' title='bbox 2509 1349 2945 1416; x_wconf 81' lang='lat' dir='ltr'><strong>comparationes</strong></span> <span class='ocrx_word' id='word_1_211' title='bbox 2975 1346 3184 1414; x_wconf 84' lang='lat' dir='ltr'><strong>aliquas</strong></span> <span class='ocrx_word' id='word_1_212' title='bbox 3217 1349 3524 1404; x_wconf 85' lang='lat' dir='ltr'><strong>indicamus</strong></span> <span class='ocrx_word' id='word_1_213' title='bbox 3544 1366 3556 1402; x_wconf 89' lang='lat'><strong>:</strong></span> <span class='ocrx_word' id='word_1_214' title='bbox 3576 1354 3651 1405; x_wconf 90' lang='lat' dir='ltr'><strong>sic</strong></span> 
     </span>
    </p>
   </div>
   <div class='ocr_carea' id='block_1_30' title="bbox 2094 1437 3646 1507">
    <p class='ocr_par' dir='ltr' id='par_1_30' title="bbox 2094 1437 3646 1507">
     <span class='ocr_line' id='line_1_30' title="bbox 2094 1437 3646 1507; baseline 0.004 -17"><span class='ocrx_word' id='word_1_215' title='bbox 2094 1437 2237 1490; x_wconf 89' lang='lat' dir='ltr'><strong>enim</strong></span> <span class='ocrx_word' id='word_1_216' title='bbox 2304 1437 2537 1490; x_wconf 90' lang='lat' dir='ltr'><strong>ferreum</strong></span> <span class='ocrx_word' id='word_1_217' title='bbox 2600 1438 2911 1507; x_wconf 89' lang='lat' dir='ltr'><strong>quempiam</strong></span> <span class='ocrx_word' id='word_1_218' title='bbox 2968 1437 3222 1501; x_wconf 88' lang='lat' dir='ltr'><strong>dicimus,</strong></span> <span class='ocrx_word' id='word_1_219' title='bbox 3272 1441 3495 1507; x_wconf 82' lang='lat' dir='ltr'><strong>quando</strong></span> <span class='ocrx_word' id='word_1_220' title='bbox 3546 1442 3646 1495; x_wconf 61' lang='lat' dir='ltr'><strong>du.</strong></span> 
     </span>
    </p>
   </div>
   <div class='ocr_carea' id='block_1_31' title="bbox 2086 1528 3652 1600">
    <p class='ocr_par' dir='ltr' id='par_1_31' title="bbox 2086 1528 3652 1600">
     <span class='ocr_line' id='line_1_31' title="bbox 2086 1528 3652 1600; baseline 0.006 -20"><span class='ocrx_word' id='word_1_221' title='bbox 2086 1543 2203 1580; x_wconf 90' lang='lat' dir='ltr'><strong>rum</strong></span> <span class='ocrx_word' id='word_1_222' title='bbox 2235 1543 2298 1581; x_wconf 90' lang='lat' dir='ltr'><strong>ac</strong></span> <span class='ocrx_word' id='word_1_223' title='bbox 2332 1528 2524 1584; x_wconf 87' lang='lat' dir='ltr'><strong>fortem</strong></span> <span class='ocrx_word' id='word_1_224' title='bbox 2549 1529 2925 1584; x_wconf 84' lang='lat' dir='ltr'><strong>desideramus</strong></span> <span class='ocrx_word' id='word_1_225' title='bbox 2949 1531 3178 1598; x_wconf 82' lang='lat' dir='ltr'><strong>intelligi</strong></span> <span class='ocrx_word' id='word_1_226' title='bbox 3207 1546 3224 1583; x_wconf 85' lang='lat'><strong>:</strong></span> <span class='ocrx_word' id='word_1_227' title='bbox 3251 1548 3376 1587; x_wconf 87' lang='lat' dir='ltr'><strong>cum</strong></span> <span class='ocrx_word' id='word_1_228' title='bbox 3399 1532 3652 1600; x_wconf 79' lang='lat' dir='ltr'><strong>velocem,</strong></span> 
     </span>
    </p>
   </div>
   <div class='ocr_carea' id='block_1_32' title="bbox 2097 1624 3649 1696">
    <p class='ocr_par' dir='ltr' id='par_1_32' title="bbox 2097 1624 3649 1696">
     <span class='ocr_line' id='line_1_32' title="bbox 2097 1624 3649 1696; baseline 0.003 -17"><span class='ocrx_word' id='word_1_229' title='bbox 2097 1625 2277 1681; x_wconf 88' lang='lat' dir='ltr'><strong>ventis</strong></span> <span class='ocrx_word' id='word_1_230' title='bbox 2305 1635 2395 1679; x_wconf 92' lang='lat' dir='ltr'><strong>aut</strong></span> <span class='ocrx_word' id='word_1_231' title='bbox 2422 1625 2617 1681; x_wconf 89' lang='lat' dir='ltr'><strong>avibus</strong></span> <span class='ocrx_word' id='word_1_232' title='bbox 2646 1641 3053 1696; x_wconf 83' lang='lat' dir='ltr'><strong>comparamus.</strong></span> <span class='ocrx_word' id='word_1_233' title='bbox 3068 1624 3226 1692; x_wconf 88' lang='lat' dir='ltr'><strong>Quod</strong></span> <span class='ocrx_word' id='word_1_234' title='bbox 3262 1627 3316 1681; x_wconf 82' lang='lat' dir='ltr'><strong>in</strong></span> <span class='ocrx_word' id='word_1_235' title='bbox 3352 1628 3649 1689; x_wconf 87' lang='lat' dir='ltr'><strong>tricesimo.</strong></span> 
     </span>
    </p>
   </div>
   <div class='ocr_carea' id='block_1_33' title="bbox 399 1701 1990 1791">
    <p class='ocr_par' dir='ltr' id='par_1_33' title="bbox 399 1712 1980 1790">
     <span class='ocr_line' id='line_1_33' title="bbox 399 1712 1980 1790; baseline -0.013 -7"><span class='ocrx_word' id='word_1_236' title='bbox 399 1739 602 1783; x_wconf 88' lang='lat' dir='ltr'><strong>terram</strong></span> <span class='ocrx_word' id='word_1_237' title='bbox 645 1736 785 1790; x_wconf 84' lang='lat' dir='ltr'><strong>erat,</strong></span> <span class='ocrx_word' id='word_1_238' title='bbox 815 1732 872 1777; x_wconf 86' lang='lat' dir='ltr'><strong>et</strong></span> <span class='ocrx_word' id='word_1_239' title='bbox 907 1723 1140 1777; x_wconf 89' lang='lat' dir='ltr'><strong>docebat</strong></span> <span class='ocrx_word' id='word_1_240' title='bbox 1183 1735 1278 1775; x_wconf 90' lang='lat' dir='ltr'><strong>eos</strong></span> <span class='ocrx_word' id='word_1_241' title='bbox 1306 1719 1360 1772; x_wconf 92' lang='lat' dir='ltr'><strong>in</strong></span> <span class='ocrx_word' id='word_1_242' title='bbox 1389 1715 1666 1786; x_wconf 90' lang='lat' dir='ltr'><strong>parabolis</strong></span> <span class='ocrx_word' id='word_1_243' title='bbox 1698 1712 1891 1775; x_wconf 90' lang='lat' dir='ltr'><strong>multa,</strong></span> <span class='ocrx_word' id='word_1_244' title='bbox 1927 1719 1980 1763; x_wconf 86' lang='lat' dir='ltr'><strong>et</strong></span> 
     </span>
    </p>
   </div>
   <div class='ocr_carea' id='block_1_34' title="bbox 2099 1701 3652 1791">
    <p class='ocr_par' dir='ltr' id='par_1_34' title="bbox 2099 1719 3652 1791">
     <span class='ocr_line' id='line_1_34' title="bbox 2099 1719 3652 1791; baseline 0 -16"><span class='ocrx_word' id='word_1_245' title='bbox 2099 1730 2153 1775; x_wconf 88' lang='lat' dir='ltr'><strong>et</strong></span> <span class='ocrx_word' id='word_1_246' title='bbox 2179 1720 2540 1791; x_wconf 76' lang='lat' dir='ltr'><strong>sexagesimo,</strong></span> <span class='ocrx_word' id='word_1_247' title='bbox 2601 1728 2656 1774; x_wconf 91' lang='lat' dir='ltr'><strong>et</strong></span> <span class='ocrx_word' id='word_1_248' title='bbox 2711 1719 3011 1774; x_wconf 89' lang='lat' dir='ltr'><strong>centesimo</strong></span> <span class='ocrx_word' id='word_1_249' title='bbox 3058 1720 3236 1774; x_wconf 91' lang='lat' dir='ltr'><strong>fructu</strong></span> <span class='ocrx_word' id='word_1_250' title='bbox 3294 1722 3652 1776; x_wconf 84' lang='lat' dir='ltr'><strong>continetur:</strong></span> 
     </span>
    </p>
   </div>
   <div class='ocr_carea' id='block_1_35' title="bbox 398 1803 1981 1873">
    <p class='ocr_par' dir='ltr' id='par_1_35' title="bbox 398 1803 1981 1873">
     <span class='ocr_line' id='line_1_35' title="bbox 398 1803 1981 1873; baseline -0.013 0"><span class='ocrx_word' id='word_1_251' title='bbox 398 1819 613 1873; x_wconf 74' lang='lat' dir='ltr'><strong>dicebat</strong></span> <span class='ocrx_word' id='word_1_252' title='bbox 658 1816 764 1868; x_wconf 87' lang='lat' dir='ltr'><strong>illis</strong></span> <span class='ocrx_word' id='word_1_253' title='bbox 825 1815 877 1867; x_wconf 91' lang='lat' dir='ltr'><strong>in</strong></span> <span class='ocrx_word' id='word_1_254' title='bbox 911 1814 1161 1867; x_wconf 86' lang='lat' dir='ltr'><strong>doctrina</strong></span> <span class='ocrx_word' id='word_1_255' title='bbox 1218 1826 1318 1865; x_wconf 90' lang='lat' dir='ltr'><strong>sua</strong></span> <span class='ocrx_word' id='word_1_256' title='bbox 1358 1826 1372 1863; x_wconf 93' lang='lat'><strong>:</strong></span> <span class='ocrx_word' id='word_1_257' title='bbox 1407 1809 1625 1863; x_wconf 78' lang='lat' dir='ltr'><strong>Audite.</strong></span> <span class='ocrx_word' id='word_1_258' title='bbox 1683 1804 1822 1859; x_wconf 82' lang='lat' dir='ltr'><strong>Ecce</strong></span> <span class='ocrx_word' id='word_1_259' title='bbox 1868 1803 1981 1855; x_wconf 83' lang='lat' dir='ltr'><strong>exit</strong></span> 
     </span>
    </p>
   </div>
   <div class='ocr_carea' id='block_1_36' title="bbox 399 1893 1977 1976">
    <p class='ocr_par' dir='ltr' id='par_1_36' title="bbox 399 1893 1977 1976">
     <span class='ocr_line' id='line_1_36' title="bbox 399 1893 1977 1976; baseline -0.012 -12"><span class='ocrx_word' id='word_1_260' title='bbox 399 1909 674 1964; x_wconf 78' lang='lat' dir='ltr'><strong>seminans</strong></span> <span class='ocrx_word' id='word_1_261' title='bbox 705 1908 772 1960; x_wconf 90' lang='lat' dir='ltr'><strong>ad</strong></span> <span class='ocrx_word' id='word_1_262' title='bbox 821 1903 1222 1976; x_wconf 62' lang='lat' dir='ltr'><strong>seminandum.</strong></span> <span class='ocrx_word' id='word_1_263' title='bbox 1251 1901 1316 1954; x_wconf 82' lang='lat' dir='ltr'><strong>Et</strong></span> <span class='ocrx_word' id='word_1_264' title='bbox 1359 1900 1488 1954; x_wconf 88' lang='lat' dir='ltr'><strong>dum</strong></span> <span class='ocrx_word' id='word_1_265' title='bbox 1533 1898 1787 1961; x_wconf 88' lang='lat' dir='ltr'><strong>seminat,</strong></span> <span class='ocrx_word' id='word_1_266' title='bbox 1830 1893 1977 1946; x_wconf 88' lang='lat' dir='ltr'><strong>aliud</strong></span> 
     </span>
    </p>
   </div>
   <div class='ocr_carea' id='block_1_37' title="bbox 399 1986 1984 2054">
    <p class='ocr_par' dir='ltr' id='par_1_37' title="bbox 399 1986 1984 2054">
     <span class='ocr_line' id='line_1_37' title="bbox 399 1986 1984 2054; baseline -0.011 0"><span class='ocrx_word' id='word_1_267' title='bbox 399 1999 596 2054; x_wconf 86' lang='lat' dir='ltr'><strong>cecidit</strong></span> <span class='ocrx_word' id='word_1_268' title='bbox 623 2012 784 2052; x_wconf 87' lang='lat' dir='ltr'><strong>secus</strong></span> <span class='ocrx_word' id='word_1_269' title='bbox 829 1998 970 2050; x_wconf 84' lang='lat' dir='ltr'><strong>viam</strong></span> <span class='ocrx_word' id='word_1_270' title='bbox 1010 2004 1111 2049; x_wconf 90' lang='lat' dir='ltr'><strong>:et</strong></span> <span class='ocrx_word' id='word_1_271' title='bbox 1146 2002 1414 2048; x_wconf 87' lang='lat' dir='ltr'><strong>venerunt</strong></span> <span class='ocrx_word' id='word_1_272' title='bbox 1459 1990 1713 2045; x_wconf 84' lang='lat' dir='ltr'><strong>volucres</strong></span> <span class='ocrx_word' id='word_1_273' title='bbox 1753 1986 1897 2049; x_wconf 68' lang='lat' dir='ltr'><strong>itali,</strong></span> <span class='ocrx_word' id='word_1_274' title='bbox 1927 1994 1984 2040; x_wconf 92' lang='lat' dir='ltr'><strong>et</strong></span> 
     </span>
    </p>
   </div>
   <div class='ocr_carea' id='block_1_38' title="bbox 399 2082 1982 2152">
    <p class='ocr_par' dir='ltr' id='par_1_38' title="bbox 399 2082 1982 2152">
     <span class='ocr_line' id='line_1_38' title="bbox 399 2082 1982 2152; baseline -0.011 -5"><span class='ocrx_word' id='word_1_275' title='bbox 399 2092 757 2149; x_wconf 85' lang='lat' dir='ltr'><strong>comederunt</strong></span> <span class='ocrx_word' id='word_1_276' title='bbox 783 2087 940 2143; x_wconf 83' lang='lat' dir='ltr'><strong>illud.</strong></span> <span class='ocrx_word' id='word_1_277' title='bbox 970 2085 1128 2140; x_wconf 81' lang='lat' dir='ltr'><strong>Aliud</strong></span> <span class='ocrx_word' id='word_1_278' title='bbox 1162 2101 1296 2140; x_wconf 91' lang='lat' dir='ltr'><strong>vero</strong></span> <span class='ocrx_word' id='word_1_279' title='bbox 1326 2082 1528 2138; x_wconf 85' lang='lat' dir='ltr'><strong>cecidit</strong></span> <span class='ocrx_word' id='word_1_280' title='bbox 1559 2095 1723 2152; x_wconf 86' lang='lat' dir='ltr'><strong>super</strong></span> <span class='ocrx_word' id='word_1_281' title='bbox 1745 2089 1982 2150; x_wconf 87' lang='lat' dir='ltr'><strong>petrosa,</strong></span> 
     </span>
    </p>
   </div>
   <div class='ocr_carea' id='block_1_39' title="bbox 400 2176 1983 2242">
    <p class='ocr_par' dir='ltr' id='par_1_39' title="bbox 400 2176 1983 2242">
     <span class='ocr_line' id='line_1_39' title="bbox 400 2176 1983 2242; baseline -0.009 -1"><span class='ocrx_word' id='word_1_282' title='bbox 400 2185 491 2242; x_wconf 90' lang='lat' dir='ltr'><strong>ubi</strong></span> <span class='ocrx_word' id='word_1_283' title='bbox 516 2200 625 2240; x_wconf 91' lang='lat' dir='ltr'><strong>non</strong></span> <span class='ocrx_word' id='word_1_284' title='bbox 668 2182 857 2237; x_wconf 89' lang='lat' dir='ltr'><strong>habuit</strong></span> <span class='ocrx_word' id='word_1_285' title='bbox 890 2190 1087 2236; x_wconf 88' lang='lat' dir='ltr'><strong>terram</strong></span> <span class='ocrx_word' id='word_1_286' title='bbox 1128 2177 1377 2239; x_wconf 80' lang='lat' dir='ltr'><strong>multam,</strong></span> <span class='ocrx_word' id='word_1_287' title='bbox 1408 2184 1464 2231; x_wconf 93' lang='lat' dir='ltr'><strong>et</strong></span> <span class='ocrx_word' id='word_1_288' title='bbox 1499 2176 1686 2230; x_wconf 89' lang='lat' dir='ltr'><strong>statim</strong></span> <span class='ocrx_word' id='word_1_289' title='bbox 1736 2185 1983 2228; x_wconf 81' lang='lat' dir='ltr'><strong>exortum</strong></span> 
     </span>
    </p>
   </div>
   <div class='ocr_carea' id='block_1_40' title="bbox 408 2267 1988 2347">
    <p class='ocr_par' dir='ltr' id='par_1_40' title="bbox 408 2267 1988 2347">
     <span class='ocr_line' id='line_1_40' title="bbox 408 2267 1988 2347; baseline -0.012 -14"><span class='ocrx_word' id='word_1_290' title='bbox 408 2286 514 2341; x_wconf 86' lang='lat' dir='ltr'><strong>est,</strong></span> <span class='ocrx_word' id='word_1_291' title='bbox 548 2276 809 2347; x_wconf 84' lang='lat' dir='ltr'><strong>anniam</strong></span> <span class='ocrx_word' id='word_1_292' title='bbox 864 2289 971 2327; x_wconf 89' lang='lat' dir='ltr'><strong>non</strong></span> <span class='ocrx_word' id='word_1_293' title='bbox 1016 2270 1250 2325; x_wconf 83' lang='lat' dir='ltr'><strong>habebat</strong></span> <span class='ocrx_word' id='word_1_294' title='bbox 1301 2267 1642 2322; x_wconf 83' lang='lat' dir='ltr'><strong>altitudinem</strong></span> <span class='ocrx_word' id='word_1_295' title='bbox 1686 2273 1845 2319; x_wconf 70' lang='lat' dir='ltr'><strong>terra:</strong></span> <span class='ocrx_word' id='word_1_296' title='bbox 1884 2281 1900 2314; x_wconf 89' lang='lat'><strong>:</strong></span> <span class='ocrx_word' id='word_1_297' title='bbox 1933 2271 1988 2315; x_wconf 91' lang='lat' dir='ltr'><strong>et</strong></span> 
     </span>
    </p>
   </div>
   <div class='ocr_carea' id='block_1_41' title="bbox 409 2358 1984 2443">
    <p class='ocr_par' dir='ltr' id='par_1_41' title="bbox 409 2358 1984 2443">
     <span class='ocr_line' id='line_1_41' title="bbox 409 2358 1984 2443; baseline -0.01 -18"><span class='ocrx_word' id='word_1_298' title='bbox 409 2374 626 2443; x_wconf 84' lang='lat' dir='ltr'><strong>quando</strong></span> <span class='ocrx_word' id='word_1_299' title='bbox 656 2376 879 2422; x_wconf 86' lang='lat' dir='ltr'><strong>esortus</strong></span> <span class='ocrx_word' id='word_1_300' title='bbox 906 2374 991 2420; x_wconf 91' lang='lat' dir='ltr'><strong>est</strong></span> <span class='ocrx_word' id='word_1_301' title='bbox 1021 2363 1124 2428; x_wconf 90' lang='lat' dir='ltr'><strong>sol,</strong></span> <span class='ocrx_word' id='word_1_302' title='bbox 1150 2360 1500 2422; x_wconf 66' lang='lat' dir='ltr'><strong>exaestuavit,</strong></span> <span class='ocrx_word' id='word_1_303' title='bbox 1524 2368 1578 2413; x_wconf 92' lang='lat' dir='ltr'><strong>et</strong></span> <span class='ocrx_word' id='word_1_304' title='bbox 1610 2373 1673 2411; x_wconf 90' lang='lat' dir='ltr'><strong>eo</strong></span> <span class='ocrx_word' id='word_1_305' title='bbox 1707 2358 1849 2427; x_wconf 88' lang='lat' dir='ltr'><strong>quod</strong></span> <span class='ocrx_word' id='word_1_306' title='bbox 1879 2370 1984 2409; x_wconf 93' lang='lat' dir='ltr'><strong>non</strong></span> 
     </span>
    </p>
   </div>
   <div class='ocr_carea' id='block_1_42' title="bbox 406 2450 1987 2525">
    <p class='ocr_par' dir='ltr' id='par_1_42' title="bbox 406 2450 1987 2525">
     <span class='ocr_line' id='line_1_42' title="bbox 406 2450 1987 2525; baseline -0.013 -4"><span class='ocrx_word' id='word_1_307' title='bbox 406 2468 639 2521; x_wconf 79' lang='lat' dir='ltr'><strong>habebat</strong></span> <span class='ocrx_word' id='word_1_308' title='bbox 666 2461 927 2525; x_wconf 83' lang='lat' dir='ltr'><strong>radicem,</strong></span> <span class='ocrx_word' id='word_1_309' title='bbox 961 2459 1197 2512; x_wconf 77' lang='lat' dir='ltr'><strong>exaruit.</strong></span> <span class='ocrx_word' id='word_1_310' title='bbox 1235 2457 1301 2510; x_wconf 86' lang='lat' dir='ltr'><strong>Et</strong></span> <span class='ocrx_word' id='word_1_311' title='bbox 1352 2454 1496 2509; x_wconf 85' lang='lat' dir='ltr'><strong>aliud</strong></span> <span class='ocrx_word' id='word_1_312' title='bbox 1549 2451 1749 2505; x_wconf 82' lang='lat' dir='ltr'><strong>cecidit</strong></span> <span class='ocrx_word' id='word_1_313' title='bbox 1779 2453 1831 2504; x_wconf 95' lang='lat' dir='ltr'><strong>in</strong></span> <span class='ocrx_word' id='word_1_314' title='bbox 1870 2450 1987 2519; x_wconf 86' lang='lat' dir='ltr'><strong>spi-</strong></span> 
     </span>
    </p>
   </div>
   <div class='ocr_carea' id='block_1_43' title="bbox 407 2540 1982 2621">
    <p class='ocr_par' dir='ltr' id='par_1_43' title="bbox 407 2540 1982 2621">
     <span class='ocr_line' id='line_1_43' title="bbox 407 2540 1982 2621; baseline -0.011 -10"><span class='ocrx_word' id='word_1_315' title='bbox 407 2573 526 2621; x_wconf 89' lang='lat' dir='ltr'><strong>nas,</strong></span> <span class='ocrx_word' id='word_1_316' title='bbox 562 2564 615 2609; x_wconf 88' lang='lat' dir='ltr'><strong>et</strong></span> <span class='ocrx_word' id='word_1_317' title='bbox 646 2551 1015 2606; x_wconf 83' lang='lat' dir='ltr'><strong>ascenderunt</strong></span> <span class='ocrx_word' id='word_1_318' title='bbox 1047 2548 1235 2616; x_wconf 78' lang='lat' dir='ltr'><strong>spinae,</strong></span> <span class='ocrx_word' id='word_1_319' title='bbox 1268 2555 1322 2599; x_wconf 89' lang='lat' dir='ltr'><strong>et</strong></span> <span class='ocrx_word' id='word_1_320' title='bbox 1381 2542 1790 2597; x_wconf 78' lang='lat' dir='ltr'><strong>sulfocaverunt</strong></span> <span class='ocrx_word' id='word_1_321' title='bbox 1831 2540 1982 2606; x_wconf 91' lang='lat' dir='ltr'><strong>illud,</strong></span> 
     </span>
    </p>
   </div>
   <div class='ocr_carea' id='block_1_44' title="bbox 405 2634 1987 2702">
    <p class='ocr_par' dir='ltr' id='par_1_44' title="bbox 405 2634 1987 2702">
     <span class='ocr_line' id='line_1_44' title="bbox 405 2634 1987 2702; baseline -0.01 1"><span class='ocrx_word' id='word_1_322' title='bbox 405 2659 460 2702; x_wconf 87' lang='lat' dir='ltr'><strong>et</strong></span> <span class='ocrx_word' id='word_1_323' title='bbox 509 2645 747 2699; x_wconf 88' lang='lat' dir='ltr'><strong>fructum</strong></span> <span class='ocrx_word' id='word_1_324' title='bbox 798 2655 907 2694; x_wconf 91' lang='lat' dir='ltr'><strong>nou</strong></span> <span class='ocrx_word' id='word_1_325' title='bbox 958 2640 1126 2694; x_wconf 89' lang='lat' dir='ltr'><strong>dedit.</strong></span> <span class='ocrx_word' id='word_1_326' title='bbox 1160 2637 1227 2691; x_wconf 79' lang='lat' dir='ltr'><strong>Et</strong></span> <span class='ocrx_word' id='word_1_327' title='bbox 1272 2635 1413 2689; x_wconf 87' lang='lat' dir='ltr'><strong>aliud</strong></span> <span class='ocrx_word' id='word_1_328' title='bbox 1464 2634 1657 2689; x_wconf 88' lang='lat' dir='ltr'><strong>cecidit</strong></span> <span class='ocrx_word' id='word_1_329' title='bbox 1690 2634 1741 2688; x_wconf 91' lang='lat' dir='ltr'><strong>in</strong></span> <span class='ocrx_word' id='word_1_330' title='bbox 1786 2640 1987 2688; x_wconf 90' lang='lat' dir='ltr'><strong>terram</strong></span> 
     </span>
    </p>
   </div>
   <div class='ocr_carea' id='block_1_45' title="bbox 416 2726 1990 2796">
    <p class='ocr_par' dir='ltr' id='par_1_45' title="bbox 416 2726 1990 2796">
     <span class='ocr_line' id='line_1_45' title="bbox 416 2726 1990 2796; baseline -0.009 -4"><span class='ocrx_word' id='word_1_331' title='bbox 416 2741 635 2796; x_wconf 82' lang='lat' dir='ltr'><strong>bonam.</strong></span> <span class='ocrx_word' id='word_1_332' title='bbox 667 2742 721 2787; x_wconf 91' lang='lat' dir='ltr'><strong>et</strong></span> <span class='ocrx_word' id='word_1_333' title='bbox 755 2732 915 2785; x_wconf 90' lang='lat' dir='ltr'><strong>dabat</strong></span> <span class='ocrx_word' id='word_1_334' title='bbox 949 2730 1183 2784; x_wconf 90' lang='lat' dir='ltr'><strong>lructum</strong></span> <span class='ocrx_word' id='word_1_335' title='bbox 1221 2726 1626 2791; x_wconf 78' lang='lat' dir='ltr'><strong>ascendentem,</strong></span> <span class='ocrx_word' id='word_1_336' title='bbox 1657 2733 1710 2779; x_wconf 91' lang='lat' dir='ltr'><strong>et</strong></span> <span class='ocrx_word' id='word_1_337' title='bbox 1734 2738 1990 2779; x_wconf 85' lang='lat' dir='ltr'><strong>crescen-</strong></span> 
     </span>
    </p>
   </div>
   <div class='ocr_carea' id='block_1_46' title="bbox 407 2821 1992 2885">
    <p class='ocr_par' dir='ltr' id='par_1_46' title="bbox 407 2821 1992 2885">
     <span class='ocr_line' id='line_1_46' title="bbox 407 2821 1992 2885; baseline -0.01 -1"><span class='ocrx_word' id='word_1_338' title='bbox 407 2843 517 2885; x_wconf 89' lang='lat' dir='ltr'><strong>tem</strong></span> <span class='ocrx_word' id='word_1_339' title='bbox 551 2847 564 2883; x_wconf 92' lang='lat'><strong>:</strong></span> <span class='ocrx_word' id='word_1_340' title='bbox 603 2837 657 2883; x_wconf 90' lang='lat' dir='ltr'><strong>et</strong></span> <span class='ocrx_word' id='word_1_341' title='bbox 690 2824 948 2880; x_wconf 78' lang='lat' dir='ltr'><strong>afftrebat</strong></span> <span class='ocrx_word' id='word_1_342' title='bbox 977 2839 1142 2877; x_wconf 91' lang='lat' dir='ltr'><strong>unum</strong></span> <span class='ocrx_word' id='word_1_343' title='bbox 1176 2821 1611 2879; x_wconf 88' lang='lat' dir='ltr'><strong>tricesimum,et</strong></span> <span class='ocrx_word' id='word_1_344' title='bbox 1633 2832 1799 2871; x_wconf 89' lang='lat' dir='ltr'><strong>unum</strong></span> <span class='ocrx_word' id='word_1_345' title='bbox 1833 2831 1992 2872; x_wconf 77' lang='lat' dir='ltr'><strong>sexa-</strong></span> 
     </span>
    </p>
   </div>
   <div class='ocr_carea' id='block_1_47' title="bbox 411 2909 1989 2999">
    <p class='ocr_par' dir='ltr' id='par_1_47' title="bbox 411 2909 1989 2999">
     <span class='ocr_line' id='line_1_47' title="bbox 411 2909 1989 2999; baseline -0.01 -20"><span class='ocrx_word' id='word_1_346' title='bbox 411 2924 713 2999; x_wconf 85' lang='lat' dir='ltr'><strong>gesimum,</strong></span> <span class='ocrx_word' id='word_1_347' title='bbox 744 2929 799 2974; x_wconf 90' lang='lat' dir='ltr'><strong>et</strong></span> <span class='ocrx_word' id='word_1_348' title='bbox 842 2931 1006 2971; x_wconf 89' lang='lat' dir='ltr'><strong>unum</strong></span> <span class='ocrx_word' id='word_1_349' title='bbox 1056 2915 1439 2969; x_wconf 89' lang='lat' dir='ltr'><strong>centesimum.</strong></span> <span class='ocrx_word' id='word_1_350' title='bbox 1480 2910 1546 2964; x_wconf 83' lang='lat' dir='ltr'><strong>Et</strong></span> <span class='ocrx_word' id='word_1_351' title='bbox 1584 2910 1801 2965; x_wconf 87' lang='lat' dir='ltr'><strong>dicebat</strong></span> <span class='ocrx_word' id='word_1_352' title='bbox 1835 2925 1852 2967; x_wconf 86' lang='lat'><strong>:</strong></span> <span class='ocrx_word' id='word_1_353' title='bbox 1889 2909 1989 2976; x_wconf 87' lang='lat' dir='ltr'><strong>Qui</strong></span> 
     </span>
    </p>
   </div>
   <div class='ocr_carea' id='block_1_48' title="bbox 410 3005 1987 3076">
    <p class='ocr_par' dir='ltr' id='par_1_48' title="bbox 410 3005 1987 3076">
     <span class='ocr_line' id='line_1_48' title="bbox 410 3005 1987 3076; baseline -0.01 -5"><span class='ocrx_word' id='word_1_354' title='bbox 410 3017 571 3072; x_wconf 85' lang='lat' dir='ltr'><strong>habet</strong></span> <span class='ocrx_word' id='word_1_355' title='bbox 612 3029 774 3068; x_wconf 89' lang='lat' dir='ltr'><strong>aures</strong></span> <span class='ocrx_word' id='word_1_356' title='bbox 812 3009 1091 3075; x_wconf 89' lang='lat' dir='ltr'><strong>audiendi,</strong></span> <span class='ocrx_word' id='word_1_357' title='bbox 1127 3007 1335 3063; x_wconf 88' lang='lat' dir='ltr'><strong>audiat.</strong></span> <span class='ocrx_word' id='word_1_358' title='bbox 1366 3006 1577 3061; x_wconf 84' lang='lat' dir='ltr'><strong>Etcum</strong></span> <span class='ocrx_word' id='word_1_359' title='bbox 1608 3015 1754 3060; x_wconf 87' lang='lat' dir='ltr'><strong>esset</strong></span> <span class='ocrx_word' id='word_1_360' title='bbox 1803 3005 1987 3076; x_wconf 64' lang='lat' dir='ltr'><strong>singu~</strong></span> 
     </span>
    </p>
   </div>
   <div class='ocr_carea' id='block_1_49' title="bbox 407 3096 1985 3176">
    <p class='ocr_par' dir='ltr' id='par_1_49' title="bbox 407 3096 1985 3176">
     <span class='ocr_line' id='line_1_49' title="bbox 407 3096 1985 3176; baseline -0.01 -13"><span class='ocrx_word' id='word_1_361' title='bbox 407 3111 561 3173; x_wconf 86' lang='lat' dir='ltr'><strong>laris,</strong></span> <span class='ocrx_word' id='word_1_362' title='bbox 598 3109 1073 3176; x_wconf 85' lang='lat' dir='ltr'><strong>interrogaverunt</strong></span> <span class='ocrx_word' id='word_1_363' title='bbox 1118 3116 1242 3156; x_wconf 90' lang='lat' dir='ltr'><strong>cum</strong></span> <span class='ocrx_word' id='word_1_364' title='bbox 1292 3100 1343 3154; x_wconf 83' lang='lat' dir='ltr'><strong>lii</strong></span> <span class='ocrx_word' id='word_1_365' title='bbox 1381 3101 1495 3170; x_wconf 80' lang='lat' dir='ltr'><strong>(qui</strong></span> <span class='ocrx_word' id='word_1_366' title='bbox 1538 3113 1665 3153; x_wconf 92' lang='lat' dir='ltr'><strong>cum</strong></span> <span class='ocrx_word' id='word_1_367' title='bbox 1717 3113 1781 3151; x_wconf 89' lang='lat' dir='ltr'><strong>co</strong></span> <span class='ocrx_word' id='word_1_368' title='bbox 1809 3096 1985 3166; x_wconf 87' lang='lat' dir='ltr'><strong>erant)</strong></span> 
     </span>
    </p>
   </div>
   <div class='ocr_carea' id='block_1_50' title="bbox 408 3188 1986 3266">
    <p class='ocr_par' dir='ltr' id='par_1_50' title="bbox 408 3188 1986 3266">
     <span class='ocr_line' id='line_1_50' title="bbox 408 3188 1986 3266; baseline -0.009 -13"><span class='ocrx_word' id='word_1_369' title='bbox 408 3198 715 3256; x_wconf 88' lang='lat' dir='ltr'><strong>duodecim,</strong></span> <span class='ocrx_word' id='word_1_370' title='bbox 747 3193 1087 3266; x_wconf 89' lang='lat' dir='ltr'><strong>parabolam.</strong></span> <span class='ocrx_word' id='word_1_371' title='bbox 1114 3192 1178 3245; x_wconf 83' lang='lat' dir='ltr'><strong>Et</strong></span> <span class='ocrx_word' id='word_1_372' title='bbox 1206 3189 1422 3245; x_wconf 86' lang='lat' dir='ltr'><strong>dicebat</strong></span> <span class='ocrx_word' id='word_1_373' title='bbox 1448 3189 1528 3245; x_wconf 92' lang='lat' dir='ltr'><strong>eis</strong></span> <span class='ocrx_word' id='word_1_374' title='bbox 1554 3205 1568 3243; x_wconf 91' lang='lat'><strong>:</strong></span> <span class='ocrx_word' id='word_1_375' title='bbox 1602 3188 1761 3244; x_wconf 72' lang='lat' dir='ltr'><strong>Vobis</strong></span> <span class='ocrx_word' id='word_1_376' title='bbox 1801 3191 1986 3242; x_wconf 84' lang='lat' dir='ltr'><strong>datum</strong></span> 
     </span>
    </p>
   </div>
   <div class='ocr_carea' id='block_1_51' title="bbox 408 3278 1988 3356">
    <p class='ocr_par' dir='ltr' id='par_1_51' title="bbox 408 3278 1988 3356">
     <span class='ocr_line' id='line_1_51' title="bbox 408 3278 1988 3356; baseline -0.008 -12"><span class='ocrx_word' id='word_1_377' title='bbox 408 3302 494 3345; x_wconf 91' lang='lat' dir='ltr'><strong>est</strong></span> <span class='ocrx_word' id='word_1_378' title='bbox 543 3303 705 3343; x_wconf 89' lang='lat' dir='ltr'><strong>nosse</strong></span> <span class='ocrx_word' id='word_1_379' title='bbox 758 3287 1078 3356; x_wconf 83' lang='lat' dir='ltr'><strong>mysterium</strong></span> <span class='ocrx_word' id='word_1_380' title='bbox 1126 3284 1275 3351; x_wconf 84' lang='lat' dir='ltr'><strong>regni</strong></span> <span class='ocrx_word' id='word_1_381' title='bbox 1324 3280 1419 3335; x_wconf 88' lang='lat' dir='ltr'><strong>Dei</strong></span> <span class='ocrx_word' id='word_1_382' title='bbox 1472 3295 1488 3335; x_wconf 85' lang='lat'><strong>:</strong></span> <span class='ocrx_word' id='word_1_383' title='bbox 1531 3280 1638 3334; x_wconf 88' lang='lat' dir='ltr'><strong>illis</strong></span> <span class='ocrx_word' id='word_1_384' title='bbox 1663 3291 1866 3341; x_wconf 83' lang='lat' dir='ltr'><strong>autem,</strong></span> <span class='ocrx_word' id='word_1_385' title='bbox 1899 3278 1988 3347; x_wconf 85' lang='lat' dir='ltr'><strong>qiti</strong></span> 
     </span>
    </p>
   </div>
   <div class='ocr_carea' id='block_1_52' title="bbox 411 3372 1987 3447">
    <p class='ocr_par' dir='ltr' id='par_1_52' title="bbox 411 3372 1987 3447">
     <span class='ocr_line' id='line_1_52' title="bbox 411 3372 1987 3447; baseline -0.006 -12"><span class='ocrx_word' id='word_1_386' title='bbox 411 3381 543 3437; x_wconf 89' lang='lat' dir='ltr'><strong>foris</strong></span> <span class='ocrx_word' id='word_1_387' title='bbox 572 3387 721 3445; x_wconf 90' lang='lat' dir='ltr'><strong>sunt,</strong></span> <span class='ocrx_word' id='word_1_388' title='bbox 756 3380 810 3431; x_wconf 92' lang='lat' dir='ltr'><strong>in</strong></span> <span class='ocrx_word' id='word_1_389' title='bbox 867 3377 1143 3447; x_wconf 86' lang='lat' dir='ltr'><strong>parabolis</strong></span> <span class='ocrx_word' id='word_1_390' title='bbox 1186 3373 1371 3429; x_wconf 91' lang='lat' dir='ltr'><strong>omnia</strong></span> <span class='ocrx_word' id='word_1_391' title='bbox 1426 3375 1561 3426; x_wconf 84' lang='lat' dir='ltr'><strong>fiunt</strong></span> <span class='ocrx_word' id='word_1_392' title='bbox 1594 3387 1609 3423; x_wconf 88' lang='lat'><strong>:</strong></span> <span class='ocrx_word' id='word_1_393' title='bbox 1640 3381 1697 3425; x_wconf 92' lang='lat' dir='ltr'><strong>nt</strong></span> <span class='ocrx_word' id='word_1_394' title='bbox 1744 3372 1987 3435; x_wconf 87' lang='lat' dir='ltr'><strong>videant,</strong></span> 
     </span>
    </p>
   </div>
   <div class='ocr_carea' id='block_1_53' title="bbox 411 3465 1991 3530">
    <p class='ocr_par' dir='ltr' id='par_1_53' title="bbox 411 3465 1991 3530">
     <span class='ocr_line' id='line_1_53' title="bbox 411 3465 1991 3530; baseline -0.006 -1"><span class='ocrx_word' id='word_1_395' title='bbox 411 3484 466 3529; x_wconf 92' lang='lat' dir='ltr'><strong>et</strong></span> <span class='ocrx_word' id='word_1_396' title='bbox 494 3488 598 3527; x_wconf 91' lang='lat' dir='ltr'><strong>non</strong></span> <span class='ocrx_word' id='word_1_397' title='bbox 625 3471 846 3526; x_wconf 84' lang='lat' dir='ltr'><strong>videant</strong></span> <span class='ocrx_word' id='word_1_398' title='bbox 883 3485 897 3522; x_wconf 91' lang='lat'><strong>:</strong></span> <span class='ocrx_word' id='word_1_399' title='bbox 932 3478 985 3522; x_wconf 92' lang='lat' dir='ltr'><strong>et</strong></span> <span class='ocrx_word' id='word_1_400' title='bbox 1018 3469 1297 3521; x_wconf 87' lang='lat' dir='ltr'><strong>audientes</strong></span> <span class='ocrx_word' id='word_1_401' title='bbox 1330 3466 1577 3530; x_wconf 86' lang='lat' dir='ltr'><strong>audiant,</strong></span> <span class='ocrx_word' id='word_1_402' title='bbox 1612 3477 1666 3518; x_wconf 90' lang='lat' dir='ltr'><strong>et</strong></span> <span class='ocrx_word' id='word_1_403' title='bbox 1694 3480 1798 3519; x_wconf 91' lang='lat' dir='ltr'><strong>non</strong></span> <span class='ocrx_word' id='word_1_404' title='bbox 1830 3465 1991 3520; x_wconf 82' lang='lat' dir='ltr'><strong>intel-</strong></span> 
     </span>
    </p>
   </div>
   <div class='ocr_carea' id='block_1_54' title="bbox 413 3558 1994 3638">
    <p class='ocr_par' dir='ltr' id='par_1_54' title="bbox 413 3558 1994 3638">
     <span class='ocr_line' id='line_1_54' title="bbox 413 3558 1994 3638; baseline -0.005 -18"><span class='ocrx_word' id='word_1_405' title='bbox 413 3567 581 3638; x_wconf 88' lang='lat' dir='ltr'><strong>ligant</strong></span> <span class='ocrx_word' id='word_1_406' title='bbox 625 3582 640 3620; x_wconf 85' lang='lat'><strong>:</strong></span> <span class='ocrx_word' id='word_1_407' title='bbox 683 3578 750 3617; x_wconf 89' lang='lat' dir='ltr'><strong>ne</strong></span> <span class='ocrx_word' id='word_1_408' title='bbox 785 3562 1004 3631; x_wconf 84' lang='lat' dir='ltr'><strong>quando</strong></span> <span class='ocrx_word' id='word_1_409' title='bbox 1037 3568 1429 3615; x_wconf 87' lang='lat' dir='ltr'><strong>convertantur</strong></span> <span class='ocrx_word' id='word_1_410' title='bbox 1456 3565 1511 3611; x_wconf 90' lang='lat' dir='ltr'><strong>et</strong></span> <span class='ocrx_word' id='word_1_411' title='bbox 1546 3558 1893 3611; x_wconf 88' lang='lat' dir='ltr'><strong>dimittantur</strong></span> <span class='ocrx_word' id='word_1_412' title='bbox 1916 3559 1994 3612; x_wconf 91' lang='lat' dir='ltr'><strong>eis</strong></span> 
     </span>
    </p>
   </div>
   <div class='ocr_carea' id='block_1_55' title="bbox 412 3650 1997 3730">
    <p class='ocr_par' dir='ltr' id='par_1_55' title="bbox 412 3650 1997 3730">
     <span class='ocr_line' id='line_1_55' title="bbox 412 3650 1997 3730; baseline -0.004 -18"><span class='ocrx_word' id='word_1_413' title='bbox 412 3670 656 3730; x_wconf 89' lang='lat' dir='ltr'><strong>peccata.</strong></span> <span class='ocrx_word' id='word_1_414' title='bbox 691 3656 756 3710; x_wconf 76' lang='lat' dir='ltr'><strong>Et</strong></span> <span class='ocrx_word' id='word_1_415' title='bbox 806 3657 881 3710; x_wconf 91' lang='lat' dir='ltr'><strong>ait</strong></span> <span class='ocrx_word' id='word_1_416' title='bbox 914 3655 1069 3709; x_wconf 83' lang='lat' dir='ltr'><strong>illis:</strong></span> <span class='ocrx_word' id='word_1_417' title='bbox 1116 3650 1353 3707; x_wconf 79' lang='lat' dir='ltr'><strong>Nescitis</strong></span> <span class='ocrx_word' id='word_1_418' title='bbox 1396 3651 1709 3722; x_wconf 85' lang='lat' dir='ltr'><strong>parabolam</strong></span> <span class='ocrx_word' id='word_1_419' title='bbox 1749 3652 1912 3714; x_wconf 86' lang='lat' dir='ltr'><strong>hanc,</strong></span> <span class='ocrx_word' id='word_1_420' title='bbox 1941 3660 1997 3705; x_wconf 90' lang='lat' dir='ltr'><strong>et</strong></span> 
     </span>
    </p>
   </div>
   <div class='ocr_carea' id='block_1_56' title="bbox 413 3739 1993 3820">
    <p class='ocr_par' dir='ltr' id='par_1_56' title="bbox 413 3739 1993 3820">
     <span class='ocr_line' id='line_1_56' title="bbox 413 3739 1993 3820; baseline -0.006 -18"><span class='ocrx_word' id='word_1_421' title='bbox 413 3750 683 3820; x_wconf 76' lang='lat' dir='ltr'><strong>quomodo</strong></span> <span class='ocrx_word' id='word_1_422' title='bbox 710 3762 906 3801; x_wconf 88' lang='lat' dir='ltr'><strong>omnes</strong></span> <span class='ocrx_word' id='word_1_423' title='bbox 942 3742 1235 3815; x_wconf 86' lang='lat' dir='ltr'><strong>parabolas</strong></span> <span class='ocrx_word' id='word_1_424' title='bbox 1269 3740 1661 3813; x_wconf 75' lang='lat' dir='ltr'><strong>cognoscetis?</strong></span> <span class='ocrx_word' id='word_1_425' title='bbox 1695 3739 1797 3806; x_wconf 87' lang='lat' dir='ltr'><strong>Qui</strong></span> <span class='ocrx_word' id='word_1_426' title='bbox 1825 3742 1993 3795; x_wconf 87' lang='lat' dir='ltr'><strong>semi-</strong></span> 
     </span>
    </p>
   </div>
   <div class='ocr_carea' id='block_1_57' title="bbox 418 3831 1998 3909">
    <p class='ocr_par' dir='ltr' id='par_1_57' title="bbox 418 3831 1998 3909">
     <span class='ocr_line' id='line_1_57' title="bbox 418 3831 1998 3909; baseline -0.008 -11"><span class='ocrx_word' id='word_1_427' title='bbox 418 3852 535 3909; x_wconf 88' lang='lat' dir='ltr'><strong>nat,</strong></span> <span class='ocrx_word' id='word_1_428' title='bbox 572 3842 798 3896; x_wconf 89' lang='lat' dir='ltr'><strong>verbum</strong></span> <span class='ocrx_word' id='word_1_429' title='bbox 862 3838 1122 3892; x_wconf 90' lang='lat' dir='ltr'><strong>seminat.</strong></span> <span class='ocrx_word' id='word_1_430' title='bbox 1153 3835 1219 3889; x_wconf 85' lang='lat' dir='ltr'><strong>lli</strong></span> <span class='ocrx_word' id='word_1_431' title='bbox 1280 3843 1460 3889; x_wconf 88' lang='lat' dir='ltr'><strong>autem</strong></span> <span class='ocrx_word' id='word_1_432' title='bbox 1514 3842 1663 3900; x_wconf 91' lang='lat' dir='ltr'><strong>sunt,</strong></span> <span class='ocrx_word' id='word_1_433' title='bbox 1698 3832 1790 3903; x_wconf 92' lang='lat' dir='ltr'><strong>qni</strong></span> <span class='ocrx_word' id='word_1_434' title='bbox 1852 3831 1998 3887; x_wconf 85' lang='lat' dir='ltr'><strong>circa</strong></span> 
     </span>
    </p>
   </div>
   <div class='ocr_carea' id='block_1_58' title="bbox 415 3922 1995 3999">
    <p class='ocr_par' dir='ltr' id='par_1_58' title="bbox 415 3922 1995 3999">
     <span class='ocr_line' id='line_1_58' title="bbox 415 3922 1995 3999; baseline -0.008 -11"><span class='ocrx_word' id='word_1_435' title='bbox 415 3936 583 3999; x_wconf 90' lang='lat' dir='ltr'><strong>viam,</strong></span> <span class='ocrx_word' id='word_1_436' title='bbox 612 3932 703 3987; x_wconf 87' lang='lat' dir='ltr'><strong>ubi</strong></span> <span class='ocrx_word' id='word_1_437' title='bbox 763 3929 1068 3985; x_wconf 90' lang='lat' dir='ltr'><strong>seminatur</strong></span> <span class='ocrx_word' id='word_1_438' title='bbox 1128 3929 1375 3992; x_wconf 82' lang='lat' dir='ltr'><strong>verbum,</strong></span> <span class='ocrx_word' id='word_1_439' title='bbox 1405 3935 1459 3981; x_wconf 91' lang='lat' dir='ltr'><strong>ct</strong></span> <span class='ocrx_word' id='word_1_440' title='bbox 1520 3940 1643 3979; x_wconf 91' lang='lat' dir='ltr'><strong>cum</strong></span> <span class='ocrx_word' id='word_1_441' title='bbox 1698 3922 1995 3989; x_wconf 89' lang='lat' dir='ltr'><strong>audierint,</strong></span> 
     </span>
    </p>
   </div>
   <div class='ocr_carea' id='block_1_59' title="bbox 378 4016 1997 4083">
    <p class='ocr_par' dir='ltr' id='par_1_59' title="bbox 378 4016 1997 4083">
     <span class='ocr_line' id='line_1_59' title="bbox 378 4016 1997 4083; baseline -0.007 -4"><span class='ocrx_word' id='word_1_442' title='bbox 378 4024 705 4080; x_wconf 67' lang='lat' dir='ltr'><strong>‘cunfcstim</strong></span> <span class='ocrx_word' id='word_1_443' title='bbox 750 4021 897 4076; x_wconf 90' lang='lat' dir='ltr'><strong>venit</strong></span> <span class='ocrx_word' id='word_1_444' title='bbox 949 4018 1200 4081; x_wconf 88' lang='lat' dir='ltr'><strong>Satanas,</strong></span> <span class='ocrx_word' id='word_1_445' title='bbox 1237 4028 1293 4072; x_wconf 87' lang='lat' dir='ltr'><strong>et</strong></span> <span class='ocrx_word' id='word_1_446' title='bbox 1344 4017 1522 4071; x_wconf 85' lang='lat' dir='ltr'><strong>aufert</strong></span> <span class='ocrx_word' id='word_1_447' title='bbox 1576 4016 1823 4080; x_wconf 78' lang='lat' dir='ltr'><strong>verbum,</strong></span> <span class='ocrx_word' id='word_1_448' title='bbox 1855 4016 1997 4083; x_wconf 86' lang='lat' dir='ltr'><strong>quod</strong></span> 
     </span>
    </p>
   </div>
   <div class='ocr_carea' id='block_1_60' title="bbox 418 4108 1997 4173">
    <p class='ocr_par' dir='ltr' id='par_1_60' title="bbox 418 4108 1997 4173">
     <span class='ocr_line' id='line_1_60' title="bbox 418 4108 1997 4173; baseline -0.009 0"><span class='ocrx_word' id='word_1_449' title='bbox 418 4118 746 4173; x_wconf 84' lang='lat' dir='ltr'><strong>setninatnm</strong></span> <span class='ocrx_word' id='word_1_450' title='bbox 802 4123 887 4167; x_wconf 88' lang='lat' dir='ltr'><strong>est</strong></span> <span class='ocrx_word' id='word_1_451' title='bbox 939 4113 991 4165; x_wconf 91' lang='lat' dir='ltr'><strong>in</strong></span> <span class='ocrx_word' id='word_1_452' title='bbox 1056 4112 1313 4167; x_wconf 89' lang='lat' dir='ltr'><strong>cordibus</strong></span> <span class='ocrx_word' id='word_1_453' title='bbox 1345 4125 1562 4165; x_wconf 87' lang='lat' dir='ltr'><strong>eorum.</strong></span> <span class='ocrx_word' id='word_1_454' title='bbox 1605 4109 1673 4163; x_wconf 86' lang='lat' dir='ltr'><strong>Et</strong></span> <span class='ocrx_word' id='word_1_455' title='bbox 1726 4108 1780 4161; x_wconf 89' lang='lat' dir='ltr'><strong>hi</strong></span> <span class='ocrx_word' id='word_1_456' title='bbox 1848 4117 1997 4171; x_wconf 89' lang='lat' dir='ltr'><strong>sunt,</strong></span> 
     </span>
    </p>
   </div>
   <div class='ocr_carea' id='block_1_61' title="bbox 419 4199 1998 4276">
    <p class='ocr_par' dir='ltr' id='par_1_61' title="bbox 419 4199 1998 4276">
     <span class='ocr_line' id='line_1_61' title="bbox 419 4199 1998 4276; baseline -0.008 -14"><span class='ocrx_word' id='word_1_457' title='bbox 419 4208 693 4269; x_wconf 84' lang='lat' dir='ltr'><strong>similiter,</strong></span> <span class='ocrx_word' id='word_1_458' title='bbox 728 4206 820 4276; x_wconf 87' lang='lat' dir='ltr'><strong>qui</strong></span> <span class='ocrx_word' id='word_1_459' title='bbox 859 4219 1024 4273; x_wconf 88' lang='lat' dir='ltr'><strong>super</strong></span> <span class='ocrx_word' id='word_1_460' title='bbox 1078 4211 1297 4271; x_wconf 89' lang='lat' dir='ltr'><strong>petrosa</strong></span> <span class='ocrx_word' id='word_1_461' title='bbox 1329 4201 1671 4256; x_wconf 87' lang='lat' dir='ltr'><strong>seminantur</strong></span> <span class='ocrx_word' id='word_1_462' title='bbox 1698 4215 1713 4253; x_wconf 89' lang='lat'><strong>:</strong></span> <span class='ocrx_word' id='word_1_463' title='bbox 1742 4199 1833 4269; x_wconf 88' lang='lat' dir='ltr'><strong>qui</strong></span> <span class='ocrx_word' id='word_1_464' title='bbox 1878 4214 1998 4253; x_wconf 87' lang='lat' dir='ltr'><strong>cum</strong></span> 
     </span>
    </p>
   </div>
   <div class='ocr_carea' id='block_1_62' title="bbox 422 4293 2001 4362">
    <p class='ocr_par' dir='ltr' id='par_1_62' title="bbox 422 4293 2001 4362">
     <span class='ocr_line' id='line_1_62' title="bbox 422 4293 2001 4362; baseline -0.006 -9"><span class='ocrx_word' id='word_1_465' title='bbox 422 4299 699 4353; x_wconf 88' lang='lat' dir='ltr'><strong>audierint</strong></span> <span class='ocrx_word' id='word_1_466' title='bbox 764 4299 1013 4361; x_wconf 82' lang='lat' dir='ltr'><strong>verbum,</strong></span> <span class='ocrx_word' id='word_1_467' title='bbox 1044 4294 1230 4349; x_wconf 83' lang='lat' dir='ltr'><strong>statim</strong></span> <span class='ocrx_word' id='word_1_468' title='bbox 1283 4309 1406 4349; x_wconf 85' lang='lat' dir='ltr'><strong>eum</strong></span> <span class='ocrx_word' id='word_1_469' title='bbox 1467 4293 1666 4362; x_wconf 85' lang='lat' dir='ltr'><strong>gaudio</strong></span> <span class='ocrx_word' id='word_1_470' title='bbox 1729 4293 2001 4360; x_wconf 85' lang='lat' dir='ltr'><strong>accipiunt</strong></span> 
     </span>
    </p>
   </div>
   <div class='ocr_carea' id='block_1_63' title="bbox 423 4386 2080 4457">
    <p class='ocr_par' dir='ltr' id='par_1_63' title="bbox 423 4386 2080 4457">
     <span class='ocr_line' id='line_1_63' title="bbox 423 4386 2080 4457; baseline -0.005 -10"><span class='ocrx_word' id='word_1_471' title='bbox 423 4393 551 4447; x_wconf 89' lang='lat' dir='ltr'><strong>illud</strong></span> <span class='ocrx_word' id='word_1_472' title='bbox 580 4408 595 4447; x_wconf 86' lang='lat'><strong>:</strong></span> <span class='ocrx_word' id='word_1_473' title='bbox 628 4401 683 4445; x_wconf 89' lang='lat' dir='ltr'><strong>et</strong></span> <span class='ocrx_word' id='word_1_474' title='bbox 707 4405 815 4445; x_wconf 89' lang='lat' dir='ltr'><strong>non</strong></span> <span class='ocrx_word' id='word_1_475' title='bbox 857 4391 1061 4444; x_wconf 82' lang='lat' dir='ltr'><strong>habent</strong></span> <span class='ocrx_word' id='word_1_476' title='bbox 1093 4388 1328 4442; x_wconf 89' lang='lat' dir='ltr'><strong>radicem</strong></span> <span class='ocrx_word' id='word_1_477' title='bbox 1366 4386 1416 4439; x_wconf 91' lang='lat' dir='ltr'><strong>in</strong></span> <span class='ocrx_word' id='word_1_478' title='bbox 1448 4402 1531 4452; x_wconf 89' lang='lat' dir='ltr'><strong>se,</strong></span> <span class='ocrx_word' id='word_1_479' title='bbox 1552 4387 1644 4441; x_wconf 74' lang='lat' dir='ltr'><strong>sed</strong></span> <span class='ocrx_word' id='word_1_480' title='bbox 1672 4390 1999 4455; x_wconf 86' lang='lat' dir='ltr'><strong>temporales</strong></span> <span class='ocrx_word' id='word_1_481' title='bbox 2032 4398 2080 4457; x_wconf 78' lang='grc' dir='ltr'>ι)</span> 
     </span>
    </p>
   </div>
   <div class='ocr_carea' id='block_1_64' title="bbox 421 4478 2001 4547">
    <p class='ocr_par' dir='ltr' id='par_1_64' title="bbox 421 4478 2001 4547">
     <span class='ocr_line' id='line_1_64' title="bbox 421 4478 2001 4547; baseline -0.007 -7"><span class='ocrx_word' id='word_1_482' title='bbox 421 4493 549 4541; x_wconf 88' lang='lat' dir='ltr'><strong>sunt</strong></span> <span class='ocrx_word' id='word_1_483' title='bbox 583 4497 598 4537; x_wconf 87' lang='lat'>:</span> <span class='ocrx_word' id='word_1_484' title='bbox 630 4484 826 4537; x_wconf 88' lang='lat' dir='ltr'><strong>deinde</strong></span> <span class='ocrx_word' id='word_1_485' title='bbox 895 4493 1015 4535; x_wconf 86' lang='lat' dir='ltr'><strong>orta</strong></span> <span class='ocrx_word' id='word_1_486' title='bbox 1083 4479 1459 4543; x_wconf 83' lang='lat' dir='ltr'><strong>tribulatione,</strong></span> <span class='ocrx_word' id='word_1_487' title='bbox 1518 4487 1573 4532; x_wconf 85' lang='lat' dir='ltr'><strong>et</strong></span> <span class='ocrx_word' id='word_1_488' title='bbox 1623 4478 2001 4547; x_wconf 86' lang='lat' dir='ltr'><strong>persecutione</strong></span> 
     </span>
    </p>
   </div>
   <div class='ocr_carea' id='block_1_65' title="bbox 424 4567 1999 4648">
    <p class='ocr_par' dir='ltr' id='par_1_65' title="bbox 424 4567 1999 4648">
     <span class='ocr_line' id='line_1_65' title="bbox 424 4567 1999 4648; baseline -0.005 -21"><span class='ocrx_word' id='word_1_489' title='bbox 424 4588 641 4648; x_wconf 80' lang='lat' dir='ltr'><strong>propter</strong></span> <span class='ocrx_word' id='word_1_490' title='bbox 679 4576 924 4637; x_wconf 74' lang='lat' dir='ltr'><strong>verbum,</strong></span> <span class='ocrx_word' id='word_1_491' title='bbox 960 4571 1258 4628; x_wconf 76' lang='lat' dir='ltr'><strong>confestim</strong></span> <span class='ocrx_word' id='word_1_492' title='bbox 1290 4571 1763 4626; x_wconf 81' lang='lat' dir='ltr'><strong>seandalizantur.</strong></span> <span class='ocrx_word' id='word_1_493' title='bbox 1800 4569 1868 4623; x_wconf 84' lang='lat' dir='ltr'><strong>Et</strong></span> <span class='ocrx_word' id='word_1_494' title='bbox 1907 4567 1999 4621; x_wconf 83' lang='lat' dir='ltr'><strong>alii</strong></span> 
     </span>
    </p>
   </div>
   <div class='ocr_carea' id='block_1_66' title="bbox 425 4663 2005 4739">
    <p class='ocr_par' dir='ltr' id='par_1_66' title="bbox 425 4663 2005 4739">
     <span class='ocr_line' id='line_1_66' title="bbox 425 4663 2005 4739; baseline -0.006 -14"><span class='ocrx_word' id='word_1_495' title='bbox 425 4679 577 4734; x_wconf 89' lang='lat' dir='ltr'><strong>sunt,</strong></span> <span class='ocrx_word' id='word_1_496' title='bbox 607 4669 700 4739; x_wconf 89' lang='lat' dir='ltr'><strong>qui</strong></span> <span class='ocrx_word' id='word_1_497' title='bbox 743 4668 795 4720; x_wconf 91' lang='lat' dir='ltr'><strong>in</strong></span> <span class='ocrx_word' id='word_1_498' title='bbox 842 4666 1015 4736; x_wconf 87' lang='lat' dir='ltr'><strong>spinis</strong></span> <span class='ocrx_word' id='word_1_499' title='bbox 1064 4667 1431 4720; x_wconf 82' lang='lat' dir='ltr'><strong>seminantur.</strong></span> <span class='ocrx_word' id='word_1_500' title='bbox 1468 4663 1529 4718; x_wconf 88' lang='lat' dir='ltr'><strong>lli</strong></span> <span class='ocrx_word' id='word_1_501' title='bbox 1570 4673 1721 4728; x_wconf 88' lang='lat' dir='ltr'><strong>sunt,</strong></span> <span class='ocrx_word' id='word_1_502' title='bbox 1751 4665 1840 4731; x_wconf 88' lang='lat' dir='ltr'><strong>qui</strong></span> <span class='ocrx_word' id='word_1_503' title='bbox 1886 4677 2005 4715; x_wconf 89' lang='lat' dir='ltr'><strong>ver-</strong></span> 
     </span>
    </p>
   </div>
   <div class='ocr_carea' id='block_1_67' title="bbox 422 4752 2003 4823">
    <p class='ocr_par' dir='ltr' id='par_1_67' title="bbox 422 4752 2003 4823">
     <span class='ocr_line' id='line_1_67' title="bbox 422 4752 2003 4823; baseline -0.008 -6"><span class='ocrx_word' id='word_1_504' title='bbox 422 4762 553 4817; x_wconf 84' lang='lat' dir='ltr'><strong>bum</strong></span> <span class='ocrx_word' id='word_1_505' title='bbox 590 4762 821 4814; x_wconf 84' lang='lat' dir='ltr'><strong>audiunt</strong></span> <span class='ocrx_word' id='word_1_506' title='bbox 860 4775 871 4813; x_wconf 88' lang='lat'>:</span> <span class='ocrx_word' id='word_1_507' title='bbox 899 4769 954 4811; x_wconf 82' lang='lat' dir='ltr'><strong>et</strong></span> <span class='ocrx_word' id='word_1_508' title='bbox 987 4773 1242 4811; x_wconf 72' lang='lat' dir='ltr'><strong>aerumna:</strong></span> <span class='ocrx_word' id='word_1_509' title='bbox 1270 4756 1475 4820; x_wconf 64' lang='lat' dir='ltr'><strong>saeculi,</strong></span> <span class='ocrx_word' id='word_1_510' title='bbox 1508 4765 1561 4809; x_wconf 89' lang='lat' dir='ltr'><strong>ct</strong></span> <span class='ocrx_word' id='word_1_511' title='bbox 1593 4756 1839 4823; x_wconf 87' lang='lat' dir='ltr'><strong>deceptio</strong></span> <span class='ocrx_word' id='word_1_512' title='bbox 1865 4752 2003 4807; x_wconf 82' lang='lat' dir='ltr'><strong>divi-</strong></span> 
     </span>
    </p>
   </div>
   <div class='ocr_carea' id='block_1_68' title="bbox 423 4844 2004 4919">
    <p class='ocr_par' dir='ltr' id='par_1_68' title="bbox 423 4844 2004 4919">
     <span class='ocr_line' id='line_1_68' title="bbox 423 4844 2004 4919; baseline -0.008 -9"><span class='ocrx_word' id='word_1_513' title='bbox 423 4855 645 4917; x_wconf 86' lang='lat' dir='ltr'><strong>tiarum,</strong></span> <span class='ocrx_word' id='word_1_514' title='bbox 672 4862 725 4906; x_wconf 91' lang='lat' dir='ltr'><strong>et</strong></span> <span class='ocrx_word' id='word_1_515' title='bbox 752 4844 905 4906; x_wconf 77' lang='lat' dir='ltr'><strong>circa</strong></span> <span class='ocrx_word' id='word_1_516' title='bbox 934 4849 1145 4919; x_wconf 84' lang='lat' dir='ltr'><strong>reliqua</strong></span> <span class='ocrx_word' id='word_1_517' title='bbox 1176 4848 1637 4918; x_wconf 65' lang='lat' dir='ltr'><strong>concupiscentia:</strong></span> <span class='ocrx_word' id='word_1_518' title='bbox 1668 4847 2004 4900; x_wconf 84' lang='lat' dir='ltr'><strong>introeuntes</strong></span> 
     </span>
    </p>
   </div>
   <div class='ocr_carea' id='block_1_69' title="bbox 426 4938 2001 5001">
    <p class='ocr_par' dir='ltr' id='par_1_69' title="bbox 426 4938 2001 5001">
     <span class='ocr_line' id='line_1_69' title="bbox 426 4938 2001 5001; baseline -0.007 0"><span class='ocrx_word' id='word_1_519' title='bbox 426 4945 695 5001; x_wconf 78' lang='lat' dir='ltr'><strong>sulfocant</strong></span> <span class='ocrx_word' id='word_1_520' title='bbox 758 4947 981 5000; x_wconf 83' lang='lat' dir='ltr'><strong>verbum</strong></span> <span class='ocrx_word' id='word_1_521' title='bbox 1022 4962 1034 4996; x_wconf 87' lang='lat'>:</span> <span class='ocrx_word' id='word_1_522' title='bbox 1074 4953 1125 4996; x_wconf 93' lang='lat' dir='ltr'><strong>ct</strong></span> <span class='ocrx_word' id='word_1_523' title='bbox 1187 4944 1305 4995; x_wconf 89' lang='lat' dir='ltr'><strong>sine</strong></span> <span class='ocrx_word' id='word_1_524' title='bbox 1350 4942 1527 4996; x_wconf 88' lang='lat' dir='ltr'><strong>fructu</strong></span> <span class='ocrx_word' id='word_1_525' title='bbox 1573 4938 1823 4994; x_wconf 82' lang='lat' dir='ltr'><strong>efﬁcitur.</strong></span> <span class='ocrx_word' id='word_1_526' title='bbox 1858 4938 1921 4991; x_wconf 83' lang='lat' dir='ltr'><strong>Et</strong></span> <span class='ocrx_word' id='word_1_527' title='bbox 1950 4939 2001 4991; x_wconf 80' lang='lat' dir='ltr'><strong>lii</strong></span> 
     </span>
    </p>
   </div>
   <div class='ocr_carea' id='block_1_70' title="bbox 402 5032 2002 5107">
    <p class='ocr_par' dir='ltr' id='par_1_70' title="bbox 402 5032 2002 5107">
     <span class='ocr_line' id='line_1_70' title="bbox 402 5032 2002 5107; baseline -0.006 -15"><span class='ocrx_word' id='word_1_528' title='bbox 402 5047 576 5104; x_wconf 83' lang='lat' dir='ltr'><strong>-sunt,</strong></span> <span class='ocrx_word' id='word_1_529' title='bbox 610 5039 704 5107; x_wconf 88' lang='lat' dir='ltr'><strong>qui</strong></span> <span class='ocrx_word' id='word_1_530' title='bbox 738 5053 903 5104; x_wconf 82' lang='lat' dir='ltr'><strong>super</strong></span> <span class='ocrx_word' id='word_1_531' title='bbox 937 5049 1138 5090; x_wconf 84' lang='lat' dir='ltr'><strong>terram</strong></span> <span class='ocrx_word' id='word_1_532' title='bbox 1172 5035 1369 5089; x_wconf 86' lang='lat' dir='ltr'><strong>bonam</strong></span> <span class='ocrx_word' id='word_1_533' title='bbox 1405 5033 1656 5087; x_wconf 85' lang='lat' dir='ltr'><strong>scminati</strong></span> <span class='ocrx_word' id='word_1_534' title='bbox 1689 5041 1824 5101; x_wconf 61' lang='lat' dir='ltr'><strong>,sunt</strong></span> <span class='ocrx_word' id='word_1_535' title='bbox 1867 5047 1880 5090; x_wconf 83' lang='lat'><strong>;</strong></span> <span class='ocrx_word' id='word_1_536' title='bbox 1912 5032 2002 5099; x_wconf 83' lang='lat' dir='ltr'><strong>qui</strong></span> 
     </span>
    </p>
   </div>
   <div class='ocr_carea' id='block_1_71' title="bbox 429 5121 2007 5195">
    <p class='ocr_par' dir='ltr' id='par_1_71' title="bbox 429 5121 2007 5195">
     <span class='ocr_line' id='line_1_71' title="bbox 429 5121 2007 5195; baseline -0.005 -13"><span class='ocrx_word' id='word_1_537' title='bbox 429 5134 649 5186; x_wconf 87' lang='lat' dir='ltr'><strong>audiunt</strong></span> <span class='ocrx_word' id='word_1_538' title='bbox 720 5131 990 5192; x_wconf 83' lang='lat' dir='ltr'><strong>verbum,</strong></span> <span class='ocrx_word' id='word_1_539' title='bbox 1056 5138 1109 5180; x_wconf 77' lang='lat' dir='ltr'><strong>et</strong></span> <span class='ocrx_word' id='word_1_540' title='bbox 1168 5128 1505 5195; x_wconf 78' lang='lat' dir='ltr'><strong>suscipiunt,</strong></span> <span class='ocrx_word' id='word_1_541' title='bbox 1560 5135 1613 5178; x_wconf 93' lang='lat' dir='ltr'><strong>el</strong></span> <span class='ocrx_word' id='word_1_542' title='bbox 1678 5121 2007 5178; x_wconf 82' lang='lat' dir='ltr'><strong>fructilicant</strong></span> 
     </span>
    </p>
   </div>
   <div class='ocr_carea' id='block_1_72' title="bbox 432 5218 2004 5287">
    <p class='ocr_par' dir='ltr' id='par_1_72' title="bbox 432 5218 2004 5287">
     <span class='ocr_line' id='line_1_72' title="bbox 432 5218 2004 5287; baseline -0.004 -12"><span class='ocrx_word' id='word_1_543' title='bbox 432 5236 597 5277; x_wconf 89' lang='lat' dir='ltr'><strong>unum</strong></span> <span class='ocrx_word' id='word_1_544' title='bbox 649 5222 1010 5283; x_wconf 86' lang='lat' dir='ltr'><strong>tricesimum,</strong></span> <span class='ocrx_word' id='word_1_545' title='bbox 1044 5236 1209 5273; x_wconf 87' lang='lat' dir='ltr'><strong>unum</strong></span> <span class='ocrx_word' id='word_1_546' title='bbox 1268 5218 1695 5287; x_wconf 67' lang='lat' dir='ltr'><strong>sexagesimum,</strong></span> <span class='ocrx_word' id='word_1_547' title='bbox 1736 5227 1790 5269; x_wconf 92' lang='lat' dir='ltr'><strong>ct</strong></span> <span class='ocrx_word' id='word_1_548' title='bbox 1839 5231 2004 5269; x_wconf 88' lang='lat' dir='ltr'><strong>unum</strong></span> 
     </span>
    </p>
   </div>
   <div class='ocr_carea' id='block_1_73' title="bbox 430 5300 2010 5369">
    <p class='ocr_par' dir='ltr' id='par_1_73' title="bbox 430 5300 2010 5369">
     <span class='ocr_line' id='line_1_73' title="bbox 430 5300 2010 5369; baseline -0.005 0"><span class='ocrx_word' id='word_1_549' title='bbox 430 5316 812 5369; x_wconf 82' lang='lat' dir='ltr'><strong>centesimum.</strong></span> <span class='ocrx_word' id='word_1_550' title='bbox 849 5330 866 5363; x_wconf 72' lang='grc' dir='ltr'><strong>ι</strong></span> <span class='ocrx_word' id='word_1_551' title='bbox 910 5310 979 5368; x_wconf 85' lang='lat' dir='ltr'><strong>Ut</strong></span> <span class='ocrx_word' id='word_1_552' title='bbox 1014 5312 1163 5365; x_wconf 76' lang='lat' dir='ltr'><strong>locus</strong></span> <span class='ocrx_word' id='word_1_553' title='bbox 1210 5300 1441 5364; x_wconf 84' lang='lat' dir='ltr'><strong>docendi</strong></span> <span class='ocrx_word' id='word_1_554' title='bbox 1491 5309 1694 5363; x_wconf 89' lang='lat' dir='ltr'><strong>indicet</strong></span> <span class='ocrx_word' id='word_1_555' title='bbox 1733 5307 2010 5361; x_wconf 85' lang='lat' dir='ltr'><strong>auditores</strong></span> 
     </span>
    </p>
   </div>
   <div class='ocr_carea' id='block_1_74' title="bbox 431 5401 2008 5471">
    <p class='ocr_par' dir='ltr' id='par_1_74' title="bbox 431 5401 2008 5471">
     <span class='ocr_line' id='line_1_74' title="bbox 431 5401 2008 5471; baseline -0.001 -13"><span class='ocrx_word' id='word_1_556' title='bbox 431 5422 645 5460; x_wconf 71' lang='lat' dir='ltr'><strong>amaros</strong></span> <span class='ocrx_word' id='word_1_557' title='bbox 694 5404 861 5460; x_wconf 86' lang='lat' dir='ltr'><strong>fuisse</strong></span> <span class='ocrx_word' id='word_1_558' title='bbox 905 5420 968 5458; x_wconf 86' lang='lat' dir='ltr'><strong>ac</strong></span> <span class='ocrx_word' id='word_1_559' title='bbox 1030 5403 1334 5457; x_wconf 87' lang='lat' dir='ltr'><strong>instabiles.</strong></span> <span class='ocrx_word' id='word_1_560' title='bbox 1369 5402 1433 5456; x_wconf 83' lang='lat' dir='ltr'><strong>Et</strong></span> <span class='ocrx_word' id='word_1_561' title='bbox 1461 5403 1583 5457; x_wconf 85' lang='lat' dir='ltr'><strong>ideo</strong></span> <span class='ocrx_word' id='word_1_562' title='bbox 1627 5404 1677 5455; x_wconf 92' lang='lat' dir='ltr'><strong>in</strong></span> <span class='ocrx_word' id='word_1_563' title='bbox 1736 5401 2008 5471; x_wconf 85' lang='lat' dir='ltr'><strong>parabolis</strong></span> 
     </span>
    </p>
   </div>
   <div class='ocr_carea' id='block_1_75' title="bbox 434 5496 2006 5567">
    <p class='ocr_par' dir='ltr' id='par_1_75' title="bbox 434 5496 2006 5567">
     <span class='ocr_line' id='line_1_75' title="bbox 434 5496 2006 5567; baseline -0.002 -16"><span class='ocrx_word' id='word_1_564' title='bbox 434 5500 672 5566; x_wconf 89' lang='lat' dir='ltr'><strong>loqui‘ur</strong></span> <span class='ocrx_word' id='word_1_565' title='bbox 708 5501 809 5564; x_wconf 89' lang='lat' dir='ltr'><strong>eis,</strong></span> <span class='ocrx_word' id='word_1_566' title='bbox 844 5509 900 5551; x_wconf 90' lang='lat' dir='ltr'><strong>ut</strong></span> <span class='ocrx_word' id='word_1_567' title='bbox 937 5499 1280 5566; x_wconf 85' lang='lat' dir='ltr'><strong>requirerent</strong></span> <span class='ocrx_word' id='word_1_568' title='bbox 1312 5498 1588 5567; x_wconf 90' lang='lat' dir='ltr'><strong>quodnon</strong></span> <span class='ocrx_word' id='word_1_569' title='bbox 1618 5496 2006 5567; x_wconf 80' lang='lat' dir='ltr'><strong>intelligerent;</strong></span> 
     </span>
    </p>
   </div>
   <div class='ocr_carea' id='block_1_76' title="bbox 429 5590 2007 5663">
    <p class='ocr_par' dir='ltr' id='par_1_76' title="bbox 429 5590 2007 5663">
     <span class='ocr_line' id='line_1_76' title="bbox 429 5590 2007 5663; baseline -0.003 -16"><span class='ocrx_word' id='word_1_570' title='bbox 429 5603 483 5647; x_wconf 87' lang='lat' dir='ltr'><strong>ct</strong></span> <span class='ocrx_word' id='word_1_571' title='bbox 537 5608 632 5661; x_wconf 87' lang='lat' dir='ltr'><strong>per</strong></span> <span class='ocrx_word' id='word_1_572' title='bbox 691 5594 965 5663; x_wconf 87' lang='lat' dir='ltr'><strong>apostolus</strong></span> <span class='ocrx_word' id='word_1_573' title='bbox 1001 5631 1015 5654; x_wconf 87' lang='lat'><strong>,</strong></span> <span class='ocrx_word' id='word_1_574' title='bbox 1079 5608 1217 5660; x_wconf 60' lang='lat' dir='ltr'><strong>quas</strong></span> <span class='ocrx_word' id='word_1_575' title='bbox 1277 5600 1624 5661; x_wconf 59' lang='lat' dir='ltr'><strong>contemptos</strong></span> <span class='ocrx_word' id='word_1_576' title='bbox 1694 5590 2007 5655; x_wconf 85' lang='lat' dir='ltr'><strong>habebant,</strong></span> 
     </span>
    </p>
   </div>
   <div class='ocr_carea' id='block_1_77' title="bbox 427 5683 2009 5754">
    <p class='ocr_par' dir='ltr' id='par_1_77' title="bbox 427 5683 2009 5754">
     <span class='ocr_line' id='line_1_77' title="bbox 427 5683 2009 5754; baseline 0 -17"><span class='ocrx_word' id='word_1_577' title='bbox 427 5684 702 5737; x_wconf 79' lang='lat' dir='ltr'><strong>discerent</strong></span> <span class='ocrx_word' id='word_1_578' title='bbox 752 5698 1069 5754; x_wconf 58' lang='lat' dir='ltr'><strong>lll)Sltil&#39;llltn</strong></span> <span class='ocrx_word' id='word_1_579' title='bbox 1128 5686 1298 5753; x_wconf 81' lang='lat' dir='ltr'><strong>regni,</strong></span> <span class='ocrx_word' id='word_1_580' title='bbox 1345 5687 1490 5753; x_wconf 83' lang='lat' dir='ltr'><strong>quod</strong></span> <span class='ocrx_word' id='word_1_581' title='bbox 1542 5683 1645 5754; x_wconf 79' lang='lat' dir='ltr'><strong>ipsi</strong></span> <span class='ocrx_word' id='word_1_582' title='bbox 1694 5699 1800 5738; x_wconf 90' lang='lat' dir='ltr'><strong>non</strong></span> <span class='ocrx_word' id='word_1_583' title='bbox 1838 5684 2009 5738; x_wconf 88' lang='lat' dir='ltr'><strong>habe-</strong></span> 
     </span>
    </p>
   </div>
   <div class='ocr_carea' id='block_1_78' title="bbox 2088 1811 3655 1884">
    <p class='ocr_par' dir='ltr' id='par_1_78' title="bbox 2088 1811 3655 1884">
     <span class='ocr_line' id='line_1_78' title="bbox 2088 1811 3655 1884; baseline 0 -16"><span class='ocrx_word' id='word_1_584' title='bbox 2088 1816 2189 1869; x_wconf 83' lang='lat' dir='ltr'><strong>ltoe</strong></span> <span class='ocrx_word' id='word_1_585' title='bbox 2219 1822 2321 1874; x_wconf 86' lang='lat' dir='ltr'><strong>est.</strong></span> <span class='ocrx_word' id='word_1_586' title='bbox 2355 1811 2520 1881; x_wconf 83' lang='lat' dir='ltr'><strong>Lege,</strong></span> <span class='ocrx_word' id='word_1_587' title='bbox 2545 1821 2599 1867; x_wconf 85' lang='lat' dir='ltr'><strong>et</strong></span> <span class='ocrx_word' id='word_1_588' title='bbox 2629 1811 2940 1882; x_wconf 78' lang='lat' dir='ltr'><strong>PrOpbetia,</strong></span> <span class='ocrx_word' id='word_1_589' title='bbox 2978 1821 3033 1867; x_wconf 89' lang='lat' dir='ltr'><strong>et</strong></span> <span class='ocrx_word' id='word_1_590' title='bbox 3063 1812 3393 1884; x_wconf 86' lang='lat' dir='ltr'><strong>Evangelio:</strong></span> <span class='ocrx_word' id='word_1_591' title='bbox 3421 1814 3568 1883; x_wconf 83' lang='lat' dir='ltr'><strong>quod</strong></span> <span class='ocrx_word' id='word_1_592' title='bbox 3605 1816 3655 1868; x_wconf 82' lang='lat' dir='ltr'><strong>in</strong></span> 
     </span>
    </p>
   </div>
   <div class='ocr_carea' id='block_1_79' title="bbox 2089 1906 3658 1977">
    <p class='ocr_par' dir='ltr' id='par_1_79' title="bbox 2089 1906 3658 1977">
     <span class='ocr_line' id='line_1_79' title="bbox 2089 1906 3658 1977; baseline 0 -17"><span class='ocrx_word' id='word_1_593' title='bbox 2089 1921 2186 1961; x_wconf 90' lang='lat' dir='ltr'><strong>ore</strong></span> <span class='ocrx_word' id='word_1_594' title='bbox 2258 1906 2419 1960; x_wconf 91' lang='lat' dir='ltr'><strong>trium</strong></span> <span class='ocrx_word' id='word_1_595' title='bbox 2478 1906 2702 1960; x_wconf 85' lang='lat' dir='ltr'><strong>testium</strong></span> <span class='ocrx_word' id='word_1_596' title='bbox 2764 1907 3087 1977; x_wconf 81' lang='lat' dir='ltr'><strong>mysterium</strong></span> <span class='ocrx_word' id='word_1_597' title='bbox 3154 1906 3302 1975; x_wconf 82' lang='lat' dir='ltr'><strong>regni</strong></span> <span class='ocrx_word' id='word_1_598' title='bbox 3355 1908 3409 1959; x_wconf 90' lang='lat' dir='ltr'><strong>in</strong></span> <span class='ocrx_word' id='word_1_599' title='bbox 3483 1923 3658 1960; x_wconf 75' lang='lat' dir='ltr'><strong>monte</strong></span> 
     </span>
    </p>
   </div>
   <div class='ocr_carea' id='block_1_80' title="bbox 2087 1997 3657 2068">
    <p class='ocr_par' dir='ltr' id='par_1_80' title="bbox 2087 1997 3657 2068">
     <span class='ocr_line' id='line_1_80' title="bbox 2087 1997 3657 2068; baseline -0.001 -15"><span class='ocrx_word' id='word_1_600' title='bbox 2087 2007 2394 2061; x_wconf 90' lang='lat' dir='ltr'><strong>ostensum,</strong></span> <span class='ocrx_word' id='word_1_601' title='bbox 2432 1998 2484 2054; x_wconf 93' lang='lat' dir='ltr'><strong>id</strong></span> <span class='ocrx_word' id='word_1_602' title='bbox 2519 2008 2628 2065; x_wconf 87' lang='lat' dir='ltr'><strong>est,</strong></span> <span class='ocrx_word' id='word_1_603' title='bbox 2660 1998 2853 2068; x_wconf 75' lang='lat' dir='ltr'><strong>Moysi,</strong></span> <span class='ocrx_word' id='word_1_604' title='bbox 2879 2009 2935 2054; x_wconf 90' lang='lat' dir='ltr'><strong>et</strong></span> <span class='ocrx_word' id='word_1_605' title='bbox 2956 1999 3106 2063; x_wconf 65' lang='lat' dir='ltr'><strong>Elim,</strong></span> <span class='ocrx_word' id='word_1_606' title='bbox 3135 2010 3187 2053; x_wconf 91' lang='lat' dir='ltr'><strong>et</strong></span> <span class='ocrx_word' id='word_1_607' title='bbox 3216 1997 3347 2054; x_wconf 83' lang='lat' dir='ltr'><strong>Jesu</strong></span> <span class='ocrx_word' id='word_1_608' title='bbox 3371 2000 3657 2054; x_wconf 76' lang='lat' dir='ltr'><strong>consistat.</strong></span> 
     </span>
    </p>
   </div>
   <div class='ocr_carea' id='block_1_81' title="bbox 2163 2088 3663 2169">
    <p class='ocr_par' dir='ltr' id='par_1_81' title="bbox 2163 2088 3663 2169">
     <span class='ocr_line' id='line_1_81' title="bbox 2163 2088 3663 2169; baseline 0.001 -27"><span class='ocrx_word' id='word_1_609' title='bbox 2163 2091 2270 2144; x_wconf 83' lang='lat' dir='ltr'><strong>tEt</strong></span> <span class='ocrx_word' id='word_1_610' title='bbox 2304 2091 2519 2145; x_wconf 86' lang='lat' dir='ltr'><strong>diccbat</strong></span> <span class='ocrx_word' id='word_1_611' title='bbox 2571 2091 2678 2145; x_wconf 88' lang='lat' dir='ltr'><strong>illis</strong></span> <span class='ocrx_word' id='word_1_612' title='bbox 2748 2107 2762 2143; x_wconf 89' lang='lat'><strong>:</strong></span> <span class='ocrx_word' id='word_1_613' title='bbox 2806 2088 3056 2160; x_wconf 83' lang='lat' dir='ltr'><strong>Nunquid</strong></span> <span class='ocrx_word' id='word_1_614' title='bbox 3110 2091 3261 2169; x_wconf 82' lang='lat' dir='ltr'><strong>venit</strong></span> <span class='ocrx_word' id='word_1_615' title='bbox 3324 2092 3567 2157; x_wconf 84' lang='lat' dir='ltr'><strong>lucerna,</strong></span> <span class='ocrx_word' id='word_1_616' title='bbox 3608 2106 3663 2145; x_wconf 88' lang='lat' dir='ltr'><strong>ut</strong></span> 
     </span>
    </p>
   </div>
   <div class='ocr_carea' id='block_1_82' title="bbox 2086 2183 3664 2254">
    <p class='ocr_par' dir='ltr' id='par_1_82' title="bbox 2086 2183 3664 2254">
     <span class='ocr_line' id='line_1_82' title="bbox 2086 2183 3664 2254; baseline -0.001 -18"><span class='ocrx_word' id='word_1_617' title='bbox 2086 2183 2187 2237; x_wconf 89' lang='lat' dir='ltr'><strong>sub</strong></span> <span class='ocrx_word' id='word_1_618' title='bbox 2216 2183 2399 2237; x_wconf 93' lang='lat' dir='ltr'><strong>modio</strong></span> <span class='ocrx_word' id='word_1_619' title='bbox 2434 2193 2695 2252; x_wconf 88' lang='lat' dir='ltr'><strong>ponatur,</strong></span> <span class='ocrx_word' id='word_1_620' title='bbox 2719 2192 2815 2238; x_wconf 88' lang='lat' dir='ltr'><strong>aut</strong></span> <span class='ocrx_word' id='word_1_621' title='bbox 2844 2183 2946 2238; x_wconf 86' lang='lat' dir='ltr'><strong>sub</strong></span> <span class='ocrx_word' id='word_1_622' title='bbox 2981 2184 3163 2239; x_wconf 82' lang='lat' dir='ltr'><strong>lecto?</strong></span> <span class='ocrx_word' id='word_1_623' title='bbox 3196 2199 3376 2239; x_wconf 90' lang='lat' dir='ltr'><strong>nonne</strong></span> <span class='ocrx_word' id='word_1_624' title='bbox 3408 2194 3465 2237; x_wconf 93' lang='lat' dir='ltr'><strong>ut</strong></span> <span class='ocrx_word' id='word_1_625' title='bbox 3505 2199 3664 2254; x_wconf 85' lang='lat' dir='ltr'><strong>super</strong></span> 
     </span>
    </p>
   </div>
   <div class='ocr_carea' id='block_1_83' title="bbox 2090 2271 3665 2343">
    <p class='ocr_par' dir='ltr' id='par_1_83' title="bbox 2090 2271 3665 2343">
     <span class='ocr_line' id='line_1_83' title="bbox 2090 2271 3665 2343; baseline 0.001 -15"><span class='ocrx_word' id='word_1_626' title='bbox 2090 2272 2479 2328; x_wconf 81' lang='lat' dir='ltr'><strong>candelabrum</strong></span> <span class='ocrx_word' id='word_1_627' title='bbox 2530 2273 2806 2342; x_wconf 81' lang='lat' dir='ltr'><strong>ponatur?</strong></span> <span class='ocrx_word' id='word_1_628' title='bbox 2839 2271 2957 2328; x_wconf 83' lang='lat' dir='ltr'><strong>Non</strong></span> <span class='ocrx_word' id='word_1_629' title='bbox 3001 2282 3086 2329; x_wconf 89' lang='lat' dir='ltr'><strong>est</strong></span> <span class='ocrx_word' id='word_1_630' title='bbox 3125 2276 3272 2329; x_wconf 90' lang='lat' dir='ltr'><strong>enim</strong></span> <span class='ocrx_word' id='word_1_631' title='bbox 3306 2274 3513 2343; x_wconf 89' lang='lat' dir='ltr'><strong>aliquid</strong></span> <span class='ocrx_word' id='word_1_632' title='bbox 3543 2275 3665 2330; x_wconf 84' lang='lat' dir='ltr'><strong>abs-</strong></span> 
     </span>
    </p>
   </div>
   <div class='ocr_carea' id='block_1_84' title="bbox 2089 2364 3666 2434">
    <p class='ocr_par' dir='ltr' id='par_1_84' title="bbox 2089 2364 3666 2434">
     <span class='ocr_line' id='line_1_84' title="bbox 2089 2364 3666 2434; baseline -0.001 -14"><span class='ocrx_word' id='word_1_633' title='bbox 2089 2364 2392 2427; x_wconf 81' lang='lat' dir='ltr'><strong>Conditum,</strong></span> <span class='ocrx_word' id='word_1_634' title='bbox 2426 2365 2570 2434; x_wconf 93' lang='lat' dir='ltr'><strong>quod</strong></span> <span class='ocrx_word' id='word_1_635' title='bbox 2634 2380 2742 2420; x_wconf 93' lang='lat' dir='ltr'><strong>non</strong></span> <span class='ocrx_word' id='word_1_636' title='bbox 2790 2365 3190 2430; x_wconf 83' lang='lat' dir='ltr'><strong>maniiestetur,</strong></span> <span class='ocrx_word' id='word_1_637' title='bbox 3224 2381 3327 2421; x_wconf 92' lang='lat' dir='ltr'><strong>nec</strong></span> <span class='ocrx_word' id='word_1_638' title='bbox 3356 2364 3559 2422; x_wconf 82' lang='lat' dir='ltr'><strong>factum</strong></span> <span class='ocrx_word' id='word_1_639' title='bbox 3584 2376 3666 2420; x_wconf 81' lang='lat' dir='ltr'><strong>est</strong></span> 
     </span>
    </p>
   </div>
   <div class='ocr_carea' id='block_1_85' title="bbox 2088 2456 3665 2529">
    <p class='ocr_par' dir='ltr' id='par_1_85' title="bbox 2088 2456 3665 2529">
     <span class='ocr_line' id='line_1_85' title="bbox 2088 2456 3665 2529; baseline 0.002 -19"><span class='ocrx_word' id='word_1_640' title='bbox 2088 2456 2386 2520; x_wconf 83' lang='lat' dir='ltr'><strong>occultum,</strong></span> <span class='ocrx_word' id='word_1_641' title='bbox 2406 2458 2551 2528; x_wconf 90' lang='lat' dir='ltr'><strong>quod</strong></span> <span class='ocrx_word' id='word_1_642' title='bbox 2585 2473 2692 2513; x_wconf 90' lang='lat' dir='ltr'><strong>non</strong></span> <span class='ocrx_word' id='word_1_643' title='bbox 2722 2459 2909 2513; x_wconf 88' lang='lat' dir='ltr'><strong>veniat</strong></span> <span class='ocrx_word' id='word_1_644' title='bbox 2933 2459 2988 2513; x_wconf 89' lang='lat' dir='ltr'><strong>itt</strong></span> <span class='ocrx_word' id='word_1_645' title='bbox 3019 2460 3224 2528; x_wconf 85' lang='lat' dir='ltr'><strong>palam.</strong></span> <span class='ocrx_word' id='word_1_646' title='bbox 3250 2458 3308 2514; x_wconf 87' lang='lat' dir='ltr'><strong>Si</strong></span> <span class='ocrx_word' id='word_1_647' title='bbox 3341 2459 3470 2529; x_wconf 92' lang='lat' dir='ltr'><strong>quis</strong></span> <span class='ocrx_word' id='word_1_648' title='bbox 3502 2458 3665 2513; x_wconf 88' lang='lat' dir='ltr'><strong>habet</strong></span> 
     </span>
    </p>
   </div>
   <div class='ocr_carea' id='block_1_86' title="bbox 2089 2549 3665 2615">
    <p class='ocr_par' dir='ltr' id='par_1_86' title="bbox 2089 2549 3665 2615">
     <span class='ocr_line' id='line_1_86' title="bbox 2089 2549 3665 2615; baseline 0.001 -12"><span class='ocrx_word' id='word_1_649' title='bbox 2089 2563 2249 2605; x_wconf 78' lang='lat' dir='ltr'><strong>aures</strong></span> <span class='ocrx_word' id='word_1_650' title='bbox 2295 2550 2577 2615; x_wconf 84' lang='lat' dir='ltr'><strong>audiendi,</strong></span> <span class='ocrx_word' id='word_1_651' title='bbox 2604 2550 2815 2607; x_wconf 78' lang='lat' dir='ltr'><strong>audiat.</strong></span> <span class='ocrx_word' id='word_1_652' title='bbox 2874 2551 2939 2605; x_wconf 83' lang='lat' dir='ltr'><strong>Et</strong></span> <span class='ocrx_word' id='word_1_653' title='bbox 2993 2552 3215 2608; x_wconf 86' lang='lat' dir='ltr'><strong>dicebat</strong></span> <span class='ocrx_word' id='word_1_654' title='bbox 3255 2553 3411 2607; x_wconf 79' lang='lat' dir='ltr'><strong>illis:</strong></span> <span class='ocrx_word' id='word_1_655' title='bbox 3452 2549 3665 2613; x_wconf 80' lang='lat' dir='ltr'><strong>Videte.</strong></span> 
     </span>
    </p>
   </div>
   <div class='ocr_carea' id='block_1_87' title="bbox 2090 2639 3667 2713">
    <p class='ocr_par' dir='ltr' id='par_1_87' title="bbox 2090 2639 3667 2713">
     <span class='ocr_line' id='line_1_87' title="bbox 2090 2639 3667 2713; baseline 0.002 -19"><span class='ocrx_word' id='word_1_656' title='bbox 2090 2639 2222 2711; x_wconf 91' lang='lat' dir='ltr'><strong>quid</strong></span> <span class='ocrx_word' id='word_1_657' title='bbox 2268 2642 2529 2698; x_wconf 85' lang='lat' dir='ltr'><strong>audiatis.</strong></span> <span class='ocrx_word' id='word_1_658' title='bbox 2570 2642 2628 2697; x_wconf 91' lang='lat' dir='ltr'><strong>ln</strong></span> <span class='ocrx_word' id='word_1_659' title='bbox 2678 2658 2787 2713; x_wconf 86' lang='lat' dir='ltr'><strong>qua</strong></span> <span class='ocrx_word' id='word_1_660' title='bbox 2847 2658 3104 2699; x_wconf 78' lang='lat' dir='ltr'><strong>mensura</strong></span> <span class='ocrx_word' id='word_1_661' title='bbox 3163 2645 3336 2700; x_wconf 88' lang='lat' dir='ltr'><strong>mensi</strong></span> <span class='ocrx_word' id='word_1_662' title='bbox 3406 2643 3667 2706; x_wconf 86' lang='lat' dir='ltr'><strong>fueritis,</strong></span> 
     </span>
    </p>
   </div>
   <div class='ocr_carea' id='block_1_88' title="bbox 2090 2734 3669 2804">
    <p class='ocr_par' dir='ltr' id='par_1_88' title="bbox 2090 2734 3669 2804">
     <span class='ocr_line' id='line_1_88' title="bbox 2090 2734 3669 2804; baseline 0.001 -17"><span class='ocrx_word' id='word_1_663' title='bbox 2090 2734 2408 2789; x_wconf 89' lang='lat' dir='ltr'><strong>retnetietur</strong></span> <span class='ocrx_word' id='word_1_664' title='bbox 2469 2735 2646 2801; x_wconf 91' lang='lat' dir='ltr'><strong>vobis,</strong></span> <span class='ocrx_word' id='word_1_665' title='bbox 2672 2745 2727 2790; x_wconf 90' lang='lat' dir='ltr'><strong>et</strong></span> <span class='ocrx_word' id='word_1_666' title='bbox 2775 2734 3073 2804; x_wconf 85' lang='lat' dir='ltr'><strong>adjicietur</strong></span> <span class='ocrx_word' id='word_1_667' title='bbox 3133 2737 3309 2791; x_wconf 83' lang='lat' dir='ltr'><strong>vobis.</strong></span> <span class='ocrx_word' id='word_1_668' title='bbox 3360 2734 3465 2802; x_wconf 85' lang='lat' dir='ltr'><strong>Qui</strong></span> <span class='ocrx_word' id='word_1_669' title='bbox 3519 2736 3669 2791; x_wconf 85' lang='lat' dir='ltr'><strong>enim</strong></span> 
     </span>
    </p>
   </div>
   <div class='ocr_carea' id='block_1_89' title="bbox 2093 2825 3672 2898">
    <p class='ocr_par' dir='ltr' id='par_1_89' title="bbox 2093 2825 3672 2898">
     <span class='ocr_line' id='line_1_89' title="bbox 2093 2825 3672 2898; baseline 0.001 -18"><span class='ocrx_word' id='word_1_670' title='bbox 2093 2825 2278 2891; x_wconf 84' lang='lat' dir='ltr'><strong>habet,</strong></span> <span class='ocrx_word' id='word_1_671' title='bbox 2306 2825 2527 2880; x_wconf 88' lang='lat' dir='ltr'><strong>dabitur</strong></span> <span class='ocrx_word' id='word_1_672' title='bbox 2563 2826 2677 2894; x_wconf 86' lang='lat' dir='ltr'><strong>illi;</strong></span> <span class='ocrx_word' id='word_1_673' title='bbox 2708 2836 2765 2883; x_wconf 90' lang='lat' dir='ltr'><strong>et</strong></span> <span class='ocrx_word' id='word_1_674' title='bbox 2799 2827 2892 2897; x_wconf 91' lang='lat' dir='ltr'><strong>qui</strong></span> <span class='ocrx_word' id='word_1_675' title='bbox 2938 2844 3044 2883; x_wconf 91' lang='lat' dir='ltr'><strong>non</strong></span> <span class='ocrx_word' id='word_1_676' title='bbox 3082 2828 3268 2893; x_wconf 83' lang='lat' dir='ltr'><strong>habet,</strong></span> <span class='ocrx_word' id='word_1_677' title='bbox 3319 2830 3486 2881; x_wconf 88' lang='lat' dir='ltr'><strong>etiam</strong></span> <span class='ocrx_word' id='word_1_678' title='bbox 3525 2829 3672 2898; x_wconf 77' lang='lat' dir='ltr'><strong>quod</strong></span> 
     </span>
    </p>
   </div>
   <div class='ocr_carea' id='block_1_90' title="bbox 2092 2918 3674 2977">
    <p class='ocr_par' dir='ltr' id='par_1_90' title="bbox 2092 2918 3674 2977">
     <span class='ocr_line' id='line_1_90' title="bbox 2092 2918 3674 2977; baseline 0.001 -4"><span class='ocrx_word' id='word_1_679' title='bbox 2092 2918 2260 2974; x_wconf 85' lang='lat' dir='ltr'><strong>habet</strong></span> <span class='ocrx_word' id='word_1_680' title='bbox 2305 2918 2591 2974; x_wconf 79' lang='lat' dir='ltr'><strong>auferetur</strong></span> <span class='ocrx_word' id='word_1_681' title='bbox 2635 2921 2705 2975; x_wconf 87' lang='lat' dir='ltr'><strong>ab</strong></span> <span class='ocrx_word' id='word_1_682' title='bbox 2748 2934 2835 2977; x_wconf 88' lang='lat' dir='ltr'><strong>eo.</strong></span> <span class='ocrx_word' id='word_1_683' title='bbox 2866 2939 2885 2973; x_wconf 72' lang='grc' dir='ltr'><strong>ι</strong></span> <span class='ocrx_word' id='word_1_684' title='bbox 2922 2920 3169 2977; x_wconf 82' lang='lat' dir='ltr'><strong>Lucerna</strong></span> <span class='ocrx_word' id='word_1_685' title='bbox 3222 2923 3446 2975; x_wconf 83' lang='lat' dir='ltr'><strong>verbum</strong></span> <span class='ocrx_word' id='word_1_686' title='bbox 3490 2923 3674 2975; x_wconf 75' lang='lat' dir='ltr'><strong>estde</strong></span> 
     </span>
    </p>
   </div>
   <div class='ocr_carea' id='block_1_91' title="bbox 2092 3010 3678 3084">
    <p class='ocr_par' dir='ltr' id='par_1_91' title="bbox 2092 3010 3678 3084">
     <span class='ocr_line' id='line_1_91' title="bbox 2092 3010 3678 3084; baseline 0 -16"><span class='ocrx_word' id='word_1_687' title='bbox 2092 3012 2272 3068; x_wconf 87' lang='lat' dir='ltr'><strong>tribus</strong></span> <span class='ocrx_word' id='word_1_688' title='bbox 2319 3011 2644 3067; x_wconf 88' lang='lat' dir='ltr'><strong>seminibus.</strong></span> <span class='ocrx_word' id='word_1_689' title='bbox 2690 3010 2905 3067; x_wconf 76' lang='lat' dir='ltr'><strong>Modius</strong></span> <span class='ocrx_word' id='word_1_690' title='bbox 2946 3022 3131 3069; x_wconf 86' lang='lat' dir='ltr'><strong>autem</strong></span> <span class='ocrx_word' id='word_1_691' title='bbox 3182 3022 3393 3084; x_wconf 80' lang='lat' dir='ltr'><strong>tegens,</strong></span> <span class='ocrx_word' id='word_1_692' title='bbox 3453 3013 3678 3068; x_wconf 83' lang='lat' dir='ltr'><strong>auditus</strong></span> 
     </span>
    </p>
   </div>
   <div class='ocr_carea' id='block_1_92' title="bbox 2090 3101 3675 3171">
    <p class='ocr_par' dir='ltr' id='par_1_92' title="bbox 2090 3101 3675 3171">
     <span class='ocr_line' id='line_1_92' title="bbox 2090 3101 3675 3171; baseline -0.001 -15"><span class='ocrx_word' id='word_1_693' title='bbox 2090 3112 2175 3157; x_wconf 83' lang='lat' dir='ltr'><strong>est</strong></span> <span class='ocrx_word' id='word_1_694' title='bbox 2230 3102 2683 3156; x_wconf 84' lang='lat' dir='ltr'><strong>inobedientium.</strong></span> <span class='ocrx_word' id='word_1_695' title='bbox 2740 3101 3185 3171; x_wconf 78' lang='lat' dir='ltr'><strong>Candelabrum,</strong></span> <span class='ocrx_word' id='word_1_696' title='bbox 3241 3102 3475 3171; x_wconf 81' lang='lat' dir='ltr'><strong>apostoli</strong></span> <span class='ocrx_word' id='word_1_697' title='bbox 3520 3113 3675 3163; x_wconf 79' lang='lat' dir='ltr'><strong>sunt.</strong></span> 
     </span>
    </p>
   </div>
   <div class='ocr_carea' id='block_1_93' title="bbox 2093 3193 3677 3264">
    <p class='ocr_par' dir='ltr' id='par_1_93' title="bbox 2093 3193 3677 3264">
     <span class='ocr_line' id='line_1_93' title="bbox 2093 3193 3677 3264; baseline 0.002 -18"><span class='ocrx_word' id='word_1_698' title='bbox 2093 3208 2229 3264; x_wconf 93' lang='lat' dir='ltr'><strong>quos</strong></span> <span class='ocrx_word' id='word_1_699' title='bbox 2290 3193 2616 3247; x_wconf 90' lang='lat' dir='ltr'><strong>illuminavit</strong></span> <span class='ocrx_word' id='word_1_700' title='bbox 2671 3195 2896 3249; x_wconf 89' lang='lat' dir='ltr'><strong>verbum</strong></span> <span class='ocrx_word' id='word_1_701' title='bbox 2929 3194 3146 3249; x_wconf 90' lang='lat' dir='ltr'><strong>Domini</strong></span> <span class='ocrx_word' id='word_1_702' title='bbox 3203 3194 3590 3250; x_wconf 86' lang='lat' dir='ltr'><strong>absconditum</strong></span> <span class='ocrx_word' id='word_1_703' title='bbox 3616 3208 3677 3249; x_wconf 90' lang='lat' dir='ltr'><strong>et</strong></span> 
     </span>
    </p>
   </div>
   <div class='ocr_carea' id='block_1_94' title="bbox 2091 3285 3670 3356">
    <p class='ocr_par' dir='ltr' id='par_1_94' title="bbox 2091 3285 3670 3356">
     <span class='ocr_line' id='line_1_94' title="bbox 2091 3285 3670 3356; baseline 0 -17"><span class='ocrx_word' id='word_1_704' title='bbox 2091 3287 2383 3339; x_wconf 85' lang='lat' dir='ltr'><strong>occultum.</strong></span> <span class='ocrx_word' id='word_1_705' title='bbox 2410 3285 2675 3340; x_wconf 85' lang='lat' dir='ltr'><strong>Parabola</strong></span> <span class='ocrx_word' id='word_1_706' title='bbox 2702 3286 2985 3355; x_wconf 86' lang='lat' dir='ltr'><strong>utriusque</strong></span> <span class='ocrx_word' id='word_1_707' title='bbox 3015 3286 3243 3341; x_wconf 86' lang='lat' dir='ltr'><strong>seminis</strong></span> <span class='ocrx_word' id='word_1_708' title='bbox 3269 3293 3376 3341; x_wconf 89' lang='lat' dir='ltr'><strong>est.</strong></span> <span class='ocrx_word' id='word_1_709' title='bbox 3397 3286 3457 3341; x_wconf 89' lang='lat' dir='ltr'><strong>In</strong></span> <span class='ocrx_word' id='word_1_710' title='bbox 3487 3287 3670 3356; x_wconf 82' lang='lat' dir='ltr'><strong>palam</strong></span> 
     </span>
    </p>
   </div>
   <div class='ocr_carea' id='block_1_95' title="bbox 2096 3378 3675 3443">
    <p class='ocr_par' dir='ltr' id='par_1_95' title="bbox 2096 3378 3675 3443">
     <span class='ocr_line' id='line_1_95' title="bbox 2096 3378 3675 3443; baseline 0.001 -10"><span class='ocrx_word' id='word_1_711' title='bbox 2096 3392 2227 3433; x_wconf 79' lang='lat' dir='ltr'><strong>vero</strong></span> <span class='ocrx_word' id='word_1_712' title='bbox 2253 3379 2429 3443; x_wconf 86' lang='lat' dir='ltr'><strong>venit,</strong></span> <span class='ocrx_word' id='word_1_713' title='bbox 2479 3382 2605 3433; x_wconf 91' lang='lat' dir='ltr'><strong>dum</strong></span> <span class='ocrx_word' id='word_1_714' title='bbox 2639 3393 2667 3431; x_wconf 91' lang='lat' dir='ltr'><strong>a</strong></span> <span class='ocrx_word' id='word_1_715' title='bbox 2704 3379 2929 3434; x_wconf 87' lang='lat' dir='ltr'><strong>Domino</strong></span> <span class='ocrx_word' id='word_1_716' title='bbox 2976 3387 3259 3435; x_wconf 88' lang='lat' dir='ltr'><strong>tractatur.</strong></span> <span class='ocrx_word' id='word_1_717' title='bbox 3304 3378 3373 3433; x_wconf 83' lang='lat' dir='ltr'><strong>Et</strong></span> <span class='ocrx_word' id='word_1_718' title='bbox 3411 3378 3629 3434; x_wconf 84' lang='lat' dir='ltr'><strong>dicebat</strong></span> <span class='ocrx_word' id='word_1_719' title='bbox 3659 3400 3675 3433; x_wconf 84' lang='lat'><strong>:</strong></span> 
     </span>
    </p>
   </div>
   <div class='ocr_carea' id='block_1_96' title="bbox 2100 3470 3674 3539">
    <p class='ocr_par' dir='ltr' id='par_1_96' title="bbox 2100 3470 3674 3539">
     <span class='ocr_line' id='line_1_96' title="bbox 2100 3470 3674 3539; baseline 0.001 -17"><span class='ocrx_word' id='word_1_720' title='bbox 2100 3488 2118 3521; x_wconf 84' lang='lat' dir='ltr'><strong>t</strong></span> <span class='ocrx_word' id='word_1_721' title='bbox 2147 3470 2202 3523; x_wconf 94' lang='lat' dir='ltr'><strong>ln</strong></span> <span class='ocrx_word' id='word_1_722' title='bbox 2233 3486 2338 3539; x_wconf 90' lang='lat' dir='ltr'><strong>qua</strong></span> <span class='ocrx_word' id='word_1_723' title='bbox 2375 3485 2630 3525; x_wconf 84' lang='lat' dir='ltr'><strong>mensura</strong></span> <span class='ocrx_word' id='word_1_724' title='bbox 2661 3471 2831 3525; x_wconf 86' lang='lat' dir='ltr'><strong>mensi</strong></span> <span class='ocrx_word' id='word_1_725' title='bbox 2856 3470 3091 3536; x_wconf 89' lang='lat' dir='ltr'><strong>fueritis,</strong></span> <span class='ocrx_word' id='word_1_726' title='bbox 3119 3470 3441 3527; x_wconf 76' lang='lat' dir='ltr'><strong>remetiatur</strong></span> <span class='ocrx_word' id='word_1_727' title='bbox 3464 3473 3674 3527; x_wconf 61' lang='lat' dir='ltr'><strong>vobis.»</strong></span> 
     </span>
    </p>
   </div>
   <div class='ocr_carea' id='block_1_97' title="bbox 2096 3563 3679 3631">
    <p class='ocr_par' dir='ltr' id='par_1_97' title="bbox 2096 3563 3679 3631">
     <span class='ocr_line' id='line_1_97' title="bbox 2096 3563 3679 3631; baseline 0.001 -14"><span class='ocrx_word' id='word_1_728' title='bbox 2096 3563 2311 3618; x_wconf 86' lang='lat' dir='ltr'><strong>Etenim</strong></span> <span class='ocrx_word' id='word_1_729' title='bbox 2335 3563 2642 3617; x_wconf 84' lang='lat' dir='ltr'><strong>secundum</strong></span> <span class='ocrx_word' id='word_1_730' title='bbox 2671 3577 2982 3616; x_wconf 88' lang='lat' dir='ltr'><strong>mensuram</strong></span> <span class='ocrx_word' id='word_1_731' title='bbox 3010 3563 3161 3626; x_wconf 78' lang='lat' dir='ltr'><strong>ﬁdei,</strong></span> <span class='ocrx_word' id='word_1_732' title='bbox 3200 3563 3504 3631; x_wconf 78' lang='lat' dir='ltr'><strong>unicuique</strong></span> <span class='ocrx_word' id='word_1_733' title='bbox 3533 3565 3679 3619; x_wconf 81' lang='lat' dir='ltr'><strong>divi-</strong></span> 
     </span>
    </p>
   </div>
   <div class='ocr_carea' id='block_1_98' title="bbox 2096 3655 3685 3726">
    <p class='ocr_par' dir='ltr' id='par_1_98' title="bbox 2096 3655 3685 3726">
     <span class='ocr_line' id='line_1_98' title="bbox 2096 3655 3685 3726; baseline 0.001 -17"><span class='ocrx_word' id='word_1_734' title='bbox 2096 3655 2245 3709; x_wconf 87' lang='lat' dir='ltr'><strong>ditur</strong></span> <span class='ocrx_word' id='word_1_735' title='bbox 2307 3655 2671 3725; x_wconf 63' lang='lat' dir='ltr'><strong>inttlligentia</strong></span> <span class='ocrx_word' id='word_1_736' title='bbox 2725 3657 3109 3725; x_wconf 80' lang='lat' dir='ltr'><strong>mysteriorum</strong></span> <span class='ocrx_word' id='word_1_737' title='bbox 3177 3673 3191 3709; x_wconf 74' lang='grc' dir='ltr'>ε</span> <span class='ocrx_word' id='word_1_738' title='bbox 3247 3666 3304 3715; x_wconf 86' lang='lat' dir='ltr'><strong>et</strong></span> <span class='ocrx_word' id='word_1_739' title='bbox 3362 3658 3685 3726; x_wconf 75' lang='lat' dir='ltr'><strong>adiicietur,</strong></span> 
     </span>
    </p>
   </div>
   <div class='ocr_carea' id='block_1_99' title="bbox 2099 3746 3686 3819">
    <p class='ocr_par' dir='ltr' id='par_1_99' title="bbox 2099 3746 3686 3819">
     <span class='ocr_line' id='line_1_99' title="bbox 2099 3746 3686 3819; baseline 0.004 -20"><span class='ocrx_word' id='word_1_740' title='bbox 2099 3746 2223 3799; x_wconf 92' lang='lat' dir='ltr'><strong>dum</strong></span> <span class='ocrx_word' id='word_1_741' title='bbox 2260 3747 2503 3801; x_wconf 73' lang='lat' dir='ltr'><strong>scientia:</strong></span> <span class='ocrx_word' id='word_1_742' title='bbox 2523 3748 2688 3801; x_wconf 89' lang='lat' dir='ltr'><strong>etiam</strong></span> <span class='ocrx_word' id='word_1_743' title='bbox 2721 3747 3049 3817; x_wconf 86' lang='lat' dir='ltr'><strong>adjicientur</strong></span> <span class='ocrx_word' id='word_1_744' title='bbox 3081 3751 3337 3806; x_wconf 83' lang='lat' dir='ltr'><strong>virtutes.</strong></span> <span class='ocrx_word' id='word_1_745' title='bbox 3365 3768 3386 3802; x_wconf 70' lang='grc' dir='ltr'><strong>ι</strong></span> <span class='ocrx_word' id='word_1_746' title='bbox 3409 3750 3513 3819; x_wconf 90' lang='lat' dir='ltr'><strong>Qui</strong></span> <span class='ocrx_word' id='word_1_747' title='bbox 3532 3754 3686 3807; x_wconf 78' lang='lat' dir='ltr'><strong>enim</strong></span> 
     </span>
    </p>
   </div>
   <div class='ocr_carea' id='block_1_100' title="bbox 2107 3838 3691 3911">
    <p class='ocr_par' dir='ltr' id='par_1_100' title="bbox 2107 3838 3691 3911">
     <span class='ocr_line' id='line_1_100' title="bbox 2107 3838 3691 3911; baseline 0.005 -20"><span class='ocrx_word' id='word_1_748' title='bbox 2107 3838 2293 3902; x_wconf 72' lang='lat' dir='ltr'><strong>habet,</strong></span> <span class='ocrx_word' id='word_1_749' title='bbox 2322 3838 2546 3892; x_wconf 88' lang='lat' dir='ltr'><strong>dabitur</strong></span> <span class='ocrx_word' id='word_1_750' title='bbox 2577 3839 2626 3892; x_wconf 88' lang='lat' dir='ltr'><strong>ei</strong></span> <span class='ocrx_word' id='word_1_751' title='bbox 2659 3855 2673 3892; x_wconf 88' lang='lat'><strong>:</strong></span> <span class='ocrx_word' id='word_1_752' title='bbox 2712 3856 2732 3890; x_wconf 79' lang='grc' dir='ltr'><strong>ι</strong></span> <span class='ocrx_word' id='word_1_753' title='bbox 2769 3840 2820 3893; x_wconf 93' lang='lat' dir='ltr'><strong>id</strong></span> <span class='ocrx_word' id='word_1_754' title='bbox 2854 3850 2959 3906; x_wconf 88' lang='lat' dir='ltr'><strong>est,</strong></span> <span class='ocrx_word' id='word_1_755' title='bbox 2988 3842 3078 3911; x_wconf 89' lang='lat' dir='ltr'><strong>qui</strong></span> <span class='ocrx_word' id='word_1_756' title='bbox 3111 3841 3274 3896; x_wconf 89' lang='lat' dir='ltr'><strong>habet</strong></span> <span class='ocrx_word' id='word_1_757' title='bbox 3304 3841 3487 3907; x_wconf 77' lang='lat' dir='ltr'><strong>fidem,</strong></span> <span class='ocrx_word' id='word_1_758' title='bbox 3514 3844 3691 3899; x_wconf 83' lang='lat' dir='ltr'><strong>babe-</strong></span> 
     </span>
    </p>
   </div>
   <div class='ocr_carea' id='block_1_101' title="bbox 2100 3931 3695 4002">
    <p class='ocr_par' dir='ltr' id='par_1_101' title="bbox 2100 3931 3695 4002">
     <span class='ocr_line' id='line_1_101' title="bbox 2100 3931 3695 4002; baseline 0.003 -17"><span class='ocrx_word' id='word_1_759' title='bbox 2100 3932 2178 3985; x_wconf 86' lang='lat' dir='ltr'><strong>bit</strong></span> <span class='ocrx_word' id='word_1_760' title='bbox 2222 3931 2476 3985; x_wconf 88' lang='lat' dir='ltr'><strong>virtutem</strong></span> <span class='ocrx_word' id='word_1_761' title='bbox 2512 3945 2525 3982; x_wconf 91' lang='lat'>:</span> <span class='ocrx_word' id='word_1_762' title='bbox 2564 3939 2619 3984; x_wconf 94' lang='lat' dir='ltr'><strong>et</strong></span> <span class='ocrx_word' id='word_1_763' title='bbox 2679 3932 2773 4000; x_wconf 87' lang='lat' dir='ltr'><strong>qtti</strong></span> <span class='ocrx_word' id='word_1_764' title='bbox 2819 3934 2983 3989; x_wconf 84' lang='lat' dir='ltr'><strong>hauet</strong></span> <span class='ocrx_word' id='word_1_765' title='bbox 3041 3947 3179 4001; x_wconf 83' lang='lat' dir='ltr'><strong>Opus</strong></span> <span class='ocrx_word' id='word_1_766' title='bbox 3235 3937 3426 4002; x_wconf 87' lang='lat' dir='ltr'><strong>verbi,</strong></span> <span class='ocrx_word' id='word_1_767' title='bbox 3464 3938 3695 3992; x_wconf 82' lang='lat' dir='ltr'><strong>habebit</strong></span> 
     </span>
    </p>
   </div>
   <div class='ocr_carea' id='block_1_102' title="bbox 2102 4020 3693 4095">
    <p class='ocr_par' dir='ltr' id='par_1_102' title="bbox 2102 4020 3693 4095">
     <span class='ocr_line' id='line_1_102' title="bbox 2102 4020 3693 4095; baseline 0.005 -22"><span class='ocrx_word' id='word_1_768' title='bbox 2102 4020 2505 4093; x_wconf 86' lang='lat' dir='ltr'><strong>intelligentiam</strong></span> <span class='ocrx_word' id='word_1_769' title='bbox 2539 4022 2809 4093; x_wconf 85' lang='lat' dir='ltr'><strong>mysterii.</strong></span> <span class='ocrx_word' id='word_1_770' title='bbox 2844 4024 2912 4078; x_wconf 82' lang='lat' dir='ltr'><strong>Et</strong></span> <span class='ocrx_word' id='word_1_771' title='bbox 2964 4028 3058 4095; x_wconf 90' lang='lat' dir='ltr'><strong>qui</strong></span> <span class='ocrx_word' id='word_1_772' title='bbox 3104 4042 3209 4081; x_wconf 87' lang='lat' dir='ltr'><strong>non</strong></span> <span class='ocrx_word' id='word_1_773' title='bbox 3240 4028 3401 4083; x_wconf 82' lang='lat' dir='ltr'><strong>habet</strong></span> <span class='ocrx_word' id='word_1_774' title='bbox 3430 4043 3465 4084; x_wconf 91' lang='lat' dir='ltr'><strong>e</strong></span> <span class='ocrx_word' id='word_1_775' title='bbox 3496 4038 3693 4084; x_wconf 77' lang='lat' dir='ltr'><strong>contra</strong></span> 
     </span>
    </p>
   </div>
   <div class='ocr_carea' id='block_1_103' title="bbox 2104 4111 3697 4190">
    <p class='ocr_par' dir='ltr' id='par_1_103' title="bbox 2104 4111 3697 4190">
     <span class='ocr_line' id='line_1_103' title="bbox 2104 4111 3697 4190; baseline 0.007 -24"><span class='ocrx_word' id='word_1_776' title='bbox 2104 4113 2298 4176; x_wconf 88' lang='lat' dir='ltr'><strong>fidem,</strong></span> <span class='ocrx_word' id='word_1_777' title='bbox 2358 4111 2541 4168; x_wconf 83' lang='lat' dir='ltr'><strong>deficit</strong></span> <span class='ocrx_word' id='word_1_778' title='bbox 2594 4116 2833 4182; x_wconf 84' lang='lat' dir='ltr'><strong>virtute,</strong></span> <span class='ocrx_word' id='word_1_779' title='bbox 2878 4125 2934 4171; x_wconf 87' lang='lat' dir='ltr'><strong>et</strong></span> <span class='ocrx_word' id='word_1_780' title='bbox 2994 4118 3085 4188; x_wconf 87' lang='lat' dir='ltr'><strong>qui</strong></span> <span class='ocrx_word' id='word_1_781' title='bbox 3147 4133 3261 4174; x_wconf 87' lang='lat' dir='ltr'><strong>non</strong></span> <span class='ocrx_word' id='word_1_782' title='bbox 3324 4122 3493 4176; x_wconf 80' lang='lat' dir='ltr'><strong>habet</strong></span> <span class='ocrx_word' id='word_1_783' title='bbox 3548 4138 3697 4190; x_wconf 79' lang='lat' dir='ltr'><strong>opus</strong></span> 
     </span>
    </p>
   </div>
   <div class='ocr_carea' id='block_1_104' title="bbox 2115 4203 3695 4285">
    <p class='ocr_par' dir='ltr' id='par_1_104' title="bbox 2115 4203 3695 4285">
     <span class='ocr_line' id='line_1_104' title="bbox 2115 4203 3695 4285; baseline 0.008 -30"><span class='ocrx_word' id='word_1_784' title='bbox 2115 4203 2293 4268; x_wconf 67' lang='lat' dir='ltr'><strong>verbi,</strong></span> <span class='ocrx_word' id='word_1_785' title='bbox 2324 4207 2446 4275; x_wconf 82' lang='lat' dir='ltr'><strong>ejus</strong></span> <span class='ocrx_word' id='word_1_786' title='bbox 2472 4207 2838 4278; x_wconf 80' lang='lat' dir='ltr'><strong>intelligentia</strong></span> <span class='ocrx_word' id='word_1_787' title='bbox 2866 4223 3037 4266; x_wconf 87' lang='lat' dir='ltr'><strong>caret.</strong></span> <span class='ocrx_word' id='word_1_788' title='bbox 3067 4212 3129 4266; x_wconf 79' lang='lat' dir='ltr'><strong>Et</strong></span> <span class='ocrx_word' id='word_1_789' title='bbox 3154 4214 3246 4280; x_wconf 89' lang='lat' dir='ltr'><strong>qui</strong></span> <span class='ocrx_word' id='word_1_790' title='bbox 3274 4229 3379 4268; x_wconf 88' lang='lat' dir='ltr'><strong>non</strong></span> <span class='ocrx_word' id='word_1_791' title='bbox 3412 4215 3695 4285; x_wconf 82' lang='lat' dir='ltr'><strong>intelligit,</strong></span> 
     </span>
    </p>
   </div>
   <div class='ocr_carea' id='block_1_105' title="bbox 2099 4296 3410 4369">
    <p class='ocr_par' dir='ltr' id='par_1_105' title="bbox 2099 4296 3410 4369">
     <span class='ocr_line' id='line_1_105' title="bbox 2099 4296 3410 4369; baseline 0.008 -20"><span class='ocrx_word' id='word_1_792' title='bbox 2099 4296 2211 4366; x_wconf 90' lang='lat' dir='ltr'><strong>jam</strong></span> <span class='ocrx_word' id='word_1_793' title='bbox 2247 4298 2496 4352; x_wconf 88' lang='lat' dir='ltr'><strong>auditum</strong></span> <span class='ocrx_word' id='word_1_794' title='bbox 2537 4302 2804 4369; x_wconf 88' lang='lat' dir='ltr'><strong>perdidit,</strong></span> <span class='ocrx_word' id='word_1_795' title='bbox 2844 4317 2906 4358; x_wconf 90' lang='lat' dir='ltr'><strong>ac</strong></span> <span class='ocrx_word' id='word_1_796' title='bbox 2938 4304 2983 4359; x_wconf 87' lang='lat' dir='ltr'><strong>si</strong></span> <span class='ocrx_word' id='word_1_797' title='bbox 3013 4318 3117 4360; x_wconf 88' lang='lat' dir='ltr'><strong>non</strong></span> <span class='ocrx_word' id='word_1_798' title='bbox 3150 4307 3410 4362; x_wconf 84' lang='lat' dir='ltr'><strong>audisset.</strong></span> 
     </span>
    </p>
   </div>
   <div class='ocr_carea' id='block_1_106' title="bbox 2184 4390 3692 4469">
    <p class='ocr_par' dir='ltr' id='par_1_106' title="bbox 2184 4390 3692 4469">
     <span class='ocr_line' id='line_1_106' title="bbox 2184 4390 3692 4469; baseline 0.011 -28"><span class='ocrx_word' id='word_1_799' title='bbox 2184 4407 2201 4441; x_wconf 76' lang='grc' dir='ltr'><strong>ι</strong></span> <span class='ocrx_word' id='word_1_800' title='bbox 2230 4390 2295 4444; x_wconf 82' lang='grc' dir='ltr'>Ει</span> <span class='ocrx_word' id='word_1_801' title='bbox 2328 4391 2545 4447; x_wconf 86' lang='lat' dir='ltr'><strong>dicebat</strong></span> <span class='ocrx_word' id='word_1_802' title='bbox 2564 4409 2578 4447; x_wconf 90' lang='lat'><strong>:</strong></span> <span class='ocrx_word' id='word_1_803' title='bbox 2599 4391 2688 4449; x_wconf 90' lang='lat' dir='ltr'><strong>Sic</strong></span> <span class='ocrx_word' id='word_1_804' title='bbox 2723 4406 2806 4451; x_wconf 86' lang='lat' dir='ltr'><strong>est</strong></span> <span class='ocrx_word' id='word_1_805' title='bbox 2826 4412 3051 4466; x_wconf 84' lang='lat' dir='ltr'><strong>regnum</strong></span> <span class='ocrx_word' id='word_1_806' title='bbox 3075 4398 3192 4464; x_wconf 88' lang='lat' dir='ltr'><strong>Dei,</strong></span> <span class='ocrx_word' id='word_1_807' title='bbox 3222 4403 3692 4469; x_wconf 79' lang='lat' dir='ltr'><strong>quemadmodum</strong></span> 
     </span>
    </p>
   </div>
   <div class='ocr_carea' id='block_1_107' title="bbox 2109 4481 3693 4561">
    <p class='ocr_par' dir='ltr' id='par_1_107' title="bbox 2109 4481 3693 4561">
     <span class='ocr_line' id='line_1_107' title="bbox 2109 4481 3693 4561; baseline 0.009 -27"><span class='ocrx_word' id='word_1_808' title='bbox 2109 4481 2153 4534; x_wconf 84' lang='lat' dir='ltr'><strong>si</strong></span> <span class='ocrx_word' id='word_1_809' title='bbox 2186 4484 2344 4534; x_wconf 89' lang='lat' dir='ltr'><strong>homo</strong></span> <span class='ocrx_word' id='word_1_810' title='bbox 2366 4482 2533 4550; x_wconf 86' lang='lat' dir='ltr'><strong>jaciat</strong></span> <span class='ocrx_word' id='word_1_811' title='bbox 2563 4496 2863 4539; x_wconf 84' lang='lat' dir='ltr'><strong>sementem</strong></span> <span class='ocrx_word' id='word_1_812' title='bbox 2890 4486 2945 4542; x_wconf 89' lang='lat' dir='ltr'><strong>in</strong></span> <span class='ocrx_word' id='word_1_813' title='bbox 2979 4498 3203 4556; x_wconf 86' lang='lat' dir='ltr'><strong>terram,</strong></span> <span class='ocrx_word' id='word_1_814' title='bbox 3227 4501 3284 4545; x_wconf 91' lang='lat' dir='ltr'><strong>et</strong></span> <span class='ocrx_word' id='word_1_815' title='bbox 3330 4492 3604 4561; x_wconf 75' lang='lat' dir='ltr'><strong>dormiat,</strong></span> <span class='ocrx_word' id='word_1_816' title='bbox 3630 4508 3693 4550; x_wconf 84' lang='lat' dir='ltr'><strong>et</strong></span> 
     </span>
    </p>
   </div>
   <div class='ocr_carea' id='block_1_108' title="bbox 2111 4578 3704 4652">
    <p class='ocr_par' dir='ltr' id='par_1_108' title="bbox 2111 4578 3704 4652">
     <span class='ocr_line' id='line_1_108' title="bbox 2111 4578 3704 4652; baseline 0.011 -27"><span class='ocrx_word' id='word_1_817' title='bbox 2111 4584 2380 4642; x_wconf 77' lang='lat' dir='ltr'><strong>exsurgat</strong></span> <span class='ocrx_word' id='word_1_818' title='bbox 2430 4587 2588 4630; x_wconf 89' lang='lat' dir='ltr'><strong>nocte</strong></span> <span class='ocrx_word' id='word_1_819' title='bbox 2637 4588 2693 4630; x_wconf 89' lang='lat' dir='ltr'><strong>et</strong></span> <span class='ocrx_word' id='word_1_820' title='bbox 2743 4578 2849 4639; x_wconf 89' lang='lat' dir='ltr'><strong>die.</strong></span> <span class='ocrx_word' id='word_1_821' title='bbox 2877 4589 2931 4632; x_wconf 91' lang='lat' dir='ltr'><strong>et</strong></span> <span class='ocrx_word' id='word_1_822' title='bbox 2979 4595 3166 4636; x_wconf 86' lang='lat' dir='ltr'><strong>semen</strong></span> <span class='ocrx_word' id='word_1_823' title='bbox 3213 4587 3487 4652; x_wconf 83' lang='lat' dir='ltr'><strong>germinet</strong></span> <span class='ocrx_word' id='word_1_824' title='bbox 3516 4600 3579 4641; x_wconf 86' lang='lat' dir='ltr'><strong>et</strong></span> <span class='ocrx_word' id='word_1_825' title='bbox 3612 4591 3704 4641; x_wconf 57' lang='lat' dir='ltr'><strong>in.</strong></span> 
     </span>
    </p>
   </div>
   <div class='ocr_carea' id='block_1_109' title="bbox 2111 4668 3708 4733">
    <p class='ocr_par' dir='ltr' id='par_1_109' title="bbox 2111 4668 3708 4733">
     <span class='ocr_line' id='line_1_109' title="bbox 2111 4668 3708 4733; baseline 0.009 -15"><span class='ocrx_word' id='word_1_826' title='bbox 2111 4674 2322 4719; x_wconf 74' lang='lat' dir='ltr'><strong>etesCat</strong></span> <span class='ocrx_word' id='word_1_827' title='bbox 2355 4668 2481 4720; x_wconf 89' lang='lat' dir='ltr'><strong>dunt</strong></span> <span class='ocrx_word' id='word_1_828' title='bbox 2521 4672 2693 4722; x_wconf 79' lang='lat' dir='ltr'><strong>nescit</strong></span> <span class='ocrx_word' id='word_1_829' title='bbox 2748 4670 2858 4723; x_wconf 86' lang='lat' dir='ltr'><strong>ille.</strong></span> <span class='ocrx_word' id='word_1_830' title='bbox 2897 4670 3048 4727; x_wconf 88' lang='lat' dir='ltr'><strong>Ultro</strong></span> <span class='ocrx_word' id='word_1_831' title='bbox 3079 4674 3228 4727; x_wconf 85' lang='lat' dir='ltr'><strong>enim</strong></span> <span class='ocrx_word' id='word_1_832' title='bbox 3263 4687 3403 4731; x_wconf 83' lang='lat' dir='ltr'><strong>terra</strong></span> <span class='ocrx_word' id='word_1_833' title='bbox 3459 4677 3708 4733; x_wconf 57' lang='lat' dir='ltr'><strong>fructilio</strong></span> 
     </span>
    </p>
   </div>
   <div class='ocr_carea' id='block_1_110' title="bbox 2112 4761 3703 4843">
    <p class='ocr_par' dir='ltr' id='par_1_110' title="bbox 2112 4761 3703 4843">
     <span class='ocr_line' id='line_1_110' title="bbox 2112 4761 3703 4843; baseline 0.011 -32"><span class='ocrx_word' id='word_1_834' title='bbox 2112 4769 2221 4824; x_wconf 89' lang='lat' dir='ltr'><strong>cat,</strong></span> <span class='ocrx_word' id='word_1_835' title='bbox 2256 4761 2489 4828; x_wconf 76' lang='lat' dir='ltr'><strong>prirnum</strong></span> <span class='ocrx_word' id='word_1_836' title='bbox 2533 4763 2782 4830; x_wconf 86' lang='lat' dir='ltr'><strong>herbam,</strong></span> <span class='ocrx_word' id='word_1_837' title='bbox 2818 4765 3016 4820; x_wconf 87' lang='lat' dir='ltr'><strong>deinde</strong></span> <span class='ocrx_word' id='word_1_838' title='bbox 3045 4766 3280 4835; x_wconf 85' lang='lat' dir='ltr'><strong>spicam,</strong></span> <span class='ocrx_word' id='word_1_839' title='bbox 3308 4768 3511 4825; x_wconf 87' lang='lat' dir='ltr'><strong>deinde</strong></span> <span class='ocrx_word' id='word_1_840' title='bbox 3565 4774 3703 4843; x_wconf 85' lang='lat' dir='ltr'><strong>ple-</strong></span> 
     </span>
    </p>
   </div>
   <div class='ocr_carea' id='block_1_111' title="bbox 2116 4851 3701 4934">
    <p class='ocr_par' dir='ltr' id='par_1_111' title="bbox 2116 4851 3701 4934">
     <span class='ocr_line' id='line_1_111' title="bbox 2116 4851 3701 4934; baseline 0.01 -31"><span class='ocrx_word' id='word_1_841' title='bbox 2116 4866 2243 4904; x_wconf 90' lang='lat' dir='ltr'><strong>num</strong></span> <span class='ocrx_word' id='word_1_842' title='bbox 2285 4851 2617 4910; x_wconf 90' lang='lat' dir='ltr'><strong>frumentum</strong></span> <span class='ocrx_word' id='word_1_843' title='bbox 2680 4855 2734 4910; x_wconf 91' lang='lat' dir='ltr'><strong>in</strong></span> <span class='ocrx_word' id='word_1_844' title='bbox 2788 4858 2965 4927; x_wconf 89' lang='lat' dir='ltr'><strong>spica.</strong></span> <span class='ocrx_word' id='word_1_845' title='bbox 2996 4879 3013 4911; x_wconf 77' lang='grc' dir='ltr'><strong>ι</strong></span> <span class='ocrx_word' id='word_1_846' title='bbox 3050 4860 3116 4914; x_wconf 88' lang='lat' dir='ltr'><strong>Et</strong></span> <span class='ocrx_word' id='word_1_847' title='bbox 3170 4862 3313 4917; x_wconf 86' lang='lat' dir='ltr'><strong>hanc</strong></span> <span class='ocrx_word' id='word_1_848' title='bbox 3368 4868 3701 4934; x_wconf 81' lang='lat' dir='ltr'><strong>parabolam</strong></span> 
     </span>
    </p>
   </div>
   <div class='ocr_carea' id='block_1_112' title="bbox 2115 4946 3706 5026">
    <p class='ocr_par' dir='ltr' id='par_1_112' title="bbox 2115 4946 3706 5026">
     <span class='ocr_line' id='line_1_112' title="bbox 2115 4946 3706 5026; baseline 0.013 -31"><span class='ocrx_word' id='word_1_849' title='bbox 2115 4946 2387 5012; x_wconf 74' lang='lat' dir='ltr'><strong>przedictis</strong></span> <span class='ocrx_word' id='word_1_850' title='bbox 2443 4961 2871 5018; x_wconf 86' lang='lat' dir='ltr'><strong>consequentem</strong></span> <span class='ocrx_word' id='word_1_851' title='bbox 2923 4954 3146 5022; x_wconf 87' lang='lat' dir='ltr'><strong>proprie</strong></span> <span class='ocrx_word' id='word_1_852' title='bbox 3177 4960 3413 5026; x_wconf 83' lang='lat' dir='ltr'><strong>sumpsit</strong></span> <span class='ocrx_word' id='word_1_853' title='bbox 3452 4959 3706 5015; x_wconf 71' lang='lat' dir='ltr'><strong>larens.</strong></span> 
     </span>
    </p>
   </div>
   <div class='ocr_carea' id='block_1_113' title="bbox 2115 5038 3709 5115">
    <p class='ocr_par' dir='ltr' id='par_1_113' title="bbox 2115 5038 3709 5115">
     <span class='ocr_line' id='line_1_113' title="bbox 2115 5038 3709 5115; baseline 0.011 -23"><span class='ocrx_word' id='word_1_854' title='bbox 2115 5038 2427 5105; x_wconf 82' lang='lat' dir='ltr'><strong>Scripturas</strong></span> <span class='ocrx_word' id='word_1_855' title='bbox 2462 5042 2712 5095; x_wconf 89' lang='lat' dir='ltr'><strong>novimus</strong></span> <span class='ocrx_word' id='word_1_856' title='bbox 2750 5044 2987 5109; x_wconf 87' lang='lat' dir='ltr'><strong>divinas,</strong></span> <span class='ocrx_word' id='word_1_857' title='bbox 3039 5061 3136 5115; x_wconf 87' lang='lat' dir='ltr'><strong>per</strong></span> <span class='ocrx_word' id='word_1_858' title='bbox 3162 5048 3562 5109; x_wconf 81' lang='lat' dir='ltr'><strong>similitudines</strong></span> <span class='ocrx_word' id='word_1_859' title='bbox 3591 5064 3709 5109; x_wconf 83' lang='lat' dir='ltr'><strong>ter-</strong></span> 
     </span>
    </p>
   </div>
   <div class='ocr_carea' id='block_1_114' title="bbox 2118 5133 3706 5204">
    <p class='ocr_par' dir='ltr' id='par_1_114' title="bbox 2118 5133 3706 5204">
     <span class='ocr_line' id='line_1_114' title="bbox 2118 5133 3706 5204; baseline 0.011 -19"><span class='ocrx_word' id='word_1_860' title='bbox 2118 5147 2277 5187; x_wconf 84' lang='lat' dir='ltr'><strong>renas</strong></span> <span class='ocrx_word' id='word_1_861' title='bbox 2309 5133 2632 5204; x_wconf 86' lang='lat' dir='ltr'><strong>plerumque</strong></span> <span class='ocrx_word' id='word_1_862' title='bbox 2662 5138 2909 5193; x_wconf 67' lang='lat' dir='ltr'><strong>cwlestia</strong></span> <span class='ocrx_word' id='word_1_863' title='bbox 2939 5154 3286 5199; x_wconf 82' lang='lat' dir='ltr'><strong>sacramenta</strong></span> <span class='ocrx_word' id='word_1_864' title='bbox 3326 5161 3648 5203; x_wconf 82' lang='lat' dir='ltr'><strong>monstrare</strong></span> <span class='ocrx_word' id='word_1_865' title='bbox 3682 5162 3706 5202; x_wconf 85' lang='lat'><strong>:</strong></span> 
     </span>
    </p>
   </div>
   <div class='ocr_carea' id='block_1_115' title="bbox 2116 5221 3698 5312">
    <p class='ocr_par' dir='ltr' id='par_1_115' title="bbox 2116 5221 3698 5312">
     <span class='ocr_line' id='line_1_115' title="bbox 2116 5221 3698 5312; baseline 0.011 -38"><span class='ocrx_word' id='word_1_866' title='bbox 2116 5221 2255 5277; x_wconf 89' lang='lat' dir='ltr'><strong>sicut</strong></span> <span class='ocrx_word' id='word_1_867' title='bbox 2288 5231 2458 5278; x_wconf 91' lang='lat' dir='ltr'><strong>totum</strong></span> <span class='ocrx_word' id='word_1_868' title='bbox 2488 5240 2688 5295; x_wconf 90' lang='lat' dir='ltr'><strong>corpus</strong></span> <span class='ocrx_word' id='word_1_869' title='bbox 2712 5240 2925 5286; x_wconf 84' lang='lat' dir='ltr'><strong>constat</strong></span> <span class='ocrx_word' id='word_1_870' title='bbox 2962 5231 3405 5305; x_wconf 84' lang='lat' dir='ltr'><strong>Evangeliorum.</strong></span> <span class='ocrx_word' id='word_1_871' title='bbox 3443 5241 3698 5312; x_wconf 66' lang='lat' dir='ltr'><strong>Regnum</strong></span> 
     </span>
    </p>
   </div>
   <div class='ocr_carea' id='block_1_116' title="bbox 2120 5313 3703 5405">
    <p class='ocr_par' dir='ltr' id='par_1_116' title="bbox 2120 5313 3703 5405">
     <span class='ocr_line' id='line_1_116' title="bbox 2120 5313 3703 5405; baseline 0.011 -37"><span class='ocrx_word' id='word_1_872' title='bbox 2120 5317 2236 5380; x_wconf 89' lang='lat' dir='ltr'><strong>Dei,</strong></span> <span class='ocrx_word' id='word_1_873' title='bbox 2270 5313 2506 5372; x_wconf 80' lang='lat' dir='ltr'><strong>Ecclesia</strong></span> <span class='ocrx_word' id='word_1_874' title='bbox 2541 5331 2648 5384; x_wconf 84' lang='lat' dir='ltr'><strong>est,</strong></span> <span class='ocrx_word' id='word_1_875' title='bbox 2681 5336 2802 5390; x_wconf 70' lang='lat' dir='ltr'><strong>quae</strong></span> <span class='ocrx_word' id='word_1_876' title='bbox 2834 5325 3041 5394; x_wconf 84' lang='lat' dir='ltr'><strong>regitur</strong></span> <span class='ocrx_word' id='word_1_877' title='bbox 3070 5343 3103 5383; x_wconf 84' lang='lat' dir='ltr'><strong>a</strong></span> <span class='ocrx_word' id='word_1_878' title='bbox 3132 5329 3269 5396; x_wconf 88' lang='lat' dir='ltr'><strong>Deo,</strong></span> <span class='ocrx_word' id='word_1_879' title='bbox 3292 5343 3350 5388; x_wconf 89' lang='lat' dir='ltr'><strong>et</strong></span> <span class='ocrx_word' id='word_1_880' title='bbox 3399 5335 3520 5403; x_wconf 88' lang='lat' dir='ltr'><strong>ipsa</strong></span> <span class='ocrx_word' id='word_1_881' title='bbox 3552 5336 3703 5405; x_wconf 77' lang='lat' dir='ltr'><strong>regis</strong></span> 
     </span>
    </p>
   </div>
   <div class='ocr_carea' id='block_1_117' title="bbox 2118 5406 3702 5483">
    <p class='ocr_par' dir='ltr' id='par_1_117' title="bbox 2118 5406 3702 5483">
     <span class='ocr_line' id='line_1_117' title="bbox 2118 5406 3702 5483; baseline 0.012 -24"><span class='ocrx_word' id='word_1_882' title='bbox 2118 5406 2369 5464; x_wconf 87' lang='lat' dir='ltr'><strong>homines</strong></span> <span class='ocrx_word' id='word_1_883' title='bbox 2399 5424 2412 5459; x_wconf 87' lang='lat'><strong>:</strong></span> <span class='ocrx_word' id='word_1_884' title='bbox 2445 5417 2500 5463; x_wconf 94' lang='lat' dir='ltr'><strong>et</strong></span> <span class='ocrx_word' id='word_1_885' title='bbox 2515 5414 2823 5471; x_wconf 86' lang='lat' dir='ltr'><strong>contrarias</strong></span> <span class='ocrx_word' id='word_1_886' title='bbox 2849 5418 3081 5473; x_wconf 82' lang='lat' dir='ltr'><strong>virtutes</strong></span> <span class='ocrx_word' id='word_1_887' title='bbox 3119 5433 3175 5476; x_wconf 92' lang='lat' dir='ltr'><strong>et</strong></span> <span class='ocrx_word' id='word_1_888' title='bbox 3214 5424 3345 5478; x_wconf 78' lang='lat' dir='ltr'><strong>vitia</strong></span> <span class='ocrx_word' id='word_1_889' title='bbox 3374 5429 3551 5481; x_wconf 83' lang='lat' dir='ltr'><strong>calcat</strong></span> <span class='ocrx_word' id='word_1_890' title='bbox 3582 5442 3605 5483; x_wconf 86' lang='lat'><strong>:</strong></span> <span class='ocrx_word' id='word_1_891' title='bbox 3639 5435 3702 5478; x_wconf 85' lang='lat' dir='ltr'><strong>ut</strong></span> 
     </span>
    </p>
   </div>
   <div class='ocr_carea' id='block_1_118' title="bbox 2116 5503 3703 5589">
    <p class='ocr_par' dir='ltr' id='par_1_118' title="bbox 2116 5503 3703 5589">
     <span class='ocr_line' id='line_1_118' title="bbox 2116 5503 3703 5589; baseline 0.014 -37"><span class='ocrx_word' id='word_1_892' title='bbox 2116 5507 2203 5553; x_wconf 70' lang='lat' dir='ltr'><strong>Cal</strong></span> <span class='ocrx_word' id='word_1_893' title='bbox 2247 5503 2499 5557; x_wconf 88' lang='lat' dir='ltr'><strong>centurio</strong></span> <span class='ocrx_word' id='word_1_894' title='bbox 2529 5503 2742 5562; x_wconf 83' lang='lat' dir='ltr'><strong>habens</strong></span> <span class='ocrx_word' id='word_1_895' title='bbox 2772 5514 2878 5564; x_wconf 78' lang='lat' dir='ltr'><strong>sub</strong></span> <span class='ocrx_word' id='word_1_896' title='bbox 2910 5526 2970 5565; x_wconf 82' lang='lat' dir='ltr'><strong>se</strong></span> <span class='ocrx_word' id='word_1_897' title='bbox 3011 5513 3237 5570; x_wconf 85' lang='lat' dir='ltr'><strong>milites.</strong></span> <span class='ocrx_word' id='word_1_898' title='bbox 3269 5518 3448 5574; x_wconf 78' lang='lat' dir='ltr'><strong>Homo</strong></span> <span class='ocrx_word' id='word_1_899' title='bbox 3477 5522 3703 5589; x_wconf 63' lang='lat' dir='ltr'><strong>jactatio</strong></span> 
     </span>
    </p>
   </div>
   <div class='ocr_carea' id='block_1_119' title="bbox 2120 5595 3700 5676">
    <p class='ocr_par' dir='ltr' id='par_1_119' title="bbox 2120 5595 3700 5676">
     <span class='ocr_line' id='line_1_119' title="bbox 2120 5595 3700 5676; baseline 0.009 -27"><span class='ocrx_word' id='word_1_900' title='bbox 2120 5608 2334 5661; x_wconf 86' lang='lat' dir='ltr'><strong>semen,</strong></span> <span class='ocrx_word' id='word_1_901' title='bbox 2378 5595 2549 5659; x_wconf 82' lang='lat' dir='ltr'><strong>Filius</strong></span> <span class='ocrx_word' id='word_1_902' title='bbox 2584 5599 2824 5658; x_wconf 87' lang='lat' dir='ltr'><strong>hominis</strong></span> <span class='ocrx_word' id='word_1_903' title='bbox 2860 5616 2945 5659; x_wconf 83' lang='lat' dir='ltr'><strong>est</strong></span> <span class='ocrx_word' id='word_1_904' title='bbox 2972 5622 2989 5671; x_wconf 84' lang='lat'><strong>;</strong></span> <span class='ocrx_word' id='word_1_905' title='bbox 3018 5621 3227 5676; x_wconf 87' lang='lat' dir='ltr'><strong>semen,</strong></span> <span class='ocrx_word' id='word_1_906' title='bbox 3273 5613 3494 5664; x_wconf 79' lang='lat' dir='ltr'><strong>verbum</strong></span> <span class='ocrx_word' id='word_1_907' title='bbox 3524 5611 3648 5666; x_wconf 76' lang='lat' dir='ltr'><strong>vita:</strong></span> <span class='ocrx_word' id='word_1_908' title='bbox 3678 5623 3700 5663; x_wconf 71' lang='grc' dir='ltr'>ς</span> 
     </span>
    </p>
   </div>
   <div class='ocr_carea' id='block_1_120' title="bbox 2120 5693 3691 5770">
    <p class='ocr_par' dir='ltr' id='par_1_120' title="bbox 2120 5693 3691 5770">
     <span class='ocr_line' id='line_1_120' title="bbox 2120 5693 3691 5770; baseline 0.01 -30"><span class='ocrx_word' id='word_1_909' title='bbox 2120 5695 2288 5755; x_wconf 85' lang='lat' dir='ltr'><strong>terra,</strong></span> <span class='ocrx_word' id='word_1_910' title='bbox 2329 5694 2494 5746; x_wconf 88' lang='lat' dir='ltr'><strong>corda</strong></span> <span class='ocrx_word' id='word_1_911' title='bbox 2545 5693 2806 5752; x_wconf 86' lang='lat' dir='ltr'><strong>humana.</strong></span> <span class='ocrx_word' id='word_1_912' title='bbox 2865 5697 3192 5758; x_wconf 89' lang='lat' dir='ltr'><strong>Dormitatio</strong></span> <span class='ocrx_word' id='word_1_913' title='bbox 3237 5705 3487 5770; x_wconf 83' lang='lat' dir='ltr'><strong>hominis,</strong></span> <span class='ocrx_word' id='word_1_914' title='bbox 3538 5718 3691 5756; x_wconf 67' lang='lat' dir='ltr'><strong>mors</strong></span> 
     </span>
    </p>
   </div>
  </div>
