3946 6206
202 424 316 487 625

1318 431 1734 493 EXPOSlTlO
1774 434 1854 495 IN
1896 436 1958 496 S.
2006 434 2361 499 MARCUM.

3368 436 3475 503 626

204 546 291 590 est
324 530 652 592 Salvator-is.
688 535 948 608 Essurgit
1000 553 1187 595 semen
1236 553 1399 597 nocte
1431 553 1485 597 et
1517 543 1628 599 die.
1663 544 1790 601 Post
1815 554 1866 612 Α
1899 557 2074 601 umrte
2110 548 2347 613 Domini,
2381 548 2626 603 Ecclesia
2667 549 2931 604 salvator.
2978 548 3251 618 Cervical,
3277 566 3475 621 corpus

203 642 465 683 somnum
490 626 717 695 Christi,
741 643 1002 686 numerus
1024 634 1370 687 credentium
1398 649 1498 705 per
1534 636 1787 702 adversa,

201 730 260 775 et
292 735 560 791 proSpera
616 722 790 791 magis
842 724 1123 793 magisque
1169 727 1513 796 germinabat
1557 728 1611 782 in
1642 727 1787 782 ﬁde:

204 820 262 868 et
293 815 468 869 crevit
494 814 548 868 in
575 827 760 884 opere,
792 815 920 870 dum
955 819 1133 873 nescit
1153 817 1265 873 ille.
1303 817 1537 889 Tropica
1563 828 1648 873 est
1682 818 1789 874 ista

202 907 454 972 locutio;
490 918 545 960 et
577 908 629 961 in
686 906 991 976 Scripturis
1018 910 1221 965 divinis
1269 911 1607 966 creberrima
1653 925 1791 965 con-

204 999 500 1053 suetudine
523 999 846 1064 seminatur,
884 1000 937 1055 id
958 1005 1081 1065 'est,
1112 1002 1328 1057 nescire
1354 1018 1455 1058 nos
1484 1001 1637 1067 fecit,
1666 1004 1790 1071 quis

210 1090 449 1143 fructum
495 1089 548 1142 iu
593 1090 754 1145 linem
783 1089 995 1158 aderat,
1023 1091 1153 1146 dum
1196 1092 1329 1147 dicit
1361 1109 1375 1145 :
1412 1092 1518 1158 Qui
1552 1110 1792 1163 pensve.

207 1181 407 1234 ros-erit
450 1196 613 1249 usque
660 1180 717 1234 in
756 1180 937 1248 ﬁnem,
972 1184 1082 1249 ipse
1113 1182 1418 1239 salvobitur
1461 1182 1684 1255 (Matth.
1733 1202 1787 1253 κ,

204 1273 323 1341 22).
354 1271 512 1328 Ultro
545 1273 688 1328 enim
734 1285 881 1329 terra
924 1275 1245 1342 fructibcat,
1281 1277 1407 1330 dum
1455 1278 1791 1333 voluntatem

208 1377 456 1420 nostram
500 1366 641 1421 Deus
680 1376 985 1436 exspectat,
1018 1368 1206 1423 dicens
1249 1385 1265 1425 :
1298 1367 1361 1424 Si
1412 1371 1489 1423 vis
1523 1371 1793 1438 pervenire

206 1460 279 1514 ad
304 1460 491 1526 sitam,
522 1476 673 1514 serua
697 1460 958 1515 mandata
990 1459 1213 1530 (Matth.
1243 1476 1361 1528 xxx,
1398 1462 1513 1533 l7).
1545 1463 1792 1518 Primum

205 1550 432 1605 herbam
461 1588 478 1613 .
504 1551 556 1605 id
610 1563 692 1606 est
724 1552 1002 1609 timorem.
1032 1550 1259 1607 Initium
1324 1553 1469 1608 enim
1519 1554 1793 1621 sapientia:

206 1645 367 1698 timor
387 1643 602 1698 Domini
631 1641 825 1713 (Eccli.
850 1642 892 1711 i,
928 1644 1037 1713 16).
1070 1644 1275 1699 Deinde
1336 1645 1541 1715 spicam
1575 1687 1591 1713 ,
1628 1646 1679 1700 id
1710 1653 1796 1703 est

210 1736 585 1805 pmnitentiam
637 1738 1019 1806 lacrymosam.
1058 1737 1263 1794 Deinde
1312 1739 1792 1809 plenumjfructum

209 1827 263 1879 in
297 1827 469 1893 spica,
512 1826 564 1879 id
629 1836 711 1881 est
777 1827 1122 1881 cliaritatem.
1149 1824 1433 1881 Plenitudo
1462 1828 1603 1882 enim
1630 1827 1789 1898 legis,

204 1919 438 1973 clior-itas
459 1928 537 1972 est
554 1916 731 1989 (Rom.
755 1933 876 1986 xm,
911 1920 1020 1989 10).

282 2028 303 2062 s
332 2010 403 2064 Et
438 2025 562 2064 cum
596 2026 661 2063 ex
697 2025 758 2064 se
791 2010 1116 2080 produxerit
1145 2012 1375 2079 fructus,
1412 2013 1595 2069 statim
1625 2012 1791 2067 mittit

211 2103 445 2169 falcem,
501 2101 759 2172 quoniam
809 2102 963 2158 adest
1007 2105 1223 2161 messis.
1282 2105 1350 2160 Et
1405 2106 1657 2162 dicebat:
1688 2105 1787 2162 Cui

214 2194 639 2251 assimilabiinus
700 2210 925 2266 regnum
992 2197 1086 2252 Dei
1152 2216 1168 2254 :
1228 2208 1322 2254 aut
1370 2200 1459 2255 cui
1512 2198 1787 2270 parabolas

213 2290 658 2356 comparabimus
703 2288 835 2343 illud
860 2290 885 2343 ἲ
909 2287 1062 2346 Sicut
1105 2306 1337 2360 granum
1383 2292 1613 2363 sinapis,
1642 2293 1787 2362 quod

208 2396 332 2433 eum
367 2381 695 2433 semiustum
729 2379 893 2434 fuerit
924 2382 976 2434 iu
1008 2389 1176 2448 terra,
1207 2383 1388 2438 minus
1410 2392 1497 2438 est
1530 2383 1787 2438 omnibus

207 2471 513 2526 seminibus
578 2486 697 2539 qua:
724 2483 854 2526 sunt
885 2473 938 2527 iu
980 2482 1125 2527 terra
1163 2489 1178 2530 :
1210 2483 1265 2528 et
1303 2489 1423 2529 cum
1456 2476 1785 2531 semiustum

206 2560 398 2624 fuerit,
434 2560 699 2626 ascendit,
734 2571 787 2615 et
821 2560 882 2614 tit
909 2561 1086 2631 majus
1117 2563 1371 2618 omnibus
1416 2563 1701 2619 oleribus:
1730 2573 1787 2621 et

208 2653 342 2708 facit
372 2656 557 2709 ramos
580 2670 826 2725 magnos,
862 2658 936 2710 ita
967 2667 1024 2710 ut
1061 2657 1272 2727 possint
1301 2660 1403 2712 sub
1433 2659 1622 2713 umbra
1662 2658 1783 2728 ejus

210 2761 337 2800 aves
394 2746 519 2802 coeli
570 2746 843 2802 habitare.
877 2748 947 2803 Et
1012 2749 1215 2804 talibus
1272 2749 1460 2804 multis
1511 2750 1785 2820 parabolis

206 2840 531 2909 loquebatur
576 2841 660 2895 eis
715 2842 963 2909 verbum,
1012 2853 1175 2912 prout
1237 2853 1491 2908 poterant
1544 2844 1779 2898 audire:

205 2935 327 2987 sine
368 2936 628 3002 parabola
680 2945 860 2988 autem
908 2951 1013 2989 non
1070 2934 1393 3004 loquebatur
1439 2938 1542 2991 eis.
1574 2957 1593 2989 ι
1623 2936 1777 3004 Falx,

1896 640 2106 695 Domini
2148 651 2231 697 est
2262 660 2276 697 :
2310 642 2397 698 cui
2432 642 2693 697 divinitas
2727 643 3058 714 sicutcaput
3082 644 3338 701 inclinata
3366 656 3469 703 est.

1892 729 2115 800 Puppis.
2170 732 2388 787 initium
2436 732 2695 788 Ecclesiae
2738 743 2822 789 est
2876 749 2895 789 :
2941 732 2998 788 in
3055 734 3471 804 qua,Domiuus

1892 823 2094 878 dormit
2126 836 2302 879 morte
2337 826 2653 894 corporali:
2705 826 2845 891 Quia
2889 841 3164 895 nunquam
3214 826 3471 893 dormiet,

1892 916 1986 986 qui
2051 918 2293 971 custodit
2343 917 2509 973 Israel
2556 917 2729 988 (Psal.
2796 918 3028 987 css,4).
3095 918 3474 973 Commiuatur

1896 1018 2059 1063 vento
2082 1017 2140 1063 et
2176 1009 2336 1074 mari,
2363 1018 2421 1064 ut
2467 1019 2665 1076 taceat,
2694 1013 2760 1065 de
2811 1024 2922 1080 quo
2962 1010 3163 1065 dicitur
3202 1027 3216 1065 :
3257 1008 3336 1063 In
3372 1010 3471 1064 do-

1896 1101 2120 1155 minaris
2147 1102 2393 1169 potestati
2425 1102 2611 1166 maris,
2659 1108 2716 1157 et
2748 1103 2958 1171 reliqua
2988 1101 3168 1169 (Paul.
3203 1118 3468 1165 nxxxvtu,

1895 1193 2010 1262 £0).
2061 1191 2272 1248 Ventus
2324 1200 2380 1246 et
2439 1204 2611 1257 mare,
2640 1192 2914 1247 dzemoues
2964 1203 3019 1247 et
3084 1204 3465 1263 persecutores

1894 1290 2026 1337 sunt
2058 1300 2073 1338 ε
2104 1283 2302 1351 quibus
2330 1281 2482 1347 dicit,
2507 1291 2627 1338 tace
2662 1298 2678 1336 :
2712 1282 2933 1351 quando
2965 1282 3265 1345 compescit
3292 1283 3468 1336 edicta
3533 1336 3535 1338 .

1899 1386 2086 1443 regqu
2132 1373 2471 1443 iniquorum,
2510 1383 2570 1427 ut
2604 1371 2842 1429 voluerit
2874 1389 2892 1431 :
2923 1373 3049 1443 quia
3086 1388 3193 1427 non
3245 1381 3331 1428 est
3373 1373 3472 1428 lio-

1907 1466 2090 1531 minis,
2110 1476 2168 1522 ut
2189 1468 2386 1539 dirigat
2413 1480 2637 1538 gressus
2664 1481 2815 1523 suos.
2845 1465 3232 1534 Tranquillitas
3250 1480 3467 1535 magna,

1894 1573 1997 1630 pax
2029 1556 2288 1613 Ecclesia
2310 1567 2399 1619 est
2431 1566 2558 1630 post
2590 1570 2931 1628 pressuram,
2956 1556 3073 1612 sive
3099 1554 3332 1619 theoria,
3352 1564 3471 1625 post

1894 1646 2164 1703 actualem
2197 1646 2389 1703 vitam.

2512 1806 2743 1865 CAPUT
2800 1808 2863 1861 ν.

1965 1940 1986 1974 s
2042 1923 2111 1978 Et
2149 1932 2416 1979 venerunt
2456 1932 2606 1978 trans
2638 1921 2840 1979 fretum
2883 1922 3052 1978 maris
3083 1923 3135 1976 iu
3177 1922 3454 1992 regionem

1890 2014 2315 2071 Gerasenorum.
2341 2017 2640 2071 Etexeuuti
2666 2016 2715 2070 ei
2745 2016 2812 2070 de
2839 2017 2984 2084 navi,
3008 2014 3195 2069 statim
3221 2015 3466 2071 occurrit

1888 2109 1957 2164 de
2011 2109 2385 2164 monumentis
2435 2109 2596 2163 homo
2646 2108 2700 2163 in
2750 2108 2947 2178 spiritu
3010 2110 3316 2171 immundo,
3368 2108 3462 2176 qui

1887 2201 2223 2256 domicilium
2259 2200 2495 2256 habebat
2535 2202 2586 2255 in
2643 2199 3039 2255 monumentis.
3068 2200 3136 2254 Et
3167 2214 3343 2270 neque
3374 2214 3465 2253 ca-

1890 2295 2026 2349 tenis
2050 2293 2164 2364 jam
2195 2293 2486 2363 quisquam
2524 2300 2737 2364 poterat
2763 2305 2891 2347 eum
2920 2291 3092 2361 ligare
3139 2306 3155 2347 :
3195 2288 3456 2359 quoniam

1886 2399 2030 2450 saepe
2079 2384 2434 2455 compedibus
2474 2394 2530 2440 et
2600 2384 2810 2440 catenis
2879 2384 3117 2450 vinctus,
3169 2382 3463 2452 dirupisset

1886 2485 2147 2543 catenas,
2215 2489 2271 2533 et
2326 2477 2621 2546 compedes
2674 2476 3127 2540 comminuisset,
3186 2484 3243 2532 et
3303 2490 3464 2532 nemo

1887 2578 2102 2644 poterat
2146 2582 2272 2623 eum
2323 2569 2573 2624 domare.
2609 2566 2678 2621 Et
2721 2581 2941 2635 semper
2980 2565 3072 2622 die
3105 2581 3171 2621 ac
3200 2576 3363 2621 nocte
3407 2566 3461 2619 in

1884 2662 2280 2725 monumentis,
2315 2671 2372 2716 et
2404 2659 2460 2714 in
2493 2660 2769 2715 montibus
2795 2669 2913 2715 erat
2950 2659 3216 2724 clamans,
3247 2665 3302 2714 et
3326 2673 3463 2714 con-

1882 2753 2071 2809 cidens
2111 2768 2174 2810 se
2209 2752 2505 2823 lapidibus.
2537 2752 2741 2808 Videtis
2769 2761 2951 2808 autem
2996 2751 3179 2808 Jesum
3209 2767 3241 2809 a
3280 2750 3462 2821 longe,

1882 2846 2122 2900 cucurrit
2168 2853 2223 2900 et
2260 2844 2512 2900 adoravit
2539 2858 2687 2909 eum,
2723 2853 2779 2899 et
2811 2844 3054 2900 clamans
3083 2858 3219 2899 voce
3267 2857 3460 2913 magna

1882 2936 2018 2991 dixit
2040 2955 2055 2991 :
2074 2936 2213 3003 Quid
2240 2936 2370 2991 mihi
2392 2943 2446 2991 et
2464 2934 2597 3001 tibi,
2621 2933 2775 3001 Jestt,
2795 2933 2896 2988 Fi'i
2920 2932 3013 2988 Dei
3036 2931 3329 2987 altissimi?
3353 2931 3465 2986 Ad-

208 3037 296 3082 cst
344 3043 512 3094 mors,
556 3028 636 3082 vel
681 3027 967 3097 judicium,
996 3030 1139 3098 quod
1182 3040 1331 3083 secat
1376 3030 1557 3084 omnia
1594 3044 1609 3085 :
1640 3044 1780 3099 quo-
1876 3028 1999 3097 joro
2023 3038 2074 3084 te
2093 3045 2188 3099 per
2212 3030 2486 3096 Deum,ne
2503 3042 2589 3082 me
2622 3038 2896 3095 torqueas.
2925 3025 3144 3082 Dicebat
3174 3026 3317 3081 enim
3338 3023 3414 3080 illi
3442 3041 3458 3081 :

209 3121 354 3174 niam
403 3122 556 3175 adest
596 3120 813 3184 messis,
844 3119 896 3174 id
942 3132 1026 3176 est
1092 3122 1495 3177 consummatio
1542 3122 1774 3175 saeculi:

1882 3119 2006 3184 Exi,
2036 3119 2264 3190 spiritus
2295 3118 2598 3184 immunde,
2626 3118 2694 3173 ab
2727 3116 2969 3172 homine.
2998 3115 3063 3170 Et
3087 3115 3463 3185 interrogabat

204 3209 260 3263 in
293 3224 398 3278 qua
428 3208 561 3278 justi
588 3210 924 3279 gaudebunt,
965 3209 1058 3279 qui
1104 3208 1156 3264 in
1183 3210 1435 3281 lacrymis
1479 3211 1779 3265 seminave-
1802 3241 1850 3304 Ο
1880 3228 2005 3267 eum
2044 3230 2059 3271 :
2093 3212 2251 3279 Quod
2282 3213 2377 3266 tibi
2415 3226 2616 3268 nomen
2652 3212 2777 3267 est?
2817 3230 2837 3264 ι
2869 3208 3036 3266 Sexta
3068 3210 3270 3264 virtute
3302 3223 3465 3264 sana-

206 3313 357 3359 runt.
388 3306 541 3370 Quod
597 3318 782 3358 semen
828 3302 1024 3357 iterum
1088 3304 1292 3358 situilat
1336 3318 1508 3374 grano
1548 3304 1776 3373 sinapis,

205 3397 348 3467 quod
400 3397 686 3451 minitnum
738 3398 790 3450 in
844 3397 1040 3451 timore
1085 3406 1191 3461 est,
1225 3412 1478 3466 maguum
1505 3406 1683 3449 autem
1723 3397 1776 3449 in

202 3490 499 3554 cliaritate,
528 3504 647 3558 qua:
683 3499 766 3542 est
817 3489 993 3558 major
1030 3487 1281 3543 onmibus
1326 3488 1609 3543 oleribus:
1649 3487 1777 3557 quia

202 3581 342 3636 Deus
375 3582 611 3635 charitas
661 3592 735 3635 est
767 3580 817 3652 (Ι
857 3581 1022 3634 Joun.
1064 3596 1136 3644 tv,
1174 3582 1251 3651 8).
1291 3580 1379 3644 Et,
1414 3580 1598 3635 Omnis
1646 3597 1769 3633 caro

201 3680 378 3746 [suum
404 3674 534 3747 (lsa.
570 3689 661 3740 ιι,
696 3675 771 3742 6).
811 3674 895 3741 Et,
923 3675 1027 3741 Qui
1058 3675 1298 3744 inﬁrmus
1321 3688 1418 3739 est,
1448 3676 1592 3729 olera
1616 3691 1769 3727 man-

199 3769 357 3821 ducet
390 3766 565 3838 (Rom.
603 3766 817 3835 stv,2).
850 3766 914 3821 Et
949 3759 1051 3821 [ert
1089 3782 1272 3822 ramos
1304 3769 1690 3823 misericordiae
1720 3779 1772 3821 et

201 3858 618 3928 compassionis.
645 3856 815 3928 Cujus
866 3861 969 3913 sub
1023 3858 1212 3923 umbra
1253 3874 1514 3929 pauperes
1552 3857 1775 3920 Christi,

199 3951 294 4018 qui
326 3958 455 4003 sunt
492 3948 614 4005 cmli
648 3948 931 4015 animalia,
972 3948 1310 4003 delectantur
1341 3950 1607 4005 habitare.

275 4060 296 4094 s
324 4041 584 4096 Scorsum
632 4051 812 4095 autem
847 4040 1127 4111 discipulis
1156 4041 1272 4095 suis
1313 4042 1619 4096 disserebat
1663 4057 1778 4096 om-

199 4137 312 4189 nia.
341 4134 412 4189 Et
436 4133 514 4187 ait
553 4132 662 4187 illis
690 4134 743 4186 iu
774 4133 860 4188 die
891 4133 1005 4198 illa,
1033 4147 1155 4187 cum
1189 4147 1316 4187 sero
1344 4144 1488 4188 esset
1529 4133 1730 4186 factum
1757 4148 1773 4187 :

196 4226 568 4283 Transeamus
614 4238 830 4281 contra.
863 4225 928 4280 Et
976 4226 1312 4279 dimittentes
1356 4226 1592 4288 turbam,
1624 4239 1777 4278 assu-

195 4332 353 4379 munt
381 4337 530 4383 υιιιιι,
560 4322 636 4374 ita
670 4330 729 4373 ut
752 4328 872 4374 erat
906 4319 958 4373 in
990 4320 1116 4373 navi
1152 4335 1166 4374 ς
1196 4328 1246 4372 et
1276 4317 1395 4372 alia:
1426 4334 1593 4373 naves
1622 4328 1775 4372 crant

193 4433 319 4470 cum
376 4415 492 4469 illo.
528 4414 593 4468 Et
640 4412 786 4469 facta
835 4423 920 4469 est
963 4413 1201 4483 procella
1254 4426 1448 4481 magna
1505 4411 1685 4475 venti,
1718 4420 1778 4465 ct

191 4508 397 4562 ﬂuctus
420 4505 671 4561 mittebat
697 4507 751 4560 in
785 4509 989 4571 navim,
1021 4505 1092 4557 ita
1120 4513 1179 4557 ut
1209 4504 1528 4572 impleretur
1560 4503 1765 4555 navis.»

1885 3316 1993 3372 tur,
2019 3307 2112 3375 qui
2145 3308 2200 3361 in
2233 3304 2603 3361 monumentis
2641 3304 2975 3359 domicilium
3023 3302 3258 3359 habebat
3293 3318 3309 3355 :
3357 3315 3460 3355 nec

1881 3402 2092 3457 catenis
2108 3400 2325 3471 ligatus,
2350 3413 2451 3454 nec
2473 3397 2852 3468 compedibus.
2871 3395 3041 3453 Nemo
3065 3397 3209 3451 enim
3235 3394 3458 3449 domare

1880 3505 2002 3544 eum
2036 3502 2269 3561 poterat.
2312 3490 2370 3547 ln
2409 3492 2682 3546 montibus
2735 3499 2791 3546 et
2840 3490 2897 3545 in
2933 3486 3306 3545 monumentis
3341 3496 3461 3542 erat

1881 3586 2145 3649 clamans,
2173 3595 2227 3640 et
2254 3584 2549 3641 concidens
2588 3599 2648 3640 se
2675 3583 2967 3654 lapidibus.
3003 3582 3105 3637 Hic
3137 3589 3225 3637 est
3268 3580 3458 3646 despe-

1883 3678 2190 3732 ratissimus
2216 3678 2458 3745 gentium
2489 3676 2747 3748 populus,
2782 3689 2943 3746 quem
2969 3681 3257 3731 enumerat
3305 3674 3452 3741 Apo-

1881 3768 2050 3823 stolus
2082 3766 2424 3837 :Superbus,
2455 3766 2651 3830 elatus,
2682 3765 3015 3829 immundus,
3041 3761 3452 3832 sauguiuarius,

1883 3857 2187 3920 idololatra,
2232 3855 2643 3925 ignominiosus,
2689 3868 2791 3910 nec
2833 3853 2888 3909 in
2931 3853 3050 3921 lege
3088 3859 3318 3916 naturai,
3353 3865 3456 3904 nec

1882 3946 1997 4013 Dei,
2024 3962 2121 4002 nec
2151 3949 2389 4002 humano
2425 3946 2623 4001 timore
2661 3945 2917 4015 alligatus
2947 3941 3128 4015 (Rom.
3166 3958 3204 4008 ι,
3239 3940 3450 4011 21-32).

1956 4058 1975 4090 ι
2014 4038 2078 4093 Ει
2116 4039 2248 4093 dicit
2282 4040 2331 4093 ei
2373 4057 2387 4092 :
2420 4037 2591 4108 Legio
2626 4037 2756 4093 mihi
2786 4052 2987 4092 nomen
3008 4035 3262 4105 est,quia
3294 4034 3449 4090 multi

1879 4146 2088 4187 sumus.
2120 4130 2188 4186 Et
2218 4132 2614 4201 deprecabatur
2636 4146 2761 4187 eum
2788 4129 3139 4207 multumpne
3176 4142 3235 4183 se
3262 4127 3451 4197 expel-

1880 4221 2011 4277 leret
2040 4233 2193 4277 extra
2225 4225 2523 4294 regionem.
2548 4222 2682 4277 Erat
2719 4231 2901 4277 autem
2934 4220 3007 4275 ibi
3036 4219 3180 4275 circa
3212 4228 3448 4274 montem

1878 4330 2008 4383 gres
2042 4331 2329 4385 porcorum
2363 4330 2590 4382 magnus
2638 4329 2884 4386 pascens.
2915 4315 2983 4372 Et
3016 4313 3453 4384 deprecabantur

1878 4422 2002 4460 eum
2047 4408 2293 4477 spiritus,
2335 4409 2583 4464 dicentes
2613 4406 2803 4463 :Mitte
2829 4421 2930 4462 nos
2963 4407 3016 4462 in
3046 4420 3262 4476 porcos,
3292 4413 3352 4459 ut
3395 4405 3450 4458 in

1879 4513 1973 4555 eos
2004 4500 2362 4555 iutroeamus.
2391 4501 2454 4555 Et
2497 4500 2772 4555 concessit
2814 4500 2895 4556 eis
2924 4500 3110 4555 statim
3155 4498 3335 4555 Iesus.
3382 4496 3454 4552 Et

194 4601 279 4654 Illi
313 4600 457 4655 enim
507 4597 653 4670 digni
700 4606 858 4652 erant
898 4597 1089 4650 audire
1127 4598 1386 4665 mysteria
1415 4594 1467 4647 in
1514 4593 1778 4662 penetrali
1814 4594 1856 4649 D
1884 4600 2148 4645 exeuntes
2187 4591 2412 4661 spiritus
2446 4591 2734 4659 immundi,
2784 4592 3119 4645 introierunt
3150 4590 3203 4645 in
3231 4604 3451 4661 porcos,

194 4691 394 4747 intimo
422 4690 705 4760 sapientia:
740 4689 894 4758 :qui,
925 4687 1148 4741 remotis
1186 4686 1574 4755 cogitationum
1610 4683 1778 4739 mala-

192 4799 323 4840 rum
368 4781 717 4847 tumultibus,
748 4781 803 4835 in
842 4780 1140 4834 solitudine
1187 4780 1446 4833 virtutum
1488 4791 1776 4846 permane-

189 4877 353 4931 bant.
387 4874 668 4944 Sapientia
703 4874 848 4928 enim
896 4882 982 4927 est
1018 4873 1073 4926 in
1120 4882 1359 4941 tempore
1400 4871 1521 4925 otii.
1571 4869 1777 4926 Dehine

189 4971 259 5022 ad
291 4983 450 5023 mare
478 4967 726 5028 veniunt,
757 4974 810 5019 et
834 4964 1092 5020 ﬂuctibus
1126 4964 1435 5021 turbantur.

270 5077 293 5110 s
330 5059 397 5113 Et
433 5065 554 5112 erat
582 5058 701 5128 ipse
726 5058 781 5112 in
820 5056 985 5126 puppi
1015 5070 1178 5124 super
1209 5054 1443 5109 cervical
1472 5054 1770 5110 dormiens:

186 5159 243 5203 et
274 5152 526 5203 excitant
551 5163 698 5213 eum,
723 5156 780 5202 et
805 5147 995 5203 dicunt
1028 5147 1107 5201 illi
1139 5164 1151 5202 :
1180 5146 1454 5216 Magister,
1485 5160 1589 5201 non
1624 5149 1688 5200 ad
1722 5157 1774 5202 te

186 5242 456 5312 pertinet,
491 5239 617 5308 quia
650 5240 890 5307 perimus
918 5240 941 5292 Ἰ
968 5237 1032 5291 Ει
1060 5239 1427 5294 comminatus
1464 5247 1548 5293 est
1589 5249 1771 5303 vento,

180 5346 234 5389 et
266 5335 416 5389 dixit.
454 5334 595 5388 mari
626 5348 643 5389 ς
674 5333 839 5399 Tace,
874 5332 1209 5388 obmutesce.
1251 5332 1317 5387 Et
1355 5332 1593 5387 cessavit
1635 5346 1771 5387 ven-

184 5437 301 5493 tus,
337 5438 393 5481 et
427 5426 569 5481 facta
599 5434 699 5481 'est
734 5425 1100 5496 tranquillitas
1135 5439 1327 5493 magna
1363 5442 1380 5481 :
1410 5434 1465 5479 et
1501 5426 1575 5480 ait
1618 5425 1726 5479 illis
1755 5440 1770 5478 :

180 5519 338 5586 Quid
386 5519 561 5575 timidi
602 5518 776 5574 estis?
803 5518 1043 5574 Necdum
1096 5517 1312 5573 habetis
1366 5516 1548 5574 tidem.
1584 5517 1653 5575 Et
1704 5517 1772 5573 ti-

185 5621 453 5669 muerunt
485 5612 682 5667 timore
709 5626 926 5684 magno,
969 5621 1021 5667 et
1047 5610 1302 5667 dicebant
1323 5610 1391 5666 ad
1420 5610 1770 5665 alterutrum:

184 5708 351 5774 Quis,
382 5717 562 5775 putas,
591 5715 674 5763 est
700 5706 827 5773 iste,
856 5706 983 5776 quia
1023 5714 1217 5760 ventus
1248 5713 1304 5760 et
1335 5718 1487 5759 mare
1509 5703 1770 5758 obediuut

183 5802 280 5854 ei?
314 5818 338 5852 ι
392 5798 588 5867 Puppis
644 5799 878 5855 mortuis
928 5798 1162 5869 pellibus
1212 5798 1365 5851 vivos
1425 5796 1685 5863 continet,
1716 5804 1770 5850 et

191 5893 615 5972 ﬂuctusarcct,
647 5900 703 5947 et
758 5891 904 5962 ligno
933 5891 1218 5957 solidatur,
1252 5888 1305 5945 id
1358 5896 1462 5956 est,
1495 5903 1661 5945 cruce
1716 5895 1770 5943 et

1881 4695 1935 4736 et
1962 4699 2159 4753 magno
2206 4685 2409 4752 impetu
2442 4699 2572 4752 grex
2603 4684 2972 4753 praecipitatus
3000 4693 3081 4738 est
3109 4683 3164 4738 iu
3211 4698 3359 4738 mare
3383 4684 3452 4736 ad

1880 4775 1986 4829 duo
2036 4776 2227 4842 milia,
2265 4784 2319 4831 et
2368 4775 2613 4833 suifocati
2672 4788 2802 4832 sunt
2834 4779 2887 4832 in
2927 4778 3087 4833 mari.
3132 4776 3234 4843 Qui
3268 4786 3449 4832 autem

1879 4863 2174 4934 pascebant
2202 4878 2317 4932 eos,
2355 4863 2612 4927 fugerunt
2657 4874 2713 4921 et
2758 4867 3145 4923 nuntiaverunt
3173 4866 3229 4921 in
3260 4867 3452 4920 civita-

1880 4963 2012 5018 tem,
2041 4963 2097 5010 et
2120 4955 2172 5009 iu
2202 4970 2383 5026 agros.
2423 4954 2487 5009 Et
2517 4958 2729 5028 egressi
2758 4968 2883 5013 sunt
2915 4958 3100 5013 videre
3146 4956 3277 5026 quid
3304 4965 3451 5012 esset

1877 5048 2004 5105 facti
2043 5067 2058 5104 :
2092 5058 2148 5104 et
2190 5049 2415 5104 veniunt
2444 5051 2510 5105 ad
2533 5048 2742 5119 Jesum,
2776 5061 2832 5107 et
2860 5052 3041 5106 vident
3072 5050 3244 5112 illum.
3289 5050 3381 5120 qui
3415 5064 3445 5102 a

1878 5143 2146 5197 damonio
2202 5142 2522 5207 vexabatur,
2570 5146 2847 5200 sedentem
2885 5146 3140 5200 vestitum
3197 5152 3253 5198 ct
3298 5157 3448 5198 sana:

1877 5235 2096 5301 mentis,
2116 5246 2170 5291 et
2196 5236 2519 5295 timuerunt.
2538 5236 2602 5291 Et
2624 5247 2988 5292 narraveruut
3018 5236 3142 5301 illis,
3177 5237 3272 5306 qui
3293 5236 3449 5291 vide-

1877 5338 2000 5382 rant
2018 5327 2256 5398 qualiter
2280 5330 2482 5385 iacrum
2506 5339 2650 5386 esset
2673 5331 2747 5395 ei,
2769 5331 2862 5400 qui
2889 5330 3215 5385 daemonium
3239 5329 3447 5385 habue-

1877 5430 1984 5486 rat,
2015 5420 2084 5476 de
2112 5421 2318 5493 porcis.
2353 5421 2422 5476 Et
2459 5437 2650 5494 rogare
2690 5432 2975 5494 cmperunt
3005 5437 3150 5488 cum,
3187 5422 3444 5478 ut‘disce-

1874 5512 2029 5569 deret
2056 5514 2121 5569 de
2144 5513 2344 5569 ﬁnibus
2369 5528 2578 5570 eorum.
2612 5513 2855 5584 Cumque
2889 5514 3211 5570 ascenderet
3239 5514 3441 5580 navim,

1873 5605 2039 5677 coepit
2088 5606 2237 5660 illum
2294 5606 2601 5676 deprecari,
2657 5606 2749 5676 qui
2805 5620 2837 5661 a
2891 5603 3162 5661 daemonio
3212 5612 3444 5659 vexatus

1874 5689 2076 5765 fuera't,
2116 5709 2173 5753 ut
2201 5707 2351 5755 esset
2382 5713 2504 5752 cum
2536 5698 2649 5754 illo.
2681 5697 2839 5755 Jesus
2869 5708 3055 5755 autem
3086 5711 3197 5753 non
3224 5695 3443 5752 admisit

1873 5807 2020 5857 eum,
2057 5792 2150 5845 sed
2180 5790 2255 5844 ait
2278 5788 2353 5843 illi
2388 5808 2401 5844 :
2437 5789 2581 5845 Vade
2610 5791 2668 5845 in
2691 5791 2914 5847 domum
2942 5801 3093 5847 tuam
3120 5789 3188 5847 ad
3211 5798 3355 5855 tuos,
3393 5795 3446 5844 et

1876 5881 2135 5939 aunuutia
2189 5882 2293 5936 illis
2332 5892 2531 5952 quanta
2571 5882 2664 5938 tibi
2704 5884 2961 5942 Dominus
2992 5884 3205 5955 fecerit,
3252 5892 3307 5941 et
3343 5882 3444 5937 mi~
