3934 6200
247 373 355 437 699

241 583 331 639 eis
365 597 383 639 :
408 581 746 650 Quocunque
775 581 1097 638 introieritis
1125 585 1179 638 in
1211 584 1456 654 domum,
1478 587 1587 642 illic
1609 597 1828 643 manete

241 677 422 731 donec
473 674 679 729 exeatis
723 673 869 727 inde.
902 673 970 727 Et
1009 674 1323 745 quicunque
1381 691 1487 731 non
1523 679 1828 747 receperint

240 783 365 831 vos,
399 781 572 835 neque
607 766 879 820 audierint
909 780 1007 821 vos
1057 783 1071 820 :
1106 776 1369 823 exeuntes
1407 768 1558 833 inde,
1588 772 1829 825 excutite

244 860 528 926 pulverem
580 859 647 912 de
701 858 932 927 pedibus
972 859 1172 914 vestris
1208 859 1261 913 in
1295 860 1665 916 testimonium
1700 861 1824 918 illis.

242 952 313 1006 Et
343 960 605 1006 exeuntes
637 950 1027 1020 praedicabant,
1058 959 1114 1004 ut
1137 953 1510 1020 paenitentiam
1538 964 1765 1023 agerent
1808 971 1823 1011 :

238 1056 305 1099 et
350 1042 620 1097 damonia
677 1042 845 1095 multa
900 1042 1322 1128 ejiciebaut,.et
1373 1047 1647 1115 ungebant
1704 1047 1827 1103 oleo

243 1136 447 1190 multos
502 1149 697 1203 aegros,
724 1145 781 1189 et
831 1137 1193 1192 sanabantur.
1246 1155 1265 1189 ι
1321 1138 1629 1195 Comitatur
1681 1156 1825 1211 saepe

242 1227 430 1280 vilitas
455 1226 743 1294 originem,
779 1236 835 1279 ut
863 1235 968 1289 est,
1000 1228 1123 1295 quis
1153 1237 1235 1282 est
1277 1228 1419 1283 filius
1468 1229 1667 1285 Isaiazi
1716 1230 1822 1286 Sed

244 1311 490 1365 Hmnilia
527 1312 780 1366 Dominus
814 1316 1045 1380 respicit,
1084 1327 1129 1368 et
1162 1317 1277 1370 altu
1309 1333 1340 1370 a
1373 1319 1525 1389 longe
1554 1322 1824 1389 cognoscit

238 1400 423 1469 (Pani.
487 1416 731 1464 cxxxvit.
783 1403 864 1471 6).
923 1402 1216 1459 Mittuntur
1274 1407 1472 1463 deinde
1532 1409 1818 1466 duodecim

238 1494 500 1561 apostoli,
551 1505 606 1549 et
636 1495 797 1548 datur
825 1495 904 1549 eis
939 1506 1176 1566 potestas
1208 1509 1473 1569 praecepta
1522 1501 1749 1559 docendi
1798 1520 1814 1558 ε

236 1596 305 1640 ιιι
332 1587 622 1641 comitetur
651 1588 876 1643 verbum
910 1590 1069 1643 simul
1097 1600 1154 1644 et
1189 1590 1393 1647 factum
1419 1608 1435 1645 :
1465 1604 1659 1648 etcum
1690 1609 1811 1665 pro-

239 1679 428 1732 missis
465 1679 856 1746 invisibilibus,
904 1671 1146 1738 visibiles
1187 1686 1417 1740 virtutes
1463 1686 1666 1743 micent
1714 1704 1727 1741 :
1763 1696 1818 1743 et

234 1785 367 1825 cum
397 1773 673 1838 ungebam
700 1772 823 1828 oleo
846 1789 1041 1844 :egros,
1067 1775 1440 1834 inﬁrmitatem
1467 1778 1591 1834 lldei
1619 1780 1818 1835 virtute

237 1861 626 1917 corroborant.
879 1919 892 1930 ,

320 1970 340 2003 t
407 1953 472 2007 Et
522 1955 729 2011 audivit
794 1974 888 2011 rex
946 1958 1191 2015 Herodes
1242 1960 1621 2027 (manifestum
1671 1964 1819 2019 enim

239 2043 445 2097 factum
474 2056 555 2100 est
593 2062 787 2102 nomen
827 2048 992 2120 ejus),
1023 2060 1080 2106 et
1106 2051 1321 2107 dicebat
1352 2072 1367 2107 :
1401 2054 1540 2119 Quia
1585 2053 1824 2112 Joannes

241 2133 489 2203 Baptista
514 2139 813 2194 resurrexit
844 2154 873 2193 a
900 2143 1133 2197 mortuis
1158 2184 1173 2209 ,
1202 2152 1258 2198 et
1279 2158 1564 2214 propterea
1595 2147 1823 2201 virtutes

237 2235 541 2295 operantur
593 2229 648 2283 in
700 2229 812 2285 illo.
848 2232 953 2287 Alii
987 2242 1167 2288 autem
1200 2233 1475 2301 dicebant,
1503 2238 1641 2305 Quia
1679 2239 1826 2293 Elias

239 2326 330 2371 est
364 2333 382 2384 ;
414 2316 505 2373 alii
542 2334 670 2375 vero
708 2320 960 2377 dicebant
996 2363 1012 2390 ,
1058 2324 1194 2391 Quia
1228 2329 1490 2398 propheta
1528 2341 1629 2394 est,
1666 2332 1821 2399 quasi

244 2422 396 2464 unus
421 2425 490 2464 ex
509 2412 812 2481 prophetis.
844 2434 863 2467 ι
894 2414 1202 2473 Lucernam
1227 2424 1328 2475 sub
1359 2422 1540 2478 mod‘o
1562 2425 1822 2479 abscondi

242 2502 330 2555 fas
364 2517 470 2555 non
502 2512 608 2559 cst.

326 2614 346 2645 ι
380 2593 500 2663 Quo
530 2598 719 2654 audito
742 2596 1008 2667 Herodes,
1040 2602 1157 2657 ait:
1184 2606 1354 2672 Quem
1410 2622 1513 2678 ego
1560 2610 1821 2667 decollavi

246 2684 537 2752 Joannem,
589 2690 677 2746 hic
733 2706 764 2746 a
822 2696 1054 2752 mortuis
1117 2700 1440 2754 resurrexit.
1505 2701 1622 2773 ipse
1674 2706 1822 2759 enim

250 2775 499 2833 Herodes
531 2779 677 2835 misit
705 2796 770 2836 ac
799 2785 973 2838 tenuit
997 2785 1285 2855 Joannem,
1318 2799 1372 2844 et
1400 2792 1573 2846 vinxit
1604 2809 1726 2847 eum
1766 2795 1836 2851 in'

248 2884 552 2936 carcerem,
614 2884 836 2943 propter
889 2875 1247 2933 Herodiadem
1311 2898 1536 2939 uxorem
1590 2886 1823 2957 Philippi

248 2960 439 3015 fratris
507 2964 590 3016 sui
632 2998 651 3025 ,
716 2967 842 3036 quia
905 2970 1132 3025 duxerat
1191 2988 1335 3029 eam.
1398 2977 1620 3033 Dicebat
1680 2982 1824 3035 enim

246 3050 490 3110 lenones
527 3055 723 3112 Herodi
786 3077 801 3115 :
858 3061 972 3116 Non
1031 3064 1160 3119 licet
1217 3067 1313 3122 tibi
1369 3069 1568 3125 habere
1603 3089 1824 3128 uxorem

245 3146 436 3201 fratris
489 3149 588 3201 tui.
648 3148 911 3208 Herodias
968 3166 1150 3211 autem
1211 3158 1570 3217 insidiabatur
1616 3166 1714 3231 illi,
1773 3174 1826 3219 et

248 3236 466 3292 volebat
496 3240 749 3296 occidere
781 3258 926 3310 eum,
974 3261 1073 3301 nec
1110 3259 1342 3317 poterat.
1380 3251 1624 3309 liercdes
1679 3259 1822 3311 cnim

246 3328 532 3382 metuebat
588 3326 880 3398 Joannem,
941 3336 1119 3390 sciens
1183 3351 1306 3392 eum
1374 3344 1549 3393 virum
1612 3343 1816 3407 justum

244 3430 299 3473 et
346 3432 623 3489 sanctum,
675 3431 730 3478 et
771 3426 1114 3481 custodiebat
1160 3444 1281 3484 eum
1343 3447 1357 3484 :
1407 3443 1463 3484 et
1509 3434 1694 3488 audito
1740 3450 1826 3500 eo,

247 3513 419 3566 multa
460 3514 717 3583 faciebat,
765 3526 819 3571 et
845 3516 1078 3573 libenter
1107 3536 1229 3574 eum
1266 3523 1551 3577 audiebat.
1607 3524 1822 3579 Etcum

241 3603 365 3659 dies
418 3616 764 3674 opportunus
808 3610 1122 3675 accidisset,
1181 3610 1426 3669 Herodes
1478 3618 1679 3670 natalis
1739 3618 1823 3671 sui

238 3712 461 3751 caenam
493 3698 623 3753 iecit
653 3701 1015 3769 principibus,
1044 3714 1095 3757 et
1129 3706 1381 3771 tribunis,
1413 3716 1467 3760 et
1497 3708 1689 3777 primis
1718 3708 1825 3762 Ga-

239 3788 418 3843 lilaez.
444 3789 696 3858 Cumque
726 3790 1009 3845 introisset
1032 3792 1139 3846 ﬁlia
1175 3794 1346 3861 ipsius
1380 3794 1724 3862 Herodiadis,
1768 3807 1826 3852 et

238 3880 526 3946 saltasset,
557 3891 610 3935 et
633 3881 927 3949 placuisset
952 3883 1170 3947 Herodi,
1196 3885 1463 3955 simulque
1496 3889 1824 3943 recumben-

239 3972 410 4037 tibus,
446 3987 542 4026 rex
575 3973 648 4025 ait
693 3974 882 4043 puella:
911 3990 924 4027 :
971 3974 1101 4029 Pete
1121 3992 1150 4028 a
1191 3993 1278 4030 me
1305 3978 1451 4047 quod
1481 3980 1580 4045 vis,
1606 3990 1658 4035 et
1686 3981 1825 4035 dabo

238 4066 363 4119 tibi.
396 4064 466 4118 Et
492 4064 697 4133 juravit
747 4065 821 4119 illi
858 4084 871 4121 :
911 4066 1050 4131 Quia
1086 4069 1349 4137 quidquid
1390 4071 1636 4139 petieris,
1682 4072 1826 4128 dabo

237 4159 338 4213 tibi
375 4158 550 4223 ;iicet
577 4159 862 4214 dimidium
903 4162 1053 4229 regni
1100 4163 1227 4215 tnei.
1254 4162 1385 4227 Quae
1432 4178 1555 4218 cum
1603 4166 1823 4231 exisset,

234 4256 378 4309 dixit
408 4254 568 4307 matri
600 4268 712 4308 sua:
745 4271 759 4308 :
795 4253 934 4318 Quid
971 4255 1191 4323 petam?
1231 4256 1301 4309 At
1335 4257 1426 4310 illa
1459 4257 1619 4322 dixit,
1663 4270 1825 4329 caput

233 4348 469 4404 Joannis
502 4346 773 4416 Baptistae.
835 4347 1084 4417 Cumque
1138 4347 1421 4405 introisset
1467 4352 1656 4405 statim
1696 4367 1823 4407 cum

232 4439 600 4495 festinatione
628 4440 694 4493 ad
747 4453 951 4507 regem,
1004 4441 1216 4509 petivit,
1268 4440 1454 4495 dicens
1503 4459 1518 4495 :
1578 4441 1728 4510 Volo,
1765 4452 1826 4498 ut

1371 379 1782 442 EXPOSITIO
1823 380 1906 445 IN
1943 384 2007 444 S.
2048 383 2381 449 MARCUM

241 491 433 556 daliis,
466 497 519 545 et
550 504 618 545 ne
652 487 1008 546 induerentur
1029 490 1241 547 duabus
1273 492 1495 549 tunicis.
1530 493 1593 549 Et
1618 496 1832 551 dicebat
1868 505 1904 558 Α

1854 3199 1898 3253 C

3399 388 3506 450 630

2012 517 2031 549 α
2070 500 2136 554 Ει
2172 499 2559 557 convenienteS
2606 499 2839 570 apostoli
2867 500 2934 555 ad
2971 500 3178 566 Jesum,
3224 504 3507 556 renuntia-

1934 602 2129 657 verunt
2158 595 2205 649 ei
2242 594 2423 649 omnia
2472 610 2594 664 quae
2644 602 2868 665 egerant
2922 604 2979 647 et
3011 593 3330 648 docuerant.
3380 613 3398 647 ι
3434 595 3513 649 Ad

1930 684 2111 738 locum
2167 685 2306 740 unde
2347 696 2547 741 exeunt
2599 686 2847 751 ﬂumina,
2899 696 3246 741 revertuntur
3302 685 3509 755 (Eccle.

1932 792 1971 842 i,
2012 776 2091 837 7).
2134 775 2243 830 Deo
2301 791 2514 846 semper
2582 777 2786 846 gratias
2856 775 3103 831 referunt
3153 775 3326 840 missi,
3363 778 3508 846 quod

1931 877 2278 936 acceperant.

2006 976 2023 1009 ι
2077 957 2142 1013 Ει
2192 959 2267 1012 ait
2309 958 2415 1014 illis
2450 978 2464 1015 :
2501 959 2689 1015 Venite
2742 974 2989 1015 seorsum
3037 958 3093 1014 in
3124 960 3397 1015 desertum
3434 961 3512 1015 lo-

1929 1064 2075 1104 cum.
2117 1069 2135 1103 ι
2193 1050 2258 1105 Ει
2319 1052 2422 1107 hoc
2483 1054 2703 1123 proprie
2747 1051 2982 1107 Marcus.
3045 1053 3304 1108 Scorsnm
3357 1054 3509 1108 ducit

1928 1156 2066 1210 quos
2097 1142 2280 1211 elegit,
2337 1153 2395 1197 ut
2448 1144 2591 1198 inter
2648 1145 2820 1199 malos
2871 1145 3139 1208 viventes,
3204 1145 3347 1198 mala
3402 1161 3508 1201 non

1929 1231 2216 1286 intendant
2246 1250 2260 1286 ε
2302 1242 2361 1287 ut
2387 1232 2488 1288 Lot
2519 1236 2570 1287 in
2603 1233 2879 1302 Sodomis,
2912 1244 2963 1288 et
2985 1234 3089 1289 Job
3113 1234 3169 1289 iu
3199 1244 3341 1290 terra
3376 1235 3509 1300 lius,

1928 1329 1983 1372 et
2021 1320 2228 1375 Abdias
2252 1322 2306 1375 in
2337 1322 2501 1376 domo
2534 1322 2746 1377 Achab.

2000 1428 2020 1462 ι
2056 1411 2123 1465 Ει
2165 1413 2453 1481 requiescit
2480 1414 2759 1483 pusillum.
2787 1415 2954 1468 Erant
2985 1415 3129 1471 enim
3192 1417 3282 1487 qui
3332 1417 3514 1472 venie-

1923 1502 2057 1557 bant
2088 1510 2145 1557 et
2181 1503 2431 1557 redibant
2456 1504 2720 1560 multi.Et
2743 1519 2841 1560 nec
2868 1506 3101 1576 spatium
3142 1507 3509 1563 manducandi

1923 1595 2214 1651 habebant.
2241 1597 2307 1652 Et
2337 1599 2697 1654 ascendentes
2741 1599 2795 1655 in
2834 1600 3015 1656 navim
3047 1600 3300 1656 abierunt
3332 1604 3384 1656 in
3418 1603 3512 1658 de-

1921 1696 2125 1741 sertum
2149 1689 2328 1743 locum
2353 1704 2621 1744 seorsum.
2651 1688 2717 1744 Et
2738 1690 2988 1745 viderunt
3020 1705 3115 1745 eos
3143 1694 3424 1758 abeuntes,
3459 1707 3514 1757 et

1921 1790 2292 1849 cognoverunt
2318 1781 2493 1844 multi,
2516 1791 2570 1836 et
2601 1782 2881 1849 pedestres
2904 1784 2970 1837 de
2988 1783 3242 1840 omnibus
3278 1786 3514 1841 civitati-

1844 1847 1889 1900 Β
1915 1868 2019 1924 bus
2040 1882 2432 1926 concurrerunt
2463 1873 2610 1937 illuc,
2633 1883 2687 1929 et
2706 1884 3084 1943 praevenerunt
3101 1890 3213 1931 eos.
3236 1877 3300 1931 Et
3324 1879 3514 1933 exiens

1929 1962 2061 2016 vidit
2119 1963 2330 2017 turbam
2387 1964 2606 2017 multam
2645 1963 2819 2030 Jesus,
2853 1974 2907 2019 et
2939 1965 3193 2021 misertus
3224 1978 3305 2023 est
3347 1982 3513 2038 super

1924 2068 2041 2120 eos,
2060 2054 2183 2124 quia
2208 2064 2362 2109 erant
2388 2055 2533 2109 sicut
2556 2070 2683 2110 oves
2713 2069 2819 2110 non
2841 2056 3101 2112 habentes
3122 2070 3417 2126 pastorem.
3447 2058 3512 2113 Et

1896 2144 2090 2212 'cmpit
2139 2144 2259 2199 illos
2296 2144 2496 2201 ducere
2539 2144 2727 2198 multa.
2769 2145 2984 2201 Etcum
3015 2146 3124 2215 jam
3168 2149 3297 2202 hora
3344 2148 3511 2203 multa

1929 2235 2103 2301 ﬂeret,
2136 2244 2489 2292 accesserunt
2522 2236 2773 2306 discipuli
2799 2237 2941 2306 ejus,
2978 2238 3223 2293 dicentes
3259 2253 3277 2292 :
3314 2238 3509 2293 Deser-

1928 2336 2015 2381 tus
2063 2336 2147 2382 est
2197 2327 2345 2381 locus
2404 2328 2528 2394 hic;
2560 2335 2613 2381 et
2654 2328 2761 2397 jam
2806 2328 2939 2382 hora
2973 2330 3260 2397 prtetcriit,
3297 2330 3510 2385 dimitte

1928 2418 2071 2485 illos,
2100 2429 2157 2472 ut
2207 2427 2400 2473 euntes
2450 2419 2502 2472 in
2540 2420 2817 2486 proximas
2855 2420 3013 2474 villas
3045 2429 3099 2475 et
3130 2421 3300 2485 vicos,
3326 2433 3509 2475 emant

1926 2510 2028 2565 sibi
2062 2511 2230 2573 cibos.
2251 2525 2390 2579 quos
2415 2510 2771 2567 manducent.
2799 2510 2863 2563 Et
2902 2512 3237 2581 respondens
3268 2514 3340 2566 ait
3367 2513 3506 2567 illis:

1929 2603 2058 2656 Date
2093 2602 2199 2657 illis
2235 2617 2332 2657 vos
2380 2601 2742 2656 manducare.
2777 2602 2844 2657 Et
2889 2604 3142 2659 dixerunt
3179 2606 3227 2659 ei
3261 2623 3275 2662 :
3308 2604 3509 2660 Euntes

1926 2710 2171 2751 cmatnus
2206 2696 2459 2750 ducentis
2505 2695 2747 2750 denariis
2779 2710 2981 2766 panes,
3018 2705 3073 2750 et
3120 2697 3372 2753 dabimus
3403 2698 3511 2752 illis

1929 2788 2279 2842 manducare.
2321 2787 2385 2841 Et
2438 2789 2570 2844 dixit
2602 2789 2685 2844 eis
2715 2807 2728 2843 :
2760 2789 2901 2856 Quot
2934 2805 3103 2859 panes
3148 2791 3403 2847 habetis?
3434 2792 3513 2849 lle

1926 2888 1981 2932 et
2015 2880 2214 2934 videte.
2254 2880 2316 2934 Et
2344 2894 2467 2934 cum
2511 2881 2922 2950 cognovissent,
2955 2883 3144 2937 dicunt
3180 2899 3197 2939 :
3235 2883 3509 2953 Quinque,

1928 2979 1983 3023 et
2037 2968 2177 3022 duos
2235 2969 2427 3037 pisces.
2461 2969 2525 3022 Et
2578 2971 2831 3037 praecepit
2890 2965 3007 3025 illis
3068 2979 3126 3025 ut
3185 2972 3509 3028 accumbere

1931 3060 2169 3113 facerent
2199 3072 2412 3123 omnes,
2443 3059 2742 3113 secundum
2766 3059 3121 3114 contubernia
3147 3072 3310 3129 super
3336 3060 3509 3114 viride

1934 3149 2137 3203 fenum.
2168 3150 2230 3202 Et
2258 3150 2655 3203 discubueruut
2688 3149 2742 3202 in
2776 3160 2958 3218 partes
2991 3165 3087 3220 per
3131 3160 3411 3213 centenos,
3455 3162 3510 3204 et

1930 3244 2365 3312 quinquagenos.
2397 3241 2711 3311 Etacceptis
2733 3243 2973 3314 quinque
2993 3244 3221 3312 panibus
3237 3244 3508 3299 etdnobus

1931 3336 2188 3403 piscibus,
2250 3336 2469 3389 intuens
2526 3335 2578 3388 in
2634 3336 2833 3391 cwlutn
2903 3336 3202 3402 benedixit,
3247 3349 3301 3392 et
3350 3337 3511 3406 fregit

1929 3437 2187 3493 panes,et
2214 3427 2360 3480 dedit
2384 3427 2666 3496 discipulis
2697 3428 2837 3493 suis,
2862 3437 2921 3483 ut
2951 3438 3213 3498 ponerent
3242 3438 3367 3483 ante
3389 3444 3505 3484 eos.

1930 3517 1994 3571 Et
2024 3520 2157 3571 duos
2206 3520 2381 3584 pisces
2413 3519 2601 3573 divisit
2629 3519 2909 3580 omnibus.
2941 3530 2996 3573 et
3041 3521 3506 3575 manducavernnt

1927 3623 2143 3673 omnes,
2175 3618 2228 3663 ct
2285 3610 2517 3663 saturati
2570 3620 2720 3665 suttt.
2752 3610 2817 3663 Et
2866 3612 3198 3666 sustulerunt
3256 3596 3539 3681 reliquias

1927 3699 2350 3768 iragmentorum
2410 3700 2695 3755 duodecim
2753 3700 3015 3770 cophinos
3074 3702 3286 3772 plenos.
3333 3712 3387 3757 et
3440 3703 3508 3756 de

1927 3789 2185 3857 piscibus.
2216 3789 2385 3842 Erant
2409 3800 2587 3843 autem
2623 3790 2713 3857 qui
2744 3792 3230 3856 manducaverunt,
3262 3793 3507 3861 quinque

1927 3880 2095 3935 millia
2147 3882 2411 3935 virorum.
2470 3881 2537 3935 Et
2589 3881 2772 3935 statim
2829 3883 3003 3952 coegit
3059 3884 3349 3952 discipulos
3379 3902 3507 3940 suos

1926 3972 2227 4027 ascendere
2252 3972 2456 4038 navim,
2494 3982 2551 4027 ut
2578 3972 2948 4040 praecederent
2969 3989 3091 4028 eum
3123 3982 3276 4030 trans
3302 3976 3504 4032 fretum

1926 4065 1994 4119 ad
2045 4064 2409 4132 Bethsaidam,
2436 4065 2561 4119 dum
2613 4066 2728 4135 ipse
2775 4067 3077 4121 dimitteret
3124 4068 3401 4139 pupulum.
3436 4069 3506 4124 Et

1924 4169 2047 4210 cum
2087 4155 2385 4210 dimisisset
2407 4170 2522 4221 eos,
2559 4156 2695 4211 abiit
2724 4157 2776 4210 in
2800 4166 3042 4211 montem
3072 4173 3252 4215 orare.
3286 4160 3349 4215 Et
3380 4177 3505 4216 cum

1926 4262 2050 4301 sero
2081 4256 2244 4311 esset,
2273 4248 2577 4302 erat'navis
2613 4247 2668 4301 in
2708 4248 2901 4302 medio.
2920 4249 3080 4317 mari,
3111 4264 3175 4304 et
3205 4251 3508 4320 ipsesolus

1930 4339 1982 4392 in
2023 4348 2168 4393 terra
2203 4348 2302 4394 :et
2343 4339 2536 4394 videns
2585 4354 2678 4395 eos
2727 4340 3038 4396 laborantes
3087 4342 3137 4396 iu
3172 4344 3507 4414 retnigando,

1933 4431 2074 4502 (erat
2106 4432 2250 4486 enim
2269 4440 2460 4487 ventus
2490 4434 2796 4489 contrarius
2827 4436 2952 4505 eis),
2972 4446 3025 4491 et
3059 4438 3206 4492 eirea
3253 4451 3509 4509 quartam

234 4532 501 4605 protinus
529 4531 625 4584 des
652 4529 787 4583 mihi
823 4529 877 4583 in
919 4530 1069 4584 disco
1099 4540 1260 4599 capul
1298 4527 1522 4585 Joannis
1549 4530 1823 4599 Baptista,
1856 4528 1907 4587 ι)
1935 4524 2173 4594 vigiliam
2204 4524 2380 4579 noctis
2414 4524 2566 4578 venit
2588 4525 2654 4579 ad
2683 4540 2798 4591 eos,
2827 4528 3111 4584 ambulans
3134 4545 3302 4599 super
3335 4547 3503 4599 mare,

234 4625 307 4677 Et
342 4622 702 4691 contristatus
754 4630 840 4675 est
897 4637 992 4676 rex
1049 4630 1275 4691 propter
1314 4622 1739 4691 jusjurandum;
1770 4632 1826 4677 et

231 4725 468 4785 pr0pter
496 4688 659 4768 sim‘ul
706 4714 1088 4769 recumbentes
1111 4714 1282 4768 noluit
1305 4728 1425 4769 eam
1455 4714 1821 4781 contristare;

230 4806 340 4860 sed
395 4805 565 4859 misso
595 4804 951 4874 spiculatore,
996 4804 1254 4874 praecepit
1285 4804 1469 4859 aﬂerri
1510 4814 1672 4872 caput
1707 4803 1825 4875 ejus

232 4899 294 4953 in
328 4898 506 4961 disco,
529 4906 585 4950 et
614 4897 762 4951 dedit
790 4896 920 4951 illud
944 4894 1157 4965 puellae,
1190 4904 1244 4949 et
1278 4895 1453 4966 puella
1486 4896 1634 4949 dedit
1661 4896 1823 4949 matri

228 5002 378 5044 ana.
406 4988 525 5052 Quo
543 4986 749 5050 audito,
772 4985 1021 5054 discipuli
1044 4985 1164 5055 ejus
1189 4995 1557 5049 venerunt,et
1581 4987 1825 5040 tulerunt

224 5094 444 5147 corpus
490 5078 630 5147 ejus,
656 5090 710 5131 et
749 5085 1051 5148 posuerunt
1101 5077 1231 5131 illud
1263 5077 1320 5132 in
1362 5088 1739 5134 monumento.
1797 5099 1816 5132 ι

228 5175 349 5228 Per
382 5174 613 5227 ironiam
637 5186 892 5240 expresse
912 5172 1235 5242 pronuntiat
1260 5169 1500 5225 Ilerodes
1537 5172 1820 5240 pellicens.

222 5270 421 5336 Caput
471 5267 624 5337 legis,
658 5267 802 5336 quod
832 5275 919 5320 est
970 5265 1241 5331 Christus,
1274 5264 1341 5319 de
1374 5279 1603 5331 corpore
1642 5265 1821 5319 absci-

224 5358 390 5411 ditur
441 5354 684 5425 proprio,
729 5356 783 5409 id
837 5364 916 5409 est
968 5353 1221 5419 Judaico,
1281 5353 1503 5422 populo,
1553 5362 1609 5407 et
1664 5356 1823 5408 datur

222 5448 429 5518 gentili
473 5447 682 5516 puellae,
726 5448 777 5499 id
814 5457 896 5502 est
921 5445 1180 5501 Romanae
1210 5444 1467 5501 Ecclesiae
1498 5462 1514 5502 :
1546 5456 1601 5501 et
1645 5447 1822 5517 puella

218 5545 333 5597 dat
362 5541 523 5593 matri
562 5556 671 5594 sua:
692 5539 976 5601 adulterae.
1007 5540 1058 5594 id
1083 5549 1188 5603 est,
1217 5538 1512 5611 Synagogae
1525 5540 1818 5595 creditum

218 5641 290 5693 in
331 5642 458 5685 line.
511 5632 721 5702 Corpus
756 5633 985 5688 Joannis
1035 5633 1319 5704 sepelitur.
1374 5644 1537 5703 caput
1583 5634 1636 5687 in
1671 5633 1819 5685 disco

213 5727 563 5789 collocatur,
604 5726 783 5779 littera
834 5726 997 5780 humo
1044 5726 1268 5798 tegitur,
1301 5727 1527 5797 spiritus
1578 5726 1631 5780 itt
1659 5721 1816 5779 altari

216 5821 554 5874 honoratur
589 5830 651 5871 ac
687 5816 944 5871 sumitur.

1926 4627 1983 4671 ct
2014 4617 2228 4671 volebat
2272 4619 2555 4688 praaterire
2606 4634 2723 4674 eos.
2764 4621 2941 4676 Atilii
2978 4632 3037 4677 ut
3082 4624 3333 4681 viderunt
3380 4642 3505 4682 eum

1928 4710 2294 4764 ambulantem
2356 4725 2522 4779 super
2576 4726 2747 4773 mare.
2796 4726 3127 4783 putaverunt
3179 4720 3504 4787 phantasma

1925 4815 2046 4856 esse
2068 4817 2082 4854 :
2104 4810 2157 4854 et
2180 4800 2643 4857 exclamaverunt.
2666 4801 2868 4860 Omnes
2895 4807 3041 4861 enim
3071 4807 3323 4864 viderunt
3352 4825 3501 4877 eum,

1926 4900 1980 4945 et
2012 4891 2324 4946 conturbati
2359 4902 2508 4945 sunt.
2534 4891 2599 4946 Et
2621 4894 2803 4947 statim
2836 4894 3053 4952 locutus
3072 4906 3155 4953 est
3177 4913 3298 4953 cum
3322 4898 3420 4963 eis,
3447 4911 3504 4953 et

1926 4984 2065 5039 dixit
2119 4984 2197 5038 eis
2258 4999 2273 5039 :
2310 4983 2601 5049 Conliditc,
2640 4999 2741 5055 ego
2783 5000 2926 5052 sum,
2958 4989 3122 5043 nolite
3174 4992 3385 5045 timere.
3433 4990 3505 5047 Et

1926 5078 2174 5131 ascendit
2220 5077 2286 5131 ad
2324 5075 2445 5132 illos
2476 5077 2529 5132 in
2568 5079 2771 5144 navim,
2818 5089 2872 5135 et
2920 5083 3152 5137 cessavit
3182 5091 3392 5143 ventus.
3435 5084 3502 5139 Et

1927 5170 2045 5239 plus
2075 5171 2246 5238 magis
2275 5170 2412 5223 intra
2437 5185 2496 5226 sc
2528 5170 2843 5240 stupebant.
2880 5171 2995 5227 Non
3025 5173 3169 5229 enim
3214 5176 3502 5231 intellexe-

1924 5273 2052 5316 runt
2093 5261 2160 5315 de
2189 5260 2420 5330 panibus
2450 5278 2464 5314 :
2489 5270 2608 5315 erat
2632 5264 2777 5316 enim
2810 5277 2906 5318 cor
2923 5279 3111 5319 eorum
3142 5265 3497 5323 obcaecatum.

1925 5355 1992 5408 Et
2040 5369 2161 5409 eum
2207 5352 2673 5418 transfretassent,
2702 5364 2969 5409 venerunt
2998 5357 3052 5410 in
3089 5366 3286 5412 terram
3324 5360 3502 5415 Cone-

1888 5461 1901 5476 '
1926 5448 2136 5511 Zareth,
2181 5456 2236 5501 et
2264 5447 2668 5517 applicuerunt.
2701 5447 2946 5518 Cumque
2974 5451 3175 5519 egressi
3214 5464 3400 5507 essent
3431 5454 3500 5510 dc

1926 5539 2069 5603 navi,
2105 5538 2368 5593 continuo
2400 5548 2773 5609 cognoverunt
2799 5554 2923 5595 eum
2963 5557 2978 5594 :
3028 5551 3082 5596 et
3114 5554 3498 5612 percurrentes

1925 5629 2232 5695 universam
2286 5631 2558 5699 regionem
2611 5629 2777 5697 illam,
2823 5640 3107 5701 ceperunt
3160 5633 3216 5688 in
3257 5636 3498 5705 grabatis

1924 5737 2040 5787 eos,
2065 5721 2159 5790 qui
2191 5735 2252 5776 se
2293 5721 2434 5775 male
2469 5719 2765 5788 habebant,
2791 5723 3167 5791 circumferre,
3191 5727 3281 5782 ubi
3313 5728 3502 5784 audie-

1922 5814 2052 5869 bant
2096 5828 2219 5870 eum
2279 5825 2423 5880 esse,
2463 5822 2519 5868 et
2581 5827 2907 5889 quocunque
2947 5817 3209 5877 iutroibat
3236 5819 3293 5878 in
3321 5821 3497 5890 vicos,
