3934 6200
408 355 512 423 ﬁ3i‘.

1352 358 1414 418 S.
1458 358 1905 420 HIERONYMI
1945 361 2265 423 OPEBUM
2310 358 2718 423 MANTISSA.

2292 117 2311 155 Χ.

3547 353 3655 416 612

403 471 485 526 vel
535 470 588 524 in
635 469 810 536 vittas,
845 478 936 524 aut
963 468 1227 533 civitates,
1258 468 1312 524 in
1356 468 1553 539 plateis
1583 471 1857 540 ponebant
1893 472 1974 526 in-
2003 474 2053 534 Α
2082 473 2263 537 :ttatri,
2297 471 2536 535 Corban,
2562 469 2706 540 quod
2735 476 2840 532 est,
2865 468 3065 521 donum
3086 464 3447 535 quodcunque
3471 476 3538 516 ex
3574 476 3662 515 me

408 563 613 626 tirmos,
643 571 699 615 et
747 559 1177 629 deprecabantur
1232 576 1355 615 eum
1429 571 1489 615 ut
1563 561 1645 616 vel
1710 560 1977 616 ﬁmbriam

404 652 712 709 vestimenti
744 651 860 721 ejus
899 661 1203 722 tangerent.
1241 671 1260 704 ι
1304 651 1375 709 Ut
1403 667 1531 707 aves
1557 651 1612 708 in
1643 654 1807 707 ramis
1835 654 1978 706 sina—

408 746 488 811 pis
516 761 531 801 :
565 745 756 814 pusilla
782 745 869 799 hic
907 747 1112 800 sanctis
1145 747 1379 815 requies,
1420 745 1611 816 longus
1664 746 1837 801 labor.
1870 747 1975 800 Sed

407 848 591 907 postea
652 838 853 893 dicitur
914 838 1045 902 illis,
1099 848 1155 892 ιιι
1215 839 1562 909 requiescant
1615 853 1645 892 a
1699 840 1980 894 laboribus

412 930 529 985 suis
558 931 743 1000 (Apoc.
777 946 886 998 xtv,
932 931 1046 1001 15).
1076 931 1246 987 Erant
1275 932 1420 986 enim
1454 932 1544 1001 qtti
1581 931 1889 997 veniebant,
1926 942 1982 984 et

410 1024 656 1077 ridebant
686 1023 879 1089 multi;
915 1039 1013 1077 nec
1047 1023 1408 1077 maudttcandi
1440 1024 1673 1093 spatium
1708 1024 1980 1077 habebant

403 1114 456 1168 in
504 1130 633 1170 arca
681 1115 829 1179 Noe;
867 1125 923 1173 et
986 1117 1263 1181 animalia,
1288 1133 1409 1185 quae
1461 1117 1608 1171 intus
1639 1126 1816 1181 erant,
1848 1116 1980 1169 foris

404 1207 756 1271 nitebantur;
789 1218 843 1262 et
873 1224 993 1278 qua:
1040 1207 1173 1263 foris
1218 1216 1396 1271 erant,
1425 1208 1567 1261 intro
1598 1210 1975 1276 erumpebant.

406 1303 499 1355 Sic
553 1302 806 1354 nimirum
845 1303 1025 1369 agitur
1072 1304 1127 1355 in
1178 1301 1421 1355 Ecclesia
1466 1318 1480 1353 :
1523 1299 1693 1355 Judas
1732 1300 1978 1363 recessit,

403 1393 543 1448 latro
573 1394 829 1449 accessit.
858 1393 1111 1460 Qnandiu
1144 1393 1414 1448 rereditur
1444 1408 1471 1446 a
1512 1392 1637 1456 ﬁde,
1662 1408 1761 1447 nec
1793 1394 1979 1445 Eccle-

403 1484 500 1537 sia:
543 1484 756 1552 requies
787 1493 891 1548 est,
916 1484 1038 1537 sine
1070 1498 1324 1539 mterore.
1360 1481 1563 1537 Rachel
1595 1484 1812 1552 plorans
1844 1484 1981 1537 ﬁlios

403 1590 560 1639 suos,
615 1574 789 1629 noluit
838 1575 1139 1631 consolari.
1169 1575 1287 1629 Non
1332 1585 1414 1630 est
1448 1575 1537 1629 hic
1565 1576 1897 1640 convivium,
1928 1577 1977 1628 itt

404 1682 514 1735 quo
540 1668 744 1724 bibitur
775 1669 955 1722 vittuut
993 1683 1215 1725 novum.
1246 1667 1478 1735 Quando
1517 1668 1827 1722 cantabitur
1854 1683 1983 1721 can-

404 1762 569 1815 ticum
624 1777 821 1815 novum
865 1761 919 1817 itt
970 1762 1111 1816 caelo
1136 1776 1298 1825 novo,
1327 1773 1384 1815 et
1432 1762 1485 1814 iu
1524 1772 1665 1815 terra
1720 1776 1881 1822 nova,
1913 1761 1981 1814 ab

2086 562 2179 617 tibi
2211 563 2553 633 proderit,et
2592 560 2733 615 ultra
2764 574 2869 614 non
2902 557 3180 615 dimittitis
3211 570 3332 609 cum
3368 554 3659 623 quidquam

2083 653 2264 710 facere
2313 654 2455 725 patri
2506 667 2609 708 suo
2657 660 2750 706 aut
2790 650 2975 714 ntatri,
3008 648 3383 705 rescittdenles
3439 646 3657 702 verbum

2084 749 2174 805 Dei
2230 764 2325 818 per
2379 748 2725 804 traditionem
2759 755 3015 810 vestram,
3049 757 3213 812 quam
3236 739 3555 796 tradidistis.
3597 739 3661 792 Et

2082 847 2281 901 similia
2313 845 2619 915 hujusmodi
2652 845 2816 897 multa
2849 841 3049 896 facitis.
3074 838 3141 893 Et
3160 838 3434 892 advocans
3464 836 3660 889 iterum

2083 938 2321 1001 turbam,
2363 936 2577 991 dicebat
2623 935 2773 989 illis:
2809 932 3002 986 Audite
3031 944 3217 986 omnes
3255 937 3306 982 et
3336 926 3657 996 intelligite:

2085 1032 2214 1085 nihil
2265 1042 2347 1084 est
2396 1040 2549 1086 extra
2607 1029 2881 1082 hominem
2934 1024 3199 1080 introieris
3238 1023 3292 1076 in
3336 1037 3484 1083 eum,
3517 1019 3662 1088 quod

2085 1124 2257 1192 possit
2287 1137 2411 1177 eum
2472 1120 2831 1189 coinquinare
2874 1135 2889 1177 :
2922 1132 2981 1173 se
3033 1133 3154 1187 quae
3199 1118 3265 1171 de
3288 1116 3508 1172 homine
3538 1131 3665 1184 pro-

2084 1215 2303 1277 cedunt,
2352 1214 2441 1267 illa
2498 1224 2624 1265 sunt
2674 1227 2794 1281 quin
2843 1211 3199 1278 coinquinant
3247 1210 3544 1264 hominem.
3603 1206 3662 1261 Si

2083 1307 2203 1375 quis
2229 1306 2389 1361 habet
2409 1320 2568 1359 aures
2601 1303 2882 1368 audiendi,
2907 1303 3116 1358 audiat.
3143 1303 3209 1358 Et
3240 1318 3362 1357 cum
3383 1302 3663 1355 introisset

2084 1399 2138 1452 in
2160 1399 2377 1462 domum
2407 1413 2435 1451 a
2467 1396 2648 1460 turba,
2683 1395 3093 1463 interrogabant.
3118 1408 3239 1448 eum
3270 1394 3518 1460 discipuli
3541 1392 3665 1461 ejus

2086 1489 2419 1559 parabolatn.
2460 1487 2527 1544 Et
2576 1491 2652 1541 ait
2707 1487 2811 1541 illis
2844 1502 2859 1542 :
2891 1484 2983 1540 Sic
3030 1497 3083 1539 et
3134 1498 3227 1539 vos
3289 1483 3667 1552 imprudentes

2081 1584 2235 1638 estis.
2293 1580 2410 1635 Non
2457 1580 2777 1651 itttelligitis,
2814 1580 2939 1648 quia
2986 1592 3148 1633 omne
3180 1578 3533 1632 extrinsecus
3580 1577 3664 1630 itt-

2086 1675 2290 1728 troiens
2335 1674 2389 1727 itt
2432 1673 2733 1738 hominem,
2771 1688 2875 1725 non
2908 1678 3088 1739 potest
3114 1684 3237 1723 eum
3263 1668 3665 1738 coinquinare:

2086 1766 2214 1833 quia
2274 1780 2380 1818 ttott
2439 1764 2605 1818 intrat
2640 1763 2695 1816 itt
2729 1778 2827 1817 cor
2874 1761 3009 1829 cjns,
3034 1759 3131 1816 sed
3154 1760 3209 1813 in
3233 1769 3497 1822 ventrem,
3529 1767 3589 1813 et
3615 1760 3667 1813 iit

407 1853 719 1908 heminibus
766 1853 961 1911 ueris?
988 1853 1121 1909 Cum
1175 1854 1405 1909 mortale
1459 1854 1562 1908 hoc
1617 1853 1852 1907 induerit
1884 1853 1979 1905 im-
2013 1825 2057 1885 Β
2086 1871 2363 1911 secessum
2403 1856 2534 1919 exit,
2577 1870 2814 1922 purgans
2856 1868 3059 1932 milites.
3094 1867 3271 1906 csras.
3304 1852 3530 1904 Dicebat
3576 1866 3673 1905 au-

408 1944 815 2008 mortalitatem,
841 1960 965 2001 eum
1003 1945 1244 2013 quinque
1279 1944 1508 2014 panibus
1535 1956 1587 1997 et
1623 1945 1830 1997 duobus
1868 1943 1979 2009 piso

408 2035 587 2099 cilius,
624 2036 866 2104 quinque
895 2035 1060 2088 millia
1110 2035 1384 2089 hominum
1438 2049 1660 2104 vespera
1706 2033 1827 2087 vita:
1860 2048 1983 2100 pas-

404 2137 596 2183 eentur
630 2145 644 2189 ;
677 2137 732 2182 et
781 2127 1064 2182 duodecim
1104 2126 1324 2196 cophini
1375 2135 1564 2183 octava
1605 2128 1804 2180 virtute
1840 2124 1980 2193 pleni

403 2222 727 2293 fragmentis
787 2221 1141 2291 colliguntur,
1171 2237 1293 2275 cum
1325 2220 1517 2274 sedent
1551 2234 1715 2288 super
1758 2219 1982 2272 thronos

401 2314 711 2377 duodecim,
743 2314 1055 2384 judicantes
1110 2312 1397 2368 duodecim
1428 2312 1604 2367 tribus
1649 2311 1840 2366 Israel.
1875 2307 1976 2376 Qui

403 2416 528 2462 sunt
558 2407 899 2477 tragmeutal
932 2407 1228 2463 Abraham.
1254 2405 1500 2469 Isaac,et
1521 2403 1691 2457 Jacob
1724 2420 1738 2458 :
1768 2403 1983 2471 quando

407 2500 657 2570 reliquiae
688 2500 858 2556 salvae
893 2500 1022 2553 ﬁent
1045 2514 1108 2552 ex
1142 2497 1344 2553 Israel?
1384 2496 1605 2565 quando
1645 2494 1786 2553 facie
1811 2498 1875 2547 ad
1904 2495 1984 2549 fa-

403 2593 543 2648 ciem
586 2592 914 2654 videbitnus,
940 2590 1084 2660 quod
1116 2590 1168 2642 in
1195 2589 1312 2658 lege
1344 2588 1603 2658 Moysi,et
1627 2587 1911 2657 prophetis
1927 2596 1982 2640 et

406 2682 632 2752 psalmis
679 2683 941 2753 scriptum
992 2682 1225 2752 legimus
1280 2681 1345 2736 de
1376 2680 1621 2736 Christo.
1661 2679 1813 2735 Unde
1861 2691 1984 2748 post

408 2787 662 2840 quartam
704 2774 942 2848 vigiliam
977 2775 1174 2841 noctis,
1204 2773 1504 2843 compescit
1527 2772 1687 2828 Jesus
1713 2785 1983 2827 tumorem

410 2870 598 2933 maris,
630 2867 919 2923 ambulans
944 2882 1110 2938 super
1154 2865 1310 2929 illud.
1347 2874 1401 2920 et
1438 2864 1608 2919 dicit:
1640 2883 1658 2915 ι
1690 2864 1980 2927 Conttdite,

404 2979 507 3034 ego
555 2977 674 3019 sum
706 2977 722 3016 :
776 2978 796 3013 ι
837 2960 962 3029 quia
1007 2958 1318 3014 videbimus
1353 2972 1477 3011 cum
1509 2957 1668 3012 sicuti
1701 2967 1803 3009 est.
1831 2956 1984 3011 Tunc

404 3054 639 3113 cessavit
669 3064 860 3108 ventus
886 3069 901 3109 :
925 3060 978 3108 et
1013 3051 1269 3120 procella,
1301 3048 1426 3106 Jesu
1459 3051 1703 3111 sedente,
1726 3061 1982 3118 regnante

2087 1958 2217 2012 teut,
2248 1948 2529 2014 quoniam,
2554 1962 2676 2015 qua:
2705 1946 2770 2000 de
2799 1946 3018 1999 homine
3056 1952 3277 2003 exeunt,
3299 1941 3388 1996 illa
3418 1942 3672 2008 coinqui-

2086 2038 2223 2093 nant
2255 2039 2557 2094 hominem.
2591 2038 2673 2092 Ab
2711 2037 2860 2092 intus
2903 2037 3047 2091 enim
3072 2035 3140 2090 de
3173 2035 3335 2089 corde
3381 2032 3670 2087 hominum

2085 2131 2241 2187 malae
2274 2129 2627 2200 cogitationes
2664 2128 2964 2199 procedunt
2993 2145 3011 2181 :
3042 2125 3325 2188 adulteria,
3349 2124 3672 2179 fornicatio-

2085 2239 2201 2287 nes,
2232 2222 2537 2286 ltotnicidia,
2564 2220 3006 2287 lurta,avariti:e,
3045 2216 3324 2286 nequitiae,
3355 2218 3541 2277 dolus.
3568 2218 3673 2272 im-

2085 2315 2377 2385 pudicitiae,
2431 2314 2623 2369 oculus
2684 2314 2881 2375 malus,
2948 2312 3314 2381 blasphemia,
3381 2310 3670 2380 superbia,

2084 2409 2341 2463 stultitia.
2373 2407 2570 2473 Omnia
2622 2406 2738 2461 haec
2765 2405 2905 2460 mala
2957 2405 3026 2460 ab
3068 2407 3215 2460 intus
3257 2404 3584 2475 procedunt,
3616 2410 3673 2457 et

2083 2502 2437 2568 coinquinant
2499 2500 2798 2554 hominem.
2831 2498 2898 2552 Et
2950 2497 3078 2553 inde
3131 2510 3386 2567 surgens,
3422 2494 3561 2550 abiit
3615 2494 3671 2549 iu

2086 2594 2218 2649 ﬁnes
2239 2593 2367 2665 Tyri
2396 2602 2451 2649 et
2486 2593 2724 2657 Sidonis,
2745 2603 2799 2646 et
2827 2592 3104 2661 ingressus
3125 2591 3368 2654 domum,
3392 2588 3670 2644 neminem

2085 2688 2260 2740 voluit
2317 2686 2495 2749 seire,
2537 2693 2591 2739 et
2636 2702 2741 2738 non
2792 2684 2969 2752 potuit
3020 2683 3204 2737 latere.
3260 2682 3456 2737 Ilulier
3490 2682 3673 2743 enim,

2092 2781 2277 2831 statim
2333 2787 2390 2830 ttt
2418 2777 2625 2831 audivit
2652 2776 2721 2831 de
2774 2790 2863 2839 eo,
2919 2775 3078 2845 cujus
3126 2773 3235 2828 ﬁlia
3284 2773 3522 2829 habebat
3560 2774 3675 2843 spi-

2084 2875 2247 2927 ritum
2305 2875 2669 2938 immundum,
2712 2873 2937 2927 intravit
2986 2881 3042 2926 et
3096 2872 3324 2940 procidit
3379 2871 3450 2925 ad
3500 2872 3676 2941 pedes

2083 2969 2221 3037 ejus.
2276 2967 2404 3020 Erat
2452 2966 2597 3020 enim
2642 2965 2838 3020 mulier
2874 2964 3089 3033 gentilis
3133 2962 3555 3034 Syrophceuissa
3582 2976 3678 3030 ge-

2088 3076 2237 3124 nere,
2272 3069 2325 3113 et
2374 3061 2601 3127 rogabat
2651 3073 2774 3111 eum
2864 3067 2921 3110 ut
2974 3056 3298 3111 daemonium
3342 3054 3575 3124 ejiceret
3611 3055 3682 3109 de

407 3146 461 3203 in
501 3146 627 3205 navi
664 3163 680 3201 =
721 3160 841 3216 quae
890 3154 973 3201 est
1011 3144 1336 3200 υιιινθτεειίε
1367 3142 1634 3198 Ecclesia-
1671 3141 1929 3210 Sequitur
1966 3158 1980 3195 :
2012 3171 2052 3227 ε
2091 3152 2198 3204 ﬁlia
2226 3149 2360 3218 ejus.
2399 3148 2501 3216 Qui
2534 3150 2673 3204 dixit
2718 3147 2793 3202 illi
2825 3165 2840 3204 ;
2872 3148 3001 3202 Sine
3036 3149 3187 3217 prius
3234 3148 3469 3200 saturari
3511 3147 3677 3200 ﬁlios.

484 3258 505 3292 ι
537 3239 606 3299 Et
666 3247 938 3308 quotquot
1001 3237 1293 3306 tangebam
1342 3250 1488 3300 eum,
1520 3233 1655 3291 salvi
1702 3232 1921 3289 ﬁebant.
1960 3250 1978 3283 ι

406 3334 641 3398 Quando
669 3332 838 3401 fugiet
868 3329 1024 3390 dolor
1045 3338 1102 3383 et
1130 3328 1390 3398 gemitus.

1000 3484 1231 3544 CAPUT
1281 3484 1391 3545 VII.

486 3623 506 3657 ι
547 3604 614 3660 Et
647 3600 981 3658 conveniunt
1010 3598 1076 3652 ad
1113 3612 1239 3653 eum
1274 3597 1559 3662 Pharisaei,
1591 3606 1645 3651 et
1675 3597 1888 3667 quidam
1924 3598 1990 3652 de

410 3698 619 3755 Scribis
653 3696 935 3751 venientes
963 3693 1030 3747 ab
1055 3689 1431 3762 Jerosolymis.
1457 3691 1523 3745 Et
1556 3707 1680 3745 cum
1728 3692 1989 3746 vidissent

411 3793 672 3860 quosdam
730 3804 792 3842 ex
838 3786 1121 3855 ἀίειιὶριιιιε
1159 3785 1277 3853 ejus
1312 3783 1689 3838 communibus
1715 3782 1988 3847 ntanihus,

413 3885 466 3942 id
492 3895 575 3939 est
632 3899 739 3938 non
773 3882 918 3943 lotis,
956 3885 1287 3934 manducare
1316 3892 1504 3948 panes,
1526 3877 1988 3944 vituperaveruttt.

413 3978 672 4036 Pharisaei
724 3985 906 4031 autem
938 3983 992 4029 et
1020 3989 1211 4028 omnes
1251 3971 1422 4027 Judaei
1461 3971 1563 4026 nisi
1604 3970 1799 4025 crebro
1848 3969 1994 4023 lave-

417 4071 526 4129 rint
572 4083 789 4131 manus,
822 4082 929 4122 non
982 4066 1333 4126 manducant,
1365 4075 1615 4118 tenentes
1647 4062 1990 4117 traditionem

415 4164 713 4218 seniorum.
760 4161 826 4215 Et
869 4174 899 4213 a
957 4159 1077 4213 foro
1129 4159 1412 4213 venientes
1470 4157 1569 4209 nisi
1625 4155 1990 4224 baptizentnr,

418 4272 526 4310 non
548 4255 862 4309 comedunt.
886 4251 953 4305 Et
984 4250 1089 4307 alia
1120 4252 1288 4304 multa
1316 4260 1461 4315 sunt,
1483 4264 1604 4319 qua:
1632 4248 1829 4301 tradita
1866 4256 1993 4303 sunt

418 4349 527 4403 illis
560 4362 780 4402 servare
814 4364 828 4399 :
864 4342 1191 4414 baptisntata
1233 4343 1486 4407 calicum,
1522 4350 1576 4395 et
1607 4356 1915 4405 urceornm,
1939 4350 1996 4397 et

417 4449 861 4500 teratnentorutn,
896 4448 949 4491 et
983 4439 1269 4491 lectorum.
1321 4434 1386 4488 Et
1422 4423 1831 4503 interr-egebant
1869 4447 1993 4486 cum

2093 3243 2211 3299 Non
2268 3251 2348 3297 est
2408 3241 2553 3297 enim
2590 3242 2790 3295 bonum
2844 3255 3063 3295 sumere
3092 3253 3288 3308 panem
3323 3239 3589 3303 ﬁliorum,
3625 3248 3682 3293 et

2096 3336 2312 3410 mittere
2369 3334 2616 3388 canibus.
2661 3333 2729 3387 At
2786 3332 2873 3385 illa
2933 3332 3232 3399 respondit,
3262 3341 3317 3385 et
3361 3332 3496 3386 dicit
3532 3332 3615 3385 illi
3661 3347 3679 3388 :

2094 3427 2309 3497 Utique,
2362 3424 2611 3491 Domine,
2647 3441 2770 3479 nam
2803 3425 2984 3479 catelli
3027 3423 3328 3478 comedunt
3354 3424 3458 3477 sub
3488 3437 3684 3478 mensa

2096 3522 2162 3577 de
2196 3521 2352 3574 micis
2382 3534 2695 3587 puerorum.
2731 3518 2796 3569 Et
2841 3517 2917 3570 ait
2969 3517 3088 3572 illi:
3122 3517 3353 3585 Pr0pter
3377 3516 3530 3570 hunc
3563 3531 3685 3570 ser-

2099 3628 2311 3666 monem
2345 3610 2507 3676 vade,
2545 3611 2682 3666 exiit
2738 3611 3064 3664 daemonium
3100 3626 3127 3662 a
3160 3609 3265 3662 ﬁlia
3308 3618 3424 3662 tua.
3452 3608 3523 3663 Et
3556 3623 3689 3662 cum

2097 3705 2322 3758 abiisset
2376 3704 2597 3756 domum
2630 3716 2805 3766 suam,
2849 3702 3056 3755 invenit
3109 3701 3347 3769 puellam
3404 3702 3689 3770 jacentem

2097 3811 2261 3865 supra
2284 3795 2509 3858 lectttm,
2540 3804 2597 3848 et
2621 3794 2944 3849 dmmoninm
2967 3794 3186 3847 exiisse.
3226 3812 3244 3844 ι
3276 3791 3691 3848 Pharisaeorum

2098 3888 2425 3956 superﬂuum
2488 3887 2763 3951 latratum,
2821 3884 2989 3940 l‘ttrca
3026 3886 3250 3940 rationis
3301 3885 3582 3948 obtundit,
3638 3886 3693 3939 id

2099 3991 2181 4033 est
2240 3978 2409 4049 Moysi
2433 3989 2485 4033 et
2510 3979 2663 4032 Isaiae
2695 3980 3088 4047 increpatione,
3118 3988 3177 4032 ttt
3204 3993 3301 4031 nos
3327 3980 3698 4033 adversantes

2101 4072 2335 4127 haereses
2366 4072 2546 4126 verbis
2577 4071 2877 4139 Scriptura:
2906 4070 3204 4125 vincamus.
3234 4067 3497 4123 Vident-es
3526 4070 3701 4124 disci—

2108 4165 2264 4235 pulos
2306 4181 2410 4218 non
2446 4163 2571 4218 lotis
2603 4162 2852 4216 manibus
2897 4163 3243 4227 manducare,
3270 4162 3415 4231 quod
3448 4162 3699 4217 futuram

2109 4258 2349 4327 gentium
2428 4254 2868 4309 cumtttunionctit
2948 4253 3237 4323 signiﬁcat.
3316 4252 3586 4307 Munditia
3643 4264 3705 4305 et

2106 4352 2432 4420 baptismum
2458 4348 2833 4405 Pharisaicum
2876 4347 3063 4400 sterile
3103 4354 3210 4399 est.
3250 4341 3704 4398 Commuuicatio

2108 4459 2213 4501 non
2259 4444 2366 4496 lota
2415 4440 2737 4510 apostolica,
2772 4438 3019 4493 extendit
3052 4435 3303 4506 palmites
3337 4449 3469 4489 suos
3522 4448 3707 4504 usque

423 4533 679 4588 l‘ltarisazi
713 4542 768 4585 et
802 4529 1039 4586 Scribat:
1072 4530 1253 4595 Quare
1276 4526 1527 4597 discipuli
1557 4526 1631 4581 tui
1665 4540 1773 4579 non
1806 4525 1990 4578 ambo.

2106 4535 2171 4588 ad
2232 4548 2382 4586 mare
2416 4548 2430 4589 :
2471 4531 2616 4599 quod
2666 4530 2823 4595 culpa
2867 4528 3047 4599 majus
3089 4537 3196 4581 est.
3227 4526 3476 4579 Traditio
3509 4538 3705 4581 autem

422 4627 537 4680 lant
567 4625 718 4694 juxta
756 4622 1105 4678 traditionem
1140 4620 1460 4679 seniorum:
1496 4617 1590 4675 sed
1621 4618 2004 4673 communibus

424 4717 680 4776 manibus
727 4715 1055 4770 ntanducant
1095 4710 1331 4781 partem?
1382 4713 1452 4764 At
1506 4709 1595 4764 ille
1645 4707 2004 4775 respondens,

423 4813 562 4867 dixit
591 4811 672 4865 eis
711 4828 725 4864 :
764 4808 910 4863 Bene
949 4807 1291 4878 prOpbetavit
1336 4804 1504 4859 Isaias
1533 4803 1600 4858 de
1632 4804 1787 4857 vobis
1836 4804 2003 4872 bypo~

424 4905 601 4972 eritis,
626 4904 770 4960 sicut
823 4902 1085 4972 scriptum
1143 4908 1226 4953 est
1261 4915 1274 4951 :
1310 4896 1550 4966 Pepulus
1589 4896 1677 4951 hic
1728 4894 1890 4948 labiis
1922 4907 2008 4947 me

426 5002 658 5053 honorat
687 5010 704 5050 :
738 5011 834 5051 cur
874 5004 1051 5048 autent
1077 5005 1265 5045 eorum
1313 4992 1471 5060 longe
1508 5000 1591 5044 est
1627 5005 1655 5040 a
1690 5003 1794 5041 tne.
1827 4985 1884 5039 lu
1915 5001 2010 5039 va-

426 5106 555 5145 num
587 5100 766 5146 autem
797 5103 883 5141 me
915 5086 1126 5151 colunt,
1168 5085 1431 5141 docentes
1477 5082 1756 5135 doctrinas
1784 5087 1838 5133 et
1870 5093 2010 5148 prae-

428 5191 582 5253 cepta
623 5181 929 5237 hominum.
970 5177 1358 5246 Itelinquetttes
1378 5174 1521 5228 enim
1550 5176 1865 5226 mandatum
1892 5169 2007 5233 Dei,

429 5276 626 5330 tenetis
673 5272 1022 5329 traditionem
1066 5267 1348 5322 hominum
1389 5282 1404 5327 ;
1439 5264 1766 5334 baptismata
1813 5276 2011 5316 urceo-

431 5384 549 5421 runt
576 5376 630 5420 et
676 5365 932 5424 calicum,
961 5372 1016 5416 et
1052 5361 1157 5415 alia
1181 5359 1380 5417 similia
1408 5358 1495 5412 his
1516 5357 1697 5411 tacitis
1728 5356 1918 5412 multa.
1948 5352 2014 5408 Et

431 5462 648 5516 dicebat
698 5459 804 5512 illis
846 5475 862 5513 :
902 5456 1048 5511 Bene
1075 5454 1291 5509 irritum
1320 5450 1500 5506 facitis
1532 5457 1862 5519 praeceptum
1893 5446 2011 5513 Dei,

433 5563 491 5608 ut
544 5552 897 5606 traditionem
968 5558 1208 5602 vestram
1259 5544 1507 5601 servetis.
1576 5541 1792 5614 Moyses
1868 5540 2013 5596 enim

433 5646 591 5710 dixit,
642 5644 859 5699 Honora
910 5654 1116 5711 patrem
1167 5649 1319 5694 tuum
1381 5646 1433 5691 et
1475 5644 1879 5694 matreuttuam
1914 5652 1928 5689 :
1963 5642 2019 5688 et

435 5738 530 5805 qui
582 5736 924 5791 tttaledixerit
966 5734 1130 5803 patri,
1168 5732 1249 5787 vel
1286 5730 1471 5795 matri,
1511 5738 1684 5782 morte
1726 5729 2011 5782 moriatur.

446 5826 554 5885 Vos
611 5835 792 5883 autem
846 5826 1028 5881 dicitis
1076 5842 1090 5879 :
1155 5825 1214 5882 Si
1249 5824 1445 5885 dixerit
1497 5822 1659 5879 homo
1724 5819 1885 5891 patri,
1935 5819 2016 5875 vel

2107 4621 2416 4677 Pharisaica
2463 4621 2516 4674 itt
2571 4620 2773 4674 mensis
2832 4626 2888 4673 et
2919 4617 3068 4685 puris
3095 4616 3241 4670 vasis
3288 4630 3392 4669 non
3454 4626 3545 4670 est
3578 4624 3705 4669 tra-

2108 4715 2330 4779 ctanda,
2359 4712 2452 4766 sed
2473 4712 2839 4766 abscindenda
2862 4720 2918 4764 et
2940 4710 3198 4764 radenda.
3226 4694 3380 4777 Smpe
3404 4708 3556 4761 enim
3589 4717 3711 4760 tra-

2111 4805 2412 4873 ditionibus
2451 4804 2755 4867 hominum,
2778 4801 3032 4855 mandata
3060 4799 3150 4854 Dei
3187 4799 3403 4853 cedunt.
3433 4798 3567 4852 Post
3598 4797 3712 4853 hoc

2111 4898 2352 4968 signum,
2389 4896 2583 4950 mulier
2612 4894 3054 4964 Syrophmuissn,
3088 4889 3244 4959 cujus
3294 4889 3405 4944 ﬁlia
3437 4889 3711 4954 spiritum

2111 4993 2445 5047 immundum
2475 4989 2727 5051 habebat,
2776 4988 2988 5041 intrans
3022 4984 3257 5054 procidit
3279 4981 3344 5034 ad
3371 4980 3539 5047 pedes
3554 4978 3708 5049 ejus.

2112 5084 2243 5138 Erat
2276 5084 2423 5138 enim
2460 5081 2679 5150 gentilis
2712 5078 2938 5143 mulier;
2976 5084 3132 5142 rogat
3162 5088 3259 5144 pro
3304 5071 3438 5135 ﬁlia,
3469 5086 3601 5140 qua:
3624 5080 3718 5126 est

2112 5184 2291 5230 mater
2341 5184 2527 5231 nostra
2558 5212 2574 5238 ,
2629 5172 2873 5226 Romana
2936 5167 3178 5226 Ecclesia
3222 5184 3237 5233 ς
3305 5173 3360 5218 et
3418 5172 3548 5217 nata
3594 5163 3717 5216 dc-

2114 5267 2397 5333 tuoniaca,
2430 5264 2711 5323 barbarica
2748 5270 2832 5318 est
2881 5260 3253 5318 Occidentalis
3305 5257 3478 5323 natio,
3536 5255 3714 5323 cujus

2116 5355 2249 5412 ﬁdes
2289 5355 2415 5410 fecit
2449 5356 2517 5415 de
2566 5370 2703 5411 cane
2752 5367 2949 5417 ovem;
2984 5351 3126 5405 mira
3185 5346 3490 5417 spiritualis
3543 5344 3717 5399 intel-

2116 5451 2309 5515 lectus,
2349 5465 2453 5504 non
2489 5463 2681 5517 panem
2732 5446 2968 5505 fractum
3026 5443 3221 5498 litterae
3276 5452 3495 5496 sumere
3523 5438 3714 5504 cupit.

2114 5540 2340 5605 Fidelis,
2371 5544 2608 5609 prudens
2658 5549 2712 5594 et
2753 5538 2979 5593 humilis
3023 5544 3285 5597 meretur,
3323 5531 3466 5600 quod
3498 5528 3715 5597 poscit.

2193 5652 2212 5686 ι
2264 5633 2330 5687 Ει
2392 5634 2586 5688 iteruttt
2636 5633 2820 5686 exiens
2849 5631 2917 5684 de
2950 5628 3149 5682 ﬁnibus
3210 5623 3362 5696 Tyri,
3405 5621 3547 5676 vertit
3608 5636 3717 5689 per

2122 5728 2382 5783 Sidonetn
2418 5727 2483 5795 ad
2513 5742 2663 5781 mare
2690 5724 2920 5781 Galilaeae
2946 5724 3089 5777 inter
3118 5719 3325 5773 medios
3349 5716 3482 5771 ﬁnes
3518 5711 3714 5767 Deca-

2123 5821 2331 5894 poleos.
2372 5839 2388 5873 ι
2431 5800 2495 5873 Et
2547 5819 2637 5874 hic
2682 5817 2897 5891 proprie
2954 5820 3139 5872 narrat
3187 5807 3402 5871 Marcus
3427 5804 3715 5869 decimam
