3946 6206
260 407 365 467 633

1371 413 1794 476 EXPOSlTiO
1834 414 1915 474 1N
1961 417 2022 474 S.
2069 414 2424 477 MAllf'UM.

3415 414 3521 476 634

189 564 192 567 .
246 526 528 576 virtutem.
566 520 744 591 Tyrus
777 525 1171 590 interpretatur
1213 529 1480 596 angustia,
1511 529 1826 598 signiticans
1857 541 1898 590 Α
1930 539 2134 594 specta,
2166 528 2428 584 abscondi
2462 542 2566 582 non
2619 536 2795 597 potest
2832 527 3051 598 (Matth.
3089 544 3142 592 ν,
3173 527 3261 596 14)
3289 543 3306 596 ς
3339 527 3522 584 humi-

179 673 184 679 I
235 610 505 676 Judasam,
532 614 617 666 cui
647 612 910 667 Dominus
934 614 1100 670 dicit:
1125 615 1555 688 Coangustatum
1581 632 1660 676 est
1691 631 1826 676 stra-

237 711 380 764 tum.
440 703 604 758 breve
659 716 742 758 εει
795 705 1040 772 pallium,
1089 715 1386 776 utrumque
1453 713 1669 779 Operire
1719 728 1824 766 non

239 806 421 864 potest
455 811 472 849 :
506 806 563 850 ut
593 796 884 851 transferat
913 812 974 852 se
997 801 1064 852 ad
1093 810 1287 868 gentes
1311 803 1469 858 alias.
1494 804 1662 858 Sidon
1696 821 1826 859 vero

238 889 452 942 testatio
487 889 900 957 interpretatur,
932 907 1055 960 quae
1091 893 1202 946 fera
1237 894 1613 966 indomitaque
1641 909 1824 950 nostra

241 981 394 1034 natio
423 991 534 1044 est,
564 990 618 1036 et
650 983 796 1037 venit
825 984 892 1037 ad
924 999 1074 1038 mare
1101 985 1357 1046 Galilzeaa.
1376 993 1518 1056 quod
1554 989 1828 1056 fructuosa

241 1070 553 1126 uolubilitas
584 1082 668 1127 est
694 1091 708 1126 :
737 1075 880 1128 inter
919 1076 1288 1133 medios-ﬁnes
1318 1078 1663 1146 Dccapoleos,
1683 1081 1827 1148 quod

242 1165 640 1230 interpretatur
689 1165 938 1235 Decalogi
985 1170 1260 1224 mandata.
1313 1171 1564 1225 Salvator
1612 1175 1676 1226 ad
1723 1175 1829 1228 sal-

241 1261 451 1311 vandas
501 1267 692 1324 gentes
731 1257 800 1312 ah
854 1261 1122 1328 apostolis
1167 1262 1419 1329 ducitur;
1452 1264 1544 1332 qui
1591 1263 1823 1318 interro-

242 1351 394 1410 ganti
425 1364 484 1403 se
507 1351 843 1406 adolescenti
902 1354 1032 1420 quid
1063 1353 1287 1420 faceret,
1326 1358 1603 1424 respondit
1629 1376 1642 1412 :
1670 1356 1828 1412 Nosti

241 1441 505 1494 mandata
537 1440 696 1512 (Luc.
734 1457 891 1505 xmt,
913 1442 1030 1513 20).

317 1551 340 1586 ι
399 1531 464 1585 Ει
515 1535 796 1590 adducunt
835 1535 886 1591 ei
941 1537 1164 1592 surdum
1217 1549 1270 1593 et
1325 1548 1555 1594 mutum.
1596 1560 1614 1593 ι
1646 1539 1828 1596 Genus

243 1624 545 1680 humanum
605 1641 704 1696 per
750 1626 918 1682 multa
979 1629 1244 1694 membra,
1281 1645 1345 1684 ac
1403 1632 1448 1686 si
1493 1647 1638 1688 unus
1668 1633 1830 1687 homo

242 1716 395 1770 varia
427 1727 580 1785 peste
626 1720 948 1789 absumptus
981 1732 1376 1788 enumeratur;
1407 1725 1460 1778 iit
1497 1725 1828 1792 protOpIasto

242 1816 502 1872 caecatur,
533 1811 659 1863 dum
721 1810 906 1876 videt;
935 1809 1136 1866 surdus
1193 1812 1276 1878 fit,
1307 1827 1433 1867 cum
1482 1812 1668 1880 audit;
1698 1816 1826 1866 dum

1931 620 2059 676 litas
2087 635 2305 691 semper
2327 621 2583 690 praecedit
2605 621 2852 690 gloriam.

2519 777 2745 834 CAPUT
2774 776 2915 832 Vlll.

2009 909 2027 940 σ
2066 890 2122 944 In
2152 889 2342 944 diebus
2368 889 2494 950 illis,
2531 889 2730 943 iterum
2773 903 2895 944 cum
2930 886 3084 942 turba
3131 885 3298 941 multa
3351 893 3514 950 esset,

1931 1001 2030 1039 nec
2115 986 2380 1040 haberent
2473 987 2616 1053 quod
2705 987 3140 1049 manducarent;
3193 980 3515 1038 convocatis

1929 1078 2234 1145 discipulis,
2267 1079 2340 1131 ait
2370 1079 2476 1135 illis
2509 1096 2524 1133 :
2576 1077 2832 1134 Misereor
2893 1092 3059 1142 super
3116 1076 3356 1136 turbam,
3387 1072 3512 1142 quia

1929 1186 2058 1224 ecce
2087 1171 2193 1234 iam
2245 1172 2430 1224 triduo
2485 1171 2754 1226 sustinent
2807 1186 2914 1230 me.
2952 1184 3053 1223 nec
3118 1168 3320 1222 habent
3368 1164 3515 1235 quod

1930 1265 2257 1316 manducent
2285 1279 2298 1326 ;
2330 1275 2385 1317 et
2410 1265 2456 1318 si
2495 1263 2756 1317 dimisero
2787 1277 2880 1315 eos
2901 1261 3120 1330 jejunos
3174 1259 3230 1313 in
3278 1254 3511 1310 domum

1929 1371 2110 1416 suam.
2153 1353 2406 1408 deficient
2447 1356 2500 1408 in
2547 1356 2656 1410 via.
2711 1354 2942 1420 Quidam
2994 1353 3139 1408 enim
3201 1366 3266 1404 ex
3311 1348 3392 1402 eis
3445 1347 3514 1401 de

1931 1445 2086 1515 longe
2123 1456 2410 1500 venerunt.
2448 1445 2510 1500 Et
2577 1446 2968 1514 responderunt
3009 1445 3057 1497 ei
3084 1441 3334 1510 discipuli
3381 1442 3510 1495 sui:

1933 1536 2086 1612 Unde
2120 1538 2256 1593 istos
2281 1539 2402 1604 quis
2464 1539 2662 1604 poterit
2695 1538 2781 1591 hic
2821 1535 3024 1590 satiare
3048 1534 3279 1602 panibus
3316 1535 3370 1585 in
3419 1547 3514 1585 so-

1928 1628 2200 1683 litudine?
2232 1627 2298 1682 Et
2321 1628 2678 1696 interrogavit
2705 1641 2802 1682 eos
2829 1641 2846 1684 :
2882 1625 3022 1692 Quot
3051 1639 3217 1692 panes
3256 1619 3514 1676 habetis?

1931 1721 2030 1786 Qui
2063 1721 2315 1775 dixerunt
2343 1735 2360 1775 :
2398 1719 2639 1789 Septem.
2676 1721 2738 1773 Et
2767 1720 3021 1788 praecepit
3049 1717 3223 1772 tnrbze
3269 1715 3514 1769 discum-

1931 1812 2062 1868 bere
2121 1828 2286 1882 super
2353 1822 2575 1867 terram.
2606 1813 2673 1866 Et
2733 1811 3006 1881 accipiens
3062 1818 3269 1877 septem
3321 1809 3508 1876 panes,

239 1899 529 1965 odoratur,
577 1902 888 1971 etnungitur
913 1919 930 1970 ;
975 1904 1328 1969 obmutescit,
1372 1904 1500 1958 dum
1536 1905 1816 1974 loquitur;
1853 1918 1892 1973 Β
1924 1903 2127 1972 gratias
2178 1918 2368 1972 agens,
2401 1903 2564 1972 fregit
2595 1920 2610 1958 :
2637 1912 2692 1957 et
2743 1903 2905 1956 dabat
2957 1899 3239 1968 discipulis
3285 1898 3422 1960 suis,
3449 1905 3509 1950 ut

250 2007 478 2048 mancus
502 1993 584 2057 fit,
611 1995 738 2049 dum
762 2009 983 2049 manum
999 1995 1284 2062 extendit;
1329 1995 1671 2061 incurvatur,
1697 1999 1822 2052 dum

243 2083 516 2154 erigitur;
553 2085 884 2157 hydrOpicus
911 2087 989 2152 lit,
1024 2089 1154 2142 dum
1187 2090 1558 2157 concupiscit:
1598 2091 1824 2146 claudus

244 2177 328 2240 fit,
391 2179 519 2233 dum
577 2181 924 2250 progreditur
975 2197 992 2241 :
1053 2180 1205 2252 lepra
1264 2181 1622 2248 suflunditur,
1695 2184 1822 2237 dum

247 2270 530 2337 nudatur;
566 2269 810 2328 daemone
846 2273 1124 2344 impletur,
1150 2272 1279 2327 dum
1321 2273 1668 2330 divinitatem
1723 2290 1821 2343 ap-

243 2359 406 2426 petit;
436 2359 611 2415 mdrte
639 2363 896 2429 moritur,
928 2364 1054 2420 dum
1092 2363 1358 2420 audacter
1399 2376 1648 2430 excusat,
1679 2368 1821 2438 quod

240 2447 622 2506 ittobt-dienter
653 2453 954 2508 commisit.

317 2557 343 2594 ς
386 2541 452 2594 Et
503 2545 930 2611 deprecabantur
982 2561 1104 2600 eum
1181 2554 1240 2599 ut
1287 2547 1528 2615 itnponat
1571 2546 1643 2601 illi
1706 2563 1824 2601 ma-

243 2649 396 2688 num.
433 2653 452 2685 ι
491 2635 835 2691 lncarnatum
901 2638 1018 2694 fore
1055 2638 1364 2706 Dominum,
1405 2639 1556 2695 multi
1599 2639 1735 2711 justi
1772 2649 1826 2696 et

241 2726 562 2797 patriarcha:
583 2731 871 2801 cupiebant
909 2742 964 2786 et
991 2734 1272 2799 optabant.

322 2840 344 2874 ι
385 2821 812 2890 Apprehendens
839 2837 964 2878 eum
1010 2824 1078 2880 de
1107 2809 1264 2880 turb'a
1340 2842 1611 2893 seorsum,
1675 2826 1828 2882 misit

242 2911 449 2980 digitos
479 2929 608 2970 suos
635 2917 688 2970 in
746 2917 1017 2973 auriculas
1045 2918 1182 2989 ejus.
1223 2939 1246 2975 ι
1301 2921 1560 2978 Seorsum
1607 2935 1825 2991 semper

247 3005 572 3062 turbulentis
626 3009 1068 3076 cogitationibus.
1104 3021 1155 3064 et
1211 3015 1425 3068 actibus
1477 3012 1821 3077 inordinatis,

243 3096 696 3168 sermonibusque
743 3098 1128 3170 incompositis
1186 3102 1406 3158 ducitur
1436 3143 1452 3167 ,
1488 3104 1580 3172 qui
1639 3103 1821 3158 sanari

243 3198 505 3244 meretur.
553 3189 711 3258 Digiti
741 3191 830 3260 qui
865 3193 919 3247 in
947 3207 1105 3249 aures
1134 3194 1253 3262 ejus
1311 3197 1620 3257 mittuntur,
1659 3194 1822 3248 verba

1928 2003 2281 2063 apponereut.
2334 1993 2400 2047 Et
2459 2004 2828 2064 opposuerunt
2882 1994 3090 2052 turbas,
3123 1999 3178 2044 et
3239 1987 3511 2042 habebant

1925 2085 2220 2156 pisciculos
2254 2101 2475 2156 paucos,
2515 2098 2572 2141 ct
2607 2087 2756 2155 ipsos
2811 2083 3107 2145 benedixit,
3139 2089 3193 2136 et
3216 2079 3382 2148 jussit
3414 2092 3508 2145 ap-

1925 2178 2072 2248 poni.
2105 2177 2169 2230 Et
2198 2180 2685 2241 manducaverunt,
2717 2187 2773 2231 et
2817 2175 3045 2230 saturati
3097 2183 3243 2228 sunt.
3283 2171 3346 2225 Et
3380 2185 3506 2224 sus-

1927 2269 2170 2325 tulerunt
2205 2271 2350 2339 quod
2389 2278 2744 2338 superaverat
2800 2268 2865 2322 de
2907 2264 3248 2334 fragmentis,
3297 2271 3503 2330 septem

1925 2369 2160 2429 apertas.
2213 2361 2384 2416 Erant
2438 2371 2621 2415 autem
2665 2359 2756 2428 qtti
2818 2358 3300 2421 mandttcaverant,
3345 2350 3504 2420 quasi

1925 2463 2162 2522 quatuor
2221 2453 2412 2517 millia,
2453 2464 2507 2507 et
2551 2451 2762 2507 dimisit
2813 2465 2931 2505 eos.
2965 2449 3033 2504 Et
3092 2447 3275 2502 statim
3307 2458 3506 2499 ascen-

1926 2545 2062 2598 dens
2097 2545 2278 2599 navim
2313 2559 2438 2599 cum
2495 2543 2778 2614 discipulis
2837 2542 2972 2602 suis,
3023 2540 3172 2595 venit
3202 2539 3256 2593 iu
3327 2543 3508 2606 partes

1928 2635 2318 2701 Dalmanutba,
2369 2643 2424 2692 et
2471 2637 2727 2692 exierunt
2791 2631 3078 2696 Pharisaei,
3108 2641 3162 2687 et
3220 2636 3508 2700 coeperunt

1926 2729 2252 2800 conquirere
2284 2745 2408 2784 cum
2439 2744 2530 2800 eo,
2561 2737 2869 2798 quaerentes
2901 2727 2970 2782 ab
3019 2725 3113 2781 illo
3172 2726 3387 2793 signum
3439 2724 3508 2776 de

1925 2821 2086 2883 caelo,
2125 2831 2402 2876 tentantes
2430 2835 2576 2876 eum.
2608 2819 2678 2874 Et
2707 2819 3073 2888 lngemiscens
3130 2815 3328 2884 spiritu
3379 2813 3448 2866 ait
3485 2828 3504 2868 :

1926 2913 2068 2979 Quid
2122 2913 2400 2982 generatio
2449 2913 2553 2966 ista
2609 2913 2819 2982 signum
2868 2909 3062 2979 quierit
3091 2908 3116 2962 ἲ
3149 2908 3320 2961 Amen
3382 2908 3506 2960 dico

1929 3006 2100 3073 vobis,
2162 3005 2208 3060 si
2266 3005 2486 3060 dabitur
2537 3002 2872 3075 generatiuni
2897 3002 2987 3058 isti
3028 3001 3265 3070 signum.
3299 2998 3364 3052 Et
3418 2999 3502 3051 tli-

1928 3101 2148 3153 mittens
2175 3113 2270 3153 eos
2303 3113 2318 3151 :
2361 3095 2665 3151 ascendens
2697 3097 2891 3150 iterum
2931 3094 3136 3156 navim,
3179 3092 3312 3146 abiit
3353 3101 3504 3145 trans

1928 3191 2148 3246 fretum.
2179 3189 2241 3244 Et
2277 3188 2431 3244 obliti
2473 3196 2602 3242 sunt
2661 3177 2830 3256 panes
2860 3199 3079 3240 sumere
3109 3193 3162 3236 et
3201 3183 3306 3238 nisi
3335 3196 3501 3235 unum

244 3279 470 3347 spiritus
512 3251 660 3344 sunt,
690 3251 772 3337 de.
805 3299 914 3353 quo
972 3251 1214 3342 dicitur:
1251 3285 1452 3356 Digitus
1501 3251 1719 3340 Del'hl'c
1747 3295 1824 3338 est
1849 3251 1898 3315 θ
1928 3299 2120 3354 panem
2154 3297 2260 3337 nou
2281 3281 2554 3336 habebant
2585 3251 2770 3335 secum
2817 3279 2872 3333 in
2896 3279 3040 3332 navi.
3069 3275 3134 3333 Et
3155 3275 3504 3345 praecipiebat

245 3372 449 3436 (Exod.
485 3388 604 3439 \‘lll,
642 3373 751 3444 l9).
780 3373 868 3442 Et,
903 3378 1076 3444 Opera
1130 3378 1414 3448 digitorum
1457 3387 1664 3432 tuorum
1699 3386 1821 3431 sunt

242 3463 360 3517 (erit
395 3462 567 3532 (Ρεαι.
595 3479 673 3529 ct,
709 3464 824 3536 26).
1113 3464 1136 3475 “

309 3573 330 3607 ι
365 3553 433 3608 Et
451 3571 722 3623 easpuens
767 3559 945 3630 tetigit
989 3559 1227 3628 linguam
1269 3561 1405 3628 ejus.
1438 3579 1458 3613 ι
1499 3560 1699 3629 Spuma
1757 3563 1824 3617 de

241 3663 408 3703 carne
455 3650 706 3717 Domini,
766 3661 850 3706 est
904 3652 1085 3705 divina
1140 3653 1403 3722 sapientia
1435 3668 1450 3708 :
1487 3671 1607 3721 qua:
1661 3655 1823 3707 solvit

248 3742 522 3797 vinculum
563 3745 832 3804 labiorum
908 3745 1126 3800 humani
1203 3745 1462 3816 generis:
1499 3755 1557 3800 ut
1631 3745 1820 3800 dicat:

246 3834 419 3890 Credo
452 3838 506 3889 in
537 3836 696 3891 Deum
731 3835 943 3893 Patrem
974 3840 1398 3907 omnipotentem,
1432 3850 1538 3894 etc.

318 3943 340 3977 ι
371 3925 442 3981 Et
462 3927 769 3994 suspiciens
795 3929 847 3980 in
879 3928 1079 3984 ctelnm
1109 3929 1398 3998 ingemuit.
1439 3947 1458 3981 ι
1493 3928 1552 3983 id
1585 3938 1687 3995 est,
1725 3943 1824 3983 nos

241 4033 459 4080 gemere
485 4019 691 4084 docuit,
714 4029 770 4074 et
800 4020 853 4073 in
881 4020 1080 4076 caelum
1109 4021 1426 4074 thesaurum
1489 4021 1672 4075 cordis
1723 4036 1822 4074 uo-

243 4112 341 4167 stri
373 4112 583 4181 erigere
618 4129 634 4164 :
662 4113 802 4180 quod
838 4125 936 4180 per
963 4113 1223 4180 gemitum
1272 4113 1711 4182 compunctiouis
1745 4113 1826 4166 ln-

242 4205 410 4269 ticum,
439 4203 630 4258 frivola
675 4202 859 4257 laetitia
898 4204 1083 4258 carnis
1141 4217 1426 4272 purgatur,
1462 4214 1522 4257 ttt
1571 4205 1770 4259 dicitur
1806 4221 1818 4258 :

243 4296 528 4368 Rngiebam
559 4311 590 4350 a
613 4295 808 4365 gemitu
836 4296 1007 4350 cordis
1037 4294 1211 4362 (Psal.
1242 4311 1448 4359 xxxvn,
1481 4295 1562 4366 9).
1589 4307 1698 4350 etc.

315 4407 337 4440 α
368 4388 438 4444 Et
457 4389 532 4442 ait
555 4388 632 4444 illi
656 4405 672 4444 :
697 4387 888 4457 Ephph
927 4397 1001 4448 ta.
1019 4387 1164 4456 quod
1185 4396 1268 4442 est
1286 4385 1620 4455 adaperirea
1647 4383 1825 4441 Corde

241 4484 384 4539 enim
424 4484 666 4538 creditur
698 4483 766 4534 ad
804 4478 1072 4550 justitiam
1105 4495 1118 4533 :
1149 4493 1245 4533 ore
1307 4487 1488 4534 autem
1551 4477 1825 4533 confessio

245 4580 303 4631 fit
333 4577 400 4631 ad
425 4575 654 4632 salutem
684 4573 862 4644 (Rom.
898 4587 952 4636 κ,
983 4570 1093 4642 l0).

317 4689 336 4722 ι
371 4666 442 4724 Et
465 4668 650 4722 statim
699 4677 901 4736 apertae
926 4673 1052 4720 sunt
1101 4679 1258 4719 aures
1307 4663 1444 4733 ejus,
1473 4675 1526 4718 et
1585 4664 1818 4720 solutum

243 4772 329 4816 est
361 4760 646 4828 vinculum
687 4757 880 4826 lingua:
937 4757 1076 4827 ejus,
1103 4767 1156 4812 et
1206 4757 1532 4826 loquebatur
1595 4771 1764 4814 recte.
1795 4776 1814 4810 ι

241 4857 457 4922 Aperta:
485 4862 611 4908 sunt
663 4867 825 4907 aures
864 4851 987 4923 ejus
1037 4853 1106 4908 ad
1176 4853 1422 4920 hymnos,
1479 4854 1712 4918 cantica,
1769 4862 1822 4910 et

241 4945 521 5014 psalmos:
553 4942 783 4999 solvitur
803 4943 1007 5013 lingua,
1027 4951 1313 4997 uternctct
1343 4944 1568 4998 verbum
1594 4943 1819 5009 bonum,

238 5037 386 5107 quod
418 5051 526 5090 non
562 5047 785 5105 possunt
813 5037 974 5090 minas
1013 5051 1114 5090 nec
1166 5035 1389 5088 verbera
1452 5035 1731 5102 cohibere,
1763 5045 1818 5090 ut

237 5132 316 5186 ait
349 5121 674 5198 5Ap0sto'lue
715 5127 921 5184 Paulus
955 5145 969 5182 :
1005 5125 1117 5196 Ego
1166 5128 1394 5190 vinctus,
1425 5126 1518 5181 sed
1583 5143 1684 5182 non
1741 5137 1819 5181 est

234 5222 520 5293 alligatum
553 5220 611 5273 in
641 5233 724 5274 me
747 5221 958 5273 verbum
987 5217 1080 5272 Dei
1114 5215 1203 5286 (11
1236 5216 1370 5271 Tini.
1407 5232 1464 5281 lt,
1499 5217 1578 5285 9).

313 5333 335 5367 α
371 5313 441 5368 Et
493 5311 750 5382 praecepit
787 5311 894 5366 illis
952 5323 1019 5365 ne
1082 5311 1170 5365 cui
1231 5311 1496 5366 dicerent.
1529 5327 1548 5362 ι
1588 5309 1706 5365 Non
1764 5311 1816 5364 in

235 5405 536 5463 virtutibus
565 5403 902 5471 gloriandum
948 5417 1072 5458 esse
1129 5402 1365 5458 docuit:
1403 5403 1496 5458 sed
1548 5403 1601 5458 in
1655 5416 1818 5459 cruce

237 5500 373 5555 etin
407 5473 808 5554 salutatione.

318 5612 339 5646 ς
366 5593 584 5659 Quanto
610 5600 790 5648 autem
816 5593 896 5648 eis
914 5591 1282 5662 pracipiebat,
1309 5597 1466 5646 tanto
1491 5589 1664 5660 magis
1695 5589 1817 5658 plus

237 5687 633 5758 praedicabant,
659 5696 715 5740 et
739 5697 808 5740 eo
829 5683 1062 5754 amplius
1077 5681 1508 5746 admirabantur,
1535 5681 1814 5736 dicentes:

238 5784 388 5838 Bene
413 5780 594 5835 omnia
628 5779 780 5841 fecit,
811 5788 865 5833 et
890 5779 1083 5834 surdos
1109 5777 1238 5834 fecit
1280 5777 1490 5841 audire,
1519 5788 1572 5832 et
1635 5786 1814 5830 mutos

237 5875 410 5948 loqui.
445 5891 463 5929 ι
501 5872 707 5932 Civitas
733 5872 788 5928 in
814 5881 997 5930 monte
1053 5871 1228 5942 posita
1291 5871 1530 5948 undique
1580 5870 1814 5929 circulu-

1923 3380 2024 3441 eis,
2063 3376 2248 3431 dicens
2283 3389 2300 3430 :
2341 3375 2530 3430 Videte
2579 3383 2634 3429 et
2687 3384 2928 3428 cavetea
2983 3371 3249 3426 fermento
3309 3367 3505 3424 Phari-

1924 3483 2178 3533 satorum,
2214 3477 2267 3521 et
2318 3466 2588 3521 fermento
2654 3465 2900 3520 Herodis.
2954 3462 3022 3519 Et
3078 3462 3392 3533 cogitabant
3437 3463 3505 3516 ad

1925 3562 2244 3614 altertttrnm
2307 3559 2549 3614 dicentes
2583 3577 2597 3618 :
2637 3558 2771 3625 Quia
2821 3572 2990 3628 panes
3056 3572 3160 3611 non
3215 3556 3502 3611 habemus.

1923 3652 2041 3718 Quo
2066 3652 2300 3720 cognito,
2337 3652 2412 3703 ait
2465 3652 2574 3704 illis
2629 3651 2788 3706 Jesus
2818 3667 2832 3705 :
2861 3649 3002 3717 Quid
3074 3649 3349 3720 cogitatis,
3377 3649 3502 3716 quia

1926 3760 2092 3814 panes
2151 3761 2255 3798 non
2301 3744 2826 3799 habetis?Nondunt
2883 3744 3236 3814 cognoscitis.
3275 3756 3374 3797 nec
3419 3741 3504 3794 in-

1927 3836 2168 3906 telligitis
2198 3837 2223 3888 ?
2250 3837 2441 3890 Adhuc
2493 3844 2752 3890 czecatnm
2807 3835 3020 3890 habetis
3052 3850 3146 3888 cor
3205 3843 3444 3888 vestrum
3481 3848 3495 3886 :

1924 3926 2108 3982 oculos
2146 3926 2432 3989 habentes,
2467 3943 2573 3980 non
2633 3925 2952 3988 videtis;et
2999 3941 3160 3980 aures
3211 3925 3495 3989 habentes,

1923 4035 2033 4074 non
2085 4019 2306 4073 auditis.
2359 4017 2469 4074 Nec
2537 4019 2924 4082 recordamini,
2986 4019 3205 4088 quando
3263 4017 3501 4088 quinque

1926 4129 2098 4183 panes
2147 4112 2285 4182 fregi
2333 4112 2387 4166 in
2415 4113 2656 4182 quinque
2713 4111 2899 4176 millia,
2935 4121 2988 4166 et
3047 4121 3173 4178 quot
3237 4111 3502 4182 cophinos

1926 4206 2350 4274 fragmentorum
2439 4205 2629 4272 plenos
2707 4205 3008 4260 sustulistis
3056 4206 3081 4260 Ὺ
3136 4205 3333 4260 Dicunt
3387 4205 3439 4260 ei
3481 4219 3501 4260 ξ

1925 4297 2242 4352 Duodecim.
2275 4295 2502 4363 Quando
2557 4306 2612 4351 et
2655 4308 2862 4366 septem
2934 4313 3103 4367 panes
3157 4297 3210 4352 in
3268 4306 3504 4366 quatuor

1926 4391 2130 4457 millia,
2189 4399 2324 4461 quot
2376 4399 2594 4460 sportas
2645 4389 3070 4457 fragmentorum
3126 4390 3380 4444 tulistis?
3439 4390 3506 4444 Et

1924 4482 2114 4537 dicunt
2145 4482 2191 4535 ei
2228 4496 2243 4536 :
2276 4480 2519 4550 Septem.
2557 4479 2622 4534 Et
2651 4480 2869 4535 dicebat
2898 4481 2979 4535 eis
3011 4495 3027 4534 :
3061 4479 3342 4546 Quomodo
3371 4495 3506 4535 non-

1847 4593 1901 4654 Ι)
1929 4577 2057 4630 dum
2115 4573 2460 4642 intelligitis?
2491 4573 2557 4626 Et
2600 4573 2824 4627 veniunt
2883 4573 3196 4635 Bcthsaida.
3228 4583 3281 4630 et
3332 4575 3505 4628 addu.

1926 4678 2053 4722 cunt
2077 4669 2125 4722 ei
2157 4683 2380 4722 caecum.
2415 4685 2436 4718 ι
2474 4664 2771 4721 Undecima
2815 4668 3015 4722 virtute
3075 4676 3281 4736 septem
3337 4681 3504 4736 panes

1923 4760 2382 4830 quatuorjejunis
2415 4761 2661 4816 millibus
2693 4759 3044 4830 franguntur,
3076 4769 3131 4814 et
3155 4760 3309 4830 pauci
3341 4759 3504 4829 pisci-

1923 4854 2031 4908 culi
2073 4852 2506 4908 benedicuntur:
2545 4851 2690 4907 etde
2723 4852 3036 4921 fragmentis
3068 4864 3276 4920 septem
3305 4863 3504 4920 sportze

1923 4945 2096 5016 plenae
2127 4945 2507 5000 sustolluntnr.
2567 4942 2786 5013 Septem
2836 4961 3026 5016 panes,
3059 4947 3198 5000 dona
3259 4955 3384 5002 sunt
3419 4960 3504 4999 se-

1922 5047 2065 5108 ptem
2100 5036 2338 5106 Spiritus
2360 5037 2555 5092 sancti.
2581 5035 2824 5102 Quatuor
2861 5039 3050 5105 millia,
3072 5053 3247 5092 anuus
3267 5048 3349 5092 est
3363 5021 3520 5092 Novi

1921 5128 2260 5184 Testamenti
2312 5143 2437 5183 cum
2518 5139 2756 5197 quatuor
2829 5130 3181 5200 temporibus.
3283 5129 3499 5198 Septem

1921 5230 2139 5290 sporta,
2186 5219 2376 5289 primm
2415 5230 2620 5289 septem
2679 5217 2960 5274 Ecclesiae.
3025 5219 3350 5288 Fragmenta
3407 5236 3503 5288 pa-

1923 5327 2076 5374 num.
2137 5311 2352 5382 mystici
2404 5311 2714 5366 intellectus
2748 5312 2936 5382 primae
2997 5312 3319 5380 septimana:
3347 5323 3496 5368 sunt.

1920 5393 2174 5459 Pisciculi
2223 5402 2520 5471 benedicti,
2573 5403 2698 5458 libri
2755 5413 2883 5458 sunt
2934 5403 3055 5458 novi
3118 5401 3498 5460 Testamenti:

1878 5497 2179 5567 quoniam
2237 5496 2405 5566 piscis
2459 5495 2568 5552 assi
2621 5507 2828 5564 partem
2892 5493 3154 5550 Dominus
3211 5511 3502 5568 resurgens

1921 5587 2157 5658 postulat
2183 5629 2198 5651 ,
2226 5598 2280 5642 et
2303 5588 2505 5658 piscem
2537 5587 2940 5658 superpositum
2971 5588 3188 5658 prunis,
3220 5588 3502 5659 discipulis

1919 5681 1972 5735 in
2035 5688 2258 5748 captura
2313 5681 2538 5749 piscium
2597 5677 2848 5750 porrigit.
2903 5679 3034 5734 Post
3099 5680 3216 5736 haec
3273 5681 3498 5735 veniunt
3599 5719 3618 5736 κ

1917 5773 2230 5838 Bethsaida,
2266 5788 2386 5840 quae
2435 5773 2621 5826 domus
2686 5772 2841 5827 vallis
2903 5773 3318 5844 interpretatur,
3378 5789 3502 5844 quas

1917 5879 1998 5925 cst
2029 5866 2134 5924 alia
2165 5865 2274 5923 nisi
2322 5867 2582 5935 mundus,
2611 5867 2704 5937 qui
2735 5879 2820 5924 est
2860 5869 3015 5927 vallis
3066 5869 3436 5942 lacrymarum
3463 5865 3489 5922 ’ἓ
