3946 6206
433 338 541 401 635
1408 341 1473 401 S.
1511 338 1960 402 HIERONYMI
2001 342 2319 404 OPERUM
2362 341 2759 403 MANTISSA.
3569 340 3660 401 63ft

438 452 729 507 Adducunt
763 448 1086 504 duodecima
1128 446 1356 514 virtute,
1391 462 1595 503 caecum
1653 448 1744 518 qui
1779 464 1887 504 non
1942 450 2021 503 vi-
2052 453 2095 509 Α
2125 462 2286 518 neget
2340 452 2717 520 semetipsum,
2754 457 2808 504 et
2838 447 2988 503 tollat
3017 463 3237 503 crucem
3286 446 3461 515 suam}
3501 460 3548 506 et
3584 469 3659 509 se-

439 544 549 609 det,
587 558 686 597 nec
718 554 843 595 ante
879 554 978 595 nec
1028 548 1198 604 retro,
1233 539 1285 593 id
1326 552 1428 602 est,
1464 540 1554 608 qui
1616 540 1740 607 fuit,
1773 541 1865 611 qui
1911 551 2014 607 est,
2122 552 2324 610 quatur
2351 556 2458 593 me.
2507 541 2607 605 Qui
2656 540 2800 594 enim
2830 540 3063 593 voluerit
3092 540 3327 593 animam
3379 555 3520 594 suam
3564 543 3657 595 sal-

440 636 694 705 quierit.
2122 646 2245 686 vam
2299 633 2501 694 facere,
2558 632 2744 699 perdet
2806 645 2971 684 eam:
3016 630 3107 699 qui
3167 640 3345 682 autem
3404 630 3660 698 perdiderit

520 749 539 781 ι
566 728 631 782 Ει
657 727 922 795 rogabant
952 739 1076 780 eum
1107 735 1167 777 ut
1206 723 1356 777 illum
1399 733 1669 789 tangeret.
1708 723 1775 777 Et
1824 739 2020 794 appre-
2123 721 2361 774 animam
2386 734 2539 774 suam
2582 728 2808 785 propter
2845 734 2927 773 me
2972 728 3025 773 et
3071 718 3442 782 Evangelium,
3478 721 3657 775 salvam

448 821 617 875 hensa
646 833 807 871 manu
841 818 991 871 cruci.
1026 836 1045 869 ι
1086 815 1218 881 Quis
1250 825 1331 869 est
1364 818 1455 883 qui
1496 815 1761 884 tangitur,
1794 817 1898 869 nisi
1925 815 2016 884 qui
2123 811 2283 865 faciet
2307 827 2451 865 eam.
2486 810 2627 877 Quid
2661 812 2805 863 enim
2845 810 3091 879 proderit
3151 811 3389 874 homini,
3429 812 3471 865 si
3503 812 3661 865 lucre-

442 908 821 975 compuugitur
863 906 885 957 ἲ
950 904 1012 957 Et
1070 904 1425 972 apprehendit
1484 919 1703 956 manum
1753 904 1905 965 ca:ci,
1964 912 2024 957 ut
2126 911 2211 956 tur
2246 902 2511 956 mundum
2570 913 2764 966 totum,
2802 911 2854 956 et
2904 904 3290 957 detrimentum
3342 904 3526 956 animat
3569 918 3664 957 sua

447 998 883 1052 lamentationem
921 997 987 1049 de
1025 996 1266 1049 caecitate
1301 996 1479 1049 cordis
1518 996 1603 1048 sui
1640 1006 1761 1061 agat
1792 994 2019 1057 deﬂens,
2124 995 2289 1050 faciat
2316 996 2467 1049 ?Aut
2512 996 2657 1063 quid
2706 996 2869 1049 homo
2920 995 3371 1048 commutationis
3404 994 3537 1048 dabit
3582 1010 3664 1064 pro

445 1100 503 1144 ut
564 1088 830 1143 Jeremias
887 1089 1229 1141 eversionem
1308 1088 1547 1141 civitatis
1616 1086 1707 1141 Dei
1734 1128 1749 1149 ,
1782 1090 1881 1142 hoc
1941 1098 2024 1143 est
2126 1085 2306 1137 anima
2353 1099 2448 1136 sua
2479 1084 2625 1149 Σῖριιί
2650 1085 2795 1136 cuitu
2827 1099 2911 1137 nte
2935 1084 3197 1137 confusus
3227 1084 3407 1145 fuerit,
3435 1092 3485 1135 et
3522 1085 3663 1137 verba

446 1184 640 1236 anima:
673 1196 802 1234 sua).
2128 1192 2245 1231 mea
2299 1177 2350 1230 in
2381 1177 2729 1243 generatione
2758 1178 2856 1229 ista
2890 1177 3138 1230 adultera
3185 1186 3242 1230 et
3280 1178 3580 1244 peccatrire,
3620 1187 3666 1229 et

520 1292 539 1323 ι
578 1273 770 1326 Eduxit
808 1285 931 1325 eum
971 1279 1129 1324 extra
1177 1270 1380 1331 vicum,
1412 1278 1467 1320 et
1502 1282 1772 1336 exspuens
1810 1268 1862 1320 in
1895 1283 2024 1321 ocu-
2136 1267 2305 1321 Filius
2344 1267 2580 1320 lunninis
2647 1268 2948 1322 confundet
3015 1283 3163 1332 eum,
3218 1284 3341 1322 cum
3392 1270 3581 1322 venerit
3621 1270 3667 1322 in

447 1364 528 1417 los
559 1364 699 1430 ejus,
733 1363 1001 1431 impositis
1030 1361 1293 1414 manibus
1322 1362 1456 1422 suis,
1488 1359 1843 1427 intermgavit
1899 1375 2023 1412 eum
2131 1358 2299 1428 gloria
2334 1356 2510 1411 Patris
2538 1360 2644 1421 sui,
2677 1374 2799 1412 cum
2831 1359 3039 1429 angelis
3075 1359 3310 1414 sanctis.
3340 1378 3358 1410 ι
3398 1358 3539 1413 Sicut
3584 1374 3668 1429 gn-

449 1457 493 1507 si
546 1454 676 1522 quid
723 1453 954 1505 videret.
1006 1471 1023 1502 »
1064 1451 1120 1505 ld
1163 1462 1267 1513 est,
1327 1452 1667 1505 vicinitatem
1727 1452 2021 1506 malorum.
2130 1450 2384 1503 bernator
2408 1447 2616 1517 peritus
2639 1460 3018 1517 tempestatem
3049 1452 3104 1505 in
3138 1450 3667 1520 tranquillitateprat-

445 1547 799 1613 Corrumpunt
825 1545 969 1599 enim
1002 1559 1170 1595 mores
1194 1543 1353 1596 bonos
1374 1530 1639 1611 colloquia
1657 1542 1798 1596 mala
1827 1542 1874 1611 (Ι
1898 1540 2025 1597 Cor.
2128 1553 2349 1603 cavens,
2386 1551 2580 1593 nautas
2612 1551 2835 1610 paratos
2871 1542 2987 1595 vult
3040 1556 3166 1597 esse
3205 1557 3353 1596 suos.
3406 1539 3551 1596 Unde
3582 1541 3674 1595 Do.

453 1654 542 1701 xv,
574 1637 684 1703 33).
736 1624 805 1689 Et
837 1648 1112 1700 exspueus
1140 1635 1191 1685 in
1226 1633 1416 1686 oculos
1445 1631 1591 1701 ejus,
1627 1643 1684 1685 ut
1734 1632 2027 1686 videatvo-
2130 1632 2314 1684 minus
2356 1648 2371 1688 :
2415 1632 2478 1686 Si
2518 1634 2636 1701 quis
2664 1635 2771 1686 vult
2803 1642 2919 1703 post
2958 1649 3040 1686 me
3070 1635 3241 1700 aequi,
3273 1634 3478 1703 deneget
3510 1644 3670 1687 semet-

453 1729 715 1782 luntatem
755 1725 963 1779 Domini
1012 1739 1108 1792 per
1160 1722 1346 1776 ﬂatum
1403 1722 1641 1792 Spiritus
1669 1723 1845 1777 sancti
1879 1739 1894 1776 :
1924 1723 2026 1775 itn-
2056 1782 2098 1792 _
2131 1722 2324 1791 ipsum,
2367 1724 2418 1776 id
2453 1732 2576 1785 est,
2615 1723 2755 1777 alter
2785 1739 2851 1777 ex
2881 1723 3055 1779 altero
3091 1724 3377 1779 eﬂiciatur.
3416 1723 3532 1777 Post
3559 1738 3675 1778 eon-

454 1818 644 1886 positis
681 1818 949 1883 mauibus,
987 1815 1361 1885 interrogabat
1403 1829 1528 1868 eum
1555 1813 1601 1868 si
1630 1814 1833 1883 aliquid
1874 1813 2028 1868 vide-
2056 1782 2104 1842 Β
2132 1813 2494 1866 lirmationem
2543 1814 2747 1878 crucis,
2779 1813 2950 1882 gloria
3005 1814 3428 1869 resurrectionis
3459 1813 3672 1869 ostendi-

457 1919 561 1963 rrt.
598 1908 699 1961 Per
731 1921 895 1975 opera
952 1905 1167 1959 Domini
1212 1905 1357 1960 videt
1407 1906 1746 1975 majestatem
1797 1905 1935 1973 ejus.
1985 1903 2028 1957 A
2133 1914 2240 1959 tur.
2268 1901 2448 1971 Unde
2481 1906 2730 1974 sequitur
2787 1906 2947 1960 tertia
2976 1905 3192 1962 decima
3237 1906 3455 1961 virtute.

455 1998 829 2068 magnitudine
890 1996 1034 2049 enim
1089 2004 1376 2060 creaturis,
1431 2005 1652 2051 creator
1711 1996 2033 2064 agnoscitur

457 2066 609 2159 (Sat).
647 2106 763 2155 xttt,
806 2089 886 2160 5).
2734 2066 2966 2123 CAPUT
2997 2067 3092 2124 IX.

532 2202 551 2235 ι
584 2181 650 2235 Et
686 2180 957 2249 aspiciens
989 2179 1105 2234 ait:
1142 2178 1313 2234 Video
1345 2179 1600 2236 homines
1627 2180 1774 2235 velut
1807 2182 2034 2235 arbores
2211 2201 2231 2235 ι
2269 2183 2335 2238 Ει
2361 2182 2582 2238 dicebat
2641 2183 2749 2239 illis
2783 2202 2798 2240 :
2831 2184 3005 2237 Amen
3036 2183 3159 2238 dico
3202 2185 3384 2249 vobis,
3411 2185 3528 2255 quia
3573 2193 3681 2239 sunt

457 2275 820 2326 ambulantes.
866 2270 1074 2324 Deinde
1104 2269 1301 2323 iterum
1330 2270 1589 2340 imposuit
1638 2286 1838 2326 manus
1870 2286 2036 2339 super
2136 2273 2357 2343 quidam
2392 2275 2461 2329 de
2498 2275 2588 2330 hic
2618 2274 2912 2341 stantibus,
2940 2277 3030 2344 qui
3061 2292 3168 2330 non
3221 2279 3514 2347 gustabunt
3561 2293 3681 2334 inor-

456 2366 647 2419 oculos
674 2362 817 2432 ejus,
849 2370 904 2416 et
924 2362 1091 2431 cmpit
1119 2363 1304 2416 videre
1335 2376 1353 2417 :
1384 2372 1441 2418 et
1469 2361 1766 2417 restitutus
1800 2374 1906 2426 est,
1959 2363 2035 2416 ita
2136 2375 2266 2429 tem,
2313 2366 2485 2421 donec
2516 2366 2734 2421 videant
2760 2381 2986 2435 regnum
3020 2368 3111 2422 Dei
3153 2371 3384 2423 veniens
3407 2373 3457 2424 in
3481 2371 3676 2424 virtute.

459 2460 686 2513 utclare
719 2458 931 2512 videret
983 2454 1214 2517 omnia;
1247 2463 1302 2506 et
1344 2454 1494 2508 misit
1538 2454 1685 2508 illum
1721 2455 1774 2508 in
1811 2454 2035 2509 domum
2140 2456 2202 2512 Et
2256 2467 2379 2526 post
2421 2457 2539 2513 dies
2601 2474 2719 2525 sex,
2792 2459 3093 2527 assumpsit
3160 2458 3325 2516 Jesus
3378 2462 3598 2527 Petrum,
3635 2470 3681 2516 et

459 2567 644 2616 suam,
700 2552 931 2604 dicens:
968 2547 1118 2602 Vade
1171 2549 1227 2603 in
1277 2548 1502 2603 domum
1536 2556 1707 2601 tuam.
1752 2566 1773 2600 ι
1832 2548 1891 2603 Id
1924 2558 2034 2613 est,
2094 2582 2109 2589 κ
2137 2550 2419 2615 Jacohum,
2460 2559 2515 2604 et
2564 2548 2852 2612 Joannem,
2884 2557 2940 2603 et
2995 2550 3147 2602 duxit
3190 2551 3320 2605 illos
3379 2552 3430 2605 in
3471 2562 3675 2605 montem

458 2658 651 2698 omnes
686 2641 933 2694 homines
984 2640 1308 2694 existimans
1353 2639 1673 2708 superiores
1727 2639 1856 2703 sibi,
1896 2640 2037 2693 iudi-
2138 2643 2411 2698 excelsum
2498 2656 2743 2696 seorsum
2799 2641 2973 2705 solos,
3040 2652 3095 2696 et
3154 2645 3568 2712 transllguratus
3608 2652 3680 2697 est

460 2749 625 2803 gnum
654 2747 713 2788 se
757 2732 1035 2800 judicans,
1060 2739 1129 2784 ιιι
1194 2732 1382 2795 David,
1413 2730 1598 2785 vocari
1652 2729 1949 2795 hominem,
1983 2740 2041 2785 et
2137 2749 2322 2789 coram
2356 2734 2512 2802 ipsis.
2548 2732 2616 2787 Et
2649 2735 2975 2789 vestimenta
3009 2735 3128 2804 ejus
3187 2735 3331 2790 facta
3361 2746 3482 2790 sunt
3525 2736 3681 2805 splen-

460 2841 649 2880 cauem
678 2836 973 2886 mortuum,
1021 2832 1077 2877 et
1117 2823 1350 2892 pulicem
1381 2838 1570 2879 unum.
1604 2822 1807 2876 lterum
1841 2837 2036 2877 manus
2139 2826 2318 2881 dentia
2350 2836 2403 2879 et
2431 2825 2655 2879 candida
2684 2823 2855 2885 nimis
2886 2825 3035 2878 velut
3070 2826 3183 2901 nix,
3220 2825 3407 2895 qualia
3437 2823 3558 2879 fullo
3595 2838 3684 2877 non

465 2918 648 2985 posuit
679 2932 846 2985 super
875 2915 1067 2970 oculos
1098 2914 1240 2983 ejus,
1276 2924 1333 2968 ut
1362 2913 1574 2967 videret
1627 2913 1776 2968 clare
1829 2916 2035 2979 omnia,
2141 2929 2316 2987 potest
2343 2932 2508 2987 super
2551 2924 2754 2971 terram
2813 2916 3045 2971 candida
3091 2918 3301 2971 facere.
3350 2917 3413 2971 Et
3467 2916 3687 2986 apparuit

463 3011 518 3065 id
549 3019 653 3073 est,
684 3024 784 3079 per
816 3023 981 3077 opera
1045 3006 1303 3072 visibilia,
1334 3006 1632 3061 invisibilia
1685 3006 2034 3078 intelligeret,
2142 3010 2253 3065 illis
2278 3008 2422 3063 Elias
2452 3023 2577 3063 cum
2606 3006 2754 3062 Mose
2786 3023 2801 3064 :
2841 3017 2897 3062 et
2923 3017 3080 3062 erant
3104 3008 3394 3077 loquentes
3422 3024 3536 3063 cum
3561 3006 3685 3061 Jesu.

462 3112 519 3155 et
547 3116 669 3169 qua:
704 3100 893 3153 oculus
932 3112 1037 3152 non
1072 3097 1201 3150 vidit
1233 3114 1248 3152 :
1282 3105 1338 3150 et.
1365 3100 1525 3151 clarae
1553 3097 1745 3151 anima:
1781 3112 1892 3152 sua:
1921 3109 2036 3152 sta-
2066 3128 2111 3186 ρ
2145 3100 2209 3153 Ει
2242 3100 2576 3168 respondens
2600 3097 2815 3163 Petrus,
2845 3099 2923 3152 ait
2952 3099 3078 3154 Jesu
3108 3084 3124 3154 ὲ
3153 3098 3362 3166 Rabbi,
3388 3101 3572 3155 bonum
3620 3107 3689 3153 est

462 3202 602 3257 tum,
637 3202 759 3259 post
790 3188 1088 3255 rubiginem
1132 3186 1360 3256 peccati,
1419 3186 1603 3240 tunudi
1636 3189 1820 3242 cordis
1880 3190 2039 3242 oculo
2151 3207 2250 3247 nos
2298 3192 2384 3246 hic
2424 3206 2566 3258 esse,
2628 3201 2682 3246 el
2736 3191 3000 3247 faciemus
3063 3192 3141 3246 ibi
3202 3193 3309 3248 tria
3359 3189 3688 3248 tabernacula.

464 3296 832 3339 eontueretur.
892 3284 1040 3337 Beati
1101 3283 1248 3337 enim
1285 3282 1481 3334 mundo
1540 3283 1747 3335 corde:
1785 3284 2038 3350 quoniam
2153 3284 2247 3338 tibi
2298 3298 2490 3347 unum,
2549 3292 2607 3337 et
2644 3282 2815 3353 Moysi
2876 3298 3070 3347 unum,
3126 3293 3182 3339 et
3218 3282 3354 3340 Elia
3388 3299 3566 3339 unum.
3595 3279 3688 3335 Non

464 3381 567 3450 ipsi
599 3378 764 3431 Deum
797 3377 1039 3430 videbunt
1070 3375 1292 3444 (Matth.
1323 3391 1376 3443 ν,
1407 3377 1489 3442 8).
1539 3376 1607 3430 Ει
1636 3375 1786 3430 misit
1831 3389 1954 3429 eum
1986 3376 2042 3429 in
2148 3374 2292 3428 enim
2344 3374 2553 3429 sciebat
2581 3374 2708 3443 quid
2736 3374 2963 3429 diceret.
3020 3373 3190 3429 Erant
3212 3378 3366 3431 enim
3403 3377 3583 3429 timore
3601 3388 3690 3427 ex-

466 3475 687 3523 dnmum
740 3484 917 3530 suam,
977 3477 1033 3521 ut
1086 3468 1297 3522 videret
1348 3468 1401 3521 in
1447 3481 1529 3533 se,
1565 3469 1710 3535 quod
1771 3475 1899 3522 ante
1933 3483 2042 3521 non
2152 3466 2349 3520 territi.
2409 3465 2473 3519 Et
2533 3466 2671 3519 facta
2721 3475 2808 3520 est
2866 3466 3041 3520 nubes
3096 3468 3437 3523 obumbrans
3481 3482 3608 3534 eos;
3647 3475 3692 3519 et

468 3563 621 3618 vidit.
673 3561 793 3615 Non
823 3562 969 3614 enim
1005 3567 1162 3627 putat
1224 3559 1390 3614 homo
1418 3560 1716 3628 desperans
1749 3560 1816 3614 de
1868 3560 2044 3614 salute
2150 3559 2295 3611 venit
2339 3573 2438 3611 vox
2492 3558 2558 3612 de
2600 3558 2764 3622 nube,
2823 3557 3065 3612 dicens:
3108 3557 3210 3614 Hic
3246 3569 3334 3614 est
3362 3559 3525 3615 Filius
3568 3571 3694 3613 meus

467 3653 687 3706 inutiiuo
724 3666 906 3720 posse,
974 3650 1113 3718 quod
1151 3650 1308 3705 facile
1358 3650 1695 3705 illuminatus
1747 3667 1843 3721 per
1893 3665 2041 3719 spem
2151 3649 2529 3713 charissimus,
2589 3650 2772 3704 audite
2812 3648 2988 3704 illum.
3028 3650 3097 3704 Et
3159 3652 3349 3706 statim
3407 3649 3696 3717 circumspi-

469 3754 649 3813 potest
681 3742 961 3811 perlicere.
1010 3744 1070 3794 Et
1115 3743 1246 3797 dicit
1274 3745 1321 3797 ei
1362 3758 1378 3797 ;
2151 3742 2382 3806 cientes,
2434 3743 2706 3796 neminem
2767 3742 2998 3811 amplius
3063 3744 3326 3799 viderunt
3373 3744 3474 3799 nisi
3542 3742 3695 3798 Iesum

544 3852 564 3886 ι
600 3833 734 3888 Etsi
774 3834 826 3885 in
862 3836 1035 3886 vicum
1100 3833 1399 3895 introieris,
1450 3833 1655 3887 nemini
1714 3833 1939 3887 dixeris.
1982 3833 2044 3889 Et
2153 3842 2361 3889 tantum
2393 3850 2601 3890 secum.
2652 3834 2717 3889 Et
2752 3836 3215 3894 descendentibus
3266 3837 3380 3893 illis
3425 3838 3492 3893 de
3519 3842 3697 3898 monte,

467 3940 720 3995 egressus
745 3935 825 3979 est
859 3924 1019 3979 lesus
1044 3935 1098 3978 et
1123 3925 1371 3993 discipuli
1402 3924 1589 3991 ejusin
1616 3927 1839 3979 castella
1865 3926 2045 3981 Caesa-
2153 3929 2408 3996 prazcepit
2462 3927 2565 3980 illis
2616 3944 2680 3981 ne
2730 3928 2818 3982 cui
2894 3943 3017 3998 quae
3079 3928 3375 3995 vidissent,
3425 3931 3697 3987 narrarent,

473 4035 577 4073 rear
602 4016 852 4085 Philippi,
885 4029 937 4069 et
970 4019 1017 4071 in
1048 4018 1130 4070 via
1156 4018 1534 4086 interrogabat
1557 4017 1864 4087 discipulos
1892 4032 2045 4082 suos,
2155 4019 2259 4073 nisi
2299 4034 2423 4071 cum
2475 4019 2644 4072 Filius
2681 4019 2921 4074 hominis
2951 4036 2979 4071 a
3019 4019 3257 4074 mortuis
3290 4018 3652 4075 resurrexcrit.
3679 4034 3695 4066 ι

469 4112 654 4165 dicens
702 4110 781 4162 eis
811 4126 825 4162 :
855 4110 1022 4175 Quem
1085 4124 1168 4161 me
1226 4110 1411 4162 dicunt
1448 4124 1572 4162 esse
1614 4108 1911 4164 homines?
1940 4108 2043 4175 Qui
2159 4111 2283 4164 I‘ost
2312 4112 2428 4164 dies
2468 4125 2561 4164 sex
2598 4111 2648 4163 in
2705 4121 2889 4165 monte
2915 4112 3129 4165 excelso
3175 4111 3585 4180 transﬁguratus
3629 4114 3701 4161 est

472 4201 863 4270 responderunt
904 4201 1000 4263 illi,
1056 4202 1300 4254 dicentes
1338 4199 1648 4255 :Joaunem
1692 4201 2000 4270 Baptistatn
2030 4221 2045 4256 :
2157 4219 2340 4257 coram
2391 4204 2676 4273 discipulis
2712 4205 2869 4270 suis;
2904 4219 2969 4257 ne
3002 4203 3267 4259 timerent
3292 4203 3573 4273 opprobria
3598 4214 3703 4253 cru-

471 4295 562 4349 alii
594 4294 786 4360 Ellam,
815 4295 902 4348 alii
928 4310 1051 4349 vero
1083 4296 1241 4363 quasi
1278 4311 1445 4349 unum
1478 4295 1543 4348 de
1567 4294 1868 4363 prophetis.
1899 4294 2051 4350 Tunc
2157 4297 2258 4354 cis.
2293 4297 2383 4363 qui
2419 4298 2667 4350 viderant
2692 4297 2868 4352 oculis
2902 4296 3016 4351 suis
3059 4296 3291 4367 gloriam
3325 4295 3519 4351 futurae
3545 4305 3701 4348 resur-

470 4387 610 4441 dixit
631 4387 736 4440 illis
769 4404 784 4442 :
818 4380 923 4441 Vos
947 4401 1074 4440 vero
1101 4401 1262 4454 quem
1294 4402 1378 4441 me
1408 4402 1528 4440 esse
1552 4388 1734 4440 dicitis
1758 4388 1780 4440 ἲ
1803 4385 2051 4456 Respon-
2159 4390 2432 4445 rectionis.

471 4479 605 4530 dens
624 4474 844 4543 Petrus,
873 4476 949 4529 ait
976 4477 1026 4530 ei
1063 4494 1077 4532 :
1106 4476 1184 4530 Tu
1212 4492 1271 4531 es
1290 4476 1566 4533 Christus.
1599 4477 1664 4530 Et
1686 4480 2053 4533 comminatus
2086 4489 2130 4544 υ
2234 4501 2252 4533 ι
2290 4482 2352 4536 Ει
2377 4483 2601 4536 verbum
2632 4481 3016 4535 continuerunt
3039 4482 3189 4551 apud
3242 4496 3324 4546 se,
3348 4481 3704 4549 conquirean

470 4577 555 4623 est
610 4567 691 4622 eis
747 4583 813 4623 ne
854 4569 940 4623 cui
999 4568 1245 4624 dicerent
1279 4570 1346 4625 de
1404 4570 1516 4623 illo.
1560 4591 1577 4622 ι
1610 4570 1667 4625 ld
1702 4583 1805 4634 est,
1855 4573 2052 4628 vicinis
2158 4575 2287 4644 quid
2325 4586 2470 4628 esset
2519 4590 2642 4627 cum
2668 4588 2696 4626 a
2732 4573 2963 4628 mortuis
2987 4573 3374 4629 resurrexerit.
3408 4573 3475 4627 Et
3503 4572 3705 4625 interro-

471 4659 772 4714 caecitatem
803 4668 948 4713 tuam
986 4674 1204 4727 semper
1235 4677 1452 4728 enarra,
1495 4678 1603 4715 non
1659 4665 1915 4716 virtutem
1951 4680 1966 4715 :
1996 4673 2055 4716 ut
2158 4667 2358 4735 gabant
2390 4681 2512 4719 eum
2552 4666 2798 4720 dicentes
2828 4682 2841 4719 :
2900 4664 3042 4728 Quid
3076 4678 3207 4735 ergo
3242 4663 3434 4719 dicunt
3466 4657 3700 4718 Phariszi

471 4753 547 4807 ait
576 4751 773 4807 Paulus
808 4768 823 4805 :
865 4752 969 4819 Qui
998 4753 1078 4822 {ui
1108 4754 1468 4822 blasphemus,
1506 4764 1555 4809 et
1589 4768 1898 4822 persecutus
1935 4773 2052 4813 sum
2159 4769 2213 4810 et
2264 4759 2487 4823 Scribat,
2521 4759 2647 4826 quia
2704 4757 2879 4811 Eliam
2913 4764 3163 4824 oporteat
3212 4756 3405 4811 venire
3450 4746 3704 4825 primum?

474 4845 767 4899 Ecclesium
802 4846 897 4901 Dei
941 4848 960 4917 (
987 4844 1016 4900 l
1054 4845 1190 4900 Tim.
1222 4863 1260 4913 t,
1294 4848 1406 4917 l3).
2158 4851 2261 4915 Qui
2300 4852 2637 4919 respondens
2665 4849 2739 4902 ait
2765 4848 2913 4903 illis:
2949 4848 3095 4902 Elias
3123 4862 3248 4903 cum
3305 4847 3528 4909 venerit,
3559 4841 3707 4911 primo

551 4962 569 4995 ι
597 4942 661 4996 Ει
702 4944 868 5012 coepit
899 4946 1095 4999 docere
1125 4960 1242 5009 eos,
1296 4945 1554 5013 quoniam
1602 4954 1819 5014 oportet
1850 4946 2051 5000 Filium
2160 4942 2411 4997 restituet
2440 4942 2643 5007 omnia,
2672 4951 2727 4996 et
2749 4955 2857 5009 quo
2890 4940 3320 5007 tuodoscriptum
3343 4948 3430 4994 est
3457 4939 3509 4992 in
3533 4934 3702 4990 Filium

476 5037 710 5090 hominis
747 5037 913 5090 multa
952 5037 1083 5104 pati,
1118 5044 1172 5090 et
1204 5038 1482 5106 reprobari
1520 5052 1549 5090 a
1606 5039 1939 5105 senioribus,
2002 5048 2058 5093 et
2161 5035 2416 5099 hominis,
2451 5044 2511 5087 ut
2550 5034 2718 5088 multa
2771 5033 3013 5101 patiatur
3062 5042 3119 5087 et
3163 5039 3562 5087 contemnatur.
3617 5021 3706 5077 Sed

476 5144 503 5181 a
560 5130 793 5182 summis
834 5128 1239 5183 sacerdotibus
1271 5139 1328 5183 et
1354 5129 1576 5194 scribis,
1626 5138 1680 5183 et
1741 5130 1947 5195 occidi,
2004 5140 2058 5185 et
2163 5128 2283 5182 dico
2339 5128 2515 5193 vobis,
2570 5128 2700 5196 quia
2743 5136 2798 5181 et
2860 5125 3005 5182 Elias
3041 5126 3208 5189 venit.
3237 5134 3294 5180 et
3338 5124 3588 5179 fecerunt
3642 5115 3706 5171 illi

478 5230 591 5289 poSI
628 5229 737 5273 tres
774 5220 890 5274 dies
920 5235 1230 5290 resurgere,
1262 5229 1315 5274 et
1349 5220 1529 5290 palam
1593 5222 1817 5275 verbum
1866 5223 2055 5292 loqne.
2162 5233 2504 5288 qua'cuuque
2555 5218 2872 5281 voluerunt,
2908 5219 3054 5273 sicut
3079 5218 3342 5287 scriptum
3377 5223 3461 5270 est
3493 5214 3558 5268 de
3577 5224 3653 5265 eo.
3684 5223 3700 5257 ι

476 5314 656 5366 batur.
710 5311 772 5365 Et
796 5314 1214 5381 apprehendens
1255 5327 1378 5367 eum
1409 5313 1623 5377 Petrus,
1661 5314 1825 5382 carpit
1876 5314 2058 5367 incre-
2168 5309 2277 5366 lloc
2312 5312 2528 5378 preprie
2589 5308 2780 5373 Marci,
2840 5312 2891 5364 id
2949 5321 3052 5371 est.
3084 5325 3204 5363 cum
3257 5310 3508 5377 absorpta
3567 5299 3708 5358 luerit

478 5420 607 5473 pare
662 5420 808 5458 eum.
866 5404 968 5470 Qui
1036 5419 1351 5467 conversus,
1413 5413 1467 5458 et
1501 5404 1692 5459 videns
1749 5405 2059 5473 discipulos
2163 5420 2310 5457 mors
2334 5404 2387 5457 in
2411 5402 2638 5456 victoria
2670 5401 2718 5473 (Ι
2758 5402 2884 5458 Cor.
2933 5417 3024 5464 xv,
3052 5400 3168 5471 54),
3213 5418 3316 5455 non
3349 5406 3507 5455 erunt
3528 5398 3576 5451 in
3606 5405 3703 5446 me-

477 5510 630 5560 Suos,
663 5496 1027 5549 eonuninatus
1076 5505 1160 5550 est
1197 5494 1386 5559 Petro,
1421 5495 1613 5551 dicens
1648 5511 1663 5549 :
1705 5495 1854 5550 Vade
1912 5506 2058 5552 retro
2164 5497 2333 5549 moria
2351 5496 2555 5564 priora,
2586 5505 2642 5549 et
2662 5510 2770 5548 non
2797 5494 3276 5563 ascendentsuper
3296 5507 3389 5547 cor
3421 5488 3555 5560 (ιω.
3584 5498 3694 5542 ιιι.

483 5604 590 5650 tne,
629 5589 854 5650 Satana,
884 5589 1142 5658 quoniam
1171 5605 1278 5643 non
1310 5587 1459 5655 sapis
1496 5602 1622 5659 qua;
1660 5588 1754 5643 Dei
1788 5600 1935 5655 sunt,
1964 5589 2057 5644 sed
2169 5589 2302 5658 l7);
2340 5602 2467 5641 cunt
2528 5586 2817 5641 abstulerit
2872 5584 3132 5641 Dominus
3200 5584 3383 5641 sordes
3444 5580 3562 5637 lilia
3591 5573 3701 5630 Sion

482 5693 600 5743 qum
628 5694 693 5731 su
719 5689 756 5730 ιι
790 5681 1092 5733 hominum.
1127 5681 1193 5734 Et
1253 5689 1555 5734 convocata
1611 5681 1770 5736 turba
1790 5695 1912 5735 cum
1946 5682 2059 5736 dis-
2167 5681 2307 5752 (ιω.
2333 5696 2409 5744 tv,
2445 5680 2499 5749 4)
2527 5722 2543 5747 ,
2575 5678 2830 5734 auferens
2867 5695 3087 5734 omnem
3146 5681 3437 5751 lacrymam
3486 5676 3550 5731 ab
3576 5661 3701 5727 omni

485 5765 685 5837 cipulis
744 5769 880 5837 suis,
916 5769 1057 5826 dixit
1082 5771 1163 5828 eis
1193 5789 1208 5827 :
1242 5770 1297 5827 Si
1326 5770 1451 5842 quis
1486 5771 1604 5828 vult
1632 5787 1718 5828 tne
1745 5772 1926 5844 sequi,
1959 5772 2056 5830 de-
2167 5773 2308 5831 facie
2342 5783 2659 5829 sanctorum
2694 5769 2834 5842 (lsa.
2868 5785 2990 5840 xxv,
3025 5772 3126 5842 8).·
