3946 6206
325 332 435 396 637

1451 337 1868 402 EXPOSITIO
1900 343 1986 404 ΙΝ
2024 344 2088 404 8.
2124 342 2476 405 MARCUM.

3477 345 3584 410 6"»8

402 466 426 502 ι
456 447 520 502 Ει
570 447 798 501 veniens
849 445 916 500 ad
970 443 1278 515 discipulos
1315 461 1443 500 suos
1501 450 1638 503 vidit
1691 452 1902 505 turbam
1939 464 1976 518 Α
2009 452 2376 508 comminatus
2427 460 2512 507 est
2558 451 2778 522 spiritui
2813 453 3116 518 immundo,
3185 457 3374 513 dicens
3430 460 3529 516 illi.
3560 481 3586 516 ι

323 556 586 611 magnam
619 541 764 595 circa
810 553 926 606 eos,
970 547 1026 592 et
1082 538 1293 594 scribas
1339 539 1730 607 conquirentes
1776 557 1904 599 cum

324 633 456 686 illis.
494 630 560 684 Et
595 629 888 686 confestim
935 630 1116 684 omnis
1169 631 1402 699 populus
1457 633 1650 688 videns
1687 631 1900 698 Iesum,

323 721 664 792 stupefactus
688 731 796 783 est,
849 729 906 774 et
923 729 1262 790 expaverunt
1293 731 1346 775 et
1371 733 1730 779 accurreutes
1755 725 1903 778 salu-

327 814 516 866 tabant
557 827 707 867 eum.
752 831 772 862 ι
812 809 928 864 Non
961 820 1045 864 est
1101 811 1306 864 homini
1365 813 1583 881 requies
1632 815 1731 868 sub
1762 817 1902 870 sole.

329 905 559 973 Semper
579 904 836 971 parvulos
854 903 1056 958 occidit
1088 903 1314 968 invidia,
1339 921 1565 974 magnos
1587 907 1903 975 percutiunt

327 995 540 1064 fulgura
595 1003 829 1050 montes.
861 995 966 1049 Alii
999 996 1247 1051 dicentes
1279 1011 1405 1051 cum
1455 997 1559 1052 fide
1597 1016 1612 1052 :
1649 997 1738 1052 alii
1765 997 1903 1052 invi-

323 1089 520 1142 dentes
547 1103 669 1141 cum
719 1087 890 1151 fastu,
937 1090 1004 1142 ad
1051 1088 1358 1144 Ecclesium
1420 1091 1772 1145 conveniunt.
1833 1089 1903 1145 Et

326 1179 557 1247 populus
585 1178 777 1233 videns
806 1194 956 1242 eum,
1007 1180 1347 1247 stupefactus
1399 1188 1504 1240 est.
1571 1191 1626 1236 et
1669 1198 1902 1250 expave-

318 1279 467 1324 runt.
508 1265 628 1324 Non
659 1279 743 1325 est
769 1257 936 1326 timor
976 1271 1030 1324 in
1084 1271 1349 1326 cbaritate
1381 1269 1434 1342 (1
1469 1269 1633 1326 Joan.
1667 1289 1741 1333 tv.
1779 1273 1897 1343 18).

324 1362 518 1425 Timor
548 1363 694 1418 enim
726 1373 809 1417 est
839 1377 1148 1427 servorum,
1201 1373 1520 1432 stupescere
1579 1364 1898 1419 stultorum.

393 1469 414 1504 s
446 1451 516 1506 Et
542 1452 896 1522 interrogavit
925 1467 1043 1521 eos,
1099 1454 1236 1522 Quid
1260 1457 1399 1512 inter
1421 1473 1518 1513 vos
1534 1458 1900 1524 conquiritis?

319 1541 386 1597 Et
439 1544 776 1612 respondens
825 1559 970 1600 unus
1019 1546 1088 1602 de
1143 1549 1328 1615 turba,
1392 1549 1579 1604 dixit:
1619 1550 1897 1620 Magister,

317 1633 474 1687 attuli
509 1635 677 1688 lilium
722 1647 898 1688 meum
930 1637 998 1691 ad
1035 1645 1111 1703 te,
1143 1637 1434 1694 habentem
1468 1640 1718 1710 spiritum
1779 1658 1898 1696 mu-

319 1735 432 1778 tu
468 1740 489 1781 :
539 1725 633 1796 qui
681 1726 996 1796 ubicunque
1056 1743 1180 1782 eum
1214 1729 1662 1798 apprehenderit,
1722 1733 1896 1787 allidit

2007 544 2214 598 Dehinc
2247 543 2464 598 larens
2523 547 2744 615 proprie
2796 556 3003 602 narrat.
3055 547 3193 603 Mina
3229 549 3464 617 Domini,
3494 569 3590 620 po-

2003 637 2171 690 tentia
2203 636 2322 706 ejus
2349 646 2458 691 est.

2083 746 2102 779 ι
2145 729 2324 784 Surde
2371 739 2425 784 et
2479 740 2632 784 mute
2679 730 2928 801 spiritus,
2963 746 3062 800 ego
3096 733 3355 803 pra'cipio
3409 735 3526 792 tibi.
3559 755 3580 789 s

2001 815 2230 886 Spiritui
2260 819 2498 888 imputat
2542 823 2703 888 Deus,
2754 822 2897 892 quod
2935 822 3142 878 homini
3179 824 3423 878 diabolus
3450 841 3586 894 pra:-

1999 917 2108 963 stat
2135 925 2153 965 ε
2180 909 2307 964 dum
2357 911 2450 966 ille
2496 927 2773 982 nunquam
2810 913 3025 968 audiret
3090 929 3191 968 nec
3248 914 3582 986 loqueretur,

2001 1000 2146 1070 quod
2181 1013 2432 1068 peccator
2465 1004 2682 1072 penitus
2718 1005 2925 1058 audivit
2948 1015 3002 1059 et
3023 1007 3282 1075 loquitur.

2079 1111 2098 1144 ι
2139 1091 2237 1148 Exi
2268 1095 2338 1149 ab
2375 1109 2465 1159 eo,
2493 1105 2550 1150 et
2579 1097 2814 1166 amplius
2837 1111 2906 1154 ne
2939 1098 3179 1154 introeas
3236 1100 3290 1154 in
3317 1115 3464 1154 eum.
3515 1101 3585 1156 Et

1998 1184 2337 1250 exclamans,
2367 1195 2422 1239 et
2453 1185 2682 1241 multum
2708 1187 3022 1258 discerpeus
3046 1204 3193 1254 cum,
3212 1190 3349 1245 exiit
3367 1193 3434 1246 ab
3453 1207 3536 1246 eo.
3554 1211 3575 1243 ι

1999 1271 2204 1329 Exicns
2239 1275 2310 1329 ab
2361 1275 2608 1340 homine,
2664 1292 2938 1346 nunquam
3009 1281 3326 1345 revertitur,
3381 1281 3425 1335 si
3481 1297 3580 1336 cor

1998 1381 2156 1421 suum
2205 1367 2376 1422 clavis
2405 1369 2674 1422 seraverit
2733 1370 3060 1424 humilitatis
3127 1381 3185 1427 et
3239 1373 3523 1429 charitatis
3559 1414 3576 1438 ,

1997 1467 2052 1513 et
2087 1459 2290 1513 ostium
2349 1459 2652 1514 obtinuerit
2703 1462 2869 1517 homo
2905 1465 3208 1520 munitatis.
3267 1462 3420 1520 Unde
3455 1480 3580 1534 pro-

1999 1547 2163 1614 pheta
2194 1547 2330 1601 dicit
2363 1564 2378 1600 :
2419 1547 2552 1602 Esto
2594 1550 2726 1602 mihi
2758 1551 2811 1604 in
2839 1549 3006 1604 Deum
3033 1564 3379 1620 protectorem
3413 1567 3460 1611 et
3521 1558 3578 1612 in

1998 1636 2170 1690 locum
2202 1639 2484 1702 munitum,
2505 1649 2560 1691 ut
2591 1639 2798 1694 salvum
2820 1657 2900 1695 me
2955 1643 3127 1712 facias
3149 1647 3320 1714 (Psal.
3341 1663 3468 1714 xxx,
3495 1649 3577 1718 5).

2071 1744 2091 1778 s
2123 1726 2189 1781 Et
2215 1727 2398 1783 factus
2427 1739 2510 1784 est
2538 1732 2684 1786 sicut
2738 1742 2988 1788 mortuus
3025 1750 3039 1786 :
3070 1735 3143 1790 ita
3179 1746 3240 1789 ut
3291 1738 3443 1801 multi
3494 1739 3578 1794 di-

318 1818 499 1886 illnm,
536 1829 592 1874 ει
614 1832 854 1890 .pumai,
886 1831 938 1876 ει
979 1822 1176 1877 εει-Μαι
1197 1824 1452 1879 dentibus
1475 1833 1532 1880 ει
1552 1826 1776 1882 arescit.
1821 1825 1891 1880 Ει
1929 1810 1971 1867 Β
2004 1830 2218 1886 cerent,
2263 1818 2399 1885 Quia
2465 1831 2710 1877 mortuus
2759 1833 2866 1878 est.
2939 1823 3101 1880 J'CSIIS
3157 1836 3338 1880 autem
3390 1838 3580 1884 tenens

314 1911 424 1966 dixi
461 1912 580 1967 disc
601 1911 746 1980 palis
815 1915 922 1968 tuis
973 1922 1034 1968 ut
1059 1914 1324 1983 ejicerent
1357 1916 1529 1981 illum,
1559 1927 1616 1974 et
1653 1932 1762 1974 non
1797 1935 1892 1990 po-

314 2012 562 2058 tuerunt.
591 2003 694 2069 Qui
750 2008 1087 2074 respondens
1135 2007 1243 2072 eis,
1294 2008 1479 2062 dixit:
1524 2007 1571 2064 0
1611 2011 1893 2079 generatio

315 2094 620 2160 incredula,
674 2096 915 2164 quandiu
982 2099 1126 2168 apud
1165 2114 1266 2155 vos
1323 2100 1468 2155 cro?
1501 2102 1746 2171 quandiu
1789 2117 1890 2158 vos

313 2185 544 2254 patiar?
573 2186 778 2242 Americ
811 2187 962 2243 illum
997 2191 1064 2244 ad
1119 2206 1226 2246 me.
1271 2192 1340 2247 Et
1388 2194 1690 2250 attulerunt
1741 2211 1890 2253 eum.

317 2278 385 2334 Et
412 2295 537 2336 eum
571 2281 797 2336 vidisset
845 2297 992 2348 eum,
1037 2285 1222 2339 statim
1258 2286 1492 2354 spiritus
1545 2290 1893 2344 conturbavit

315 2371 496 2437 illum,
549 2381 604 2426 et
629 2373 797 2429 elisus
823 2373 881 2428 iu
921 2385 1147 2441 terram,
1209 2377 1565 2434 volutabatur
1608 2395 1889 2450 spumans,

311 2474 373 2516 ct
422 2463 777 2533 interrogavit
824 2473 1032 2532 patrem
1081 2465 1201 2534 ejus
1243 2504 1260 2531 ,
1295 2465 1571 2531 Quantum
1620 2467 1884 2535 temporis

309 2560 404 2608 est
428 2567 494 2608 es
545 2568 658 2623 quo
689 2555 739 2609 ei
776 2554 881 2610 hoc
909 2555 1158 2611 accidit?
1191 2575 1212 2608 s
1252 2555 1410 2623 Quod
1464 2560 1568 2614 scit
1603 2558 1889 2625 Dominus,

314 2655 492 2714 mgat,
551 2655 609 2701 ut
655 2645 927 2702 confessio
977 2648 1158 2719 pariat
1211 2648 1443 2704 salutem
1475 2690 1493 2716 ,
1525 2660 1583 2704 et
1640 2666 1893 2705 murmur

313 2737 503 2793 cordis
531 2741 725 2805 nostri,
745 2741 1091 2798 sermonibus
1115 2742 1358 2798 solvatur
1375 2743 1502 2813 piis,
1527 2752 1586 2798 ut
1617 2752 1701 2799 est
1725 2745 1889 2799 illud:

314 2829 414 2882 Dic
453 2841 509 2883 tu
542 2831 850 2900 iniquitates
876 2841 998 2888 tuas
1054 2835 1223 2903 prius,
1254 2843 1314 2888 ut
1352 2835 1666 2904 jastiﬁceris
1724 2836 1745 2907 (
1776 2833 1890 2890 Isa.

317 2922 610 2993 xun,26).
663 2923 858 2981 Postea
905 2934 1099 2996 quarta
1131 2927 1344 2982 decima
1376 2929 1580 2984 virtute
1627 2943 1774 2983 unus
1824 2931 1892 2984 de

316 3015 475 3070 turba
531 3017 692 3073 aﬂert
758 3017 926 3074 filium
981 3021 1238 3090 spiritum
1312 3022 1603 3078 habentem
1657 3033 1888 3092 mutum,

315 3117 374 3162 et
425 3109 654 3179 reliqua.
683 3109 858 3176 Quem
892 3126 998 3166 non
1043 3122 1302 3182 poterant
1349 3115 1611 3185 discipuli
1673 3131 1886 3182 curare,

315 3201 567 3257 Salvator
595 3204 830 3259 curavit.
895 3205 1192 3262 inﬁdelitas
1223 3217 1577 3279 utrorumque
1609 3209 1890 3278 impedivit

317 3291 575 3346 salutem.
607 3290 849 3362 Spiritus
880 3296 1147 3365 discerpit
1171 3306 1542 3365 spumantem,
1568 3307 1622 3351 et
1655 3299 1892 3352 striden-

320 3397 455 3451 tem,
519 3394 575 3440 et
629 3397 992 3444 arescentem.
1056 3387 1318 3444 Peccator
1381 3399 1600 3456 spumat
1662 3388 1890 3451 invidia,

317 3476 545 3534 stultitia
576 3493 594 3546 ;
628 3479 819 3534 stridet
849 3479 1150 3546 iracundia,
1184 3480 1384 3534 arescit
1415 3481 1652 3550 ignavia.
1681 3480 1894 3534 Discer-

321 3572 402 3642 pit
468 3586 592 3626 eum
647 3572 869 3642 spiritus
938 3570 1580 3643 appropinquantemad
1634 3571 1889 3636 salutem,

318 3655 462 3733 quod
495 3674 578 3718 est
607 3679 732 3719 esca
760 3663 977 3728 dilecta,
1013 3679 1151 3733 quos
1180 3664 1236 3717 in
1286 3673 1533 3718 ventrem
1560 3678 1726 3719 suum
1777 3673 1890 3717 tra-

315 3756 451 3810 here
475 3755 769 3823 desiderat,
804 3769 900 3824 per
927 3765 1164 3810 terrores
1191 3764 1249 3810 et
1299 3755 1500 3810 damna
1541 3771 1555 3808 :
1589 3766 1648 3810 ut
1669 3753 1804 3810 fecit
1834 3755 1890 3810 in

311 3845 438 3904 Job.
471 3846 772 3917 luterrogat
799 3845 960 3902 Jesus
984 3857 1216 3914 tempus.

327 3925 360 3956 ³
391 3958 411 3991 ι
445 3941 514 3994 At
546 3939 638 3997 ille
665 3939 761 3994 ait.
791 3957 812 3992 ι
856 3938 956 3993 llic
984 3938 1325 4009 significatur
1351 3937 1570 4007 gentilis
1629 3939 1884 4008 populus,

318 4031 409 4086 cui
444 4047 474 4084 a
506 4032 786 4087 nativitate
840 4032 1070 4086 increvit
1097 4031 1278 4087 cultus
1305 4030 1514 4086 inutilis
1564 4032 1834 4086 idolorum
1866 4051 1881 4088 :

323 4133 384 4182 ut
412 4124 578 4179 stulte
615 4123 924 4179 immolaret
951 4122 1091 4178 iiiios
1124 4137 1254 4179 suos
1285 4123 1588 4178 daemoniis.
1621 4122 1778 4180 Unde
1806 4140 1894 4180 se-

316 4216 506 4286 quitur
535 4233 552 4272 :

345 4301 349 4307 ’
397 4325 417 4358 s
458 4307 541 4362 Ah
584 4307 834 4372 infantia,
865 4316 922 4365 et
969 4306 1287 4376 frequenter
1341 4321 1462 4360 eum
1493 4305 1546 4359 in
1607 4307 1785 4376 ignem
1837 4317 1894 4362 et

318 4413 496 4468 aquas
525 4399 695 4462 misit,
739 4407 799 4453 ut
827 4413 950 4453 eum
997 4401 1271 4468 perderet.
1307 4397 1412 4452 Sed
1451 4397 1498 4452 si
1537 4398 1668 4467 quid
1713 4409 1889 4469 potes,

1999 1926 2222 1966 manum
2255 1911 2404 1982 ejus,
2438 1912 2678 1967 elevavit
2727 1929 2872 1978 eum,
2921 1925 2974 1970 et
3011 1920 3271 1973 surrexit.
3307 1939 3326 1972 ι
3361 1919 3576 1975 Sanatis

1994 2003 2201 2058 etenim
2231 2002 2454 2076 dicitur,
2515 2003 2713 2058 Morini
2747 2007 2894 2070 estis,
2927 2017 2976 2060 et
3015 2010 3122 2062 rita
3155 2019 3326 2063 vestra
3357 2013 3579 2065 abscon-

1993 2096 2112 2151 dita
2142 2106 2222 2151 est
2256 2113 2376 2150 cum
2399 2095 2608 2152 Christo
2645 2097 2700 2150 in
2761 2097 2868 2152 Deo
2895 2097 3125 2169 t_Coloss.
3185 2117 3269 2166 ιιι,
3295 2103 3374 2172 5).
3422 2101 3578 2158 Unde
3668 2086 3684 2097 δ

1991 2189 2286 2246 inﬁrmitas
2327 2190 2772 2246 Christianorum
2802 2207 2910 2248 non
2929 2201 3012 2249 est
3043 2208 3212 2260 mors,
3243 2197 3336 2250 sed
3380 2197 3577 2253 mortis

1990 2279 2310 2336 similitudo.

2069 2391 2088 2424 ι
2126 2371 2194 2428 Et
2232 2388 2356 2428 cum
2390 2374 2710 2431 introissent
2742 2377 2796 2429 in
2839 2376 3086 2443 domum,
3149 2376 3416 2446 discipuli
3451 2376 3578 2446 ejus

1989 2474 2204 2519 secreto
2241 2466 2651 2536 interrogabant
2677 2483 2841 2522 eum:
2878 2470 3060 2536 Quare
3105 2482 3204 2523 nos
3252 2483 3359 2524 non
3391 2469 3574 2536 potui-

1991 2571 2116 2612 mus
2164 2558 2362 2628 ejicere
2418 2575 2542 2614 eum
2578 2560 2603 2613 ?
2634 2559 2696 2614 Et
2738 2561 2874 2616 dixit
2925 2561 3076 2616 illis:
3106 2560 3225 2616 iloc
3289 2577 3461 2632 genus
3517 2562 3575 2616 in

1990 2648 2142 2703 nullo
2169 2659 2348 2718 potest
2377 2651 2551 2716 exire,
2585 2653 2690 2706 nisi
2726 2653 2778 2707 in
2809 2653 3063 2708 oratione
3117 2661 3173 2706 et
3220 2652 3451 2722 jejunio.
3508 2655 3576 2710 Et

1992 2740 2120 2796 inde
2172 2741 2405 2810 proiecti
2464 2745 3049 2815 prater-gradiebantur
3081 2743 3414 2809 Galilmarn;
3469 2762 3572 2802 nec

1992 2832 2208 2887 volebat
2232 2848 2558 2902 quemquam
2587 2836 2750 2891 scire.
2797 2835 3036 2890 Docebat
3061 2847 3245 2892 autem
3263 2829 3576 2906 'discipulos

1992 2936 2144 2987 suos,
2176 2932 2231 2978 et
2257 2923 2474 2978 dicebat
2496 2925 2623 2986 illis,
2673 2926 2928 2994 quoniam
2966 2925 3134 2980 Filius
3169 2927 3409 2982 hominis
3458 2938 3571 2980 tra-

1995 3016 2154 3070 detur
2209 3015 2260 3069 in
2308 3031 2500 3070 manus
2552 3016 2853 3081 hominum,
2891 3025 2946 3071 et
3002 3017 3248 3070 occident
3302 3033 3426 3071 eum
3471 3029 3574 3083 ;et

1996 3105 2243 3170 occisus,
2273 3105 2428 3160 tertia
2453 3105 2540 3161 die
2571 3116 2834 3176 resurget.
2863 3109 2934 3161 At
2965 3107 3040 3161 illi
3075 3109 3398 3177 ignorabant
3448 3123 3575 3178 ver-

1995 3198 2145 3260 bum,
2185 3206 2240 3252 et
2285 3197 2547 3252 timebant
2597 3213 2720 3251 eum
2755 3199 3114 3266 interrogare.
3153 3217 3173 3251 s
3207 3197 3448 3254 Stultitia
3503 3203 3571 3254 ad

1995 3289 2267 3342 luxuriam
2316 3289 2498 3344 carnis
2559 3289 2853 3359 pertinet,
2883 3299 2938 3344 et
2963 3289 3170 3359 jejunio
3228 3302 3460 3346 sanatur
3514 3305 3570 3346 et

1993 3384 2260 3436 oratione.
2287 3381 2370 3435 ira
2398 3390 2452 3436 et
2484 3381 2697 3450 ignavia
2742 3383 2997 3438 oratione
3029 3383 3344 3452 depellitur.
3404 3384 3570 3440 Medi-

1994 3473 2118 3528 cina
2154 3473 2416 3542 cujusque
2451 3475 2690 3530 vulneris
2729 3475 3036 3531 adhibenda
3061 3487 3146 3532 est
3168 3477 3242 3531 ei.
3272 3475 3388 3531 Non
3410 3486 3572 3534 sanat

1993 3563 2239 3628 oculum,
2267 3565 2413 3633 quod
2449 3565 2710 3621 calcaneo
2737 3568 3046 3623 adhibetur.
3097 3567 3315 3636 Jejunio
3363 3571 3573 3638 passio-

1994 3669 2092 3710 ncs
2133 3656 2418 3732 corporis,
2475 3666 2530 3712 et
2597 3661 2849 3712 oratione
2900 3669 3083 3728 pestes
3127 3660 3382 3714 sanandae.
3437 3675 3568 3717 sunt

1995 3747 2212 3800 mentis.

2070 3855 2089 3889 ι
2124 3837 2190 3894 Ει
2225 3846 2484 3914 venerunt
2509 3837 2914 3908 Capharnaum.
2953 3857 2972 3892 ›
3009 3837 3418 3909 Capharuaum,
3441 3840 3567 3894 villa

1993 3931 2407 3986 consolationis.
2439 3930 2701 4000 Caligrnit
2733 3930 3112 4000 interpretatio
3149 3932 3422 4000 pradictae
3445 3946 3570 3986 sen-

1996 4027 2199 4085 tcntiae,
2229 4040 2334 4090 qua
2368 4023 2504 4078 dicit
2537 4037 2552 4075 :
2589 4021 2656 4076 Et
2687 4023 2923 4089 occisus,
2960 4023 3122 4078 tertia
3157 4023 3243 4076 die
3293 4035 3567 4090 resurget.

1993 4114 2236 4170 Granum
2267 4113 2526 4171 frumenti
2581 4113 2840 4180 moritur,
2898 4124 2956 4167 ut
3005 4113 3362 4184 multiplicius
3410 4115 3568 4170 colli-

1993 4218 2152 4278 gatur
2182 4224 2198 4273 ;
2224 4207 2268 4263 si
2304 4222 2414 4262 non
2445 4207 2700 4272 moritur,
2732 4207 2908 4261 solum
2939 4216 3145 4260 manet.

2072 4317 2092 4351 ι
2121 4299 2221 4365 Qui
2251 4313 2375 4353 cum
2407 4299 2552 4353 domi
2585 4305 2794 4362 essent,
2837 4297 3206 4368 interrogabat
3247 4311 3344 4352 eos
3377 4313 3394 4351 :
3430 4296 3570 4364 Quid

1994 4391 2048 4446 in
2093 4393 2176 4446 via
2207 4391 2524 4446 tractabatis
2555 4390 2579 4443 ‘i
2611 4391 2681 4443 At
2709 4388 2788 4442 illi
2843 4387 3114 4445 tacebant.
3173 4388 3453 4458 Siquidem
3515 4389 3568 4442 in

314 4491 511 4560 adjuva
540 4504 658 4556 nos,
690 4490 952 4545 misertus
981 4489 1179 4544 nostri.
1222 4507 1242 4546 ι
1284 4489 1387 4542 Alii
1424 4489 1570 4544 enim
1595 4492 1662 4546 de
1715 4489 1890 4560 genti-
1922 4493 1967 4550 ι)
1989 4485 2084 4541 ‘via
2116 4486 2263 4541 inter
2283 4501 2344 4540 se
2381 4484 2813 4553 disputaverunt,
2831 4481 2954 4552 quis
2971 4496 3161 4536 eorum
3193 4481 3371 4552 major
3399 4489 3565 4536 esset.

316 4583 418 4636 bus
439 4582 619 4651 ignem
647 4581 1069 4645 venerabantur,
1090 4580 1182 4634 alii
1208 4594 1427 4648 aquam.

389 4688 409 4721 ι
437 4667 598 4724 .lesus
639 4678 821 4723 autem
849 4670 926 4723 ait
977 4669 1051 4722 illi
1082 4687 1097 4723 :
1135 4669 1190 4723 Si
1244 4681 1400 4740 potes
1458 4669 1706 4726 credere.
1742 4687 1759 4722 ι
1799 4671 1892 4726 Li-

309 4761 574 4832 bertatem
605 4761 695 4816 hic
727 4759 942 4817 arbitrii
991 4761 1216 4818 indicat.

391 4869 410 4904 ι
445 4849 640 4906 Omnia
687 4850 972 4920 possibilia
1025 4860 1157 4906 sunt
1209 4853 1478 4908 credenti.
1508 4854 1576 4908 Et
1627 4854 1890 4910 continuo

311 4944 628 4998 exclamans
649 4953 808 5015 pater
835 4943 989 5014 pueri
1015 4959 1138 4997 cum
1160 4943 1412 5015 lacrymis
1431 4946 1614 5000 aiebat
1637 4964 1650 4976 -
1680 4945 1886 5012 Credo,

310 5035 560 5103 Domine,
587 5037 783 5106 adjuva
821 5036 1257 5092 incredulitatem
1289 5053 1488 5097 meam.
1528 5055 1548 5090 ι
1597 5037 1732 5104 Qua:
1757 5047 1886 5094 sunt

307 5132 513 5197 omnia,
557 5132 662 5186 nisi
692 5147 815 5202 quae
845 5134 897 5186 iu
939 5131 1157 5186 nomine
1212 5131 1366 5196 Jesu,
1421 5132 1473 5186 id
1521 5142 1608 5187 est
1659 5132 1881 5200 salutis,

306 5223 655 5294 postulantur
719 5238 843 5278 cum
895 5224 1152 5294 lacrymis
1182 5223 1206 5275 ‘l
1238 5221 1402 5281 Pater
1448 5227 1602 5293 pueri
1657 5225 1885 5280 aiebat:

309 5301 508 5380 Credo,
590 5315 840 5382 Domine,
918 5315 1114 5386 adjuva
1187 5315 1624 5372 incredulitatem
1661 5332 1886 5373 .meam.

303 5406 617 5462 Credulitas
669 5416 884 5472 nostra,
933 5417 993 5461 ut
1021 5415 1260 5462 rostrata
1312 5409 1494 5478 lingua
1537 5409 1752 5463 infirma
1777 5419 1884 5477 est,

305 5499 412 5554 nisi
448 5499 637 5552 innixa
691 5499 957 5554 subsistat
1009 5499 1191 5553 robori
1255 5499 1517 5568 adjutorii
1559 5499 1676 5554 Dei.
1719 5500 1886 5558 Fides

306 5606 430 5646 cum
467 5589 747 5660 lacrymis,
777 5600 960 5660 Optata
984 5599 1108 5644 tota
1145 5589 1292 5662 capit
1329 5606 1344 5658 ;
1381 5599 1440 5645 ut
1464 5599 1590 5676 est;
1626 5591 1744 5645 Fiat
1786 5591 1883 5648 tibi

305 5682 606 5748 secundum
642 5684 800 5740 fidem
832 5695 1002 5740 tuam.

383 5795 405 5852 ς
437 5779 496 5833 Et
536 5793 658 5848 cum
692 5779 914 5835 vidisset
960 5780 1120 5836 .lcsus
1179 5787 1600 5842 concurrenlem
1635 5778 1876 5848 turbam,

1997 4577 2061 4630 Et
2095 4577 2339 4632 residens
2375 4576 2586 4630 vocavit
2616 4573 2925 4634 duodecim,
2953 4573 3098 4628 etait
3132 4573 3246 4629 illis
3277 4589 3294 4626 :
3336 4573 3395 4628 Si
3437 4573 3566 4642 quis

1995 4670 2114 4723 vult
2149 4671 2358 4738 primus
2413 4683 2558 4730 esse,
2618 4667 2726 4722 erit
2778 4669 3024 4723 omnium
3085 4669 3446 4735 novissimus,
3507 4678 3563 4721 et

1991 4763 2236 4817 omnium
2291 4760 2560 4816 minister.
2627 4760 2694 4814 Et
2743 4761 3022 4831 accipiens
3069 4777 3322 4830 puerum,
3375 4763 3568 4816 statuit

1990 4867 2114 4906 eum
2148 4851 2202 4906 in
2239 4851 2420 4907 medio
2449 4866 2662 4906 eorum.
2695 4850 2870 4917 Quem
2897 4866 3019 4906 cum
3055 4853 3374 4922 complexus
3397 4859 3567 4915 esset,

1991 4944 2069 4998 ait
2093 4943 2198 4999 illis
2222 4961 2236 4998 :
2261 4943 2520 5014 Quisquis
2565 4957 2730 4998 unum
2765 4957 2830 4997 ex
2858 4942 3171 5009 hujustnodi
3202 4941 3384 5011 pueris
3407 4956 3566 4996 rece-

1990 5039 2134 5108 perit
2161 5037 2212 5091 in
2239 5036 2458 5091 nomine
2485 5050 2628 5102 meo,
2667 5051 2755 5090 me
2775 5037 2992 5108 recipit,
3027 5044 3082 5089 et
3107 5035 3421 5104 quicunque
3481 5049 3566 5087 me

1989 5129 2317 5197 susceperit,
2350 5142 2458 5183 non
2487 5142 2572 5182 me
2602 5129 2854 5198 suscipit,
2877 5129 2972 5183 sed
2998 5142 3122 5181 cum
3154 5127 3247 5196 qui
3278 5140 3364 5180 me
3390 5125 3560 5180 misit.

1989 5218 2293 5291 Respondit
2338 5221 2416 5276 illi
2445 5219 2708 5286 Joannes,
2742 5220 2930 5274 dicens
2965 5235 2980 5272 :
3015 5215 3294 5288 Magister,
3327 5215 3565 5269 vidimus

1986 5313 2275 5382 quemdam
2314 5312 2367 5366 in
2397 5312 2616 5367 nomine
2665 5322 2755 5366 tuo
2793 5311 3103 5380 ejicienlem
3149 5307 3440 5372 daemonia,
3468 5306 3560 5375 qui

1986 5418 2095 5459 non
2120 5402 2373 5473 sequitur
2421 5417 2543 5468 nos,
2571 5412 2628 5458 et
2666 5402 3043 5472 prohibuimus
3071 5413 3221 5456 eum.
3244 5396 3406 5456 Jesus
3465 5413 3563 5454 au-

1989 5505 2099 5552 tem
2131 5497 2209 5551 ait
2244 5510 2260 5551 :
2293 5493 2472 5551 Nolite
2501 5493 2792 5564 prohibere
2816 5507 2965 5547 eum.
2995 5489 3167 5546 Nemo
3189 5499 3274 5546 est
3298 5489 3444 5544 enim
3468 5491 3558 5559 qui

1986 5589 2119 5643 facit
2144 5589 2399 5643 virtutem
2436 5587 2494 5640 in
2517 5588 2741 5642 nomine
2767 5599 2911 5658 meo,
2971 5593 3026 5638 et
3063 5583 3234 5653 possit
3261 5583 3369 5660 cito
3419 5583 3559 5638 male

1984 5681 2132 5750 loqui
2167 5681 2234 5735 de
2275 5695 2383 5735 me.
2435 5680 2538 5745 Qui
2571 5679 2719 5735 enim
2741 5693 2848 5732 non
2877 5685 2963 5732 est
2993 5676 3281 5731 adversum
3312 5689 3426 5740 vos,
3459 5691 3559 5744 pro

1988 5772 2143 5829 vobis
2175 5781 2280 5829 est.
2335 5771 2598 5842 Quisquis
2630 5771 2775 5833 enim
2812 5779 2998 5842 potum
3030 5769 3244 5826 dederit
3278 5768 3432 5826 vobis
3459 5784 3554 5822 ca-
