3934 6200
375 298 486 362 639

1327 307 1389 367 S.
1432 307 1873 368 IIlEllONYMI
1916 310 2239 372 OPERUM
2281 313 2680 373 MANTISSA.

3522 307 3632 371 6ιο

368 412 531 468 licem
581 426 736 482 aqua:
768 413 821 467 in
851 414 1070 469 nomine
1118 429 1261 482 meo,
1328 415 1455 487 quia
1506 417 1711 474 Christi
1760 420 1895 475 estis
1923 463 1938 484 ,
1972 423 2022 481 Α
2051 404 2320 486 exerceri,
2370 424 2439 478 oh
2491 421 2692 477 Christi
2730 433 2971 473 amorem
3002 418 3229 473 dilectos
3266 426 3321 472 et
3356 418 3637 482 proximos

370 519 534 559 amen
573 504 697 560 dico
737 504 913 567 vobis,
958 520 1063 560 non
1092 507 1284 576 perdet
1307 511 1614 564 mercedem
1652 525 1826 565 suam.
1884 512 1948 564 Et

370 597 618 663 quisquis
654 595 1104 649 scaudalizaverit
1140 614 1305 651 unum
1334 615 1398 652 ex
1438 600 1521 655 his
1566 601 1778 670 pusillis
1826 618 1950 656 cre-

374 684 625 738 dentibus
660 683 714 736 in
753 700 858 746 me,
895 683 1094 739 bonum
1118 698 1202 742 est
1238 688 1285 741 ei
1321 689 1494 758 magis
1547 693 1593 744 si
1630 690 1947 745 circumdao

372 785 528 830 retur
564 776 701 827 mola
753 775 985 830 asinaria
1016 777 1157 832 collo
1206 779 1506 847 eius.etiu
1565 797 1717 836 mare
1774 782 1954 836 mitte-

376 879 548 919 retur.
603 864 669 918 Et
699 866 743 920 si
777 868 1232 924 scandalizaverit
1266 882 1318 923 te
1362 888 1556 927 manus
1590 884 1707 937 tua,
1736 874 1954 928 abscin-

375 960 442 1011 de
474 957 637 1010 illam.
686 976 705 1009 »
736 957 795 1012 In
837 959 921 1012 via
956 960 1103 1014 enim
1147 965 1455 1018 tractabant
1487 964 1554 1019 de
1584 967 1898 1035 principatu
1933 980 1948 1017 :

376 1049 571 1104 similis
602 1053 860 1106 tractatio
889 1053 1026 1109 loco.
1070 1052 1416 1125 Principatus
1451 1074 1689 1128 namque
1750 1070 1808 1113 ut
1866 1060 1954 1113 in.

376 1144 638 1209 greditur,
658 1144 739 1199 sic
761 1146 1062 1209 deseritur;
1092 1155 1147 1200 et
1185 1149 1429 1217 quandiu
1453 1159 1694 1214 tenetur,
1718 1151 1920 1206 labitur
1938 1192 1954 1208 .

383 1244 440 1287 et
472 1234 741 1289 incertum
769 1247 852 1289 est
884 1239 933 1290 in
966 1253 1072 1308 qua
1108 1238 1415 1305 mansione,
1482 1241 1532 1294 id
1592 1251 1703 1307 est,
1740 1242 1792 1295 in
1847 1258 1955 1312 qua

322 1340 327 1347 ·
377 1326 461 1380 die
491 1326 732 1383 ﬁniatur.
774 1328 1078 1386 Undedicit
1114 1347 1130 1386 :
1164 1330 1265 1397 Qui
1290 1333 1405 1386 vult
1452 1348 1579 1389 esse
1624 1335 1857 1404 primus,
1901 1343 1960 1390 ut

377 1432 514 1486 puer
536 1419 609 1473 sit
631 1421 879 1475 minister
904 1438 919 1475 :

456 1528 476 1561 ι
520 1510 729 1565 Bunutu
757 1522 839 1566 est
872 1512 966 1567 tibi
996 1512 1226 1569 debilem
1260 1514 1493 1571 introire
1532 1516 1587 1571 in
1621 1518 1810 1583 vitam,
1849 1536 1867 1569 ι
1905 1518 1958 1573 id

380 1609 489 1663 est,
515 1601 633 1655 sine
664 1603 850 1671 cupito
884 1604 1216 1674 principatu.

460 1711 479 1744 ι
526 1694 698 1759 Quam
732 1695 870 1750 duas
902 1713 1095 1752 manus
1126 1700 1412 1754 habentem
1443 1701 1522 1757 ire
1549 1702 1603 1756 in
1630 1703 1957 1773 gehennam,

2052 515 2212 569 nobis
2242 516 2535 586 abnegare.
2566 514 2759 568 Omnis
2799 513 2943 566 enim
2994 511 3213 565 victima
3249 511 3498 565 salietur.
3537 507 3634 561 Vi-

2052 607 2216 660 ctima
2257 605 2472 658 Domini
2525 614 2607 657 est
2660 618 2831 674 genus
2871 604 3191 665 humanum,
3219 600 3363 668 quod
3425 600 3514 653 hic
3547 613 3637 650 ra-

2052 698 2203 751 tione
2247 697 2529 766 sapientia:
2581 696 2812 750 salitur:
2854 693 2980 747 dum
3047 691 3327 760 corruptio
3355 690 3640 759 sanguinis

2053 788 2301 842 custodia
2337 787 2665 856 putredinis,
2702 787 2754 839 id
2784 794 2888 848 est,
2922 793 3099 839 mater
3128 785 3399 838 vermium
3435 798 3641 837 consu-

2055 879 2244 944 mitur,
2277 888 2330 933 et
2359 879 2467 933 illic
2498 878 2811 946 purgatorio
2840 879 2965 946 igne
2996 877 3365 930 examinatur.

2133 992 2152 1024 ι
2194 972 2404 1026 Bonum
2428 982 2511 1025 est
2552 971 2653 1024 sal.
2685 970 2837 1035 Quod
2872 971 2916 1023 si
2945 969 3021 1023 sal
3067 968 3333 1023 insulsum
3369 968 3554 1030 fuerit,
3588 970 3643 1021 in

2054 1078 2163 1132 quo
2199 1062 2328 1118 illud
2362 1060 2669 1116 comlietis?
2705 1080 2724 1112 ι
2764 1060 2855 1113 Sal
2885 1061 3173 1123 insulsum,
3198 1060 3292 1128 qui
3316 1070 3464 1113 amat
3494 1060 3647 1127 prin-

2057 1158 2323 1226 cipatum,
2358 1156 2447 1223 qui
2501 1156 2785 1223 increpare
2825 1168 2931 1206 non
2964 1151 3130 1205 audet
3163 1160 3219 1205 et
3267 1149 3545 1215 conﬁteri,
3577 1165 3648 1206 ne

2058 1248 2124 1300 de
2163 1259 2435 1315 synagoga
2472 1242 2726 1311 ejiciatur
2758 1259 2773 1296 :
2810 1240 3038 1309 dilégens
3083 1239 3312 1309 gloriam
3342 1239 3645 1295 hominum

2057 1335 2253 1406 magis,
2277 1350 2439 1404 quam
2472 1334 2566 1387 Dei
2599 1331 2784 1403 (Joan.
2815 1330 3046 1401 ⁸τιμιθ).

2135 1445 2155 1478 ι
2202 1425 2410 1480 Habete
2462 1425 2515 1477 in
2572 1424 2725 1477 vobis
2780 1422 2884 1487 sal,
2929 1433 2984 1477 et
3041 1437 3231 1491 pacem
3271 1420 3471 1476 habete
3504 1418 3650 1473 inter

2057 1535 2177 1573 vos.
2232 1536 2252 1571 ι
2343 1516 2730 1571 Salsitudinem
2787 1514 3147 1569 correctionis
3204 1530 3361 1568 amor
3408 1513 3649 1581 proximi

2062 1619 2347 1680 temperet,
2371 1619 2426 1664 et
2455 1607 2805 1663 dilectionem
2837 1607 3072 1675 proximi
3103 1606 3183 1659 sal
3237 1605 3468 1675 justiti:
3509 1619 3648 1657 cono

2060 1700 2194 1755 diat.
2233 1700 2298 1754 Et
2325 1700 2378 1753 in
2413 1701 2577 1753 domo
2634 1700 2829 1752 iterum
2883 1698 3135 1766 discipuli
3171 1697 3289 1766 ejus
3342 1698 3652 1765 interroga-

382 1779 438 1833 in
485 1782 661 1851 ignem
714 1785 1234 1852 inexstinguibilem.
1278 1807 1297 1840 ι
1336 1790 1462 1843 Duae
1498 1806 1716 1858 manus,
1756 1793 1961 1861 princi—
1992 1779 2034 1835 Β
2062 1795 2193 1859 bant
2247 1808 2372 1848 eum
2442 1794 2511 1848 de
2549 1791 2765 1847 eodem.
2802 1791 2868 1844 Et
2923 1790 3029 1844 hoc
3060 1789 3278 1859 proprie
3310 1774 3414 1842 :in
3452 1789 3650 1842 iterata

381 1881 542 1943 palus
571 1885 699 1929 sunt
721 1886 775 1929 et
802 1879 1077 1943 superbia.
1103 1880 1378 1935 Absciude
1404 1884 1741 1952 superbiam,
1767 1894 1960 1939 tenens

384 1965 642 2021 humilem
690 1968 1075 2037 principatum.

459 2074 479 2108 ι
521 2053 622 2110 Ubi
655 2059 859 2113 vermis
912 2075 1103 2116 eorum
1142 2079 1251 2118 non
1297 2066 1547 2134 moritur,
1578 2076 1630 2121 et
1676 2069 1818 2138 ignis
1853 2083 1959 2122 non

383 2149 803 2218 exstinguitur.)
842 2152 908 2207 Et
936 2153 981 2209 si
1010 2171 1102 2224 pes
1134 2168 1260 2213 tuus
1291 2167 1341 2213 te
1359 2160 1714 2226 scandalizat,
1740 2170 1961 2231 amputa

385 2241 559 2296 illum.
612 2244 821 2298 Bonum
866 2255 954 2301 est
986 2248 1081 2302 tibi
1113 2248 1364 2304 claudum
1420 2252 1646 2308 introire
1692 2254 1745 2307 in
1796 2254 1962 2307 vitam

382 2344 665 2399 aeternam,
697 2352 857 2405 quam
899 2338 1035 2393 duos
1071 2341 1235 2409 pedes
1269 2342 1584 2404 habentem.
1618 2346 1756 2399 mitti
1787 2345 1839 2399 in
1876 2359 1967 2415 ge-

388 2424 622 2480 hennam
668 2426 807 2493 ignis
846 2426 1354 2496 inexstinguibiiis:
1393 2433 1482 2485 uhi
1530 2435 1730 2487 vermis
1776 2449 1963 2488 eorum

386 2531 495 2569 nntt
551 2514 884 2578 moritur.'et
937 2517 1079 2585 ignis
1132 2536 1237 2575 non
1288 2522 1672 2594 exstinguitur.
1716 2525 1868 2590 Quod
1918 2526 1964 2580 si

387 2606 584 2660 oculus
622 2614 745 2659 tuus
775 2607 1111 2663 scandalizat
1148 2620 1221 2674 te,
1264 2612 1403 2679 ejice
1450 2628 1600 2667 eum.
1642 2613 1851 2669 Bonum
1886 2626 1969 2672 est

390 2698 484 2751 tibi
552 2696 760 2753 luscum
820 2700 1055 2756 introire
1097 2704 1148 2755 in
1204 2718 1427 2773 regnum
1479 2705 1592 2771 Dei,
1631 2724 1792 2778 quant
1828 2710 1966 2764 duos

388 2789 578 2846 oculos
613 2791 903 2848 habentem
933 2795 1073 2850 mitti
1100 2796 1153 2849 iu
1175 2796 1477 2866 gehennam
1507 2799 1648 2869 ignis
1676 2816 1689 2855 :
1724 2801 1815 2857 ubi
1845 2816 1968 2855 ver-

388 2884 495 2939 niis
522 2900 709 2939 eorum
737 2902 843 2941 non
875 2887 1128 2953 moritur,
1155 2899 1205 2944 et
1240 2891 1381 2959 ignis
1403 2906 1505 2945 non
1528 2893 1909 2961 exstinguitur.
1940 2911 1960 2945 ι

389 2972 628 3038 νθιιιιὶε.
659 2985 745 3029 est
791 2977 1129 3032 conscientia
1181 2994 1327 3033 sera.
1369 2979 1533 3050 Ignis,
1564 2995 1725 3050 pinna
1776 2983 1967 3037 incon-

356 3077 678 3123 ismnmata.
720 3066 868 3123 Unde
909 3083 1004 3136 per
1040 3072 1361 3140 prophetam
1394 3071 1597 3126 dicitur
1632 3089 1646 3125 :
1678 3073 1967 3130 Ambulate

390 3159 448 3211 in
483 3158 688 3215 lumine
723 3162 866 3231 ignis
901 3163 1091 3227 vestri,
1120 3175 1176 3218 et
1205 3164 1258 3218 in
1289 3164 1526 3220 ﬂammis
1574 3180 1712 3236 quas
1745 3182 1969 3222 succen-

386 3251 549 3305 distis
582 3252 735 3307 vobis
764 3252 897 3321 (ιω.
936 3270 987 3320 ι,
1024 3255 1133 3323 ll).

471 3361 489 3393 t
533 3342 723 3398 Omnis
757 3346 902 3399 cnim
940 3347 1062 3416 igne
1097 3348 1341 3402 salietur.
1387 3367 1406 3401 ι
1447 3350 1815 3407 Mirediclum
1847 3364 1969 3408 est:

395 3433 540 3499 quod
576 3434 719 3487 enim
775 3436 888 3489 sale
919 3437 1189 3503 conditur,
1216 3440 1414 3493 termis
1437 3442 1771 3510 putredinetn
1801 3458 1972 3499 arcet.

398 3524 552 3591 Quod
587 3542 736 3592 vero,
767 3528 822 3582 id
845 3543 931 3584 est
968 3531 1010 3594 ‘,
1048 3546 1272 3598 asperso
1322 3533 1436 3588 sale
1492 3549 1710 3588 carnem
1749 3552 1975 3605 quaeque

393 3620 672 3674 cmisumit
701 3638 715 3673 :
751 3621 854 3675 hoc
890 3625 1189 3678 secundum
1237 3625 1406 3695 legem
1458 3628 1507 3680 iu
1560 3626 1755 3682 hostiis
1790 3631 1971 3695 liehat,

397 3726 519 3780 quae
558 3711 611 3766 in
644 3712 800 3766 altari
835 3715 1242 3770 cremabantur.
1278 3718 1433 3773 Unde
1467 3720 1519 3772 in
1551 3720 1699 3774 omni
1754 3722 1971 3776 victima

396 3811 455 3856 et
484 3802 772 3869 sactilicio,
791 3804 869 3859 sal
897 3805 1080 3859 olIerri
1106 3818 1435 3876 praeceptum
1458 3816 1540 3861 est
1562 3805 1749 3876 (Leuit.
1775 3825 1835 3875 Il,
1860 3809 1971 3878 13).

401 3894 516 3960 Sal,
547 3895 776 3952 dulcedo
828 3897 1152 3966 sapientiae:
1195 3908 1251 3952 et
1305 3900 1465 3970 ignis,
1506 3899 1747 3970 Spiritus
1804 3902 1974 3955 sancti

403 3988 598 4056 graiia.
626 3990 815 4045 Omnis
846 3991 986 4059 ignis
1017 3992 1261 4057 salietur,
1292 3993 1417 4061 quia
1445 3994 1621 4047 omnis
1651 3994 1858 4049 electus
1886 4012 1975 4048 sa-

402 4081 604 4146 pientia
646 4082 922 4149 conditur,
955 4091 1015 4135 ut
1074 4084 1233 4153 digna
1293 4084 1511 4138 victima
1563 4085 1657 4141 Dei
1713 4086 1977 4141 altaribus

401 4169 688 4223 cﬂicialur.
714 4168 872 4224 Unde
898 4173 1037 4226 bene
1067 4173 1216 4226 addit
1246 4191 1259 4227 :

484 4279 503 4312 ι
543 4261 608 4313 Ει
659 4262 839 4315 cumis
894 4263 1111 4317 victima
1162 4264 1276 4320 sale
1321 4267 1566 4321 satietur.
1607 4285 1625 4317 ι
1682 4268 1780 4323 Ille
1833 4268 1975 4322 enim

406 4366 534 4406 vere
566 4352 783 4405 victima
820 4350 1038 4407 Domini
1081 4364 1185 4420 est,
1220 4356 1312 4423 qui
1346 4370 1547 4426 corpus
1590 4369 1645 4411 et
1677 4359 1914 4413 animum
1948 4374 1977 4411 a

2063 1888 2289 1942 scientia
2339 1886 2489 1940 verbi
2537 1899 2647 1938 non
2682 1884 2981 1946 fastidium,
3009 1882 3103 1937 sed
3145 1880 3377 1935 esuriem
3412 1889 3467 1932 et
3496 1880 3651 1933 sitim

2066 1988 2284 2049 praestat
2313 1995 2327 2030 :
2357 1987 2415 2032 ut
2442 1989 2525 2034 est
2553 1977 2681 2031 illud
2717 1976 3011 2045 Sapientia:
3042 1991 3059 2028 :
3098 1972 3202 2040 Qui
3236 1988 3317 2025 me
3342 1971 3650 2032 comedunt,

2073 2069 2247 2123 adhuc
2261 2070 2514 2127 esuriant,
2539 2077 2587 2123 et
2615 2067 2707 2136 qui
2731 2081 2810 2119 me
2827 2065 3027 2129 bibunt,
3049 2063 3221 2116 adhuc
3238 2061 3417 2114 sitient
3446 2058 3647 2126 (Eccli.

2066 2176 2213 2226 xstv,
2267 2161 2381 2227 29).
2433 2157 2685 2214 Mellillua
2742 2156 3018 2225 sapientia
3062 2153 3272 2223 eloquia
3324 2159 3544 2220 gustata
3572 2150 3657 2204 di-

2067 2253 2342 2322 ligentius,
2374 2252 2752 2306 multimodum
2805 2262 3051 2317 saporem
3109 2246 3363 2300 reddunt.
3419 2242 3655 2309 Quando

2067 2339 2203 2409 pluit
2224 2339 2485 2394 Dominus
2541 2352 2740 2393 manna
2765 2336 2832 2390 ad
2888 2332 3326 2390 manducandum
3377 2334 3481 2389 sub
3536 2332 3655 2387 sole

2066 2430 2372 2501 liquesceus
2416 2440 2474 2484 ut
2531 2445 2677 2493 cera,
2717 2426 2947 2483 reddens
3004 2425 3207 2480 mollita
3239 2426 3405 2487 dicta,
3457 2433 3519 2478 ut
3574 2432 3658 2479 est

2070 2524 2198 2578 illud
2229 2538 2246 2576 :
2280 2520 2328 2574 F
2334 2522 2577 2591 algebunt
2606 2520 2735 2588 iusti
2762 2521 2898 2574 sicut
2934 2518 3017 2573 sol
3044 2520 3101 2572 in
3148 2532 3304 2587 regno
3350 2516 3537 2570 Patris
3566 2531 3657 2568 eo-

2070 2633 2187 2670 rum
2214 2616 2426 2682 (Matth.
2449 2630 2569 2679 ιιιι,
2595 2612 2709 2684 45).
2731 2612 2812 2667 Ad
2836 2612 3011 2680 ignem
3040 2611 3310 2664 duratur:
3342 2618 3422 2671 ut,
3464 2607 3655 2673 Panis,

2070 2723 2161 2762 cor
2203 2708 2423 2761 hominis
2472 2703 2799 2773 conﬁrmans
2832 2688 3006 2773 (Psal.
3030 2718 3147 2768 cm,
3185 2701 3299 2768 l5).
3326 2699 3403 2752 Ad
3432 2713 3658 2766 aspera,

2072 2809 2127 2852 ut
2160 2808 2246 2852 est
2273 2817 2288 2850 :
2315 2796 2373 2853 Si
2400 2799 2517 2867 quis
2549 2796 2661 2851 vult
2692 2805 2809 2863 post
2839 2810 2920 2848 me
2945 2794 3139 2855 venire,
3174 2791 3394 2860 abneget
3422 2789 3661 2856 seipsunt

2071 2892 2193 2956 sibi,
2249 2891 2483 2947 attollat
2537 2905 2746 2944 crucem
2795 2903 2949 2943 suam
2997 2897 3046 2942 et
3102 2893 3353 2955 sequatur
3383 2897 3467 2936 me
3500 2879 3659 2951 (Luc.

2074 3000 2148 3049 nt,
2181 2984 2295 3047 23).

2695 3047 2923 3105 CAPUT
2963 3045 3033 3101 Χ.

2155 3183 2174 3216 ι
2220 3164 2287 3219 Et
2341 3164 2469 3221 inde
2500 3170 2801 3231 exsurgens
2835 3160 2984 3217 venit
3019 3159 3074 3214 in
3112 3160 3247 3213 ﬁnes
3276 3157 3479 3213 inda-te
3516 3157 3663 3212 ultra

2080 3252 2369 3310 Jordanem
2402 3270 2416 3311 :
2450 3264 2502 3306 et
2531 3253 2863 3308 conveniunt
2910 3251 3107 3304 iterum
3145 3248 3317 3302 turba:
3368 3238 3434 3299 ad
3484 3261 3620 3299 eum
3650 3267 3664 3301 :

2080 3356 2135 3401 et
2188 3347 2329 3401 sicut
2372 3353 2757 3406 consueverat,
2791 3344 2990 3398 iterum
3027 3342 3261 3395 docebat
3293 3339 3435 3393 illus.
3465 3338 3537 3392 Et
3572 3353 3666 3391 aco

2080 3439 2337 3493 cedentes
2369 3436 2629 3492 Pharisaei
2660 3435 3065 3505 interrogabant
3097 3447 3223 3488 eum
3254 3450 3268 3486 :
3295 3430 3353 3485 Si
3382 3431 3516 3483 licet
3550 3430 3669 3482 viro

2084 3546 2303 3586 uxorem
2355 3530 2650 3590 dimittere,
2687 3538 2963 3582 tentantes
2999 3542 3144 3580 eum.
3178 3525 3249 3577 At
3298 3523 3389 3578 ille
3435 3537 3669 3591 respon-

2082 3626 2217 3682 dens
2271 3624 2409 3678 dixit
2451 3622 2533 3677 eis
2560 3640 2574 3677 :
2606 3622 2746 3687 Quid
2806 3619 2959 3674 vobis
3019 3617 3273 3684 prmcepit
3301 3610 3528 3668 Moses?
3567 3610 3670 3678 Qui

2082 3718 2339 3771 dixerunt
2368 3714 2579 3769 :Moses
2601 3712 2850 3782 permisit
2872 3710 3116 3765 libellum
3152 3706 3365 3776 repudii
3391 3704 3671 3769 scribere,

2084 3822 2137 3864 et
2164 3810 2459 3863 dimittere.
2482 3808 2693 3873 Quibus
2739 3806 3071 3873 reapondeus
3094 3800 3277 3865 Jesus,
3309 3799 3385 3853 ait
3417 3816 3432 3852 :
3456 3799 3546 3852 Ad
3574 3798 3673 3851 du-

2084 3904 2263 3958 ritiam
2287 3901 2470 3955 cordis
2491 3900 2661 3954 vestri
2685 3898 2905 3966 scripsit
2930 3895 3083 3950 vobis
3129 3902 3463 3963 prmeeptum
3493 3889 3673 3943 istud.

2084 3997 2167 4050 Ab
2219 3996 2374 4048 initio
2411 4000 2590 4046 autem
2641 4000 2906 4044 creatura:
2957 3984 3255 4041 masculum
3291 3994 3346 4038 et
3400 3982 3674 4036 feminam

2085 4090 2211 4146 fecit
2239 4102 2336 4141 eos
2369 4088 2531 4141 Deus.
2562 4083 2789 4152 Propter
2822 4081 2921 4134 hoc
2956 4077 3239 4147 relinquet,
3259 4075 3424 4130 homo
3457 4082 3678 4141 patrem

2086 4195 2247 4235 suum
2282 4185 2338 4232 et
2386 4185 2636 4236 matrem,
2666 4185 2720 4227 et
2757 4167 3057 4225 adhaerebit
3097 4167 3164 4219 ad
3202 4177 3427 4219 uxorem
3464 4176 3633 4215 suam
3659 4175 3677 4212 :

2087 4283 2142 4327 et
2168 4281 2330 4327 erunt
2359 4269 2469 4323 duo
2500 4268 2554 4322 iu
2605 4280 2770 4320 carne
2818 4279 2946 4316 una.
2990 4260 3176 4327 Itaque
3223 4258 3335 4326 jam
3376 4269 3485 4307 non
3548 4262 3683 4307 sunt

2087 4368 2216 4431 duo,
2237 4364 2334 4418 sed
2363 4378 2468 4417 una
2494 4375 2644 4415 caro.
2667 4357 2821 4424 Quod
2850 4369 2979 4422 ergo
3008 4354 3152 4406 Deus
3175 4347 3484 4417 conjunxit,
3508 4346 3683 4400 homo

410 4445 555 4500 vitiis
581 4444 924 4500 emundando
956 4444 1066 4501 Deo
1111 4461 1210 4516 per
1243 4463 1482 4503 amorem
1535 4449 1775 4518 Spiritus
1807 4451 1978 4504 sani-ti
2016 4471 2059 4526 ι)
2091 4473 2196 4513 non
2246 4463 2481 4523 separet.
2518 4470 2538 4505 ι
2627 4448 2884 4504 Pharisaei
2941 4443 3373 4513 interrogabant
3405 4453 3539 4493 eum
3578 4455 3595 4491 :
3634 4437 3681 4490 si

405 4546 724 4602 consecrat;
756 4552 858 4592 nec
890 4539 1004 4593 sale
1039 4542 1372 4611 aspergitur,
1402 4542 1496 4597 sed
1550 4544 1674 4612 igne
1703 4543 1987 4598 consumi-

406 4642 496 4686 tur
529 4650 544 4689 :
580 4634 798 4702 quando
825 4649 932 4688 non
968 4635 1176 4703 peccati
1210 4645 1415 4690 tantum
1446 4637 1698 4706 contagio
1747 4636 1985 4704 pellitur,

405 4729 499 4781 sed
527 4737 583 4781 et
609 4727 894 4798 praesentis
928 4728 1051 4782 vita:
1104 4728 1394 4784 delectatio
1439 4730 1664 4794 tollitur,
1696 4738 1751 4785 et
1794 4730 1990 4784 futurae

405 4819 804 4873 conversationi
838 4826 951 4873 tota
987 4829 1167 4875 mente
1202 4820 1533 4890 suspiratur.
1566 4820 1735 4886 Unde,
1790 4821 1988 4877 Nostra

406 4911 733 4964 conversatio
759 4913 810 4964 in
841 4910 985 4965 caelis
1030 4919 1107 4965 est
1155 4910 1409 4981 (Philipp.
1440 4926 1525 4973 ιιι,
1560 4912 1675 4980 20).
1704 4912 1789 4978 Et,
1824 4912 1987 4967 Obse—

407 5019 495 5057 cro
512 5019 607 5071 per
635 5004 1048 5058 misericordiam
1081 5004 1196 5068 Dei,
1225 5012 1281 5057 ut
1309 5005 1593 5058 exhibeatis
1632 5021 1850 5073 corpora
1903 5021 1990 5060 ve-

409 5106 523 5151 stra
554 5096 729 5166 (Rom.
759 5100 947 5167 xu,l),
962 5107 1071 5152 etc.
1105 5098 1294 5152 Altare
1318 5099 1534 5165 Dei,est
1557 5114 1652 5152 cor
1683 5099 1949 5153 bonorum
1974 5113 1989 5152 :

409 5188 605 5244 hostia:
624 5199 678 5243 et
707 5189 999 5256 sacriﬁcia,
1026 5192 1161 5245 bona
1194 5205 1359 5258 opera
1418 5190 1679 5244 lide‘inm.
1715 5189 1773 5245 In
1810 5188 1991 5244 omni-

411 5266 512 5335 bds
534 5280 820 5339 sacriﬁciis
857 5282 961 5346 sal,
987 5282 1115 5353 quia
1169 5281 1375 5336 nullum
1431 5295 1567 5351 opus
1621 5280 1821 5336 bonum
1873 5282 1992 5335 sine

410 5374 704 5443 sapientia.
753 5375 897 5443 Ignis
932 5375 1201 5431 sacriﬁcia
1254 5375 1306 5430 in
1358 5373 1534 5430 altare
1577 5374 1891 5428 consumit:
1923 5373 1994 5428 de

412 5479 523 5534 quo
547 5466 664 5534 ipse
690 5482 788 5521 nos
816 5468 1109 5538 baptizavit
1154 5466 1360 5538 Spiritu
1388 5476 1578 5521 sancto
1606 5475 1661 5520 et
1686 5467 1807 5535 igne
1838 5463 1990 5533 (Luc.

415 5573 501 5620 ιιι,
533 5557 642 5628 ιιι).
678 5557 821 5629 Ignis
858 5559 1242 5615 tribulationes
1271 5557 1496 5627 respicit
1527 5573 1542 5611 :
1577 5557 1680 5614 hoc
1716 5558 1785 5611 ad
1835 5570 1996 5628 supe-

364 5678 371 5685 ι
419 5648 588 5715 riora,
623 5652 715 5705 ubi
768 5653 1193 5708 scandalizantia
1242 5652 1484 5708 membra
1523 5650 1681 5706 evelli
1723 5658 1992 5720 praecepta

423 5749 599 5795 sunt:
647 5744 772 5811 quia
804 5754 858 5799 et
911 5746 1013 5801 hoc
1071 5734 1152 5801 est
1203 5745 1330 5818 igne
1383 5743 1559 5808 saliri,
1604 5742 1994 5800 tentationihus

2090 4550 2216 4603 licet
2246 4549 2366 4601 viro
2415 4545 2694 4601 dimittere
2738 4554 2959 4594 uxorem
2996 4554 3175 4601 suam,
3213 4542 3487 4589 tentantes
3525 4546 3683 4586 eum.

2091 4640 2220 4694 Item
2258 4646 2380 4707 post
2406 4635 2677 4703 aliquanta
2709 4650 2723 4685 :

2168 4750 2187 4783 ι
2235 4729 2301 4783 Et
2345 4731 2395 4781 in
2445 4726 2608 4781 domo
2663 4718 3158 4787 iterutn'discipuli
3204 4718 3326 4785 ejus
3372 4716 3444 4769 de
3474 4717 3687 4771 eodem

2092 4824 2571 4889 interrogaverunt
2601 4832 2751 4871 eum.
2785 4814 2852 4869 Et
2884 4814 2961 4868 ait
3027 4810 3139 4879 illjs
3165 4826 3181 4865 :
3211 4809 3547 4876 Quicunque
3598 4807 3685 4861 di-

2095 4915 2305 4971 miserit
2339 4925 2559 4966 uxorem
2587 4924 2741 4964 suam
2779 4916 2833 4962 et
2866 4906 3026 4959 aliam
3060 4902 3298 4964 duxerit,
3338 4897 3689 4955 adulterium

2093 5005 2389 5062 committit
2420 5017 2586 5073 super
2628 5016 2769 5057 eam.
2800 4998 2866 5053 Et
2898 4998 2943 5053 si
2995 5011 3131 5051 uxor
3181 4991 3455 5048 dimiserit
3500 4991 3694 5046 virum

2097 5114 2255 5154 suum
2285 5105 2340 5151 et
2378 5094 2469 5149 alii
2503 5093 2767 5163 nupserit,
2796 5090 3122 5146 nitnchatur.
3152 5087 3221 5141 Et
3246 5083 3564 5140 olierebant
3615 5080 3695 5136 illi

2094 5191 2352 5263 parvulos
2388 5197 2447 5243 ut
2477 5195 2724 5257 tangeret
2753 5198 2864 5239 eos.
2921 5180 3181 5251 Discipuli
3224 5186 3406 5233 autem
3443 5174 3697 5231 commi-

2099 5283 2368 5338 uabantur
2386 5279 2763 5337 olierentibus.
2787 5276 2938 5343 Quos
2965 5289 3088 5330 cum
3135 5271 3341 5328 videret
3382 5267 3575 5332 Jesus,
3607 5270 3695 5321 in-

2098 5377 2259 5447 digne
2291 5374 2434 5437 tulit,
2460 5381 2514 5428 et
2553 5373 2632 5427 ait
2678 5370 2786 5426 illis
2813 5385 2830 5425 :
2861 5367 3039 5424 Sinite
3089 5362 3348 5435 parvulus
3387 5361 3593 5417 venire
3625 5360 3698 5413 ad

2100 5481 2208 5531 me,
2251 5474 2310 5519 et
2357 5480 2427 5519 ne
2479 5460 2872 5532 prohibueritis
2896 5472 3037 5513 eos:
3070 5455 3259 5510 talium
3291 5461 3378 5508 est
3409 5450 3568 5506 enim
3605 5465 3697 5503 re-

2098 5572 2264 5627 gnum
2319 5556 2607 5643 caflorum.
2658 5555 2833 5607 Amen
2887 5550 3010 5606 dico
3061 5547 3239 5643 vobis,
3265 5542 3523 5643 quisquis
3583 5557 3695 5643 non

2102 5634 2620 5716 receperit’rcgnum
2659 5645 2754 5699 Dei
2802 5643 2947 5699 velut
2985 5638 3268 5711 parvulus,
3304 5650 3414 5691 non
3450 5634 3695 5690 intrabit

2100 5744 2151 5797 in
2207 5740 2355 5797 illud.
2394 5740 2458 5799 Et
2492 5737 2848 5808 complexam
2898 5748 3015 5799 eos,
3046 5741 3100 5788 et
3154 5731 3438 5799 imponens
3476 5740 3691 5782 manus
