3946 6206
257 336 359 398 641

1355 331 1774 402 EXPUSITIO,
1805 328 1886 395 IN
1929 333 1990 396 S.
2034 327 2384 392 MARCUM.

3413 315 3520 388 642

253 467 420 522 super
451 452 592 517 illos,
624 451 974 508 benedicebat
996 469 1113 508 eos.
1161 453 1228 506 Et
1258 469 1380 508 cum
1412 467 1668 526 egressus
1692 461 1840 508 esset
1865 455 1914 512 Α
1941 463 2057 512 eos,
2087 447 2164 502 ait
2215 446 2322 501 illis
2356 462 2372 502 :
2404 441 2571 500 Scitis
2626 445 2752 513 quia
2787 441 2841 496 hi
2877 441 2966 512 qui
3010 440 3264 495 videntur
3318 439 3518 510 princi-

245 545 304 600 in
333 544 502 608 viam,
544 559 875 615 procurrens
921 547 1141 615 quidam
1167 560 1306 617 genu
1339 545 1476 600 flexo
1516 554 1642 598 ante
1682 561 1828 613 einu,

244 637 477 706 rogabat
517 653 664 703 eum,
685 637 872 693 dicens
899 655 916 697 :
953 637 1211 706 Magister
1239 637 1400 702 bone,
1427 637 1555 708 quid
1632 636 1828 690 faciam

249 737 314 782 ut
351 719 528 782 vitam.
566 739 824 784 :eternam
877 729 1404 799 pereipiarn?Jesus
1465 739 1639 784 autern
1694 728 1831 783 dixit

246 819 300 873 ei
333 835 349 873 :
378 817 516 884 Quid
551 833 638 873 me
665 818 802 874 dicis
854 819 1054 873 bonum
1079 819 1102 872 ’ἔ
1130 817 1304 873 Nemo
1338 820 1509 876 bonus
1538 819 1644 874 nisi
1666 833 1838 873 ‘uuus

250 907 417 964 Deus.
459 907 731 976 Praecepta
776 911 946 963 nostis
981 924 995 963 :
1023 908 1101 964 Ne
1125 911 1466 976 adultereris,
1493 927 1562 966 ne
1587 911 1829 973 occidas,

249 1016 323 1055 ne
353 1001 573 1066 fureris,
607 1015 675 1055 ne
713 1001 907 1056 falsum
938 1003 1306 1058 testimonium
1333 1004 1556 1068 dixeris,
1582 1019 1650 1057 ne
1677 1003 1830 1056 frau—

253 1091 375 1145 dem
425 1091 642 1154 feceris,
679 1093 882 1146 lienora
924 1103 1133 1162 patrem
1188 1105 1337 1148 tuum
1385 1105 1440 1148 et
1475 1103 1726 1148 matrem.
1758 1095 1829 1148 At

251 1183 343 1237 ille
372 1184 732 1252 respondens,
763 1185 838 1238 ait
875 1185 948 1238 illi
982 1204 996 1238 :
1025 1184 1304 1252 Magister,
1351 1186 1466 1240 [nec
1506 1187 1687 1239 0n.nia
1730 1187 1827 1240 ob.

252 1275 464 1326 servavi
498 1290 526 1326 a
547 1273 830 1340 juventutc
865 1290 1004 1328 :nea.
1033 1275 1193 1329 Jesus
1216 1288 1397 1330 autem
1431 1276 1660 1330 intuitus
1679 1291 1824 1342 eum,

251 1366 440 1421 dilexit
496 1382 641 1433 eutu,
670 1377 726 1422 et
781 1367 914 1422 dixit
951 1367 999 1422 ei
1033 1386 1054 1440 ς,
1085 1365 1263 1423 Unum
1311 1368 1408 1422 tibi
1441 1369 1632 1424 deest:
1671 1373 1827 1436 vade,

249 1473 589 1526 quaecunque
625 1457 794 1512 habes
848 1459 1045 1528 vende,
1067 1468 1120 1513 et
1145 1459 1210 1512 da
1263 1462 1618 1530 pauperibus,
1647 1472 1702 1514 et
1730 1462 1829 1514 ha-

251 1548 409 1603 bebis
464 1549 782 1604 thesaurum
819 1550 872 1604 in
909 1551 1048 1607 cmlo
1083 1565 1099 1608 :
1132 1561 1187 1606 et
1245 1552 1386 1614 veni,
1441 1565 1669 1620 sequere
1725 1567 1829 1605 me.

255 1639 358 1707 Qui
388 1644 744 1698 contristatus
770 1643 823 1696 in
855 1643 1044 1710 verbo,
1076 1642 1213 1696 abiit
1239 1658 1495 1697 mmrens.
1524 1641 1653 1697 Erat
1685 1643 1830 1696 enim

257 1733 467 1788 habens
529 1733 726 1789 multas
795 1738 1193 1806 possessiones.
1260 1736 1325 1807 Et
1385 1735 1831 1804 circumspiciens

254 1823 434 1889 Jesus,
470 1825 546 1880 ait
579 1827 857 1896 discipulis
893 1828 1044 1882 suis:
1074 1827 1246 1892 Quam
1294 1827 1510 1882 tliflicile
1546 1829 1637 1896 qui
1667 1841 1829 1896 pecu-
1866 1803 1907 1858 Β

254 1917 378 1971 nias
415 1917 640 1981 habent,
678 1915 731 1970 in
764 1931 986 1985 regnum
1037 1914 1130 1969 Dei
1185 1914 1523 1968 introibuutl
1571 1913 1830 1982 Discipuli

252 2020 438 2061 autem
472 2007 930 2076 obstupescebant
957 2007 1010 2061 in
1042 2007 1224 2062 verbis
1247 2008 1387 2077 ejus.
1418 2009 1486 2060 At
1523 2004 1682 2062 Jesus
1713 2021 1833 2059 rur-

257 2115 355 2152 sus
399 2103 757 2170 respondens,
778 2100 855 2154 ait
890 2099 996 2154 illis
1026 2115 1041 2156 :
1081 2098 1464 2167 Fil.oli,quam
1500 2099 1714 2154 diliicile
1748 2108 1834 2154 est

256 2191 591 2246 confidentes
640 2193 695 2246 in
751 2192 996 2262 pecuniis
1048 2191 1102 2245 in
1157 2208 1379 2261 regnum
1434 2192 1526 2246 Dei
1561 2192 1828 2247 introire!

265 2282 504 2339 Facilius
557 2292 644 2340 est
691 2284 954 2340 camelum
985 2301 1078 2354 per
1107 2284 1354 2338 foramen
1395 2300 1524 2338 acus
1578 2283 1830 2350 transire,

265 2393 426 2448 quam
463 2379 684 2433 divitem
743 2381 950 2432 intrare
1008 2381 1060 2432 in
1117 2393 1340 2446 regnum
1390 2375 1633 2442 Dei.Qni
1663 2377 1833 2445 magis

266 2471 696 2534 admirabantur,
721 2473 964 2526 dicentes
998 2473 1064 2524 ad
1098 2468 1462 2539 semetipsos:
1493 2467 1558 2521 Et
1583 2470 1704 2537 quis
1737 2483 1834 2537 pu-

259 2569 367 2615 test
393 2562 574 2614 salvus
603 2561 724 2615 ﬁeri
751 2561 774 2614 ?
805 2561 870 2614 Et
903 2561 1121 2616 intuens
1153 2560 1274 2614 illos
1305 2559 1492 2626 Jesus,
1525 2563 1600 2613 ait
1633 2575 1648 2614 :
1679 2559 1834 2626 Apud

255 2655 505 2708 homines
561 2653 899 2723 impossibile
950 2663 1058 2720 est,
1092 2655 1188 2710 sed
1241 2669 1347 2708 non
1401 2651 1547 2722 apud
1613 2651 1832 2718 Deum;

257 2748 440 2801 omnia
487 2747 635 2801 enim
669 2747 952 2818 possibilia
1003 2755 1130 2800 sunt
1174 2747 1311 2815 apud
1357 2743 1544 2800 Deum.
1577 2741 1645 2798 Et
1670 2744 1835 2812 coepit

259 2836 312 2891 ei
363 2835 554 2892 Petrus
587 2840 769 2894 dicere
801 2855 817 2892 :
847 2837 985 2892 Ecce
1031 2853 1130 2892 nos
1173 2837 1484 2891 dimisimus
1545 2835 1749 2898 omnia,
1781 2843 1836 2888 et

257 2932 431 2983 secuti
460 2945 647 2986 sumus
673 2940 748 2984 te.
787 2931 1140 2998 Respondeas
1171 2927 1330 2984 Jesus
1359 2929 1432 2982 ait
1463 2947 1478 2982 :
1509 2928 1681 2981 Amen
1711 2930 1832 2983 dico

259 3022 435 3091 vobis,
467 3037 622 3078 nemo
651 3033 734 3079 est
765 3023 856 3094 qui
889 3023 1171 3092 reliquerit
1200 3023 1442 3085 domum,
1472 3030 1566 3075 aut
1613 3019 1832 3084 fratres,

1937 540 2054 609 pari
2089 538 2364 610 gentibus,
2391 537 2742 592 dominantur
2771 535 2870 600 eis,
2904 545 2961 589 et
3004 534 3280 604 principes
3330 548 3518 588 eorum

1936 639 2258 700 potestatem
2291 630 2490 684 habent
2527 630 2794 696 ipsorum.
2865 625 2983 682 Non
3027 630 3101 682 ita
3134 639 3215 682 est
3245 635 3427 682 autem
3461 625 3518 680 in

1937 723 2092 778 vobis
2123 739 2138 777 :
2167 722 2261 778 sed
2287 722 2600 793 quicunque
2631 721 2861 775 voluerit
2904 720 3022 776 fieri
3052 720 3248 790 major,
3283 721 3386 774 erit
3418 734 3518 772 ve-

1934 823 2047 870 ster
2079 814 2351 880 minister,
2374 822 2426 868 et
2466 815 2783 883 quicunque
2835 813 3067 868 voluerit
3099 815 3150 867 in
3197 813 3352 868 vobis
3395 815 3515 884 pri-

1934 922 2058 962 mus
2086 921 2226 971 esse,
2255 905 2360 960 erit
2388 905 2630 961 omnium
2665 921 2875 960 servus.
2905 903 3040 958 Nam
3073 917 3128 960 et
3159 907 3308 962 Ftius
3338 909 3516 964 homi-

1937 999 2020 1052 nis
2055 1013 2164 1052 uon
2229 999 2380 1052 venit
2428 1007 2485 1052 ut
2526 1000 2932 1054 ministraretur
2965 1001 3040 1062 ei,
3094 1000 3189 1055 sed
3245 1009 3304 1054 ut
3358 1003 3518 1054 mini-

1940 1099 2163 1149 Straret,
2191 1098 2244 1143 et
2288 1089 2448 1143 daret
2494 1089 2730 1143 animam
2768 1106 2925 1146 suam
2963 1091 3390 1160 redemptionem
3423 1108 3518 1161 pro

1938 1181 2143 1234 multis.
2193 1199 2210 1231 I
2241 1182 2298 1236 Id
2331 1191 2432 1247 est,
2467 1182 2536 1236 de
2573 1185 2813 1255 conjugii
2864 1195 3033 1252 statu,
3096 1187 3241 1240 sicut
3285 1201 3518 1256 sequens

1935 1273 2234 1341 capitulum
2269 1273 2470 1329 indicat
2495 1291 2508 1327 :
2537 1274 2602 1330 Et
2636 1279 2766 1330 dicit
2815 1278 2922 1334 illis
2967 1293 2984 1336 :
3023 1297 3043 1331 r
3089 1279 3411 1348 Quicunque
3438 1281 3520 1334 di-

1938 1363 2148 1419 miserit
2177 1381 2408 1420 uxorem
2447 1383 2628 1430 suam,
2667 1386 2685 1419 ι
2714 1378 2767 1423 et
2802 1370 3033 1439 reliqua.
3069 1370 3175 1425 Sed
3209 1373 3354 1440 quod
3384 1372 3518 1426 dicit

1939 1454 2153 1509 Marcus
2191 1470 2206 1511 :
2251 1474 2268 1507 ι
2312 1455 2515 1511 lterum
2573 1457 2823 1528 discipuli
2873 1461 2986 1529 ejus
3040 1461 3518 1530 interrogaverunt

1935 1563 2058 1602 eum
2095 1565 2112 1614 ;
2149 1568 2168 1600 ι
2220 1565 2327 1603 non
2371 1551 2624 1619 discipuli
2686 1553 3162 1622 interrogaverunt
3207 1556 3379 1624 prius,
3421 1559 3514 1608 setl

1936 1640 2216 1696 Pharismi.
2289 1641 2396 1698 Sed
2458 1645 2696 1698 secumla
2759 1647 3116 1716 Interrogatio
3151 1648 3216 1702 ab
3269 1649 3410 1712 aliis,
3465 1649 3517 1702 id

1938 1744 2022 1784 est
2076 1733 2144 1784 ab
2183 1732 2462 1800 apostolis,
2494 1734 2688 1786 iterum
2723 1734 2865 1790 dicta
2899 1744 2982 1790 est
3014 1739 3080 1792 de
3115 1737 3306 1792 eadem
3339 1753 3418 1804 re,
3450 1739 3520 1793 de

1937 1837 2044 1894 qua
2079 1822 2336 1878 Pharisaei
2379 1839 2502 1878 eum
2537 1825 3030 1898 interrogaverunt.

2011 1935 2028 1967 ι
2076 1917 2141 1970 ΕΙ.
2178 1921 2401 1972 veniunt
2428 1917 2667 1976 Jericho.
2708 1939 2727 1972 ι
2757 1919 2999 1988 Jericlio,
3027 1924 3174 1989 luna,
3208 1926 3326 1981 sive
3379 1943 3518 1981 ana-

1935 2011 2108 2064 thema
2166 2011 2554 2078 interpretatur
2595 2029 2607 2064 :
2646 2015 2788 2082 quod
2839 2019 3086 2086 congruit
3147 2021 3386 2088 passioni
3424 2037 3522 2091 ap-

1935 2103 2343 2170 propinquanti.
2375 2101 2627 2158 Defectus
2660 2121 2894 2174 namque
2938 2109 3118 2162 caruis
3143 2109 3368 2177 Christi,
3393 2129 3520 2167 neo-

1938 2195 2112 2248 menia
2143 2206 2224 2248 est
2269 2195 2511 2250 ccclesiis
2562 2196 2887 2252 Jerusalem.
2929 2197 3084 2254 Unde
3116 2199 3336 2257 Jericho
3366 2206 3523 2259 desc-

1938 2295 2141 2349 rentes,
2171 2283 2543 2356 Jerosolymae,
2581 2288 2631 2340 id
2674 2299 2778 2352 est,
2803 2289 2995 2342 visioni
3025 2291 3173 2358 pacis
3219 2295 3518 2364 appropiuo

1936 2387 2130 2444 quatit.
3260 2359 3305 2363 7—
3391 2359 3409 2364 —
3467 2359 3478 2394 '

2013 2484 2031 2518 ι
2071 2468 2132 2522 Et
2167 2468 2544 2538 proficisceute
2571 2485 2636 2525 eo
2661 2470 2727 2526 de
2757 2469 2979 2526 Jerieho
3005 2484 3058 2528 et
3079 2473 3356 2543 discipulis
3376 2476 3520 2546 ejus,

1935 2566 1991 2611 et
2046 2560 2276 2625 plurima
2327 2559 2897 2632 multitudine,pfilius
2953 2561 3138 2618 Timaei
3197 2564 3518 2622 Bartimazus

1935 2664 2110 2702 caecus
2143 2651 2366 2704 sedebat
2397 2650 2551 2719 juxta
2580 2652 2720 2705 viam
2751 2655 3088 2710 mendicans.
3133 2675 3152 2709 ι
3189 2656 3390 2724 Quinta
3419 2661 3518 2715 de-

1935 2743 2076 2797 cinia
2128 2744 2328 2797 virtute
2382 2744 2725 2798 illumitlatur
2771 2761 2973 2800 cacus.
3016 2746 3248 2803 Caecitas
3303 2766 3334 2804 θ
3366 2763 3520 2820 parte

1935 2829 2076 2884 facta
2110 2827 2315 2885 Judzeis
2348 2831 2718 2888 illustrabitur
2751 2834 2806 2888 in
2843 2836 2972 2901 fine,
2991 2840 3205 2899 quando
3231 2843 3312 2896 eis
3345 2843 3520 2898 mittet

1935 2921 2108 2976 Ellam
2141 2923 2478 2991 prophetam.
2509 2943 2528 2976 ι
2558 2924 2718 2980 Juxta
2749 2929 2908 2982 'viam
2976 2932 3310 2989 mendicans.
3347 2951 3364 2986 ι
3411 2934 3517 3001 Qui

1944 3011 2286 3083 Scripturam
2339 3027 2644 3083 conservat,
2701 3032 2802 3074 nec.
2858 3021 3114 3090 complet,
3159 3024 3315 3094 juxta
3375 3026 3519 3082 viam

262 3123 362 3168 aut
401 3130 640 3179 sorores,
694 3126 786 3169 aut
825 3125 1055 3184 patrem,
1084 3124 1177 3167 aut
1227 3123 1481 3178 matrem,
1526 3125 1620 3165 aut
1667 3113 1828 3174 filios,
1861 3135 1904 3192 α
1939 3106 2250 3160 mendicans
2278 3109 2468 3162 esurit.

266 3214 364 3258 aut
392 3218 551 3275 agros
592 3214 812 3274 propter
859 3220 966 3270 me,
997 3216 1050 3258 et
1079 3216 1300 3273 propter
1341 3203 1718 3273 Evangelium,
1742 3204 1832 3272 qui

266 3312 376 3352 non
403 3299 631 3367 accipiet
672 3297 881 3352 centies
921 3305 1128 3352 tantum
1164 3312 1307 3350 nunc
1339 3298 1389 3349 in
1431 3307 1674 3364 tempore
1708 3296 1834 3358 huc,

271 3389 488 3456 domos,
517 3401 572 3444 et
605 3393 823 3454 fratres,
870 3399 924 3443 et
969 3405 1208 3451 sorores,
1238 3398 1292 3441 et
1335 3395 1563 3450 matres,
1585 3394 1637 3440 et
1676 3385 1835 3451 lilios,

260 3491 315 3536 et
343 3497 499 3551 agros
539 3498 660 3536 cum
716 3481 1294 3550 persecutionibus,‘et
1329 3480 1380 3533 in
1411 3478 1612 3534 saeculo
1651 3475 1836 3530 futuro

261 3577 427 3628 vitam
459 3586 742 3630 :eternam.
765 3573 915 3627 Multi
941 3583 1120 3626 autem
1155 3581 1316 3626 erunt
1347 3571 1504 3639 primi
1529 3568 1835 3631 novissimi,

257 3675 316 3719 et
340 3667 622 3720 novissimi
655 3665 830 3736 primi.
860 3663 1029 3717 Erant
1057 3674 1238 3718 autem
1275 3663 1330 3715 in
1367 3662 1450 3714 via
1477 3661 1836 3714 ascendentes

266 3757 720 3828 Hierosolymam,
741 3767 794 3812 et
824 3756 1161 3826 praecedebat
1200 3754 1319 3808 illos
1339 3751 1493 3807 Jesus
1522 3767 1536 3806 :
1562 3759 1617 3806 et
1651 3761 1836 3820 stupe-

267 3847 420 3911 bant,
463 3857 518 3902 et
552 3856 838 3915 sequentes
889 3845 1170 3898 timebant.
1202 3841 1268 3896 Et
1305 3857 1591 3896 assumens
1641 3843 1836 3894 iterum

265 3941 574 4004 duodecim,
595 3939 759 4009 coepit
787 3937 895 3994 illis
922 3937 1106 3992 dicere
1131 3951 1250 4007 qua:
1275 3944 1459 3990 essent
1489 3929 1536 3988 ei
1566 3945 1788 3986 ventura
1821 3946 1836 3986 :

268 4033 409 4099 Quia
443 4047 570 4085 ecce
604 4031 947 4084 ascendimus
976 4027 1426 4098 Hierosolymam,
1461 4035 1513 4079 et
1545 4024 1713 4079 Filius
1743 4025 1840 4076 hov

267 4124 432 4178 minis
470 4125 712 4178 tradetur
734 4121 1084 4192 .priucipibus
1118 4119 1483 4182 sacerdotum,
1513 4127 1570 4171 et
1620 4115 1836 4180 scribis,

264 4228 320 4272 et
356 4215 669 4272 senioribus
701 4233 714 4269 τ
741 4226 796 4270 et
829 4215 1163 4270 damnabunt
1211 4227 1332 4267 eum
1386 4221 1557 4266 morte
1586 4225 1602 4269 :
1629 4218 1685 4263 et
1724 4218 1836 4261 tra-

261 4310 397 4364 dent
415 4325 538 4363 eum
568 4310 839 4380 gentibus,
859 4319 911 4362 ct
935 4307 1160 4360 illndent
1178 4306 1250 4370 ei,
1272 4315 1328 4361 et
1356 4311 1660 4372 conspuent
1686 4316 1834 4367 eum,

265 4412 319 4456 et
350 4402 696 4470 ﬂagellabant
747 4415 894 4464 eum,
925 4411 980 4454 et
1013 4399 1344 4453 interlieieut
1376 4413 1500 4452 eum
1530 4412 1546 4450 :
1577 4404 1632 4450 et
1679 4396 1836 4450 tertia

2019 3212 2038 3246 ι
2083 3196 2184 3261 Qui
2211 3211 2332 3250 cum
2359 3197 2602 3252 audisset
2655 3201 2778 3268 quia
2810 3200 2968 3258 Jesus
2999 3199 3313 3261 Nazarenus
3345 3217 3516 3279 esset,

1939 3289 2104 3354 coepit
2132 3288 2369 3343 clamare
2400 3301 2455 3344 et
2486 3292 2708 3345 dicere:
2745 3289 2845 3347 Fili
2877 3293 3042 3349 David
3086 3295 3235 3364 Jesu,
3261 3301 3521 3358 miserere

1941 3382 2067 3432 mei.
2111 3396 2130 3430 ι
2173 3379 2276 3434 Per
2309 3382 2499 3437 merita
2540 3385 2996 3452 patriarcharum,
3022 3385 3285 3445 Judaicus
3316 3393 3520 3448 illumi-

1941 3479 2103 3524 natur
2145 3472 2400 3540 populus.
2425 3473 2522 3529 Cui
2571 3475 2888 3532 misericors
2921 3489 2978 3534 et
3007 3481 3300 3537 miserator
3339 3483 3522 3541 Dor-.i-

1941 3575 2044 3614 nus
2091 3563 2278 3616 adest:
2313 3563 2629 3619 illiuniuaus
2688 3583 2885 3635 cacas,
2912 3572 3129 3640 erigens
3188 3574 3368 3639 elisos,
3396 3577 3518 3630 diti-

1940 3666 2072 3720 gens
2127 3667 2409 3721 pauperes,
2465 3657 2783 3714 custodiens
2855 3661 3094 3720 advenas
3152 3663 3332 3734 (Prol.
3393 3684 3517 3734 xu,

1941 3739 1996 3805 ε.
2034 3741 2111 3811 9).

2019 3851 2037 3884 ι
2087 3833 2152 3888 Ει
2181 3836 2652 3891 comminabautur
2695 3839 2770 3894 illi
2802 3841 2955 3896 multi
2981 3852 3036 3897 ut
3066 3853 3293 3903 taceret.
3326 3850 3396 3905 At
3425 3851 3518 3908 ile

1944 3930 2113 3985 multo
2146 3934 2316 4001 magis
2339 3935 2607 3988 clamabat
2634 3952 2648 3963 ⁸
2684 3934 2784 3989 Fili
2816 3936 3009 4005 David,
3038 3939 3299 3994 miserere
3334 3944 3461 3998 mei.
3492 3963 3512 3998 ι

1944 4023 2170 4079 Peccata
2201 4037 2254 4079 et
2283 4028 2545 4082 dtemonia
2603 4039 2959 4098 compescunt
2989 4033 3280 4088 clamorem
3318 4053 3518 4107 paupe-

1946 4116 2040 4180 ris,
2059 4131 2216 4184 quem
2245 4119 2519 4174 exaudivit
2545 4122 2826 4177 liominus.
2864 4141 2883 4172 ι
2907 4123 2972 4176 At
3003 4123 3094 4178 ille
3119 4127 3290 4197 magis
3312 4129 3520 4181 clama-

1954 4210 2103 4265 bat.»
2137 4209 2547 4280 IngraVescente
2571 4213 2938 4276 bello,manus
2952 4215 3016 4270 ad
3047 4218 3276 4285 lapidem
3307 4219 3520 4289 adjuto-

1942 4301 2030 4366 rii,
2054 4300 2158 4356 hoc
2181 4309 2283 4364 est,
2305 4298 2488 4358 Jesutu
2505 4300 2996 4370 Nazareuum,cum
3015 4307 3252 4364 clamore
3273 4310 3514 4367 levandae

1945 4405 2083 4448 sunt.

265 4499 352 4550 die
385 4455 654 4560 resurget.
695 4491 760 4546 Et
795 4492 1060 4548 accedunt
1093 4491 1161 4545 ad
1192 4487 1567 4545 eumJacobus
1595 4498 1649 4544 et
1670 4487 1838 4544 Joan-
1871 4489 1920 4544 ι)
2022 4505 2041 4538 r
2082 4487 2150 4540 Et
2182 4455 2334 4542 stans
2377 4485 2542 4550 Jesus
2593 4493 2847 4559 prmeep'tt
2881 4490 3032 4546 illum
3065 4496 3270 4548 vocari.
3327 4494 3393 4552 Et
3423 4510 3519 4552 vo.

265 4603 363 4640 nes
407 4586 502 4638 filii
555 4583 820 4648 Zebedasi,
870 4585 1108 4638 dicentes
1159 4595 1175 4634 :
1243 4581 1516 4651 Magister,
1565 4581 1838 4645 volumus,

267 4689 330 4734 ut
382 4677 749 4748 quodcunque
807 4677 1144 4746 petierimus,
1191 4675 1360 4730 facias
1417 4676 1595 4728 nobis.
1639 4672 1708 4726 At
1754 4671 1843 4726 ille

263 4773 406 4824 dixit
459 4770 539 4823 eis
566 4781 586 4825 :
617 4767 759 4834 Quid
819 4767 980 4822 vultis
1019 4776 1077 4821 ut
1111 4767 1307 4820 faciam
1343 4765 1496 4819 vobis
1521 4764 1546 4818 τ
1573 4763 1639 4818 Et
1690 4762 1843 4817 dixe-

265 4871 394 4915 runt
423 4877 438 4915 :
469 4857 542 4912 Da
579 4859 737 4914 nobis
771 4867 830 4912 ut
864 4874 1002 4912 unus
1033 4857 1098 4911 ad
1130 4857 1406 4912 dexteram
1435 4867 1603 4922 tuam,
1626 4866 1676 4910 et
1703 4853 1843 4908 alius

262 4955 334 5008 ad
363 4953 639 5008 sinistram
671 4961 818 5004 tuam
872 4952 1156 5004 sedeamus
1203 4949 1256 5002 in
1318 4948 1489 5017 gloria
1538 4955 1652 5001 tua.
1683 4944 1842 4999 Jesus

263 5055 450 5100 autem
476 5045 552 5097 ait
584 5046 699 5098 eis:
728 5039 956 5097 Nescitis
984 5039 1113 5111 quid
1141 5040 1376 5110 petatis:
1411 5041 1635 5107 potestis
1659 5036 1844 5091 bibere

260 5141 494 5196 calicem
537 5155 697 5210 quem
745 5153 847 5210 ego
895 5136 1058 5200 bibo,
1105 5145 1200 5188 aut
1254 5135 1544 5204 baptismo,
1585 5149 1690 5202 quo
1743 5146 1844 5201 ego

257 5233 518 5300 baptizor
557 5233 816 5300 baptizari
843 5228 868 5281 7
905 5228 973 5283 At
1003 5227 1080 5282 illi
1128 5229 1382 5282 dixerunt
1405 5226 1454 5280 ei
1480 5242 1494 5279 :
1522 5223 1841 5278 Possumus.

257 5323 428 5378 Jesus
483 5332 658 5376 autem
709 5321 785 5376 ait
838 5321 918 5376 eis
948 5339 964 5376 :
994 5320 1230 5375 Calicem
1263 5319 1503 5386 quidem,
1543 5331 1704 5386 quem
1745 5330 1844 5384 ego

261 5418 419 5479 bibo,
455 5415 651 5470 hibetis
679 5453 694 5477 ,
725 5423 781 5467 et
810 5412 1096 5483 baptismo,
1124 5428 1234 5481 quo
1267 5425 1369 5480 ego
1399 5409 1668 5478 baptizor,
1713 5408 1844 5475 bap-

260 5509 572 5564 tizabimint
601 5523 617 5561 :
659 5505 848 5560 sedere
881 5515 1063 5558 autem
1107 5507 1173 5556 ad
1217 5505 1493 5557 dexteram
1529 5516 1728 5561 meam,
1762 5499 1845 5554 vel

259 5600 338 5652 ad
365 5597 667 5662 sinistram,
698 5612 803 5649 non
830 5604 916 5650 est
946 5609 1123 5648 meum
1156 5591 1287 5646 dare
1320 5592 1497 5655 vobis,
1522 5593 1616 5646 sed
1648 5591 1846 5660 quibus

257 5703 523 5767 paratum
562 5700 663 5746 cst.
713 5688 786 5742 Et
812 5688 1094 5743 audientes
1143 5684 1352 5748 decem,
1379 5693 1662 5754 cmperunt
1706 5683 1844 5736 iudi-

259 5786 426 5859 επιεικὶ
463 5789 530 5843 de
581 5783 786 5842 Jacobo
840 5791 895 5840 et
949 5780 1175 5837 Joanne.
1229 5775 1388 5864 Jcsus
1421 5787 1598 5834 autem
1637 5793 1842 5835 vocans

1947 4590 2070 4632 eant
2099 4595 2320 4644 caecum,
2355 4581 2594 4636 dicentes
2624 4581 2674 4636 ei
2699 4599 2712 4634 :
2734 4584 3106 4654 Atlitnmquior
3139 4600 3258 4642 eSto
3295 4603 3523 4660 :surge,

1946 4679 2101 4724 vocat
2134 4683 2204 4724 te.
2251 4691 2268 4722 ι
2308 4673 2480 4738 Quam
2510 4675 2844 4730 cenvcnieus
2887 4686 2971 4730 est
2999 4679 3132 4732 ordo
3167 4679 3394 4734 Salutis:
3423 4697 3523 4734 au-

1945 4764 2176 4818 dirimus
2207 4770 2400 4834 primo,
2430 4767 2626 4822 deinde
2673 4769 2994 4835 clamamus,
3025 4784 3206 4840 postea
3240 4790 3517 4840 vocaumr,

1944 4865 2219 4925 postremo
2267 4860 2560 4925 surgimus.
2592 4861 2858 4916 Audimus
2905 4880 3001 4931 per
3048 4867 3360 4934 prapltetas,
3401 4867 3514 4920 cla-

1945 4965 2154 5004 mantus
2177 4967 2271 5019 per
2297 4952 2476 5017 iidem,
2502 4969 2760 5006 vocamur
2795 4971 2890 5022 per
2921 4958 3218 5025 apostolos,
3243 4957 3515 5026 surgimus

1944 5058 2038 5112 per
2084 5043 2480 5112 pwuiteutiam,
2517 5045 2766 5100 exuimur
2804 5064 2901 5118 per
2945 5050 3296 5118 baptismum,
3349 5049 3519 5102 inter-

1946 5148 2196 5201 rogamnr
2231 5151 2327 5202 per
2361 5135 2718 5192 voluntatem.
2755 5138 2914 5194 Unde
2946 5139 3188 5207 sequitur
3216 5157 3230 5194 :

2023 5243 2042 5277 ι
2089 5225 2190 5290 Qui
2248 5227 2494 5296 projerto
2532 5230 2861 5284 vestimento
2913 5247 3034 5295 suo,
3067 5231 3324 5287 exsiliens
3371 5233 3520 5286 venit

1945 5319 2012 5372 ad
2039 5334 2184 5374 eum.
2229 5319 2293 5373 Et
2325 5325 2660 5390 respondens
2688 5319 2868 5388 Jesus,
2915 5325 3048 5378 dixit
3085 5323 3179 5377 illi.
3223 5343 3242 5376 ι
3281 5324 3518 5380 Exsilire

1945 5409 2121 5466 nudus
2155 5415 2320 5467 veteri
2376 5413 2596 5469 homine
2641 5417 2880 5470 dicitur:
2912 5427 2970 5470 ut
3011 5417 3268 5472 hinnulus
3317 5418 3521 5471 saliens

1944 5519 2106 5572 super
2127 5505 2316 5570 colles,
2341 5508 2604 5561 exsilieus
2629 5523 2794 5576 super
2821 5519 3070 5563 nioutes:
3106 5510 3392 5580 segnitiam
3421 5510 3517 5564 de-

1945 5614 2174 5668 ponens,
2219 5601 2578 5668 patriarchas,
2609 5601 2922 5670 pr0pbetas,
2946 5615 3000 5656 et
3048 5603 3324 5673 apostolos
3358 5604 3409 5656 iu
3437 5601 3514 5656 al-

1945 5695 2016 5746 tis
2039 5693 2418 5758 considerans,
2451 5698 2518 5747 ad
2543 5709 2778 5762 superna
2811 5710 2870 5750 se
2900 5696 3162 5750 extendit.

2018 5799 2039 5836 ι
2081 5785 2220 5850 Quid
2285 5784 2379 5841 tibi
2431 5784 2510 5842 vis
2565 5785 2866 5844 faciam?»
2927 5788 3292 5847 Considerans
3355 5786 3560 5866 Jesus,
