3946 6206
416 282 521 345 643

1364 276 1422 341 S.
1465 278 1913 340 HIERONYMI
1956 280 2277 339 OPEBUM
2322 276 2725 342 MANTISSA.

3570 274 3676 349 64).

417 402 721 462 promptam
756 394 1107 457 voluntatem,
1140 396 1500 464 completionc
1528 394 1780 448 desiderii
1807 410 1987 449 retnu-
2026 405 2062 454 Α
2093 396 2194 447 etsi
2249 410 2354 449 non
2406 406 2530 450 sunt
2599 397 2879 460 deorsum,
2914 396 2966 449 in
3030 404 3138 467 quo
3178 396 3319 451 sedit
3368 398 3673 458 Dominus:

420 496 595 541 uerat.
634 486 788 541 Unde
817 497 868 540 et
901 486 1036 540 alias
1062 487 1194 540 dicit
1226 505 1241 540 :
1269 486 1435 539 Omne
1457 486 1801 554 quodcunque
1829 486 1996 552 petic-

420 580 532 632 ritis
557 579 611 631 in
637 580 898 644 oratione,
934 578 1227 641 credentes.
1278 579 1542 644 accipietis
1572 577 1799 646 (Matth.
1834 592 1991 642 xxxt,

416 669 530 737 2:2).

492 779 509 811 ι
552 760 736 814 Caseus
767 770 946 814 autem
981 760 1114 814 dixit
1146 762 1192 815 ei
1225 778 1238 814 :
1290 760 1556 823 Rabboni,
1587 770 1643 815 ut
1690 760 1919 817 videam.
1967 780 1985 811 ι

418 852 594 906 Unum
626 852 761 920 petit
788 868 814 902 a
851 852 1103 917 Domino,
1169 854 1268 906 hoc
1322 853 1572 921 requirit,
1606 863 1663 905 ttt
1695 853 1869 905 videat
1902 868 1992 906 vo-

419 942 679 995 luntatem
738 943 946 995 Domini
989 959 1005 1009 ;
1044 953 1098 996 et
1133 943 1256 997 inde
1299 944 1487 996 videns
1526 943 1706 997 visitet
1730 943 1990 1012 templum

416 1037 552 1100 ejus.
588 1033 741 1087 Unde
766 1035 1057 1104 sequitur:

490 1144 507 1175 ι
551 1125 713 1181 Jesus
753 1137 932 1179 autem
967 1128 1041 1181 ait
1069 1127 1142 1181 illi
1174 1146 1189 1183 :
1217 1124 1384 1192 Vade,
1415 1124 1548 1183 ﬁdes
1574 1139 1662 1182 tua
1701 1137 1751 1183 te
1785 1127 1989 1181 salvum

415 1216 562 1269 fecit.
602 1216 667 1270 Et
723 1216 1008 1271 confestim
1077 1219 1229 1282 vidit,
1279 1230 1334 1271 et
1392 1220 1722 1285 sequebatur
1751 1235 1875 1273 eum
1935 1220 1988 1273 in

414 1309 521 1361 via.
572 1327 589 1360 ι
630 1312 683 1361 ιιι
718 1311 799 1362 via
862 1326 1036 1363 rancus
1095 1311 1454 1377 mendicabat,
1506 1326 1627 1380 quae
1676 1312 1847 1365 dicit:
1881 1311 1989 1381 Ego

411 1418 526 1453 sunt
577 1399 694 1465 Via,
742 1402 939 1457 Veritus
969 1416 1017 1455 et
1064 1403 1180 1456 Vita
1240 1402 1422 1472 (Juan.
1460 1419 1569 1467 xtv,
1615 1402 1693 1471 6).
1754 1402 1878 1457 Hzec
1909 1415 1990 1459 est

411 1492 496 1544 via
534 1502 786 1561 angusta,
839 1507 957 1561 quas
1007 1493 1159 1547 ducit
1202 1494 1266 1547 ad
1298 1495 1469 1548 ardua
1522 1493 1896 1564 Jcrosolymte,
1936 1505 1990 1549 et

412 1583 705 1648 Bethanias,
734 1585 798 1637 ad
829 1595 1070 1639 montem
1120 1584 1415 1651 Olivarum,
1440 1587 1531 1656 qui
1571 1595 1657 1642 est
1703 1600 1856 1640 mons
1907 1586 1991 1640 lu-

413 1675 573 1730 minis
593 1685 649 1730 et
675 1676 1086 1735 consolationis.

1012 1837 1242 1895 CAPUT
1296 1840 1387 1895 Xl.

486 1967 505 1998 ‹
538 1946 746 2003 Etcum
770 1953 1270 2021 appropinquarent
1296 1953 1682 2023 Hierosolyma:
1714 1961 1768 2006 et
1790 1948 1986 2005 Betha-

413 2040 514 2092 nia:
537 2042 603 2094 ad
649 2055 889 2096 montem
914 2042 1217 2099 Olivarum.
1268 2063 1285 2095 ι
1325 2046 1454 2111 Quae
1485 2055 1564 2099 est
1610 2046 1737 2098 visio
1784 2045 1935 2113 pacis
1962 2058 1982 2094 :

413 2133 464 2184 in
523 2149 629 2201 qua
691 2146 874 2189 manet
922 2137 1024 2190 ﬁxa
1082 2137 1486 2206 itnmobilisque
1549 2136 1986 2204 (elicitaszqua:

408 2226 706 2279 secundum
764 2228 1105 2295 Ap03tolum,
1137 2241 1311 2282 mater
1361 2239 1442 2283 est
1470 2233 1711 2284 omnium
1756 2229 1986 2283 creden-

412 2317 571 2384 t"utn,
600 2331 650 2372 et
686 2320 822 2373 bene
856 2322 1153 2375 viventium
1187 2322 1239 2374 in
1268 2321 1512 2376 Christo.

487 2425 505 2456 ι
555 2409 716 2463 Mittit
750 2416 885 2464 duos
934 2426 998 2463 ex
1053 2412 1330 2479 discipulis
1363 2412 1498 2474 suis,
1534 2420 1589 2465 et
1635 2412 1707 2466 ait
1734 2412 1838 2466 illis
1866 2430 1879 2465 :
1910 2412 1986 2466 lle

408 2500 463 2554 in
493 2502 772 2555 casti-llum
811 2504 953 2569 quod
980 2512 1173 2556 contra
1208 2519 1305 2557 vos
1337 2515 1421 2557 est
1455 2521 1471 2558 :
1506 2514 1561 2557 et
1594 2506 1779 2559 statim
1808 2506 1979 2559 intro.

407 2601 601 2646 euntes
650 2593 816 2656 illuc,
873 2593 1166 2647 invenietis
1223 2594 1429 2661 pullum
1488 2594 1757 2665 ligatum,
1820 2609 1983 2664 super

407 2699 565 2753 quem
603 2699 762 2738 nemo
790 2686 968 2739 adhuc
996 2686 1273 2738 hominum
1333 2686 1473 2740 sedit
1508 2705 1521 2739 :
1565 2688 1758 2741 solvite
1810 2688 1983 2752 illum,

408 2785 461 2829 et
484 2774 756 2830 adducite.
792 2774 858 2828 Et
890 2776 935 2831 si
976 2779 1102 2846 quis
1134 2776 1287 2830 vobis
1333 2777 1551 2842 dixerit,
1583 2776 1715 2846 quid
1755 2777 1985 2831 facitis?

407 2867 590 2933 dicite,
622 2868 752 2934 quia
792 2866 1022 2922 Domino
1082 2868 1419 2923 necessarius
1447 2878 1555 2935 est,
1617 2879 1671 2923 et
1726 2869 1983 2923 continuo

405 2959 553 3013 illum
586 2959 816 3014 dimittet
846 2959 974 3015 huc.
1019 2959 1085 3013 Et
1111 2961 1396 3024 abeuntes,
1426 2959 1752 3014 invenerunt
1776 2959 1979 3025 pullum

404 3050 626 3118 ligatum
675 3059 802 3104 ante
849 3050 1076 3119 januam
1152 3048 1288 3104 foris
1348 3049 1401 3103 in
1456 3049 1602 3104 bivio
1656 3057 1710 3102 et
1765 3048 1981 3103 solvunt

2102 497 2280 540 tamen
2313 502 2434 541 cum
2472 488 2735 542 militibus
2770 502 2800 540 a
2832 487 3041 543 Joanne
3074 489 3457 544 instruuntur-
3486 524 3487 527 η

2178 595 2196 628 ι
2238 577 2343 629 Alii
2377 588 2556 630 autem
2591 576 2815 630 frondes
2852 576 3137 629 cazdebant
3181 576 3249 631 de
3279 576 3589 641 arboribus,
3623 589 3675 633 et

2104 667 2419 720 sternebant
2451 665 2505 718 in
2533 665 2616 718 via
2653 673 2739 718 :et
2761 666 2853 733 qui
2884 665 3149 733 praeibam
3171 675 3224 716 et
3254 665 3347 735 qui
3376 666 3678 733 sequebano

2097 766 2188 811 tur
2211 757 2810 811 clamalmntdicentes:
2840 754 3078 819 Osanna,
3105 756 3428 810 benedictus
3460 756 3551 825 qui
3582 772 3673 809 ve-

2101 849 2179 902 nit
2215 853 2267 901 in
2293 864 2509 923 tuumne
2536 846 2750 900 Domini
2788 864 2802 911 ;
2831 846 3169 901 benedictum
3207 847 3349 916 quod
3383 848 3535 900 venit
3591 863 3674 901 re-

2096 956 2258 1010 gnum
2287 947 2407 1008 patr
2430 954 2455 992 s
2477 941 2647 992 nostri
2679 939 2864 1004 David,
2890 935 3109 993 Osanna
3128 939 3182 991 in
3211 938 3440 993 excelsis
3467 938 3480 990 !
3523 957 3542 989 ι
3570 937 3679 991 Ila.

2094 1034 2177 1103 gis
2208 1034 2307 1086 hoc
2329 1034 2394 1085 ad
2422 1032 2687 1085 orandum
2715 1044 2767 1085 et
2799 1042 3204 1086 sacramentum
3230 1031 3489 1100 pertinet,
3516 1046 3676 1098 quam

2092 1128 2158 1178 ad
2195 1124 2599 1178 necessitatem.
2620 1120 2757 1177 Justi
2791 1134 2849 1177 ut
2871 1125 3050 1192 palma
3074 1122 3545 1189 ﬂorebunt(Psal.
3567 1137 3671 1183 xei,

2095 1206 2185 1288 l3)
2210 1223 2455 1285 ;augusti
2485 1224 2535 1274 iu
2560 1212 2851 1284 radicibus,
2868 1209 2960 1271 lati
2986 1218 3037 1271 in
3050 1214 3275 1270 floribus
3292 1225 3346 1269 et
3369 1215 3404 1268 f-
3420 1226 3505 1268 uel
3519 1215 3671 1275 ibus;

2091 1296 2347 1380 quoniam
2387 1314 2563 1368 bonus
2590 1312 2726 1367 odor
2751 1310 2954 1365 Christi
3001 1316 3130 1363 sunt
3164 1299 3246 1378 (II
3301 1300 3425 1361 Cor.
3472 1322 3532 1371 ιι,
3568 1306 3674 1372 l5);

2092 1404 2143 1457 et
2196 1410 2450 1459 sti-ruunt
2489 1408 2628 1461 viam
2657 1404 3040 1458 mandatorum
3077 1390 3171 1454 Dei
3210 1402 3347 1454 bona
3379 1400 3548 1452 fama.
3572 1398 3673 1464 Qui

2095 1495 2382 1561 przeibaut,
2417 1494 2695 1564 propheta:
2730 1494 2879 1558 sunt,
2904 1503 2959 1545 et
2991 1492 3079 1561 qni
3122 1491 3499 1560 sequebantur
3543 1504 3676 1558 apo-

2093 1572 2216 1636 stoli
2257 1595 2357 1636 :ut
2392 1584 2626 1655 abyssus
2668 1582 2924 1653 abyssum
2966 1580 3184 1634 invocat
3221 1578 3396 1649 (Psal.
3451 1593 3560 1641 xu,
3593 1575 3670 1646 8),

2095 1674 2147 1728 id
2176 1687 2278 1738 est,
2316 1674 2395 1727 lex
2429 1677 2603 1743 legem
2639 1666 2891 1728 alteram.
2920 1671 3161 1734 Osanna,
3184 1672 3234 1723 id
3260 1678 3364 1732 est,
3401 1670 3670 1737 salvi/ica,

2025 1779 2068 1838 Β
2102 1766 2371 1833 dicentes,
2412 1768 2463 1820 in
2500 1767 2733 1821 excelsis
2770 1774 2825 1819 et
2848 1764 2992 1828 imis,
3019 1773 3076 1816 ut
3108 1762 3238 1833 justi
3256 1757 3593 1816 aediﬁcentur
3618 1760 3672 1814 in

2093 1859 2302 1912 ruinam
2330 1860 2673 1930 angelorum,
2704 1869 2760 1913 et
2780 1857 2983 1913 terreni
3009 1867 3062 1911 et
3085 1854 3427 1909 subterranei
3449 1853 3670 1908 salvena

2094 1957 2181 2004 tur
2211 1952 2278 2005 ab
2310 1966 2377 2006 eo
2407 1951 2696 2005 benedicto
2725 1951 2982 2005 vincente
3012 1957 3069 2003 et
3094 1948 3343 2001 veniente
3366 1946 3421 1998 in
3455 1944 3673 1999 nomine

2092 2041 2324 2106 Domini,
2358 2042 2410 2095 id
2440 2052 2524 2096 est
2560 2043 2739 2096 Patris
2805 2041 2911 2106 sui,
2941 2041 3195 2110 quoniam
3239 2038 3379 2092 ﬁlius
3412 2037 3478 2092 de
3523 2038 3674 2106 patre

2089 2135 2328 2203 suscepit
2357 2149 2578 2201 nomen,
2627 2142 2683 2188 et
2705 2143 2859 2203 pater
2885 2132 2956 2188 de
2994 2132 3124 2187 ﬁlio.

2165 2242 2184 2275 ι
2225 2226 2291 2279 Ει
2322 2226 2558 2281 introivit
2581 2226 3015 2295 Hierosolymam
3072 2227 3125 2279 in
3148 2222 3427 2292 templum,
3478 2229 3534 2274 et
3566 2219 3674 2274 ciro

2088 2318 2417 2387 cumspectis
2454 2319 2731 2380 omnibus,
2774 2331 2894 2371 cum
2934 2315 3043 2385 jam
3072 2326 3295 2383 vespera
3339 2310 3485 2367 esset
3514 2311 3670 2375 hora,

2087 2410 2218 2463 exiit
2246 2410 2297 2463 in
2341 2410 2658 2464 Bethaniam
2690 2415 2814 2465 cum
2851 2407 3131 2462 duodecim
3160 2422 3177 2473 ;
3209 2412 3263 2459 et
3302 2403 3406 2459 alia
3432 2404 3522 2459 die
3548 2419 3669 2457 cum

2086 2502 2301 2554 exirent
2330 2516 2359 2553 a
2384 2499 2666 2563 Bethania,
2699 2498 2914 2554 esuriit.
2942 2497 3190 2563 Cumque
3216 2496 3432 2549 vidisset
3457 2508 3487 2546 a
3514 2494 3672 2562 longe

2089 2593 2249 2647 ﬁcum
2284 2578 2573 2647 habentem
2620 2590 2769 2658 folia,
2810 2591 2960 2644 venit
2995 2590 3039 2645 si
3063 2588 3191 2659 quid
3228 2587 3363 2641 forte
3398 2582 3673 2641 inveniret

2088 2685 2142 2740 in
2178 2700 2262 2739 ea.
2292 2684 2359 2738 Et
2409 2690 2533 2739 cuin
2562 2684 2802 2739 venisset
2840 2684 2906 2736 ad
2957 2697 3099 2747 eam,
3150 2680 3285 2734 nihil
3323 2678 3530 2733 invenit
3564 2676 3667 2734 nisi

2088 2775 2238 2830 folia.
2267 2762 2399 2830 Non~
2429 2776 2574 2829 enim
2603 2783 2723 2829 erat
2772 2783 2988 2843 tempus
3035 2773 3284 2826 ﬁcorum.
3338 2769 3405 2824 Et
3438 2782 3671 2836 respon‘o

2085 2869 2247 2932 dens,
2278 2868 2412 2923 dixit
2432 2869 2479 2921 ei
2510 2885 2525 2922 :
2561 2865 2680 2921 lam
2710 2880 2816 2921 non
2854 2866 3085 2936 amplius
3116 2859 3171 2918 in
3206 2868 3470 2919 aeternum
3513 2877 3579 2917 ex
3610 2865 3668 2915 te

2086 2962 2325 3015 fructum
2360 2960 2648 3030 quisquam
2702 2960 3019 3014 manducet.
3057 2957 3122 3011 Et
3178 2957 3471 3010 audiebant
3504 2955 3671 3008 disci-

2086 3053 2194 3122 puli
2225 3054 2343 3123 ejus
2372 3060 2460 3106 :et
2483 3052 2706 3106 veniunt
2729 3049 3180 3121 Hirrosolymam.
3204 3040 3272 3104 Et
3301 3064 3420 3103 cum
3447 3045 3669 3103 introis-

403 3116 551 3195 etim.
590 3158 607 3193 ι
643 3140 759 3195 Bini
786 3116 1079 3205 vocantur,
1130 3152 1186 3196 et
1234 3141 1347 3196 bini
1379 3143 1674 3195 mittuntur
1723 3139 1975 3208 discipuli

2088 3152 2166 3199 set
2189 3144 2242 3198 in
2278 3142 2557 3212 templum,
2583 3144 2749 3213 erepit
2780 3143 2979 3210 ejicere
3006 3146 3306 3195 vendentes
3331 3149 3386 3194 et
3414 3151 3663 3193 ementes

402 3229 608 3286 Christi
644 3232 951 3300 ;_quoniam
982 3233 1221 3287 cbaritas
1258 3248 1367 3287 non
1402 3232 1655 3288 consistit
1688 3247 1813 3285 ctum
1846 3244 1975 3295 uno,

404 3322 548 3376 unde
571 3322 772 3377 dicitur
805 3340 819 3376 :
869 3321 958 3376 γω
982 3324 1105 3387 soli,
1152 3332 1209 3377 et
1245 3325 1452 3392 reliqua
1502 3323 1705 3393 (Eccle.
1753 3338 1828 3388 tv,
1862 3322 1975 3391 10).

407 3411 521 3466 Duo
568 3412 811 3466 educunt
844 3411 1099 3468 llcbra-os
1136 3415 1203 3468 de
1234 3414 1492 3485 Egypto.
1533 3414 1645 3469 Duo
1694 3414 1982 3482 deportant

405 3503 619 3558 botrum
651 3504 717 3559 de
751 3513 893 3557 terra
925 3516 1111 3561 sancta
1146 3524 1160 3559 :
1200 3516 1259 3559 ut
1286 3521 1503 3577 semper
1535 3507 1808 3575 praepositi
1849 3521 1980 3561 con-

401 3595 635 3665 iungant
670 3611 806 3666 opus
846 3606 900 3651 ct
951 3597 1284 3653 scientiam:
1327 3608 1381 3652 et
1443 3599 1549 3653 duo
1602 3600 1857 3654 mandata
1911 3599 1979 3653 de

406 3687 613 3743 duabus
672 3689 870 3743 tabulis
936 3687 1275 3758 proferant,
1338 3700 1394 3743 et
1461 3689 1675 3745 duobus
1736 3690 1978 3746 fontibus

406 3782 717 3847 abluantur,
751 3793 806 3836 et
854 3783 1097 3846 abluant,
1131 3792 1186 3837 et
1238 3782 1449 3838 duobus
1498 3784 1739 3838 vectibus
1791 3800 1974 3838 arcam

405 3874 620 3929 Domini
667 3884 925 3944 portent:
959 3884 1013 3929 et
1074 3875 1215 3929 inter
1267 3875 1405 3930 duos
1459 3875 1744 3930 cherubim
1807 3877 1974 3930 Deum

404 3975 758 4035 cognoscant,
816 3966 1011 4033 spiritu
1068 3975 1123 4019 et
1172 3976 1355 4020 mente
1412 3967 1726 4035 psallentes.
1764 3966 1975 4022 Pullum

402 4057 625 4126 ligatum
674 4058 878 4110 ducunt
923 4067 979 4111 et
1025 4057 1350 4111 indomitum
1386 4074 1399 4110 ε
1431 4073 1592 4125 quem
1645 4059 1865 4113 solvunt
1921 4070 1979 4115 et

402 4149 647 4213 domant,
684 4150 882 4217 quiest
919 4149 1150 4218 populus
1198 4149 1454 4217 gentilis,
1509 4150 1711 4219 ligatus
1745 4162 1870 4206 ante
1896 4152 1978 4223 ja-

402 4256 565 4295 nuam
599 4241 742 4306 ﬁdei,
775 4256 896 4294 cum
944 4240 1176 4294 vinculis
1210 4252 1558 4311 peccatorum
1604 4258 1828 4298 suorum
1868 4264 1881 4299 :
1918 4247 1972 4300 in

402 4333 549 4388 bivio
574 4341 832 4396 stantem,
859 4333 912 4385 itt
944 4331 1194 4386 libertate
1218 4333 1436 4388 arbitrii
1467 4334 1799 4391 dubitantem
1834 4337 1975 4393 inter

401 4427 567 4480 vitam
606 4435 662 4480 et
695 4435 948 4479 mortem.

474 4535 495 4568 ι
536 4518 603 4573 Et
646 4518 866 4587 quidam
925 4518 992 4572 de
1047 4517 1163 4571 illic
1195 4517 1466 4572 stantibus
1527 4512 1777 4574 dicebant
1821 4519 1971 4576 illis:

396 4606 535 4675 Quid
594 4609 771 4664 facitis
836 4610 1107 4665 solventes
1161 4609 1544 4680 pullum?Qui
1584 4611 1839 4666 dixerunt
1892 4612 1973 4667 eis

396 4704 537 4758 sicut
566 4713 898 4772 praeceperat
934 4703 1015 4757 eis
1064 4701 1245 4771 Jesus,
1284 4714 1339 4757 et
1369 4703 1694 4757 dimiserunt
1740 4706 1842 4759 eis.
1910 4708 1974 4760 Et

395 4794 669 4849 duxerunt
696 4794 899 4863 pullum
930 4795 996 4847 ad
1027 4793 1235 4851 Jesum.
1284 4812 1303 4845 ι
1341 4796 1419 4849 Αε
1454 4795 1498 4848 si
1544 4797 1807 4861 dicerent,
1841 4797 1970 4862 Quis

393 4897 562 4956 potest
596 4888 861 4941 dimittere
886 4897 1097 4955 peccata
1126 4886 1321 4959 (Marc.
1362 4900 1420 4951 ll,
1449 4889 1503 4959 7)
1528 4888 1550 4941 ?

471 5000 490 5032 ι
528 4979 594 5034 Ει
648 4982 938 5049 imponunt
998 4979 1070 5033 illi
1127 4980 1451 5033 vestimenta
1511 4996 1631 5043 sua,
1672 4999 1692 5035 ι
1757 4982 1809 5036 id
1860 4992 1966 5049 est,

395 5073 587 5129 stolam
624 5073 855 5143 primam
904 5072 1330 5126 immortalitatis
1366 5088 1461 5141 per
1496 5072 1747 5141 baptismi
1780 5089 1966 5129 sacra-

396 5176 575 5221 menta
612 5165 871 5219 afferunt.

470 5280 489 5312 ι
531 5258 617 5311 Ειν
644 5259 787 5313 sedit
823 5274 984 5328 super
1030 5272 1176 5321 eum,
1215 5276 1234 5310 ι
1301 5258 1352 5312 id
1387 5266 1491 5324 est,
1546 5258 1600 5312 in
1648 5274 1711 5314 eo
1742 5275 1967 5329 regnare

394 5354 590 5421 cepit;
624 5361 682 5403 ut
714 5367 818 5404 non
865 5361 1057 5420 regnet
1103 5360 1387 5418 peccatum
1438 5352 1492 5403 in
1535 5350 1738 5405 lasciva
1775 5367 1966 5418 carne,

392 5446 487 5499 sed
508 5443 741 5512 justitia,
773 5452 825 5497 et
855 5458 980 5512 pax,
1022 5451 1074 5494 et
1120 5441 1373 5510 gaudium
1427 5443 1479 5495 in
1509 5440 1713 5509 Spiritu
1745 5452 1961 5498 nauem.

469 5553 489 5585 ι
523 5533 674 5588 Multi
704 5544 882 5587 autem
909 5535 1226 5589 vestimenta
1259 5548 1356 5586 sua
1385 5543 1695 5587 straverunt
1726 5532 1904 5587 invia.
1940 5550 1958 5582 ι

392 5625 494 5690 Qui
525 5637 651 5680 sunt
679 5626 862 5695 pedes,
898 5626 1003 5681 nisi
1034 5625 1125 5695 qni
1172 5634 1408 5694 portant,
1455 5636 1508 5679 et
1564 5625 1796 5679 extremi
1827 5639 1964 5693 quos

394 5716 461 5771 ad
485 5717 837 5786 iudicandum
884 5719 1171 5775 constituit
1212 5718 1531 5788 apostolos?
1566 5716 1665 5784 Qui
1728 5728 1781 5774 et
1834 5720 1960 5786 ipsi,

2083 3239 2136 3290 in
2172 3236 2396 3304 templo,
2420 3245 2476 3288 et
2500 3249 2716 3289 mensas
2746 3233 3259 3297 nummulariorum,
3296 3242 3351 3286 et
3377 3231 3669 3285 cathedras

2080 3326 2433 3381 vendentium
2482 3325 2765 3381 columbas
2811 3326 3030 3380 evertit.
3077 3324 3145 3378 Et
3199 3339 3304 3377 non
3351 3323 3567 3378 sinebat
3607 3324 3669 3376 ut

2080 3420 2369 3489 quisquam
2398 3418 2716 3473 transferret
2741 3433 2836 3472 vas
2861 3432 2957 3487 per
2987 3416 3271 3485 templum,
3308 3426 3363 3471 et
3394 3418 3647 3479 docebat,

2081 3513 2267 3566 dicens
2296 3511 2375 3565 eis
2406 3530 2421 3565 :
2451 3510 2639 3564 Nonne
2663 3510 2933 3579 scriptum
2957 3519 3040 3563 est
3083 3525 3098 3563 :
3128 3507 3264 3575 Quia
3309 3510 3505 3563 domus
3537 3525 3663 3562 orao

2080 3603 2247 3657 tionis
2310 3603 2601 3657 vocabitur
2648 3601 2904 3655 omnibus
2955 3601 3208 3670 gentibus
3256 3595 3419 3655 τινος
3477 3610 3663 3653 autem

2079 3694 2289 3749 fecistis
2344 3709 2464 3749 eam
2532 3693 2848 3764 speluncam
2908 3694 3199 3749 latronum.
3262 3692 3384 3759 Quo
3424 3694 3663 3755 audito,

2080 3788 2349 3856 principes
2377 3786 2723 3840 sacerdotum
2742 3794 2797 3839 et
2814 3786 3008 3840 scriba:
3025 3787 3344 3855 quaerebant
3384 3788 3663 3856 quomodo

2075 3895 2200 3935 eum
2253 3881 2564 3950 perderent.
2619 3879 2910 3934 Titnebant
2961 3880 3107 3934 enim
3164 3894 3287 3932 eum
3340 3880 3659 3948 :quoniam

2078 3969 2329 4022 universa
2367 3970 2521 4022 turba
2545 3969 2915 4023 admirabatur
2947 3978 3113 4037 super
3155 3969 3403 4022 duCtrina
3449 3968 3591 4037 ejus.
3632 3988 3651 4019 ι

2076 4058 2236 4115 Jesus
2296 4061 2463 4115 intrat
2504 4056 2846 4130 in'templunt
2882 4077 2895 4113 :
2925 4074 3151 4127 vespera
3195 4060 3331 4113 exiit
3371 4060 3425 4115 in
3458 4059 3662 4114 Bethl-

2077 4152 2247 4215 niaut,
2298 4166 2419 4204 cum
2476 4150 2784 4214 duodecim,
2847 4162 3006 4203 mane
3059 4150 3127 4204 ad
3174 4147 3421 4204 Iudaeam
3481 4152 3656 4211 venit.

2077 4256 2243 4315 atque
2313 4230 2415 4299 nos
2476 4243 2526 4297 in
2581 4257 2807 4313 vespera
2868 4241 3055 4319 mundi
3125 4243 3332 4301 visitat.
3392 4242 3658 4298 Esuriens

2079 4339 2339 4394 Dominus
2371 4339 2600 4394 salutem
2642 4338 2946 4396 hominum.
2999 4334 3138 4392 vidit
3187 4353 3217 4392 a
3273 4338 3435 4411 longe
3466 4339 3681 4405 ﬁcum,

2004 4457 2050 4514 υ
2079 4432 2246 4497 foliis,
2280 4448 2387 4486 non
2441 4432 2710 4486 fructibus
2740 4441 3010 4495 ornatam,
3068 4432 3121 4486 id
3162 4440 3267 4495 est,
3311 4426 3655 4503 Synagogam

2080 4524 2326 4579 vestitam
2392 4524 2666 4577 mandatis
2702 4523 2983 4578 hominum
3012 4564 3029 4590 ,
3084 4534 3140 4579 et
3173 4524 3660 4593 superstitionibus

2076 4627 2350 4686 scepatam
2386 4618 2520 4672 :cni
2580 4618 2811 4686 denegat
2865 4616 3103 4671 fructum
3164 4618 3216 4670 in
3271 4632 3468 4671 aevum.
3519 4615 3657 4671 Inde

2077 4688 2669 4779 templnm‘ingressus,
2709 4710 2870 4779 ejecit
2902 4709 3201 4764 vendentes
3222 4720 3278 4763 et
3298 4722 3565 4774 ementes,
3600 4722 3655 4765 et

2077 4810 2291 4850 mensas
2320 4806 2373 4849 et
2396 4797 2685 4851 cathedras
2733 4799 2932 4851 evertit
2971 4797 3062 4852 :id
3122 4808 3227 4863 est,
3257 4798 3354 4867 qui
3407 4801 3653 4852 vendunt

2075 4886 2337 4940 honorem
2372 4897 2427 4942 et
2482 4889 2682 4954 gradus
2734 4901 2942 4943 emunt.
3003 4889 3406 4959 Scriptum'est
3450 4892 3647 4945 enim:

2074 4979 2273 5033 Domus
2297 4997 2409 5039 mea
2435 4980 2621 5033 delrius
2648 4983 2906 5035 orationis
2940 4985 3232 5045 vocabitur,
3252 4984 3407 5053 juxta
3456 4984 3650 5038 Isaiam

2073 5070 2213 5138 (Ira.
2258 5086 2369 5134 ut,
2407 5071 2482 5140 7).
2534 5069 2646 5124 Vos
2694 5083 2878 5124 autem
2940 5074 3151 5127 fecistis
3182 5089 3299 5128 eam
3333 5074 3649 5142 Speluncam

2069 5162 2350 5215 latronum
2384 5179 2399 5216 :
2428 5164 2582 5231 juxta
2614 5161 3107 5236 Jeremiam.(Cap.
3130 5180 3392 5234 vit,vers.
3423 5163 3541 5241 Η.)

2147 5272 2166 5304 ι
2200 5254 2264 5307 Et
2315 5270 2438 5309 cum
2471 5272 2696 5325 vespera
2732 5257 2873 5312 facta
2906 5242 3069 5313 esset
3094 5299 3111 5324 ,
3165 5262 3551 5330 egrediebatur
3585 5265 3651 5317 de

2069 5346 2313 5402 civitate.
2359 5344 2576 5401 Etcum
2626 5360 2786 5402 mane
2827 5350 3143 5417 transirent,
3184 5352 3441 5406 viderunt
3487 5353 3648 5408 ﬁcum

2067 5441 2277 5494 aridam
2302 5441 2496 5496 factam
2527 5456 2557 5494 a
2585 5441 2883 5496 radicibus.
2903 5460 2920 5494 ι
2943 5441 3010 5496 Et
3041 5444 3144 5499 hoc
3176 5445 3569 5514 proprie.,l’ost
3591 5463 3650 5500 se

2069 5532 2386 5601 relinquens
2419 5534 2703 5601 tenebras,
2739 5545 2799 5589 ut
2826 5537 2907 5590 sol
2950 5539 3001 5590 in
3031 5535 3344 5591 Judmorum
3388 5537 3651 5592 cordibus

2066 5627 2447 5696 egrediebatur
2477 5629 2544 5682 de
2563 5629 2788 5683 civitate
2817 5631 2882 5684 ad
2909 5629 3097 5697 aliam,
3118 5645 3240 5700 quae
3267 5640 3353 5687 est
3381 5630 3647 5686 benevola

2067 5730 2122 5774 ct
2148 5720 2429 5776 obediens.
2478 5718 2632 5778 Mane
2661 5730 3000 5780 revertentes
3045 5724 3301 5781 viderunt
3329 5725 3495 5781 ficum
3539 5729 3648 5779 ari-
