3946 6206
258 286 366 359 διδ

1352 282 1770 350 EXPOSlTlO
1812 282 1894 342 ΙΝ
1939 283 2002 345 S.
2043 283 2394 345 MARCUM.

3413 287 3542 355 646·

255 413 401 465 dam.
439 405 655 464 Occidit
676 404 783 472 sol,
815 405 990 460 oritur
1019 403 1100 460 sol
1140 421 1154 459 :
1191 403 1280 456 lux
1311 401 1493 456 ablata
1528 415 1558 456 a
1581 398 1786 476 scribis
1813 437 1831 462 ,
1865 402 1914 460 Α
1952 397 2298 454 contumeliis
2330 397 2651 455 affecerunt.
2699 398 2760 454 Et
2791 415 3000 455 rursum
3039 399 3204 456 alium
3253 402 3422 469 misit,
3463 415 3520 459 et

256 501 390 550 lucet
426 499 479 551 in
511 494 790 565 apostolis.
822 491 984 549 Ficus
1000 495 1150 548 arida
1186 491 1522 554 aradicibus.
1549 489 1832 560 Synagoga

255 601 336 643 est
366 607 395 640 a
431 587 587 656 Cain,
621 598 721 642 eta
757 593 992 650 caeteris,
1021 602 1050 640 a
1081 587 1279 656 quibus
1311 584 1487 638 omnis
1515 582 1738 650 sanguis
1762 582 1832 637 ab

254 675 395 731 Abel
419 687 591 746 usque
619 677 686 731 ad
711 673 1032 730 Zachariam
1087 674 1383 744 requiritur
1417 673 1638 744 (Matth.
1679 686 1844 752 xvtu,

255 762 378 841 δε).

337 878 360 913 ε
387 859 453 916 Et
480 858 793 914 recordatus
816 856 1012 913 Petrus
1039 857 1175 910 dixit
1197 857 1244 910 ei
1274 872 1290 911 :
1318 853 1514 920 Rahbi,
1539 867 1666 908 ecce
1697 851 1832 907 ficus

256 951 348 1004 cui
387 950 743 1012 maledixisti,
797 949 964 1003 aruit.
1021 947 1085 1000 Et
1140 945 1479 1015 respondens
1527 942 1708 1009 Jesus,
1765 943 1841 997 ait

258 1039 413 1095 illis:
457 1039 667 1094 llabete
693 1038 852 1092 [idem
887 1036 1004 1092 Dei.
1041 1055 1059 1088 ›
1097 1037 1294 1091 Petrus
1328 1035 1575 1104 agnoscit
1625 1032 1836 1086 aridam

259 1138 317 1182 et
347 1129 647 1184 abscissam
680 1127 920 1182 radicem
949 1146 964 1182 :
992 1129 1079 1182 cui
1115 1126 1366 1182 succedit
1399 1125 1540 1179 oliva
1583 1123 1840 1193 pulchra,

262 1221 572 1286 fructifera,
599 1231 795 1277 vocata
839 1237 869 1275 a
901 1221 1152 1275 Domino.
1185 1219 1340 1276 Unde
1371 1218 1620 1287 sequitur
1653 1232 1668 1269 :

343 1331 364 1366 ι
403 1315 571 1369 Amen
635 1315 759 1368 dico
835 1313 1027 1378 vobis,
1080 1312 1208 1383 quia
1275 1312 1586 1383 quicunque
1649 1307 1846 1364 dixerit

264 1404 398 1459 huic
429 1404 620 1460 monti.
653 1423 672 1456 ι
703 1404 763 1460 id
791 1413 876 1459 est
930 1404 1167 1468 Christo,
1195 1403 1287 1473 qui
1317 1411 1400 1458 est
1413 1417 1567 1458 mons
1589 1415 1846 1456 crescens

265 1495 336 1549 de
366 1495 543 1561 lapide
571 1496 817 1551 abscisso
856 1496 972 1551 sine
1001 1495 1272 1551 manibus.

343 1582 615 1654 «(Tollere
642 1595 696 1640 et
726 1586 943 1640 mittere
972 1587 1025 1639 in
1073 1599 1244 1646 mare,
1278 1593 1334 1638 et
1378 1597 1484 1638 non
1512 1583 1847 1638 haesitaverit

265 1675 326 1728 in
379 1675 548 1730 corde
599 1691 722 1740 suo,
777 1678 871 1732 sed
918 1676 1258 1742 crediderit,
1311 1675 1441 1746 quia
1490 1677 1848 1746 quodcunque

1945 487 2094 544 illum
2126 491 2446 544 occiderunt
2478 507 2492 546 :
2524 500 2578 546 et
2611 493 2794 560 plures
2833 491 3260 562 alids,quosdam
3300 498 3515 550 caeden-

1949 591 2051 647 tes,
2077 580 2214 636 alios
2235 597 2363 637 vero
2389 583 2722 637 occidentes.
2752 583 2943 639 Adhuc
2973 600 3104 654 ergo
3131 601 3294 640 unum
3319 587 3523 641 habens

1950 670 2118 725 filium
2168 672 2577 736 charissimum,
2607 683 2662 726 et
2693 673 2842 726 illum
2891 675 3040 728 misit
3068 677 3136 729 ad
3166 690 3259 729 eos
3291 679 3526 732 novissi-

1949 775 2120 824 mum,
2155 761 2344 816 dicens
2377 764 2542 832 :quia
2567 765 2959 820 reverebuntur
2983 766 3151 820 filium
3186 784 3384 825 meum.
3417 769 3526 824 Co-

1947 851 2057 904 loni
2113 861 2295 905 autem
2348 853 2603 908 dixerunt
2637 855 2702 908 ad
2757 855 2992 910 invicem
3029 873 3044 911 :
3084 856 3182 910 Hic
3215 870 3296 913 est
3328 860 3524 923 haeres,

1949 944 2150 1004 venite.
2180 943 2495 998 occidamus
2529 958 2678 1007 eum,
2704 955 2759 999 et
2784 957 2966 1000 nostra
2989 947 3094 1001 erit
3121 949 3428 1004 hereditas.
3460 951 3527 1006 Et

1951 1032 2426 1102 apprehendentes
2445 1050 2593 1099 eum,
2619 1038 2964 1104 occiderunt,
2991 1048 3045 1094 et
3073 1041 3357 1108 eiet-erunt
3375 1059 3524 1097 extra

1950 1125 2188 1179 vineam.
2218 1127 2356 1192 Quid
2376 1143 2503 1194 ergo
2523 1129 2685 1184 faciet
2719 1132 2978 1187 Dominus
3002 1133 3215 1190 vineta?
3253 1133 3439 1191 Veniet
3471 1148 3526 1191 et

1953 1217 2140 1285 perdet
2163 1218 2402 1285 colonos,
2437 1234 2492 1274 et
2523 1219 2675 1275 dabit
2719 1223 2932 1278 vineam
2972 1225 3120 1280 aliis.
3161 1226 3273 1282 Nec
3295 1229 3528 1298 scriptu-

1953 1323 2068 1362 ram
2107 1309 2247 1363 hanc
2279 1309 2484 1380 legistis
2520 1329 2535 1365 :
2572 1311 2834 1382 Lapidem
2883 1329 3044 1385 quem
3093 1320 3526 1388 reprobaverunt

1953 1399 2305 1464 aediﬁcantes,
2346 1401 2432 1471 hic
2465 1400 2642 1457 factus
2691 1413 2776 1458 est
2817 1405 2869 1460 in
2904 1416 3068 1477 caput
3099 1409 3280 1479 anguli
3325 1427 3393 1464 :a
3421 1411 3526 1465 Do-

1957 1491 2105 1545 mino
2162 1492 2363 1547 factum
2396 1503 2478 1548 est
2524 1494 2694 1560 istud,
2733 1505 2788 1550 et
2824 1506 2908 1552 est
2964 1501 3212 1556 mirabile
3252 1503 3304 1555 in
3352 1504 3526 1558 oculis

1956 1583 2182 1637 nosuis.
2234 1584 2298 1638 Et
2334 1585 2648 1654 quazrebaut
2695 1603 2818 1643 eum
2880 1597 3085 1657 tenere,
3139 1599 3192 1645 et
3230 1592 3528 1647 timuerunt

1955 1673 2188 1730 turbam.
2215 1675 2598 1746 Cognoveruut
2628 1683 2773 1734 enim
2799 1680 3051 1750 quoniam
3083 1685 3150 1736 ad
3175 1697 3268 1737 eos
3301 1685 3529 1752 parabo-

267 1768 473 1822 dixerit
513 1769 627 1834 ﬁat,
690 1769 783 1824 ﬂet
810 1770 881 1824 ei.
917 1768 1210 1839 Propterea
1257 1770 1382 1825 dico
1416 1770 1566 1824 vobis
1595 1782 1610 1823 :
1665 1770 1846 1824 omnia
1886 1761 1923 1815 Β
1949 1765 2054 1819 lam
2089 1766 2226 1820 hanc
2256 1769 2481 1824 dixerit.
2513 1767 2574 1823 El
2618 1771 2810 1826 relicto
2850 1772 2944 1827 illo
2979 1773 3249 1829 abierunt.
3301 1774 3368 1828 Et
3391 1775 3530 1841 ,ινξι-

264 1868 609 1929 quaecunque
641 1870 861 1916 orantes
881 1861 1084 1930 petitis,
1111 1859 1313 1916 credite
1332 1861 1454 1930 quia
1479 1860 1852 1930 accipietis,:et

267 1953 523 2004 evenient
550 1951 726 2006 vobis.
779 1970 798 2003 ι
844 1951 958 2006 Hoc
985 1951 1187 2008 factum
1217 1961 1322 2015 est,
1346 1953 1566 2022 quando
1592 1953 1852 2008 dixerunt

271 2041 554 2110 apostoli:
588 2041 758 2113 Digne
804 2043 1182 2113 transferimur
1229 2045 1300 2098 ad
1347 2054 1551 2116 gentes,
1586 2046 1711 2113 quia
1759 2059 1849 2098 vos

268 2135 512 2203 indignos
529 2135 818 2205 iudicastis
848 2135 1102 2191 audiendi
1133 2136 1344 2192 verbum
1399 2135 1494 2190 Dei
1527 2136 1672 2208 (Act.
1721 2150 1844 2199 xm,

271 2227 390 2298 46).
424 2225 679 2295 Sequitur
709 2246 724 2282 :

347 2337 370 2370 ι
418 2317 484 2372 Et
509 2336 632 2372 cum
669 2319 882 2374 stabitis
919 2323 988 2376 ad
1024 2322 1316 2387 orandum,
1346 2322 1606 2377 dimittite
1637 2323 1680 2377 si
1716 2322 1848 2392 quid

277 2409 488 2464 habetis
522 2412 785 2466 adversus
808 2412 1041 2481 aliquem
1082 2430 1097 2468 :
1130 2425 1186 2468 ut
1231 2423 1285 2468 et
1333 2412 1494 2468 Pater
1514 2426 1712 2480 vester,
1758 2415 1851 2484 qui

275 2503 333 2554 in
368 2503 519 2556 caelis
543 2513 648 2566 est,
684 2504 921 2558 dimittat
951 2505 1103 2558 vobis
1131 2515 1351 2572 peccata
1393 2514 1588 2558 vestra.
1625 2507 1776 2570 Quod
1798 2505 1843 2558 si

277 2607 378 2646 vos
405 2608 509 2646 non
545 2594 888 2658 dimiseritis,
918 2611 1024 2651 nec
1049 2596 1219 2650 Pater
1262 2605 1460 2660 vester,
1493 2598 1582 2664 qui
1617 2599 1669 2649 in
1699 2598 1852 2650 caelis

278 2693 392 2747 est,
423 2685 658 2740 dimittet
686 2688 840 2741 vobis
869 2699 1092 2756 peccata
1125 2699 1328 2744 vestra.
1361 2706 1380 2740 ι
1413 2689 1630 2757 Septem
1663 2703 1852 2743 versus

279 2776 547 2830 orationis
583 2776 883 2832 Dominicte
916 2779 1129 2834 Marcus
1180 2793 1282 2834 suo
1315 2793 1466 2834 more
1511 2779 1565 2832 in
1597 2795 1700 2833 una
1729 2795 1856 2832 ora-

283 2865 432 2921 tione
476 2869 912 2938 compreheudit.
967 2871 1018 2926 Is
1072 2887 1304 2943 namque
1353 2875 1440 2926 cui
1477 2871 1702 2926 dimissa
1732 2882 1854 2924 sunt

285 2959 494 3025 omnia,
551 2963 684 3030 quid
707 2965 941 3033 amplius
967 2965 1200 3032 rogabit,
1230 2965 1340 3019 nisi
1371 2967 1512 3034 quod
1539 2971 1856 3032 perseVeret

286 3052 342 3104 in
365 3065 431 3106 eo
458 3055 598 3120 quod
621 3054 892 3108 obtinuit?

1955 1867 2075 1913 tunt
2096 1859 2162 1912 ad
2193 1874 2315 1914 eum
2356 1863 2622 1930 quosdam
2655 1877 2720 1918 ex
2759 1865 3043 1934 pharisaeis
3087 1876 3142 1921 et
3179 1865 3524 1933 Herodianis,

1951 1959 2012 2002 ut
2059 1963 2182 2004 eum
2215 1960 2472 2020 caperent
2528 1953 2581 2007 in
2633 1954 2822 2009 verbo.
2862 1955 2966 2021 Qui
3002 1957 3285 2012 venientes
3341 1959 3531 2012 dicunt

1951 2041 2026 2094 ei.
2070 2057 2089 2090 ι
2156 2037 2352 2105 Homo,
2413 2041 2554 2096 Deus
2593 2043 2788 2098 dicitur
2835 2055 2988 2114 pater
3034 2045 3271 2101 humano
3309 2046 3526 2102 aﬂ'cctu.

1951 2129 2120 2186 Vinea
2151 2169 2166 2196 ,
2203 2131 2398 2186 domus
2438 2133 2604 2188 lsrael
2633 2144 2736 2189 est.
2767 2134 2944 2206 Sepis,
2980 2146 3061 2192 est
3091 2138 3334 2192 custodia
3366 2155 3529 2208 auge-

1951 2224 2141 2278 lorum.
2185 2222 2358 2280 Lacus
2390 2233 2475 2280 est
2509 2226 2639 2283 lex:
2681 2228 2878 2294 turris,
2911 2229 3167 2298 templum
3199 2247 3214 2284 :
3241 2232 3522 2301 agricolae.

1951 2316 2284 2371 sacerdotes.
2334 2315 2706 2384 Peregrinatio
2768 2318 2885 2385 Dei,
2939 2320 3158 2376 libertas
3214 2333 3298 2376 est
3354 2323 3526 2378 nostri

1953 2407 2183 2460 arbitrii.
2210 2407 2366 2462 Servi
2397 2408 2571 2474 missi,
2602 2410 2898 2479 pr0phette.
2928 2411 3164 2468 Fructus
3189 2413 3380 2480 vinea,
3400 2417 3532 2469 ohe-

1953 2499 2183 2552 dientia.
2218 2497 2297 2552 De
2345 2499 2624 2569 prOphetis
2662 2501 2752 2555 alii
2800 2503 2950 2569 etesi,
2993 2504 3083 2557 alii
3115 2505 3405 2571 vulnerati,
3440 2508 3528 2561 alii

1953 2587 2119 2642 occisi
2153 2598 2298 2644 sunt.
2331 2589 2500 2646 Filius
2528 2594 2885 2650 charissimus
2927 2607 2982 2650 et
3008 2599 3361 2666 novissimus,
3389 2601 3530 2657 Uni-

1956 2680 2168 2750 genitus
2207 2691 2313 2735 est.
2345 2680 2683 2739 Verebantur
2718 2684 2889 2740 filium
2934 2701 3138 2745 meum.
3165 2689 3266 2746 Per
3305 2693 3532 2748 ironiam

1957 2771 2057 2824 hoc
2083 2771 2307 2826 dicitur.
2333 2773 2398 2827 Et
2429 2775 2710 2843 eiecerunt
2741 2791 2864 2831 eum
2885 2789 3039 2834 extra
3075 2782 3313 2847 vineam,
3339 2785 3390 2838 id
3449 2795 3535 2840 est

1956 2869 2107 2914 extra
2129 2863 2363 2928 plebem,
2393 2864 2635 2920 dicentes
2671 2881 2686 2918 :
2739 2867 2877 2931 Quia
2932 2867 3312 2926 Samaritanus
3371 2889 3446 2940 es,
3483 2884 3534 2928 et

1957 2953 2274 3008 daemonium
2297 2954 2462 3010 habes
2488 2955 2674 3024 (Joan.
2701 2972 2816 3023 vin,
2870 2958 2984 3031 ιδ).
3010 2959 3178 3016 Datur
3203 2965 3356 3018 vinea
3389 2964 3534 3033 aliis,

1959 3046 2012 3098 id
2034 3055 2136 3107 est,
2172 3049 2238 3099 ab
2272 3047 2493 3103 Oriente
2541 3059 2594 3103 et
2653 3048 2967 3117 Occidente,
3016 3062 3071 3108 et
3098 3053 3323 3120 Austro,
3357 3067 3414 3111 et
3454 3060 3524 3112 ab

361 3161 381 3192 ι
421 3143 486 3198 Ει
508 3146 936 3203 veniuntrursus
967 3146 1641 3219 Hierosolymam.Etcum
1669 3149 1855 3202 ambu-

1963 3137 2229 3206 Aquilone
2255 3139 2614 3207 venientibus,
2656 3153 2713 3195 et
2742 3109 3186 3200 recumbentibus
3219 3109 3339 3200 cum
3363 3109 3540 3202 Abl;-

283 3233 462 3288 latent
479 3235 532 3291 in
551 3235 774 3306 templo,
795 3239 1060 3292 accedunt
1077 3240 1142 3291 ad
1163 3253 1285 3293 eum
1306 3241 1502 3294 summi
1526 3242 1857 3308 sacerdOtes,

281 3335 342 3380 et
368 3327 580 3392 scribae,
612 3339 670 3383 et
688 3328 951 3392 seniores,
973 3339 1028 3384 et
1050 3331 1240 3384 dicunt
1264 3331 1316 3386 ei
1340 3343 1356 3382 :
1383 3329 1443 3384 lu
1469 3347 1575 3400 qua
1597 3342 1860 3401 potestate
1901 3319 1904 3321 λ

287 3419 405 3472 ιικο
429 3417 566 3474 facis
591 3419 615 3470 τ
640 3429 695 3475 et
744 3421 870 3490 quis
901 3421 1051 3477 dedit
1095 3423 1193 3477 tibi
1225 3424 1366 3478 hanc
1421 3434 1771 3491 potestatem,
1803 3433 1860 3477 ut

290 3507 394 3562 ista
453 3507 668 3564 facias?
717 3508 878 3566 Jesus
932 3523 1114 3568 autem
1171 3513 1510 3582 respondens
1571 3514 1648 3566 ait
1702 3513 1858 3568 illis:

289 3597 636 3675 [interrogabo
663 3617 756 3659 vos
782 3614 836 3657 et
863 3607 1149 3675 egoiunam
1173 3608 1422 3672 verbum,
1457 3615 1512 3660 et
1535 3609 1862 3675 respondete

290 3690 446 3756 mihi,
471 3705 524 3748 et
547 3692 730 3749 dicam
759 3695 915 3750 vobis
949 3696 1004 3750 in
1029 3711 1136 3766 qua
1171 3704 1445 3766 potestate
1482 3699 1612 3751 haec.
1637 3695 1856 3750 faciam.

288 3778 561 3850 Baptistna
600 3782 828 3840 Joannis
865 3785 936 3840 de
956 3787 1096 3841 coelo
1125 3797 1263 3853 erat,
1294 3800 1365 3842 an
1395 3802 1464 3841 ex
1501 3787 1860 3842 hominibus?

288 3873 634 3941 Respondete
651 3877 805 3932 mihi.
824 3877 898 3932 At
919 3878 998 3932 illi
1013 3879 1330 3950 cogitabant
1347 3894 1556 3946 secum,
1576 3880 1822 3936 dicentes
1841 3896 1858 3933 :

289 3965 349 4019 Si
377 3966 674 4022 dixerimus
700 3970 768 4022 de
795 3969 957 4036 ctelo,
990 3971 1136 4026 dicet
1163 3985 1177 4022 :
1211 3969 1398 4037 Quare
1443 3985 1575 4041 ergo
1602 3987 1708 4026 non
1739 3986 1862 4026 cre-

288 4056 508 4112 didistis
537 4060 628 4114 ei?
669 4059 726 4114 Si
757 4062 1078 4127 dixerimus,
1113 4079 1177 4118 ex
1213 4064 1526 4140 hominibus
1561 4080 1578 4118 :
1609 4066 1862 4118 timemus

291 4151 569 4220 populum.
597 4149 798 4207 Omnes
847 4159 995 4208 enim
1053 4155 1328 4210 habebant
1370 4155 1677 4221 Joannem,
1732 4158 1861 4223 quia

295 4257 421 4297 vere
443 4246 718 4313 propheta
743 4257 912 4301 esset.
936 4245 1008 4300 Et
1047 4250 1439 4315 respondentes
1479 4251 1665 4304 dicunt
1687 4248 1816 4304 Jesu
1843 4264 1860 4302 :

291 4333 598 4390 Nescimus.
643 4354 664 4386 ι
728 4337 802 4390 De
844 4341 1066 4392 lucerna
1129 4339 1296 4393 invidi
1352 4343 1744 4404 obscurantur,
1803 4349 1861 4395 ut

289 4428 492 4482 dicitur
515 4443 530 4480 :
567 4425 769 4482 Patavi
801 4431 1066 4484 lucernam
1091 4429 1301 4486 Christo
1325 4447 1460 4498 meo,
1487 4433 1724 4486 inimicos
1748 4432 1860 4501 ejus
1892 4460 1941 4517 ὓ

291 4519 509 4572 induam
539 4513 851 4586 confusione
889 4521 1057 4592 (Psal.
1085 4537 1268 4587 cxxxt,
1301 4524 1522 4593 17-18).

371 4629 392 4662 ε
427 4612 491 4666 Ει
514 4615 848 4681 respondens
879 4613 1064 4682 lusus,
1103 4617 1181 4669 ait
1205 4616 1356 4671 illis:
1386 4615 1572 4687 Neque
1613 4633 1712 4686 ego
1743 4619 1865 4674 dico

295 4706 474 4770 vobis,
505 4706 690 4775 in-fqua
715 4715 983 4773 potestate
1007 4710 1121 4762 haec
1161 4708 1384 4763 faciam.
1417 4727 1450 4760 ι.
1471 4707 1573 4764 Hic
1601 4723 1723 4764 cum
1745 4727 1869 4782 per-

296 4809 453 4850 verso
479 4795 811 4850 subvertitur
842 4797 1009 4854 Deus.

868 4949 1098 5011 CAPUT
1143 4955 1260 5011 ΧΠ.

372 5093 392 5126 ι
431 5074 496 5128 Et
529 5075 694 5144 erepit
715 5074 824 5130 illis
851 5075 904 5129 in
935 5077 1208 5146 parabolis
1236 5075 1381 5146 loqui
1412 5095 1426 5132 :
1454 5075 1676 5131 Vineam
1699 5078 1868 5148 pasti-

291 5167 448 5221 navit
477 5169 658 5229 homo,
685 5176 743 5221 et
773 5169 1130 5222 circumdedit
1165 5183 1374 5238 sepem,
1414 5179 1472 5222 et
1501 5168 1634 5222 fodit
1668 5168 1866 5232 lacum,

291 5269 349 5312 et
390 5259 676 5314 adiﬁcavit
712 5259 927 5324 turrim,
983 5271 1037 5314 et
1075 5261 1270 5314 locavit
1313 5273 1436 5314 eam
1489 5261 1742 5329 agricolis
1773 5278 1789 5316 :
1816 5271 1872 5315 et

293 5365 522 5421 peregre
590 5350 866 5420 profectus
903 5361 1006 5405 est.
1054 5350 1122 5404 Et
1171 5353 1317 5406 misit
1379 5352 1446 5404 ad
1499 5351 1768 5422 agricolas
1816 5353 1868 5406 in

289 5454 541 5512 tempore
565 5458 786 5498 servum
812 5459 828 5499 :
858 5453 915 5498 ut
946 5444 1015 5498 ab
1031 5444 1281 5514 agricolis
1305 5444 1578 5512 acciperet
1597 5443 1668 5497 de
1686 5443 1868 5498 fructu

286 5535 488 5590 vim.
517 5532 619 5600 Qui
643 5537 1040 5604 apprehensum
1081 5549 1210 5589 eum
1231 5533 1576 5599 ceciderunt,
1615 5545 1672 5588 et
1697 5536 1864 5587 dimi—

282 5634 483 5680 seruut
533 5639 789 5680 vacuum.
825 5625 896 5682 Et
953 5627 1150 5682 iterum
1204 5626 1356 5682 misit
1400 5629 1466 5680 ad
1523 5625 1650 5680 illos
1701 5625 1866 5679 alium

282 5730 512 5777 servum
551 5735 568 5775 :
608 5729 664 5774 et
713 5717 868 5774 illum
929 5719 984 5774 in
1039 5717 1222 5789 capite
1289 5717 1750 5784 vulneraverunt,
1815 5728 1869 5774 et

1967 3229 2112 3292 ham,
2148 3225 2296 3282 Isaac
2319 3239 2375 3284 et
2406 3227 2576 3286 Iacob
2608 3231 2662 3284 in
2690 3247 2856 3302 regno
2879 3233 2973 3289 Dei
3001 3234 3219 3305 (Matth.
3259 3252 3376 3304 Vill,
3422 3239 3536 3311 il).
3583 3257 3591 3262 ·

1966 3319 2068 3372 Hic
2092 3330 2176 3372 est
2203 3319 2340 3385 lapis
2369 3325 2654 3390 reprobus,
2703 3339 2863 3392 quem
2921 3333 3096 3396 gestat
3119 3329 3372 3397 angulus,
3405 3345 3540 3386 conv

1959 3407 2188 3478 iungens
2221 3411 2274 3464 in
2307 3425 2462 3466 cmna
2521 3426 2658 3480 pura
2689 3429 2886 3484 agnum
2933 3431 3058 3472 cum
3113 3433 3258 3489 pane
3289 3437 3305 3474 :
3343 3421 3539 3477 finiens

1970 3497 2155 3566 Vetus,
2175 3497 2382 3557 Novum
2417 3503 2677 3561 inchoatis
2723 3509 3156 3565 Testamentum.
3195 3513 3299 3568 Hic
3318 3525 3541 3584 praestat

1967 3593 2104 3645 mira
2135 3591 2189 3645 in
2226 3594 2400 3649 octdis
2425 3595 2633 3651 nostris
2665 3609 2682 3650 :
2728 3607 2788 3652 ut
2812 3602 3084 3666 topazion.
3115 3601 3269 3658 Tunc
3310 3607 3542 3662 interro-

1965 3691 2094 3750 gant
2124 3698 2247 3738 eum
2277 3685 2495 3741 mellitis
2530 3687 2712 3745 verbis
2748 3706 2765 3742 :
2797 3690 3208 3749 circumdabant
3243 3711 3367 3750 eum
3399 3701 3543 3754 s'eut

1965 3789 2116 3844 apes,
2153 3776 2260 3830 mel
2325 3787 2606 3846 portantes
2651 3781 2706 3835 in
2755 3795 2890 3848 ore,
2927 3784 3176 3840 aculeum
3240 3787 3296 3842 in
3365 3797 3537 3859 tergo,

1967 3866 2212 3923 dicentes
2241 3883 2256 3921 :

2044 3977 2062 4008 ι
2102 3959 2377 4030 Magister,
2417 3961 2622 4020 scimus
2654 3964 2781 4034 quia
2818 3979 2982 4022 verax
3016 3981 3101 4035 es,
3149 3977 3338 4026 etnon
3369 3985 3535 4027 curas

1966 4065 2329 4122 quemquam:
2367 4070 2464 4110 nec
2504 4056 2649 4110 enim
2682 4059 2831 4113 vides
2869 4064 2924 4113 in
2969 4061 3162 4116 faciem
3211 4062 3490 4118 hominum
3521 4079 3539 4120 :

1967 4149 2070 4200 sed
2093 4147 2148 4200 in
2187 4149 2416 4202 veritate
2457 4148 2598 4202 viam
2648 4149 2742 4204 Dei
2799 4151 2963 4204 doces
2994 4166 3008 4203 :
3040 4152 3167 4207 licet
3206 4155 3337 4209 dare
3370 4155 3544 4209 tribu-

1968 4247 2080 4293 tum
2100 4237 2329 4304 Caesari,
2363 4255 2431 4292 an
2464 4255 2569 4294 non
2593 4240 2843 4296 dabimus
2869 4241 3012 4308 τρυε
3041 4244 3220 4299 sciens
3245 4246 3538 4300 versutiam

1967 4331 2206 4398 illorum,
2244 4334 2321 4386 ait
2354 4333 2460 4388 illis
2493 4349 2506 4383 :
2567 4334 2706 4400 Quid
2757 4350 2841 4388 me
2875 4335 3146 4390 tentatis?
3182 4336 3384 4391 Alferte
3412 4339 3542 4392 mhi

1968 4427 2250 4480 denarium
2285 4437 2343 4480 ut
2375 4427 2612 4483 videam.
2651 4428 2721 4482 At
2779 4429 2856 4484 illi
2900 4430 3217 4485 obtulerunt
3261 4433 3330 4499 ei,
3364 4442 3416 4486 et
3467 4435 3544 4486 ait

1969 4516 2076 4570 illis
2115 4532 2129 4569 :
2171 4516 2346 4586 Cujus
2379 4527 2463 4573 est
2493 4519 2669 4588 imago
2711 4519 2847 4584 hare,
2887 4530 2942 4575 et
2985 4521 3316 4591 inscriptio?
3347 4522 3546 4578 D.cunt
3638 4571 3654 4582 ,

1967 4609 2040 4674 ei,
2072 4607 2333 4665 Caesaris.
2389 4610 2742 4682 Respondeas
2769 4625 2954 4667 autem
2979 4611 3164 4679 Iesus,
3211 4615 3350 4669 dixit
3379 4617 3488 4671 illis
3521 4632 3538 4671 :

1967 4699 2200 4756 Reddite
2245 4704 2406 4772 igitur
2443 4720 2559 4773 qua:
2586 4713 2715 4757 sunt
2755 4704 3014 4771 Caesaris,
3052 4707 3276 4775 Caesari,
3337 4718 3391 4762 et
3420 4724 3539 4776 qua:

1969 4803 2094 4848 sunt
2125 4793 2242 4855 Dei,
2273 4793 2404 4848 Deo.
2433 4794 2498 4848 Et
2530 4795 2871 4850 mirabantur
2924 4812 3094 4866 super
3145 4813 3230 4852 eo.
3271 4799 3334 4852 Et
3378 4814 3544 4853 vene-

1970 4893 2098 4938 runt
2129 4885 2195 4938 ad
2222 4899 2346 4938 eum
2403 4885 2686 4940 Saddncati
2710 4889 2804 4957 qui
2845 4889 3034 4944 dicunt
3082 4893 3538 4944 resurrectionem

1972 4991 2080 5029 non
2135 4990 2259 5031 esse
2294 4991 2309 5006 ο
2344 4988 2401 5030 et
2462 4979 2870 5048 interrogabant
2917 4995 3066 5048 eum,
3105 4981 3346 5036 dicentes
3381 4997 3396 5034 :
3426 4980 3541 5034 Ma-

1970 5071 2157 5138 gister.
2213 5069 2388 5126 Moses
2441 5073 2595 5126 nobis
2642 5075 2913 5143 scripsit,
2961 5083 3018 5128 ut
3069 5073 3117 5128 si
3167 5073 3322 5144 cuius
3373 5073 3544 5129 frater

1973 5170 2220 5216 mortuus
2257 5164 2442 5229 fuerit,
2469 5173 2524 5216 et
2557 5165 2824 5219 dimiserit
2850 5182 3076 5221 uxorem
3098 5208 3114 5230 ,
3143 5176 3198 5220 et
3257 5167 3395 5222 lilios
3435 5183 3540 5220 non

1973 5256 2272 5324 reliquerit,
2304 5257 2538 5326 accipiat
2582 5256 2752 5312 frater
2805 5257 2925 5328 eius
2973 5274 3198 5312 uxorem
3251 5261 3445 5328 ipsius,
3481 5271 3540 5312 et

1973 5349 2479 5410 resuscitetsemen
2535 5350 2690 5404 fratri
2737 5364 2858 5404 suo.
2905 5350 3128 5420 Septem
3161 5365 3293 5422 ergo
3342 5353 3540 5406 fratres

1971 5448 2145 5504 erant,
2179 5449 2234 5492 et
2286 5441 2491 5506 primus
2524 5441 2735 5510 accepit
2769 5455 3016 5510 uxorem,
3072 5453 3127 5496 et
3176 5452 3422 5498 tltOIlllllS
3462 5455 3548 5500 cst

1973 5547 2082 5586 nou
2112 5534 2302 5588 relicto
2324 5534 2532 5588 setnine
2570 5549 2586 5599 ;
2622 5544 2679 5588 et
2735 5533 3008 5589 secundus
3053 5537 3264 5605 accepit
3289 5549 3442 5602 earn,
3489 5547 3544 5589 et

1974 5623 2223 5678 mortuus
2243 5632 2352 5688 est,
2386 5632 2441 5678 et
2464 5637 2564 5678 nec
2602 5623 2706 5678 iste
2753 5622 2972 5693 reliquit
3015 5639 3224 5690 semen,
3264 5637 3320 5681 et
3351 5625 3544 5680 tertius

1973 5715 2245 5774 similiter.
2281 5714 2343 5770 Et
2375 5723 2704 5788 acceperunt
2729 5729 2849 5772 eam
2897 5717 3148 5774 similiter
3203 5725 3436 5789 septem,
3483 5724 3542 5773 et
