3934 6200
472 576 892 639 resurrexeri'nt,
956 567 1111 640 cujus
1166 566 1236 621 de
1288 564 1375 617 his
1428 559 1534 613 erit
1590 554 1768 610 uxor?
1822 552 2045 620 Septem

472 676 617 729 enim
641 670 949 725 habuerunt
988 677 1108 717 eam
1136 671 1383 714 uxorem.
1407 652 1472 706 Et
1508 646 1847 718 respondens
1865 642 2047 707 Jesus,

474 766 545 819 ait
574 764 680 818 illis
711 779 725 815 :
759 758 953 815 Nonne
979 755 1100 809 ideo
1139 748 1356 808 erratis,
1399 760 1506 799 non
1540 742 1775 796 scientes
1803 735 2051 803 Scriptu-

474 870 564 909 ras
594 866 768 918 neque
797 848 1055 901 virtutem
1093 839 1231 894 Dei?
1271 837 1406 891 Cutn
1436 834 1579 889 enim
1618 846 1646 882 a
1704 825 1933 880 mortuis
1964 836 2050 874 re-

477 941 837 1001 surrexerint,
877 950 1057 1005 neque
1100 933 1327 992 nubent,
1369 940 1543 993 neque
1590 921 1865 975 nnbeutnr
1905 933 1918 967 :
1958 912 2054 967 sed

478 1044 604 1092 sunt
627 1036 766 1088 sicut
803 1029 978 1099 angeli
1017 1027 1069 1081 in
1099 1023 1273 1080 cmlis.
1312 1039 1329 1071 ι
1368 1017 1516 1072 Mala:
1554 1015 1817 1082 siquidem
1845 1007 2056 1077 cogita-

481 1129 655 1181 tiones
682 1128 733 1178 in
768 1125 873 1177 iuta
901 1132 1058 1173 terra,
1080 1121 1416 1184 merguntur,
1435 1109 1558 1178 quia
1589 1108 1655 1162 de
1685 1106 1813 1174 ipsis
1830 1108 2058 1163 exeunt,

479 1232 533 1273 rt
566 1220 619 1273 in
681 1217 871 1271 eadem
927 1214 1123 1266 iterum
1182 1206 1504 1261 annositate
1559 1184 1868 1253 volvuntur.
1903 1192 2060 1259 Quod

479 1315 684 1371 Iudaeis
734 1311 1016 1365 evidenter
1055 1303 1274 1363 accidit,
1310 1315 1433 1355 cum
1487 1294 1755 1363 blapbenti
1806 1293 1857 1344 in
1901 1291 2060 1342 inno-

482 1411 656 1463 centis
682 1402 884 1459 Christi
915 1412 1113 1453 cruore
1156 1392 1367 1447 versati
1396 1398 1547 1455 sunt.
1595 1382 1898 1452 Respondit
1936 1381 2061 1444 illis,

485 1500 774 1565 imaginem
808 1492 1038 1545 (Suasoris
1070 1474 1425 1545 habentibus,
1476 1492 1761 1533 nummum
1812 1486 2063 1526 coaetuut

419 1634 435 1667 ξ,
485 1587 708 1648 Caesari,
742 1598 837 1636 vos
877 1583 1021 1649 ipsos
1068 1578 1306 1631 libenter
1361 1571 1469 1624 Duo
1506 1568 1737 1622 reddite.
1774 1565 2064 1634 Signatum

420 1669 429 1676 ’
486 1690 570 1735 est
600 1694 766 1749 super
797 1689 895 1729 nos
948 1673 1132 1726 lumen
1165 1668 1344 1720 vultus
1378 1662 1498 1726 Dei,
1551 1675 1657 1713 non
1709 1655 1965 1711 Caesaris.
1997 1652 2068 1706 Et

491 1775 711 1829 veniunt
736 1768 803 1822 ad
835 1783 956 1821 eum
982 1759 1289 1822 Saddnctei,
1320 1766 1374 1811 ut
1408 1757 1638 1821 reliqua.
1666 1750 1738 1805 De

490 1869 671 1922 stioue
692 1864 827 1916 alias
858 1840 1258 1926 disputabimus
1292 1863 1309 1905 :
1350 1849 1439 1901 hic
1471 1844 1628 1899 nobis
1677 1857 1785 1896 nun
1825 1848 1911 1892 est
1938 1850 2068 1891 cura

489 1956 691 2011 erroris
722 1949 904 2005 alieni.
930 1948 1035 2002 Sed
1068 1944 1211 2013 quod
1232 1952 1392 1993 erunt
1429 1937 1675 1991 homines
1713 1932 1857 1986 sicut
1887 1925 2070 1996 angeli

493 2047 608 2109 Dei,
637 2046 689 2100 id
716 2054 820 2108 eet,
851 2055 1012 2095 nemo
1043 2038 1117 2092 ibi
1150 2035 1402 2093 moritur,
1464 2042 1622 2082 nemo
1662 2023 1733 2078 ibi
1766 2023 2010 2076 nascitur
2053 2034 2069 2074 :

493 2156 593 2195 nec
642 2137 843 2199 iulans,
886 2147 985 2186 nec
1039 2142 1229 2185 senex.
1260 2123 1452 2178 Mulier
1494 2119 1697 2176 sterilis
1750 2130 1855 2169 non
1903 2113 2077 2167 relin-

494 2247 667 2303 quens
725 2242 907 2282 semen
944 2238 1010 2277 ex
1048 2229 1259 2289 septem
1313 2214 1577 2271 fratribus
1610 2209 1908 2264 novissime
1958 2218 2074 2258 mo-

498 2300 664 2391 riens,
714 2318 842 2389 quid
875 2313 1020 2369 aliud
1052 2309 1344 2380 signiﬁcat,
1372 2320 1532 2374 quant
1561 2300 1847 2357 Iudaicam
1900 2310 2067 2367 syna-

500 2434 689 2492 gogam
711 2416 960 2471 relictam
993 2407 1152 2478 quasi
1175 2411 1443 2457 mortuam
1465 2415 1492 2450 a
1520 2394 1713 2464 Spiritu
1745 2388 2072 2461 septiformi,

498 2482 601 2582 qui
629 2520 837 2577 septem
864 2498 1205 2573 patriarchas
1235 2489 1516 2560 implevit?
1540 2487 1642 2553 Qui
1683 2500 1791 2538 nou
1839 2482 2076 2550 relique-

498 2575 629 2658 runt
653 2575 839 2655 semen
891 2595 943 2648 ei
983 2592 1236 2654 Abrahae,
1271 2585 1412 2656 quod
1462 2592 1547 2637 est
1586 2578 1749 2634 Jesus
1794 2575 2074 2631 Christus.

504 2697 657 2752 Licet
691 2691 997 2757 eninrpuer
1032 2690 1193 2737 natus
1244 2688 1329 2733 est
1367 2676 1495 2739 illis,
1529 2673 1685 2726 nobis
1717 2678 1896 2723 tamen
1943 2682 2073 2737 gen-

506 2789 649 2843 tibus
678 2785 840 2837 datus
867 2789 970 2834 est.
999 2775 1129 2843 Quae
1193 2770 1387 2826 mulier
1419 2778 1631 2821 mortua
1660 2770 1778 2817 erat
1811 2760 2031 2816 Christo
2062 2776 2079 2815 :

507 2878 871 2947 neccuiquatn
908 2868 1229 2943 patriarchae
1264 2866 1330 2919 de
1361 2869 1566 2931 septem
1596 2860 1648 2913 in
1680 2853 2082 2911 resurrectione

506 2978 890 3043 conjungetur.
928 2967 1166 3036 Septeno
1206 2972 1438 3028 namque
1484 2970 1711 3010 numero
1747 2949 2080 3006 universitas

1415 263 1477 325 S.
1517 252 1967 321 HIERONYMI
2002 246 2329 314 OPEBUM
2369 237 2782 307 MAN'I‘ISSA.

2146 371 2354 435 septem
2401 358 2627 414 aﬁ'ectus
2681 355 2736 409 in
2796 344 3025 405 Psalmis
3079 339 3380 397 invenimus
3416 349 3659 408 expressos,

3575 222 3658 288 658

2150 426 2317 511 ut'est
2355 444 2483 508 illud
2513 451 2749 521 primum
2785 462 2799 499 ε
2831 440 3081 508 Concepit
3120 426 3348 489 dolorem
3372 473 3385 494 .
3428 440 3471 486 et
3510 434 3665 501 peperit

2148 549 2485 620 iniquitatem
2518 520 2525 521 ⁷
2556 540 2731 613 (Psal.
2764 553 2836 591 vn
2865 576 2883 604 ,
2945 534 3059 599 15).
3110 524 3428 584 Secundus:
3477 520 3668 585 Ρηῑνυιηί

2150 642 2203 694 in
2219 610 2551 696 maturitate,
2567 610 2632 684 vet
2649 629 2874 685 clamavi
2892 622 3066 696 (Psal.
3091 633 3285 681 cxvttt,
3310 613 3448 684 H7).
3470 610 3669 667 Tertius:

2152 730 2366 784 Incerta
2410 736 2458 780 et
2491 723 2698 780 occulta
2742 717 3146 788 sapientia'tutc
3196 704 3528 773 manifestasti
3574 705 3670 755 mihi

2153 820 2329 889 (Prol.
2376 834 2431 879 ιι.
2465 815 2542 885 8).
2571 814 2853 880 Quartus:
2898 804 3110 860 Inimici
3142 800 3245 856 mei
3282 797 3497 851 animum
3540 808 3673 847 meant

2157 880 2617 967 circumdederunt
2665 901 2839 974 (Psal.
2888 914 2999 960 xvt,
3034 896 3111 964 9).
3147 892 3381 959 Quintus
3412 903 3425 938 :
3461 880 3677 940 Obliviori

2158 1003 2314 1054 datus
2344 1014 2459 1053 sunt
2488 1006 2742 1065 tanquam
2794 1000 3034 1044 mortuus
3090 1000 3121 1035 a
3175 979 3329 1034 corde
3378 974 3528 1045 (Psal.
3575 990 3677 1035 xxx,

2161 1096 2270 1164 15).
2305 1094 2506 1149 Sextus
2534 1108 2548 1147 :
2593 1088 2858 1156 Quoniam
2888 1080 3053 1135 lumbi
3080 1076 3180 1129 mei
3213 1071 3407 1139 impleti
3442 1079 3547 1121 sunt
3583 1068 3681 1121 illu-

2162 1161 2395 1245 sionibns
2433 1185 2604 1256 (Psal.
2638 1196 2804 1243 xxvtt,
2835 1178 2913 1245 8).
2959 1173 3239 1242 Septimus
3269 1180 3285 1217 :
3330 1162 3517 1215 Delicta
3532 1161 3683 1229 juven-

2165 1285 2292 1337 tutis
2328 1296 2478 1342 mete,
2529 1287 2579 1331 et
2627 1271 2973 1344 ignorantias
3008 1281 3157 1320 mens
3192 1277 3253 1316 ne
3283 1256 3580 1317 memineris,
3609 1252 3666 1306 Do

2165 1376 2306 1428 mine
2343 1368 2521 1440 (Psal.
2557 1381 2704 1424 xxiv,
2744 1361 2821 1431 7).
2863 1359 3011 1425 QuOs
3054 1354 3282 1409 allectus
3317 1348 3528 1418 spiritus
3554 1344 3685 1412 septi-

2168 1468 2360 1522 formis
2420 1459 2679 1517 emnndat
2713 1467 2767 1512 et
2799 1453 3066 1509 illuminat
3094 1491 3110 1514 ,
3173 1454 3233 1498 ut
3269 1451 3467 1511 septem
3507 1437 3691 1489 lucerna!

2171 1561 2239 1616 ab
2269 1570 2458 1615 austro
2481 1555 2758 1615 ardentes,
2801 1545 3154 1617 aquilonares
3182 1533 3433 1592 tenebras
3465 1526 3689 1597 expellant

2174 1656 2226 1708 in
2263 1648 2620 1704 tabernaculo
2655 1642 2889 1697 Domini.
2923 1637 3160 1707 Spiritus
3185 1625 3463 1697 sapientia:
3503 1622 3550 1675 in
3580 1617 3696 1689 pigro

1780 1749 1882 1802 hac
1912 1761 2060 1814 (Ιυίε-
2101 1730 2137 1780 Β
2178 1743 2557 1816 negligentiam
2595 1736 2830 1807 repellit.
2884 1729 3126 1799 Spiritus
3157 1719 3463 1777 intellectus
3510 1712 3694 1780 diligen-

2178 1801 2748 1891 tia‘inurationabili-ter
2784 1823 3005 1893 quatrit.
3042 1817 3283 1887 Spiritus
3336 1805 3560 1866 consilii.
3596 1801 3700 1857 tint-

2185 1943 2308 1985 nam
2372 1922 2777 1996 providentiam
2865 1914 3160 1987 prudentvr
3228 1903 3451 1959 invenit.
3511 1895 3699 1967 Spiritus

2181 2024 2403 2079 virtutis
2469 2012 2864 2084 instigationis
2933 2007 3148 2061 fortiter
3207 1996 3465 2052 retundit.
3520 1987 3706 2059 Spiritu

2183 2115 2449 2174 scientiae,
2481 2108 2809 2165 oblivionem
2844 2101 3106 2157 lubricam
3138 2094 3229 2149 ditt
3259 2105 3383 2146 esse
3413 2087 3602 2151 integre
3620 2095 3700 2133 non

2186 2210 2339 2267 sinit.
2384 2203 2624 2275 Spiritus
2656 2198 2878 2271 pietatis
2924 2194 3219 2250 humanam
3253 2184 3584 2252 fragilitatem
3627 2173 3707 2228 cle-

2192 2310 2405 2355 menter
2433 2294 2701 2363 indulget.
2733 2288 2971 2359 Spiritus
3007 2280 3221 2338 timoris
3265 2276 3363 2330 Dei
3405 2266 3707 2339 improvidam

2189 2391 2553 2466 ignorantiam
2592 2359 2869 2440 vardenter
2925 2375 3213 2445 decoquit,
3262 2385 3323 2425 ac
3361 2366 3511 2437 plene
3559 2359 3711 2428 replt‘l.

2191 2483 2470 2556 Sapientia
2501 2481 2725 2535 domum
2749 2473 2983 2529 aediﬁcat
3018 2485 3032 2523 :
3068 2466 3383 2522 intel'ectns
3403 2449 3713 2529 gubernacula

2193 2541 2404 2634 invenit
2443 2590 2458 2625 :
2506 2568 2802 2626 consilium
2837 2565 2975 2619 bona
3022 2558 3258 2613 discreta
3306 2551 3440 2606 facit
3469 2541 3714 2602 :virtusiu

2194 2664 2457 2740 patientia
2513 2660 2752 2715 animam
2808 2653 3054 2724 possidet
3087 2643 3363 2704 :scientia
3397 2638 3588 2696 divitiae
3626 2633 3717 2689 litlei

2190 2735 2248 2818 et
2298 2756 2497 2814 salutis
2543 2750 2925 2824 acquiruntur.
2970 2745 3179 2799 Pietate
3234 2735 3570 2810 prosperitas
3616 2741 3717 2798 pra-

2191 2850 2365 2908 sentis
2398 2847 2521 2902 vita:
2550 2853 2603 2901 et
2625 2819 2835 2897 .futura:
2881 2833 3152 2892 consistit.
3205 2828 3433 2884 Timore
3486 2819 3718 2880 humilius

2193 2946 2572 3001 conservatur,
2602 2944 2658 2990 et
2691 2945 2853 2987 omne
2907 2933 3195 2999 peccatum
3260 2916 3572 2990 expellitur.
3618 2908 3718 2976 Qui:

508 3015 890 3043 υνισδιιιιον-υ--ν
929 3015 1158 3036 -τνι--ν--ν
1353 3015 1370 3028 .

508 3066 871 3140 perfecturum
927 3059 1179 3127 signatur
1228 3070 1245 3107 :
1275 3061 1336 3106 ut
1385 3064 1538 3103 versa
1573 3049 1690 3100 vice
1750 3058 1846 3112 per
1890 3040 2084 3097 Isaiam
2114 3067 2160 3128 ο
2194 3035 2409 3091 initium
2445 3027 2729 3100 sapientiae
2769 3024 2931 3077 timor
2964 3015 3177 3072 Domini
3201 3021 3309 3070 est.

1758 3139 1761 3140 ⁷
2319 3126 2352 3140 ⁸⁵
2424 3137 2455 3140 κΑ
2476 3122 2639 3140 -κι--ἶλ
2672 3130 2849 3140 ---ιιι-ι-
2911 3111 3054 3140 unus]
3076 3118 3301 3140 -nnnrna

509 3139 706 3217 dicitur
746 3176 759 3211 :
789 3151 1185 3224 Appreltentlent
1208 3155 1403 3214 septem
1434 3141 1680 3196 mulieres
1714 3139 1885 3194 uirum
1923 3149 2088 3189 unum

512 3254 651 3326 (ιω.
684 3267 759 3318 tv,
785 3252 863 3317 ι),
896 3248 946 3301 id
1002 3253 1088 3298 est
1112 3251 1321 3310 septem
1362 3235 1639 3298 Ecclesia,
1667 3245 1801 3301 quas
1831 3229 2091 3282 Dominus

514 3359 659 3400 unus
723 3348 893 3403 autat,
936 3334 1118 3405 arguit
1150 3343 1205 3385 et
1243 3330 1497 3396 castigat,
1534 3326 1766 3378 adorant
1814 3335 1937 3376 eum
1986 3334 2091 3372 uua

516 3438 643 3495 title.
700 3433 793 3488 liae
840 3439 970 3488 sunt
1026 3435 1232 3496 septem
1284 3430 1483 3490 sporta:
1518 3414 1835 3487 fragmentis
1896 3425 2092 3482 panum

518 3529 710 3597 plenae.
766 3522 960 3583 Panes,
1000 3517 1161 3573 verba
1194 3522 1319 3568 sunt
1367 3508 1603 3579 Spiritus
1655 3507 1851 3562 sancti.
1881 3504 2093 3573 Sparta

518 3635 649 3674 vero
676 3615 950 3672 Ecclesiae.
976 3613 1127 3677 Quos
1149 3622 1318 3679 panes
1356 3605 1516 3661 Iesus
1548 3600 1877 3655 benedicens
1915 3596 2094 3662 fregit,

518 3725 573 3767 et
595 3711 849 3779 discipuli
883 3708 999 3775 ejus
1022 3706 1333 3760 diviserunt
1377 3699 1552 3752 turbae
1574 3711 1588 3747 :
1607 3695 1734 3747 dum
1761 3691 1845 3744 die
1866 3687 2100 3756 septimo

523 3804 797 3859 bent-dixit
849 3799 1028 3853 omnia
1086 3808 1250 3863 Opera
1309 3804 1432 3855 sua,
1482 3786 1830 3854 requiescens
1883 3782 1936 3834 in
1995 3778 2100 3831 eis.

526 3893 679 3950 Unde
737 3893 858 3946 luce
915 3890 1057 3941 facta
1119 3884 1294 3953 primo
1356 3883 1485 3944 die,
1525 3877 1618 3947 qui
1664 3887 1749 3929 est
1802 3870 2100 3942 sapientiai,

524 3998 579 4041 et
632 3986 973 4039 firmamento
1002 3979 1056 4032 in
1094 3975 1362 4036 secundo,
1394 3972 1487 4040 qui
1519 3979 1604 4024 est
1656 3966 1966 4022 intellectus
2006 3980 2021 4015 :
2051 3972 2106 4016 et

529 4080 682 4134 arida
717 4076 902 4139 tertio,
929 4069 1025 4139 qui
1048 4078 1135 4122 est
1163 4063 1377 4120 consilii
1415 4079 1429 4116 :
1458 4071 1510 4115 et
1531 4056 1893 4113 luminarihus
1913 4067 2109 4107 accen-

532 4173 609 4226 sis
672 4176 914 4237 quarto,
982 4176 1105 4230 qua:
1172 4165 1299 4213 sunt
1356 4155 1644 4209 virtutes:
1687 4160 1743 4205 et
1798 4146 2109 4201 volatilibus

534 4262 877 4333 piScibnsque
934 4256 1091 4308 factis
1124 4252 1313 4320 quinto
1350 4263 1364 4299 :
1409 4261 1528 4315 qua:
1581 4252 1707 4299 sunt
1758 4242 2025 4301 scientia},
2058 4247 2112 4291 et

534 4358 710 4408 anima
744 4353 956 4403 vivente
984 4357 1163 4410 sexto,
1201 4344 1253 4397 id
1284 4350 1368 4395 est
1421 4339 1643 4394 homine
1703 4336 1768 4389 ad
1816 4332 2109 4400 imaginem

2270 3146 2287 3177 ι
2315 3126 2392 3180 De
2409 3091 2643 3178 mortuis
2670 3130 2876 3179 autem,
2910 3111 3055 3180 quod
3076 3112 3399 3178 resurgant,
3424 3114 3532 3157 non
3556 3091 3723 3165 legistis

2194 3221 2248 3277 in
2280 3218 2422 3274 libro
2461 3213 2597 3269 Mosi
2634 3224 2804 3280 super
2847 3206 3071 3264 rubum.
3126 3196 3413 3270 quomodo
3461 3191 3642 3249 dixerit
3672 3183 3727 3238 iii

2195 3315 2361 3377 Dius,
2396 3308 2653 3377 inquiens
2683 3321 2698 3359 :
2727 3303 2843 3373 Ego
2874 3313 2998 3357 sum
3030 3296 3179 3352 Deus
3197 3292 3512 3354 Abraham,
3538 3294 3589 3340 et
3618 3282 3725 3336 ῡςιις

2196 3407 2374 3468 lsaac,
2420 3412 2477 3458 et
2515 3401 2661 3454 Deus
2684 3394 2877 3451 Jacob.
2932 3390 3054 3446 Non
3085 3397 3175 3444 est
3208 3384 3358 3440 Deus
3411 3388 3731 3436 mortuorum,

2200 3500 2295 3557 sed
2326 3498 2596 3553 vivorum.
2648 3488 2758 3545 Vos
2806 3499 2939 3554 ergo
2979 3483 3211 3538 multum
3258 3476 3527 3534 erratis.»
3575 3471 3625 3525 lu
3649 3480 3729 3537 quo

2203 3602 2288 3650 est
2337 3587 2641 3645 similitudo
2684 3592 2914 3638 vestra:
2972 3578 3028 3632 in
3062 3590 3167 3645 quo
3218 3572 3365 3645 ignis
3405 3568 3642 3627 ardebat.
3668 3558 3737 3616 sed

2206 3698 2319 3739 non
2372 3679 2491 3750 ejus
2521 3675 2713 3746 spinas
2761 3668 3142 3727 consumebat.
3207 3663 3301 3719 S.c
3328 3677 3438 3719 vos
3484 3660 3735 3715 inﬂammat

2204 3749 2483 3844 eloquium
2509 3783 2692 3824 meum
2720 3783 2735 3821 :
2759 3778 2865 3819 nec
2883 3761 3074 3832 spinas
3106 3765 3322 3813 vestras
3352 3755 3464 3811 sub
3495 3749 3740 3807 maledicto

2206 3868 2537 3938 gertninatas
2581 3856 2931 3925 assumpsit:
2983 3852 3260 3921 inquiens,
3306 3849 3460 3902 Deus
3492 3841 3738 3899 Abraham.

2205 3933 2261 4018 et
2290 3959 2434 4012 Deus
2478 3956 2649 4017 lsaac,
2684 3959 2740 4005 et
2793 3948 2934 4005 Deus
2990 3944 3161 4002 Jacob
3196 3957 3212 3997 ε
3265 3954 3351 3996 ter
3386 3940 3562 3995 Deum
3604 3933 3743 3989 nomi-

2208 4056 2414 4117 nando,
2440 4048 2768 4103 Trinitatem
2796 4038 3092 4098 intimavit.
3148 4036 3272 4091 Non
3328 4030 3422 4089 est
3472 4031 3610 4085 Deus
3638 4039 3744 4079 ωοτο

2212 4158 2454 4207 ιιιοιαιιι,
2489 4139 2586 4197 sed
2616 4142 2881 4195 vivorum.
2932 4133 3114 4190 Unum
3147 4129 3316 4185 Deum
3353 4128 3596 4189 iterans,
3626 4133 3747 4175 uuam

2213 4235 2578 4295 substantiam
2610 4228 2904 4301 signiﬁcat.
2946 4224 3151 4279 Vivuut
3177 4229 3391 4287 autem,
3421 4217 3518 4289 qui
3546 4213 3745 4268 vindica-

2218 4332 2343 4386 bant
2375 4328 2686 4398 portionem
2714 4337 2879 4391 quam
2911 4320 3194 4388 elegerant
3227 4314 3623 4373 :mortuivero
3640 4312 3751 4365 sunt.

536 4447 630 4501 Dei
663 4446 828 4509 facto,
859 4441 1003 4511 quod
1060 4448 1145 4494 est
1187 4435 1403 4505 pietatis
1433 4448 1448 4487 :
1476 4431 1705 4498 septimo
1762 4427 1854 4482 die
1907 4426 2107 4494 spiritu
2145 4415 2187 4470 Ι)
2216 4424 2309 4493 qui
2336 4421 2481 4492 quod
2519 4417 2960 4477 vindicaverunt,
2992 4410 3384 4480 perdiderunt.

538 4540 752 4594 timoris
785 4535 1020 4597 Domini,
1049 4532 1141 4600 qui
1176 4535 1458 4599 permanet
1487 4531 1709 4577 sanctus
1741 4520 1794 4573 itt
1844 4518 2107 4574 saeulum

538 4631 747 4695 saeculi,
773 4639 825 4681 et
870 4627 1039 4694 replet
1087 4623 1273 4677 orbem
1312 4630 1603 4677 terrarum,
1640 4623 1829 4667 saneta
1881 4610 2118 4678 repletur

539 4722 803 4784 Ecclesia,
840 4735 946 4773 non
982 4720 1187 4770 habens
1227 4712 1493 4766 maculam
1547 4720 1723 4774 neque
1763 4718 1973 4773 rugam.
2005 4701 2119 4757 Cur

539 4820 718 4865 autem
762 4807 1000 4860 Ecclesia
1029 4800 1384 4873 septiformis,
1414 4798 1467 4853 id
1494 4805 1578 4850 est
1603 4793 1870 4864 perfecta,
1917 4794 2115 4845 timore

542 4900 822 4972 repletur?
880 4900 1017 4963 Quia
1049 4896 1231 4964 justus
1281 4898 1367 4946 vix
1420 4890 1737 4953 salvabitur,
1789 4889 1880 4954 qui
1915 4893 2120 4953 rogat:

543 4997 612 5049 Et
646 5012 746 5048 non
777 4992 937 5045 intres
976 4988 1314 5056 injudict'um
1345 5000 1460 5038 cum
1508 4999 1655 5037 urvo
1687 4990 1801 5044 tuo,
1848 4977 2071 5030 Domine
2103 4993 2122 5031 .'

541 5089 666 5158 quia
704 5101 802 5139 non
818 5081 1205 5152 justi/imbitur
1235 5080 1286 5131 in
1315 5086 1592 5144 conspectu
1618 5084 1708 5125 tuo
1740 5071 1912 5125 omnis
1949 5070 2122 5122 vivens

544 5179 720 5250 (Psal.
741 5193 909 5238 chtt,
929 5176 1009 5244 9t).
1039 5173 1192 5228 Unde
1231 5171 1319 5224 bis
1350 5182 1555 5236 septem
1588 5165 1941 5234 qualitatibus
1970 5162 2131 5230 sp:ri-

554 5283 639 5325 tus
662 5269 982 5340 psalterium
1015 5265 1277 5324 cantavit,
1323 5273 1759 5317 commemorans
1790 5257 1952 5325 ineo,
1985 5252 2129 5320 quod

548 5364 880 5435 negligentia
912 5373 1095 5414 nostra
1143 5353 1412 5425 pepererit
1441 5367 1457 5404 ε
1489 5352 1622 5419 quid
1656 5348 1944 5416 diligentia
1981 5361 2132 5412 qua:-

547 5458 723 5521 sicrit,
773 5454 905 5524 qttid
963 5452 1168 5505 ,divitta
1226 5445 1562 5517 providentia
1629 5439 1940 5502 contulerit,
2003 5436 2134 5507 quid

549 5549 757 5604 inimici
784 5548 1068 5617 instigatio
1107 5540 1467 5603 fraudaverit,
1517 5535 1643 5603 quid
1695 5534 1898 5589 oblivio
1968 5530 2139 5585 lubrio

550 5657 613 5696 ca
643 5642 1000 5703 subtraxerit,
1025 5638 1156 5707 quid
1225 5637 1457 5689 humana
1510 5629 1775 5699 fragilitas
1836 5625 2083 5680 intulerit
2116 5666 2132 5688 ,

558 5730 688 5796 quid
743 5731 1047 5797 ignorantia
1103 5727 1407 5796 improvida
1469 5723 1740 5779 fefellerit.
1779 5720 1981 5775 Omnes
2037 5717 2137 5773 hos

2298 4533 2316 4566 ι
2348 4489 2415 4565 Et
2445 4509 2675 4564 accessit
2705 4520 2849 4561 unus
2901 4506 2967 4559 de
2995 4503 3225 4564 Scribis,
3254 4499 3345 4570 qui
3385 4497 3641 4553 audierat
3666 4489 3755 4545 illos

2218 4607 2611 4675 conquirentes
2632 4619 2647 4666 ;
2672 4611 2727 4655 et
2748 4600 2941 4655 videns
2970 4596 3226 4664 quoniam
3253 4595 3399 4647 bene
3434 4590 3547 4643 illis
3568 4596 3753 4652 respon-

2221 4702 2382 4765 derit,
2408 4694 2763 4764 interrogavit
2782 4707 2928 4755 eum,
2954 4689 3098 4758 quod
3122 4686 3533 4755 essetprimnm
3559 4677 3758 4737 omnium

2224 4792 2561 4848 mandatum.
2610 4787 2771 4843 Jesus
2803 4794 2987 4838 autem
3033 4779 3319 4849 respondit
3352 4781 3409 4832 ei
3450 4795 3465 4830 :
3517 4776 3637 4843 quia
3682 4769 3759 4837 pri'

2226 4902 2372 4941 mum
2441 4883 2688 4936 omnium
2761 4879 3073 4931 mandatum
3138 4882 3223 4927 est
3289 4889 3304 4925 :
3380 4868 3569 4933 Audi,
3623 4856 3762 4917 ιιι-δελ.

2229 4976 2491 5031 Dominus
2548 4971 2691 5024 Deus
2743 4981 2891 5032 tuus,
2947 4964 3087 5018 Deus
3138 4978 3280 5019 unus
3339 4970 3463 5015 est.
3510 4959 3577 5013 Et
3622 4953 3764 5019 diliges

2230 5066 2522 5119 Dominuut
2551 5062 2719 5115 Deum
2752 5069 2901 5111 tuum
2926 5073 2993 5109 ex
3023 5063 3135 5122 toto
3164 5054 3328 5109 Corde
3367 5062 3501 5116 tuo,
3534 5058 3591 5104 et
3605 5060 3667 5101 ex
3689 5049 3766 5095 tota

2232 5159 2414 5212 anima
2442 5168 2552 5216 tua,
2579 5164 2631 5206 et
2658 5167 2723 5207 ex
2764 5160 2875 5204 tota
2913 5158 3095 5203 mente
3125 5158 3239 5209 tua,
3275 5156 3328 5199 et
3358 5159 3434 5199 ex
3472 5152 3589 5197 tota
3615 5140 3767 5192 virtuts

2236 5263 2346 5306 tua.
2383 5251 2498 5304 lloc
2520 5261 2604 5303 est
2634 5250 2867 5316 primum
2902 5245 3235 5296 mandatum.
3273 5238 3612 5293 Secundum
3635 5239 3765 5285 autem

2235 5345 2412 5399 simitu
2459 5353 2543 5396 est
2599 5341 2675 5394 illi
2719 5356 2733 5391 :
2774 5338 2975 5405 Dtliges
3024 5336 3336 5403 proximum
3394 5342 3562 5385 tuum
3606 5326 3772 5382 sicitth

2237 5438 2440 5507 ipsum.
2488 5433 2667 5503 Majus
2712 5433 2902 5486 borum
2951 5426 3096 5480 aliud
3148 5423 3490 5478 mandatum
3537 5433 3640 5475 non
3673 5417 3766 5467 es“

2238 5530 2369 5597 Quae
2397 5538 2481 5583 est
2504 5528 2618 5580 haec
2642 5525 2872 5594 quiestio
2912 5520 3282 5591 problematis,
3336 5517 3502 5585 quod
3552 5520 3633 5566 est
3667 5516 3773 5559 οοωο

2241 5637 2409 5678 mune
2430 5619 2690 5674 omnibus
2712 5617 2904 5686 peritis
2933 5616 2987 5669 itt
3024 5615 3162 5681 lege,
3199 5610 3298 5665 nisi
3332 5606 3503 5679 quod
3535 5593 3769 5661 divortii”

2245 5715 2455 5779 Exodo,
2499 5724 2554 5769 et
2600 5711 2866 5775 Levitico,
2921 5716 2976 5763 et
3022 5704 3468 5761 Deuteronomio
3512 5698 3777 5756 ordinantur
