3934 6200
224 273 331 338 643

1335 283 1751 350 EXPOSITIO
1775 283 1872 346 ἸΝ
1913 286 1975 349 S.
2021 285 2368 354 MARCUM.

3380 299 3488 364 650

225 387 476 467 mandata
504 387 530 441 ἲ
594 386 748 444 Unde
794 404 904 447 non
933 406 1124 461 unum,
1157 395 1255 452 sed
1285 397 1394 455 duo
1419 400 1606 456 intulit
1653 414 1810 456 man-
1839 407 1886 462 Α
1917 400 2203 470 discipulis
2234 405 2348 460 suis
2374 425 2387 460 :
2417 406 2692 478 Magister,
2725 387 2909 480 aspice
2937 411 3126 482 quales
3163 413 3396 483 lapides,
3435 425 3508 474 et‘

222 463 344 530 data
377 496 391 530 :
425 478 594 536 dehis
615 482 815 567 etepitn
839 483 1056 539 duobus
1076 487 1342 544 uberibus
1371 505 1538 560 super
1561 499 1789 562 pectora

220 581 438 637 sponsa:
469 569 723 638 elevatis,
757 582 949 629 nostra
985 575 1156 631 alitur
1189 576 1452 634 infantia.

299 675 319 709 ι
349 657 412 710 Et
441 659 514 712 ait
546 660 620 714 illi
651 662 830 716 scriba
869 683 883 718 :
931 665 1101 731 Bene,
1151 670 1439 740 magister.
1471 671 1527 725 in
1565 672 1800 728 veritate

219 749 432 815 dixisti,
462 753 590 820 quia
627 769 769 810 unus
799 743 1080 822 est'Deus,
1111 769 1166 814 et
1196 776 1303 815 non
1323 772 1408 817 est
1438 764 1580 819 alius
1603 776 1800 834 praeter

217 855 371 896 eum.
424 841 490 896 Et
524 855 580 897 ιιι
614 847 870 917 diligatur
901 865 967 902 ex
1009 834 1122 904 toto
1155 853 1346 917 corde,
1389 863 1444 908 et
1468 871 1533 910 ex
1565 866 1680 910 toto
1712 857 1798 912 itt-

220 934 470 1000 tellecta,
509 947 566 991 et
619 953 688 992 ex
719 949 835 994 tota
861 943 1074 1008 anima,
1106 956 1162 1000 et
1187 961 1253 1000 ex
1288 954 1400 1001 tota
1427 945 1749 1004 fortitudine
1780 969 1793 1003 :

217 1033 278 1076 et
299 1023 523 1095 diligere
557 1029 868 1096 proximum
917 1042 1172 1102 tanquam
1205 1037 1454 1107 seipsutn
1509 1039 1689 1108 majus
1713 1050 1800 1095 est

215 1115 475 1168 omnibus
538 1117 1068 1180 holocautontatibus
1126 1137 1182 1182 et
1249 1128 1558 1186 sacriﬁciis.
1633 1129 1799 1188 Jesus

215 1212 403 1254 autem
441 1206 634 1260 videns
687 1209 834 1278 quod
879 1215 1162 1282 sapienter
1214 1221 1617 1288 rtspondisset,
1660 1222 1800 1278 dixit

217 1292 304 1345 ilti
332 1310 348 1346 :
373 1291 489 1348 Non
527 1311 589 1351 es
641 1297 800 1369 longe
832 1316 863 1354 a
903 1317 1072 1372 regno
1108 1304 1224 1361 Dei.
1260 1307 1326 1362 Et
1348 1325 1509 1364 nemo
1538 1311 1651 1380 jam
1695 1330 1798 1368 au-

212 1383 382 1440 debat
409 1401 534 1441 eum
564 1390 924 1461 interrogare.
959 1394 1021 1448 Et
1062 1403 1406 1469 respondens
1431 1403 1614 1470 Jesus,
1643 1407 1797 1462 dice-

215 1478 317 1534 bat
365 1483 567 1540 docens
616 1487 670 1539 in
726 1491 1280 1559 tentplo:Quomodo
1331 1499 1524 1554 dicunt
1579 1503 1793 1569 solibus,

215 1569 502 1628 Christum
549 1577 715 1630 lilium
742 1594 864 1634 esse
897 1583 1102 1638 David?
1131 1584 1247 1655 Ipse
1275 1589 1421 1643 enim
1455 1589 1627 1646 David
1659 1593 1797 1646 dixit

211 1662 278 1715 in
307 1663 512 1732 Spiritu
559 1679 806 1725 sancto:
869 1672 1012 1728 Dixit
1059 1675 1318 1733 Dominus
1369 1679 1597 1736 Domino
1649 1700 1794 1750 meo,

1909 493 2098 560 quales
2142 500 2471 553 structurae!
2531 501 2594 554 Et
2645 505 2978 572 respondens
3039 504 3203 562 Iesus
3251 507 3329 562 ait
3361 507 3433 562 illi
3471 527 3487 563 :

1911 582 2076 640 Vides
2102 585 2200 642 has
2225 602 2417 645 omnes
2445 595 2682 663 magnas‘
2703 596 3093 654 aediﬁcationes
3129 612 3145 652 :
3187 613 3293 654 non
3321 601 3492 656 relin-

1837 729 1852 742 _
1909 683 2106 742 qnetur
2149 677 2286 748 lapis
2325 697 2489 750 super
2543 685 2800 754 lapidem,
2844 688 2936 755 qui
2999 704 3109 743 non
3140 689 3486 746 destruatur.

1909 763 1977 818 Et
2004 764 2124 820 cum
2175 771 2390 828 sederet
2445 775 2499 827 in
2546 789 2730 831 monte
2771 777 3076 845 Olivartnn,
3118 791 3308 836 contra
3353 793 3489 839 tem-

1910 857 2074 924 plum,
2127 861 2540 932 interrogabant
2593 884 2718 923 eum
2779 873 3075 940 separatim
3157 873 3373 941 Petrus,
3431 889 3490 932 et

1905 948 2164 1018 Jacobus,
2189 967 2243 1009 et
2268 944 2531 1025 Joannes,
2565 972 2618 1016 ct
2643 964 2888 1020 Andreas
2925 983 2938 1020 :
2977 967 3069 1020 Dic
3095 969 3252 1023 nobis
3267 972 3487 1039 quando

1909 1045 2007 1096 ista
2046 1046 2198 1110 ﬁent,
2227 1061 2284 1103 et
2312 1051 2530 1120 quando
2557 1057 2672 1107 hare
2711 1057 2893 1111 omnia
2931 1059 3021 1112 inc
3044 1057 3196 1128 pient
3217 1076 3488 1117 consum-

1909 1138 2094 1190 mari?
2151 1139 2217 1194 Et
2268 1149 2607 1212 respondens
2657 1145 2842 1213 Jesus,
2879 1151 3047 1220 coepit
3075 1151 3287 1216 ,dicere
3333 1155 3485 1208 illis:

1907 1226 2094 1282 Videte
2115 1246 2184 1284 ne
2215 1233 2340 1301 quis
2376 1251 2468 1289 vos
2499 1238 2745 1294 seducat.
2806 1240 2958 1296 Multi
2990 1243 3137 1298 enim
3171 1245 3396 1300 venient
3429 1247 3483 1300 in

1906 1324 2124 1378 nomine
2163 1339 2285 1380 meo
2331 1328 2601 1397 dicentes,
2648 1336 2774 1402 quia
2807 1349 2909 1405 ego
2949 1351 3070 1390 sunt
3107 1354 3122 1390 :
3169 1351 3225 1392 et
3281 1340 3484 1393 multos

1906 1419 2194 1472 seducent.
2227 1417 2363 1474 Cum
2398 1423 2680 1480 audieritis
2708 1437 2888 1482 autem
2915 1429 3077 1490 bella.
3115 1439 3170 1484 et
3197 1431 3484 1498 opiniones

1905 1505 2194 1572 bellorum,
2242 1526 2308 1565 ne
2341 1513 2642 1571 titnueritis
2672 1533 2703 1584 ς·
2737 1531 2946 1588 oportet
2992 1521 3137 1576 enim
3188 1523 3302 1578 lucc
3338 1523 3481 1589 ﬁeri,

1903 1599 1995 1652 sed
2029 1601 2271 1656 nondum
2309 1603 2453 1660 ﬁnis.
2484 1605 2754 1679 Exsurget
2786 1611 2934 1666 enim
2961 1629 3096 1683 gens
3137 1630 3304 1684 super
3350 1633 3484 1686 gen-

1907 1698 2036 1755 tem,
2067 1703 2122 1749 et
2155 1708 2378 1765 regnum
2403 1714 2567 1766 super
2598 1717 2845 1770 regnum,
2877 1717 2931 1760 et
2961 1717 3125 1761 erunt
3158 1716 3318 1764 terra:
3350 1725 3484 1763 mo-

215 1753 1993 1838 Sedeadextrigsint-is‘,donecponaminimicostuossca-Btus
2053 1799 2150 1854 per
2178 1787 2319 1852 loca,
2374 1799 2430 1844 ct
2483 1793 2680 1849 fames.
2744 1797 2965 1861 Initium
3030 1800 3280 1855 dolorum
3343 1803 3478 1856 hac.

215 1850 422 1904 bellum
467 1853 662 1922 pedum
709 1861 970 1912 tuorum?
999 1860 1117 1928 ipse
1167 1878 1296 1933 ergo
1325 1863 1492 1921 David
1514 1867 1800 1924 dixitcum

212 1940 615 2015 Dominum,ct
645 1947 786 2002 unde
828 1960 915 2004 est
941 1950 1084 2006 ﬁlius
1120 1954 1287 2024 eius?
1337 1955 1403 2010 Et
1435 1959 1604 2012 multa
1627 1961 1789 2015 turba

214 2050 342 2090 eum
399 2037 634 2094 libenter
681 2045 912 2100 audivit.
966 2047 1032 2100 Et
1061 2048 1282 2104 dicebat
1319 2050 1400 2104 eis
1444 2051 1498 2105 in
1547 2051 1799 2109 doctrina

213 2141 318 2183 sua
355 2146 371 2184 :
405 2131 604 2187 Cavete
636 2149 666 2188 a
695 2137 915 2203 scribis,
972 2139 1064 2207 qni
1096 2144 1284 2194 volunt
1320 2142 1372 2196 in
1405 2143 1562 2198 stolis
1591 2146 1799 2199 ambu-

213 2220 356 2286 lare,
399 2231 456 2278 et
490 2225 718 2281 salutari
768 2227 821 2282 itt
871 2227 1012 2296 loro,
1065 2239 1122 2286 et
1180 2232 1232 2286 in
1279 2233 1472 2302 primis
1516 2235 1796 2293 cathedris

213 2314 410 2369 sedere
436 2315 494 2370 in
523 2320 842 2388 synagogis,
867 2331 920 2374 et
953 2323 1156 2389 primos
1184 2323 1568 2397 discubitusin
1595 2328 1794 2395 caenis;

213 2411 307 2479 qui
341 2411 608 2466 devorant
636 2414 830 2471 domos
864 2415 1147 2472 viduarum
1174 2420 1276 2474 sub
1309 2423 1533 2477 obtentu
1566 2423 1795 2492 prolixa:

209 2502 486 2554 orationis
524 2517 540 2555 :
571 2502 623 2556 ιιι
652 2507 847 2573 accipit
863 2518 922 2558 nt
957 2507 1225 2575 prolixius
1254 2509 1578 2580 judiciunm
1613 2512 1794 2578 Quare

211 2607 326 2646 non
357 2603 442 2648 est
475 2595 658 2664 longe,
683 2598 776 2666 qui
815 2605 915 2652 ven
943 2608 963 2652 t
992 2599 1234 2656 calide?
1289 2602 1528 2674 Longior
1558 2619 1796 2674 namque

210 2698 299 2741 est
329 2685 635 2754 ignorantia
663 2705 693 2743 a
721 2705 889 2760 regno
937 2692 1052 2758 Dei,
1115 2709 1278 2763 quam
1326 2697 1582 2752 scientia.
1634 2699 1794 2756 Unde

211 2793 384 2849 supra
433 2781 747 2839 Sadducaeis
789 2787 868 2838 ait
913 2801 927 2840 :
980 2785 1208 2853 Erratis,
1267 2788 1461 2859 inquit,
1509 2794 1792 2848 nescientes

209 2866 524 2938 Scriptura;
554 2887 718 2942 neque
752 2874 994 2930 virtutem
1021 2874 1119 2929 Dei
1155 2876 1369 2948 (Matth.
1403 2895 1538 2946 xxn,
1576 2881 1691 2954 29).
1726 2883 1796 2938 Et

208 2961 448 3017 docebat
475 2977 573 3019 eos
598 2963 758 3021 Jcsus
805 2966 861 3022 in
900 2969 1127 3037 templo,
1175 2970 1226 3023 id
1261 2979 1366 3036 est,
1399 2975 1578 3042 palam
1611 2977 1692 3030 eis
1727 2978 1794 3031 de

206 3068 270 3112 se
331 3055 599 3124 loquitur,
659 3068 717 3113 ut
775 3060 1174 3116 inexcusabiles
1232 3062 1388 3117 sintc
1423 3073 1479 3117 et
1541 3075 1601 3120 ut
1649 3067 1790 3135 ignis

205 3146 474 3203 incendat
493 3149 641 3204 arida
657 3153 958 3208 scribarum
983 3163 1036 3208 et
1069 3155 1463 3222 pharisteorutu
1514 3161 1786 3230 exempla,

205 3242 304 3310 qui
343 3241 534 3295 volunt
563 3242 616 3296 in
645 3245 807 3300 stolis
842 3247 1145 3302 ambulare.

281 3329 402 3385 «Et
449 3334 645 3390 sedens
689 3332 852 3392 Jesus
909 3348 1099 3393 contra
1153 3338 1632 3411 gazophylacium,
1677 3360 1695 3391 ι
1737 3343 1787 3394 id

197 3433 310 3491 est,
338 3425 658 3482 divitiarum
689 3431 1022 3494 custodiant,

289 3535 311 3570 ι
331 3519 651 3588 ASpiciebat
679 3521 952 3589 quomodo
985 3515 1150 3578 turba
1162 3524 1400 3594 jactarct
1424 3542 1500 3581 ass
1536 3531 1588 3581 in
1617 3543 1786 3599 gazo-

195 3608 520 3680 phylacium
549 3625 565 3663 :
598 3620 658 3665 et
688 3611 842 3666 multi
872 3613 1070 3670 divites
1095 3615 1377 3686 iactabant
1410 3617 1604 3672 multa.
1649 3619 1784 3673 Cum

195 3702 457 3758 venisset
483 3713 664 3758 autem
700 3719 807 3757 una
853 3706 1014 3759 vidua
1068 3722 1300 3776 panper,
1340 3709 1492 3764 misit
1529 3711 1636 3765 duo
1683 3713 1787 3767 nti-

195 3803 366 3855 nuta,
404 3793 545 3860 quod
572 3803 659 3848 est
707 3797 1012 3865 quadrans.
1049 3797 1119 3852 Et
1153 3815 1462 3856 convocans
1491 3803 1789 3872 discipulos

189 3887 365 3952 suos,
407 3887 485 3941 ait
516 3888 621 3942 illis
659 3905 673 3943 :
709 3892 880 3944 Amen
916 3891 1037 3948 dico
1115 3895 1289 3960 vobis,
1331 3897 1588 3964 quoniam
1625 3899 1788 3976 vidua

190 3977 317 4034 haec
369 3995 572 4048 pauper
599 3981 720 4048 plus
760 3983 1021 4038 omnibus
1071 3987 1240 4050 misit,
1289 3989 1382 4058 qtti
1433 3989 1701 4044 miserunt
1733 3992 1785 4044 in

185 4072 680 4142 gazophylacium.
716 4073 920 4130 Omnes
943 4077 1089 4131 enim
1123 4093 1189 4132 ex
1223 4093 1311 4144 eo,
1354 4082 1498 4150 quod
1536 4083 1788 4137 abunda—

186 4163 290 4216 bat
317 4163 456 4228 illis,
475 4164 769 4230 miserunt;
799 4167 915 4222 hzec
939 4183 1071 4224 vero
1094 4168 1164 4224 de
1196 4172 1422 4238 penuria
1453 4186 1571 4234 sua,
1603 4177 1784 4229 omnia

186 4271 322 4324 quae
359 4257 574 4321 habuit,
603 4260 750 4314 misit
784 4269 955 4314 totum
986 4262 1185 4317 victum
1212 4279 1430 4320 suum.»
1463 4266 1668 4321 Divites
1688 4269 1785 4337 qui

183 4359 356 4411 sunt,
391 4347 499 4402 nisi
553 4351 645 4418 qui
698 4350 982 4419 proferunt
1043 4355 1110 4409 de
1147 4356 1406 4410 thesauro
1465 4360 1648 4412 cordis
1700 4359 1784 4413 sui

1905 1869 2093 1929 Videte
2122 1887 2301 1932 autem
2345 1883 2738 1952 vosmetipsos.
2799 1885 3043 1941 Tradent
3091 1889 3240 1942 enim
3290 1903 3388 1944 vos
3426 1892 3480 1942 in

1900 1966 2167 2033 conciliis,
2193 1977 2251 2022 et
2277 1973 2567 2042 synagogis
2589 1975 2940 2042 vapulabitis,
2970 1988 3026 2032 et
3059 1992 3186 2034 ante
3210 1981 3474 2050 praesides

1899 2061 1954 2104 et
1985 2067 2140 2123 reges
2173 2060 2394 2114 stabitis
2439 2075 2665 2133 propter
2701 2079 2788 2120 me
2821 2065 2876 2120 in
2934 2068 3304 2124 testimonium
3345 2071 3476 2126 iiiis.

1901 2143 1966 2198 Et
2033 2147 2084 2200 in
2135 2163 2328 2207 omnes
2377 2165 2567 2225 gentes
2619 2159 2856 2228 primum
2909 2172 3127 2231 oportet
3191 2164 3474 2232 praediCari

1899 2235 2271 2308 Evangelium.
2309 2243 2373 2297 Et
2401 2261 2523 2300 cum
2560 2249 2819 2305 duxerint
2848 2267 2944 2308 vos
2975 2255 3279 2318 tradentes,
3307 2257 3478 2312 nolite

1899 2332 2256 2398 praecogitare
2333 2337 2463 2405 quid
2519 2339 2840 2410 loquamini,
2937 2345 3033 2400 sed
3089 2346 3231 2414 quod
3291 2349 3474 2401 datum

1902 2421 2051 2475 vobis
2088 2423 2254 2479 fuerit
2291 2428 2342 2481 in
2385 2430 2474 2482 illa
2519 2431 2676 2500 hora,
2716 2437 2767 2489 id
2801 2432 3130 2506 l'oquatnini.
3168 2436 3289 2492 Non
3325 2441 3472 2493 enim

1896 2511 2032 2565 estis
2082 2527 2177 2569 vos
2213 2514 2519 2585 loquentes,
2554 2522 2649 2577 sed
2682 2522 2920 2594 Spit-itus
2969 2536 3213 2582 sanctus.
3273 2529 3474 2585 Tradct

1897 2593 2079 2658 autem
2111 2606 2278 2660 frater
2306 2608 2528 2665 fratrem
2560 2613 2612 2667 in
2638 2593 2892 2682 mortem,
2920 2626 2974 2672 et
3010 2630 3167 2688 pater
3199 2619 3394 2686 lilitttn,
3419 2632 3478 2675 et

1896 2685 2227 2766 consurgent
2257 2699 2352 2754 ﬁlii
2394 2702 2448 2756 in
2480 2717 2758 2771 parentes,
2783 2717 2840 2762 et
2887 2720 3064 2764 morte
3090 2710 3326 2766 allicient
3349 2729 3472 2768 eos.

1897 2784 1966 2839 Et
1993 2789 2150 2843 eritis
2177 2790 2307 2844 odio
2353 2794 2615 2850 omnibus
2643 2809 2866 2866 propter
2894 2816 3092 2854 nomen
3136 2819 3337 2858 meum.
3373 2805 3475 2872 Qui

1895 2890 2078 2934 autem
2119 2884 2444 2940 sustinuerit
2509 2889 2562 2939 in
2605 2887 2793 2954 linem,
2827 2891 2915 2944 hic
2957 2894 3140 2948 salvus
3168 2897 3294 2951 erit.
3333 2897 3472 2952 Cum

1895 2982 2076 3026 autem
2105 2975 2348 3031 videritis
2370 2979 2834 3036 abontinationem
2865 2984 3222 3043 desolationis
3240 3001 3474 3046 stantem

1897 3064 1987 3118 ubi
2021 3080 2130 3121 non
2184 3069 2344 3123 debet
2375 3085 2390 3122 :
2449 3071 2541 3139 qui
2565 3059 2740 3148 legit,
2783 3075 3063 3144 intelligat.
3094 3077 3249 3134 Tunc
3297 3081 3386 3151 qui
3417 3083 3471 3136 in

1895 3152 2078 3210 Iudaea
2109 3167 2254 3220 sunt.
2295 3157 2502 3230 fugiant
2527 3161 2580 3214 itt
2610 3173 2837 3231 montes,
2866 3168 3028 3236 etqui
3049 3184 3215 3239 super
3243 3181 3472 3238 tectum,

1901 3263 2007 3302 non
2041 3249 2340 3306 descendat
2389 3253 2443 3306 in
2473 3254 2725 3318 domum,
2791 3272 2894 3313 nec
2933 3258 3192 3326 introeat,
3227 3274 3286 3319 ut
3321 3267 3475 3320 tol.at

1897 3341 2022 3408 quid
2052 3343 2116 3396 de
2138 3342 2300 3396 domo
2331 3359 2450 3400 sua.
2511 3344 2580 3400 Et
2603 3349 2698 3418 qui
2735 3350 2786 3402 in
2819 3365 2951 3419 agro
2987 3352 3111 3421 erit,
3149 3369 3257 3409 nou
3284 3371 3474 3412 rever-

1899 3436 2047 3479 tatur
2078 3440 2226 3484 retro
2258 3431 2447 3488 tollere
2493 3437 2885 3492 vestimentum
2915 3455 3098 3498 suum.
3164 3445 3254 3500 Va:
3288 3457 3471 3502 autem

1899 3522 2326 3591 praegnantibus.
2397 3535 2451 3580 et
2507 3528 2874 3586 nutrientibus
2941 3535 2995 3588 in
3080 3536 3187 3591 illis
3259 3539 3467 3594 delius.

1896 3613 2062 3667 Orate
2093 3629 2242 3680 vero,
2269 3627 2326 3668 ut
2362 3615 2536 3673 hicine
2569 3635 2677 3674 non
2707 3622 2818 3676 ﬁat.
2856 3623 3028 3679 Erunt
3053 3629 3199 3682 enim
3231 3629 3353 3686 dies
3389 3633 3464 3686 i.li

1899 3702 2264 3761 tribulationis
2311 3708 2469 3770 tales,
2531 3713 2724 3780 quales
2773 3728 2879 3768 non
2939 3716 3158 3772 luerunt
3190 3724 3258 3774 ab
3309 3723 3467 3775 initio

1897 3807 2163 3851 creaturas
2222 3814 2385 3868 quam
2419 3803 2666 3857 condidit
2698 3804 2860 3870 Deus,
2893 3823 3068 3878 usque
3091 3827 3254 3878 nunc,
3289 3830 3320 3867 ιι
3347 3832 3465 3884 que

1897 3887 2046 3942 liettt.
2085 3887 2148 3942 Et
2174 3889 2277 3944 nisi
2320 3891 2624 3947 breviassct
2652 3889 2910 3951 Dafninus
2939 3899 3079 3964 dies,
3131 3916 3238 3956 non
3273 3905 3470 3962 fuisset

1895 3979 2040 4033 salva
2067 3981 2249 4036 omnis
2279 3996 2432 4036 caro.
2483 3982 2588 4038 Sed
2613 3995 2837 4054 propter
2867 3990 3072 4045 electos
3103 4006 3240 4060 quos
3278 3995 3464 4064 elegit,

1894 4072 2159 4126 breviavit
2191 4075 2326 4129 dies.
2366 4076 2430 4130 Et
2461 4085 2590 4131 tunc
2629 4081 2674 4133 si
2699 4079 2820 4148 quis
2845 4083 3001 4136 vobis
3028 4084 3250 4152 dixerit,
3332 4088 3470 4144 Ecce

1898 4163 1987 4220 hic
2009 4175 2092 4220 est
2120 4164 2394 4232 Christus,
2421 4183 2554 4224 ecce
2588 4170 2721 4238 illic,
2755 4187 2823 4226 ne
2853 4175 3232 4234 credideritis.
3270 4180 3471 4236 Exsur-

1895 4266 2022 4325 gent
2077 4258 2222 4313 enim
2277 4261 2713 4329 pseudo-christi
2765 4274 2820 4320 et
2851 4268 3383 4341 pseudo-propheta).
3415 4285 3470 4329 et

1894 4349 2101 4405 dabunt
2127 4353 2285 4424 signa
2323 4363 2382 4410 et
2437 4363 2712 4424 portenta,
2739 4359 2806 4412 ad
2859 4361 3201 4418 sedueendos
3239 4366 3306 4433 (si
3352 4368 3465 4420 licri

182 4455 345 4496 nova
418 4449 476 4494 et
531 4443 761 4496 vetera?
809 4459 931 4514 qua:
993 4453 1122 4499 sunt
1190 4447 1396 4502 incerta
1458 4458 1515 4503 et
1569 4450 1783 4506 occulta
1818 4477 1861 4532 ι)
1896 4445 2095 4512 Ροιεει)
2123 4446 2535 4502 θιίοιιιθιθοιοεο
2574 4446 2681 4504 V03
2704 4463 2835 4520 θτεο
2864 4450 3066 4519 Vide”:
3096 4469 3227 4510 ecce
3245 4459 3468 4524 Ρτωίίίιί

181 4534 494 4602 sapientia:
546 4534 830 4604 utriusque
859 4534 1218 4594 Testamenti.
1269 4537 1608 4608 Paupercula
1657 4556 1785 4595 vero

182 4641 325 4696 qua:
397 4634 507 4690 est,
538 4628 645 4684 nisi
683 4637 735 4683 et
773 4643 896 4700 ego,
936 4640 992 4685 et
1042 4631 1249 4686 similes
1289 4633 1438 4687 mei:
1484 4635 1578 4701 qui
1634 4634 1788 4689 mitto

178 4720 348 4789 quod
389 4734 642 4789 possum,
673 4732 728 4776 et
760 4724 1012 4778 desidero
1039 4725 1185 4794 quod
1243 4741 1348 4780 non
1378 4727 1787 4795 possutntvobis

173 4814 550 4884 explanare?
606 4812 726 4869 Non
775 4823 1038 4884 quantum
1083 4819 1166 4886 (ut
1225 4817 1502 4886 audistis),
1560 4820 1653 4872 sed
1718 4832 1786 4872 ex

170 4915 415 4976 quanto
447 4905 761 4960 considerat
789 4907 952 4961 Deus.
984 4906 1377 4977 Unusquisque
1424 4907 1783 4978 quadrantem

171 5007 388 5068 potest
409 4998 630 5054 ollerre.
665 4999 790 5055 Haec
817 5010 903 5056 est
932 5010 1073 5056 torta
1100 5002 1255 5071 panis
1276 5003 1329 5055 itt
1362 5000 1628 5064 Levitico.
1664 5015 1787 5070 qua:

165 5101 264 5148 est
299 5091 572 5146 voluntas
601 5100 875 5162 prompta.
925 5092 1057 5158 Qua
1087 5108 1186 5148 cur
1216 5095 1497 5164 quadrans
1528 5093 1732 5148 dicitur
1758 5094 1782 5148 ?

164 5187 329 5254 Quia
377 5199 451 5238 ex
483 5186 660 5240 tribus
688 5187 968 5249 consistit,
994 5185 1258 5255 cogitatu,
1289 5186 1480 5249 verbo.
1515 5201 1578 5240 ac
1616 5185 1783 5242 facto.

163 5279 348 5348 Quod
385 5277 543 5344 dicit,
591 5289 760 5333 totum
822 5279 1026 5333 victum
1068 5294 1224 5332 suum
1261 5279 1409 5332 misit
1446 5295 1460 5331 :
1497 5289 1616 5334 tota.
1639 5280 1784 5334 enirn

165 5372 459 5436 soluptas
486 5372 732 5439 corporis
766 5372 820 5424 in
857 5373 1004 5425 victu
1029 5372 1304 5426 consistit.
1345 5368 1502 5426 Unde
1534 5373 1736 5427 dicitur
1763 5389 1779 5428 :

161 5462 357 5518 Totus
393 5459 549 5515 labor
574 5459 799 5516 hominis
825 5463 876 5515 in
908 5478 997 5515 ore
1025 5478 1120 5516 suo
1143 5473 1222 5516 est
1273 5462 1477 5532 (Eccle.
1517 5477 1592 5529 vt,
1623 5463 1703 5534 7).

791 5623 1017 5681 CAPUT
1054 5623 1194 5679 Xlll.

239 5755 267 5794 ι
305 5736 390 5792 Et
433 5749 548 5790 cum
579 5737 932 5806 egrederetur
981 5742 1046 5794 de
1079 5740 1299 5812 templo,
1330 5742 1404 5796 ait
1435 5742 1509 5797 illi
1547 5757 1687 5799 unus
1716 5757 1782 5798 ex

529 5834 797 5895 PA'l'ltOL.
840 5838 1027 5900 XXX.

1892 4534 2048 4590 vobis
2077 4538 2282 4592 omnia.
2310 4538 2418 4592 Sed
2449 4539 2508 4593 in
2540 4538 2648 4595 illis
2679 4539 2872 4596 diebus
2904 4556 3026 4612 post
3058 4547 3464 4605 tribulationem

1889 4627 2036 4684 illam
2069 4630 2148 4684 sol
2184 4631 2692 4699 contenebrabitur,
2734 4641 2790 4688 et
2818 4637 2942 4690 luna
2969 4652 3078 4693 non
3109 4640 3260 4696 dabit
3285 4644 3466 4711 splen-

1888 4722 2075 4776 dorem
2126 4737 2309 4788 suum,
2362 4733 2418 4779 et
2467 4725 2636 4780 stella:
2677 4728 2802 4781 ρο)ιί
2844 4741 3010 4784 erunt
3041 4733 3381 4797 decidentes,
3412 4745 3470 4789 et

1891 4813 2142 4879 virtutes,
2165 4830 2288 4884 qua:
2313 4815 2369 4869 itt
2398 4818 2552 4872 caelis
2586 4829 2738 4884 sunt,
2779 4823 3162 4878 movebuntur.
3223 4825 3284 4878 Et
3337 4838 3467 4880 tunc

1893 4907 2151 4962 videbunt
2175 4906 2372 4962 Filium
2391 4908 2628 4964 hominis
2657 4911 2969 4967 venientem
2994 4917 3049 4968 in
3081 4916 3319 4968 nubibus
3337 4931 3462 4970 cum

1889 4999 2102 5054 virtute
2165 5002 2334 5055 multa
2389 5013 2442 5056 et
2470 5002 2670 5072 gloria.
2729 5001 2796 5058 Et
2830 5015 2961 5062 tunc
3016 5009 3194 5061 mittet
3241 5007 3464 5076 angelos

1888 5105 2042 5156 suos,
2071 5101 2125 5147 et
2153 5095 2512 5165 congregabit
2544 5097 2750 5152 electos
2773 5113 2906 5152 suos
2935 5114 2963 5151 a
2997 5108 3232 5168 quatuor
3262 5101 3460 5167 ventis,

1891 5201 1920 5239 a
1958 5201 2174 5240 summo
2224 5196 2379 5243 terra:
2428 5205 2602 5260 usque
2654 5192 2719 5243 ad
2755 5207 3027 5246 summum
3071 5193 3216 5246 creti.
3281 5194 3320 5246 Α
3357 5193 3461 5246 ﬁcu

1890 5289 2072 5334 autem
2125 5279 2318 5336 discite
2373 5283 2728 5352 parabolam:
2781 5285 2915 5338 Cum
2953 5283 3064 5352 jam
3113 5299 3299 5339 ramus
3340 5285 3464 5354 ejus

1890 5379 2047 5427 tener
2079 5372 2264 5439 fuerit,
2298 5384 2352 5428 et
2375 5387 2500 5430 nata
2528 5375 2730 5431 iuerint
2755 5375 2906 5442 folia,
2941 5379 3274 5445 cognoscitis
3332 5380 3461 5447 quia

1889 5465 1943 5519 in
1975 5466 2218 5534 proximo
2243 5468 2315 5523 sit
2339 5479 2520 5523 aestas.
2553 5469 2642 5524 Sic
2677 5482 2730 5523 et
2761 5485 2877 5534 vos,
2913 5485 3035 5522 Cum
3069 5471 3318 5524 videritis
3348 5471 3464 5524 haec

1891 5559 2032 5625 ﬁeri,
2069 5562 2261 5616 scitote
2319 5564 2467 5633 quod
2501 5565 2553 5616 in
2602 5564 2848 5632 proximo
2873 5565 2945 5618 sit
2976 5565 3027 5616 in
3059 5563 3238 5618 ostiis.
3289 5564 3462 5619 Amen

1889 5653 2012 5706 dico
2058 5654 2232 5719 vobis,
2281 5657 2539 5724 quoniam
2574 5672 2680 5709 non
2731 5657 2981 5710 transibit
3015 5660 3292 5726 generatio
3324 5659 3461 5718 haec.

1889 5746 2063 5818 donec
2096 5749 2273 5804 omnia
2331 5751 2436 5805 ista
2474 5749 2662 5802 liant.’
2719 5746 3018 5805 Ettuuterat
3045 5748 3326 5816 discipulis
3354 5748 3466 5802 cla-

3072 5849 3143 5911 21

3923 4531 3925 4576 4

3923 4811 3925 4832 |

3923 4855 3925 4912 l

3923 4923 3925 4944 |

3923 5353 3925 5408 Ι

3923 5447 3925 5494 l

3923 5525 3925 5592 l

3923 5595 3925 5652 l

3923 5655 3925 5702 ι
