3946 6206
467 274 567 339 651

1393 275 1453 337 S.
1491 272 1929 336 HIERONYMI
1966 273 2287 337 OPERUM
2326 270 2725 335 llANTISSA.

3560 232 3650 333 csa

465 389 586 444 dem
643 387 922 443 novissimi
982 388 1259 457 temporis,
1328 388 1378 443 id
1432 396 1518 442 est
1601 388 2036 443 destructionem
2065 390 2116 451 Α
2141 396 2248 454 est,
2270 388 2322 442 ei
2349 386 2439 458 qui
2475 385 2757 457 praedicat,
2800 381 2884 437 cui
2910 381 3113 436 dicitur
3143 397 3155 432 :
3189 378 3246 435 Si
3284 396 3378 433 non
3410 386 3657 441 annuntia-

473 483 688 551 templi,
712 497 834 536 cum
860 481 1016 551 plelte
1036 492 1087 534 et
1122 481 1298 534 littera
1325 494 1446 536 sua.
1493 480 1567 533 De
1585 494 1691 548 qua
1713 478 1849 549 lapis
1877 493 2041 547 super

467 575 699 645 lapidem
729 589 834 627 non
862 564 1220 640 relinquetur,
1245 571 1297 623 id
1329 579 1440 633 est,
1467 569 1778 624 testimonia
1808 569 2043 638 prophe-

473 677 651 720 tarum
696 680 859 732 super
898 678 992 717 eos
1052 663 1105 716 in
1161 676 1299 730 quos
1329 660 1500 715 Judaei
1529 658 1922 727 retorquebant
1953 672 2041 720 ea,

470 770 529 811 ut
560 768 643 811 est
673 759 724 809 in
764 755 1107 823 Apostolum,
1154 755 1206 807 in
1236 753 1485 816 Esdram,
1524 752 1578 806 in
1616 749 1942 815 Zorobabel,
1986 749 2041 803 in

474 848 837 901 Machameus.
868 847 999 913 Qua:
1032 857 1340 906 enumerat.
1369 844 1552 900 omnia
1584 843 1851 910 speranda
1885 851 2037 907 sunt,

471 941 655 1010 potius
724 955 884 1009 quam
920 938 1227 993 tractanda.
1260 935 1688 992 Pseudo-christi
1730 945 1785 989 et
1816 930 2044 1001 pseudo-

471 1032 768 1103 prophetis.
815 1046 951 1100 gms
992 1045 1153 1099 super
1202 1036 1443 1098 gentem,
1479 1038 1533 1081 et
1589 1040 1817 1093 regnum
1879 1038 2044 1092 super

474 1141 698 1193 regnum
742 1141 759 1187 ;
812 1132 970 1177 terra:
1002 1131 1200 1187 motus,
1258 1120 1530 1190 vapulatio
1583 1118 2041 1188 pranlicantium;

477 1214 791 1279 pra'dia-atio
828 1212 1102 1281 Evangelii
1141 1226 1317 1279 uSque
1356 1210 1425 1263 ad
1465 1209 1598 1262 lines
1626 1219 1807 1272 terrae,
1834 1216 2040 1261 utaute

476 1306 736 1374 judicium
792 1308 992 1360 clamet
1032 1305 1277 1359 Etclesia
1316 1322 1331 1358 :
1390 1305 1432 1357 Α
1476 1301 1669 1368 ﬁnibus
1707 1312 1860 1352 terra:
1893 1300 1963 1352 ad
1995 1309 2043 1350 te

478 1398 726 1460 cluuiani,
757 1396 981 1450 Domine
1002 1396 1175 1465 (l’sul.
1205 1412 1291 1456 ιι,
1330 1394 1409 1462 '5).
1444 1390 1736 1446 Domestici
1772 1392 1825 1444 in
1854 1390 2043 1443 dome-

478 1489 648 1542 sticos
686 1498 987 1555 surgentes,
1027 1486 1359 1541 ahomiuatio
1412 1485 1467 1539 in
1528 1481 1751 1551 teurpln,
1812 1479 1934 1548 fuga
1991 1478 2044 1531 in

481 1591 720 1644 montes,
754 1589 811 1633 ut
840 1595 948 1631 non
982 1578 1274 1633 descendat
1309 1577 1372 1630 ad
1409 1577 1535 1640 ima,
1575 1575 1664 1643 qui
1698 1569 1943 1626 ascendit
1978 1566 2044 1621 ad

482 1671 610 1724 alta.
638 1669 804 1725 Orate
848 1680 906 1725 ut
937 1670 1118 1725 hieme
1148 1684 1252 1723 non
1291 1669 1379 1723 fiat
1408 1668 1529 1735 fuga
1566 1675 1764 1727 vestra.
1804 1663 1887 1717 vel
1923 1662 2047 1715 sab-

486 1763 635 1820 bato.
672 1760 861 1823 idest,
910 1776 979 1814 ne
1030 1761 1285 1814 liniantur
1346 1759 1556 1813 fructus
1610 1756 1776 1811 vestri
1836 1753 2043 1824 operis,
2077 1744 2121 1797 Β

485 1866 609 1904 cum
666 1851 772 1906 fine
802 1852 1089 1918 temporis.
1144 1850 1332 1905 Hieme
1385 1850 1529 1904 enim
1578 1848 1766 1901 finitur
1816 1846 2048 1907 fructus,

486 1941 713 1996 sabbato
754 1958 886 1997 vero
940 1953 1185 2009 terupus.
1224 1940 1526 1997 Tribulatio
1586 1941 1798 2007 ingens,
1848 1949 1898 1992 et
1933 1937 2052 1991 dies

486 2032 680 2089 breves
706 2046 929 2105 propter
959 2035 1184 2101 electos,
1255 2049 1321 2089 ne
1357 2031 1563 2088 malitia
1594 2031 1761 2100 hujus
1792 2030 2052 2099 temporis

485 2132 654 2176 mutet
706 2124 1037 2179 intellectura
1088 2141 1300 2187 omum.
1340 2125 1488 2178 sicut
1542 2124 1611 2178 de
1658 2123 1775 2177 Noe
1825 2122 2051 2176 dicitur.

488 2216 612 2269 Post
666 2216 778 2271 haec
808 2216 889 2271 sol
923 2217 1405 2272 contenebrabitur
1459 2217 1524 2271 ad
1556 2214 1732 2285 gelida
1767 2214 1934 2268 corda
1993 2223 2054 2267 ut

485 2304 662 2359 hieme
697 2346 712 2369 ,
766 2316 822 2359 et
855 2306 984 2360 luna
1010 2322 1118 2361 non
1166 2305 1473 2374 splendebit
1506 2320 1699 2359 serena
1735 2306 2056 2373 tempestate

483 2398 887 2453 dissensionum
933 2416 950 2463 ;
998 2406 1051 2452 et
1091 2398 1262 2453 stellae
1289 2407 1449 2453 erunt
1482 2397 1797 2451 decidentes
1828 2395 2051 2459 lumine,

483 2491 698 2557 quando
724 2503 862 2557 pene
892 2490 1067 2543 (luerit
1096 2504 1283 2544 semen
1335 2488 1591 2554 Abrahae,
1622 2489 1710 2541 cui
1737 2486 2055 2541 assimilatas

485 2587 612 2633 sunt
637 2580 805 2634 stella:
836 2596 850 2645 ;
883 2588 938 2633 et
966 2581 1189 2635 virtutes
1213 2597 1331 2649 quite
1356 2591 1481 2634 sunt
1509 2581 1560 2633 in
1589 2580 1742 2633 cmlis
1763 2579 2057 2633 movebun-

487 2681 574 2722 tur
606 2671 670 2722 ad
706 2671 841 2724 iram
892 2670 1146 2726 vindicta:
1170 2712 1188 2737 ,
1263 2673 1479 2739 quando
1509 2672 1798 2727 mittentur
1853 2686 1882 2725 a
1920 2669 2058 2724 Filio

484 2759 725 2817 hominis
777 2763 1026 2816 veniente
1089 2764 1141 2816 in
1192 2763 1429 2818 nubibus
1467 2763 1592 2818 ρωιὶ
1658 2777 1785 2817 cum
1830 2763 2056 2826 virtute,

484 2854 573 2919 qui
604 2854 757 2922 prius
780 2854 922 2908 sicut
955 2855 1133 2924 pluvia
1168 2856 1219 2909 in
1270 2855 1438 2909 vellus
1506 2854 1728 2910 Gedeon
1779 2854 2059 2910 desceadn

484 2957 606 2997 cum
640 2940 787 2994 humi
811 2942 961 2996 itate.
1020 2942 1086 2996 Et
1123 2941 1484 3011 congregabit
1528 2941 1732 2997 electos
1763 2957 1792 2997 a
1824 2953 2058 3011 quatuor

485 3032 684 3099 ventis,
715 3043 771 3088 ut
804 3034 1041 3087 triticum
1064 3033 1381 3089 ventilatum
1413 3033 1483 3087 de
1515 3048 1644 3088 area
1676 3034 1846 3088 totius
1870 3044 2051 3089 teme.

485 3124 597 3181 Fici
625 3125 878 3193 parabola
908 3124 1023 3180 haec
1046 3134 1128 3180 est
1154 3120 1466 3195 prepltetia.
1499 3125 1650 3180 Folia
1699 3135 1847 3190 nata,
1889 3126 2050 3180 verba

490 3226 615 3270 sunt
641 3217 927 3285 prmsentia
967 3232 982 3270 :
1011 3226 1172 3271 testas
1190 3231 1314 3270 vero
1345 3218 1615 3287 prosima,
1643 3217 1757 3271 dies
1793 3226 1878 3271 est
1904 3216 2052 3285 judi-

485 3308 586 3366 cii;
633 3308 685 3361 in
747 3322 859 3376 quo
894 3321 1236 3376 unaqureque
1289 3308 1455 3361 arbor
1503 3307 1876 3363 manil‘estabit
1936 3324 2054 3377 qua?

484 3400 631 3454 intus
671 3399 885 3461 habuit,
919 3413 987 3452 an
1017 3398 1230 3465 aridum
1275 3400 1341 3452 ad
1384 3401 1840 3465 comburendum,
1873 3415 1944 3454 an
1978 3400 2053 3455 vi-

483 3492 602 3545 ride
632 3492 698 3544 ad
747 3490 1127 3589 plqntandum,
1185 3489 1241 3545 in
1294 3489 1445 3545 Eden
1494 3505 1617 3545 eum
1682 3491 1833 3561 ligno
1885 3494 2052 3548 vitm:

483 3583 641 3652 cujus
695 3583 835 3638 folia’
888 3585 940 3637 in
994 3584 1228 3638 salutem
1277 3586 1543 3652 gentium,
1599 3585 1649 3638 id
1710 3594 1829 3649 est,
1892 3584 2053 3638 verba

483 3676 680 3746 quibus
737 3675 984 3731 dicitur:
1048 3675 1249 3742 Venite,
1315 3676 1575 3731 benedicti
1616 3675 1796 3731 Patris
1838 3678 1961 3743 mei,
1998 3686 2055 3732 et

483 3771 690 3837 reliqua
722 3768 942 3838 (Matth.
974 3784 1103 3833 xxv,
1134 3769 1250 3838 54).
1283 3768 1545 3837 Sequitur
1573 3786 1586 3823 :

559 3879 579 3913 ι
606 3860 814 3915 οωιιιω
844 3870 900 3915 et
930 3869 1073 3915 terra
1126 3860 1469 3925 transibunt,
1499 3861 1667 3916 verba
1710 3869 1893 3915 autem
1928 3874 2053 3915 mea

483 3970 591 4009 non
628 3954 958 4009 transibunt.
1020 3952 1093 4007 De
1120 3953 1209 4008 die
1238 3961 1421 4008 autem
1458 3953 1572 4019 illa,
1613 3953 1696 4007 vel
1729 3954 1863 4007 hora
1896 3967 2057 4008 nemo

481 4048 608 4110 scit,
651 4060 827 4115 neque
858 4045 1034 4114 angeli
1068 4046 1123 4099 in
1156 4045 1317 4110 celo,
1381 4057 1557 4112 neque
1586 4042 1779 4108 Filius,
1812 4044 1916 4099 nisi
1947 4044 2022 4097 Pa
2043 4072 2055 4085 -

487 4145 591 4191 ter.
647 4135 857 4191 Videte.
890 4154 911 4188 ι
966 4135 1106 4201 Quid
1134 4147 1239 4198 est,
1270 4136 1412 4204 quod
1445 4135 1599 4201 dicit,
1631 4152 1793 4206 neque
1825 4134 1999 4190 Filius
2029 4135 2055 4189 ?

486 4230 551 4283 de
580 4243 687 4298 quo
716 4227 932 4290 dicitur,
994 4225 1158 4280 Pater
1173 4228 1348 4297 major
1371 4245 1451 4282 me
1479 4237 1556 4282 est
1584 4227 1768 4298 (Joan.
1804 4246 1913 4294 nv,
1936 4231 2054 4299 9.8),

487 4320 538 4373 id
569 4329 674 4387 est,
704 4335 904 4389 corpus
929 4318 1047 4388 eicis
1078 4320 1131 4373 in
1173 4329 1317 4375 terra
1350 4321 1611 4389 positum,
1651 4321 1797 4390 quod
1827 4330 1911 4376 est
1948 4320 2048 4377 Ec-

486 4413 676 4470 clesia.
1578 4398 1581 4401 Ι

563 4521 583 4555 ι
610 4503 838 4571 Vigilate
856 4514 912 4559 et
936 4510 1095 4558 orate
1133 4519 1151 4559 :
1204 4488 1430 4559 nescitis
1450 4501 1594 4559 enim
1615 4502 1833 4571 quando
1846 4511 2059 4572 tempus

484 4596 575 4650 sit.
648 4595 801 4649 Sicut
852 4595 1016 4649 llOlltO
1072 4596 1163 4663 qui
1212 4609 1440 4663 peregre
1505 4596 1785 4664 prolectus
1836 4596 2059 4664 reliquit

484 4688 701 4741 domum
723 4699 900 4751 suam,
932 4694 987 4740 et
1010 4686 1160 4740 dedit
1187 4685 1361 4741 servis
1384 4686 1498 4739 suis
1515 4693 1843 4754 potestatem
1876 4686 2059 4755 cujus-

485 4796 592 4850 que
621 4779 802 4849 operis
821 4818 838 4840 .
904 4788 958 4835 et
986 4778 1208 4849 janitori
1238 4781 1493 4848 praecepit
1514 4787 1571 4832 ut
1595 4778 1799 4848 vigilet.
1825 4778 2056 4848 Vigilate

482 4883 635 4942 ergo,
667 4871 891 4926 nescitis
911 4871 1056 4925 enim
1087 4870 1307 4939 quando
1327 4869 1585 4926 dominus
1609 4872 1805 4925 domus
1829 4869 2052 4927 veniat:

482 4981 625 5026 sero,
651 4980 718 5016 an
754 4961 929 5016 inedia
962 4970 1142 5024 nocte,
1176 4975 1244 5014 an
1277 4960 1401 5031 galli
1423 4968 1610 5023 cantu,
1646 4974 1716 5013 an
1749 4973 1910 5013 mane
1944 4972 2055 5014 :nc

480 5072 604 5108 cum
648 5054 860 5108 venerit
919 5061 1164 5119 repente.
1227 5051 1472 5106 inveniat
1507 5066 1604 5104 vos
1640 5051 1996 5105 dormientes.
2028 5065 2047 5099 ι

480 5148 675 5217 Vigilia
722 5161 863 5217 opus
913 5155 999 5200 est
1048 5145 1272 5210 mentis,
1300 5157 1429 5198 ante
1486 5153 1718 5198 mortem
1780 5142 2051 5213 corporis.

480 5240 910 5309 llomo.peregre
966 5238 1347 5307 proficiscens,
1381 5250 1581 5306 corpus
1622 5245 1708 5290 est
1766 5234 1973 5289 Christi
1998 5234 2053 5288 in

480 5332 680 5384 uelum
750 5330 1043 5394 elcvatum,
1107 5328 1416 5397 relinquens
1456 5329 1675 5381 domum
1708 5341 1884 5385 suam,
1934 5340 2053 5394 qute

478 5427 563 5470 est
593 5418 854 5472 Ecclesia.
922 5419 1069 5473 Dans
1098 5418 1271 5473 servis
1294 5419 1414 5472 suis
1436 5425 1757 5487 potestatem
1788 5417 2052 5469 uniuscu-

473 5509 669 5578 jusque
699 5511 901 5581 Operis,
930 5512 980 5566 id
1009 5520 1115 5577 est,
1146 5522 1273 5567 Octo
1300 5512 1527 5574 talenta,
1551 5508 1704 5578 juxta
1735 5506 2050 5563 Matthzeum

482 5598 702 5665 (Matth.
759 5618 881 5666 xxv,
916 5603 1029 5669 15),
1078 5604 1162 5658 vel
1188 5603 1401 5657 decem
1435 5617 1615 5663 muas,
1662 5601 1812 5669 juxta
1850 5599 2050 5655 Lucam

486 5685 639 5757 (Luc.
686 5706 799 5755 xu,
833 5692 940 5760 l3).
1008 5691 1066 5746 Et
1095 5693 1321 5764 janitori
1361 5694 1625 5764 praecipit,
1657 5703 1713 5747 ut
1742 5694 1947 5762 vigilet,
1996 5695 2047 5749 id

2143 482 2279 537 reris
2308 481 2487 550 iniquo
2514 478 2848 548 iniquitatem
2881 492 3059 536 suam.
3097 476 3397 547 sanguinem
3443 491 3572 527 suum
3600 476 3657 529 de

2144 589 2304 627 manu
2338 582 2430 623 tua
2464 571 2730 640 requiram
2761 567 2979 638 (Exerit.
3010 583 3091 631 tu.
3134 567 3241 630 l8).
3293 565 3503 633 Vigilate
3528 582 3654 635 ergo,

2134 674 2197 721 .et
2253 663 2488 728 reliqua.
2546 660 2703 724 Sero,
2747 675 2817 713 an
2848 660 3023 714 media
3076 666 3277 712 nocte:
3319 657 3515 722 quando
3560 667 3661 710 sunt

2144 756 2323 812 occisa
2355 754 2732 825 Egyptiorum
2774 752 3142 821 primogenita
3180 768 3195 816 ;
3232 765 3301 804 ne
3350 750 3663 804 inveriiatvos

2145 849 2479 906 dormientes
2540 864 2555 901 :
2598 862 2723 900 nam
2773 846 2862 916 qui
2896 844 3118 909 dormit,
3168 858 3274 897 non
3309 856 3519 911 corpora
3544 856 3663 901 vera.

2145 939 2239 994 sed
2264 939 2644 1007 phantasmata
2679 936 2936 998 intendit,
2971 946 3030 988 et
3065 949 3269 988 vacuus
3314 934 3489 1001 vigilat
3514 934 3573 986 de
3599 934 3669 987 his

2147 1044 2266 1099 quae
2292 1029 2520 1081 viderat.
2555 1027 2649 1080 Sis
2682 1028 2939 1081 nimirum
2968 1037 3117 1090 sunt,
3147 1040 3283 1094 quos
3330 1023 3501 1078 mundi
3543 1039 3669 1077 amor

2147 1120 2293 1190 rapit
2320 1120 2376 1173 in
2409 1120 2519 1172 vita
2555 1138 2570 1173 :
2607 1118 2807 1173 deserit
2842 1126 2962 1187 post
2993 1118 3180 1179 vitam,
3203 1117 3345 1186 quod
3372 1115 3672 1169 sonntialtant

2150 1229 2246 1284 pro
2279 1221 2455 1267 certo.
2490 1212 2754 1279 Sequitur
2784 1228 2797 1264 :
2822 1244 2849 1272 .

2222 1325 2241 1357 ι
2276 1304 2434 1371 Quod
2472 1317 2653 1358 autem
2696 1304 2853 1359 vobis
2903 1304 3048 1369 dico,
3090 1304 3340 1358 omnibus
3369 1304 3484 1358 dico
3512 1322 3522 1355 :
3553 1301 3675 1371 Vigi-

2148 1395 2274 1450 late.
2307 1412 2328 1446 ι
2368 1393 2482 1449 tloc
2512 1395 2625 1448 sive
2659 1394 2933 1448 concludit
2962 1409 3291 1453 sermonem.
3342 1403 3397 1446 ut
3431 1407 3675 1448 coonnune

2147 1487 2389 1540 omnium
2445 1497 2770 1556 praeceptori:
2838 1486 3119 1541 novissimi
3188 1501 3283 1556 per
3342 1486 3531 1555 primos
3585 1499 3671 1537 au-

2149 1580 2321 1632 diant.

2733 1645 2966 1702 CAPUT
3008 1646 3143 1702 XIV.

2223 1775 2243 1810 ι
2282 1758 2414 1813 Erat
2455 1769 2634 1813 autem
2669 1757 2877 1812 Pascha
2913 1768 2970 1813 et
3011 1775 3200 1830 azyma
3252 1770 3368 1829 post
3408 1760 3621 1813 biduum.
3658 1776 3676 1813 ι

2154 1849 2307 1904 Nunc
2359 1865 2710 1927 aspergamus
2762 1850 2959 1903 librum
3014 1864 3265 1904 nostrmn
3322 1852 3594 1919 sanguine,
3636 1860 3680 1905 et

2156 1944 2338 1995 limina
2381 1946 2686 2006 domorum,
2725 1952 2779 1996 et
2825 1942 3008 1996 funem
3063 1945 3374 1998 coccineum
3419 1945 3682 1997 circumde-

2156 2047 2276 2086 mus
2310 2033 2492 2085 domui
2537 2031 2803 2085 orationis
2857 2042 3076 2097 nostrae,
3115 2042 3171 2085 et
3212 2048 3429 2087 coccum
3462 2033 3509 2085 in
3544 2046 3681 2084 uiann

2158 2134 2365 2185 nostra,
2392 2134 2448 2176 ut
2468 2123 2631 2187 Sara,
2668 2124 2891 2192 ligentns
2921 2141 2938 2181 :
2966 2133 3023 2178 ut
3050 2141 3271 2178 vaccam
3304 2123 3465 2178 rnl'atn
3498 2126 3544 2176 in
3575 2124 3683 2173 valle

2156 2217 2393 2270 occisam
2437 2232 2693 2271 enarrare
2742 2218 3035 2286 possimus.
3082 2218 3316 2280 Pascha,
3349 2219 3584 2270 transitus
3619 2218 3686 2269 in-

2158 2317 2485 2376 terpretatur
2520 2325 2536 2363 :
2569 2307 2743 2363 Pliase
2795 2324 2922 2363 vero
2970 2310 3295 2364 immolatio.
3367 2309 3422 2361 ln
3473 2308 3684 2363 imntola-

2156 2399 2301 2452 tione
2351 2400 2471 2467 agni
2525 2409 2581 2454 et
2633 2400 2865 2455 transitu
2918 2401 3098 2470 populi
3156 2417 3251 2467 per
3300 2415 3465 2460 mare.
3499 2398 3570 2452 vel
3610 2411 3686 2466 per

2158 2488 2474 2557 marinum.
2522 2490 2902 2563 ltrtefignratur
2946 2490 3128 2558 passio
3162 2491 3389 2553 Christi,
3421 2502 3470 2543 et
3506 2488 3688 2543 redem-

2159 2582 2271 2649 plio
2322 2581 2503 2649 populi
2550 2581 2616 2634 de
2657 2582 2894 2647 inferno,
2927 2580 3145 2651 quando
3204 2596 3305 2635 nos
3345 2592 3458 2647 post
3501 2580 3690 2634 biduum

2162 2674 2361 2737 visitat,
2406 2675 2456 2728 ill
2505 2685 2608 2738 est,
2647 2675 2957 2744 plenissima
3003 2664 3128 2729 luna
3169 2686 3336 2730 aetate
3369 2674 3557 2729 Christi
3589 2686 3692 2739 pcr-

2161 2766 2320 2830 iecta,
2354 2777 2412 2822 ut
2461 2782 2558 2823 nec
2600 2781 2723 2821 cum
2769 2766 2949 2835 aliqua
3002 2776 3153 2835 parte
3209 2767 3509 2826 tenebrosa,
3531 2778 3692 2817 carnes

2159 2861 2280 2927 agni
2316 2860 2667 2919 immaculati,
2701 2860 2792 2928 qui
2830 2860 2970 2912 tollit
3006 2869 3237 2929 peccata
3271 2858 3450 2912 mundi
3483 2871 3500 2912 :
3528 2859 3572 2909 in
3605 2869 3693 2908 una

2159 2953 2342 3014 domo,
2376 2966 2493 3019 qua:
2522 2960 2609 3004 est
2644 2967 2746 3003 una
2796 2951 2965 3011 elueta
2995 2952 3193 3004 matris
3228 2966 3340 3004 sua:
3364 2948 3584 3003 E-~clesia
3616 2960 3695 2999 ca-

2162 3044 2353 3096 tlioliczi
2393 3059 2409 3097 ι
2443 3044 2653 3097 calciati
2676 3044 2960 3110 cliaritate,
2989 3052 3042 3096 et
3071 3045 3276 3095 πεπιθιί
3322 3044 3511 3095 virtute
3546 3054 3698 3091 cotur-

2156 3133 2369 3193 damus,
2399 3133 2643 3187 dicentes
2672 3150 2687 3187 :
2721 3133 2930 3187 Etenim
2976 3135 3168 3202 pascha
3209 3147 3443 3188 nostrum
3481 3131 3696 3186 inmole-

2157 3233 2238 3277 ωε
2264 3234 2340 3276 est
2373 3223 2608 3279 Christus
2647 3225 2697 3293 (1
2726 3225 2847 3280 Cor.
2882 3242 2934 3289 v,
2966 3226 3045 3297 7).

2230 3334 2249 3366 ι
2288 3317 2351 3369 Et
2397 3318 2715 3384 quaerebant
2767 3319 2963 3373 summi
3026 3320 3353 3373 sacerdotes
3401 3326 3453 3372 et
3502 3315 3699 3376 scriba,

2155 3406 2427 3473 quomodo
2461 3418 2582 3457 eum
2620 3404 2744 3457 dolo
2783 3414 3056 3469 tenerent,
3103 3415 3154 3459 et
3204 3406 3546 3461 occiderent:
3576 3401 3699 3456 dice.

2155 3496 2284 3549 bant
2318 3503 2497 3548 autem
2528 3511 2544 3549 :
2581 3493 2698 3548 Non
2753 3496 2804 3547 in
2859 3495 2947 3549 die
2996 3496 3153 3555 festo.
3194 3510 3263 3548 ne
3301 3494 3436 3548 forte
3470 3488 3699 3547 tumultus

2158 3582 2309 3635 fieret
2345 3581 2400 3634 in
2437 3581 2658 3650 populo.
2711 3580 2776 3636 Et
2816 3597 2938 3636 cum
2979 3594 3126 3636 esset
3168 3582 3448 3637 Bethania
3486 3584 3533 3634 in
3564 3581 3699 3632 domo

2158 3670 2396 3726 Simonis
2436 3670 2659 3739 leprosi,
2692 3678 2746 3724 et
2792 3670 3162 3732 recumberet,
3228 3672 3377 3725 venit
3415 3668 3593 3723 mulier
3624 3665 3701 3720 ha-

2156 3763 2293 3819 bens
2340 3762 2677 3817 alabastrum
2729 3764 2988 3832 unguenti
3043 3764 3196 3817 nardi
3254 3763 3447 3831 spicati
3492 3756 3702 3830 pretiosi,

2156 3864 2211 3908 et
2267 3853 2444 3907 fracto
2490 3853 2800 3918 alabastro,
2848 3852 3039 3909 effudit
3093 3870 3261 3923 super
3311 3862 3473 3921 caput
3523 3850 3644 3920 ejus.
3679 3862 3698 3896 δ

2156 3947 2203 4002 Δ
2252 3947 2590 4018 principibus
2640 3963 2859 4018 egressa
2920 3956 3003 4003 est
3058 3950 3327 4019 iniquitas
3376 3949 3429 4002 in
3467 3944 3704 4019 Babylone

2158 4038 2324 4109 (Dan.
2357 4055 2473 4105 stu,
2506 4039 2583 4109 5).
2614 4038 2808 4094 Occiso
2844 4041 3045 4095 etenim
3080 4042 3285 4110 capite,
3333 4052 3498 4094 totmn
3540 4047 3706 4104 corpus

2159 4147 2358 4187 enerve
2390 4132 2643 4188 ellicitur.
2685 4132 2837 4189 Unde
2884 4133 3068 4188 miseri
3113 4132 3351 4196 faciunt,
3391 4129 3525 4201 quod
3557 4127 3707 4192 capita

2160 4224 2476 4281 moliuntur.
2507 4226 2690 4280 Vitant
2717 4227 2857 4280 diem
2888 4224 3112 4287 festum.
3141 4227 3292 4295 quod
3319 4223 3565 4281 convenit
3596 4218 3705 4273 illis.

2159 4314 2277 4371 Non
2306 4328 2390 4373 est
2421 4319 2564 4372 enim
2594 4318 2860 4373 festivitas
2893 4318 2979 4372 his
3008 4319 3100 4387 qui
3136 4318 3307 4371 vitam
3341 4327 3395 4373 et
3431 4314 3710 4370 misericor-

2079 4416 2133 4477 Ῑ)
2160 4410 2301 4463 diam
2343 4410 2717 4480 perdiderunt.
2756 4408 2920 4464 Venit
2951 4408 3111 4465 .lesus
3148 4409 3492 4465 Bethaniam.
3526 4404 3707 4461 lliunu-

2163 4504 2244 4557 lus
2273 4516 2556 4555 cervorum
2585 4515 2800 4571 semper
2829 4501 2896 4556 ad
2926 4502 3125 4557 lectum
3158 4518 3323 4556 suum
3356 4500 3513 4565 redit,
3546 4498 3590 4552 id
3613 4502 3705 4554 est.

2160 4595 2307 4649 filius
2337 4594 2598 4650 obediens
2626 4595 2768 4664 patri
2798 4609 2970 4665 usque
2995 4594 3062 4649 ad
3093 4607 3354 4657 mortem,
3376 4588 3705 4649 obedientiam

2161 4703 2189 4742 a
2222 4687 2380 4741 nobis
2428 4686 2580 4757 petit.
2625 4685 2811 4741 Simon
2853 4686 3121 4755 leprosos,
3164 4689 3429 4740 mundum
3465 4683 3706 4738 infidelem

2158 4780 2369 4849 primo,
2421 4789 2477 4832 et
2530 4788 2718 4847 postea
2772 4776 2981 4834 fidelem
3036 4779 3331 4849 significat.
3385 4778 3567 4832 hlulier
3605 4783 3707 4826 cum

2156 4871 2456 4933 alabastro,
2480 4870 2904 4925 ecclesiasticam
2929 4869 3109 4932 fidem,
3152 4885 3282 4938 quae
3308 4870 3436 4924 dicit
3468 4887 3484 4922 :
3518 4863 3710 4919 Nimim

2158 4978 2271 5015 mea
2301 4962 2443 5016 dedit
2478 4964 2689 5016 adorent
2727 4978 2881 5016 suum
2930 4961 3110 5033 (Cant.
3144 4977 3183 5027 t,
3224 4964 3339 5033 ll).
3375 4961 3570 5015 Pistica
3605 4967 3711 5009 nat-

2157 5052 2258 5107 dns
2302 5054 2525 5117 dicitur,
2567 5053 2618 5107 id
2667 5063 2785 5119 est,
2831 5056 3058 5125 mystica
3108 5038 3177 5108 et
3217 5053 3484 5122 pretiosa.
3537 5048 3715 5101 Domus

2157 5143 2377 5211 impleta
2420 5145 2605 5208 odore,
2642 5145 2839 5199 canum
2884 5154 2940 5200 ct
2984 5155 3127 5198 terra
3172 5155 3282 5199 est.
3336 5142 3583 5197 Fractnm
3619 5137 3715 5188 ala-

2156 5237 2423 5302 bastrum,
2458 5238 2675 5292 carnale
2725 5247 2811 5291 est
2857 5237 3179 5292 desiderium
3217 5253 3233 5290 :
3271 5238 3417 5305 quod
3473 5229 3713 5313 frangitur

2156 5329 2221 5383 ad
2265 5340 2446 5399 caput,
2484 5345 2551 5384 ex
2581 5345 2688 5398 quo
2728 5343 2888 5383 omne
2922 5344 3121 5397 corpus
3152 5330 3590 5399 compaginatum
3618 5324 3710 5372 est.

2156 5423 2524 5477 Recmnbente
2553 5422 2691 5489 ipso.
2719 5422 2769 5475 id
2798 5432 2883 5476 est
2936 5420 3289 5484 humiliante,
3313 5432 3370 5474 ut
3395 5434 3515 5474 eum
3547 5426 3714 5491 tange-

2157 5524 2237 5569 ret
2280 5516 2410 5568 lidcs
2462 5516 2785 5582 peccatricis
2810 5531 2829 5567 ε
2861 5530 2983 5585 quae
3021 5515 3088 5569 de
3130 5514 3361 5584 pedibus
3394 5509 3628 5567 ascendit
3654 5504 3713 5559 ad

2155 5617 2339 5674 caput,
2375 5617 2429 5662 et
2476 5607 2543 5661 ad
2594 5608 2757 5675 pedes
2789 5621 2818 5661 ι
2853 5609 3029 5676 capite
3073 5606 3357 5661 descendit
3396 5620 3489 5677 per
3529 5601 3705 5661 fidem;

2156 5696 2207 5752 id
2234 5706 2341 5766 est,
2374 5698 2439 5752 ad
2469 5695 2747 5763 Christum
2780 5705 2835 5752 ct
2858 5696 2929 5755 ad
2960 5697 3199 5755 membra
3232 5697 3375 5767 ejus.
