3934 6200
232 327 335 390 6:3
689 379 709 402 ,
1340 317 1754 382 EXPOSITIO
1792 321 1878 383 IN
1924 322 1998 406 s._
2028 321 2377 384 mancum.
2539 303 2558 309 ”
3378 322 3486 388 654

295 455 319 493 ι
359 437 532 491 Erant
580 443 764 492 autem
817 433 1038 506 quidam
1095 432 1317 501 indigne
1366 433 1608 490 ferentes
1664 435 1810 491 intra
1840 447 1884 504 Α
1919 444 2204 505 postquam
2237 435 2388 497 exiit,
2427 433 2658 488 Satanas
2710 433 2762 488 in
2795 447 2917 488 eum
2969 431 3207 488 intravit.
3257 432 3352 488 Hic
3379 451 3487 491 nos;

225 528 546 596 semetipsos
586 535 644 581 et
674 525 968 581 dicentes:
1017 523 1222 595 thuid
1263 526 1501 595 perditio
1569 527 1670 581 ista
1698 543 1803 581 un-

225 621 406 690 gucttli
455 619 594 675 facta
644 619 774 673 est?
821 615 1046 673 Poterat
1086 618 1232 672 enim
1277 624 1612 686 unguentum
1658 617 1802 672 istud

227 710 526 766 venundari
577 710 698 780 plus
749 725 912 780 quam
967 711 1232 764 trecentis
1276 709 1540 774 denariis,
1588 720 1642 764 et
1683 710 1799 764 dari

225 801 580 872 pauperibus.
633 798 697 852 Et
747 799 1059 854 fremebant
1110 799 1164 852 in
1214 813 1358 853 eam.
1407 797 1566 854 Jesus
1620 807 1800 854 autem

229 890 362 944 dixit
398 907 411 943 :
453 887 628 942 Sinite
674 903 828 953 eam;
877 887 1006 956 quid
1049 887 1126 940 illi
1179 887 1395 942 molesti
1445 888 1604 942 estis?
1646 907 1664 939 ι
1703 886 1804 942 Per

229 979 604 1050 synecdochen
637 976 838 1032 dicitur
863 993 1014 1032 unus
1043 991 1140 1044 pro
1180 978 1384 1044 multis,
1414 989 1470 1032 et
1507 978 1664 1042 multi
1709 995 1806 1047 pro

231 1084 360 1124 uno.
399 1069 648 1124 Dicentes
681 1071 821 1122 intra
857 1085 916 1123 se
953 1083 969 1121 :
1023 1066 1223 1137 thuid
1268 1068 1501 1136 perditio
1554 1069 1668 1122 haec
1710 1085 1836 1128 ιιιι-,

229 1162 454 1233 guenti?
487 1161 739 1216 Perditus
775 1160 842 1214 de
877 1159 1054 1215 salute
1085 1159 1452 1229 perditionem
1489 1159 1718 1224 invenit,
1753 1170 1808 1215 et

229 1255 283 1308 in
320 1254 422 1308 ficu
459 1252 737 1307 fructifera
772 1252 963 1306 mortis
996 1251 1246 1321 laqueum
1278 1252 1636 1306 nanciscitur.
1673 1250 1810 1305 Tre-

228 1345 405 1400 centis
451 1345 693 1400 denariis
745 1353 955 1413 paterat
1003 1344 1302 1397 venuntlari
1355 1354 1712 1412 unguentum.
1749 1351 1822 1398 et

227 1438 342 1490 dari
375 1437 722 1506 pauperibus.
751 1434 867 1490 Sub
894 1444 1158 1504 praetextu
1192 1436 1458 1497 avaritia,
1484 1437 1806 1506 mysterium

227 1528 468 1596 loquitur
501 1528 648 1582 lidei.
681 1527 890 1581 Etenim
925 1537 1110 1580 nostra
1145 1527 1278 1592 ﬁdes
1312 1528 1567 1580 trecentis
1603 1529 1806 1581 emitur

221 1621 492 1681 denariis,
523 1620 574 1673 id
605 1630 712 1683 est,
744 1619 931 1673 decem
965 1618 1216 1673 sensibus
1245 1632 1340 1687 per
1369 1632 1570 1686 corpus
1604 1628 1658 1671 et
1696 1620 1815 1671 ani-

225 1728 371 1766 imm
405 1723 456 1767 et
490 1712 740 1782 spiritum
769 1711 1086 1780 triplicatis,
1117 1721 1173 1764 ιιι
1203 1721 1257 1765 et
1289 1725 1388 1765 nos
1419 1711 1563 1766 sicut
1588 1709 1806 1766 Gedeon

1911 524 2049 578 aocti
2081 525 2276 578 indicat
2300 525 2573 578 scientiam
2611 521 2782 593 (Prol.
2815 538 2968 588 xvnt,
3015 522 3092 589 5).
3133 519 3487 593 Unumquod-

1907 627 2014 677 que
2045 616 2247 669 animal
2273 617 2340 669 ad
2377 615 2555 670 simile
2578 615 2679 670 sibi
2707 613 2956 684 jungitur
2987 613 3180 683 (Eccli.
3212 628 3337 680 xm,
3369 615 3484 686 19).

1908 705 2075 759 Maria
2107 706 2278 760 currit
2317 707 2382 759 ad
2431 706 2729 773 apostolos,
2757 713 2815 760 ut
2838 707 2946 760 dies
2971 706 3078 760 diei
3125 716 3322 761 eructat
3377 723 3492 761 vcr-

1908 799 2028 851 bttm
2057 796 2233 868 (Psal.
2265 813 2420 859 xvm,
2453 798 2508 865 ὅ)
2537 815 2552 851 :
2610 806 2661 852 et
2692 795 2859 852 Judas
2885 801 2952 852 au
2998 795 3239 862 Iudaeos,
3277 807 3338 853 ut
3385 814 3492 854 nos:

1909 891 2050 944 nocti
2081 890 2275 944 indicet
2304 890 2606 944 scientiam.
2632 889 2960 944 Promittant
2984 889 3293 957 pecuniam,
3325 892 3494 944 amit-

1912 985 2030 1030 tunt
2059 980 2256 1038 vitam;
2290 994 2451 1045 quam
2478 978 2594 1045 ipse
2635 977 2864 1047 recepit,
2911 992 3033 1030 cum
3081 977 3248 1032 vitam
3284 979 3490 1034 amisit.

1909 1066 2194 1130 Quaerebat
2228 1066 2718 1136 opportunitatem.
2756 1066 3148 1136 Opportunitas
3195 1067 3302 1122 doli
3352 1084 3496 1122 nun-

1909 1173 2071 1226 quam
2111 1159 2408 1222 invcnitur,
2466 1165 2526 1211 ut
2563 1173 2672 1212 non
2726 1159 3035 1211 vindicetur
3083 1158 3171 1212 hic
3230 1168 3326 1211 aut
3355 1158 3490 1214 illic.

1913 1248 2184 1311 Protttittit
2243 1265 2304 1306 se
2357 1250 2594 1311 tradere,
2646 1256 2705 1303 ut
2758 1248 3014 1317 magister
3076 1248 3194 1318 ejus
3240 1249 3494 1306 diabolus

1911 1350 2037 1394 ante
2069 1341 2326 1397 dicebat:
2366 1340 2482 1394 Tibi
2513 1341 2648 1395 dabo
2682 1350 2991 1409 potestatein
3023 1340 3157 1395 hanc
3191 1342 3492 1396 uniuersam

1911 1431 2138 1500 (Matth.
2170 1447 2249 1494 tv,
2277 1431 2354 1502 9).
2389 1431 2451 1484 Et
2484 1431 2660 1499 primo
2695 1431 2787 1486 die
2825 1431 3173 1502 Azymorum,
3215 1448 3336 1502 quae
3367 1450 3492 1489 cum

1911 1521 2281 1578 amaritudine
2303 1523 2702 1577 manducantur
2727 1539 2742 1576 :
2777 1537 2966 1592 azyma
2996 1524 3151 1580 nobis
3172 1536 3255 1582 est
3280 1527 3494 1584 redem-

1915 1616 2026 1682 ptio
2057 1624 2266 1676 nostra,
2299 1614 2609 1668 amaritudo
2636 1629 2788 1676 vero,
2826 1615 3008 1682 passio
3032 1614 3264 1670 Domini.
3301 1617 3498 1672 Dicunt

1915 1707 2166 1774 discipuli
2195 1723 2209 1760 :
2243 1707 2360 1773 Quo
2393 1707 2474 1760 vis
2515 1721 2706 1760 eamus
2731 1706 2753 1758 ἲ
2783 1714 2844 1761 ιιι
2897 1721 3019 1762 cum
3089 1707 3365 1762 voluntate
3400 1709 3492 1764 Dei

223 1813 594 1858 ιτεοεηιοι-ιηη
663 1802 904 1856 vit-orum
951 1817 1233 1857 numerum
1282 1811 1649 1868 “sumentes,
1679 1802 1804 1856 ιιιο.
1847 1801 1886 1858 Β
1915 1795 2214 1864 dirigamus
2246 1809 2466 1864 gressus
2513 1805 2750 1849 nostros.
2814 1794 3076 1850 Dominus
3110 1795 3320 1852 indicat
3369 1813 3494 1853 cum

223 1899 512 1970 phylornm
557 1907 764 1958 castra,
797 1911 1061 1966 panperss
1093 1895 1286 1965 spiritu
1326 1895 1512 1949 irae-tis
1547 1896 1809 1964 laguncu-

223 1992 296 2045 lis
321 1991 518 2045 nostn's
545 2003 668 2044 cum
699 1990 844 2042 tubis
869 1999 926 2042 et
953 1989 1197 2042 lucernis
1231 1987 1578 2042 destruatnus
1606 1987 1804 2057 (ludio.

225 2082 386 2146 vn,i
447 2081 608 2150 αφ),
647 2090 701 2134 et
747 2089 802 2132 ιιι
845 2081 1121 2133 Abraham
1174 2093 1295 2133 cum
1345 2078 1607 2134 trecentis
1655 2079 1807 2142 viris,

223 2171 400 2242 spolia
441 2172 508 2224 ad
541 2185 827 2240 vesperum
859 2171 1166 2225 dividamus
1210 2169 1364 2240 (Gen.
1397 2184 1508 2231 ιιν,
1541 2167 1608 2222 ιι
1644 2169 1806 2236 seq).

226 2265 494 2333 Sequitur
519 2280 538 2322 ι
1034 2246 1040 2252 ”

305 2373 329 2408 ι
364 2355 569 2411 Bonum
616 2369 753 2423 opus
787 2363 1008 2423 operata
1053 2361 1140 2408 est
1179 2353 1230 2407 in
1267 2367 1385 2418 me;
1419 2366 1634 2420 semper
1663 2352 1806 2405 enim

225 2461 498 2517 pauperes
529 2443 739 2500 habetis
775 2443 1078 2506 vobiscum.
1107 2453 1163 2497 et
1198 2457 1322 2496 cum
1375 2442 1676 2505 volueritis,
1710 2457 1806 2512 po-

227 2535 390 2590 testis
413 2533 520 2588 illis
543 2533 864 2588 benefacere
889 2547 904 2587 :
934 2545 1021 2585 me
1045 2531 1230 2585 autem
1259 2544 1366 2583 non
1394 2543 1612 2597 semper
1640 2529 1810 2584 habe-

225 2627 384 2680 bitis.
433 2623 588 2690 Quod
641 2623 864 2688 habuit,
923 2623 1040 2676 haec
1092 2621 1243 2675 fecit.
1286 2637 1302 2672 ι
1357 2618 1464 2686 Qui
1517 2619 1692 2674 credit
1754 2618 1806 2672 in

227 2719 424 2783 Deum,
452 2725 737 2785 reputatur
755 2715 805 2770 ei
833 2715 888 2769 in
920 2713 1326 2784 opusjustitiae.
1357 2713 1518 2768 Aliud
1550 2725 1636 2770 est
1661 2714 1809 2772 enim

226 2809 458 2865 credere
501 2808 575 2870 ei,
617 2806 760 2860 aliud
812 2805 1041 2860 credere
1094 2805 1146 2858 in
1191 2819 1338 2870 eum,
1379 2805 1430 2858 id
1485 2813 1592 2870 est,
1633 2811 1840 2858 totum'

224 2897 432 2968 ejicere
474 2906 528 2952 te
577 2897 628 2950 in
677 2895 850 2950 illum.
883 2894 1038 2961 Quod
1082 2894 1296 2956 habuit.
1338 2893 1455 2948 haec
1502 2895 1652 2949 iecit.
1689 2893 1809 2949 Non

225 2989 454 3044 aliunde
478 3003 780 3058 speremus,
811 2990 955 3057 quod
984 2987 1037 3040 in
1071 2986 1228 3040 nobis
1258 2985 1544 3041 habemus.

313 3097 332 3134 ι
372 3081 638 3137 Pratvenit
667 3095 870 3150 ungere
911 3095 1111 3150 corpus
1139 3094 1320 3134 meum
1358 3081 1412 3132 in
1452 3079 1808 3149 sepulturam.

224 3171 406 3228 Amen
456 3174 579 3228 dico
635 3173 822 3237 vobis,
865 3171 1181 3243 ubicunque
1231 3171 1583 3242 praedicatum
1645 3173 1808 3226 fuerit

226 3263 590 3336 Evangelium
625 3263 770 3320 i~tud
797 3263 855 3318 in
889 3263 1145 3320 universo
1177 3266 1398 3328 mundo,
1426 3276 1478 3318 et
1510 3267 1654 3334 quod
1687 3265 1814 3319 fecit

226 3357 369 3422 haec,
399 3357 713 3412 narrabitur
742 3355 796 3410 in
827 3357 1142 3410 memoriam
1175 3358 1318 3425 ejus.
1361 3357 1426 3409 Et
1470 3355 1640 3411 Judas
1675 3356 1814 3412 laca-

227 3452 413 3514 riotis,
445 3466 586 3508 unus
627 3450 696 3506 de
739 3449 1045 3512 duodecim,
1080 3450 1216 3504 abiit
1243 3451 1310 3505 ad
1338 3466 1582 3504 summm
1623 3465 1811 3504 sacer-

224 3545 410 3610 dt-tes,
441 3552 502 3598 ut
528 3542 784 3611 proderet
815 3557 936 3598 eum
969 3542 1100 3600 illis.
1135 3542 1238 3609 Qui
1269 3545 1574 3606 audientes,
1637 3541 1811 3609 gavisi

225 3644 389 3698 sunt,
421 3645 480 3690 et
521 3634 898 3706 promiserunt
939 3635 990 3690 ei
1039 3635 1328 3704 pecuniam
1368 3649 1428 3690 se
1469 3637 1716 3690 daturos.
1749 3634 1817 3689 Et

224 3726 522 3796 quarebat
577 3727 855 3796 quomodo
905 3741 1028 3781 eum
1080 3735 1386 3798 Opportune
1437 3727 1700 3781 traderet.
1755 3726 1816 3781 Et

227 3819 418 3888 primo
457 3815 546 3873 die
571 3817 924 3888 Azymorum,
957 3820 1176 3885 quando
1208 3820 1409 3888 pascha
1443 3817 1817 3882 immolabant,

224 3908 428 3964 dicunt
456 3907 524 3972 ,ei
575 3908 828 3978 discipuli
863 3925 879 3964 :
918 3908 1038 3974 Quo
1089 3909 1171 3965 vis
1213 3923 1427 3974 eamus,
1461 3919 1515 3963 et
1559 3891 1818 3978 paremus

225 3998 336 4054 tibi
381 3998 674 4054 comedere
708 3997 945 4069 pascha?
991 3997 1061 4052 Et
1086 3999 1252 4053 tnittit
1275 3997 1413 4054 duos
1443 4013 1506 4052 ex
1535 3997 1818 4068 discipulis

221 4090 373 4153 suis,
419 4099 477 4144 et
521 4089 656 4145 dicit
701 4091 783 4146 eis
814 4105 828 4143 :
861 4089 941 4146 lte
982 4089 1043 4145 in
1092 4089 1406 4156 civitatem,
1453 4099 1510 4145 et
1563 4099 1820 4145 occurret

221 4181 398 4236 vobis
447 4180 616 4237 homo
667 4181 918 4250 lagenam
969 4194 1128 4252 aqua:
1179 4181 1465 4248 hajulans,
1524 4183 1816 4252 sequimini

215 4290 358 4330 eum
382 4288 402 4342 ς
443 4283 502 4330 et
543 4289 873 4344 quocunque
923 4273 1222 4338 introierit,
1254 4274 1421 4330 dicite
1465 4275 1688 4329 domino
1721 4275 1818 4329 do-

217 4381 385 4429 mus,
416 4365 548 4435 quia
596 4365 862 4434 magister
905 4363 1080 4420 dicit:
1116 4361 1219 4419 Ubi
1263 4373 1348 4420 est
1398 4363 1626 4420 refectio
1677 4379 1816 4431 mea,

1909 1901 2018 1955 quo
2048 1886 2342 1942 manducet
2392 1886 2634 1955 pascha:
2683 1896 2736 1939 et
2789 1902 2942 1940 more
2985 1901 3085 1942 suo
3117 1889 3284 1942 mittit
3333 1890 3494 1955 duos,

1910 1980 2052 2046 quod
2081 1993 2242 2048 supra
2277 1979 2650 2042 exposuimus.
2689 1978 2753 2032 Et
2783 1978 2948 2033 dicit:
2989 1979 3068 2034 Ite
3102 1981 3154 2034 in
3191 1982 3494 2046 civitatem.

1911 2077 1965 2120 et
1994 2067 2225 2138 reliqua.
2277 2067 2508 2134 Civitas,
2559 2078 2642 2122 est
2705 2068 2974 2131 Ecclesia,
3013 2088 3130 2140 qua:
3167 2075 3496 2130 muro-ﬁdei

1911 2161 2166 2228 cingitur.
2209 2159 2382 2215 Homo
2427 2177 2744 2229 occurrens,
2775 2163 3012 2231 populus
3039 2165 3353 2232 primitivus
3385 2176 3494 2220 est.

1912 2251 2189 2320 Amphora
2221 2267 2377 2321 aqum
2435 2255 2523 2308 lex
2594 2257 2790 2310 litterae
2837 2264 2940 2310 est.
2985 2255 3287 2324 Sequimini
3345 2274 3492 2324 cum,

1910 2341 2004 2408 qui
2039 2344 2188 2397 ducit
2219 2345 2271 2398 in
2308 2347 2501 2410 altum,
2530 2346 2622 2401 ubi
2673 2358 2759 2401 est
2799 2348 3027 2403 refectio
3049 2349 3284 2406 Christi.
3343 2349 3496 2406 Unde

1910 2433 2063 2489 Raab
2093 2437 2532 2505 exploratoribus
2566 2439 2785 2494 mandat
2841 2448 2899 2496 ιιι
2927 2455 3031 2495 non
3061 2442 3202 2497 irent
3233 2457 3330 2512 per
3360 2442 3492 2513 iuta,

1912 2531 2006 2584 sed
2032 2543 2130 2598 per
2165 2531 2384 2586 excelsa
2417 2541 2708 2600 pergerent
2737 2530 2925 2603 (Iosue
2973 2549 3034 2600 tt,
3077 2533 3190 2603 16).
3219 2535 3500 2591 οωιιιιειι·

1911 2619 2022 2675 lum
2051 2621 2277 2690 grande,
2313 2621 2552 2676 Ecclesia
2607 2637 2798 2692 magna
2850 2633 2970 2679 est:
3002 2625 3054 2679 in
3088 2640 3194 2695 qua
3243 2636 3500 2684 narratur

1916 2726 2112 2766 nomen
2141 2711 2376 2777 Domini,
2409 2720 2578 2766 strata
2608 2714 2874 2770 varietate
2913 2717 3178 2772 virtutum
3201 2727 3256 2773 et
3285 2719 3502 2789 lingua-

1914 2819 2057 2866 rum,
2089 2814 2147 2856 ut
2175 2813 2259 2858 est
2307 2804 2482 2859 illud:
2545 2804 2962 2862 Circumamicta
3015 2811 3270 2865 varietate
3316 2811 3498 2882 (Psal.

1913 2908 2059 2958 thv,
2089 2895 2200 2964 10),
2235 2896 2290 2949 itt
2323 2910 2430 2965 qua
2459 2907 2682 2965 paratur
2710 2899 2935 2954 Domino
2969 2901 3194 2968 pascha.
3225 2903 3486 2960 Dominus

1914 2981 2128 3054 domus,
2159 2985 2354 3043 Petrus
2387 2990 2671 3057 apostolus
2698 2999 2802 3045 est.
2835 2988 2935 3046 Cui
2967 2992 3230 3050 Dominus
3267 2996 3496 3052 domum

1916 3093 2070 3133 suam
2106 3079 2361 3147 credidit,
2386 3088 2446 3134 ut
2486 3081 2560 3135 sit
2594 3098 2698 3136 una
2727 3081 2862 3138 lides
2892 3084 2992 3138 sub
3021 3100 3128 3140 uno
3157 3099 3400 3156 pastore.

2000 3189 2018 3223 ι
2059 3169 2290 3240 Vespere
2321 3180 2502 3226 autem
2543 3172 2710 3240 facto,
2744 3177 2894 3230 venit
2951 3189 3073 3231 cum
3109 3179 3417 3247 duodecim,
3445 3193 3504 3238 et

1917 3263 2389 3320 discnmhentihus
2421 3265 2524 3332 eis,
2576 3275 2632 3320 et
2678 3267 3154 3338 manducantibus,
3199 3273 3277 3327 ait
3303 3271 3502 3330 Jesus:

1917 3357 2084 3410 Amen
2122 3358 2246 3412 dico
2286 3359 2460 3424 vobis,
2489 3359 2614 3432 quia
2673 3376 2813 3416 untts
2847 3377 2915 3418 ex
2967 3366 3125 3422 vobis
3158 3369 3337 3425 tradet
3391 3386 3502 3434 me,

1917 3454 2008 3518 qui
2046 3451 2335 3506 manducat
2364 3467 2600 3510 mecum.
2629 3452 2700 3506 At
2729 3454 2807 3509 illi
2841 3467 3132 3526 cmperunt
3160 3461 3500 3528 contristari,

1922 3550 1980 3594 et
2015 3541 2197 3596 dicere
2230 3543 2278 3596 ei
2323 3542 2640 3612 sigillatim:
2673 3543 2926 3616 Nunquid
2949 3549 3088 3618 ego?
3121 3549 3222 3618 Qui
3246 3553 3324 3607 ait
3354 3553 3460 3612 illis
3484 3572 3508 3614 ι

1921 3629 2076 3686 Unus
2105 3647 2170 3686 ex
2196 3635 2500 3700 duodecim,
2538 3637 2634 3706 qui
2691 3638 2910 3707 intingit
2939 3655 3152 3695 mecum
3207 3643 3260 3696 in
3298 3647 3504 3701 catino.

1921 3724 1988 3779 Et
2017 3724 2186 3782 Filius
2214 3726 2434 3796 quidem
2477 3729 2713 3784 hominis
2750 3731 2897 3785 vadit
2925 3732 3068 3786 sicut
3123 3736 3398 3804 scriptum"
3419 3748 3506 3794 est

1922 3818 1987 3873 de
2015 3832 2082 3873 eo
2130 3832 2144 3871 :
2183 3832 2265 3872 va:
2292 3828 2472 3873 autem
2503 3821 2708 3875 homini
2741 3822 2843 3887 illi,
2876 3839 2972 3892 per
3001 3841 3163 3894 quem
3213 3827 3383 3883 Filius
3411 3831 3507 3886 lto-

1923 3907 2084 3963 minis
2120 3908 2388 3966 tradetur.
2427 3909 2636 3983 Bonum
2667 3924 2788 3968 erat
2814 3918 2863 3969 ei
2899 3917 2941 3969 si
2971 3929 3130 3972 natus
3169 3935 3276 3974 non
3309 3921 3506 3980 luisset

1922 3999 2086 4055 homo
2118 4001 2229 4058 ille.
2264 4001 2331 4056 Et
2380 4006 2837 4064 manducantibus
2900 4009 3026 4072 illis,
3081 4013 3291 4081 accepit
3342 4011 3504 4072 Jesus

1922 4105 2138 4160 panem,
2186 4103 2244 4148 et
2295 4093 2649 4164 benedicens,
2683 4097 2845 4172 fregit
2879 4109 2932 4154 et
2978 4101 3128 4158 dedit
3149 4104 3254 4171 cis,
3299 4115 3355 4160 et
3382 4107 3501 4162 ait:

1924 4183 2160 4249 Sumite,
2212 4186 2314 4240 hoc
2346 4197 2429 4241 est
2486 4201 2686 4256 corpus
2739 4205 2943 4255 meum.
2987 4210 3006 4243 ›
3079 4191 3320 4263 Vespera
3369 4198 3502 4264 dici,

1924 4291 2202 4346 vesperam
2261 4278 2465 4334 indicat
2517 4281 2725 4336 mundi.
2756 4281 2918 4338 Circa
2955 4285 3296 4341 undecimam
3337 4303 3497 4342 naut-

1924 4385 2026 4437 que
2053 4368 2243 4425 horam
2279 4374 2504 4428 veniunt
2552 4373 2866 4440 novissimi,
2901 4377 2991 4448 qui
3025 4379 3183 4447 primi
3217 4382 3505 4438 denarium

215 4457 327 4511 ubi
379 4454 583 4526 pascha
637 4469 764 4510 cum
811 4453 1096 4523 discipulis
1145 4453 1285 4509 meis
1335 4454 1701 4509 manducent?
1752 4455 1818 4509 Et
1851 4476 1895 4531 υ
1925 4461 2048 4516 vitae
2078 4463 2356 4532 accipiunt
2389 4473 2604 4520 atteram
2633 4481 2649 4524 :
2686 4467 2812 4537 quia
2834 4477 2961 4524 ante
2985 4483 3203 4526 crucem
3227 4471 3506 4532 Abraham

217 4549 358 4620 ipse
443 4547 598 4602 vobis
689 4546 1091 4602 demonstrabit
1177 4545 1525 4600 cmnaculum
1617 4546 1820 4616 grande

213 4649 498 4704 stratum,
530 4647 588 4692 ct
616 4638 727 4692 illic
747 4647 939 4708 parate
969 4637 1148 4691 nobis.
1177 4636 1246 4691 Et
1279 4636 1534 4692 abierunt
1569 4636 1821 4707 discipuli

213 4733 382 4802 ejus,
407 4741 462 4785 et
492 4739 759 4785 venerunt
806 4729 860 4784 in
891 4729 1191 4796 civitatem,
1223 4738 1278 4784 et
1301 4728 1634 4784 invenerunt
1680 4733 1825 4784 sicut

207 4824 456 4876 dixerat
481 4820 610 4886 illis,
643 4830 698 4874 et
746 4830 1076 4890 paraverunt
1102 4822 1326 4890 pascha.
1362 4839 1381 4874 ι
1436 4820 1492 4876 ld
1527 4832 1631 4888 est,
1663 4831 1822 4877 ante-

203 4928 400 4984 quam
439 4913 650 4968 veniret
680 4913 749 4978 is,
782 4909 878 4981 qui
924 4911 1260 4978 excluderet,
1315 4910 1486 4966 Judas
1519 4912 1819 4979 lseariotis,

203 5019 380 5061 unus
403 5005 472 5058 de
499 5003 807 5059 duodecim.
836 5003 987 5060 Unus
1012 5018 1262 5069 numero,
1284 5019 1394 5058 non
1421 5020 1561 5059 ttnus
1587 5005 1821 5061 merito:

203 5111 380 5150 ursus
418 5093 663 5158 nomine,
701 5109 810 5148 non
863 5110 1004 5148 unus
1067 5094 1334 5149 numine:
1370 5111 1510 5149 unus
1569 5110 1822 5166 corpore,

197 5199 345 5240 non
383 5198 525 5240 unus
557 5184 758 5239 animo.
794 5184 950 5240 Unde
977 5200 1209 5253 sponsus
1233 5187 1299 5238 ad
1349 5200 1604 5254 sponsam
1634 5186 1822 5242 canit:

211 5276 552 5332 Vas‘lnerasti
580 5293 670 5329 cor
698 5293 889 5343 meum,
918 5293 1070 5332 soror
1101 5293 1215 5332 mea
1237 5293 1450 5346 sponsa,
1478 5277 1531 5331 in
1564 5294 1667 5332 uno
1699 5296 1825 5332 ocn-

191 5374 411 5426 lorum
437 5378 671 5432 tuorum,
703 5380 755 5424 et
785 5370 839 5424 in
866 5386 969 5424 uno
994 5371 1139 5426 crine
1162 5370 1286 5424 colli
1321 5371 1401 5424 tui
1430 5370 1611 5442 (Cant.
1639 5387 1715 5438 tv,
1742 5372 1822 5444 9).

190 5459 440 5518 Oculus
489 5471 544 5514 et
586 5461 778 5527 crinis,
841 5463 1126 5530 sapientiae
1174 5472 1261 5517 est
1306 5465 1480 5520 virtus
1511 5479 1526 5521 :
1562 5467 1822 5534 quoniam

183 5553 387 5610 Jmlae
427 5567 550 5606 cum
586 5553 803 5607 caeteris
831 5553 1078 5608 dicitur:
1138 5551 1292 5607 Vobis
1321 5557 1506 5608 datum
1540 5565 1616 5610 est
1671 5575 1823 5612 nosse

183 5647 547 5718 mysterium
571 5649 716 5718 regni
747 5645 902 5718 (Luc.
931 5662 1048 5709 vttt,
1083 5646 1208 5715 l0);
1235 5656 1311 5713 et,
1349 5645 1484 5704 Dedi
1515 5650 1654 5706 vobis
1679 5663 1824 5720 pote-

185 5747 447 5805 statem,
480 5746 534 5792 et
569 5739 774 5809 reliqua
807 5737 963 5809 (Luc.
999 5736 1191 5804 x,19).
1231 5737 1380 5793 Abiit
1408 5741 1473 5794 ad
1511 5743 1817 5814 principes:

1929 4562 2045 4608 erat
2080 4553 2133 4607 in
2171 4555 2408 4622 inferno,
2439 4566 2494 4611 et
2521 4567 2644 4626 post
2681 4573 2898 4614 crucem
2955 4560 3097 4617 latro
3132 4562 3187 4618 in
3223 4565 3506 4635 paradiso.

1927 4637 2380 4703 blanducantibus
2431 4657 2613 4706 autem
2649 4650 2730 4707 eis
2763 4650 2878 4709 ait:
2912 4650 3066 4709 Unus
3113 4667 3181 4710 ex
3235 4657 3392 4712 vobis
3423 4675 3510 4716 me

1930 4738 2132 4798 tradet,
2165 4751 2221 4794 et
2250 4741 2341 4810 qui
2380 4743 2668 4796 manducat
2701 4757 2911 4798 mecum
2945 4761 3162 4816 panem.
3195 4746 3332 4814 Quia
3373 4749 3503 4804 dum

1928 4827 2140 4884 falsitas
2175 4830 2445 4900 arguitur,
2467 4832 2824 4891 nihilominus
2862 4839 3065 4892 veritas
3099 4840 3503 4909 comprobatur,

1929 4931 1991 4976 ut
2059 4922 2380 4990 impleretur
2435 4927 2581 4994 quod
2655 4927 2890 4983 dicitur:
2954 4930 3059 4995 Qui
3117 4931 3303 4987 edebat
3341 4948 3508 5002 panes

1927 5026 2091 5072 meos,
2124 5014 2504 5086 magniﬁcabat
2535 5034 2696 5088 super
2715 5037 2794 5076 me
2821 5021 3296 5090 supplantationem
3329 5024 3504 5096 (1)ιαί.

1924 5119 2017 5166 ιι..
2057 5104 2168 5175 10).
2195 5105 2400 5162 Omnes
2462 5118 2782 5179 tanguntur,
2848 5123 2906 5167 ut
2952 5115 3048 5170 ﬁat
3105 5117 3389 5171 harmonia
3446 5118 3502 5172 in

1925 5197 2132 5252 cithara
2162 5213 2178 5254 :
2214 5212 2405 5255 omnes
2434 5204 2583 5256 nervi
2625 5203 2763 5257 bene
2793 5206 3064 5274 suspensi,
3103 5222 3340 5262 consona
3371 5225 3506 5270 voce

1931 5289 2262 5359 respondent
2313 5306 2328 5348 :
2383 5291 2637 5362 Nunquid
2693 5309 2792 5364 ego
2822 5310 2966 5361 sum,
3026 5296 3299 5354 Domine?
3352 5301 3508 5362 Unus

1924 5381 2218 5450 remissus,
2249 5392 2303 5438 et
2342 5387 2587 5454 pecunia:
2623 5403 2811 5443 amore
2851 5388 3102 5455 affectus,
3157 5392 3330 5450 dixit:
3361 5393 3512 5450 Nun-
3575 5373 3578 5376 i

1926 5473 2055 5540 quid
2085 5489 2184 5542 ego
2215 5490 2356 5541 sum,
2388 5476 2600 5532 liabhi?
2629 5477 2694 5530 Et
2739 5480 2872 5535 dicit
2909 5483 3012 5536 illis
3038 5499 3052 5540 :
3106 5483 3256 5540 Unus
3286 5487 3351 5541 de
3379 5490 3509 5543 duo-

1929 5565 2130 5619 decim.
2172 5566 2401 5634 Separat
2455 5570 2616 5640 lupus
2651 5586 2900 5626 seorsum
2932 5590 3113 5640 ovem,
3144 5594 3307 5646 quam
3340 5583 3516 5650 capit.‘

1927 5656 2079 5722 0\is,
2120 5675 2241 5730 quae
2269 5662 2334 5716 de
2363 5662 2490 5715 ovili
2531 5666 2824 5732 cgred’tur,
2885 5667 2996 5736 lupi
3032 5680 3179 5740 patet
3211 5675 3505 5732 morsibus.

1929 5750 2100 5807 Filius
2145 5753 2381 5809 hominis
2446 5757 2632 5811 vadit:
2687 5757 2786 5814 scd
2825 5772 2899 5813 vae
2947 5761 3153 5817 homini
3213 5780 3307 5834 per
3342 5783 3507 5838 quem

3780 4295 3846 4350 ei.“
