3946 6206
493 283 600 347 655

1476 287 1539 347 S.
1580 283 2027 346 HIERONYMI
2071 283 2389 345 OPERUM
2428 282 2833 343 MANTISSA.
3589 283 3672 346 656

500 398 765 452 tradetur.
802 395 952 451 Mulli
989 397 1208 461 bonum,
1245 403 1301 449 ut
1335 395 1524 465 .ludas,
1568 399 1798 464 faciunt,
1830 401 1924 453 sed
1952 412 2070 452 om-
2098 411 2154 473 Α
2176 404 2493 452 sanctorum
2522 393 2893 450 infernalium.
2949 391 3122 446 Filius
3155 406 3181 445 a
3238 392 3386 449 Patre
3412 394 3605 451 mittitur
3630 409 3674 454 οι

498 492 630 545 nino
657 491 763 545 illis
794 506 898 544 non
934 488 1167 557 proficit.
1203 488 1409 542 Bonum
1467 497 1582 543 erat
1633 490 1681 543 ci
1718 490 1759 543 si
1791 506 1899 543 non
1930 501 2076 544 esset

498 593 701 639 natus:
752 582 947 635 intimo
993 581 1165 635 latens
1221 594 1383 634 utero
1427 590 1695 645 materno,
1747 581 1939 635 melius
1994 589 2077 636 est

497 689 602 727 non
648 687 790 737 esse,
822 686 982 740 quant
1036 672 1101 724 ad
1153 679 1420 726 tormenta
1450 685 1592 725 esse.
1646 671 1869 737 Accepit
1920 668 2078 725 Iesus

494 780 711 836 panem,
745 775 799 817 et
834 764 1164 820 benedicens
1215 763 1396 833 fregit,
1452 763 1845 833 transﬁgttrans
1874 776 2076 831 cerptts

492 873 649 913 suum
680 857 732 911 itt
785 871 1005 926 pauent,
1054 856 1196 924 quod
1229 865 1315 910 est
1367 854 1608 910 Ecclesia
1661 870 1925 924 praesens,
1956 868 2076 922 qua:

494 945 764 1014 accipitur
803 943 859 1000 in
888 945 1014 1008 fide,
1048 944 1386 999 benedicitur
1429 943 1481 997 in
1518 958 1772 1007 numero,
1806 942 2078 1011 frangitur

496 1040 547 1091 in
583 1036 949 1107 passiouibns,
991 1036 1152 1089 datur
1186 1036 1235 1088 in
1290 1034 1579 1103 exemplis,
1609 1033 1842 1087 sumitur
1897 1032 1947 1085 iu
1978 1036 2075 1087 do-

492 1129 723 1183 ctrinis:
763 1127 1006 1183 formans
1036 1128 1353 1197 sanguinem
1379 1143 1535 1182 suum
1572 1127 1626 1180 itt
1663 1126 1912 1192 calicem,
1949 1124 2075 1179 vino

490 1234 545 1278 et
586 1238 726 1290 aqua
782 1221 1025 1284 mistunt,
1059 1230 1119 1272 ut
1154 1220 1260 1274 alio
1314 1235 1612 1289 purgentur
1661 1236 1689 1272 a
1717 1219 1912 1288 culpis,
1968 1218 2075 1271 alio

493 1314 885 1368 reditnamttra
934 1313 1132 1381 pmuis.
1173 1313 1450 1381 Sanguine
1513 1326 1747 1376 namque
1779 1310 1902 1379 agni
1960 1325 2076 1363 ser-

493 1415 693 1458 vantur
721 1406 918 1458 domus
960 1420 987 1456 a
1020 1407 1374 1473 percussione
1404 1403 1580 1471 angeli
1608 1418 1622 1455 :
1661 1411 1711 1455 et
1736 1416 1875 1469 aqua
1907 1402 2074 1454 maris

493 1493 662 1549 Rubri
709 1496 1136 1564 exstinguuntur
1189 1492 1417 1558 inimici,
1464 1508 1584 1562 quae
1637 1501 1764 1548 sunt
1818 1496 2072 1563 mysteria.

491 1586 750 1642 Ecclesiae
785 1586 1012 1641 Christi.

569 1697 590 1731 ι
633 1681 698 1734 Et
730 1691 956 1753 accepto
1001 1678 1170 1734 calice
1217 1679 1419 1749 gratias
1466 1694 1653 1748 agens,
1714 1677 1863 1733 dedit
1902 1679 2007 1733 eis.
2048 1697 2067 1731 ι

491 1772 702 1837 Gratia,
737 1789 845 1828 non
880 1775 1112 1839 meritis,
1146 1774 1340 1827 salvati
1370 1788 1560 1826 sumus
1596 1787 1625 1825 a
1660 1770 1789 1826 Deo.

576 1886 593 1919 ι
635 1868 698 1921 Et
732 1867 984 1921 biberunt
1008 1883 1072 1921 ex
1106 1866 1196 1921 illo
1229 1881 1442 1920 omnes.
1481 1866 1545 1918 Et
1578 1866 1654 1918 ait
1684 1865 1829 1919 illis:
1865 1863 1962 1917 llic
1992 1873 2078 1916 est

491 1963 716 2031 sanguis
761 1976 914 2015 mens
966 1957 1102 2013 Novi
1174 1941 1537 2019 Testanteuti,
1587 1956 1678 2026 qui
1745 1971 1842 2025 pro
1892 1955 2078 2009 multis

493 2044 819 2108 effundatur.
857 2050 1029 2105 Amen
1069 2050 1193 2105 dico
1220 2048 1396 2111 vobis,
1429 2051 1568 2117 quod
1595 2049 1729 2118 jam.
1766 2068 1784 2100 ι
1831 2048 2077 2102 Ebrietas

492 2145 646 2209 felix,
673 2145 894 2197 satietas
927 2142 1223 2197 salutaris:
1276 2158 1395 2209 qua:
1441 2151 1645 2211 quanto
1680 2140 1955 2211 copiosius
1980 2154 2075 2194 su-

493 2237 684 2301 mitur,
717 2244 871 2290 tanto
894 2235 1154 2303 majorem
1179 2234 1533 2289 sobrietatem
1567 2236 1839 2289 mentibus
1868 2235 2073 2289 donare

493 2327 771 2398 dignatur.
827 2324 892 2378 Et
940 2325 1111 2380 Judas
1167 2325 1323 2388 bibit,
1356 2327 1449 2379 sed
1479 2342 1587 2379 non
1639 2334 1937 2388 saturatur,
1976 2339 2072 2378 nec

494 2418 647 2471 sitim
702 2416 1002 2483 exstinguit
1060 2416 1201 2484 ignis
1243 2416 1455 2476 :l'terni,
1492 2416 1618 2484 quia
1646 2415 1876 2483 indigne
1906 2416 2074 2467 sumit

495 2507 749 2577 mysteria
780 2505 1013 2560 Christi.
1054 2504 1153 2559 llic
1208 2507 1418 2559 macula
1453 2507 1505 2559 itt
1536 2505 1661 2559 luna
1720 2506 2029 2559 ostenditur
2054 2545 2068 2567 ,

494 2613 615 2668 qua:
642 2612 919 2666 nunquam
952 2597 1179 2650 deletur.
1231 2595 1383 2649 Luna
1419 2596 1680 2651 Ecclesia:
1708 2597 1899 2651 merito
1930 2612 2075 2651 eoin-

496 2703 744 2764 paratur,
775 2706 896 2760 qua:
948 2704 1051 2742 non
1091 2689 1253 2742 habet
1301 2689 1688 2758 splendorem:
1748 2691 1841 2744 sed
1878 2706 1904 2743 a
1962 2692 2074 2743 sole

494 2784 663 2838 certis
696 2783 871 2837 modis
905 2781 1132 2849 suscipit
1169 2781 1373 2847 lutncn,
1406 2779 1458 2835 id
1515 2795 1597 2835 est
1650 2797 1680 2835 a
1707 2776 1951 2847 Christo,
1984 2784 2072 2850 qui

470 2883 778 2944 permanet
807 2874 858 2927 itt
889 2881 1174 2927 internum.
1208 2872 1344 2925 Sunt
1373 2874 1520 2927 enim
1558 2874 1611 2927 itt
1670 2872 1911 2928 Ecclesia
1940 2890 2076 2944 quos

495 2967 823 3022 sacriﬁcium
858 2967 1062 3021 uttllnnt
1095 2966 1375 3031 emundat,
1412 2970 1506 3021 sed
1536 2981 1631 3020 eos
1659 2969 1915 3036 cogitatio
1946 2969 2077 3023 insi-

495 3062 648 3129 pit‘ttS
681 3060 928 3129 perducit
962 3060 1028 3113 ad
1060 3057 1248 3127 culpas
1280 3074 1294 3110 :
1335 3058 1426 3126 qui
1454 3073 1515 3112 se
1563 3072 1798 3114 coenosze
1831 3062 2070 3115 crudeli-

493 3155 625 3207 tatis
692 3150 875 3224 [Fort.
944 3148 1314 3221 credulitatis]
1372 3150 1638 3205 fetoribus
1715 3151 2075 3207 miscuerunt.

494 3247 730 3317 Sanguis
793 3248 941 3301 enim
981 3245 1116 3300 Novi
1159 3242 1523 3308 Testamenti,
1583 3245 1678 3315 qui
1742 3260 1840 3315 pro
1896 3247 2077 3301 multis

492 3341 823 3404 elfundetur,
862 3353 967 3393 non
1012 3353 1206 3394 omnes
1237 3341 1511 3394 emendat.

569 3453 592 3487 ι
632 3434 752 3488 Νοιι
781 3434 964 3488 bibant
1016 3434 1081 3487 de
1114 3432 1389 3503 genitnine
1441 3433 1588 3501 vitis,
1646 3449 1817 3504 usque
1843 3434 1894 3488 in
1929 3434 2077 3488 illttttt

495 3526 637 3582 diem
671 3541 795 3580 cunt
826 3526 955 3579 illud
995 3526 1174 3579 bibant
1210 3540 1408 3579 novum
1442 3527 1495 3579 in
1529 3542 1694 3597 regno
1746 3528 1863 3581 Dei.
1895 3546 1915 3578 ι
1980 3527 2080 3581 llic

496 3627 670 3675 ntutat
692 3627 901 3674 tantum
933 3619 1288 3686 sacrificium,
1323 3622 1416 3676 sed
1461 3636 1570 3675 non
1608 3630 1783 3675 ntutat
1827 3632 2075 3690 tempus:

495 3720 555 3765 ut
619 3726 718 3766 uos
778 3726 1058 3781 nunquam
1116 3726 1330 3767 caenam
1387 3710 1600 3767 Domini
1654 3724 1779 3769 ante
1829 3724 2078 3782 quartam

496 3804 765 3859 decimam
806 3804 991 3859 lunam
1023 3804 1309 3859 faciamus.
1344 3805 1446 3871 Qui
1507 3805 1641 3860 facit
1674 3807 1727 3859 in
1760 3789 1955 3875 quarta
1985 3810 2078 3860 de-

496 3895 638 3950 cima
701 3896 1187 3962 resurrectionem,
1251 3896 1307 3952 in
1345 3898 1634 3953 undecima
1684 3898 1811 3952 luna
1864 3913 2078 3953 (mitam

495 3988 711 4043 Domini
745 3988 922 4044 facit:
958 3990 1100 4059 quod
1139 4007 1415 4057 nunquam
1447 3990 1728 4045 inventum
1765 4002 1867 4055 est,
1902 4008 2003 4047 nec
2026 3994 2079 4048 itt

498 4076 689 4138 Veteri
726 4081 1113 4147 Testamento,
1141 4099 1241 4140 nec
1275 4086 1325 4137 itt
1377 4083 1547 4139 Novo.

572 4191 592 4226 ι
629 4171 694 4225 Ει
724 4173 923 4243 hymno
952 4175 1117 4227 dicto.
1157 4193 1176 4225 ι
1224 4176 1277 4229 Id
1300 4185 1404 4243 est,
1432 4178 1589 4233 laude
1627 4176 1875 4235 Domini:
1910 4187 1962 4231 nt
1999 4190 2082 4233 est

499 4263 555 4318 in
586 4262 846 4320 Psalnto:
882 4262 948 4319 Et
988 4265 1282 4320 iaudabunt
1324 4267 1628 4334 Dominum,
1666 4270 1757 4338 qui
1808 4274 2082 4340 requirunt

497 4367 704 4420 eum,et
746 4357 1201 4411 manducauerunt
1250 4375 1389 4423 eum,
1423 4368 1471 4413 et
1493 4360 1844 4415 adoraverunt
1899 4377 2079 4415 attines

496 4451 718 4517 pingues
746 4457 901 4503 terra
932 4445 1106 4519 (Paul.
1141 4463 1256 4513 xxr,
1293 4448 1386 4514 27,
1412 4448 1527 4517 '50.)

577 4536 869 4593 «Exierunt
896 4540 946 4593 in
973 4551 1214 4593 montem
1248 4540 1550 4597 Olivarunt.
1579 4540 1647 4595 Et
1675 4542 1747 4596 ait
1776 4544 1854 4597 eis
1874 4541 2030 4597 Jesns
2062 4556 2077 4596 :

497 4629 699 4686 Omnes
739 4632 1250 4687 scandalizabimini
1291 4633 1344 4687 itt
1380 4648 1466 4689 me
1494 4635 1548 4689 itt
1579 4645 1737 4690 nocte
1782 4637 1921 4702 ista;
1955 4638 2079 4706 quia

499 4726 760 4795 Scriptum
790 4735 913 4778 est:
958 4723 1265 4779 Percutiam
1301 4736 1596 4795 pastorem,
1625 4738 1675 4781 et
1699 4727 2080 4796 dispergenlur

496 4832 650 4870 oves.
687 4817 793 4871 Sed
825 4825 1113 4886 postquam
1148 4832 1526 4880 resurrexero,
1558 4822 1859 4889 praacedam
1894 4836 1992 4875 vos
2024 4820 2078 4875 in

494 4909 791 4964 Galilaeam.
828 4927 847 4961 ι
882 4909 941 4963 ltt
970 4919 1155 4965 monte
1185 4910 1379 4966 Oliveti
1406 4909 1569 4966 Iesus
1603 4921 1838 4977 tenetur,
1870 4923 1924 4967 et
1953 4911 2079 4967 inde

495 5005 563 5054 ad
618 5002 790 5056 cados
844 5003 1126 5060 ascendit:

495 5096 845 5149 ascendimus
866 5095 939 5149 ad
968 5095 1159 5159 cmlos,
1195 5096 1337 5150 unde
1368 5096 1678 5165 vigilamus,
1724 5106 1780 5150 et
1832 5112 2076 5162 oramus,

494 5198 550 5241 et
579 5186 833 5255 ligantur,
869 5203 965 5241 nec
1001 5202 1368 5256 repugnamus
1403 5190 1454 5241 in
1487 5200 1654 5243 terra.
1697 5206 1715 5239 ι
1753 5189 1954 5242 Omnes
1982 5202 2078 5242 vos

494 5279 811 5333 scandalum
863 5281 1169 5348 patiemini.
1210 5298 1227 5331 t
1284 5279 1487 5335 Omnes
1544 5282 1768 5345 cadunt,
1822 5281 1915 5336 sed
1969 5295 2077 5334 non

494 5386 685 5426 omnes
710 5373 909 5440 jaceut.
969 5370 1227 5443 Nunquid
1260 5374 1349 5441 qui
1379 5374 1575 5427 dormit
1631 5391 1735 5427 non
1770 5374 1987 5443 adjiciat
2021 5387 2076 5426 ut

494 5475 732 5531 resurgat
758 5462 933 5533 (Ριαι.
988 5479 1076 5527 χι..
1108 5462 1207 5531 tl)?
1260 5464 1498 5518 Cal'ttalo
1553 5471 1637 5519 est
1696 5465 1935 5519 cadere:
1979 5469 2075 5517 sed

496 5558 821 5612 diabolicunt
847 5558 1053 5625 jacere.
1077 5557 1350 5627 Scriptum
1374 5568 1490 5613 est:
1521 5557 1753 5614 Pcrcute
1775 5569 2073 5627 pastorem.

497 5644 769 5713 Propheta
826 5644 1119 5700 Zacharias
1178 5649 1418 5717 postulat
1478 5650 1784 5717 passionem
1838 5649 2072 5703 Domini.

504 5734 664 5789 Pater
713 5736 1042 5804 respondet:
1116 5736 1418 5795 Pcrcutiam
1458 5750 1760 5810 pastorem,
1817 5741 2073 5812 precibus

1199 5014 1257 5057 ut
1317 5019 1416 5056 nos
1477 5005 1715 5059 sciamus
1769 5005 1897 5073 quia
1956 5005 2113 5058 inde

2180 490 2502 561 percutitur,
2529 487 2585 543 id
2611 498 2717 552 est,
2778 488 3095 541 incantatur
3143 496 3196 539 et
3252 490 3453 554 βιιιίιιιι.
3504 489 3677 555 Disper-

2178 591 2378 654 guntur
2412 595 2562 645 oves,
2595 589 2816 657 pastore
2852 589 3050 648 capto:
3090 579 3407 633 resurrectio
3458 580 3674 648 promitti-

2180 680 2289 736 tur,
2323 680 2380 726 ut
2421 685 2545 740 spes
2578 685 2688 724 non
2717 669 3119 737 exstinguatur.

2256 782 2275 816 ι
2306 764 2505 818 Petrus
2535 773 2715 817 autem
2750 762 2825 814 ait
2849 761 2921 814 illi
2947 776 2963 817 :
2991 760 3103 813 Etsi
3157 774 3341 814 omnes
3392 760 3680 816 scandalizati

2180 856 2401 920 fuerint,
2436 856 2528 910 sed
2558 870 2662 910 non
2692 868 2810 921 ego.
2847 853 2910 905 Et
2939 852 3015 904 ait
3049 851 3126 906 illi
3180 849 3367 906 Jestts:
3400 852 3545 905 Amen
3590 854 3685 906 dico

2180 949 2299 1014 tibi,
2332 948 2456 1017 quia
2486 957 2538 1000 tu
2572 945 2733 999 hodie
2766 945 2818 998 in
2853 945 2954 997 hac
2980 952 3162 997 nocte.
3195 962 3212 994 ι
3248 942 3311 995 Ει
3334 946 3439 998 avis
3462 944 3563 998 sine
3588 961 3687 1013 pen-

2181 1044 2264 1096 nis
2298 1041 2465 1094 altum
2498 1038 2683 1093 volare
2718 1038 2942 1091 nititur:
2976 1037 3070 1090 sed
3105 1051 3304 1105 corpus
3335 1044 3563 1103 aggravat
3600 1037 3691 1088 atti-

2179 1146 2364 1186 ntant:
2410 1141 2466 1184 ιιι
2503 1130 2700 1183 timore
2761 1132 3011 1181 humanae
3072 1128 3290 1191 mortis,
3326 1128 3472 1180 timor
3517 1126 3688 1180 Domini

2180 1233 2476 1292 superetur
2533 1220 2616 1273 vel
2659 1219 2926 1273 vincatur.

2259 1336 2278 1369 ι
2320 1315 2643 1381 Priusquam
2676 1312 2758 1366 his
2783 1312 2952 1380 gallus
2980 1324 3167 1364 vocem
3194 1309 3414 1373 dederit,
3445 1318 3516 1360 ter
3540 1321 3609 1359 me
3634 1320 3681 1359 es

2179 1417 2494 1476 negaturus.
2539 1405 2606 1458 At
2632 1403 2720 1459 ille
2755 1401 2989 1469 amplius
3019 1402 3340 1469 loquebatur
3369 1398 3463 1453 :Et
3490 1399 3527 1452 si
3552 1413 3686 1465 opor-

2179 1499 2345 1549 tuerit
2382 1494 2759 1548 nte-commori
2786 1492 2905 1556 tibi,
2966 1506 3071 1546 non
3127 1501 3180 1545 te
3234 1492 3448 1559 negabo.
3478 1487 3693 1541 Similiter

2177 1597 2358 1643 autem
2420 1600 2472 1643 et
2501 1603 2693 1641 omnes
2722 1587 2995 1641 dicebant.
3037 1584 3101 1637 Et
3132 1584 3353 1653 veniunt
3385 1585 3432 1636 in
3483 1580 3693 1651 praedium

2180 1682 2264 1734 cui
2308 1695 2507 1734 nomen
2551 1678 2902 1732 Getltsentani
2942 1692 2959 1732 :
3015 1686 3070 1730 et
3118 1676 3197 1729 ait
3240 1672 3501 1742 discipulis
3536 1671 3647 1724 suis.
3677 1687 3693 1718 ι

2112 1766 2150 1820 Β
2180 1770 2366 1825 Gallus
2400 1779 2605 1833 cantat,
2646 1767 2837 1822 Petrus
2863 1778 3023 1836 negat
3045 1774 3149 1820 ter.
3170 1763 3350 1819 Gallus
3372 1762 3496 1816 lucis
3523 1760 3698 1813 nuntius

2183 1865 2303 1932 quis
2340 1873 2448 1928 est,
2480 1864 2580 1916 nisi
2608 1860 2845 1930 Spiritus
2889 1859 3153 1914 sanctus?
3187 1857 3342 1926 cujus
3374 1869 3498 1910 voce
3521 1853 3568 1907 in
3599 1866 3698 1921 pro-

2181 1957 2361 2025 phetis
2410 1964 2464 2009 et
2496 1955 2757 2022 apostolis
2790 1969 2889 2007 nos
2940 1952 3008 2006 de
3050 1960 3201 2005 terna
3244 1947 3586 2017 abnegatione,
3615 1957 3700 2011 qua

2182 2049 2348 2103 Deum
2382 2049 2711 2117 negavimus
2745 2060 2931 2107 nosse,
2970 2059 3101 2098 voce
3135 2043 3447 2097 ancillarum
3481 2047 3701 2095 exterriti,

2179 2141 2486 2199 escitautur
2514 2139 2582 2192 ad
2609 2137 2983 2191 antarissimos
3035 2144 3155 2205 post
3192 2135 3398 2204 lapsum
3430 2130 3567 2186 ﬂetus
3588 2143 3603 2185 :
3626 2127 3697 2193 τιίεὶ

2179 2236 2321 2290 male
2352 2233 2715 2302 cogitavimus
2757 2232 2821 2285 de
2852 2228 2983 2294 Deo,
3015 2238 3069 2281 vt
3116 2228 3259 2281 male
3288 2226 3440 2280 locuti
3469 2235 3629 2277 sumus
3648 2218 3700 2271 ad

2179 2329 2506 2400 proximos:
2544 2336 2597 2379 et
2656 2323 2796 2378 male
2847 2323 3082 2376 fecimus
3132 2321 3201 2373 ad
3258 2318 3609 2384 nosmetipsos.
3652 2312 3699 2363 Et

2179 2419 2325 2474 venit
2353 2418 2406 2472 in
2435 2416 2695 2487 praedium
2728 2414 3109 2475 Getltseniani,
3138 2413 3193 2466 id
3245 2419 3329 2466 est
3358 2410 3503 2464 tollis
3529 2409 3704 2474 pingue-

2176 2512 2360 2566 dinum
2389 2529 2412 2568 :
2449 2510 2537 2563 ubi
2569 2509 2711 2562 tauri
2751 2507 2979 2576 pingues
3028 2504 3359 2559 obsederunt
3400 2517 3533 2566 eum,
3559 2506 3604 2553 et
3640 2496 3704 2549 vi-

2179 2605 2274 2661 tuli
2309 2602 2463 2657 multi
2496 2601 2979 2657 circumdederunt
3009 2614 3155 2652 eum.

2254 2717 2272 2749 ι
2318 2696 2513 2751 Sedete
2545 2696 2631 2749 ltic
2652 2694 2827 2749 donec
2851 2707 3026 2747 orem.
3075 2691 3141 2745 Et
3171 2690 3401 2745 assumit
3433 2686 3643 2740 Petrum.
3663 2689 3707 2733 et

2176 2790 2460 2856 Jacobnm,
2491 2800 2544 2842 et
2587 2786 2849 2841 Joannem
2898 2802 3106 2840 secum.
3153 2803 3171 2836 ι
3217 2785 3496 2853 Separatur
3538 2780 3582 2832 in
3608 2792 3708 2831 ora-

2181 2887 2348 2948 tione,
2380 2885 2471 2953 qui
2517 2893 2808 2949 separatur
2862 2881 2914 2933 itt
2986 2879 3246 2947 passione
3280 2896 3294 2932 :
3326 2876 3443 2945 quia
3490 2874 3568 2926 ille
3592 2878 3705 2930 orat,

2180 2977 2252 3029 illi
2282 2974 2565 3028 dormiunt
2601 2971 2995 3043 pinguetudine
3034 2969 3222 3024 cordis
3254 2967 3506 3037 oppressi.

2258 3086 2276 3118 ι
2325 3066 2387 3120 Ει
2418 3068 2580 3134 cmpit
2605 3080 2802 3135 pavere
2826 3073 2881 3117 et
2934 3062 3153 3117 taedere.
3192 3063 3260 3116 Et
3287 3063 3360 3115 ait
3384 3060 3481 3113 illis
3507 3074 3519 3110 :
3550 3052 3709 3109 Tristis

2182 3170 2266 3217 est
2303 3164 2482 3214 anima
2516 3174 2633 3213 mea
2667 3172 2840 3227 usque
2864 3158 2930 3210 ad
2968 3165 3197 3210 mortem
3236 3171 3252 3209 :
3288 3157 3546 3211 Sustincle
3576 3151 3646 3204 hic
3670 3158 3711 3199 et

2185 3255 2424 3323 vigilate.
2462 3254 2527 3306 Et
2582 3268 2703 3306 cntn
2755 3249 3115 3319 processisset
3183 3247 3478 3317 paululum,
3524 3242 3709 3313 procidit

2182 3362 2345 3413 super
2381 3356 2620 3411 terram;
2668 3352 2721 3397 et
2753 3342 2969 3404 orabat,
3003 3351 3060 3393 ιιι
3092 3344 3134 3394 si
3172 3340 3293 3395 ﬁeri
3328 3347 3519 3409 posset,
3568 3345 3713 3388 trans-

2185 3440 2288 3495 iret
2330 3440 2398 3493 ab
2428 3455 2494 3492 eo
2518 3437 2673 3501 hora,
2704 3445 2760 3490 et
2790 3436 2925 3488 dixit
2956 3452 2969 3488 :
2998 3434 3169 3495 Abba,
3200 3430 3381 3487 Pater.
3417 3450 3435 3482 ι
3477 3432 3653 3481 Parere
3673 3432 3711 3476 et

2185 3532 2482 3587 tristiticari
2517 3532 2778 3584 docemur
2808 3536 2937 3582 ante
2975 3525 3245 3593 judicium
3284 3524 3489 3589 mortis,
3515 3522 3597 3589 qui
3633 3531 3713 3570 non

2184 3637 2474 3695 possumus
2526 3637 2623 3691 per
2672 3636 2774 3674 nos
2829 3620 3016 3674 dicere
3071 3619 3176 3672 nisi
3234 3634 3331 3688 per
3372 3617 3555 3668 illum:
3594 3605 3714 3659 chi!

2183 3719 2426 3788 princeps
2459 3714 2640 3768 mundi
2664 3713 2850 3782 hujus,
2880 3721 2926 3765 et
2953 3713 3007 3763 in
3051 3725 3130 3761 me
3157 3726 3263 3762 non
3298 3708 3446 3787 habet
3474 3703 3715 3773 quidquam

2185 3812 2368 3880 (Joan.
2410 3824 2518 3873 xw,
2540 3807 2620 3876 9).
2646 3806 2893 3860 Etdixit:
2917 3804 3088 3867 Abba,
3118 3803 3283 3857 Pater
3308 3802 3477 3871 (Rom.
3502 3811 3602 3857 vin,
3633 3794 3715 3856 l5).

2183 3903 2447 3958 Hebraice
2467 3913 2520 3954 et
2550 3900 2735 3954 Graece
2764 3897 3024 3966 loquitur,
3056 3898 3183 3965 quia
3214 3911 3322 3949 non
3364 3904 3446 3948 est
3483 3887 3715 3945 distinctio

2182 3993 2354 4048 ,ιιιόωὶ
2388 4002 2445 4046 et
2471 3990 2645 4045 Graeci
2684 3989 2856 4061 (Rom.
2884 4003 2941 4054 ι,
2975 3988 3086 4058 1‘2).
3176 3986 3179 3989 ⁷

2258 4105 2278 4138 ι
2329 4086 2524 4141 Omnia
2581 4084 2675 4137 tibi
2727 4082 3010 4151 possibilia
3064 4090 3215 4145 sunt,
3271 4077 3505 4135 transfer
3537 4072 3722 4127 calicem

2187 4177 2332 4230 hunc
2373 4191 2400 4227 ιι
2432 4191 2517 4229 me
2553 4190 2568 4232 :
2599 4174 2691 4229 scd
2730 4189 2839 4228 non
2884 4173 3025 4243 quod
3062 4188 3162 4241 ego
3196 4174 3343 4236 volo,
3375 4171 3465 4226 sed
3506 4163 3633 4236 quod
3659 4168 3719 4212 tu.

2186 4269 2253 4324 Et
2279 4270 2444 4334 venit,
2479 4279 2535 4322 et
2559 4268 2769 4322 invenit
2822 4282 2917 4321 eos
2958 4267 3317 4331 dormientes,
3352 4276 3403 4318 et
3448 4269 3519 4315 ait
3543 4257 3721 4311 l'ctro:

2185 4363 2395 4429 Simon,
2430 4360 2659 4421 dormis,
2700 4372 2810 4412 non
2866 4357 3088 4426 potuisti
3141 4371 3246 4409 una
3278 4357 3410 4409 hora
3449 4343 3719 4421 vigilareh

2113 4461 2157 4515 D
2190 4453 2373 4523 Usque
2419 4453 2472 4506 in
2530 4452 2691 4505 liuent
2737 4466 2843 4505 non
2889 4458 3069 4505 cessat
3122 4464 3221 4501 nos
3277 4448 3476 4501 docere
3520 4437 3726 4513 patribus

2184 4545 2437 4610 obedire,
2503 4553 2557 4597 et
2616 4544 2953 4597 voluntatem
3017 4556 3206 4594 eorum
3257 4537 3518 4593 voluntati
3564 4540 3727 4585 nostra:

2186 4652 2525 4708 praeponere.
2554 4636 2765 4689 Invenit
2792 4651 2886 4689 eos
2914 4633 3276 4689 dormientes.
3309 4629 3458 4685 Sicut
3490 4623 3729 4681 όυιιηῑυιιι

2180 4742 2385 4794 tuente,
2430 4730 2510 4784 sic
2536 4740 2589 4783 et
2618 4743 2869 4795 corpore.

2258 4840 2278 4874 ι
2323 4820 2556 4891 Vigilale
2589 4831 2642 4875 et
2673 4831 2850 4888 Orate,
2891 4830 2950 4873 ut
3006 4836 3114 4874 non
3149 4819 3369 4874 intretis
3414 4816 3467 4871 in
3508 4806 3730 4866 tentatio-

2183 4930 2329 4969 nem.
2365 4914 2602 4984 Spiritus
2624 4914 2843 4983 quidem
2869 4925 3154 4983 promptus
3180 4920 3285 4978 est,
3318 4927 3446 4966 caro
3473 4919 3638 4963 autem
3667 4904 3730 4955 iu-

2184 5008 2360 5061 llrma.
2396 5007 2463 5059 Et
2497 5008 2689 5060 iterum
2720 5005 2936 5067 abiens,
2963 5006 3140 5060 oravit
3175 5007 3429 5060 eumdem
3462 5000 3735 5057 sermonem

2182 5101 2400 5154 dicens.
2440 5099 2503 5151 Et
2541 5112 2793 5152 reversus
2833 5101 3020 5152 denuo
3050 5098 3259 5153 invenit
3290 5113 3387 5152 eos
3412 5097 3729 5151 dormientes.

2180 5190 2350 5247 Erant
2370 5193 2513 5246 enim
2550 5192 2691 5246 oculi
2724 5206 2918 5246 eorum
2946 5193 3176 5259 gravati,
3198 5201 3252 5245 et
3279 5187 3597 5259 ignorabant
3623 5178 3728 5250 quid

2184 5287 2579 5356 responderent
2604 5288 2675 5341 ei.
2726 5284 2795 5341 Et
2848 5289 2997 5341 venit
3039 5286 3220 5347 tertio,
3259 5296 3311 5337 θ’
3347 5284 3425 5337 ait
3451 5283 3588 5335 illis:
3620 5277 3733 5329 Dor-

2184 5380 2312 5430 mite
2345 5378 2482 5446 jam,
2510 5386 2564 5430 et
2604 5378 2950 5445 requiescite.
2990 5374 3217 5429 Sufficit.
3254 5372 3416 5428 Venit
3447 5372 3593 5431 hara,
3626 5377 3731 5417 θεοῦ

2182 5467 2363 5521 Filius
2385 5467 2624 5520 hominis
2654 5469 2901 5520 tradetur
2923 5467 2975 5520 itt
3016 5481 3211 5520 manus
3238 5474 3596 5533 peccatorum.
3620 5456 3732 5508 Sur-

2181 5562 2309 5629 gite,
2372 5574 2582 5611 eamus.
2640 5556 2780 5611 Ecce
2833 5559 2923 5627 qui
2988 5574 3076 5613 me
3137 5558 3315 5611 tradet
3368 5568 3533 5625 prope
3557 5541 3729 5603 est.l:‘t

2181 5653 2358 5706 adhuc
2388 5669 2454 5706 eo
2480 5652 2753 5721 loquente,
2792 5651 2939 5705 venit
2984 5650 3152 5705 Judas
3187 5649 3481 5712 lscariotis,
3520 5654 3646 5696 unus
3672 5634 3727 5687 de

2179 5743 2709 5810 duodecim,etcutu
2766 5758 2830 5799 eo
2881 5741 3037 5798 turba
3082 5742 3268 5809 multa,
3325 5754 3449 5796 cum
3480 5732 3652 5808 gladiis
3676 5736 3723 5782 et
