3934 6200
262 377 370 442 6:37

1380 386 1791 449 EXPOSITIO
1834 387 1917 448 IN
1959 387 2017 448 S.
2062 386 2406 449 MARCUM.

3417 383 3524 450 658

254 493 452 558 lignis,
490 507 520 545 a
549 495 780 551 summis
809 497 1207 561 sacerdotibus,
1232 509 1287 551 et
1327 499 1544 565 scribis,
1581 511 1633 555 et
1661 501 1846 556 senio-
1873 505 1923 562 Α
1961 513 2104 564 smn,
2135 501 2359 552 mentita
2389 507 2474 554 est
2507 497 2760 566 iniquitas
2785 497 2886 553 sibi
2920 512 2933 550 :
2961 505 3018 550 ut
3051 497 3235 568 regina
3259 496 3524 554 adversus

267 583 446 638 ribus.
503 583 738 638 Dederat
802 597 984 641 autem
1045 590 1275 644 traditor
1323 591 1442 660 ejus
1491 593 1704 662 signum
1738 591 1842 659 eis,

261 670 503 727 dicens:
553 673 948 747 Quemcunque
1003 681 1281 736 osculatus
1347 681 1515 742 fuero.
1582 683 1697 752 ipse
1741 693 1843 749 est,

265 773 453 821 tenete
481 780 628 833 etttn,
652 778 707 822 et
729 769 912 824 ducite
942 785 1118 828 caute.
1147 773 1356 828 Etcum
1385 775 1640 837 venisset,
1661 777 1843 828 statim

260 857 532 913 accedens
562 859 624 910 ad
647 874 792 920 eum.
823 862 937 915 ait:
971 863 1103 927 Ave,
1133 865 1341 932 Rabbi;
1372 873 1428 921 et
1459 867 1740 922 osculatus
1764 874 1847 920 est

261 959 417 1000 eum.
441 947 512 1000 At
538 947 615 1000 illi
653 963 848 1006 manus
880 951 1184 1020 inieci-runt
1216 955 1268 1008 in
1307 955 1512 1019 Jesum,
1546 965 1602 1011 et
1651 967 1843 1011 tenue-

263 1046 395 1089 runt
430 1053 575 1092 eum.
613 1038 762 1094 Unus
790 1055 969 1098 autem
1003 1047 1220 1114 quidam
1255 1049 1322 1102 de
1359 1049 1844 1104 circumstantibus

259 1132 500 1184 citucens
527 1129 786 1200 gladium,
833 1140 1102 1202 percussit
1153 1153 1368 1193 servum
1427 1139 1629 1195 summi
1660 1155 1846 1197 sacer-

263 1221 432 1285 dotis,
463 1232 517 1276 et
553 1227 857 1293 amputavit
907 1227 986 1282 illi
1037 1230 1358 1285 auriculam.
1399 1230 1468 1287 Et
1512 1234 1845 1302 respondens

257 1312 442 1379 Jcsns,
472 1315 550 1367 ait
585 1315 734 1371 illis:
777 1317 1057 1390 Tanquam
1091 1325 1156 1376 ad
1198 1323 1464 1379 latronem
1504 1326 1692 1382 existis
1719 1342 1842 1381 cum

259 1406 458 1470 gladiis
478 1416 535 1460 et
557 1407 718 1474 lignis
755 1415 1222 1480 comprehendere
1257 1433 1341 1470 me
1373 1434 1387 1472 :
1416 1419 1664 1488 quotidie
1691 1435 1840 1474 erant

257 1501 404 1564 apud
425 1515 520 1554 vos
551 1500 601 1552 in
622 1503 820 1570 templo
847 1504 1072 1567 docens.
1106 1519 1158 1561 et
1188 1523 1292 1561 non
1322 1524 1407 1562 me
1431 1511 1706 1566 tenuistis.
1736 1511 1842 1566 Sed

259 1593 323 1637 ut
354 1585 683 1656 impleantur
713 1589 1029 1660 Scrip=uraa.
1083 1614 1101 1645 ι
1157 1595 1214 1648 In
1258 1598 1619 1652 tentationem
1653 1601 1840 1664 intrat,

262 1675 359 1741 qui
395 1681 815 1748 orarenegligit.
866 1679 973 1734 Ter
1027 1685 1282 1754 discipuli
1325 1689 1622 1752 dortniunt,
1669 1703 1722 1745 et
1760 1702 1841 1746 ter

261 1766 526 1824 Dominus
574 1787 739 1826 orans
804 1777 1050 1830 suscitat.
1111 1776 1287 1834 Tertia
1347 1783 1679 1850 dortnitatio,
1731 1793 1843 1840 tres

1945 592 2148 660 Ioseph
2183 591 2337 663 (Gen.
2393 607 2584 656 suis,
2625 593 2715 647 l4)
2745 607 2760 644 :
2794 604 2845 645 et
2901 593 3215 646 sacerdotes
3261 587 3524 647 adversus

1945 682 2250 737 Susannam
2283 681 2448 751 (Dan.
2480 698 2602 744 xm.
2633 681 2732 752 56)“
2761 699 2774 734 :
2817 682 2909 737 sed
2953 682 3091 750 ignis
3143 681 3263 737 sine
3293 681 3521 737 materia

1947 775 2149 828 ιιι-ϐοὴ.
2191 773 2255 828 Et
2283 777 2662 829 convenientia
2700 774 3008 829 testimonia
3040 783 3346 829 non‘erant.
3369 773 3524 840 Quod

1947 866 2212 930 variatur,
2248 865 2520 920 incertum
2553 865 2804 920 habetur.

2023 975 2042 1008 α
2089 955 2156 1010 Ει
2184 956 2403 1024 quidam
2443 968 2751 1025 surgentes,
2799 957 2992 1010 falsum
3042 957 3410 1012 testimonium
3441 956 3524 1012 fe-

1946 1045 2139 1100 rebant
2168 1048 2428 1102 adversus
2469 1063 2616 1106 eum.
2653 1047 2896 1103 dicentes
2935 1060 2949 1101 :
2984 1048 3250 1113 Quoniam
3297 1064 3398 1102 nos
3425 1063 3524 1100 au-

1943 1139 2179 1193 divimus
2232 1155 2357 1194 eum
2410 1140 2679 1194 dicentem
2715 1158 2729 1192 :
2766 1141 2876 1208 Ego
2927 1140 3221 1194 dissolvunt
3257 1138 3518 1206 templum

1947 1230 2046 1282 huc
2076 1229 2466 1296 manufactttm,
2527 1241 2581 1282 et
2631 1240 2752 1299 post
2803 1230 3037 1284 triduum
3078 1231 3223 1284 aliud
3277 1245 3380 1283 non
3415 1243 3527 1281 ma-

1948 1323 2229 1375 nufactum
2266 1322 2567 1376 :edillcabo.
2603 1322 2665 1375 Et
2698 1336 2802 1374 non
2837 1332 2956 1375 erat
2987 1323 3322 1376 conveniens
3369 1319 3520 1373 testi-

1949 1415 2190 1468 monium
2239 1413 2482 1467 illorum.
2532 1413 2596 1466 Et
2647 1428 2944 1482 exsurgens
2993 1431 3236 1469 summus
3265 1412 3526 1468 sacerdos

1947 1507 2005 1558 in
2065 1504 2326 1567 medium,
2389 1504 2744 1574 interrogavit
2792 1505 3019 1570 Jesum,
3081 1506 3270 1558 dicens
3327 1519 3345 1558 :
3406 1503 3527 1558 Non

1951 1598 2246 1667 respondes
2278 1596 2576 1667 quidquam
2611 1597 2677 1651 ad
2713 1613 2775 1652 ea
2806 1613 2923 1666 quae
2962 1598 3080 1652 tibi-
3100 1597 3432 1666 objiciuntur
3459 1598 3528 1651 ah

1949 1691 2076 1745 his?
2115 1691 2206 1744 llle
2233 1703 2414 1744 autem
2446 1697 2690 1755 tacebat,
2715 1701 2765 1746 et
2798 1692 2930 1745 nihil
2961 1691 3254 1760 respondit.
3293 1689 3525 1744 Rursum

1945 1797 2193 1837 summus
2225 1783 2485 1837 sacerdos
2541 1783 2917 1851 interrogabat
2971 1798 3120 1842 cum,
3151 1792 3205 1836 et
3229 1782 3363 1837 dicit
3395 1782 3464 1835 ei.
3503 1800 3521 1833 ι

261 1873 506 1916 mortuos
529 1879 661 1931 quos
686 1863 760 1920 Do
785 1865 946 1920 uinus
964 1869 1246 1926 suscitavit
1266 1871 1836 1944 significat.Primum,
1874 1869 1918 1926 B
1951 1876 2115 1932 Moris
2147 1885 2230 1930 est
2280 1876 2684 1943 haereticorum,
2735 1879 2981 1931 utnhram
3031 1877 3098 1932 de
3149 1877 3378 1933 veritate
3413 1885 3522 1930 tra-

259 1955 316 2008 in
352 1956 510 2011 domo
539 1973 555 2008 :
588 1961 886 2013 secundum
910 2001 924 2024 ,
982 1964 1048 2016 ad
1092 1965 1401 2031 sepulcrum
1435 1982 1453 2023 :
1485 1969 1728 2035 tertium,
1774 1971 1841 2026 de

257 2049 533 2116 sepulcro.
563 2050 741 2106 Terna
765 2054 941 2124 vigilia
970 2053 1203 2122 Domini,
1229 2066 1340 2113 tres
1358 2073 1618 2128 personas
1641 2063 1840 2118 habere

259 2156 364 2196 nos
392 2141 446 2196 in
475 2147 681 2197 orando
710 2145 894 2211 docet,
915 2159 970 2202 et
999 2149 1067 2203 de
1104 2151 1416 2218 prmteritis,
1443 2164 1494 2207 et
1521 2154 1590 2209 de
1619 2155 1836 2222 futuris,

257 2249 312 2289 et
341 2236 410 2290 de
442 2239 808 2305 praesentibus
839 2242 1049 2296 veniam
1082 2259 1296 2314 regare.
1321 2244 1480 2301 Venit
1511 2245 1680 2303 Judas
1716 2265 1839 2303 cum

262 2329 460 2394 gladiis
489 2342 542 2384 et
573 2331 757 2402 lignis.
792 2333 1058 2390 Incumbit
1085 2338 1271 2392 virtuti
1304 2342 1512 2404 saeculi,
1536 2342 1625 2410 qui
1653 2346 1842 2412 tleSpe-

261 2430 350 2472 rat
383 2423 447 2475 de
473 2423 744 2493 ailjntorio
773 2425 887 2482 Dei.
923 2427 1023 2483 Dat
1051 2429 1264 2499 signum
1293 2434 1462 2488 osculi
1489 2450 1614 2489 cum
1635 2449 1843 2490 veneno

259 2514 425 2568 doli:
462 2516 602 2571 sicut
638 2519 774 2573 Cain
836 2523 1031 2576 obtulit
1085 2527 1414 2580 sacriticimn
1469 2527 1762 2581 subdolum
1788 2538 1844 2582 et

263 2607 638 2676 reprobatum.
680 2611 829 2667 Unde
858 2620 1044 2669 vinum
1078 2631 1198 2672 cum
1235 2628 1392 2672 aceto
1446 2620 1498 2672 in
1558 2634 1722 2674 cruce
1750 2635 1840 2688 po-

262 2708 423 2754 nunt.
454 2697 519 2754 Et
551 2712 845 2758 tenuerunt
893 2705 1105 2761 Jesutn.
1167 2708 1267 2763 Hic
1311 2712 1460 2764 adest
1493 2708 1697 2778 Joseph
1725 2712 1844 2764 vin-

259 2803 406 2859 ctus,
445 2795 702 2849 venditus
732 2811 762 2850 a
798 2797 1058 2853 fratribus
1096 2815 1111 2856 :
1148 2812 1203 2854 et
1252 2800 1458 2855 ferrum
1488 2802 1845 2872 pertransivit

256 2886 503 2939 animam
551 2888 688 2958 ejus.
755 2890 903 2946 Unus
961 2894 1196 2950 educens
1245 2895 1510 2966 gladium,
1549 2896 1843 2964 amputavit

254 2976 566 3032 auriculam
597 2980 762 3034 St'l‘Vi.
795 2979 1116 3040 Praedicatio
1136 2983 1282 3041 Petri
1312 2988 1555 3041 auditum
1581 3002 1610 3040 a
1638 2983 1845 3042 Judaeis

255 3073 497 3126 abscidit
531 3075 686 3143 regni
725 3073 845 3130 Dei.

339 3181 362 3215 s
407 3161 564 3220 Tunc
601 3167 853 3242 discipuli
895 3169 1012 3237 ejus
1056 3171 1427 3242 relinquentcs
1474 3187 1620 3239 eum,
1654 3190 1842 3231 omnes

254 3256 546 3325 fugerunt.
591 3277 610 3310 ι
649 3259 804 3315 Tunc
853 3263 1210 3334 adimpletum
1261 3279 1346 3321 est
1393 3270 1537 3336 quod
1579 3267 1787 3322 dicitur
1825 3286 1839 3322 :

254 3349 546 3418 L'longasti
579 3369 614 3406 α
643 3369 723 3406 me
755 3355 985 3410 amicum
1006 3368 1054 3411 et
1091 3360 1416 3428 proximum,
1445 3370 1494 3414 et
1530 3372 1677 3415 notos
1705 3377 1844 3415 meos

255 3459 290 3496 ε
331 3443 551 3496 miseria
579 3444 760 3514 (Psal.
802 3461 1045 3514 Lxxxvn,
1081 3449 1190 3518 l9).

339 3553 362 3587 ι
411 3537 748 3597 Adolescens
800 3551 980 3601 autem
1033 3545 1255 3613 quidam
1307 3545 1637 3614 sequebatur
1695 3560 1844 3608 eum,

255 3628 504 3685 amictus
539 3630 772 3688 sindone
828 3649 993 3704 super
1058 3636 1223 3702 nudo,
1259 3647 1314 3691 et
1367 3647 1660 3692 tenuerunt
1693 3653 1844 3693 eum.

255 3725 328 3774 At
361 3722 458 3776 ille
507 3722 708 3792 rejects
749 3727 1002 3791 sindone,
1046 3729 1224 3783 nudus
1274 3729 1515 3800 profugit
1554 3733 1622 3786 ab
1645 3732 1746 3788 eis.
1780 3730 1848 3785 Et

253 3813 814 3872 adduxeruntlesum
845 3819 911 3873 ad
949 3834 1220 3875 sunnnum
1251 3824 1610 3889 sacerdotem,
1635 3833 1689 3877 et
1716 3839 1849 3879 cou-

255 3919 537 3962 venerunt
565 3925 754 3964 omnes
781 3911 1116 3980 sacerdotes,
1154 3924 1208 3969 et
1252 3914 1470 3980 scribae,
1501 3926 1554 3970 et
1581 3917 1843 3971 seniores.

253 3995 462 4052 Petrus
498 4009 677 4054 autem
705 4016 733 4054 a
763 4001 921 4072 longe
943 4015 1168 4059 secutus
1217 4016 1300 4060 est
1327 4021 1457 4060 eum
1493 4022 1668 4076 usque
1699 4007 1846 4064 intro

254 4091 313 4145 in
354 4091 557 4146 atrium
597 4096 794 4148 sumini
826 4097 1151 4162 sacerdotis,
1204 4107 1260 4153 et
1311 4100 1538 4154 sedebat
1589 4117 1710 4154 cum
1748 4102 1848 4154 mi-

256 4183 455 4238 nistris
492 4185 560 4237 ad
596 4184 800 4256 ignem,
836 4196 892 4242 et
939 4188 1291 4245 calefaciebat
1347 4205 1424 4246 se.
1473 4190 1684 4247 Summi
1716 4207 1846 4248 vero

211 4347 220 4356 ο
255 4275 607 4342 sacerd0tes,
643 4289 700 4333 et
733 4295 898 4335 omne
946 4282 1241 4337 concilium
1296 4285 1616 4353 quaerebant
1653 4287 1848 4340 adver-

253 4382 357 4423 sus
385 4367 574 4423 Jesum
613 4370 1008 4437 testimonium,
1057 4383 1115 4428 ut
1149 4391 1273 4430 eum
1314 4375 1475 4431 morti
1514 4376 1840 4432 traderent:

255 4474 366 4514 nec
389 4460 767 4518 inveniebant.
803 4463 954 4520 Multi
1004 4477 1188 4522 autem
1227 4467 1426 4524 falsum
1474 4470 1845 4525 testimonimn

1945 1969 2098 2022 here.
2133 1965 2252 2022 Non
2287 1969 2383 2023 ille
2414 1969 2572 2034 dixit,
2623 1970 2765 2038 quod
2825 1969 2902 2023 illi
2955 1970 3148 2022 dicunt
3177 1986 3190 2022 :
3227 1969 3322 2023 scd
3348 1968 3527 2022 simile

1946 2060 2168 2115 verbum
2197 2060 2264 2116 de
2296 2060 2496 2127 templo
2519 2061 2764 2131 corporis
2794 2063 2900 2127 sui,
2953 2061 3095 2130 quod
3140 2066 3268 2129 post
3287 2059 3532 2113 triduum

1947 2154 2315 2209 resuscitavit.
2350 2154 2659 2223 Exsurgens
2702 2171 2950 2212 summus
2989 2155 3246 2210 sacerdos
3291 2155 3546 2232 interrog

1945 2256 2033 2317 gat
2058 2245 2248 2303 Jesum
2285 2265 2300 2303 :
2345 2247 2438 2302 ille
2466 2256 2648 2300 autem
2698 2249 2939 2304 tacebat.
2992 2248 3109 2317 Ipse
3150 2247 3294 2303 Deus
3323 2256 3380 2302 ct
3409 2247 3530 2302 Sal-

1948 2349 2103 2394 vator
2135 2349 2339 2406 noster,
2371 2342 2464 2408 qui
2494 2342 2698 2396 mundo
2739 2342 2971 2396 salutem
3020 2341 3275 2403 contulit,
3305 2348 3362 2394 et
3410 2340 3530 2394 hu-

1948 2447 2109 2486 tnano
2160 2431 2344 2502 generi
2400 2446 2500 2486 sua
2555 2431 2757 2502 pietate
2807 2431 3078 2499 subvenit,
3125 2433 3268 2486 sicut
3310 2431 3438 2486 ovis
3459 2431 3527 2485 ad

1945 2527 2281 2585 occisionem
2315 2527 2435 2584 sine
2475 2543 2610 2584 voce
2634 2529 2880 2594 ducitur,
2910 2538 2960 2581 et
2996 2527 3271 2582 obmutuit
3296 2537 3350 2581 et
3379 2526 3531 2581 siluit

1948 2637 1976 2673 a
2015 2620 2197 2677 bonis.
2227 2619 2600 2676 Taciturnitas
2630 2618 2832 2675 Christi
2865 2617 3168 2690 apologiam
3189 2618 3318 2673 Adae
3350 2617 3530 2674 absol-

1945 2714 2041 2766 vit.

2023 2824 2042 2859 ί
2093 2803 2172 2860 Tu
2205 2822 2264 2861 es
2297 2805 2550 2861 Christus
2597 2803 2774 2860 Filius
2821 2804 2916 2860 Dei
2960 2805 3322 2860 benedicti?»
3355 2801 3528 2870 Quem

1945 2897 2344 2967 exspectabant
2367 2899 2433 2952 de
2476 2899 2657 2967 longe,
2692 2897 2748 2952 in
2792 2913 2960 2968 protve
2998 2913 3107 2952 non
3143 2897 3343 2952 rident.
3377 2897 3537 2952 Sicut

1948 2994 2104 3049 Isaac
2134 2992 2498 3063 caligantibus
2537 2992 2740 3057 oculis,
2795 2991 2968 3046 Jacob
3000 2993 3100 3047 sub
3134 2991 3386 3044 manibus
3419 3005 3530 3044 non

1947 3084 2215 3155 agnoscit,
2246 3084 2338 3139 sed
2365 3085 2522 3153 longe
2552 3081 2620 3137 de
2656 3097 2722 3136 eo
2756 3081 2940 3136 futura
2968 3080 3135 3136 canit.

2025 3194 2044 3229 ς
2089 3173 2252 3232 Jesus
2285 3186 2470 3230 autem
2501 3176 2639 3230 dixit
2666 3175 2739 3229 illi
2770 3190 2788 3232 :
2816 3175 2927 3245 Ego
2972 3189 3118 3229 sum.
3158 3192 3177 3226 ι
3210 3171 3282 3229 Ut
3306 3172 3533 3228 inexcu-

1947 3269 2147 3324 sahiles
2177 3269 2311 3325 sint.

2023 3379 2041 3412 α
2087 3361 2151 3414 Et
2183 3359 2442 3416 videbitis
2475 3359 2669 3415 Filium
2701 3359 2961 3415 hominis.
3003 3377 3021 3410 ι
3058 3357 3324 3413 Sacerdos
3356 3355 3532 3410 inter-

1945 3461 2099 3522 rogat
2121 3450 2316 3506 Filium
2351 3449 2468 3514 Dei,
2499 3450 2658 3507 Jesus
2678 3459 2857 3505 autem
2887 3448 3166 3518 reapondit
3200 3447 3394 3502 Filium
3427 3446 3530 3501 ho-

1947 3543 2113 3597 minis
2142 3561 2155 3596 :
2188 3551 2245 3598 ut
2274 3542 2365 3596 hic
2393 3543 2764 3616 intelligamus
2789 3541 2880 3597 Dei
2919 3541 3088 3596 tiliunt
3123 3543 3375 3597 cmndcm
3407 3554 3531 3596 esse

1947 3643 2004 3688 et
2028 3633 2202 3688 illium
2237 3635 2473 3689 hominis
2507 3651 2528 3691 '.
2555 3645 2609 3690 et
2661 3649 2727 3689 ne
2782 3635 3208 3702 quater-nitatem
3266 3631 3530 3687 faciamus

1951 3727 2003 3781 in
2031 3723 2326 3791 Trinitale,
2351 3726 2448 3781 sed
2483 3724 2649 3782 homo
2694 3724 2749 3780 in
2783 3723 2916 3791 Deo,
2950 3736 3002 3779 et
3037 3723 3182 3779 Deus
3215 3723 3272 3778 iu
3309 3720 3534 3777 homine

1949 3831 2181 3872 necesse
2209 3816 2302 3872 sit.

2031 3926 2049 3959 ι
2097 3907 2388 3963 Sedentem
2437 3923 2466 3961 a
2509 3908 2721 3964 dextris
2761 3907 3006 3975 virtutis,
3045 3927 3063 3960 ι
3105 3907 3156 3961 id
3200 3914 3309 3971 est,
3341 3904 3396 3960 in
3420 3902 3531 3959 vita

1951 4010 2264 4072 regnantem
2295 4001 2648 4070 sempiterna,
2686 4011 2740 4056 et
2777 4001 2981 4056 virtute
3008 3999 3211 4055 divina.

2027 4115 2046 4148 ι
2094 4093 2162 4148 Ει
2209 4095 2520 4149 venientem
2571 4109 2694 4148 cum
2748 4093 2984 4148 nubibus
3033 4093 3178 4148 cmli.
3235 4110 3252 4144 ι
3298 4092 3358 4146 In
3391 4092 3535 4148 nube

1949 4187 2198 4245 ascendit
2243 4185 2379 4255 (Act.
2444 4201 2484 4252 l,
2533 4184 2613 4256 9),
2644 4201 2769 4241 cum
2824 4188 2968 4241 nube
2992 4186 3203 4242 veniet:
3233 4186 3283 4240 id
3327 4197 3432 4249 est,
3470 4184 3527 4239 in

1951 4295 2185 4350 corpore
2223 4293 2324 4334 suo
2376 4279 2514 4345 solo,
2555 4279 2702 4349 quod
2752 4279 2985 4345 sumpsit
3011 4295 3040 4333 a
3073 4280 3304 4350 virgine,
3338 4294 3533 4332 ascen-

1950 4375 2085 4446 dit:
2118 4383 2321 4428 etcum
2369 4370 2690 4426 multiformi
2747 4370 3014 4435 Ecclesia,
3048 4386 3170 4441 quas
3221 4383 3308 4425 est
3333 4384 3535 4440 corpus

1951 4464 2146 4536 ipsius,
2203 4477 2259 4522 et
2310 4465 2594 4536 plenitudo
2637 4465 2777 4536 ejus,
2831 4464 2899 4520 ad
2958 4464 3220 4533 judicium
3273 4476 3535 4520 venturus

253 4555 520 4609 dicebant
557 4555 820 4612 adversus
849 4573 972 4614 eum
1004 4571 1099 4615 :et
1131 4563 1508 4618 convenientia
1533 4564 1842 4620 testimonia
1865 4576 1915 4640 η
1948 4570 2033 4615 est
2068 4577 2083 4614 :
2116 4558 2256 4614 sicut
2277 4557 2410 4614 dicit
2435 4559 2738 4613 secundum
2768 4556 3080 4614 Matthmum
3119 4573 3134 4612 :
3176 4556 3308 4613 Cum
3359 4566 3536 4610 autent

253 4661 376 4702 non
403 4655 585 4702 erant.
620 4666 640 4700 ι
676 4650 791 4705 Hoc
851 4652 1068 4721 proprie
1117 4651 1355 4708 Marcus.
1383 4679 1390 4686 ο
1415 4653 1568 4710 Sicut
1619 4654 1843 4726 Joseph,

253 4740 459 4796 relicto
491 4739 676 4811 pallio,
707 4746 888 4799 nudus
915 4745 980 4800 de
1008 4746 1262 4802 manibus
1293 4747 1578 4818 impudicae
1613 4747 1848 4805 dominae

253 4833 479 4902 cffugit.
517 4834 620 4902 Qui
654 4847 836 4891 autem
871 4838 1251 4909 vulteﬂ‘ngere
1287 4855 1483 4896 manus
1511 4842 1846 4912 iniquorum,

252 4928 587 4996 relinquens
620 4937 965 4999 mente,qua:
1001 4931 1186 4985 mundi
1229 4940 1376 4996 sunt,
1408 4931 1583 5001 fugiat
1610 4943 1730 5002 post
1755 4932 1847 4988 Je-

253 5019 507 5076 sum.Et
560 5033 932 5078 convenerunt
990 5025 1308 5080 sacerd0tes
1364 5027 1662 5082 etscribte.
1695 5025 1849 5085 Tunc

253 5115 328 5166 ﬁt
395 5115 743 5181 congregatio
813 5122 1094 5169 taurorum
1161 5116 1212 5168 in
1279 5118 1463 5172 vaccis
1522 5119 1846 5188 populorum

251 5202 782 5274 (Psal.t.xvn,3l).
837 5203 1034 5260 Petrus
1090 5222 1120 5261 a
1173 5207 1332 5278 longe
1362 5208 1713 5277 sequebatur.
1756 5209 1850 5263 Vir

251 5294 472 5361 duplex
494 5295 698 5362 animo,
751 5296 1061 5351 inconstans
1096 5307 1172 5352 est
1225 5299 1278 5352 in
1324 5298 1564 5354 omnibus
1598 5301 1694 5354 uiis
1737 5303 1849 5356 suis

251 5385 417 5452 (Jac.
469 5405 510 5450 ι.
567 5388 647 5456 8).
696 5388 885 5444 Timor
948 5391 1201 5455 retrahit,
1261 5393 1502 5448 charitas
1549 5395 1738 5447 trahit.
1789 5393 1848 5449 lu

247 5480 413 5534 atrio
451 5494 574 5534 cum
604 5481 869 5536 ministris
917 5481 1169 5537 calefacit
1202 5498 1262 5538 se
1299 5484 1366 5538 ad
1408 5486 1609 5555 ignem.
1632 5487 1849 5542 Atrium

251 5571 596 5638 sacerdotis,
638 5582 720 5628 est
762 5573 1044 5629 smcularis
1101 5575 1363 5630 circuitus
1397 5593 1414 5632 :
1446 5579 1702 5646 ministri,
1735 5581 1849 5636 daa-

253 5651 636 5721 monia-sunt.
671 5665 836 5736 Ignis,
868 5668 1196 5722 desiderium
1225 5669 1464 5732 carnale,
1495 5685 1616 5724 cum
1650 5672 1850 5742 quibus

249 5756 367 5826 qui
393 5767 593 5823 manet,
623 5757 751 5812 flere
779 5769 998 5829 peccata
1037 5777 1144 5816 non
1191 5769 1387 5830 potest.
1421 5761 1631 5816 Summi
1665 5779 1850 5818 sacer-

251 5853 432 5910 dotes
462 5852 778 5922 quwrebant
807 5853 1002 5914 falsum
1048 5855 1417 5912 testimonium
1468 5857 1726 5914 adversus
1765 5859 1852 5916 Je-

1951 4654 2149 4708 cenerit
2190 4649 2366 4704 Filius
2398 4650 2649 4716 hominis,
2679 4660 2726 4704 et
2782 4666 2963 4704 omnes
3012 4650 3190 4720 angeli
3217 4665 3335 4702 cum
3372 4665 3452 4714 eo,
3485 4656 3537 4700 et

1951 4742 2178 4813 reliqua.

2025 4853 2047 4889 s
2094 4835 2353 4891 Summus
2382 4845 2561 4890 autem
2604 4834 2891 4900 sacerdos,
2909 4833 3166 4889 scindens
3209 4833 3531 4886 vestimenta

1951 4942 2073 4993 sua,
2110 4927 2189 4981 ait
2223 4941 2240 4982 :
2275 4927 2414 4994 Quid
2445 4926 2623 4981 adhuc
2648 4925 3036 4982 desideramus.
3053 4937 3216 4981 testes
3251 4925 3279 4976 2
3303 4923 3533 4980 audistis

1951 5019 2370 5091 blaSphemiam.
2398 5019 2541 5086 Quid
2573 5020 2725 5074 vobis
2763 5019 3016 5074 videtur?
3047 5018 3147 5084 Qui
3181 5033 3372 5071 omnes
3399 5031 3533 5069 con-

1950 5113 2354 5168 demnaverunt
2378 5126 2507 5168 eum
2538 5127 2663 5168 esse
2698 5127 2852 5167 reum
2904 5112 3114 5165 mortis.
3153 5111 3216 5164 Et
3249 5117 3528 5178 cmprrunt

1951 5204 2171 5275 quidam
2204 5219 2508 5273 conspuere
2546 5205 2796 5270 in‘eutn,
2841 5211 2896 5258 et
2926 5203 3105 5258 velare
3146 5201 3340 5254 faciem
3391 5199 3533 5268 ejus,

1953 5309 2008 5352 et
2041 5299 2289 5367 colaphis
2315 5307 2443 5354 eum
2484 5300 2696 5354 candere
2744 5307 2800 5352 et
2853 5298 3038 5351 dicere
3061 5296 3110 5350 ei
3141 5293 3532 5362 :PrOphetiza.

1955 5393 2019 5447 Et
2050 5391 2284 5446 ministri
2349 5392 2520 5460 alapis
2547 5407 2676 5446 eum
2695 5390 2995 5445 cadebant.
3029 5407 3049 5440 s
3075 5387 3186 5441 Hoc
3206 5385 3533 5454 est,epln-d,

1954 5486 2010 5541 in
2063 5501 2172 5552 quo
2230 5485 2508 5541 habebant
2545 5484 2831 5548 honorem,
2863 5479 3035 5536 Juda-i
3085 5481 3406 5536 amiserunt.
3433 5479 3534 5536 Hic

1953 5583 2108 5636 adest
2142 5579 2361 5634 Samuel
2401 5578 2575 5632 scisso
2609 5577 2775 5647 pallio
2805 5579 2872 5631 de
2914 5576 3168 5631 manibus
3206 5573 3332 5630 Saul
3367 5575 3418 5628 in
3449 5589 3536 5630 re-

1955 5688 2081 5744 gno.
2119 5671 2317 5726 Milites
2341 5669 2572 5739 gentiles
2603 5683 2713 5722 non
2738 5667 2988 5724 scindunt
3015 5669 3250 5722 tunicam
3285 5665 3528 5722 Christi:

1955 5762 2266 5819 sacerdotes
2307 5775 2437 5814 vero
2470 5760 2729 5814 scindunt
2759 5760 3080 5831 dignitatem
3109 5759 3399 5816 sacerdotii
3419 5761 3534 5816 sui.

1958 5856 2021 5911 Et
2054 5853 2383 5912 condemnat
2429 5867 2552 5909 eum
2603 5864 2756 5907 reum
2800 5867 2921 5909 esse
2961 5853 3168 5910 mortis.
3213 5851 3331 5920 Quo
3380 5862 3536 5908 reatu
