3934 6200
505 329 620 396 659

1447 329 1504 392 S.
1545 327 1985 396 HIERONYMI
2029 329 2070 392 0

2173 333 2343 396 RUM
2377 334 2784 396 MANTISSA.
3583 328 3667 392 680

500 454 623 508 suo,
655 450 866 496 reatum
902 448 1148 496 nostrum
1191 439 1427 494 solveret
1458 453 1473 493 :
1507 448 1564 495 et
1605 439 1877 496 velamine
1908 439 2068 496 faciei
2097 447 2144 502 Α
2172 457 2280 512 que
2304 443 2591 512 petissent.
2623 443 2754 498 Erat
2785 450 2988 508 autem,
3011 438 3127 510 qui’
3123 436 3402 494 dicebatur
3421 432 3669 499 Barabbas,

503 546 637 598 sua,
662 532 904 587 velamen
937 531 1185 586 cordium
1217 541 1526 586 nostrorum
1551 531 1811 592 auferret,
1844 539 1898 586 et
1935 545 2065 599 spu-

503 621 798 676 taminibus
829 621 1114 689 susceptis,
1152 619 1346 675 faciem
1379 621 1574 674 anima:
1598 629 1798 676 nostra:
1820 620 2056 676 lavaret:

501 721 557 766 ct
588 711 854 779 colaphis,
884 712 1077 778 quibus
1128 711 1180 765 in
1225 719 1386 777 caput
1427 725 1722 779 percussus
1763 719 1870 776 est,
1903 723 2064 780 caput

501 802 723 856 huntani
750 802 962 868 generis
989 802 1152 870 (quod
1178 810 1263 857 est
1300 803 1493 870 Adam)
1534 813 1770 856 sanaret.
1800 801 1868 856 Et
1892 802 2064 870 alapis

499 895 697 962 quibus
747 895 1086 962 espalmatus
1131 899 1235 958 est,
1288 895 1518 947 maxima
1554 891 1670 948 laus
1696 893 1836 961 ejus,
1861 894 2064 950 nostris

500 986 751 1040 manibus
782 995 835 1039 ct
876 985 1030 1039 labiis
1080 985 1359 1053 plauderet
1388 1002 1403 1039 :
1447 985 1612 1051 unde,
1642 985 1831 1040 Omnes
1861 997 2061 1055 gentes,

499 1077 738 1146 plaudite
792 1077 1036 1130 erunibus
1082 1073 1256 1145 (Psal.
1300 1091 1459 1143 ιινι,
1510 1075 1586 1147 2).
1634 1077 1698 1130 Et
1740 1090 1900 1132 cruce
1941 1091 2060 1141 sua,

497 1169 797 1222 cruciatum
827 1178 1066 1220 nostrum
1097 1167 1331 1222 solveret
1357 1208 1374 1234 ,
1396 1178 1450 1222 et
1473 1177 1649 1222 morte
1703 1183 1800 1223 sua
1835 1176 2060 1222 mortem

499 1269 746 1310 neStram
779 1266 998 1311 necaret
1025 1273 1040 1310 :
1068 1273 1188 1310 cum
1235 1256 1408 1311 forma
1457 1256 1726 1326 serpentis
1758 1264 2062 1324 serpentem

498 1359 679 1414 necat,
718 1350 840 1418 quia
871 1359 1120 1418 serpente
1142 1350 1208 1403 de
1231 1349 1378 1416 virga
1401 1346 1544 1402 iacto
1574 1347 1664 1400 alii
1698 1347 2064 1400 absorbentur

496 1453 799 1508 serpentes.
851 1439 1008 1496 Unde
1067 1453 1164 1508 per
1227 1439 1544 1507 prephetatn
1595 1439 1708 1506 ipse
1749 1437 1878 1490 dicit
1910 1450 1925 1491 :
1955 1435 2062 1489 Ero

499 1547 639 1586 mors
665 1541 778 1598 tua,
811 1547 840 1584 ο
872 1547 1036 1592 mors,
1074 1538 1126 1588 st
1162 1547 1364 1584 morsus
1397 1537 1540 1595 tuus,
1585 1545 1615 1582 ο
1661 1529 1863 1597 inferne
1908 1526 2064 1597 (Osee

499 1638 620 1684 xm,
659 1621 770 1692 14).
801 1621 1104 1692 Opprobria
1144 1624 1266 1692 ejus
1297 1631 1538 1675 nostrum
1573 1619 1842 1674 abstulere
1868 1634 2066 1688 oppro-

502 1713 700 1766 brium.
729 1709 951 1766 Vincula
999 1712 1119 1781 ejus
1171 1727 1269 1766 nos
1319 1712 1520 1766 liberos
1561 1709 1828 1765 fecerunt.
1850 1708 2062 1765 Corona

500 1805 686 1869 spinea
734 1803 926 1871 capitis
976 1802 1114 1872 ejus,
1156 1803 1402 1855 diadema
1455 1802 1605 1871 regni
1652 1801 1826 1870 adepti
1858 1814 2063 1853 sumus.
2098 1781 2139 1834 Β

501 1895 830 1949 Vulneribus
869 1893 988 1962 ejus
1019 1907 1210 1946 sumus
1255 1892 1453 1945 sanati.
1503 1889 1791 1960 Sepultura
1821 1889 1939 1958 ejus
1976 1904 2062 1942 re-

500 1985 791 2053 surgimus.
823 1984 1183 2036 Descensioue
1219 1983 1335 2048 cjus
1375 1982 1441 2036 ad
1479 1979 1706 2046 inferos,
1741 1995 1841 2034 nos
1871 1993 2065 2033 ascen-

501 2075 678 2129 dimus
723 2076 788 2128 ad
839 2075 1032 2129 cmlos.
1089 2072 1186 2128 llic
1246 2073 1521 2126 invenitur
1556 2073 1660 2127 mel
1691 2072 1746 2125 iu
1775 2085 1868 2126 ore
1895 2069 2067 2125 leonis

499 2165 696 2219 mortui
720 2164 920 2232 (Judic.
965 2181 1074 2232 ειν,
1113 2164 1189 2236 8).
1227 2164 1352 2219 Haec
1391 2165 1570 2218 omnia
1614 2163 1916 2235 praevidens
1944 2177 2065 2233 pro-

500 2257 657 2323 pheta
683 2258 790 2309 ait:
827 2256 967 2322 Quid
989 2257 1274 2311 retribuam
1305 2256 1528 2309 Domino
1546 2273 1642 2324 pro
1673 2256 1909 2310 omnibus
1955 2270 2070 2326 qua:

503 2349 742 2400 retribuit
770 2351 898 2403 mihi
929 2348 1106 2419 (l’sal.
1135 2365 1258 2415 cxv,
1295 2348 1384 2416 12)
1409 2350 1432 2403 'l

579 2459 596 2490 s
646 2439 712 2492 Et
741 2455 860 2494 cum
903 2451 1048 2494 esset
1089 2438 1286 2494 Petrus
1341 2439 1394 2492 in
1447 2440 1588 2495 atrio
1623 2439 1894 2503 deorsum,
1921 2439 2071 2494 venit

502 2544 609 2582 una
645 2545 710 2582 ex
743 2530 958 2584 ancillis
983 2531 1182 2583 summi
1227 2531 1550 2596 sacerdotis,
1601 2541 1656 2584 et
1677 2547 1798 2584 eum
1842 2532 2070 2585 vidisset

502 2624 724 2679 Petrum
763 2621 1169 2700 calefacientem
1220 2636 1302 2687 se,
1339 2623 1614 2692 aspiciens
1651 2624 1824 2688 illum,
1857 2626 1972 2678 ait:
2003 2623 2071 2678 Et

502 2732 559 2775 tu
597 2736 717 2776 cum
748 2720 880 2774 Jcsu
933 2719 1216 2776 Nazareno
1272 2719 1436 2775 eras?
1478 2720 1548 2773 At
1590 2720 1680 2773 ille
1710 2721 1948 2786 negavit.
1992 2721 2068 2774 di-

503 2827 670 2867 cens:
703 2811 886 2882 Neque
922 2813 1058 2878 scio,
1093 2827 1266 2880 neque
1323 2811 1447 2866 novi
1482 2811 1608 2881 quid
1645 2813 1812 2866 dicas.
1847 2812 1910 2865 Et
1939 2813 2071 2866 exiit

504 2902 651 2955 foras
675 2911 801 2956 ante
831 2895 1126 2966 atrium,'et
1147 2901 1320 2970 gallus
1347 2906 1607 2956 cantavit.
1636 2901 1865 2956 Rursum
1889 2911 2070 2956 autem

503 3009 628 3048 cum
660 2994 885 3050 vidisset
938 2993 1089 3048 illum
1149 2994 1367 3061 ancilla,
1404 2995 1572 3062 coepit
1622 2994 1806 3047 dicere
1837 2995 2072 3048 circum-

2167 532 2259 600 qui
2295 548 2418 587 cum
2471 532 2749 588 seditiosis
2797 540 2914 586 erat
2956 533 3173 585 vinctus
3206 543 3222 582 :
3252 525 3343 596 qui
3384 526 3436 578 in
3462 524 3673 579 seditione

2145 609 2370 676 (fecerat
2434 623 2807 676 homicidium.
2867 622 3103 676 Et'cum
3165 615 3492 672 ascendisset
3532 617 3671 680 turba,

2167 712 2332 778 cmpit
2361 727 2554 781 rogare
2586 713 2729 768 sicut
2757 725 2970 780 semper
2996 709 3229 766 faciebat
3253 708 3378 762 illis.
3407 705 3584 761 Pilatus
3605 721 3679 760 au-

2168 813 2272 858 tem
2309 804 2586 874 reapondit
2622 805 2724 870 eis,
2773 813 2828 858 et
2877 804 3032 858 dixit.
3067 820 3088 855 ι
3129 802 3228 856 llic
3275 799 3425 854 adest
3470 797 3676 864 Samson,

2122 883 2126 894 ’
2166 893 2220 948 id
2245 905 2348 958 est,
2403 893 2487 949 sol
2536 910 2718 948 eorum
2744 909 2767 950 :
2797 895 2994 964 quibus
3039 893 3279 947 occubuit
3317 888 3396 944 sol
3428 889 3480 942 in
3505 888 3680 942 meridis

2165 985 2356 1056 (Amos
2416 1000 2536 1050 t'ttt,
2581 984 2892 1054 9):Dalila,
2943 985 3102 1040 situla
3149 985 3681 1050 interpretaturtqua

2163 1085 2246 1131 est.
2275 1089 2568 1146 synagOga,
2598 1089 2718 1144 quae
2741 1074 2918 1130 situlaa
2944 1089 3095 1128 more
3141 1072 3435 1141 limpidum
3459 1067 3678 1137 liquorem

2164 1182 2272 1220 non
2313 1178 2493 1232 tenet;
2529 1175 2580 1220 et
2613 1165 2898 1236 quisquilia
2932 1164 3206 1220 immunda
3231 1161 3462 1232 collegit.
3494 1159 3681 1214 Samson

2165 1264 2351 1312 uoster
2391 1257 2608 1312 maxilla
2663 1257 2810 1311 verbi
2871 1256 2953 1312 sul
3004 1255 3315 1310 innumeras
3363 1263 3587 1307 catervas
3609 1249 3685 1304 lu-

2163 1349 2407 1404 (imorum
2447 1358 2504 1405 et
2526 1349 2832 1404 daemonum
2861 1347 2949 1401 hic
2969 1347 3168 1401 sternit
3194 1361 3209 1400 :
3233 1357 3287 1400 et
3308 1343 3502 1399 fontem
3530 1356 3690 1412 peren-

2163 1440 2250 1496 nis
2307 1441 2432 1495 vitae
2481 1441 2784 1495 sitientibus
2834 1441 3012 1504 nobis,
3077 1439 3129 1494 id
3191 1447 3274 1492 est
3337 1434 3543 1503 corpori
3579 1441 3685 1499 suo,

2164 1533 2391 1601 aperiet.
2433 1530 2724 1586 Pontifices
2773 1533 3184 1585 concitaverunt
3223 1528 3433 1589 turbas,
3475 1534 3529 1578 ut
3572 1531 3692 1593 pete-

2163 1633 2284 1678 rent
2311 1623 2633 1689 Barabbam,
2650 1633 2702 1678 et
2720 1623 3098 1693 crucillgerent
3117 1620 3320 1676 lesum.
3351 1617 3448 1672 Hic
3461 1617 3560 1672 duo
3579 1614 3690 1669 hirci

2167 1715 2390 1770 adsunt:
2410 1730 2548 1770 unus
2571 1716 2984 1785 ἀποπομπαῖθς,
3006 1713 3061 1767 id
3103 1721 3186 1767 est
3211 1707 3572 1770 admissarius,
3595 1718 3694 1758 cum

2173 1817 2400 1876 peccato
2429 1807 2612 1876 populi
2637 1807 2690 1861 in
2723 1811 2940 1861 deserto
2969 1803 3164 1859 inferni
3195 1800 3474 1856 absolutus
3509 1795 3697 1850 dimitti-

2175 1911 2263 1951 tur
2295 1914 2310 1964 ;
2343 1898 2480 1953 alter
2505 1915 2600 1968 pro
2631 1897 2864 1968 peccatis
2911 1895 3306 1958 absolUtorum,
3339 1900 3394 1944 ut
3441 1901 3595 1957 agnus
3625 1900 3700 1940 oc-

2173 1990 2390 2045 ciditur.
2420 1989 2552 2044 Pars
2585 1989 2795 2042 Domini
2849 1999 3062 2053 semper
3115 1992 3415 2045 mactatur;
3463 1993 3578 2043 pars
3600 1976 3699 2029 dia-

2173 2080 2301 2145 boli,
2337 2080 2427 2148 qui
2457 2089 2540 2134 est
2575 2081 2830 2148 magister
2856 2093 3068 2144 eorum,
3099 2075 3356 2132 effrenata
3390 2074 3442 2125 in
3474 2079 3700 2124 tartarqu

2172 2172 2559 2241 praecipitatur.
2595 2169 2890 2225 Subditur:

2251 2284 2271 2318 s
2338 2267 2513 2322 Vultis
2579 2265 2845 2319 dimittam
2902 2263 3053 2318 vobis
3122 2274 3302 2328 regem
3371 2249 3704 2310 Iudaeorum?

2177 2354 2396 2410 Sciebat
2419 2356 2564 2409 enirn
2595 2353 2740 2424 quod
2793 2367 2889 2422 per
2941 2351 3196 2406 invidiam
3239 2346 3580 2402 tradidissent
3603 2353 3703 2393 eum

2175 2445 2375 2500 summi
2399 2444 2730 2498 sacerdotes.
2787 2441 3078 2498 Pontifices
3130 2450 3307 2494 autem
3333 2437 3708 2520 concitaverunt

2177 2537 2411 2600 turbam,
2447 2547 2506 2589 ut
2533 2536 2704 2604 magis
2734 2535 3032 2588 Barabbatn
3081 2531 3374 2585 dimitteret
3405 2529 3501 2582 eis.
3533 2523 3707 2579 Pilatus

2175 2634 2354 2678 autem
2418 2623 2612 2679 iterum
2673 2623 3024 2692 respondens,
3087 2622 3161 2675 ait
3225 2619 3381 2673 illis:
3424 2615 3555 2682 Quid
3599 2626 3707 2681 ergo

2177 2717 2340 2771 vultis
2395 2717 2592 2770 faciam
2637 2716 2748 2784 regi
2783 2713 3139 2770 Iudaeorum?
3193 2713 3262 2766 At
3291 2710 3368 2764 illi
3398 2710 3583 2763 iterum
3613 2704 3708 2758 cla-

2175 2818 2505 2864 maverunt:
2556 2809 2822 2878 Crucilige
2873 2821 3023 2861 eum.
3088 2805 3293 2858 Pilatus
3352 2817 3482 2856 vero
3525 2795 3710 2852 dicebat

2177 2900 2282 2955 illis
2313 2917 2327 2957 :
2362 2899 2503 2966 Quid
2534 2901 2678 2954 enim
2735 2899 2859 2954 tnali
2906 2897 3076 2953 fecit?
3119 2897 3190 2950 At
3219 2895 3297 2950 illi
3337 2895 3512 2962 magis
3545 2891 3714 2944 clama-

2174 2995 2305 3048 bant
2335 3007 2348 3045 :
2382 2991 2652 3062 Cruciﬂge
2682 3007 2828 3046 eum.
2865 2988 3066 3044 Pilatus
3105 2998 3308 3053 autem,
3338 2988 3524 3040 volens
3547 2978 3712 3050 populo

503 3085 812 3140 stantibus:
843 3085 977 3152 Quia
1012 3085 1101 3140 hic
1124 3075 1201 3140 ἐι
1236 3085 1343 3141 illis
1369 3094 1474 3143 est.
1522 3088 1589 3141 At
1624 3086 1714 3139 ille
1755 3085 1947 3139 iterum
1978 3101 2072 3140 ne—
2095 3121 2141 3182 ο
2175 3083 2509 3150 satisfacere,
2549 3083 2754 3137 dimisit
2799 3083 2905 3136 illis
2932 3081 3264 3146 Barabbam,
3298 3085 3356 3132 et
3401 3067 3716 3182 tradidit'cis

505 3179 673 3248 gavit.
712 3179 778 3232 Et
808 3187 926 3248 post
953 3179 1202 3247 pusillum
1259 3193 1448 3232 rursus
1497 3180 1588 3246 qui
1615 3179 1888 3243 astabant,
1923 3177 2073 3231 dice-

505 3275 634 3324 haut
662 3270 822 3325 Petro
853 3287 868 3322 :
901 3271 1036 3325 Vere
1092 3287 1156 3324 ex
1189 3271 1294 3326 illis
1321 3285 1413 3334 es;
1456 3285 1578 3324 nam
1606 3279 1660 3324 et
1694 3269 1944 3324 Galilazus
1992 3283 2069 3322 es.

506 3364 604 3418 llle
633 3376 812 3418 autem
865 3365 1034 3434 etrapit
1084 3363 1570 3428 auathematizare,
1621 3369 1675 3416 et
1710 3360 1918 3431 jurare,
1945 3361 2071 3430 quia

508 3458 694 3510 nescio
775 3455 1050 3511 hominem
1110 3457 1269 3510 istum
1325 3468 1485 3524 quem
1540 3455 1755 3520 dicitis;
1813 3463 1863 3508 et
1891 3455 2071 3509 statim

508 3549 680 3622 gallus
741 3549 936 3604 iterum
989 3549 1247 3603 cantavit.
1307 3547 1370 3601 Et
1417 3551 1730 3602 recordatus
1771 3557 1853 3601 est
1883 3545 2074 3602 Petrus

510 3645 660 3698 verhi
725 3642 872 3712 quod
928 3643 1140 3697 dixerat
1187 3643 1240 3699 ei
1291 3641 1492 3696 Jcsus:
1535 3635 1870 3710 Priusquam
1903 3641 2075 3708 gallus

508 3747 694 3791 cantet
722 3737 824 3805 bis,
851 3745 935 3790 tcr
974 3753 1056 3790 me
1087 3735 1308 3804 negabis
1335 3751 1349 3788 :
1374 3742 1426 3787 et
1466 3735 1624 3802 cmpit
1653 3733 1802 3788 nere.
1836 3753 1853 3784 ι
1883 3732 2076 3789 Petrus

507 3832 626 3884 sine
645 3828 869 3898 Spiritu,
907 3827 1024 3883 voci
1057 3828 1264 3881 ancilla:
1302 3826 1500 3882 cessit:
1538 3841 1662 3880 cum
1701 3826 1929 3894 Spiritu,
1973 3842 2073 3881 nec

507 3921 868 3992 principibus,
900 3935 996 3974 nec
1023 3919 1236 3988 regibus
1268 3921 1434 3972 cedit.
1473 3916 1649 3971 Prima
1685 3918 1910 3981 ancilla,
1943 3921 2074 3972 titu-

509 4015 656 4070 batio
675 4024 790 4078 est;
820 4013 1077 4073 secunda,
1097 4013 1420 4075 consensio;
1457 4010 1650 4064 tertius
1673 4011 1773 4076 vir,
1797 4021 1950 4065 actus
1971 4021 2073 4065 est.

511 4105 639 4159 llaec
676 4115 761 4159 est
795 4108 929 4158 trina
967 4105 1204 4170 negatio,
1241 4119 1402 4171 quam
1438 4103 1602 4156 abluit
1633 4117 1728 4171 per
1749 4099 1905 4157 fletus
1930 4102 2074 4156 vet-bi

511 4197 713 4251 Christi
745 4195 1070 4249 recordatio.
1091 4194 1241 4247 Tunc
1267 4194 1422 4248 nobis
1439 4195 1606 4263 gallus
1633 4201 1832 4259 cantat,
1861 4196 2078 4264 quando

513 4291 838 4362 praedicatur
867 4289 1093 4356 quisque
1133 4303 1228 4356 per
1269 4287 1643 4354 pwnitentiam
1684 4288 1845 4339 corda
1893 4294 2075 4340 nostra

517 4383 582 4436 ad
623 4381 1092 4450 compunctioucm
1137 4380 1359 4436 excitat.
1413 4377 1563 4432 Tunc
1611 4378 1899 4445 incipimus
1921 4378 2072 4441 ﬂere,

2172 3176 2382 3239 desum,
2429 3175 2656 3244 flagellis
2704 3191 2926 3242 ca'sum,
2985 3182 3044 3230 ut
3081 3172 3513 3240 crucifigeretur.
3549 3163 3714 3218 Milites

2176 3277 2353 3323 autem
2389 3267 2666 3324 duxerunt
2693 3281 2818 3321 eum
2871 3267 3016 3342 intro
3075 3265 3127 3320 in
3176 3263 3378 3318 atrium
3407 3257 3717 3332 prmtorii.et

2175 3371 2475 3415 convocant
2511 3369 2676 3414 totam
2735 3359 3043 3420 cohortem,
3088 3365 3140 3412 et
3179 3357 3424 3410 induunt
3451 3366 3570 3408 eum
3615 3362 3717 3418 pur-

2176 3468 2336 3522 pura,
2370 3461 2425 3506 et
2475 3451 2765 3520 imponunt
2820 3453 2891 3514 ei,
2933 3450 3257 3519 plectentes,
3310 3449 3556 3518 spineam
3586 3455 3719 3497 coro-

2177 3559 2300 3599 nam
2334 3561 2347 3598 :
2375 3553 2430 3596 et
2461 3552 2744 3612 cmperunt
2765 3542 2999 3595 sniutare
3051 3555 3195 3603 eum,
3242 3541 3382 3604 Ave,
3415 3553 3505 3590 rex
3531 3533 3719 3587 Judzcoo

2177 3638 2332 3690 ruml
2413 3645 2467 3689 et
2538 3633 2917 3702 percutiebant
2975 3641 3133 3701 caput
3182 3632 3296 3698 ejus
3361 3626 3640 3688 arundine,
3679 3628 3722 3673 et

2176 3727 2722 3796 conspuebantemn,
2775 3731 2831 3775 et
2884 3732 3146 3789 ponentes
3208 3737 3413 3790 genua,
3453 3718 3722 3772 adorabant

2177 3833 2324 3872 eum.
2368 3817 2433 3871 Et
2475 3827 2760 3886 postquam
2807 3817 3090 3870 illuseruut
3143 3815 3215 3878 ci,
3277 3822 3548 3868 exuerunt
3597 3807 3722 3862 illuni

2181 3923 2415 3978 purpura
2455 3923 2471 3962 :
2507 3920 2562 3962 et
2613 3909 2905 3962 imluerunt
2959 3923 3084 3964 eum
3148 3905 3495 3960 vestimentis
3533 3902 3654 3956 suis.
3672 3896 3724 3950 Et

2179 4001 2411 4054 educunt
2439 3999 2612 4064 illum,
2641 4009 2700 4054 ut
2730 4000 3108 4069 cruciﬁgerent
3136 4014 3280 4052 eum.
3316 4015 3336 4048 ι
3365 3996 3560 4050 Multas
3588 4004 3724 4045 occa-

2181 4091 2360 4144 siones
2387 4089 2534 4143 dedit
2588 4089 2792 4145 Pilatus
2859 4089 3124 4144 liberandi
3169 4088 3538 4142 Saltatorem.
3573 4082 3727 4136 Primo

2177 4180 2468 4237 oonfercns
2534 4182 2821 4246 latronem,
2881 4181 3076 4234 deinde
3135 4178 3407 4240 inferens,
3457 4175 3594 4242 Quid
3621 4183 3745 4237 ergo.

2180 4273 2343 4327 vultis
2377 4272 2569 4326 faciam
2606 4272 2716 4340 regi
2765 4267 3112 4326 ludaeoruml
3159 4270 3410 4338 Cumque
3457 4265 3730 4335 respondis-

2178 4363 2721 4435 sent,Crucitigatur,
2759 4379 2865 4417 non
2913 4364 3095 4418 statim
3141 4351 3470 4430 acquievit:
3501 4359 3612 4418 sed,
3658 4368 3729 4407 se-

475 4483 478 4490 ‘
516 4471 734 4540 quando
771 4472 1007 4540 ignimur
1050 4473 1202 4526 intus
1246 4486 1343 4540 per
1383 4470 1674 4525 scintillant
1704 4471 1941 4525 scientia:
1981 4485 1996 4526 :
2027 4479 2070 4524 et

2190 4463 2431 4512 cundum
2460 4457 2856 4525 sttggeSIionctn
2892 4456 3096 4516 uxoris,
3129 4469 3246 4522 quae
3279 4452 3635 4506 mandaverat
3671 4444 3731 4508 ei,

513 4563 662 4618 foras
688 4563 900 4617 eximus
933 4572 1084 4617 extra
1115 4563 1257 4616 quod
1292 4561 1516 4616 fuimus.

1098 4717 1328 4773 CAPUT
1367 4717 1484 4774 XV.

595 4848 614 4883 s
657 4829 723 4884 Et
750 4825 1056 4891 cor-testim,
1099 4839 1256 4881 mane
1283 4828 1569 4883 consilium
1598 4829 1857 4886 facientes
1879 4833 2076 4887 summi

513 4923 824 4977 sacerdotes
851 4935 972 4974 cum
1023 4921 1348 4987 senioribus,
1380 4931 1434 4976 et
1479 4923 1692 4986 scribis,
1742 4932 1798 4977 et
1824 4925 2078 4982 universo

514 5016 770 5081 concilio,
822 5015 1128 5068 vincientes
1177 5009 1386 5081 Iesum,
1431 5015 1724 5079 duxerunt,
1753 5029 1806 5070 et
1844 5019 2080 5073 tradide-

513 5120 644 5164 runt
678 5109 871 5163 Pilato.
908 5107 974 5162 Et
1033 5107 1388 5176 interrogavit
1441 5125 1564 5163 cum
1615 5108 1820 5166 Pilatus
1853 5127 1867 5164 :
1899 5111 1976 5165 Tu
2021 5129 2080 5166 es

513 5217 609 5258 rex
655 5200 1099 5256 Judaeorum?At
1151 5201 1238 5254 ille
1295 5203 1648 5269 respondens,
1704 5205 1779 5257 ait
1838 5203 1956 5257 illi:
1995 5204 2078 5260 Tu

511 5292 670 5348 dicis.
695 5291 761 5344 Et
790 5292 1116 5346 accusabant
1145 5305 1266 5345 eum
1294 5291 1487 5344 summi
1522 5294 1835 5348 sacerdotes
1858 5295 1908 5348 iu
1940 5297 2078 5348 mul-

513 5385 602 5439 tis.
633 5383 840 5438 Pilatus
894 5392 1071 5437 autem
1133 5399 1350 5437 rursum
1409 5384 1760 5453 interrogavit
1808 5401 1953 5450 eum,
1997 5387 2079 5442 di-

491 5451 641 5530 'eens
675 5494 688 5531 :
723 5475 844 5530 Non
889 5477 1185 5545 respondes
1234 5477 1572 5546 quidquam?
1619 5451 1746 5532 Vide
1781 5479 1835 5532 in
1861 5482 2079 5549 quantis

511 5578 565 5622 te
596 5578 886 5624 accusant.
919 5567 1076 5625 Jcsus
1107 5580 1284 5625 autem
1336 5569 1568 5639 amplius
1605 5570 1738 5626 nihil
1779 5575 2077 5640 restiondit,

511 5661 585 5714 ita
629 5662 1006 5716 utmiraretur
1063 5659 1288 5718 Pilatus.
1337 5660 1444 5718 Per
1487 5663 1628 5718 diem
1665 5675 1844 5718 autem
1880 5663 2075 5720 festum

511 5752 724 5807 solebat
758 5753 1027 5808 dimittere
1059 5753 1164 5811 illis
1207 5769 1375 5810 unum
1405 5770 1470 5811 ex
1513 5756 1743 5823 vinctis,
1778 5773 2077 5826 quemcun-

2185 4557 2242 4604 ul
2271 4549 2554 4604 Mattltaeus
2584 4548 2721 4603 dixit
2756 4563 2769 4600 :
2807 4545 2958 4600 Nihil
3005 4547 3102 4600 tibi
3145 4555 3193 4598 et
3234 4546 3390 4613 justo
3426 4543 3510 4596 illi
3540 4535 3738 4608 (Matth.

2180 4657 2352 4706 xxm,
2393 4638 2818 4711 l9),res‘pondit,
2865 4639 3004 4706 Quid
3037 4638 3180 4693 enim
3215 4639 3352 4692 mali
3388 4636 3564 4691 fecit?
3614 4629 3734 4702 quod

2183 4737 2436 4802 dicendo,
2469 4735 2656 4790 Jesum
2686 4735 2938 4789 absidvit.
2970 4733 3167 4787 Milites
3212 4732 3451 4786 induunt
3482 4743 3600 4785 eum
3630 4737 3736 4796 pur-

2181 4847 2338 4901 pura,
2370 4843 2477 4885 etc.
2507 4831 2856 4887 Vestimentis
2881 4831 2995 4884 suis
3027 4830 3277 4888 nudatur,
3310 4828 3364 4879 id
3409 4833 3496 4880 est
3537 4821 3734 4877 ludais.

2181 4921 2716 4991 Purpuraiuduirur,
2771 4923 2822 4974 id
2865 4932 2949 4975 est
3015 4919 3199 4986 gentili
3251 4917 3659 4984 Ecclesia,qua2
3683 4910 3736 4962 de

2183 5015 2423 5083 scopulis
2450 5015 2618 5067 maris
2653 5025 2738 5067 est
2791 5013 3039 5066 collecta.
3079 5013 3209 5065 Item
3239 5027 3298 5064 ea
3355 5009 3742 5063 scandalirante

2181 5117 2373 5160 exutus
2439 5105 2493 5158 iu
2555 5104 2696 5167 fine,
2747 5103 2966 5156 Judaica
3026 5119 3237 5154 rursum
3297 5101 3547 5154 induitur
3584 5095 3737 5168 plebe.

2181 5200 2308 5255 Cum
2342 5200 2478 5251 enim
2511 5200 2790 5252 intraverit
2829 5197 3096 5265 plenitudo
3129 5195 3392 5265 gentium,
3442 5204 3565 5246 tunc
3592 5191 3740 5243 onuu's

2183 5291 2358 5346 Israel
2386 5291 2561 5345 salvus
2588 5293 2684 5344 erit
2715 5289 2886 5359 (Rom.
2922 5303 2997 5353 ιι,
3027 5287 3141 5355 25).
3175 5287 3240 5340 Et
3268 5287 3552 5339 adducunt
3610 5281 3738 5334 illum

2183 5396 2242 5438 ut
2272 5383 2654 5453 crucitigerent
2676 5398 2821 5436 eum.
2855 5380 2951 5434 llic
2977 5381 3227 5435 educitur
3253 5379 3394 5433 Abel
3436 5380 3490 5432 in
3515 5371 3688 5444 agrum
3715 5384 3740 5421 ι

2182 5476 2374 5540 fratre,
2409 5487 2465 5529 ut
2497 5475 2794 5544 perimatur
2832 5490 2846 5528 :
2886 5473 2977 5526 hic
3025 5474 3182 5526 adest
3215 5471 3379 5524 Isaac
3413 5484 3537 5521 cum
3579 5461 3736 5532 lignis,

2183 5567 2540 5622 etAhraham
2598 5581 2721 5620 cunt
2783 5565 2952 5619 ariete
3009 5563 3061 5616 in
3120 5561 3618 5617 Sabechhrerente.
3655 5554 3738 5606 llic

2185 5661 2338 5717 adest
2366 5659 2564 5730 Joseph
2601 5673 2723 5713 cum
2751 5657 2898 5712 fasce
2925 5657 3133 5728 gremio
3162 5655 3463 5716 somniato,
3494 5661 3548 5706 et
3577 5649 3733 5703 tunica

2182 5753 2341 5810 talari
2379 5753 2643 5823 sanguine
2678 5751 2796 5807 lita.
2838 5747 2937 5806 Hic
2975 5749 3134 5807 adest
3163 5747 3377 5818 Moyses
3408 5762 3531 5801 eum
3582 5742 3732 5806 virga.
