3946 6206
293 354 392 418 661

1400 359 1810 424 κχροειτιο
1855 364 1938 425 ΙΝ
1977 365 2039 429 S.
2082 365 2438 429 MARCUM.

3440 365 3549 431 662

294 476 354 522 et
379 472 634 535 serpente
673 478 942 536 suspenso
969 467 1022 521 in
1061 467 1234 537 ligno.
1281 467 1378 524 llic
1407 471 1564 527 adest
1595 472 1788 529 bon-us
1812 474 1864 530 in
1896 482 1942 537 Α
1969 484 2052 530 est
2082 475 2365 544 Ecclesia;
2401 489 2522 547 qua:
2543 475 3019 532 dividunturinter
3050 475 3249 530 milites
3277 475 3541 546 gentium,

293 559 450 627 ligno
504 567 778 628 portatus.
839 557 942 614 llic
980 561 1137 618 adest
1187 561 1412 618 Elisaeus
1453 579 1578 619 cum
1614 565 1762 636 ligno
1805 567 1872 621 ad

1975 577 2034 622 ut
2072 567 2186 622 sint
2226 577 2466 637 quatuor
2505 568 2726 622 ordines
2755 583 2878 622 cum
2909 582 3016 621 una
3050 568 3176 632 llde,
3204 567 3256 622 id
3283 577 3384 634 est,
3415 582 3550 622 con-

295 651 648 716 quaerendam
679 650 940 715 securim,
974 667 1096 721 qua:
1125 653 1177 708 in
1222 655 1331 709 ima
1379 654 1630 711 demersa
1669 665 1772 720 est,
1818 665 1875 713 et
1967 657 2139 726 jngati
2169 665 2225 711 et
2253 656 2484 723 viduati,
2509 656 2782 726 praepositi
2814 667 2870 712 et
2896 659 3130 726 separati
3161 659 3372 712 :sortiti
3403 657 3547 712 tuni-

296 741 504 794 natavit
537 739 606 794 ad
638 739 865 807 lignum,
905 741 957 796 id
981 753 1068 798 est
1125 760 1295 814 genus
1320 746 1612 800 humanum
1635 763 1651 802 :
1675 748 1816 818 quod
1840 762 1871 802 a

305 829 456 900 ligno
479 829 646 885 vetito
675 831 732 883 in
755 831 1028 887 infcrnu
1062 835 1282 897 cecidit,
1330 850 1424 905 per
1453 837 1663 906 lignum
1692 839 1873 893 crucis

296 916 528 976 Christi.
559 933 618 970 et
645 933 743 988 per
775 921 1104 989 baptismum
1137 938 1319 992 aquai,
1342 925 1410 980 ad
1443 927 1752 995 paradisum
1775 942 1874 982 nao

301 1007 458 1060 tavit.
519 1004 619 1061 llic
677 1010 834 1064 adest
860 1007 1051 1073 Jonas,
1093 1012 1160 1067 de
1187 1013 1336 1080 ligno
1386 1015 1552 1070 sortis
1597 1015 1652 1069 in
1699 1029 1871 1080 mare,

298 1093 358 1150 in
392 1107 751 1166 ventremque
769 1097 874 1152 ceti
900 1099 1082 1155 triduo
1120 1101 1342 1157 missus.

381 1202 398 1234 ι
448 1184 514 1237 Ει
543 1186 962 1254 angariaverunt
986 1199 1404 1257 praetereuntem
1439 1195 1750 1263 quempiam
1783 1195 1874 1249 Si-

301 1292 518 1332 monem
546 1275 887 1348 Cyrencum,
915 1282 1218 1336 venientem
1237 1283 1306 1338 de
1331 1284 1473 1348 villa.
1501 1297 1714 1355 patrem
1749 1289 1875 1343 Ale-

302 1368 496 1418 xandri
529 1377 584 1418 et
620 1365 762 1429 Ruﬁ,
813 1377 872 1421 ut
910 1370 1122 1428 tolleret
1157 1386 1374 1428 crucem
1404 1374 1546 1445 ejus.
1580 1376 1645 1430 Et
1679 1379 1878 1446 perdu-

299 1466 433 1511 cunt
461 1455 608 1510 illum
649 1457 702 1510 in
737 1458 1003 1528 Golgotba
1037 1461 1237 1530 locum,
1266 1467 1411 1534 quod
1440 1476 1525 1522 est
1549 1468 1874 1545 interpreta-

300 1553 438 1606 tum,
467 1546 732 1602 Calvaria:
759 1549 929 1604 locus.
964 1568 983 1602 ι
1018 1552 1127 1607 Alii
1152 1568 1248 1622 per
1275 1557 1470 1610 merita
1498 1570 1715 1627 patrum
1747 1574 1874 1615 suo-

300 1652 422 1690 rum
452 1654 946 1696 commemorantur
978 1661 993 1696 :
1021 1644 1110 1698 alii
1141 1661 1240 1715 per
1267 1649 1462 1704 merita
1488 1651 1722 1706 ﬁliorum
1746 1666 1875 1708 suo-

300 1743 448 1782 rum.
490 1729 588 1784 llic
640 1744 820 1786 autem
870 1733 1084 1802 Simon,
1130 1740 1223 1805 qui
1275 1755 1496 1796 crucem
1548 1743 1602 1796 in
1649 1744 1870 1814 angaria

1972 763 2092 802 cam
2153 745 2475 812 indivisam,
2508 761 2634 815 qua
2658 756 2742 802 est
2770 762 2872 816 pax
2912 756 2968 802 et
2999 748 3200 814 unitas,
3245 749 3547 804 inconsuti-

1973 838 2037 892 lis
2079 837 2133 891 in
2171 839 2392 892 modum
2430 838 2618 893 annuli
2658 837 2877 907 regalis.

2047 947 2067 981 ι
2113 929 2242 983 Erat
2264 938 2444 984 autem
2478 930 2610 984 liora
2638 931 2818 995 tertia,
2844 939 2904 985 et
2929 929 3318 985 cruciﬁxerunt
3343 946 3491 987 eam.
3523 949 3542 982 ι

1973 1021 2086 1076 Hoc
2112 1036 2240 1076 vero
2263 1033 2318 1075 et
2347 1022 2567 1089 proprie
2589 1019 2800 1076 Marcus
2827 1021 3012 1076 intulit
3042 1038 3058 1077 :
3088 1038 3211 1076 nam
3240 1034 3390 1077 sexta
3416 1023 3550 1077 hora

1974 1113 2216 1168 tenebrat
2248 1111 2588 1170 sulluderunt
2634 1123 2858 1176 terram,
2891 1127 2948 1168 ut
2982 1130 3090 1168 non
3123 1115 3246 1183 quis
3285 1117 3550 1184 potuisset

1975 1218 2194 1258 movere
2228 1216 2412 1274 caput.
2448 1203 2492 1257 A
2529 1204 2807 1260 tricesimo
2835 1221 3076 1274 namque
3111 1206 3290 1260 fructu
3332 1205 3551 1262 Marcus

1972 1292 2225 1348 ascendit
2251 1296 2319 1347 ad
2346 1293 2725 1359 centesimum,
2751 1294 2803 1348 id
2831 1305 2936 1361 est,
2961 1310 2993 1349 a
3023 1294 3180 1352 tertia
3207 1297 3338 1350 liora
3367 1298 3548 1353 crucis

1973 1399 2146 1454 usque
2171 1384 2239 1439 ad
2270 1384 2484 1438 tertiam
2514 1385 2936 1440 resurrectionis
2962 1396 3088 1456 post
3115 1397 3228 1441 tres
3256 1385 3393 1441 dies.
3424 1385 3550 1443 Trio

1971 1476 2213 1530 (esimus
2246 1475 2455 1530 fructus
2518 1484 2602 1529 est
2636 1475 2692 1530 in
2722 1491 2884 1532 cruce
2918 1493 2937 1535 :
2967 1477 3344 1546 sexagesimus
3373 1477 3426 1532 in
3461 1478 3547 1532 in-

1975 1566 2130 1621 ferno
2167 1585 2182 1622 :
2217 1567 2547 1620 centesimus
2579 1565 2636 1619 in
2668 1567 2939 1636 paradiso.

2053 1676 2072 1710 ο
2115 1656 2180 1711 Et
2223 1668 2343 1712 erat
2382 1656 2572 1711 titulus
2600 1669 2779 1711 causa
2807 1658 2925 1725 eius
2954 1655 3271 1726 inscriptus,
3304 1657 3418 1712 ilex
3449 1657 3548 1712 luo

1974 1746 2236 1802 (imorum.
2267 1765 2288 1799 ο
2316 1747 2472 1814 Quod
2501 1749 2552 1802 in
2581 1749 2758 1802 titulis
2798 1758 3134 1817 pnnnotatur
3159 1749 3498 1803 Psalmorum
3527 1766 3543 1804 :

299 1833 504 1890 portat,
543 1825 755 1880 meritis
793 1827 1028 1884 ﬁliorum
1069 1846 1322 1896 suorum,
1356 1835 1448 1903 qui
1485 1845 1646 1891 erant
1706 1837 1870 1892 disci-
1904 1823 1945 1878 Β
1982 1837 2069 1892 ιιιι
2092 1839 2338 1892 linemue
2354 1851 2727 1906 corrumpas.»
2762 1839 2829 1892 Et
2851 1839 2953 1893 hoc
2979 1839 3150 1893 tribus
3175 1837 3370 1908 linguis
3398 1857 3412 1895 :
3441 1838 3551 1892 lla.

299 1913 436 1980 puli,
464 1928 942 1972 conuuemoratur.
977 1920 1079 1974 Per
1111 1920 1216 1977 hoc
1251 1939 1351 1979 nos
1383 1923 1438 1980 in
1475 1927 1728 1994 przesenti
1757 1928 1869 1982 vita

302 2005 680 2072 admonemur,
707 2019 959 2077 parentes
982 2011 1225 2081 adjuvari
1251 2030 1346 2084 per
1369 2026 1619 2070 natorum
1651 2033 1870 2073 suorum

299 2099 653 2167 sapientiam,
694 2109 751 2154 ut
783 2103 1019 2172 populus
1059 2101 1342 2171 Judaicus,
1377 2117 1597 2177 propter
1639 2109 1872 2178 patriar-

303 2187 554 2251 charum,
591 2202 646 2243 et
691 2193 1106 2261 prophetarum,
1147 2206 1196 2250 et
1242 2200 1609 2266 apostolorum
1655 2201 1872 2266 merita,

304 2295 523 2346 semper
558 2293 1039 2340 commemoratur.
1086 2285 1162 2342 De
1206 2290 1567 2344 ainaritudine
1602 2293 1746 2346 enim
1785 2308 1873 2345 ra-

305 2371 441 2425 dicis
482 2375 655 2444 surgit
695 2375 926 2432 dulcedo
957 2377 1133 2433 olivae.
1168 2380 1323 2436 Unde
1354 2398 1450 2450 per
1480 2381 1776 2440 Jereiuiam
1806 2383 1872 2439 ad

304 2462 543 2520 Iudaeam
571 2468 769 2522 d:citur
803 2485 818 2523 :
853 2467 1061 2524 Olivam
1091 2471 1322 2538 uberem,
1354 2475 1652 2540 pulchram,
1680 2477 1875 2547 fructi-

307 2555 499 2624 ἴσαντι,
533 2558 820 2625 speciosam
851 2564 1052 2616 vocavit
1085 2563 1338 2618 Dominus
1367 2581 1552 2620 nomen
1583 2577 1730 2622 tuum
1764 2565 1877 2637 (Je-

309 2665 441 2703 rrnt.
483 2667 559 2712 ιι,
581 2653 691 2722 lli).
714 2650 780 2706 Ut
803 2654 1012 2708 tolleret
1037 2671 1254 2710 crucem
1278 2662 1416 2725 ejus.
1441 2656 1574 2711 Dum
1598 2659 1871 2728 legerent:

312 2737 628 2796 Maledicta;
665 2745 843 2806 omnis
885 2749 972 2815 qui
1005 2747 1191 2814 pendet
1237 2748 1292 2800 in
1332 2747 1476 2817 ligno
1521 2748 1705 2822 (Deut.
1757 2765 1869 2817 xxt,

307 2831 428 2898 23),
476 2831 652 2889 factus
683 2848 765 2890 est
799 2838 1140 2902 maledictus,
1174 2847 1232 2892 ut
1264 2839 1470 2896 tolleret
1505 2841 1870 2896 maledictum.

307 2921 500 2978 Simon
538 2927 627 2996 qui
659 2937 837 2995 portat
865 2945 1080 2984 crucem
1115 2931 1167 2984 in
1213 2933 1462 3000 auguria,
1526 2933 1641 3002 ipse
1674 2945 1757 2989 est
1783 2936 1874 3004 qui

311 3017 526 3071 laborat
571 3034 668 3086 pro
717 3020 876 3076 laude
913 3022 1168 3076 linniana.
1204 3023 1416 3093 Cogunt
1453 3041 1578 3078 eum
1631 3027 1876 3082 homines

310 3110 437 3163 huic
471 3109 669 3178 labori,
697 3127 861 3181 quem
891 3130 995 3167 nou
1032 3116 1176 3186 cogit
1218 3116 1380 3172 timor
1418 3125 1472 3171 et
1511 3117 1727 3172 dilectio
1756 3117 1873 3174 Dei.

305 3200 427 3270 Ipsa
463 3203 670 3271 species
703 3204 905 3272 crucis,
947 3208 1077 3276 quid
1119 3217 1204 3263 est
1242 3209 1348 3264 nisi
1393 3209 1567 3264 forma
1619 3211 1880 3279 quadrata

305 3291 536 3345 mundi?
579 3293 774 3348 Oriens
806 3296 872 3349 de
917 3299 1120 3351 vertice
1153 3298 1387 3368 fulgens,
1436 3299 1641 3354 Arcton
1693 3301 1878 3355 dextra

307 3391 488 3438 tenet:
509 3385 703 3438 Auster
725 3386 778 3439 in
800 3385 937 3440 lzeva
951 3388 1202 3442 consistit
1229 3410 1242 3444 :
1265 3387 1536 3444 Occidens
1558 3389 1658 3443 sub
1683 3388 1882 3459 plantis

312 3475 577 3535 ﬁrmatur.
605 3476 756 3532 Unde
777 3480 1069 3548 Apostolus
1092 3480 1227 3536 dicit
1251 3497 1267 3534 :
1300 3479 1368 3535 Ut
1388 3483 1644 3544 sciamus,
1667 3496 1783 3548 qua:
1811 3480 1880 3534 sit

307 3565 560 3630 altitudo,
573 3575 624 3620 et
639 3567 946 3632 latitudo,et
965 3567 1308 3639 longitudo,et
1324 3573 1644 3640 profundum
1662 3569 1878 3639 (Ep/tes.

307 3672 394 3722 tu,
418 3657 923 3733 l8).Av_es,quando
939 3662 1121 3716 volant
1139 3663 1202 3716 ad
1224 3661 1882 3728 mheraJormamcrucis

307 3762 594 3808 assumunt
619 3771 634 3810 :
661 3755 822 3808 homo
851 3766 1048 3810 natans
1073 3771 1168 3825 per
1187 3770 1381 3824 aquas,
1400 3755 1480 3809 vel
1503 3769 1690 3819 orans,
1708 3753 1880 3810 forma

309 3845 490 3900 crucis
526 3845 758 3900 vehitur.
791 3845 955 3901 Navis
991 3863 1083 3915 per
1121 3847 1313 3916 maria,
1344 3857 1585 3902 antenua
1619 3848 1770 3903 cruci
1804 3848 1882 3902 si-

310 3933 497 3989 milata
537 3935 809 3990 sulﬁatur.
845 3935 886 3990 T
914 3937 1120 4003 littera,
1153 3938 1368 4006 signum
1398 3940 1593 3994 salutis
1623 3949 1678 3995 et
1705 3939 1883 3994 crucis

307 4024 660 4080 describitur.
704 4027 770 4082 Et
807 4028 1107 4097 perducunt
1148 4042 1274 4083 eum
1310 4028 1363 4083 in
1410 4028 1697 4100 Golgotba,
1739 4032 1880 4100 quod

309 4119 699 4186 interpretatur
745 4118 1018 4175 Calvaria.
1058 4118 1303 4174 Tradunt
1341 4119 1534 4188 Judaei,
1569 4121 1788 4191 quando
1829 4123 1880 4177 in

307 4212 416 4265 hoc
450 4213 649 4265 montis
690 4208 808 4264 loco
842 4210 1153 4265 immolatus
1195 4219 1280 4265 est
1321 4212 1465 4266 aries
1497 4226 1592 4280 pro
1620 4211 1794 4274 Isaac,
1826 4220 1886 4264 ut

305 4303 380 4355 ibi
407 4301 724 4367 decolletur,
754 4301 804 4355 id
843 4312 946 4368 est,
975 4300 1229 4357 Christus
1268 4317 1298 4356 a
1329 4317 1494 4358 carne
1525 4319 1646 4368 sua,
1677 4301 1882 4357 carnali

303 4392 560 4448 videlicet
589 4391 773 4446 Judma
807 4403 1113 4464 separetur.

1975 1944 2106 1982 LACll
2138 1926 2333 1982 Jnunm
2365 1943 2382 1982 :
2418 1929 2678 1992 Βασιλεὺς
2715 1928 3126 1999 ἐξομλογητῶν
3163 1945 3180 1986 :
3222 1928 3333 1983 Rea:
3384 1932 3550 1998 con/i-

1975 2019 2216 2072 tentium.
2253 2015 2344 2071 lim
2376 2029 2486 2071 tres
2519 2019 2714 2088 lingua:
2778 2020 2828 2072 in
2859 2019 3038 2074 crucis
3069 2019 3224 2074 titulo
3249 2019 3551 2087 conjunctae

1975 2113 2122 2171 sunt,
2161 2111 2222 2158 ut
2265 2106 2444 2160 omnis
2474 2105 2658 2174 lingua
2704 2115 3097 2161 commemoret
3139 2108 3425 2176 perfidiam
3451 2105 3551 2162 .lu-

1976 2195 2240 2252 dteorum.

2051 2305 2071 2340 ι
2119 2289 2340 2343 Etcum
2365 2299 2432 2341 eo
2457 2285 2777 2356 cruciﬁgunt
2809 2285 2947 2342 duos
2980 2286 3223 2342 latrones
3264 2304 3280 2348 ;
3320 2301 3483 2342 unum
3519 2303 3548 2346 a

1977 2381 2204 2448 dextris,
2229 2389 2284 2436 et
2309 2382 2472 2436 alium
2491 2395 2520 2434 a
2542 2380 2778 2434 sinistris
2800 2380 2939 2448 ejus.
2964 2381 3028 2435 Et
3055 2380 3272 2451 impleta
3297 2390 3379 2436 est
3399 2381 3548 2437 Scri-

1978 2486 2135 2547 ptura
2164 2489 2285 2546 qua:
2309 2473 2446 2529 dicit
2475 2489 2491 2528 :
2527 2473 2594 2528 Et
2623 2488 2747 2528 cum
2790 2472 2994 2543 iniquis
3029 2485 3313 2543 reputatus
3338 2483 3442 2530 est.
3483 2472 3551 2527 Et

1977 2577 2376 2639 praetereuntes
2401 2567 2858 2634 blasphemabant
2883 2581 3028 2630 eum,
3062 2576 3343 2621 moventes
3370 2565 3548 2634 capita

1981 2676 2100 2727 sua,
2129 2669 2183 2716 et
2218 2659 2489 2715 dicentes:
2521 2656 2656 2720 Vah,
2689 2657 2779 2727 qui
2813 2657 3041 2712 destruit
3083 2658 3363 2726 templum,
3397 2667 3452 2711 et
3491 2657 3546 2710 in

1986 2754 2159 2808 tribus
2185 2753 2377 2808 diebus
2405 2751 2716 2808 remdiﬁcat.
2754 2750 2976 2804 Salvum
3007 2750 3094 2804 fac
3134 2751 3388 2818 teipsum,
3451 2751 3550 2803 de-

1983 2845 2250 2900 scendens
2270 2843 2340 2900 de
2373 2857 2556 2898 cruce.
2593 2841 2855 2897 Similiter
2887 2850 2942 2894 et
2974 2841 3172 2894 summi
3206 2839 3549 2904 sacerdmes.

1984 2935 2270 2991 illudentes
2317 2935 2381 2988 ad
2430 2933 2780 2994 alterutrum,
2826 2946 2950 2986 cum
2997 2929 3189 2984 scribis
3235 2931 3486 2984 dicebant
3535 2945 3550 2984 :

1983 3029 2133 3082 Alios
2156 3026 2336 3080 salvos
2359 3025 2510 3090 fecit,
2539 3025 2776 3093 seipsum
2797 3039 2902 3077 non
2922 3033 3092 3091 potest
3116 3021 3323 3075 salvum
3351 3020 3550 3076 facere.

1982 3116 2232 3171 Christus
2262 3130 2351 3168 rex
2381 3113 2548 3168 lsrael
2571 3113 2864 3167 descendat
2893 3127 3036 3165 nunc
3068 3113 3134 3166 de
3165 3126 3349 3177 cruce,
3385 3123 3440 3164 ut
3475 3111 3554 3164 vi-

1985 3207 2211 3262 deamus
2239 3213 2295 3260 et
2317 3205 2626 3260 credamus.
2651 3203 2714 3258 Et
2741 3203 2832 3272 qui
2865 3218 2987 3257 cum
3017 3217 3084 3258 eo
3104 3203 3349 3257 cruciﬁxi
3373 3213 3552 3268 erant,

1983 3295 2426 3351 conviciabantur
2469 3295 2536 3348 ei.
2590 3294 2658 3348 Et
2709 3293 2850 3348 facta
2895 3293 3025 3347 hora
3094 3304 3272 3358 sexta,
3319 3296 3555 3348 tenebrae

1983 3387 2139 3442 facta:
2167 3396 2296 3441 sunt
2341 3401 2435 3457 per
2479 3395 2645 3440 tatam
2682 3395 2882 3440 terram
2932 3400 3102 3454 usque
3135 3386 3187 3438 in
3243 3387 3428 3438 horam
3463 3401 3557 3437 no-
3633 3405 3638 3409 ν

1984 3493 2132 3532 nam.
2173 3496 2194 3530 ι
2236 3477 2372 3534 Cum
2412 3477 2614 3547 iniquis
2654 3480 2861 3531 veritas
2890 3478 3140 3545 deputata
3176 3494 3190 3531 :
3230 3491 3395 3530 unum
3428 3477 3559 3530 rel't-

1983 3569 2100 3639 quit
2142 3568 2450 3633 sinistrum,
2502 3569 2732 3624 alterum
2776 3568 3004 3622 assumit
3046 3569 3299 3624 dextrum
3350 3586 3364 3623 :
3415 3569 3558 3622 sicut

1985 3663 2037 3716 in
2073 3662 2162 3716 die
2185 3660 2379 3730 judicii
2412 3660 2575 3715 faciet
2622 3677 2638 3714 :
2680 3675 2744 3715 ex
2775 3660 2939 3714 simili
2979 3660 3229 3722 crimine,
3261 3659 3556 3712 dissimiles

1982 3753 2285 3808 sortiuntur
2319 3751 2476 3808 lines.
2503 3753 2652 3806 Alter
2677 3752 2945 3805 antecedit
2976 3748 3192 3804 Petrum
3227 3749 3281 3802 in
3343 3751 3556 3815 paradi-

1984 3859 2129 3908 sum,
2171 3842 2305 3898 alter
2348 3840 2544 3896 Judam
2592 3841 2644 3895 iu
2691 3839 2985 3895 infernum.
3024 3839 3304 3894 Confessio
3350 3839 3550 3902 brevis.

1985 3936 2148 3988 vitam
2171 3932 2458 4003 acquisivit
2480 3934 2697 4001 longam
2726 3948 2740 3984 :
2765 3939 2817 3986 et
2842 3930 3175 3998 blasphemia
3200 3931 3370 3994 ﬁnita,
3397 3944 3557 3999 poma

1986 4025 2241 4093 plectitur
2271 4033 2494 4078 aeterna.
2532 4021 2629 4076 llic
2657 4021 2835 4091 pullus
2863 4019 3016 4076 ludas
3055 4021 3258 4091 ligatur
3291 4025 3358 4075 ad
3395 4022 3556 4076 vitem

1985 4115 2139 4184 (Gen.
2163 4125 2309 4178 sntx,
2338 4113 2446 4185 ll).
2472 4115 2572 4167 ilic
2600 4110 2946 4176 ἁναϐόλαιον,
2976 4110 3026 4165 id
3059 4120 3140 4165 est
3170 4111 3414 4181 pallium,
3448 4112 3558 4166 tin-

1985 4209 2129 4279 gitur
2155 4207 2210 4260 in
2240 4206 2508 4276 sanguine
2537 4218 2653 4258 uvae
2700 4217 2717 4258 :
2767 4201 2856 4256 hic
2892 4201 3098 4256 lacerat
3139 4203 3274 4257 inedi
3316 4203 3553 4256 vincant.

1984 4299 2430 4369 Blasphemantes
2460 4309 2607 4358 eum,
2634 4302 2689 4349 et
2718 4301 2999 4347 moventes
3027 4291 3203 4362 capita
3235 4307 3353 4346 sua.
3383 4293 3558 4347 Emit-

1987 4392 2120 4445 titur
2152 4391 2203 4442 in
2236 4388 2412 4458 capita
2444 4385 2759 4455 iniquorum
2792 4399 2959 4450 mors,
2988 4382 3212 4453 quando
3245 4385 3560 4439 excitantur

379 4503 405 4538 ι
451 4484 517 4539 Et
545 4483 747 4538 dabant
775 4484 825 4539 ei
855 4469 1042 4538 bibere
1077 4483 1411 4554 myrrbatum
1444 4485 1655 4551 vinum,
1685 4493 1739 4538 ct
1768 4499 1878 4538 non
1916 4479 1957 4534 D
1991 4479 2200 4532 vincula
2233 4476 2451 4541 inferni,
2488 4489 2658 4544 usque
2684 4475 2748 4525 ad
2783 4473 3078 4539 cervicem,
3113 4473 3205 4543 qui
3258 4485 3339 4527 cst
3371 4475 3559 4527 cervix

305 4577 541 4645 accepit.
575 4575 637 4628 Et
679 4576 1060 4643 cruciﬁgentes
1093 4589 1241 4628 eum.
1282 4593 1300 4626 ι
1337 4573 1451 4631 Hoc
1485 4586 1641 4631 aceto
1682 4590 1882 4630 succus

304 4668 528 4722 lethalis
553 4665 697 4735 pomi
722 4667 1072 4736 ahstergitur.
1099 4667 1163 4722 Et
1189 4683 1296 4722 non
1322 4667 1551 4733 accepit,
1576 4667 1626 4721 id
1653 4681 1752 4737 pro
1773 4680 1884 4735 quo

303 4761 534 4830 patitur.
568 4757 723 4813 Unde
752 4758 819 4812 de
848 4773 912 4813 eo
941 4759 1141 4813 dicitur
1177 4777 1191 4812 :
1243 4759 1376 4824 Qua
1415 4774 1518 4812 non
1554 4759 1728 4826 rapui,
1759 4767 1882 4809 tunc

304 4850 635 4906 exsolvebam
659 4849 824 4919 (Psal.
861 4849 1136 4916 t.xvnt,5).
1169 4849 1234 4904 Et
1265 4851 1582 4920 cruciﬁgqu
1604 4865 1750 4904 eum.
1781 4847 1884 4902 Hic

307 4947 494 5014 figitur
518 4942 665 4998 salus
698 4943 753 4997 in
786 4942 952 5012 ligno,
990 4943 1137 5013 ligno
1181 4943 1356 5012 primo
1399 4943 1561 4996 iulixa
1598 4949 1682 4998 est
1715 4955 1879 4995 mors.

306 5036 537 5106 Lignum
568 5036 824 5104 primum,
858 5036 1057 5107 lignum
1084 5035 1329 5090 scientiae
1358 5036 1485 5091 boni
1535 5043 1589 5090 et
1615 5037 1739 5091 mali
1775 5046 1879 5092 est.

308 5126 376 5180 Et
419 5126 718 5180 secundum
753 5124 957 5194 lignum
993 5124 1119 5178 boni
1169 5133 1378 5178 tantum
1427 5125 1601 5189 nobis,
1650 5134 1706 5180 et
1757 5125 1881 5182 vita:

308 5218 518 5286 lignum
542 5224 644 5270 est.
671 5214 930 5269 Extensio
961 5228 1150 5266 manus
1174 5213 1361 5281 prima:
1385 5213 1452 5266 ad
1476 5213 1705 5283 lignum,
1732 5228 1882 5268 mor-

311 5319 421 5363 tem
456 5306 810 5376 apprehendit
855 5320 872 5360 :
919 5305 1165 5361 extensio
1197 5314 1373 5359 autem
1405 5306 1677 5370 secundae,
1713 5304 1877 5359 vitam

305 5398 453 5468 (quae
493 5395 746 5465 perierat)
779 5395 1006 5450 invenit.
1089 5393 1260 5464 Ligno
1317 5393 1419 5448 hoc
1481 5395 1734 5450 vehimur
1783 5411 1880 5465 per

307 5502 460 5542 mare
487 5485 758 5540 undosum
793 5485 858 5539 ad
887 5495 1084 5541 terram
1117 5485 1437 5540 viventium.

387 5593 407 5628 r
454 5575 765 5630 Diviserunt
807 5577 1125 5630 vestimenta
1175 5577 1315 5648 ejus,
1349 5577 1626 5632 mittentes
1670 5585 1874 5650 sortem

304 5679 469 5735 super
493 5663 574 5718 eis
601 5679 618 5719 :
643 5666 768 5734 quis
797 5666 940 5735 quod
970 5667 1198 5721 tolleret.
1229 5685 1247 5718 ι
1278 5665 1611 5722 Vestimenta
1640 5668 1876 5736 Domini,

305 5757 426 5830 ejus
452 5757 700 5813 mandata
729 5766 874 5829 sunt,
905 5761 1102 5830 quibus
1128 5761 1325 5832 tegitur
1348 5774 1541 5831 corpus
1564 5761 1703 5833 ejus,
1732 5766 1872 5833 quod

1987 4570 2203 4640 generis
2245 4569 2488 4624 humani.
2534 4563 2812 4620 Descende
2855 4563 2924 4618 de
2969 4578 3132 4618 cruce
3183 4581 3196 4617 :
3244 4579 3312 4618 ne
3352 4563 3558 4619 faceret

1985 4663 2216 4716 salutem
2283 4674 2444 4728 quam
2489 4656 2791 4710 inchoarat.
2827 4655 2889 4707 Et
2936 4656 3186 4708 viderunt
3228 4665 3416 4724 postea
3470 4671 3555 4707 re-

1987 4764 2300 4824 surgentem
2329 4751 2397 4805 de
2429 4748 2702 4817 sepulcro,
2729 4762 2886 4814 quem
2920 4746 2986 4801 de
3020 4749 3196 4802 crucis
3225 4747 3556 4800 descendere

1983 4859 2093 4900 non
2122 4840 2415 4896 credebant
2448 4854 2606 4908 posse
2636 4837 2898 4906 patibulo.
2935 4837 3038 4893 Ubi
3071 4848 3174 4902 est,
3202 4837 3394 4901 Judaei,
3428 4838 3552 4890 inii-

1984 4936 2180 4989 delitas
2203 4929 2415 4986 vestra?
2435 4929 2631 4985 Adhuc
2649 4931 2714 4983 de
2737 4929 2859 4982 vivo
2884 4929 3163 4992 dicebatis,
3193 4925 3247 4981 Si
3276 4944 3363 4982 rex
3390 4927 3554 4980 lsrael

1985 5035 2088 5090 est,
2115 5022 2408 5078 descendat
2429 5023 2494 5075 de
2515 5033 2698 5075 cruce.
2721 5017 2829 5072 Vos
2848 5020 2994 5088 ipsos
3019 5018 3262 5081 consulo,
3288 5033 3382 5071 vos
3407 5020 3552 5086 ipsos

1979 5117 2239 5189 judicium
2282 5123 2403 5184 peto
2443 5128 2459 5166 :
2518 5117 2721 5181 quanto
2772 5109 3078 5164 mirabilius
3120 5118 3226 5170 est,
3277 5118 3548 5161 mortuum

1982 5224 2145 5279 posse
2177 5219 2482 5277 resurgere,
2514 5218 2675 5272 quam
2707 5203 2884 5254 adhuc
2910 5200 3090 5252 vivum
3125 5199 3187 5252 de
3221 5214 3382 5253 cruce
3412 5201 3549 5254 velle

1981 5302 2314 5356 chC'Jldel'O
2343 5298 2372 5358 ι,
2396 5295 2566 5349 Parva
2599 5294 2832 5364 petistis,
2865 5292 2990 5346 dum
3038 5291 3240 5359 majora
3287 5306 3549 5358 provene-

1980 5395 2109 5447 rint.
2144 5390 2248 5446 Sed
2283 5388 2573 5444 inﬁdelitas
2610 5397 2788 5440 vestra
2819 5399 2926 5437 non
2957 5383 3131 5452 potuit
3161 5383 3343 5436 sanari
3377 5383 3546 5454 signis

1980 5482 2152 5537 multo
2181 5480 2519 5542 fortioribus,
2553 5491 2714 5547 quam
2749 5475 2978 5542 petistis.
3014 5475 3110 5528 llic
3140 5489 3331 5529 omnes
3373 5476 3546 5529 decli-

1980 5583 2266 5638 naverunt,
2295 5571 2454 5627 simul
2483 5569 2700 5624 inutiles
2733 5567 2857 5621 facti
2890 5575 3033 5620 sunt.
3066 5564 3224 5620 Facta
3260 5568 3388 5619 hora
3419 5582 3544 5621 sex-

1981 5676 2056 5733 ta,
2093 5665 2332 5722 tenebrae
2357 5663 2510 5718 facta:
2533 5669 2661 5715 sunt
2688 5675 2780 5730 per
2815 5670 2979 5714 totam
3014 5668 3236 5713 terram.
3262 5657 3361 5712 llic
3388 5663 3544 5714 adest

1978 5763 2114 5829 Νοδ,
2161 5756 2463 5816 inebriatus
2506 5769 2572 5813 ac
2611 5754 2878 5824 nudatus,
2919 5756 3057 5811 coelo
3100 5764 3151 5811 ct
3195 5764 3334 5810 terra
3376 5755 3542 5826 pallio
