3946 6206
442 334 550 399 653

1375 340 1434 403 S.
1472 340 1912 404 HIERONYMI
1955 343 2279 406 OPERUM
2318 343 2728 408 MANTISSA.

3577 348 3668 410 664

351 469 364 484 ο
391 528 396 535 Ι
433 457 725 510 tenebroso
749 461 951 518 tectus.
977 463 1032 511 et
1055 455 1274 514 homine
1296 458 1637 518 irrisus.liic
1653 460 1880 518 stillavit
1903 477 2031 518 san-
2055 468 2103 526 Α
2133 463 2200 516 ad
2253 460 2632 532 deponendum
2687 475 2891 531 corpus
2924 463 2977 515 in
3006 474 3420 520 monumentum
3452 484 3464 520 :
3497 470 3672 525 nobilis

434 547 557 614 guis
587 547 654 600 de
680 547 850 618 ligno.

507 657 525 690 ι
569 638 633 692 Et
670 638 800 692 hora
841 651 1004 704 nona,
1045 640 1370 694 exclamavit
1411 637 1575 695 Jesus
1620 657 1753 697 voce
1795 637 2010 709 magna,

432 735 619 787 dicens
655 751 671 787 ε
707 731 814 800 Eli,
845 732 947 800 Eli,
981 733 1182 787 lamma
1242 735 1585 801 sabartbani,
1615 738 1758 806 quod
1807 747 1892 794 est
1932 741 2016 793 in-

433 831 782 891 terpretatum
816 839 830 878 :
870 823 1024 879 Deus
1053 840 1258 890 meum
1289 827 1431 882 Deus
1463 823 1635 894 mens,
1687 831 1876 900 utquid
1929 845 2017 886 me

427 917 812 984 dereliquisti?
860 917 928 970 Et
973 917 1196 988 quidam
1242 918 1310 973 de
1359 920 1848 976 circumstantibus
1915 937 2014 976 au-

427 1006 460 1060 d
483 1017 634 1062 entes
669 1007 922 1064 dicebant
956 1025 972 1064 :
1010 1009 1153 1064 Ecce
1183 1009 1357 1064 Eliam
1387 1023 1568 1066 vocat.
1626 1011 1868 1070 Currens
1917 1028 2017 1068 au-

430 1109 538 1152 t'm
589 1114 752 1165 unus,
785 1109 840 1154 et
872 1099 1105 1170 implens
1151 1103 1436 1172 spongiam
1485 1113 1664 1170 aceto,
1709 1103 2018 1174 circumpo-

429 1203 678 1256 nensque
713 1188 946 1254 calamo,
982 1200 1166 1259 potum
1213 1191 1377 1246 dabat
1419 1193 1494 1258 ei,
1527 1193 1716 1250 dicens
1753 1212 1769 1250 :
1817 1195 2012 1259 Sinite,

430 1281 712 1335 videamus
757 1281 805 1336 si
850 1281 1038 1336 veniat
1073 1280 1220 1337 Elias
1265 1281 1333 1336 ad
1372 1283 1751 1352 deponendum
1787 1299 1936 1340 eum.
1990 1306 2011 1340 s

431 1369 568 1426 lude
594 1371 857 1426 scribitur
885 1373 1127 1442 psalmus
1158 1374 1262 1429 iste
1299 1391 1398 1443 pro
1433 1377 1812 1446 assumptione
1839 1389 2018 1433 matu-

431 1465 575 1526 tina,
611 1479 717 1533 qua
751 1464 1002 1520 Christus
1039 1466 1108 1522 ad
1153 1482 1372 1522 crucem
1414 1456 1654 1524 ducitur.
1689 1469 1861 1526 Verba
1894 1485 2016 1540 pro-

430 1555 548 1625 pria
574 1564 699 1612 sunt
722 1557 840 1612 Filii
868 1557 1105 1612 hominis
1131 1575 1146 1613 :
1174 1559 1316 1613 unde
1339 1559 1754 1631 sequiturjuxta
1770 1562 1971 1618 Lucam
1996 1575 2012 1616 ξ

434 1644 842 1701 Iumanustuas
867 1651 1172 1705 commendo
1205 1651 1450 1720 spiritum
1482 1668 1652 1707 meum
1676 1653 1829 1722 (Luc.
1862 1670 2015 1718 χχιιι,

431 1737 708 1808 46).Νυιι;ι
731 1740 862 1794 hora
883 1741 1161 1796 invenitur
1182 1757 1372 1798 eversa
1397 1745 1561 1799 domo
1583 1745 1794 1800 decima
1819 1747 2017 1802 draclta

2124 549 2370 619 decurio,
2408 561 2736 621 exspectans
2764 562 2817 608 ct
2850 552 2968 622 ipse
3003 567 3230 621 regnum
3263 555 3356 610 Dei
3389 573 3403 611 :
3436 557 3586 612 intrat
3612 561 3672 616 ad

2132 642 2389 708 Pilatum,
2424 643 2558 712 petit
2585 658 2782 712 corpus
2839 643 2991 700 Jesu.
3057 642 3259 713 Josepb
3293 651 3556 702 mercatur
3576 652 3674 705 sin-

2123 733 2345 801 donem,
2384 734 2685 789 involutum
2717 750 2922 804 corpus
2971 736 3025 791 in
3059 737 3291 793 sindone
3325 741 3471 808 ponit
3501 741 3548 794 in
3576 755 3674 796 mo.

2123 836 2384 880 numento
2429 827 2572 896 qttod
2625 835 2746 883 erat
2804 829 3050 882 excisum
3113 829 3181 883 de
3238 840 3412 898 petra.
3451 832 3675 888 Advulvit

2123 907 2354 986 lapidem
2397 919 2464 973 ad
2502 919 2706 974 ostium
2772 921 3137 975 monumenti.
3192 919 3374 976 Mariae
3429 925 3675 992 a~piciunt

2123 1009 2210 1063 ubi
2243 1023 2561 1079 poneretur.
2593 1010 2718 1066 llaec
2761 1011 2946 1066 omnia
2991 1023 3300 1080 congruunt
3345 1014 3411 1068 ad
3443 1014 3672 1083 populum

2119 1098 2427 1165 Judaicum,
2461 1102 2514 1156 in
2545 1102 2652 1156 fine
2683 1103 2994 1158 credentem
3031 1119 3046 1159 :
3079 1104 3173 1172 qui
3223 1105 3538 1160 nobilitatur
3564 1107 3674 1171 fide,

2122 1193 2438 1248 ntAbrabte
2469 1195 2540 1249 sit
2589 1195 2755 1251 fllius.
2809 1194 3037 1264 Deponit
3090 1185 3547 1265 despeﬁttionem,
3596 1212 3678 1252 ex-

2121 1293 2331 1350 spectat
2370 1299 2594 1354 regnum
2635 1284 2728 1340 Dei
2765 1302 2781 1343 :
2816 1286 2982 1340 intrat
3006 1285 3073 1339 ad
3100 1284 3464 1347 Christianos.
3508 1296 3562 1340 ut
3603 1287 3679 1340 ba-

2121 1376 2377 1443 ptizetnr.
2418 1375 2572 1442 Quod
2612 1377 2881 1446 significat
2911 1392 3106 1433 nomen
3136 1377 3323 1443 Pilati,
3355 1378 3406 1432 id
3454 1387 3532 1434 est
3560 1379 3678 1432 ntal-

2125 1465 2367 1532 leutoris,
2398 1467 2451 1522 id
2477 1477 2561 1523 est
2603 1469 2699 1537 qui
2753 1471 2938 1524 domat
2975 1470 3184 1524 ferreas
3217 1477 3426 1537 gentes,
3462 1477 3517 1522 nt
3546 1477 3680 1537 regat

2120 1571 2216 1612 cas
2247 1558 2298 1611 in
2321 1560 2466 1628 virga
2497 1558 2696 1625 ferrea,
2747 1569 2801 1615 et
2837 1561 2972 1628 petit
3010 1561 3342 1616 sacrificium
3380 1577 3396 1616 :
3430 1560 3568 1629 quod
3594 1561 3679 1616 do-

2121 1661 2284 1704 natur
2335 1650 2724 1720 pmuitentibus
2785 1653 2838 1706 iu
2907 1652 3017 1707 ﬁne
3073 1652 3370 1716 viaticum,
3429 1661 3482 1706 et
3537 1652 3680 1705 corde

2123 1740 2346 1808 mundo,
2374 1753 2428 1796 et
2465 1744 2700 1813 peccatis
2741 1753 2960 1798 mortuo
2991 1759 3007 1798 :
3039 1742 3271 1796 involvit
3303 1743 3358 1796 iu
3391 1745 3672 1796 munimine

437 1845 524 1884 ma
575 1848 696 1901 qua:
728 1833 985 1900 perierat.
1018 1833 1258 1891 Correus
1285 1844 1466 1891 autem
1502 1851 1641 1892 unus
1685 1853 1752 1893 ex
1789 1839 1890 1904 eis,
1927 1839 2009 1893 in-
2047 1813 2088 1868 Β
2119 1833 2268 1900 fidei,
2298 1833 2597 1889 stabilitum
2636 1835 2896 1902 operculo
2919 1835 3056 1906 spei,
3091 1847 3193 1900 per
3219 1848 3390 1902 opera
3416 1833 3680 1888 charitatis

441 1926 590 1978 venit
626 1925 1042 1980 similitudinem
1074 1941 1263 1982 eorum
1295 1931 1577 1999 sporgiam
1611 1944 1823 1994 cavam,
1860 1931 2016 1985 infir-

436 2018 866 2084 mam,aridam,
908 2018 1123 2088 ignibus
1155 2027 1337 2089 aptam
1388 2037 1404 2074 :
1459 2021 1651 2090 implet
1691 2030 1868 2088 aceto,
1912 2021 2016 2076 hoc

431 2121 518 2166 est
577 2111 782 2164 malitia
817 2121 872 2167 et
904 2110 1068 2166 dolo:
1106 2113 1171 2166 de
1208 2125 1316 2180 quo
1355 2111 1558 2168 dicitur
1609 2128 1627 2168 :
1672 2112 1924 2168 Plantae!
1969 2124 2017 2168 te

432 2204 641 2258 vineam
673 2201 891 2269 Sorech,
921 2215 971 2258 et
1004 2206 1272 2274 quomodo
1303 2221 1555 2260 conversa
1586 2222 1638 2260 es
1669 2207 1723 2259 in
1753 2207 2016 2262 amaritu-

431 2295 605 2350 dinem
650 2297 772 2350 vitis
811 2297 1043 2350 alienw?
1073 2294 1142 2348 Et
1176 2298 1472 2362 exspectavi
1521 2309 1575 2351 ut
1623 2299 1816 2368 faceret
1862 2315 2012 2364 uvas,

434 2401 481 2443 et
521 2391 647 2458 fecit
681 2391 864 2460 spinas
900 2388 1124 2460 (Jerem.
1161 2407 1220 2453 tt,
1263 2391 1370 2458 2i;
1409 2389 1524 2444 Isa.
1564 2406 1614 2452 ν.
1650 2391 1730 2456 2).

507 2483 697 2538 «Jesus
725 2494 934 2548 autem,
973 2483 1173 2538 emissa
1201 2498 1331 2537 voce
1353 2499 1569 2553 magna,
1607 2483 1920 2554 exspiravit.
1951 2483 2016 2538 Et

434 2577 611 2630 velum
645 2575 832 2643 templi
865 2578 1109 2630 scissum
1139 2585 1222 2631 est
1259 2577 1310 2630 in
1349 2576 1542 2637 duo.-a
1583 2591 1798 2631 summo
1841 2591 2015 2646 usque

394 2732 396 2734 ν
433 2668 714 2723 deorsum.
757 2666 956 2722 Videns
999 2677 1180 2720 autem
1223 2669 1501 2732 centurio;
1540 2669 1633 2738 qui
1678 2682 1743 2724 ex
1785 2669 2015 2724 adverso

433 2762 628 2820 stabat.
660 2760 784 2827 quia
815 2760 895 2814 sic
936 2759 1180 2814 clamans
1208 2759 1558 2828 exspirasset,
1590 2762 1664 2814 ait
1697 2775 1713 2815 :
1761 2759 1896 2816 Vere
1927 2761 2016 2816 hic

437 2853 600 2906 homo
659 2851 829 2906 Filius
861 2850 951 2905 Dei
981 2860 1117 2905 erat.
1157 2869 1174 2902 ι
1212 2851 1488 2906 Infirmata
1520 2852 1663 2906 enim
1694 2867 1886 2918 carne,
1907 2868 2012 2906 vox

435 2941 664 2997 invaluit
693 2940 902 3005 divina,
933 2958 1054 3012 qua:
1087 2943 1220 2997 dicit
1252 2959 1266 2997 :
1298 2943 1516 3010 Aperite
1557 2943 1686 2997 mihi
1721 2953 1902 3013 portas
1917 2945 2016 3013 ju-

437 3035 624 3099 stitiw,
657 3043 705 3088 et
745 3035 1010 3101 ingressus
1037 3034 1091 3114 in
1127 3051 1236 3098 eas,
1263 3036 1550 3103 conﬁtebor
1584 3037 1810 3091 Domino
1835 3035 2011 3106 (Psal.

2119 1929 2414 1986 concludit.
2446 1929 2597 1984 Finis
2627 1931 2770 1985 enim
2817 1932 3068 2001 praecepti
3092 1941 3169 1985 est
3213 1930 3452 1985 clturitas
3477 1929 3525 1994 (Ι
3558 1930 3676 1984 Tim.

2118 2038 2157 2087 ι,
2181 2022 2259 2092 5).
2287 2019 2694 2093 Aspilcicntibus
2727 2040 2756 2078 a
2793 2025 2950 2096 longe
2973 2025 3191 2091 electis,
3234 2025 3326 2094 qui
3365 2035 3490 2078 sunt
3532 2023 3682 2080 stellze

2119 2113 2330 2167 maris:
2365 2117 2605 2184 quando,
2639 2115 2684 2170 si
2737 2115 2852 2170 fieri
2915 2126 3115 2186 potest.
3173 2115 3678 2172 scandalizabuntur

2117 2205 2297 2259 electi.

2702 2277 2933 2333 CAPUT
2963 2277 3103 2335 XVI.

2194 2407 2214 2440 ι
2249 2387 2314 2443 Ει
2343 2397 2467 2444 c‘um
2503 2391 2790 2446 transisset
2819 2392 3130 2459 sabbatum,
3161 2394 3332 2452 Maria
3363 2397 3678 2468 Magdaleue.

2117 2489 2172 2533 et
2201 2479 2373 2534 Maria
2409 2479 2623 2547 Jacobi,
2663 2491 2720 2536 et
2779 2483 3017 2549 Salome,
3047 2497 3302 2542 emerunt
3339 2498 3598 2562 aromata,
3631 2499 3680 2540 ut

2119 2573 2400 2628 venientes
2429 2585 2700 2642 ungerent
2739 2591 2886 2631 eum.
2921 2597 2940 2631 ι
2971 2577 3125 2634 Nunc
3171 2581 3512 2636 aromatibus
3541 2582 3681 2634 redo-

2119 2664 2359 2720 lentibus
2392 2681 2514 2722 cum
2562 2683 2788 2736 sponsa,
2820 2679 2876 2723 et
2906 2670 3376 2737 adolescentibus,
3407 2687 3522 2742 quae
3568 2687 3682 2725 eur-

2120 2766 2244 2810 runt
2277 2765 2399 2827 post
2429 2773 2574 2822 eam,
2614 2760 3027 2831 conspersimus
3069 2762 3267 2818 librum
3298 2775 3356 2816 et
3392 2757 3679 2818 cubiculum

2119 2850 2320 2904 mentis
2351 2859 2574 2906 nostrae.
2607 2848 2767 2907 Nunc
2803 2853 3097 2908 introducit
3124 2870 3224 2910 nos
3263 2870 3358 2910 rex
3390 2855 3442 2909 in
3486 2852 3683 2908 cellaria

2116 2955 2236 2996 sua.
2271 2940 2428 2997 Nunc
2463 2943 2639 3012 surgit
2671 2945 2846 2998 amica
2883 2943 3078 3013 Maria,
3118 2933 3292 3003 biems
3328 2948 3485 3012 abiit,
3523 2945 3684 3014 pluvia

2117 3034 2344 3088 recessit
2376 3051 2393 3087 :
2425 3034 2589 3093 flores
2633 3037 2731 3092 visi
2791 3046 2919 3092 sunt
2979 3039 3037 3092 in
3093 3047 3236 3094 terra
3271 3057 3286 3094 :
3323 3055 3428 3093 vox
3477 3037 3686 3094 turturis

437 3141 601 3187 cun.
633 3125 763 3197 49):
793 3141 916 3180 cum
973 3127 1075 3180 ima
1107 3141 1260 3192 voce,
1301 3128 1380 3180 vel
1411 3127 1530 3182 sine
1564 3143 1694 3181 voce
1726 3130 2011 3193 morimur,
2041 3147 2084 3205 ο
2120 3124 2305 3179 audita
2333 3135 2418 3180 est
2449 3127 2503 3181 in
2552 3135 2696 3182 terra
2759 3137 2967 3184 nostra.
3041 3127 3220 3184 Vineae
3255 3129 3518 3186 ﬂorentes
3547 3131 3688 3183 dede-

436 3216 530 3284 qui
589 3218 653 3270 de
707 3227 849 3271 terra
904 3232 1112 3271 smnus.
1146 3216 1237 3270 llle
1273 3232 1402 3271 vero
1451 3235 1576 3272 cum
1610 3219 1849 3271 exaltata
1883 3233 2012 3272 voce

435 3307 874 3379 exspiravit,qui
931 3309 998 3362 de
1055 3310 1194 3363 coelo
1229 3308 1529 3362 desecmlit.
1573 3308 1767 3362 Velum
1829 3309 2011 3378 templi

437 3400 726 3465 scinditur,
762 3401 950 3465 idest,
1009 3400 1207 3454 caelum
1265 3401 1532 3468 aperitur.
1588 3399 1853 3454 Centurio
1899 3403 2016 3459 ait:

437 3489 580 3546 Vere
612 3490 706 3544 Dei
727 3489 902 3546 Filius
927 3503 1067 3546 erat.
1088 3487 1380 3545 Novissimi
1409 3491 1568 3560 pritni
1600 3505 1746 3546 nunc
1771 3491 2018 3546 efficiun-

439 3596 549 3639 tur.
605 3585 838 3641 Gentilis
897 3584 1192 3638 confitetur
1258 3584 1488 3654 populus
1526 3581 1755 3639 :Judaea
1815 3597 2014 3641 caecata

442 3687 626 3750 negat,
666 3687 726 3734 ut
755 3677 852 3733 ﬂat
874 3678 954 3734 eis
983 3692 1140 3732 error
1171 3678 1323 3747 pejor
1351 3676 1555 3744 priore.

517 3791 539 3824 ι
572 3772 746 3828 Erant
775 3782 957 3826 autem
984 3780 1040 3825 et
1067 3769 1344 3837 tnuliercs,
1378 3771 1444 3824 de
1479 3770 1634 3840 longe
1664 3769 2014 3838 aSpicientes,

441 3866 584 3920 inter
610 3878 748 3934 quas
789 3873 905 3918 erat
935 3862 1103 3917 Maria
1137 3860 1475 3931 Magdaleue,
1505 3872 1557 3916 et
1609 3861 1775 3915 Maria
1827 3860 2016 3917 Jacobi

441 3960 692 4023 minoris,
721 3969 775 4012 et
801 3955 1001 4027 Josepb
1032 3965 1228 4023 mater,
1262 3965 1315 4010 et
1346 3955 1585 4012 Salome.
1621 3956 1688 4011 Et
1719 3971 1842 4011 cum
1871 3965 2018 4010 esset

439 4053 496 4107 in
524 4050 764 4114 Calilaca,
795 4049 1166 4118 sequebantur
1194 4063 1344 4113 eum,
1398 4055 1451 4101 et
1489 4047 1874 4102 ministrabant
1921 4047 1971 4102 ei
2001 4062 2015 4103 :

439 4153 494 4196 ct
518 4144 636 4196 alia:
667 4141 847 4194 multre
876 4155 997 4208 quae
1027 4139 1190 4194 simul
1220 4153 1342 4190 cum
1371 4153 1437 4192 eo
1469 4138 1833 4192 ascenderant
1862 4135 2020 4192 Jero-

439 4238 730 4304 solymam.
767 4231 833 4286 Et
862 4248 984 4288 cum
1011 4233 1124 4301 jam
1152 4245 1276 4285 sero
1319 4239 1461 4283 esset
1485 4229 1711 4292 factum,
1742 4232 1869 4298 quia
1900 4241 2020 4284 erat

441 4328 771 4390 Parasceve,
802 4325 948 4394 quod
1007 4333 1091 4377 est
1133 4331 1260 4376 ante
1298 4321 1602 4384 sabbatum,
1635 4322 1784 4375 venit
1815 4321 2016 4391 Josepb

441 4421 509 4473 ab
537 4417 865 4482 Arimatbia,
898 4415 1100 4470 nobilis
1139 4414 1382 4478 decurio,
1418 4413 1510 4483 qui
1543 4421 1598 4466 et
1631 4413 1745 4482 ipse
1774 4425 1894 4467 erat
1925 4429 2020 4466 ex-

2121 3221 2251 3266 runt
2280 3213 2523 3269 odorem.
2588 3214 2748 3270 Redit
2776 3232 3012 3285 sponsus
3069 3218 3138 3274 de
3167 3221 3387 3286 mnbra,
3444 3221 3542 3276 sub
3594 3234 3688 3288 qua

2117 3303 2324 3358 dormit
2357 3304 2408 3358 in
2445 3307 2695 3362 meridie.
2726 3308 2853 3362 i‘ost
2886 3310 3114 3364 sabbata
3175 3312 3356 3366 tristia
3413 3313 3536 3368 felix
3561 3311 3688 3365 irra-

2117 3396 2232 3450 diat
2274 3397 2414 3459 dies.
2471 3413 2590 3467 quae
2645 3400 2940 3468 primatum
2995 3402 3050 3456 in
3093 3402 3292 3458 diebus
3355 3413 3550 3459 tenet:
3582 3404 3690 3458 luce

2115 3490 2290 3560 prima
2315 3491 2368 3545 in
2399 3505 2464 3546 eo
2495 3491 2831 3560 lucescente,
2865 3502 2918 3548 et
2949 3494 3178 3551 Domino
3200 3511 3321 3554 meo
3358 3513 3482 3552 cum
3517 3499 3691 3551 trium-

2118 3585 2227 3652 pbo
2280 3594 2622 3655 resurgente,
2662 3593 2724 3639 et
2787 3585 3047 3643 dicente:
3078 3585 3210 3642 "ac
3261 3597 3338 3642 est
3385 3590 3498 3643 dies
3547 3605 3690 3658 quam

2117 3680 2242 3750 fecit
2284 3677 2544 3732 Dominus
2575 3694 2595 3732 :
2623 3679 2950 3734 exsultemus
2983 3689 3031 3734 et
3079 3678 3322 3734 lwtemur
3359 3681 3416 3736 in
3446 3697 3506 3736 ea
3534 3680 3688 3754 (Psaf.

2117 3786 2284 3835 cxvn,
2317 3769 2437 3839 24).

2193 3881 2214 3916 ι
2258 3862 2326 3916 Et
2354 3863 2510 3917 valde
2535 3878 2695 3918 mane
2724 3878 2831 3918 una
2858 3863 3208 3920 sabbatorum
3236 3867 3462 3922 veniunt
3497 3867 3561 3922 ad
3591 3879 3693 3920 mo-

2118 3967 2463 4020 numentum,
2507 3965 2634 4010 orto
2655 3957 2771 4026 jam
2805 3956 2941 4022 sole,
2967 3967 3023 4012 et
3048 3959 3299 4014 dicebant
3321 3962 3391 4016 ad
3427 3962 3646 4016 invicem
3675 3974 3690 4016 :

2119 4048 2253 4114 Quis
2284 4046 2525 4102 revolvet
2571 4047 2728 4102 nobis
2763 4048 2993 4117 lapidem
3044 4051 3114 4106 ab
3145 4053 3286 4107 ostio
3324 4052 3692 4108 monumenti?

2119 4138 2184 4193 Et
2208 4139 2557 4210 respicientes
2575 4138 2822 4194 viderunt
2849 4141 3152 4196 revolutum
3202 4143 3435 4210 lapidem
3496 4165 3512 4196 ι
3545 4143 3692 4197 Valde

2121 4245 2300 4293 mane,
2337 4231 2480 4299 quod
2538 4229 2677 4284 alius
2727 4233 3062 4300 evangelista
3094 4233 3332 4288 diluculo
3371 4235 3526 4289 dicit.
3558 4233 3694 4288 Dilu-

2119 4322 2301 4377 culum
2334 4332 2417 4377 est
2461 4322 2604 4378 inter
2641 4323 2897 4378 tenebras
2959 4323 3137 4378 noctis
3167 4325 3354 4380 etdiei
3380 4327 3690 4382 claritatem.

2122 4413 2178 4466 In
2200 4428 2304 4483 qua
2323 4412 2470 4468 salus
2489 4414 2724 4467 humano
2743 4413 2928 4482 generi
2959 4417 3230 4483 provenit,
3256 4414 3400 4471 felici
3429 4417 3696 4472 vicinitate

440 4522 699 4584 spectans
724 4525 950 4581 regnum
989 4507 1082 4562 Dei
1121 4525 1136 4562 :
1169 4516 1224 4561 et
1253 4505 1516 4560 audacter
1562 4503 1811 4561 introivit
1836 4503 1902 4556 ad
1937 4503 2023 4557 Pi-
2057 4491 2098 4547 υ
2132 4505 2480 4568 declaranda,
2512 4518 2664 4559 more
2699 4505 2830 4560 solis
2867 4523 2883 4559 :
2917 4505 3009 4574 qui
3047 4508 3289 4576 proxima
3323 4507 3447 4564 luce
3477 4522 3694 4564 consur-

441 4607 636 4670 latmn,
668 4613 721 4658 et
751 4602 906 4674 petiit
937 4616 1136 4672 corpus
1161 4597 1316 4654 Jesu.
1344 4596 1550 4652 Pilatus
1571 4607 1753 4652 autem
1787 4596 2026 4653 miraba-

443 4709 553 4766 tur,
579 4699 624 4755 si
653 4699 766 4770 jam
793 4696 1046 4760 obiisset,
1082 4704 1138 4750 et
1176 4696 1444 4749 accersito
1469 4692 1808 4754 centurione,
1851 4695 2024 4747 inter-

443 4791 652 4863 rogavit
684 4805 833 4854 eum.
869 4788 916 4844 si
941 4788 1054 4858 jam
1085 4794 1332 4842 mortuus
1358 4793 1525 4840 esset.
1562 4783 1628 4839 Et
1661 4799 1786 4838 cum
1821 4798 2026 4852 cogno-

441 4885 615 4940 visset
638 4899 666 4936 a
699 4883 1043 4947 centurione,
1069 4879 1298 4935 donavit
1343 4893 1542 4947 corpus
1571 4877 1792 4948 Josepb.
1825 4874 2022 4946 Josepb

446 4990 628 5033 autem
685 4986 958 5032 mercatus
1014 4974 1324 5037 sindonem,
1356 4983 1412 5026 et
1441 4971 1724 5038 deponens
1753 4985 1900 5032 eu.n,
1942 4969 2026 5022 in-

442 5072 608 5127 volvit
629 5071 716 5124 sin
737 5069 874 5134 loni,
911 5076 966 5122 et
997 5067 1177 5138 posuit
1208 5081 1332 5119 eum
1359 5064 1412 5118 in
1451 5074 1802 5116 monumento
1877 5060 2023 5130 quod

445 5172 564 5218 erat
613 5164 857 5218 excisum
921 5166 987 5215 de
1047 5170 1200 5229 petra
1243 5167 1344 5218 :et
1393 5155 1634 5214 advolvit
1691 5155 1922 5222 lapidem
1957 5152 2025 5206 ad

443 5260 642 5312 ostium
703 5253 1063 5312 monumenti.
1121 5251 1288 5305 Maria
1357 5259 1536 5304 autem
1596 5249 1912 5316 Magdalcnc
1969 5255 2024 5300 et

443 5350 612 5406 Maria
657 5347 858 5418 Josepb
913 5347 1259 5418 aspiciebaut
1307 5343 1397 5398 ubi
1451 5331 1771 5412 poneretur.
1805 5359 1826 5392 ι
1869 5339 2027 5393 Sicut

445 5459 554 5498 non
583 5441 898 5498 excluditur
923 5435 1204 5493 muliebris
1232 5449 1394 5492 sexus
1421 5449 1450 5488 a
1479 5433 1654 5488 salute
1685 5447 1782 5500 per
1799 5429 2022 5484 Mariam

451 5532 738 5602 Virginem
773 5549 788 5586 :
825 5531 896 5584 ita
958 5544 1064 5584 non
1106 5527 1387 5597 repellitur
1441 5542 1471 5581 a
1527 5525 1785 5605 mysterio
1844 5523 2026 5576 crucis

441 5626 686 5680 ssientia:
714 5633 768 5677 et
797 5622 1219 5677 resurrectionis
1247 5635 1344 5688 per
1378 5619 1596 5673 viduam
1628 5617 1850 5671 Mariam
1881 5614 2026 5686 Mag-

447 5714 721 5787 daleuam,
750 5724 804 5768 et
829 5723 1055 5770 caeteras
1072 5723 1296 5769 matres.
1329 5711 1530 5781 Josepb
1562 5709 1711 5765 venit
1735 5721 1860 5764 sero
1921 5707 2025 5762 Pa-

451 5818 699 5872 rasceve,
723 5806 789 5858 ab
812 5805 1139 5874 Arimathia,
1173 5821 1295 5877 quae
1321 5807 1713 5876 interpretatur
1740 5799 2026 5871 deponens,

2127 4613 2282 4668 gens,
2307 4612 2521 4652 roseam
2551 4597 2834 4667 praemittit
2865 4613 3147 4662 auroram,
3181 4608 3240 4652 ut
3268 4602 3444 4667 gratia
3465 4598 3693 4670 praeclari

2127 4689 2457 4758 splendoris,
2483 4689 2804 4765 pra-paratis
2831 4689 3007 4744 oculis
3035 4689 3212 4761 possit
3244 4692 3471 4760 intueri,
3493 4691 3696 4761 quando

2129 4789 2341 4850 tempus
2380 4778 2680 4834 Dominica:
2707 4781 3128 4838 resurrectionis
3155 4782 3344 4837 eluxit.
3363 4783 3437 4839 Ut
3456 4792 3580 4837 tunc
3599 4783 3696 4837 lau-

2126 4874 2225 4926 des
2255 4872 2456 4927 Christi
2483 4882 2597 4926 tota
2615 4881 2840 4927 caneret
2860 4874 3154 4928 secundum
3178 4877 3487 4942 exemplum
3513 4875 3692 4928 harum

2127 4963 2452 5018 feminarum
2490 4963 2978 5035 Ecclesia.quando
3005 4982 3174 5036 genus
3190 4967 3492 5022 humanum
3520 4980 3694 5020 exem—

2127 5056 2216 5126 plo
2283 5070 2398 5110 suae
2470 5058 2891 5113 resurrectionis
2946 5059 3209 5114 animavit
3242 5075 3257 5116 :
3290 5061 3509 5129 quando
3543 5059 3694 5114 vitam

2129 5147 2402 5216 praestitit,
2451 5157 2506 5202 et
2537 5147 2716 5201 lumen
2748 5149 3086 5204 credulitatis
3134 5149 3392 5208 infundit.
3454 5150 3544 5206 Sol
3578 5161 3695 5204 vero

2129 5247 2249 5307 post
2306 5253 2557 5292 otcasnm
2601 5238 2847 5308 corporis
2876 5237 3070 5292 oritur.
3137 5238 3237 5293 llic
3274 5240 3468 5310 aquila:
3500 5241 3564 5294 ad
3586 5254 3696 5293 cor-

2129 5347 2229 5400 pus
2257 5341 2662 5399 congregantut
2695 5345 2710 5387 :
2741 5341 2945 5384 matres
2975 5338 3029 5384 et
3061 5330 3292 5400 ap05toli
3333 5332 3517 5386 vident
3547 5343 3693 5384 revo-

2129 5425 2302 5478 lutum
2350 5423 2612 5494 lapidem,
2644 5424 2736 5492 qui
2787 5433 2870 5476 est
2909 5422 2995 5477 lex
3029 5423 3238 5488 mortis,
3276 5440 3340 5477 ac
3368 5424 3410 5477 si
3453 5425 3692 5480 diceret:

2131 5516 2255 5583 Ubi,
2291 5514 2678 5580 mors,aculeus
2713 5524 2832 5569 tuus
2859 5515 2886 5568 ?
2909 5524 2963 5570 et
2997 5514 3202 5586 reliqua
3237 5515 3290 5587 (Ι
3321 5517 3439 5570 (lor.
3477 5514 3689 5581 xv,55).

2205 5629 2225 5662 ι
2267 5608 2396 5662 Erat
2452 5607 2650 5678 quippe
2698 5623 2926 5677 magnus
2953 5608 3130 5665 valde.
3164 5608 3227 5663 Et
3284 5607 3685 5664 introeuntesin

2131 5714 2570 5768 monumentum,
2605 5701 2857 5758 viderunt
2897 5704 3149 5772 juvenem
3182 5707 3456 5760 sedentem
3487 5706 3538 5758 in
3566 5704 3686 5757 dex-

2133 5798 2250 5865 tris,
2287 5805 2605 5867 coopertum
2654 5793 2791 5852 stola
2840 5796 3096 5864 candida,
3161 5806 3216 5850 et
3277 5795 3682 5865 obstupuerunt.

3899 2287 3901 2294 Α
