3934 6200
210 395 314 458 663
352 431 358 436 -

1336 404 1752 466 EXPOSITIO
1803 385 1883 465 lN
1925 410 1983 468 s.
2033 406 2386 467 MARCUM.

3379 413 3486 475 666

209 501 306 567 Qui
339 498 504 554 etiam
538 498 776 554 infantes
825 501 877 555 in
931 515 1087 560 utero
1147 509 1318 576 tangit
1350 528 1364 564 :
1401 513 1636 581 gemitus
1665 529 1783 566 om-
1815 516 1858 573 Α
1891 518 2206 585 przecednnt
2259 533 2583 589 synagogam
2606 520 2657 572 in
2683 535 2908 590 regnum
2940 521 3030 576 Dei
3057 538 3072 578 :
3099 533 3154 576 ut
3183 524 3321 578 latro
3342 540 3484 592 prm-

209 593 382 655 nium,
421 598 476 644 et
503 593 758 646 omnibus
798 595 1002 661 gravis.
1055 595 1117 649 Et
1143 597 1484 656 introeuntes
1509 603 1564 656 in
1597 617 1794 657 monu-

206 692 449 737 mentum
463 683 1002 754 videruntjuvenem,
1019 702 1126 744 non
1145 705 1350 757 senem,
1366 708 1473 748 non
1498 694 1794 758 infantem,

207 775 306 832 sed
329 775 628 845 jucundum
653 787 833 840 aetate.
861 788 920 834 ιιι
942 780 1180 839 dicitur:
1211 783 1432 845 Ltetare.
1459 787 1692 856 juvenis,
1741 789 1796 841 iu

206 869 574 926 adolescentia
597 879 691 924 tua
715 869 920 940 (Ere-le.
946 889 1024 939 xi,
1047 873 1128 940 9),
1147 889 1266 944 quae
1291 886 1499 931 nonest
1525 878 1613 933 hic
1641 893 1792 944 vera,

206 964 339 1015 dum
375 977 497 1016 cum
536 964 690 1018 senio
711 975 790 1018 est
828 966 1136 1020 commista.
1172 967 1464 1022 Sedentem
1498 969 1551 1023 in
1585 969 1794 1025 dextris

203 1055 451 1121 virtutis,
479 1056 530 1110 id
563 1063 668 1120 est,
708 1067 1022 1126 regnantem
1049 1058 1100 1112 in
1126 1061 1424 1128 prosperis.
1464 1057 1796 1127 Hicjuveuis

205 1145 438 1200 formam
464 1149 910 1213 resurrectionis,
937 1151 1257 1206 timentibus
1281 1163 1510 1207 mortem
1534 1154 1792 1209 ostendit.

205 1238 691 1308 Cnopertumstola
727 1241 981 1309 candida,
1000 1257 1121 1313 quae
1147 1259 1273 1300 vera
1300 1246 1488 1302 laetitia
1511 1257 1614 1312 est,
1635 1249 1792 1302 hoste

203 1329 462 1399 depulso,
495 1333 776 1401 rc’gnoque
798 1334 1017 1399 adepto,
1062 1349 1189 1406 rege
1215 1338 1365 1405 pacis
1397 1339 1648 1407 quaesito,
1689 1341 1790 1393 in-

205 1433 374 1475 vento
399 1433 454 1476 ct
479 1439 753 1493 nunquam
776 1425 1030 1480 dimisso.
1059 1425 1123 1480 Et
1147 1428 1570 1498 obstupuerunt,
1606 1431 1658 1485 id
1689 1443 1790 1497 est,

203 1511 361 1578 Quod
390 1515 572 1568 oculus
619 1532 724 1570 non
756 1517 907 1582 cidit,
935 1534 1029 1572 nec
1053 1521 1202 1574 auris
1235 1522 1458 1586 audivit,
1497 1527 1664 1578 necln
1702 1541 1794 1580 cor

200 1607 439 1661 hominis
479 1609 744 1671 ascendit,
772 1625 891 1679 qua:
923 1613 1242 1681 prwparavit
1279 1613 1421 1670 Deus
1451 1615 1791 1687 diligentibus

202 1715 266 1752 se
290 1698 340 1768 (Ι
370 1699 492 1752 Cor.
528 1715 590 1764 ιι,
623 1700 702 1769 9).

289 1810 309 1844 ι
357 1793 458 1859 Qui
514 1795 648 1848 dicit
713 1795 872 1854 illis:
932 1795 1114 1856 Nolite
1167 1817 1549 1872 expavescere.
1602 1803 1787 1860 Jesnm

202 1885 455 1949 quaeritis
484 1882 825 1941 Nazarenam
861 1889 1185 1946 crucifixum
1227 1911 1241 1948 :
1279 1895 1538 1961 surrexit,
1579 1905 1792 1952 nonest

203 1973 304 2028 hic
341 1989 356 2031 :
387 1990 516 2031 ecce
575 1976 732 2032 locus
778 1980 869 2034 ubi
921 1969 1220 2050 posuerunt
1268 1999 1420 2040 eum.
1480 1989 1584 2039 Sed
1619 1987 1714 2052 ite,
1735 1997 1792 2042 et

200 2065 378 2120 dicite
405 2067 683 2138 discipulis
713 2071 852 2141 ejus,
888 2083 944 2127 et
972 2072 1154 2130 Petro.
1195 2095 1214 2128 ι
1249 2075 1392 2131 Deus
1421 2079 1660 2134 cbaritas
1685 2089 1790 2134 est.

202 2157 329 2213 Non
362 2171 596 2229 estergo
623 2162 790 2220 timor
818 2164 870 2218 in
899 2164 1172 2222 cbaritate
1208 2166 1259 2236 (1
1281 2167 1446 2224 Joan.
1480 2184 1553 2229 ιν.
1588 2170 1640 2232 8.
1679 2169 1790 2239 l8).

199 2248 350 2317 Quid
383 2265 830 2322 expavescerent,
852 2271 972 2325 quia:
1005 2260 1328 2316 invenerunt
1365 2277 1526 2330 quem
1558 2263 1792 2334 quaasic-

199 2345 388 2400 runt?
424 2344 608 2403 Jesnm
682 2351 928 2420 qna3ritis
980 2336 1347 2410 Nazart-unm.
1407 2354 1582 2410 Radix
1645 2358 1791 2410 enim

200 2455 395 2495 amara
419 2443 599 2498 crucis
629 2447 845 2499 evanuit
875 2461 890 2502 :
922 2444 1024 2500 llos
1048 2447 1193 2501 enim
1221 2449 1348 2502 vita:
1374 2464 1494 2503 cum
1531 2448 1794 2504 lructibns

198 2529 410 2599 erupit,
451 2530 502 2584 id
547 2543 651 2598 est,
677 2535 770 2602 qui
803 2533 975 2602 jacuit
1006 2535 1059 2588 in
1103 2547 1301 2600 morte,
1334 2540 1576 2592 surrexit
1602 2538 1651 2590 in
1677 2538 1792 2606 glo-

200 2620 316 2676 ria.
356 2620 495 2676 Ecce
519 2623 689 2680 locus.
735 2624 1061 2680 Ostenditur
1082 2627 1796 2684 mortalitasimmortalibus

198 2711 282 2766 ad
341 2713 642 2780 gratiarum
699 2717 972 2772 actionem
1023 2719 1259 2774 debita:
1312 2729 1371 2774 ut
1423 2721 1796 2792 intelligamus

201 2802 339 2872 quid
373 2803 663 2870 fuerimus,
705 2818 760 2862 et
791 2809 1035 2866 sciamus
1067 2812 1196 2881 quid
1237 2812 1410 2867 futuri
1441 2814 1666 2870 erimus.
1688 2813 1795 2870 Sed
1829 2805 1834 2810 ’

198 2896 304 2963 ite,
352 2897 539 2954 dicite.
569 2897 887 2955 Mulieribus
942 2903 1164 2970 dicitur,
1197 2915 1253 2958 nt
1281 2906 1603 2960 aunuutient
1665 2921 1798 2977 apo-

203 2991 369 3044 stolis
409 3006 425 3046 :
453 2992 580 3060 quia
613 3007 712 3062 per
735 2993 1018 3049 mulierem
1053 3011 1198 3049 mors
1230 2999 1552 3052 annuutiata
1576 3008 1800 3069 est,per

203 3082 472 3138 uitilieres
499 3084 607 3137 vita
641 3099 954 3154 resurgens.
987 3087 1053 3141 Et
1079 3086 1260 3142 Petro.
1299 3089 1400 3153 Qui
1427 3104 1486 3143 se
1518 3091 1794 3160 indignum

1903 611 2072 665 cessit
2101 612 2404 680 apostolos.
2439 611 2597 667 Flent
2621 621 2674 666 et
2705 611 2910 678 lugent,
2951 613 3042 682 qui
3076 616 3306 668 necdum
3336 617 3484 670 vide-

1903 711 2051 764 runt,
2072 705 2165 756 sed
2182 719 2284 756 non
2303 713 2423 772 post
2445 704 2677 758 multum
2693 705 3145 760 consolabuntur.
3171 706 3316 761 Beati
3335 711 3480 764 enim

1902 788 1991 856 qui
2015 791 2198 858 lugent
2217 807 2380 857 nunc,
2409 794 2664 860 quoniam
2699 795 2797 862 ipsi
2818 795 3480 867 coasolabunturﬂlatth.

1900 897 1954 947 ν,
1976 883 2053 950 5).
2087 883 2150 936 Ει
2183 885 2258 938 illi
2280 885 2564 940 audientes
2597 901 2702 940 non
2723 889 3090 942 crediderunt.
3112 889 3270 943 Fides
3297 901 3481 945 autem

1901 975 1989 1028 hic
2021 976 2253 1036 laborat,
2271 992 2434 1045 agens
2457 979 2689 1032 activam
2711 979 2873 1031 vitam
2899 999 2912 1033 ε
2940 980 3048 1033 illic.
3065 983 3482 1048 contemplativa

1899 1079 2085 1121 sI-Cttta
2113 1069 2322 1122 visione
2351 1082 2562 1137 regnat.
2584 1069 2680 1124 llic
2714 1086 2810 1138 per
2841 1071 3118 1136 speculum
3155 1084 3486 1129 contuemur

1899 1161 2189 1229 imaginem
2220 1161 2360 1216 :illic
2383 1162 2520 1215 facie
2539 1163 2604 1214 ad
2627 1162 2817 1216 faciem
2843 1163 3145 1218 videbimus
3173 1165 3482 1223 veritatem.

1901 1249 2056 1305 Unde
2077 1253 2326 1319 sequitur
2351 1270 2367 1310 :
2389 1251 2518 1306 Post
2553 1254 2668 1307 haec
2692 1253 2902 1308 duobus
2936 1271 3001 1308 ex
3028 1255 3133 1310 illis
3154 1257 3484 1313 ambulanti-

1897 1343 2021 1402 bus.
2043 1342 2094 1396 id
2144 1353 2226 1397 est
2255 1343 2651 1408 laborantibus,
2677 1357 2932 1402 ostensus
2955 1357 3038 1402 est
3070 1349 3124 1401 in
3152 1349 3256 1402 alia
3283 1350 3481 1420 elligie.

1895 1429 1962 1485 Et
1995 1432 2100 1486 illis
2148 1432 2600 1486 annuntiantibus
2642 1447 2748 1487 non
2779 1442 2863 1488 est
2907 1434 3170 1489 creditmn
3207 1453 3222 1490 :
3263 1439 3387 1490 dum
3410 1437 3484 1489 si-

1895 1535 1985 1578 cut
2013 1526 2224 1594 Moyses
2255 1525 2532 1592 viderunt,
2557 1525 2698 1595 quod
2727 1542 2832 1580 non
2852 1527 3152 1581 sulliciebat
3189 1527 3290 1582 eis.
3328 1526 3484 1582 Unde

1896 1615 2106 1685 Moyses
2157 1616 2292 1671 dicit
2343 1632 2358 1671 :
2419 1616 2652 1672 Ostende
2708 1617 2841 1672 mihi
2897 1618 3230 1688 temetipsum
3277 1617 3477 1678 (Exod.

1895 1707 2092 1767 xxxui.
2120 1708 2226 1772 18).
2268 1707 2484 1764 Oblitus
2513 1709 2693 1763 carnis
2724 1723 2856 1774 suae,
2889 1709 3127 1776 postulat
3149 1708 3200 1763 in
3237 1709 3350 1763 vita
3378 1711 3481 1765 ista

1895 1800 2038 1868 quod
2087 1809 2205 1865 post
2237 1800 2386 1854 illam
2437 1815 2720 1868 speramus
2761 1802 2814 1854 in
2857 1799 3066 1855 futura.

1975 1890 2504 1946 «Novissitreantem
2532 1893 2974 1948 recttmbeutibus
2994 1894 3099 1948 illis
3116 1892 3361 1948 undecim
3387 1908 3486 1964 ap-

1896 1983 2099 2051 paruit,
2157 1993 2212 2038 et
2265 1985 2614 2052 exprobravit
2681 1985 3117 2040 incredulitatem
3173 1985 3388 2040 illorum
3428 1995 3485 2040 et

1895 2075 2152 2129 duritiam
2185 2076 2366 2129 contis
2398 2090 2412 2131 :
2439 2075 2562 2144 quia
2595 2074 2702 2141 bis,
2735 2076 3108 2144 qni'viderant
3137 2091 3262 2130 eum
3292 2092 3479 2132 resur-

1893 2167 2121 2234 rexisse,
2157 2181 2265 2220 non
2303 2167 2669 2222 crediderunt.
2705 2185 2725 2219 ο
2783 2166 2853 2224 Ut
2898 2181 3088 2222 omnes
3116 2177 3286 2222 testes
3324 2183 3486 2223 enar-

1893 2265 2079 2313 rareut
2116 2257 2401 2318 omnibus,
2435 2257 2576 2326 quod
2616 2259 2988 2312 communiter
3017 2259 3272 2314 viderunt
3305 2270 3359 2313 et
3383 2275 3484 2316 au-

1894 2351 2135 2404 d'erunt.
2167 2349 2473 2418 Exprobrat
2503 2349 3048 2413 incredulitatem,ut
3075 2352 3333 2405 succedat
3363 2367 3485 2416 crc-

1895 2443 2096 2498 dnlitas
2126 2459 2142 2497 :
2176 2443 2472 2506 exprobrat
2499 2442 2760 2496 duritiam
2807 2442 2989 2497 cordis
3029 2443 3246 2512 lapidei,
3273 2453 3330 2498 nt
3355 2458 3480 2498 suc-

1895 2539 2054 2591 cedat
2077 2550 2175 2589 cor
2207 2550 2466 2590 carncum
2493 2535 2760 2590 cbaritate
2780 2535 3019 2604 plenum.
3048 2535 3186 2590 llinc
3206 2545 3311 2599 est,
3338 2537 3482 2603 quod

1895 2637 2479 2700 martyrum-catervae
2513 2636 2747 2682 mortem
2804 2627 2963 2696 hujus
3012 2629 3199 2684 saaculi
3252 2629 3500 2685 libenter

1897 2723 2158 2778 alluctant
2199 2738 2216 2776 :
2265 2721 2394 2792 quia
2443 2730 2723 2777 noverunt
2761 2736 2859 2791 pro
2892 2722 2998 2777 isto
3033 2721 3317 2790 temporali
3347 2723 3490 2778 inte-

1895 2817 2002 2873 ritu
2034 2822 2297 2884 perpetuo
2329 2829 2389 2870 se
2415 2827 2539 2869 esse
2559 2815 2829 2869 victurus.

1973 2925 1992 2959 ι
2017 2907 2080 2960 Et
2107 2905 2244 2960 dixit
2263 2904 2344 2959 eis
2377 2905 2606 2959 :Euntcs
2631 2903 2685 2958 in
2736 2901 3000 2957 mundum
3026 2901 3334 2956 universum
3355 2916 3491 2971 prte-

1897 2999 2078 3053 dicate
2110 2996 2465 3064 Evangelium
2499 2995 2647 3049 omni
2684 3003 2968 3049 creaturae.
3006 3012 3024 3045 ι
3062 2992 3216 3049 Nunc
3249 2997 3486 3063 primum

1899 3101 2018 3160 post
2049 3099 2332 3157 acceptum
2378 3087 2666 3155 Spiritum,
2703 3100 2768 3140 ac
2805 3086 2851 3139 si
2886 3100 3014 3140 vasa
3049 3086 3240 3139 limosa
3283 3099 3377 3150 per
3408 3086 3489 3154 ig.

193 3172 412 3242 judicat
465 3173 820 3243 discipulatu,
867 3177 994 3231 dum
1049 3186 1134 3232 ter
1182 3180 1397 3249 negavit
1451 3183 1792 3251 magistrum.
1821 3190 1865 3249 ο
1900 3196 2020 3236 nem
2046 3179 2360 3236 conﬁrmata
2388 3197 2401 3234 :
2426 3178 2572 3233 omni
2601 3185 2886 3240 creaturae,
2915 3177 2966 3231 id
2991 3184 3073 3230 est
3127 3175 3274 3228 omni
3297 3175 3484 3243 generi

199 3264 442 3320 Peccata
473 3269 746 3335 pra‘terita
779 3283 887 3323 non
921 3281 1139 3331 nocent,
1161 3273 1380 3340 quando
1416 3273 1788 3342 nouplacent.

281 3375 305 3411 s
339 3359 480 3424 Quia
512 3362 784 3427 przecedet
809 3375 903 3414 vos
933 3363 985 3415 in
1032 3361 1306 3417 Galilaeam
1346 3365 1458 3418 :ibi
1482 3380 1604 3418 enm
1635 3365 1791 3419 vide-

196 3451 362 3516 bitis,
395 3452 540 3506 sicut
576 3453 710 3506 dixit
743 3452 922 3509 vobis.
953 3456 1022 3507 At
1067 3455 1173 3510 illae
1221 3465 1506 3518 exeuntes,
1537 3455 1793 3520 fugerent

197 3545 278 3600 de
307 3554 690 3600 monumento.
721 3544 1003 3601 Invaserat
1031 3546 1178 3601 enim
1207 3561 1302 3602 eas
1332 3549 1496 3603 timor
1523 3557 1576 3603 et
1603 3563 1791 3618 pavor,

194 3647 262 3692 et
310 3637 517 3693 nemini
566 3638 864 3708 quidquam
937 3639 1197 3693 dixerunt
1238 3655 1253 3694 :
1307 3639 1568 3694 timebant
1623 3641 1790 3696 enim.

195 3731 458 3800 Surgeus
487 3741 668 3785 autem
691 3729 852 3785 Jesus
881 3745 1040 3787 mane
1078 3732 1253 3801 prima
1275 3730 1510 3798 sabbati,
1544 3733 1796 3802 apparuit

194 3825 392 3896 primo
439 3823 624 3884 Mariae
667 3816 1019 3893 Magdalenm,
1071 3827 1138 3881 de
1176 3839 1284 3895 qua
1321 3824 1554 3894 eiecerat
1587 3837 1794 3896 septem

194 3919 510 3975 damonis.
569 3917 663 3973 Illa
723 3919 929 3974 vadens
980 3922 1254 3974 nuntiavit
1305 3921 1414 3984 bis,
1438 3921 1530 3990 qui
1578 3937 1702 3977 cum
1729 3936 1798 3977 eo

191 4013 430 4069 fuerant
462 4010 770 4081 lugentibus
792 4021 845 4066 et
872 4011 1151 4069 ﬂentibus.
1173 4013 1241 4068 Et
1261 4013 1336 4068 illi
1367 4015 1653 4070 audientes
1669 4015 1794 4082 quia

187 4107 450 4176 viveret,
472 4114 526 4158 et
546 4103 697 4159 visus
729 4113 874 4159 esset
899 4105 968 4160 ab
1004 4119 1096 4169 ea,
1121 4120 1229 4160 non
1251 4107 1624 4160 crediderunt.
1665 4106 1800 4162 Post

191 4203 333 4256 haec
370 4205 556 4252 autem
609 4197 819 4252 duobus
861 4213 928 4252 ex
968 4197 1054 4254 eis
1106 4196 1515 4253 ambulantibus
1547 4209 1800 4254 ostensus

186 4303 292 4350 est
325 4293 383 4346 in
427 4290 532 4344 alia
584 4289 780 4360 cﬂigie,
803 4291 1062 4342 enititibns
1093 4289 1149 4344 in
1186 4289 1392 4357 villam,
1429 4303 1483 4346 et
1512 4289 1586 4344 illi
1608 4301 1800 4346 euntes

184 4383 614 4441 nuntiaVerunt
652 4381 907 4437 caeteris:
946 4397 1046 4436 nec
1075 4381 1181 4436 illis
1207 4381 1583 4438 crediderunt.
1623 4400 1642 4433 ι
1676 4381 1801 4438 Bre-

179 4479 290 4532 vis
331 4476 605 4532 sententia
653 4473 707 4528 in
747 4473 995 4545 syllabis,
1023 4474 1120 4528 sed
1155 4473 1351 4542 ingens
1406 4474 1460 4528 in
1492 4475 1800 4542 quantitate

1895 3275 2154 3339 humano,
2219 3271 2363 3343 quod
2423 3272 2475 3326 in
2507 3287 2567 3326 se
2615 3277 2904 3326 commune
2941 3267 3166 3337 aliquid
3201 3266 3364 3320 habet
3412 3267 3482 3321 ab

1893 3368 2041 3423 omni
2073 3377 2346 3427 creatura.
2380 3364 2628 3431 iubetur,
2674 3362 2726 3418 id
2758 3371 2866 3428 est,
2899 3361 3126 3432 angelis,
3165 3361 3481 3431 pecoribus,

1895 3461 2078 3528 lignis,
2136 3459 2429 3528 lapidibus,
2487 3457 2595 3528 igni
2629 3466 2686 3510 et
2715 3469 2882 3526 aqua,
2947 3455 3123 3510 calido
3155 3463 3208 3510 et
3257 3452 3478 3522 frigido,

1897 3551 2126 3608 humido
2155 3559 2207 3605 et
2231 3549 2387 3604 arido
2417 3567 2432 3605 :
2463 3550 2589 3618 quia
2645 3549 2880 3603 mundus
2913 3548 3092 3602 minor
3136 3549 3300 3602 homo
3345 3546 3486 3600 dici-

1900 3653 2004 3697 tur.
2029 3642 2286 3696 Dominns
2326 3643 2512 3712 utique
2539 3639 2725 3704 Jesns,
2769 3641 2862 3709 qui
2890 3641 2959 3696 de
3013 3641 3156 3696 caelo
3209 3638 3487 3693 descendit

1896 3735 1964 3790 ad
2022 3734 2360 3789 liberandam
2415 3734 2750 3788 inﬁrmitatis
2783 3742 2986 3786 nostrae
3040 3740 3334 3785 naturam:
3366 3730 3484 3798 ipse

1897 3828 2062 3884 etiam
2121 3842 2287 3896 super
2339 3827 2602 3881 caelorum
2661 3826 2830 3880 cmlos
2883 3825 3150 3889 ascendit,
3201 3825 3293 3894 qui
3326 3825 3482 3878 sedet

1899 3921 1964 3975 ad
1986 3919 2266 3975 dexteram
2287 3919 2484 3973 Patris.
2509 3918 2978 3973 Considerandum
2997 3926 3080 3972 est
3098 3928 3304 3976 autem.
3330 3914 3479 3984 quod

1901 4013 2215 4082 frequenter
2275 4012 2328 4066 in
2391 4011 2694 4080 Scripturis
2751 4010 2950 4064 divinis
3004 4009 3199 4079 plurali
3253 4022 3484 4062 numero

1899 4105 2067 4160 cmlos
2104 4103 2281 4159 dictos
2333 4103 2609 4165 invenies,
2645 4101 2776 4155 dum
2827 4103 3065 4170 legitur:
3123 4100 3192 4155 In
3221 4099 3483 4172 principio

1900 4195 2021 4265 fecit
2055 4195 2191 4248 Deus
2225 4195 2413 4249 caelum
2443 4203 2492 4246 et
2546 4203 2743 4246 terram
2797 4191 3002 4262 (Gen.t,
3036 4192 3111 4263 l),
3143 4209 3264 4248 cum
3298 4205 3479 4248 tamen

1901 4285 2329 4356 pluraliterdicti
2368 4285 2494 4340 caeli
2520 4284 2768 4354 legantur
2807 4294 2862 4339 et
2899 4297 3082 4340 terrae.
3113 4284 3300 4341 Modus
3337 4286 3482 4340 enim

1905 4379 2006 4434 iste
2033 4376 2324 4433 locutionis
2379 4376 2545 4432 latius
2594 4387 2762 4448 patet,
2806 4386 2863 4431 ut
2908 4377 3134 4432 abusive
3179 4377 3481 4447 singularia

1905 4471 2098 4542 plurali
2131 4485 2362 4526 numero
2417 4470 2686 4534 dicamus,
2716 4484 2767 4524 ει
2800 4471 3026 4539 pluralia
3073 4471 3360 4542 singulari.
3397 4473 3478 4528 Ad

179 4568 532 4643 promissio.
593 4567 670 4622 Ibi
720 4541 804 4622 est
857 4566 1038 4637 gaudii
1084 4541 1253 4620 nostri
1293 4565 1436 4633 iouis,
1506 4541 1562 4620 et
1605 4567 1800 4622 salutis
1833 4541 1875 4592 θ
1905 4541 2181 4618 Orientem
2218 4577 2369 4625 vero,
2399 4563 2542 4631 quod
2584 4563 2862 4632 psalmista
2895 4563 3029 4618 dicit
3063 4579 3078 4616 :
3135 4541 3484 4634 evangelista:

173 4673 438 4722 aeterna:
478 4661 636 4732 origo
683 4668 1008 4728 praeparata.
1043 4657 1119 4712 lbi
1151 4667 1549 4727 congregantur
1596 4658 1806 4728 disper-

171 4760 422 4820 sioues,
448 4763 503 4808 et
532 4759 799 4806 sanantur
818 4751 1040 4804 contriti
1063 4748 1251 4804 corde.
1273 4749 1353 4804 lbi
1379 4765 1500 4804 eum
1528 4750 1800 4819 videbitis,

169 4863 320 4904 non
366 4845 515 4901 sicut
544 4841 783 4897 vidistis.
825 4840 896 4895 At
951 4838 1064 4892 illa
1094 4847 1363 4894 exeuntes
1403 4840 1679 4908 fugerunt.
1717 4839 1806 4894 Di-

161 4941 359 4996 citur
387 4935 453 4990 de
479 4933 660 4987 futura
690 4930 796 4985 vita
820 4945 835 4982 :
866 4927 934 4984 Et
964 4929 1131 4999 fugiet
1157 4927 1312 4983 dolor
1341 4945 1403 4982 ac
1421 4929 1644 4998 gemitus
1663 4927 1802 5000 (lsa.

163 5044 390 5094 xxxv,
421 5025 536 5096 l9).
563 5024 850 5080 Imitantur
873 5020 1134 5076 mulieres
1161 5027 1292 5076 ante
1334 5021 1803 5077 resurrectionem

157 5121 485 5184 omnium,
539 5117 684 5188 quod
731 5114 938 5170 iaciunt
1002 5121 1124 5184 post
1157 5114 1615 5168 resurrectionem
1646 5112 1806 5169 :‘fu-

155 5217 371 5287 gtunt
427 5218 660 5263 mortem
691 5213 748 5261 et
795 5217 1078 5276 pavorem.
1121 5201 1189 5257 Et
1229 5204 1450 5259 nemini
1501 5206 1800 5274 quidquam

151 5310 492 5368 dixerunt,
543 5300 670 5368 quia
719 5298 821 5368 ipsi
873 5296 975 5354 soli
1029 5296 1346 5368 mysterium
1374 5297 1802 5354 resurrectionis

151 5400 302 5457 violo
329 5401 426 5458 ut,
481 5392 575 5461 qui
613 5391 799 5446 videre
853 5389 956 5458 ipsi
991 5388 1122 5444 illud
1151 5398 1492 5445 meruerunt.
1527 5387 1684 5444 Unde
1713 5403 1805 5446 sc-

142 5494 406 5566 quitur
431 5487 589 5557 juxta
634 5482 900 5541 Joannem
937 5501 953 5540 :
1011 5480 1207 5538 Petrus
1240 5493 1420 5538 autem
1455 5485 1702 5538 cucurrit
1734 5485 1801 5541 ad

153 5589 652 5644 monumentum,
688 5585 747 5632 ut
779 5577 988 5633 videret
1025 5576 1140 5644 ipse
1177 5579 1320 5646 quod
1351 5575 1562 5632 audivit
1613 5576 1800 5647 (Joau.

153 5695 281 5741 ιι,
319 5668 422 5740 ὁ).
455 5669 696 5738 Surgens
727 5679 906 5724 autem
956 5667 1118 5723 Jesus
1151 5668 1327 5736 primo
1361 5684 1518 5724 mane
1565 5669 1799 5737 sabbati,

143 5765 410 5829 ﬂat-ia:
445 5761 775 5832 Magdalenen
829 5762 1004 5831 primo
1043 5761 1354 5816 ostenditur
1387 5775 1403 5813 :
1453 5761 1521 5816 de
1555 5777 1657 5831 qna
1685 5763 1800 5832 eje-

143 5869 358 5925 cerat
391 5864 598 5928 septem
621 5854 907 5924 daemonia,
943 5855 1068 5928 quia
1100 5855 1418 5912 meretrices
1443 5864 1495 5910 ct
1519 5856 1798 5926 publicani

1907 4663 2087 4711 tacent
2118 4653 2592 4726 :Hierosolymam
2633 4654 2930 4723 signiﬁcat,
2961 4669 3078 4718 qua:
3105 4656 3262 4710 estin
3292 4653 3482 4710 Orien-

1906 4749 1977 4803 tis
2021 4747 2272 4818 partibns
2319 4747 2607 4803 collocata.
2672 4745 2830 4802 Unde
2889 4746 3171 4812 Dominus,
3220 4747 3480 4816 apostolis

1903 4839 2240 4903 videntibus,
2295 4839 2542 4892 ascendit
2587 4839 2654 4892 ad
2690 4839 2878 4894 εωΙοι.
2910 4837 3079 4893 Terra
3113 4839 3296 4894 multis
3322 4839 3478 4908 plena

1905 4930 2208 4998 miraculis,
2257 4931 2347 4984 ubi
2427 4930 2665 4998 ﬁdelium
2713 4931 3005 4986 credulitas
3054 4934 3179 5001 plus
3244 4931 3475 4998 actibus,

1905 5038 2066 5094 quam
2124 5021 2451 5077 lectionibus
2493 5022 2767 5077 eruditur.

1979 5132 1999 5166 ι
2032 5111 2136 5179 Qui
2163 5111 2484 5178 crediderit,
2503 5121 2560 5168 et
2590 5114 2903 5182 baptizatus
2923 5114 3106 5179 fuerit,
3130 5117 3314 5170 salvus
3327 5118 3429 5172 erit
3461 5134 3479 5184 ;

1904 5205 1995 5274 qui
2011 5219 2142 5260 vero
2161 5220 2268 5260 non
2286 5205 2600 5270 crediderit,
2623 5207 3092 5262 condemnabitur.
3115 5208 3276 5278 Signa
3299 5220 3478 5265 autem

1905 5313 2023 5363 eos,
2073 5297 2169 5368 qui
2222 5297 2578 5364 crediderint,
2629 5298 2745 5354 haec
2794 5307 3094 5368 sequentur
3125 5316 3140 5354 :
3173 5300 3227 5354 ln
3260 5302 3481 5356 nomine

1905 5407 2028 5447 meo
2053 5391 2321 5447 damonis
2345 5391 2588 5460 ejicicnt,
2612 5392 2810 5463 linguis
2833 5393 3128 5460 loquentur
3158 5393 3340 5456 novis,
3361 5408 3481 5448 ser-

1906 5491 2096 5552 pentes
2119 5482 2334 5538 tollent.
2373 5481 2438 5537 Et
2465 5483 2513 5538 si
2540 5483 2882 5538 mortiferum
2923 5481 3052 5551 quid
3084 5482 3343 5546 biberint,
3374 5501 3480 5542 non

1903 5576 1982 5630 eis
2000 5575 2417 5646 nocebit.Super
2433 5577 2810 5646 agrosjmanus
2831 5576 3128 5644 imponent,
3147 5583 3201 5630 et
3220 5577 3356 5630 bene
3385 5577 3485 5632 ba-

1907 5668 2130 5724 bcbunt.
2155 5668 2218 5722 Et
2244 5669 2502 5723 Dominus
2531 5668 2744 5737 quidem
2773 5666 2932 5722 .lesus
2957 5677 3237 5737 postquam
3270 5667 3486 5726 locutus

1905 5769 1988 5815 est
2022 5762 2121 5826 eis,
2154 5771 2472 5831 assumptus
2499 5772 2584 5818 est
2611 5761 2663 5815 in
2699 5761 2926 5827 ctelum,
2957 5769 3011 5816 et
3039 5761 3190 5816 sedet
3213 5775 3242 5814 a
3276 5761 3486 5820 dextris

1906 5856 2021 5912 Dei.
2063 5854 2146 5911 Illi
2182 5840 2360 5910 autem
2395 5855 2624 5926 profecti
2657 5856 3093 5926 praedicaverunt
3127 5854 3345 5925 ubique,
3377 5853 3486 5913 Do-
