3934 6200
245 352 322 416 ‘39
1239 340 1663 420 sitmsmo
1698 361 1780 422 1N

1820 362 2059 427 EPIST.
2102 362 2205 424 AD
2248 364 2434 427 ROM.
3355 365 3464 433 δη)

1284 705 2396 896 COMMENTARII

702 963 1756 1126 EPISTOLAS
1860 965 2548 1128 SANGTI
2649 971 3280 1131 PAULI.

437 1717 506 1756 ..ο
553 1701 664 1756 tuis
709 1700 916 1756 cursim
965 1702 1099 1756 mihi
1156 1702 1358 1767 allatis,
1406 1710 1463 1758 et
1507 1702 1792 1760 laboribus

299 1793 438 1848 suris
466 1793 519 1846 in
550 1793 727 1848 sacris
765 1793 1050 1848 codicibus
1081 1794 1350 1850 desudare
1373 1809 1458 1848 me
1487 1797 1656 1862 cogis,
1683 1796 1791 1862 iam

221 1886 349 1938 mihi
391 1894 718 1939 senescente
743 1899 975 1954 corpore
1010 1894 1066 1939 et
1112 1887 1318 1940 viribus
1343 1886 1789 1956 lassescentihus,

221 1977 505 2032 Heliodore
553 1990 750 2032 sancte
782 1991 795 2030 :
831 1980 994 2047 idque
1044 1979 1095 2032 in
1149 1978 1407 2048 Epistolis
1438 1981 1582 2035 beati
1616 1979 1791 2045 Pauli,

219 2083 333 2134 qua:
359 2079 413 2121 et
443 2069 680 2122 scientia
713 2068 1092 2138 praedicatoris
1113 2111 1128 2134 ,
1165 2078 1221 2123 et
1254 2069 1383 2123 lima
1416 2069 1646 2139 justitite
1681 2079 1789 2125 tant

195 2173 436 2237 .magna,
471 2169 530 2212 et
573 2161 956 2230 praedicando,
1016 2173 1071 2215 ct
1132 2162 1400 2224 docendo,
1468 2163 1783 2218 testimoiiio

217 2246 450 2315 Spiritus
511 2253 687 2304 sancti
751 2250 976 2319 prolatae
1044 2260 1206 2318 atque
1269 2250 1508 2304 dilatata:
1548 2261 1697 2312 sunt.
1736 2259 1796 2304 ut

211 2353 530 2408 comparare
607 2352 700 2396 aut
761 2357 1046 2413 coaequare
1107 2342 1292 2397 Veteri
1353 2340 1702 2397 Testamento
1743 2353 1798 2396 et

213 2432 542 2498 evangelica:
586 2434 850 2488 doctrinae
915 2449 1022 2488 non
1084 2435 1414 2488 dubitemus.
1449 2433 1564 2503 ipse
1612 2433 1754 2486 enim
1781 2472 1796 2496 ,

211 2526 490 2580 revelante
550 2527 652 2580 sibi
683 2525 893 2595 Spiritu
957 2537 1169 2591 sancto,
1239 2527 1514 2592 cognovit,
1567 2525 1694 2578 dum
1738 2539 1797 2578 se

215 2627 429 2686 raptum
463 2631 587 2672 esse
623 2633 798 2689 usque
836 2618 904 2673 ad
939 2618 1158 2673 tertium
1192 2616 1387 2673 caelum
1445 2618 1798 2686 incorpore,

1491 1391 2176 1485 PREFATIO.

1819 1699 1870 1759 Α
1897 1712 1991 1759 aut
2019 1713 2173 1759 extra
2200 1713 2400 1771 corpus
2431 1703 2648 1768 asserit,
2683 1702 2786 1757 hoc
2823 1710 2908 1756 est
2935 1715 3106 1772 usque
3151 1701 3216 1756 ad
3253 1702 3468 1758 tertiam

1897 1796 2067 1866 legem
2106 1796 2320 1851 Veteris
2346 1793 2589 1864 Novique
2616 1793 2973 1849 Testamenti.
3009 1792 3064 1847 In
3106 1809 3354 1864 corpore.
3376 1803 3470 1848 aut

1894 1895 2050 1940 extra
2083 1901 2302 1953 corpus,
2353 1885 2404 1938 id
2457 1893 2544 1940 est
2574 1928 2588 1952 ,
2629 1899 2807 1952 neque
2846 1902 2942 1956 per
2996 1885 3167 1953 legem
3222 1895 3462 1953 natium,

1895 1993 2071 2047 neque
2104 1994 2200 2046 per
2218 1977 2388 2046 legent
2412 1977 2628 2044 litterae,
2658 1981 2750 2032 sed
2776 1993 2871 2046 per
2899 1977 3164 2044 Spiritum
3197 1987 3471 2042 sanctum,

1891 2067 1939 2120 ei
1980 2066 2236 2122 omnibus
2276 2065 2538 2136 apostolis
2569 2067 2794 2120 minimo
2831 2066 3123 2120 novissime
3151 2065 3338 2120 datum
3374 2083 3472 2136 per

1889 2157 2076 2212 Jcsutn
2137 2156 2418 2210 Christum
2474 2155 2761 2209 Dominum
2819 2165 3060 2208 nostrum
3101 2196 3117 2221 ,
3165 2171 3263 2225 per
3307 2171 3466 2222 quem

1899 2249 2160 2302 habemus
2176 2262 2453 2302 accessum
2481 2249 2534 2300 in
2565 2247 2666 2301 ista
2692 2247 2883 2315 gratia,
2929 2245 2980 2300 in
3014 2263 3118 2315 qua
3151 2255 3208 2302 et
3258 2259 3470 2302 stamus

1895 2352 1952 2394 et
2001 2339 2318 2408 gloriamur.
2380 2339 2490 2393 Nos
2544 2353 2674 2391 vero
2738 2338 3058 2405 simpliciter
3107 2339 3470 2408 exposuisse,

1898 2432 2265 2500 brevibusque
2306 2432 2690 2496 sermonibus,
2732 2431 3055 2497 comperies.
3102 2430 3232 2500 Ejus
3279 2445 3472 2500 nempe

1899 2522 2153 2591 Epistola
2179 2498 2617 2588 magnificentius
2662 2520 2728 2573 ab
2751 2519 3005 2574 omnibus
3039 2498 3381 2589 sapientibus
3407 2498 3472 2574 iet

1904 2613 2336 2686 interpretantur
2387 2622 2442 2667 et
2464 2612 2846 2683 praedicantur.

942 2977 1070 3066 IN
1146 2971 1829 3065 EPISTOLAM
1902 2970 2056 3061 AD
2132 2970 2752 3070 ROMANOS.

1794 3147 1863 3174 ,—

705 3273 936 3334 CAPUT
976 3273 1274 3332 PRIMUM.

277 3395 298 3430 ι
337 3374 577 3431 Paulus.
605 3391 623 3425 ι
645 3372 953 3439 Quaerimus
981 3387 1151 3438 quare
1182 3368 1390 3424 Paulus
1422 3369 1652 3434 scribat,
1675 3385 1798 3426 cum

197 3466 407 3522 Saulus
438 3473 608 3521 antea
636 3463 705 3517 sit
734 3461 1002 3518 vocatus?
1024 3459 1177 3526 Quod
1211 3475 1276 3515 ex
1309 3475 1461 3515 more
1481 3471 1798 3516 sanctorum

197 3563 408 3617 fecisse
447 3557 788 3614 credendum
817 3566 918 3620 est,
953 3556 1042 3623 qui
1077 3555 1130 3608 in
1175 3552 1469 3608 virtutibus
1513 3555 1802 3623 prolicien-

195 3661 304 3716 tes,
336 3660 566 3706 mutato
603 3647 824 3703 nomine
877 3655 1007 3700 sunt
1051 3646 1263 3710 vocati,
1305 3653 1361 3698 ut
1405 3652 1587 3699 essent
1637 3645 1797 3698 etiam

193 3745 314 3814 lpso
361 3744 600 3800 nemine
627 3739 775 3805 norl,
810 3746 870 3794 ut
902 3737 1200 3804 Abraham,
1234 3747 1286 3793 et
1319 3735 1450 3791 Sara
1491 3748 1545 3792 et
1567 3737 1801 3807 Cephas.

185 3840 405 3894 Aliter.
461 3823 698 3892 Paulus.
755 3833 912 3888 Sicut
957 3833 1187 3886 aliorum
1237 3841 1552 3886 sanctorum
1596 3839 1704 3883 tam
1745 3829 1800 3883 in

187 3928 414 3993 Veteri,
445 3939 621 3998 quant
652 3925 705 3980 ltt
742 3922 893 3978 Novo
927 3921 1298 3987 Testamento,
1321 3921 1374 3976 ω
1405 3919 1799 3984 estAbrabam,

183 4033 240 4078 et
275 4021 472 4088 Peiri,
519 4029 579 4074 et
639 4026 992 4080 cancrorum,
1027 4015 1274 4084 profectu
1337 4021 1394 4066 et
1453 4012 1794 4065 incremento

184 4111 547 4166 meritorum
580 4114 784 4160 mutata
817 4112 943 4160 sunt
972 4103 1194 4158 nomina
1233 4115 1249 4156 :
1277 4101 1351 4155 ita
1411 4109 1464 4156 et
1512 4099 1709 4155 Paulus
1743 4100 1802 4154 in

177 4207 374 4276 gratia
427 4199 759 4271 proﬁciens,
790 4211 986 4254 nomen
1028 4195 1130 4250 sibi
1159 4195 1274 4264 ipse
1308 4194 1557 4248 mutavit.

259 4312 282 4345 ι
323 4292 567 4346 Servus
599 4285 723 4342 Jesu
761 4286 1020 4341 Christi.»
1045 4286 1090 4338 Α
1113 4299 1272 4340 servo
1293 4283 1801 4354 capiuexemplum

179 4383 360 4439 nobis
425 4379 774 4436 humilitatis
813 4377 1109 4432 ostendens
1141 4391 1154 4428 :
1189 4377 1344 4446 quasi
1380 4377 1626 4430 imitator
1661 4375 1804 4445 ejus,

172 4477 272 4546 qui
313 4473 654 4529 exinanivit
712 4473 990 4540 seipsum,
1024 4467 1254 4524 formam
1301 4467 1442 4522 servi
1494 4465 1802 4535 accipiens,

170 4579 234 4624 et
279 4564 638 4624 humiliavit
681 4564 960 4634 seipsum,
995 4560 1171 4616 factos
1212 4559 1473 4613 obedieus
1519 4571 1692 4625 usque
1736 4555 1802 4611 ad

167 4673 440 4718 mortem
483 4667 505 4713 ξ

167 4751 477 4822 (Philipp.
511 4765 580 4812 lt,
612 4748 754 4815 7-9).
791 4745 852 4800 Et
897 4747 984 4799 hic
1035 4756 1132 4815 per
1178 4744 1332 4798 lldele
1365 4743 1599 4812 primum
1632 4741 1803 4795 servi-

163 4846 324 4901 tium
378 4841 616 4897 meruit
670 4839 1058 4909 aposwiatum.
1107 4835 1281 4902 ltem,
1338 4851 1464 4889 non-
1501 4835 1800 4890 secundum

167 4938 522 4996 timorem,
580 4932 674 4986 sed
732 4931 1030 4985 secundum
1080 4928 1422 4982 dilectionem
1451 4967 1466 4991 ,
1516 4928 1658 4980 sicut
1693 4927 1806 4994 ipse

158 5031 320 5086 dicit
361 5044 380 5081 :
447 5023 594 5078 Viro
640 5034 841 5086 autem,
868 5022 984 5091 jam
1018 5035 1123 5076 non
1163 5037 1274 5092 ego,
1322 5021 1441 5074 vivit
1475 5035 1590 5073 vero
1621 5020 1675 5072 in
1726 5033 1807 5072 me

157 5119 459 5176 Christus
513 5113 726 5186 (Colat.
759 5129 820 5177 tt,
852 5113 969 5183 20).

238 5232 265 5267 ι
317 5212 611 5268 Vocatus
639 5207 942 5276 apostolus.
981 5223 1000 5257 ι
1032 5204 1153 5260 Jam
1189 5207 1240 5258 in
1276 5205 1560 5274 praesentia
1604 5207 1669 5260 ad
1699 5203 1804 5259 hoc

145 5315 455 5366 vocatus,
531 5309 596 5352 ut
645 5307 794 5354 esset
855 5298 1154 5367 apostolus.
1208 5298 1336 5350 Item
1391 5298 1628 5351 ostendit
1696 5312 1806 5351 non

142 5399 360 5453 solum
405 5397 692 5446 vocatum
739 5403 797 5442 se
831 5388 896 5442 ad
931 5392 1268 5458 apostolatus
1302 5389 1554 5456 gratiam,
1633 5389 1728 5441 sed
1751 5397 1807 5442 et

142 5492 578 5555 segregatum
629 5480 684 5532 in
736 5479 1174 5548 praedicationem
1222 5477 1516 5547 gentium,
1573 5487 1630 5530 ut
1689 5479 1806 5545 ipse

137 5585 478 5635 memorat
533 5586 556 5626 :
590 5570 694 5625 Nos
723 5572 777 5624 in
812 5571 1094 5640 gentibus:
1129 5571 1231 5638 ipsi
1272 5580 1446 5622 autem
1482 5570 1536 5622 in
1578 5571 1806 5622 circum~

135 5671 390 5727 cisione
425 5663 666 5736 (Calai.
718 5678 797 5727 tt,
833 5665 910 5730 9).
941 5662 1179 5718 Vocatus
1231 5676 1359 5731 ergo
1408 5678 1438 5716 a
1479 5663 1699 5717 Christo
1751 5663 1803 5716 in

132 5759 630 5837 apostolatutu;
680 5763 994 5827 segregatus
1057 5763 1236 5810 autem
1273 5755 1328 5810 in
1364 5753 1799 5826 prwdicationem

573 4621 795 4724 propter
831 4621 974 4722 quod
1046 4661 1101 4708 et
1153 4650 1298 4706 Deus
1345 4651 1492 4706 illum
1548 4621 1877 4705 exvaltavitc

1823 3292 1867 3348 Β
1897 3280 2158 3362 gentium,
2191 3291 2248 3336 ut
2273 3280 2527 3338 ostendat
2560 3297 2723 3338 unam
2750 3298 2873 3339 esse
2898 3283 3257 3341 substantiam
3279 3282 3475 3351 Patris,

1902 3383 1957 3428 et
1997 3371 2144 3439 Filii,
2174 3383 2229 3428 et
2269 3373 2504 3442 Spiritus
2533 3375 2732 3430 saneti.

1978 3482 1997 3515 ι
2041 3462 2397 3534 Segregatus.
2444 3484 2462 3516 ι
2518 3465 2673 3521 Sicut
2723 3465 2777 3520 in
2831 3462 3060 3522 Actibus
3106 3470 3475 3537 apostolorum

1903 3553 2136 3622 Spiritus
2160 3567 2379 3611 sanctus
2405 3557 2556 3622 dicit,
2588 3557 2870 3628 Segregate
2902 3560 3030 3612 mihi
3072 3557 3380 3615 Barnabam
3423 3571 3476 3616 et

1903 3645 2138 3701 Paulum
2169 3649 2222 3702 in
2257 3665 2386 3715 opus
2409 3649 2479 3702 ad
2505 3647 2645 3717 quod
2675 3649 2810 3718 elegi
2835 3665 2922 3702 eos
2954 3649 3092 3720 (Act.
3137 3666 3256 3714 snt,
3287 3652 3366 3718 2).

1980 3757 1998 3791 ι
2042 3738 2100 3791 lu
2135 3735 2484 3806 Evangeliutn
2517 3737 2632 3793 Dei.
2665 3758 2685 3791 ι
2721 3739 3091 3808 Evangeliutn,
3125 3739 3315 3794 Latine
3341 3743 3477 3796 bona

1906 3831 2244 3884 annuutiatio
2312 3829 2558 3884 dicitur:
2619 3831 2920 3885 nativitatis
2973 3831 3184 3886 scilicet
3233 3832 3478 3899 Christi.

1907 3926 2172 3995 passionis
2223 3935 2277 3980 et
2331 3923 2786 3989 resurrectionis,
2841 3933 2894 3977 et
2932 3924 2986 3978 in
3041 3925 3236 3979 caelum
3287 3941 3481 3980 ascen-

1905 4014 2099 4068 sionis.

1981 4125 1999 4156 ι
2051 4103 2204 4171 Quod
2239 4113 2364 4159 ante
2398 4104 2721 4175 promiserat
2770 4119 2866 4174 per
2903 4105 3194 4176 praphetas
3250 4121 3399 4162 suos.
3444 4122 3467 4158 ι

1906 4196 2153 4253 Ostendit
2183 4212 2243 4252 se
2271 4197 2552 4252 Christum
2601 4212 2707 4254 non
2744 4197 2914 4251 alium
2961 4199 3276 4267 prardicare,
3315 4214 3481 4266 quam

1906 4304 2028 4343 eum
2089 4288 2247 4354 cujus
2299 4285 2652 4358 Evangelium
2708 4288 2988 4358 prophetae
3058 4290 3125 4343 ab
3183 4289 3484 4346 Jerusalem

1909 4381 2273 4450 promiserant
2302 4395 2422 4436 esse
2465 4393 2779 4435 venturum.

1986 4490 2006 4524 ε
2050 4471 2106 4526 ln
2140 4471 2437 4541 Scripturis
2473 4471 2699 4527 sanctis.
2732 4489 2751 4523 ›
2791 4471 2941 4541 Ipsos
2991 4470 3186 4525 asserit
3223 4470 3312 4524 Dei
3347 4486 3474 4538 pro-

1912 4565 2105 4634 phetas
2131 4579 2252 4619 esse
2286 4579 2299 4614 :
2339 4575 2389 4618 et
2416 4563 2534 4618 illas
2564 4562 2876 4632 Scripturas
2915 4572 3131 4620 sanctas
3167 4563 3231 4616 de
3261 4562 3484 4618 (.‘hriSte

1910 4667 2036 4710 ante
2082 4657 2420 4710 cecinerunt.
2491 4653 2690 4710 Verum
2751 4665 2896 4710 totus
2947 4655 3034 4708 hic
3086 4653 3237 4710 locus
3289 4665 3486 4709 contra

1909 4748 2242 4804 Manicltaeus
2273 4748 2424 4812 facit,
2460 4746 2553 4800 ubi
2583 4747 2747 4811 dicit,
2783 4749 2924 4815 quod
2963 4745 3310 4817 Evangeliutn
3357 4758 3484 4798 ante

1907 4843 1980 4896 sit
2013 4843 2362 4908 promissum,
2398 4847 2453 4893 et
2487 4854 2580 4907 per
2620 4840 2908 4908 protihetas
2947 4838 3076 4902 Dei,
3111 4851 3164 4892 et
3195 4838 3248 4892 in
3278 4837 3482 4893 sanctis

1910 4931 2226 5001 Scripturis,
2258 4931 2397 4998 quod
2421 4928 2673 4984 Christus
2704 4932 3000 4983 secundum
3032 4945 3247 4983 carnem
3272 4944 3336 4982 ex
3373 4927 3484 4979 Da—

1909 5025 1995 5078 vid
2030 5023 2216 5092 stirpc,
2259 5024 2310 5077 id
2353 5032 2434 5077 est
2483 5023 2547 5078 de
2594 5023 2761 5076 Maria
2811 5020 3056 5091 Virgine,
3113 5021 3182 5074 sit
3239 5030 3480 5086 creatus,

1913 5117 2218 5172 secundum
2269 5116 2413 5184 quod
2457 5116 2786 5185 prmdixcrat
2835 5113 2998 5170 Isaias
3029 5112 3168 5184 (cup.
3201 5126 3274 5166 vtt
3299 5149 3314 5176 ,
3346 5127 3484 5166 vers.

1915 5210 2026 5280 tt).

1993 5321 2012 5352 ι
2052 5302 2124 5356 De
2165 5299 2306 5356 Filio
2344 5314 2464 5356 suo.
2508 5319 2526 5352 ι
2561 5299 2710 5354 Multi
2749 5297 2841 5352 ἢῆί
2878 5297 3077 5367 gratia,
3113 5295 3202 5349 hic
3245 5304 3483 5363 natura;

1913 5393 2069 5458 cujus
2103 5394 2265 5444 etiam
2326 5391 2380 5444 in
2426 5405 2591 5444 carne
2627 5392 2880 5444 nativitas
2937 5387 3221 5442 dissimilis
3276 5387 3488 5442 cteteris

1913 5481 2193 5536 invenitur
2217 5497 2282 5538 eo
2309 5482 2453 5552 quod
2475 5497 2536 5536 ex
2575 5480 2782 5551 virgine
2833 5485 2992 5534 natus
3030 5489 3138 5534 est.

1991 5592 2010 5625 ι
2046 5571 2150 5640 Qui
2181 5573 2354 5629 factus
2402 5581 2485 5628 est
2527 5575 2576 5628 ei
2624 5589 2688 5626 ex
2741 5572 2948 5629 senti-te
2999 5570 3191 5626 David.
3228 5590 3247 5624 ι
3285 5571 3486 5628 Factus

1915 5681 2012 5738 per
2045 5667 2304 5734 Spiritum
2337 5675 2604 5720 sanctum.

1991 5777 2011 5812 ι
2048 5756 2359 5814 Secundum
2383 5771 2624 5814 carnem.
2669 5775 2688 5811 ι
2724 5756 2988 5816 Addeudo
3029 5756 3327 5816 secundum
3355 5772 3483 5815 car-
