3946 6206
468 320 578 384 δτι

1416 332 1493 391 8.
1538 332 1982 395 IIIERONYMI
2024 332 2359 394 OPERUM
2390 330 2788 390 MANTISSA.

3612 324 3714 388 67.!

468 456 618 501 Item,
672 451 721 493 et
755 439 1042 495 Pliotiuum
1096 443 1379 507 excludit,
1425 456 1479 500 ct
1530 449 1741 502 Arium.
1799 448 1854 504 Si
1902 448 2049 504 enim

2197 445 2417 516 postolis
2472 444 2824 514 praedicetur.
2888 442 3019 496 Item
3083 443 3378 512 prudenter
3432 441 3628 506 laudat,
3664 444 3716 498 ut

470 532 769 586 secundum
820 547 1040 587 carnem
1095 533 1273 589 factus
1321 547 1446 601 est,
1504 540 1805 593 secundum
1882 539 2046 597 Verbi

473 626 658 693 utique
690 626 1048 680 substantiam
1089 628 1273 683 factus
1315 645 1421 683 non
1453 640 1557 686 est.

550 736 565 765 ι
606 713 707 780 Qui
746 719 1165 784 praedestinatus
1210 730 1291 774 est
1339 721 1511 777 Filius
1545 724 1637 779 Dei
1692 725 1743 778 in
1796 724 2050 782 virtute.»

476 805 718 859 Diceudo
782 809 832 862 in
883 810 1106 874 virtute,
1137 813 1379 867 ostemlit
1410 831 1515 869 non
1550 818 1772 871 solitum
1808 818 2056 872 humana:

477 907 683 951 naturte
716 914 839 954 esse
883 911 1237 972 conceptum,
1275 907 1371 959 sed
1408 907 1614 977 absque
1667 910 1813 963 virili
1851 910 2058 965 semine

476 1004 539 1042 ex
580 990 787 1059 virgine
821 1002 1186 1057 procreatum.
1224 993 1507 1050 luit-rendo
1537 1008 1717 1053 autem
1753 1014 1767 1053 :
1812 1012 1815 1015 '

552 1102 569 1133 t
612 1082 921 1139 Secundum
959 1083 1220 1154 Spiritum
1251 1089 1719 1154 sanctiﬁcationis,
1762 1111 1779 1142 ι
1815 1093 2059 1147 ostendit

479 1185 785 1228 creatorem
847 1173 1108 1243 Spiritum
1159 1191 1435 1234 sanctum.
1493 1184 1625 1235 item
1660 1195 1715 1235 ut
1754 1185 1825 1239 sit
1856 1185 1907 1238 in
1937 1200 2061 1240 om-

478 1265 637 1317 nibus
689 1268 802 1333 ipse
859 1267 1147 1335 primatum
1187 1266 1376 1324 tenens
1402 1310 1416 1335 ,
1453 1273 1752 1326 secundum
1788 1274 2050 1343 Spiritum

486 1356 943 1413 sanctiﬁcationis
1000 1362 1443 1429 praedestinatus,
1473 1373 1531 1415 ιιι
1593 1364 1741 1433 prior
1808 1367 2062 1422 onmibus

479 1446 1023 1515 incorruptibilitatis
1050 1453 1252 1506 virtute
1294 1463 1563 1520 surgeret,
1607 1465 1663 1509 et
1704 1457 1845 1511 viam
1877 1473 2064 1514 resur-

481 1540 742 1593 rectionis
778 1542 872 1595 Dei
935 1543 1060 1597 ﬁliis
1089 1546 1344 1613 aperiret.
1397 1548 1469 1600 De
1499 1549 1695 1617 qu‘bus
1730 1551 1845 1617 ipse
1881 1554 2009 1608 dicit
2045 1570 2059 1606 :

484 1629 624 1694 Quia
652 1630 757 1695 ﬁlii
805 1631 938 1700 Dei,
973 1650 1092 1688 cum
1150 1638 1253 1690 sint
1308 1637 1410 1707 ﬁlii
1468 1643 1873 1698 resurrectionis
1907 1644 2062 1715 (Luc.

482 1735 577 1787 xv,
617 1722 734 1790 36).

562 1834 583 1863 s
621 1812 699 1867 Ex
746 1819 1145 1877 resurrectione
1180 1832 1519 1880 mortuorum
1551 1828 1678 1883 Jesu
1711 1830 1912 1886 Christi
1958 1831 2069 1886 Do-
2100 1810 2141 1865 Β

487 1904 620 1958 mini
676 1911 869 1963 nostri.
906 1930 924 1961 ι
966 1912 1078 1965 Non
1128 1919 1369 1970 omnium
1405 1925 1826 1991 resurgentium,
1860 1928 1953 1980 sed
2000 1927 2069 1981 ad

488 1997 768 2053 Christum
821 2006 1251 2075 pertinentium,
1304 2011 1360 2065 in
1420 2015 1535 2082 ipso
1569 2014 1786 2071 Christo
1822 2032 2072 2075 resurre-

486 2091 687 2145 ctionis
721 2092 893 2150 forma
940 2111 1043 2153 est.
1385 2086 1396 2098 ’
2030 2092 2042 2103 “

568 2202 587 2235 ι
630 2186 735 2240 Per
756 2204 920 2257 quem
950 2196 1261 2263 accepimus
1293 2196 1523 2269 gratiam
1561 2210 1613 2255 et
1645 2201 2068 2273 apostolatum.»

489 2273 733 2371 Cratiam
794 2279 847 2333 in
912 2284 1183 2351 baptismo
1234 2304 1249 2343 :
1304 2290 1665 2358 apostolatum
1698 2333 1714 2359 ,
1766 2294 1985 2363 quando
2042 2308 2074 2347 a

495 2368 707 2436 Spiritu
750 2383 942 2427 sancto
970 2375 1216 2432 directus
1259 2390 1365 2433 est.
1404 2382 1702 2451 Apostolus
1735 2385 1880 2439 enim
1921 2385 2075 2440 Grae-

495 2475 585 2524 ce,
619 2461 812 2517 Latine
852 2466 1045 2521 missus
1078 2469 1299 2525 dicitur.
1336 2473 1482 2526 Idem
1518 2484 1669 2529 tecto
1708 2477 1939 2543 ordine,
1979 2492 2075 2532 ac-

501 2563 657 2655 cepta
690 2557 890 2624 gratia,
926 2560 1185 2617 honorem
1213 2566 1557 2635 apostolatus
1589 2570 1853 2625 meruisse
1898 2584 1961 2625 se
1994 2571 2078 2625 di-

576 2755 596 2788 s
633 2737 713 2793 Ad
768 2739 1137 2799 obediendum
1206 2746 1353 2805 ﬁdei.
1418 2768 1437 2802 ι
1492 2750 1748 2810 Ostendit
1797 2754 2076 2827 Evangelii

498 2829 731 2894 gratiam
767 2832 1145 2890 obetlieutibus
1173 2841 1594 2906 praedicandam.

576 2919 692 3021 rln
736 2926 993 2981 omnibus
1039 2931 1317 2997 gentibus.
1384 2951 1402 2985 ι
1435 2934 1815 3004 Αρθειοιιιιιιιη
1844 2940 2077 3011 accepit,

501 3016 560 3061 ut
583 3016 698 3078 jam
738 3029 843 3070 u0n
878 3018 1004 3088 legi,
1035 3022 1128 3073 sed
1166 3022 1286 3075 ﬁdei
1317 3026 1626 3084 obelireut.

575 3101 714 3200 ι-Ρτο
735 3108 955 3200 nomine
976 3111 1115 3182 ejus.
1144 3131 1163 3164 ι
1200 3111 1330 3171 Vice
1352 3118 1591 3174 nominis
1619 3121 1739 3190 ejus
1765 3123 2071 3189 iungimur,
2107 3143 2151 3200 ε

500 3200 555 3281 ιιι
588 3191 704 3261 ipse
743 3196 818 3250 ait
850 3215 865 3251 :
903 3198 1052 3253 Sicut
1087 3203 1229 3256 misit
1261 3222 1341 3259 me
1376 3206 1540 3261 Pater
1563 3249 1579 3273 ,
1610 3220 1661 3263 ct
1691 3228 1783 3281 ego
1814 3214 1967 3267 mitto
1989 3230 2081 3267 vos

500 3280 689 3344 (Joau.
726 3302 792 3340 xx
820 3330 835 3351 ,
870 3289 986 3358 21).
1043 3292 1108 3345 Ει
1167 3295 1360 3350 iterum
1399 3314 1412 3350 :
1454 3297 1563 3365 Qui
1610 3318 1700 3357 vos
1736 3304 1956 3365 recipit,
2001 3320 2083 3358 me

500 3373 690 3442 recipit
734 3374 955 3441 (Matth.
991 3397 1019 3432 κ
1046 3419 1060 3445 ,
1093 3382 1207 3454 40).

582 3480 603 3516 ι
643 3462 699 3518 lu
734 3468 934 3535 quibus
956 3473 1088 3527 catis
1117 3484 1171 3528 et
1201 3489 1297 3531 vos
1334 3477 1659 3536 vocatiiesu
1689 3481 1917 3540 Christi.
1962 3502 1980 3534 ι
2019 3480 2084 3538 Et

506 3555 559 3609 in
608 3561 785 3622 vobis,
821 3561 873 3615 id
918 3573 1000 3619 est
1030 3564 1315 3638 Romanis,
1350 3575 1709 3641 apostolatum
1751 3578 2081 3648 accepimus.

587 3667 608 3701 ι
657 3651 924 3709 Omnibus
963 3659 1056 3727 qui
1108 3671 1235 3715 sunt
1288 3663 1471 3721 Romae
1513 3666 1725 3724 dilectis
1764 3667 1881 3724 Dei.
1921 3690 1938 3722 ι
1972 3667 2086 3725 Hoc

511 3749 597 3795 est
641 3744 898 3800 omnibus
948 3751 1301 3809 credentibus
1332 3795 1348 3823 ,
1400 3771 1535 3825 quos
1578 3758 1863 3829 aequaliter
1911 3759 2088 3830 diligit

510 3833 654 3891 Deus
688 3838 806 3894 sine
839 3845 1156 3912 acceptione
1206 3861 1477 3917 personae,
1516 3849 1708 3916 Judaei,
1759 3852 1844 3907 vel
1889 3851 2085 3908 Graeci.

586 3946 607 3979 ι
648 3928 864 3987 Vocatis
909 3938 1133 3991 sanctis.
1175 3955 1194 3989 ι
1245 3939 1460 3996 Sanctis
1494 3946 1776 3999 vocatione
1806 3944 1941 4013 Dei,
1974 3960 2085 4001 non

510 4020 722 4076 meritis
765 4022 918 4079 facti.
952 4027 1084 4083 Item
1115 4030 1324 4087 idcirco
1356 4032 1513 4099 dicit,
1550 4037 1755 4090 sanctis
1782 4075 1797 4101 ,
1828 4041 2086 4107 quoniam

506 4115 739 4203 gratiam
764 4115 1000 4187 Spiritus
1020 4124 1191 4177 sancti
1226 4124 1549 4181 habentibus
1574 4130 1928 4195 praedicabat.

589 4224 608 4258 ι
641 4207 829 4264 Gratia
872 4212 1031 4268 vobis
1085 4225 1141 4270 et
1181 4230 1282 4286 pax
1318 4232 1346 4271 a
1383 4218 1492 4274 Deo
1531 4217 1728 4285 Patre,
1762 4230 1816 4275 et
1857 4221 2090 4277 Domino

510 4308 698 4355 nostro
740 4301 872 4359 Jesu
914 4304 1157 4363 Christo.
1198 4326 1217 4360 ι
1259 4307 1411 4364 Talis
1465 4320 1549 4365 est
1594 4311 1797 4380 ubique
1837 4312 2091 4368 salutatio

512 4390 665 4459 ejus,
723 4403 781 4448 ut
819 4405 875 4449 et
924 4412 1315 4457 commemoret
1356 4402 1409 4457 in
1457 4402 1615 4458 nobis
1660 4404 1923 4460 beneﬁcia
1969 4405 2089 4472 Dei,

2156 545 2411 607 provocet
2458 537 2523 587 ad
2571 535 2877 602 profectum
2922 554 2935 588 :
2994 533 3111 589 sive
3161 535 3286 603 quia
3338 536 3484 588 omni
3534 536 3715 588 mundo

2156 630 2350 682 tuirtttu
2403 626 2504 680 fuit
2550 625 2823 680 Romanos
2854 625 3173 687 credidisse,
3216 625 3305 693 qui
3349 624 3608 678 idolorum
3642 624 3718 677 ui-

2156 720 2264 774 mia
2316 719 2531 773 fuerant
2570 719 2783 772 cultura
2821 716 3056 787 possessi
3083 757 3097 779 ,
3131 718 3203 771 ita
3237 727 3295 770 ut
3327 717 3566 771 omnium
3600 732 3717 784 gen-

2160 811 2296 866 tiutn
2340 811 2465 875 diis,
2496 825 2635 880 quas
2669 809 2911 863 vicerant
2939 848 2954 872 ,
2989 808 3352 863 deservirem.
3379 808 3487 862 Sed
3514 817 3566 861 et
3600 810 3718 860 sim-

2160 903 2376 972 pliciter
2403 918 2592 956 eorum
2632 902 2790 955 ﬁdem
2817 901 3068 956 laudasse
3098 901 3426 956 credendum
3461 910 3562 964 est,
3583 899 3721 965 cujus

2163 1011 2309 1050 nunc
2344 995 2563 1049 devotio
2599 994 3030 1048 demonstratur.

2238 1103 2259 1138 ι
2296 1085 2475 1141 Testis
2506 1085 2651 1139 enim
2684 1085 2813 1138 milii
2841 1095 2924 1137 est
2959 1084 3101 1139 Deus
3127 1084 3215 1137 cui
3254 1084 3431 1139 servio
3464 1085 3517 1136 itt
3547 1082 3722 1150 spiritu

2163 1196 2287 1235 meo
2347 1181 2399 1234 in
2458 1177 2752 1247 Evangelia
2798 1175 2920 1231 Filii
2962 1177 3101 1247 ejus.
3144 1195 3163 1229 ι
3212 1175 3325 1230 Hoc
3375 1185 3480 1238 est,
3524 1174 3577 1227 iu
3626 1184 3724 1227 toto

2166 1274 2336 1326 corde
2383 1287 2525 1332 meo,
2562 1280 2617 1324 et
2648 1280 2898 1339 prompta
2951 1269 3241 1323 devotione
3292 1284 3409 1321 mea
3470 1266 3721 1319 deservio.

2164 1362 2223 1418 Si
2263 1365 2401 1417 enim
2436 1361 2611 1417 volens
2654 1361 2751 1414 hoc
2795 1378 2894 1429 ago
2923 1401 2938 1423 ,
2976 1360 3266 1414 mercedem
3325 1358 3493 1411 habeo
3531 1357 3579 1423 (1
3614 1357 3723 1411 Cor.

2165 1474 2247 1519 ix,
2286 1456 2393 1525 Π).
2451 1453 2581 1508 Sive
2634 1456 2861 1508 verbum
2910 1454 2997 1507 ltic
3049 1453 3299 1519 spiritum
3344 1450 3652 1510 ll0lltltt3\ll,
3680 1457 3730 1500 ut

2166 1560 2251 1603 est
2292 1549 2424 1601 illud
2460 1564 2475 1601 :
2521 1543 2688 1598 Verbo
2747 1543 2961 1597 Domini
2995 1545 3110 1597 caeli
3157 1543 3361 1612 ﬁrmati
3392 1553 3536 1599 sunt,
3570 1551 3615 1593 et
3641 1542 3733 1607 spi-

2169 1644 2272 1696 ritu
2309 1641 2416 1693 oris
2448 1642 2560 1709 ejus
2594 1637 2765 1691 omnis
2797 1638 2960 1689 virtus
2992 1652 3172 1690 corum
3198 1634 3373 1705 (Psal.
3394 1650 3562 1695 xuii,
3597 1632 3669 1699 6).

2245 1750 2264 1783 ι
2305 1730 2461 1797 Quod
2492 1732 2613 1784 sine
2648 1728 3054 1782 itttet‘tttissione
3102 1727 3417 1779 memoriam
3458 1726 3619 1777 vestri
3666 1724 3734 1775 la-

2171 1825 2255 1878 cio
2287 1839 2500 1891 sempcr
2530 1822 2581 1875 in
2619 1819 2959 1874 orationibus
3004 1821 3160 1873 meis.
3201 1836 3219 1869 ι
3253 1816 3350 1871 Ιιεε
3379 1816 3618 1871 ostendit
3683 1829 3734 1867 se

2172 1918 2354 1972 omnia
2379 1932 2445 1970 ex
2471 1914 2762 1968 dilectione
2788 1914 3087 1974 dicturum,
3130 1920 3188 1963 ut
3216 1910 3445 1963 liberius
3467 1909 3731 1961 audiatur:

2173 2018 2229 2063 et
2253 2007 2346 2062 dat
2374 2005 2682 2074 exemplum
2711 2008 2829 2059 sine
2858 2004 3261 2057 intermissione
3290 2002 3509 2056 orandi.

2251 2118 2270 2152 ι
2311 2098 2643 2155 Obsecrans.
2682 2116 2702 2151 ι
2739 2096 2855 2163 Qua
2913 2096 3235 2150 liberatione
3281 2095 3347 2149 ad
3386 2109 3484 2147 vos
3518 2090 3737 2175 quando-

2175 2209 2281 2262 que
2316 2192 2633 2263 perveniam
2685 2190 2739 2244 in
2773 2190 3053 2244 voluntate
3083 2187 3201 2243 Dei’.
3251 2187 3427 2241 Aliter
3460 2186 3602 2240 enim
3630 2199 3737 2253 pro-

2176 2300 2394 2355 sperum
2433 2284 2537 2338 iter
2564 2297 2670 2335 uon
2711 2283 2907 2344 habeo,
2947 2281 3048 2334 nisi
3085 2294 3171 2334 me
3206 2279 3463 2334 voluntas
3498 2277 3610 2339 Dei,
3633 2289 3738 2343 qua:

2176 2376 2360 2433 omnia
2414 2376 2588 2437 novit,
2632 2374 2762 2428 illuc
2812 2373 3105 2436 direxerit,
3139 2380 3198 2425 ut
3244 2372 3483 2439 aliqnetn
3537 2371 3738 2424 habeam

2176 2468 2436 2524 fructum.
2472 2466 2631 2523 Unde
2691 2466 2745 2519 in
2795 2466 3024 2519 Actibus
3082 2463 3453 2532 apestolorum
3510 2460 3737 2527 legimus,

2177 2577 2274 2616 eos
2305 2561 2413 2615 alio
2442 2560 2523 2614 ire
2560 2559 2827 2618 volentes.
2860 2557 2969 2610 alio
3040 2556 3138 2610 des
3166 2555 3366 2610 inatos.
3409 2552 3539 2606 Sive
3564 2565 3743 2605 secun-

2179 2658 2308 2709 dum
2346 2654 2474 2706 illud
2502 2651 2694 2705 Jacobi
2726 2669 2738 2703 :
2773 2649 2834 2705 Si
2891 2650 3029 2703 Deus
3065 2649 3312 2710 uoluerit,
3352 2655 3404 2701 ει
3458 2646 3742 2706 vixerimus,

2182 2747 2432 2818 faciemus
2464 2752 2558 2797 Itor
2611 2744 2692 2797 rei
2731 2743 2867 2796 illud
2902 2740 3048 2812 (Jac.
3077 2756 3152 2807 tv,
3196 2741 3310 2805 15).

2259 2855 2277 2887 ι
2323 2833 2378 2888 Si
2408 2833 2700 2903 quomodo
2735 2832 2952 2886 tandem
2987 2830 3280 2899 aliquando
3306 2841 3628 2900 prosperum
3658 2825 3745 2877 iter

2182 2926 2410 2979 habeam
2450 2926 2502 2977 in
2539 2926 2816 2979 voluntate
2865 2923 2955 2978 Dei
3010 2922 3261 2977 veniendi
3336 2922 3403 2974 ad
3462 2935 3576 2973 vos.
3613 2935 3630 2969 ι
3663 2916 3746 2970 Dc-

2183 3027 2453 3073 moustrat
2482 3034 2542 3074 se
2576 3028 2769 3073 cuncta
2818 3032 2939 3088 qua:
2981 3017 3195 3084 agebat,
3225 3030 3291 3069 ex
3332 3012 3424 3067 Dei
3455 3025 3641 3083 gerere
3666 3024 3747 3063 vo—

2187 3111 2417 3165 luutate.

2261 3220 2280 3254 ι
2336 3201 2595 3257 Desidere
2648 3201 2793 3256 enim
2852 3198 3039 3255 videre
3123 3212 3244 3255 vos.
3292 3215 3311 3248 ι
3376 3194 3483 3249 llic
3531 3189 3747 3249 ostendit

2184 3294 2462 3367 quomodo
2517 3308 2613 3349 eos
2653 3291 2912 3361 superius
2942 3290 3284 3355 laudaverat,
3319 3290 3408 3359 qui
3465 3287 3535 3341 ad
3569 3285 3750 3342 conﬁr-

2186 3386 2441 3441 tnandum
2473 3384 2677 3453 aliquid
2712 3383 2900 3452 gratiae
2935 3382 3180 3451 indigent
3206 3380 3521 3449 spinitual‘s.

2263 3498 2282 3531 ι
2312 3478 2384 3535 Ut
2415 3460 2619 3546 aliquid
2651 3476 2934 3545 impertiar
2963 3475 3151 3544 gratia:
3182 3474 3335 3527 vobis
3369 3472 3664 3542 spiritttalis
3693 3468 3749 3521 ad

2186 3569 2596 3626 conﬁrmandos
2624 3582 2743 3622 vos.
2786 3585 2806 3618 ι
2863 3564 3141 3621 Romanos
3184 3564 3330 3618 Petri
3384 3564 3749 3634 praedicatione

2188 3666 2349 3719 ﬁdem
2385 3671 2635 3717 tenentes
2686 3659 3018 3715 conﬁrmare
3068 3672 3129 3713 se
3158 3657 3299 3712 velle
3347 3655 3549 3712 Paulus
3596 3657 3749 3711 dicit:

2191 3772 2295 3809 non
2320 3769 2429 3824 quo
2459 3754 2640 3808 minus
2666 3752 3015 3820 accepissent
3043 3764 3072 3801 a
3096 3748 3258 3804 Petro
3286 3765 3303 3805 ;
3338 3750 3433 3803 sed
3466 3757 3523 3802 ut
3560 3748 3751 3801 duobus

2189 3847 2450 3918 apostolis
2501 3845 2735 3901 testibus
2787 3853 2948 3912 atque
2994 3842 3342 3907 doctoribus,
3394 3855 3585 3896 eorum
3616 3839 3753 3894 robo:

2190 3955 2341 3995 retur
2369 3940 2523 3994 ﬁdes.

2270 4050 2290 4084 ι
2330 4032 2388 4087 Id
2424 4041 2512 4087 est
2560 4030 2719 4086 simul
2752 4027 3027 4085 consolari
3067 4028 3120 4084 in
3154 4028 3307 4084 vobis
3346 4042 3443 4098 per
3468 4042 3617 4090 eam,
3648 4036 3755 4094 qua

2193 4127 2428 4181 invicem
2466 4132 2551 4180 est
2588 4126 2720 4180 ﬁdes
2751 4133 2927 4180 vestra
2963 4133 3128 4193 atque
3163 4138 3303 4178 mea.
3340 4139 3360 4173 ι
3390 4119 3462 4176 Ut
3492 4129 3752 4191 per_com-

2193 4232 2417 4273 munem
2442 4218 2602 4272 ﬁdem
2640 4216 2874 4272 invicem
2907 4215 3278 4271 consolemur.

2270 4328 2290 4362 ι
2323 4307 2455 4364 Nolo
2503 4316 2683 4363 autem
2725 4322 2823 4363 vos
2859 4306 3136 4377 ignorare.
3187 4303 3391 4361 fratres
3420 4340 3437 4367 ,
3474 4302 3602 4374 quia
3628 4309 3755 4368 sape

2195 4401 2454 4471 proposui
2501 4401 2690 4455 venire
2724 4399 2795 4455 ad
2831 4415 2949 4457 vos.
2985 4418 3004 4452 ι
3039 4399 3147 4455 Per
3173 4404 3543 4453 commeantes
3592 4402 3755 4448 autem

513 4490 567 4534 εί
600 4492 752 4553 0iltet
785 4486 840 4541 in
873 4489 1027 4545 nobis
1059 4491 1265 4563 integra
1312 4509 1634 4564 permanere
1671 4512 1687 4550 :
1721 4495 1845 4565 quia
1875 4506 1931 4553 et
1968 4513 2091 4569 grac
2125 4478 2167 4532 Ῑ)
2203 4496 2401 4549 fratres
2445 4491 2637 4546 audire
2665 4492 2940 4562 potuistis.

515 4574 588 4625 tia
624 4576 778 4631 nobis
807 4591 1025 4647 peccata
1057 4580 1280 4638 dimissa
1330 4592 1483 4652 sunt,
1526 4595 1581 4641 et
1611 4586 1942 4642 reconciliati
1987 4604 2096 4643 su-

516 4679 636 4719 mus
660 4665 769 4731 Deo
802 4684 898 4739 per
947 4682 1174 4728 mortem
1220 4676 1317 4730 ﬁlii
1360 4676 1503 4748 ejus.
1556 4677 1879 4733 Commonet
1928 4679 2094 4733 etiam

516 4757 775 4825 paciﬁcos
825 4775 945 4817 esse
996 4763 1214 4829 debere,
1270 4783 1431 4822 unam
1469 4770 1825 4836 eamdemque
1865 4772 2093 4841 gratiam

512 4860 857 4907 εοιιεεςυιοδ.

594 4960 613 4994 ι
654 4943 896 5001 Primum
937 4950 1155 5018 quidem
1215 4952 1419 5022 gratias
1450 4969 1551 5024 ago
1598 4955 1709 5011 Deo
1756 4970 1898 5011 meo.
1940 4974 1958 5008 ι
1987 4954 2097 5011 Na-

521 5042 661 5099 tura,
701 5037 841 5094 Deus
866 5042 1108 5096 omnium
1139 5055 1223 5099 est
1256 5061 1272 5099 :
1306 5048 1502 5100 merito
1534 5056 1591 5101 et
1629 5048 1934 5115 voluntate,
1962 5064 2095 5118 pau-

521 5141 738 5198 corum,
788 5144 847 5187 ut
891 5133 1033 5191 Deus
1080 5136 1356 5192 Abraham
1397 5152 1412 5192 :
1458 5138 1760 5195 secundum
1818 5142 1962 5209 quod
2010 5140 2098 5195 hic

519 5237 679 5277 suum
704 5227 949 5282 notninat
978 5228 1173 5287 Deum.

602 5335 621 5368 ι
656 5315 759 5372 Per
778 5318 966 5375 Jesum
996 5320 1277 5378 Christum
1307 5340 1405 5394 pro
1430 5326 1685 5381 omnibus
1710 5326 1889 5385 vobis.
1928 5342 1947 5380 ι
1984 5324 2099 5383 Hoc

516 5419 623 5472 est.
658 5428 765 5465 non
800 5428 895 5482 pro
923 5414 1127 5471 Iudaeis
1167 5416 1326 5472 solis.

595 5520 616 5554 s
670 5503 805 5569 Quia
883 5506 1018 5560 ﬁdes
1071 5516 1251 5562 vestra
1305 5510 1664 5565 annuntiatur
1725 5510 1779 5566 in
1835 5512 2097 5569 universo

525 5595 753 5648 mundo.
786 5614 805 5646 ι
846 5597 1096 5652 Ostendit
1130 5604 1406 5668 quomodo
1434 5603 1800 5658 Romanorum
1835 5604 1968 5658 ﬁdes
1983 5619 2098 5659 om-

527 5683 690 5737 nibus
736 5684 993 5741 Ecclesiis
1026 5692 1242 5756 cognita
1273 5693 1366 5747 sit.
1401 5692 1497 5748 Vel
1524 5705 1698 5761 certe,
1732 5696 1876 5764 quod
1907 5695 2095 5750 eadem

524 5767 681 5838 ﬁdes,
716 5789 878 5844 quam
909 5776 1137 5836 Romani
1166 5790 1370 5852 tenent,
1411 5785 1466 5842 in
1502 5785 1762 5843 universo
1799 5784 2001 5843 mundo
2031 5786 2098 5842 ab

2277 4603 2298 4637 ι
2332 4584 2398 4639 Et
2431 4584 2743 4653 prohibitus
2777 4598 2898 4640 sum
2930 4597 3102 4651 usque
3141 4580 3343 4635 adhuc.
3379 4598 3399 4632 ι
3442 4574 3757 4633 Ostenditse

2199 4686 2526 4747 occupatum
2559 4676 2886 4731 necessitate
2924 4672 3209 4743 Evangelii
3270 4670 3599 4742 pradicandi
3621 4709 3637 4734 ,
3664 4667 3758 4720 Ro-

2201 4786 2342 4828 mam
2402 4770 2583 4827 adbuc
2636 4770 2717 4824 ire
2744 4782 2855 4823 non
2916 4780 3098 4836 posse.
3154 4763 3285 4819 item
3344 4761 3646 4832 prohibitus
3681 4755 3759 4810 hic

2198 4873 2498 4933 occupatus
2531 4861 2803 4930 accipitur
2837 4875 2854 4912 :
2889 4858 3016 4913 dum
3050 4855 3176 4911 aliis
3203 4853 3497 4925 provinciis
3523 4849 3758 4922 praedica-

2200 4957 2341 5009 verit
2374 4970 2388 5006 :
2418 4955 2562 5010 sicut
2615 4954 2734 5022 ipse
2787 4949 3011 5021 exponit
3064 4949 3116 5003 in
3175 4947 3284 5002 ﬁne
3332 4944 3587 5015 Epistolas
3623 4953 3754 5000 sua,

2200 5046 2437 5103 dicens:
2483 5065 2501 5099 t
2554 5044 2779 5114 Propter
2810 5043 2954 5113 quod
3004 5051 3060 5098 et
3108 5039 3442 5111 impediebar
3489 5036 3757 5107 plurimum

2201 5139 2389 5195 venire
2423 5140 2489 5194 ad
2519 5153 2637 5194 vos.
2676 5156 2695 5191 ι

2279 5249 2298 5283 ι
2338 5230 2410 5287 Ut
2446 5230 2683 5301 aliquem
2728 5230 2963 5285 fructum
3013 5228 3241 5282 habeam
3292 5226 3351 5281 in
3386 5224 3559 5281 vobis.
3591 5240 3608 5272 ι
3636 5216 3760 5275 Iler-

2202 5325 2391 5381 cedem
2425 5321 2627 5377 laboris
2652 5321 2733 5376 sui
2768 5321 3009 5376 nominat
3052 5319 3311 5374 fructum.

2285 5434 2304 5469 ι
2344 5414 2500 5470 Sicut
2535 5422 2591 5468 et
2633 5412 2689 5467 in
2738 5412 2950 5467 caeteris
2995 5409 3270 5479 gentibus.
3334 5423 3352 5459 ι
3402 5402 3754 5463 Subauditur,

2206 5508 2401 5564 habeo.

2284 5620 2301 5653 ι
2326 5599 2535 5656 διελεῖς
2559 5613 2623 5654 ac
2653 5597 2927 5659 Barbaris,
2950 5596 3285 5666 sapientibus
3314 5602 3367 5648 et
3402 5584 3756 5658 insipientibus

2209 5692 2420 5746 debitor
2469 5706 2611 5745 sum.
2648 5710 2666 5743 ι
2717 5690 3039 5759 Sapientes,
3107 5685 3326 5743 Grzecos
3379 5678 3750 5754 philosophos;

2203 5785 2497 5853 Barbaros,
2532 5784 2850 5855 insipientes
2891 5780 3149 5852 appc'lat.
