3934 6200
232 323 336 388 673

303 459 328 493 s
368 441 563 510 Itaque
610 437 754 508 quod
795 437 849 492 in
895 451 981 492 me
1029 446 1344 507 promptum
1379 445 1499 500 est,
1537 444 1592 491 et
1620 436 1774 491 vobis
1800 478 1814 501 ,
1848 442 1893 499 Α

230 536 320 604 qui
359 533 547 587 Batnae
593 531 748 595 estis,
785 530 1180 599 evangelizare.
1221 548 1238 580 ι
1277 529 1380 595 Qui
1415 527 1601 582 Romae
1633 529 1766 582 estis
1797 543 1812 581 :

228 641 385 696 aeque
415 622 828 693 insipientibus,
866 632 921 674 ut
943 621 1152 676 Graecis
1193 621 1575 690 evangelizare
1607 619 1743 672 vult.

309 737 330 769 s
367 715 485 772 Non
515 714 658 769 enim
690 714 952 767 erubesco
980 712 1351 780 Evangelium.
1391 730 1410 763 ι
1479 712 1649 765 Recte
1684 709 1814 764 dicit

228 827 343 866 nou
400 825 458 864 se
519 805 846 861 erubescere
896 805 1332 872 prmdicationcm
1411 804 1637 866 crucis,
1693 817 1817 867 qua:

229 900 584 958 credentibus
612 897 703 952 Dei
735 897 910 950 virtus
931 903 1013 950 est
1063 895 1117 948 iu
1153 895 1409 949 salutem.
1462 895 1592 950 Item
1621 893 1817 948 ltoc‘ad

231 995 567 1048 taxationem
639 987 910 1042 subtiliter
975 987 1211 1056 pertinet
1265 1000 1635 1056 paganorum,
1698 985 1814 1051 qui,

230 1101 360 1139 cum
417 1097 521 1136 non
576 1080 901 1136 erubescant
957 1078 1180 1134 credere
1245 1079 1409 1132 deum
1439 1091 1596 1130 suum
1627 1074 1815 1129 Jovem

232 1186 458 1247 propter
483 1176 696 1228 inanem
719 1172 1024 1236 libidinem,
1044 1171 1099 1224 in
1124 1170 1377 1224 animalia
1419 1168 1815 1222 irrationabilia

227 1281 290 1324 et
339 1264 672 1322 iuseusibilia
717 1277 840 1319 esse
867 1272 1152 1328 mutatum,
1197 1263 1354 1316 nobis
1379 1261 1816 1317 erubescendum

231 1371 448 1433 putant,
475 1355 766 1410 Dmninum
801 1364 1020 1424 propter
1055 1354 1287 1407 salutem
1331 1353 1530 1423 perditi
1583 1353 1820 1408 hominis

230 1455 459 1510 credere
504 1450 825 1506 crucifixum
863 1466 878 1500 :
915 1463 1037 1502 cum
1074 1447 1126 1500 in
1164 1447 1332 1500 altero
1383 1445 1713 1500 horrendum
1748 1445 1814 1500 sit

229 1546 494 1607 dedecus,
542 1542 599 1595 in
645 1541 816 1594 altero
846 1539 1168 1593 admiranda
1216 1539 1390 1607 pietas
1423 1547 1588 1608 atque
1621 1537 1816 1591 virtus.

231 1634 409 1689 Simul
443 1642 496 1688 et
540 1631 664 1686 illos
695 1631 978 1684 lia-retices
1008 1631 1198 1700 tangit,
1249 1631 1342 1699 qui
1397 1631 1511 1683 haec
1563 1637 1818 1697 tanquam

231 1727 454 1796 indigna
489 1722 596 1778 Deo
625 1721 920 1792 refugiunt,
953 1730 1011 1775 ut
1048 1721 1326 1777 hominem
1349 1720 1620 1784 indueret,
1655 1733 1819 1786 quem

233 1833 339 1888 pro
390 1816 563 1870 salute
602 1813 824 1868 humani
860 1812 1075 1880 generis
1121 1811 1360 1880 passioui
1413 1809 1678 1870 traderet,
1709 1819 1818 1859 non

232 1907 600 1973 intelaigeutes
632 1901 762 1956 nihil
795 1899 1010 1970 dignius
1039 1908 1308 1964 creatore,
1349 1913 1516 1968 quam
1549 1904 1821 1952 creatura:

230 2017 352 2058 sua:
407 2012 596 2053 curare
651 1995 880 2048 salutem
923 2007 940 2045 :
1001 1993 1234 2046 maxime
1287 2006 1410 2046 cum
1449 1991 1564 2060 ipse
1592 2004 1688 2056 per
1717 1987 1818 2041 hoc

229 2101 445 2148 natura:
477 2087 858 2144 detrimentum
894 2084 1047 2154 quasi
1083 2082 1437 2155 impassibilis
1461 2081 1669 2136 sentire
1706 2095 1816 2133 non

253 2185 435 2239 iussit.

253 2205 435 2239 ιοδδιι.

230 2205 252 2256 ι
313 2295 332 2328 ι
367 2275 554 2329 Virtus
584 2273 727 2326 enim
755 2269 848 2325 Dei
873 2279 959 2325 est
988 2270 1041 2324 iu
1081 2269 1334 2331 salutem.
1375 2286 1394 2320 ι
1448 2266 1604 2322 Nulla
1644 2265 1818 2334 major

229 2371 411 2425 virtus
430 2376 532 2430 est,
565 2379 726 2432 quam
759 2377 879 2434 quae
912 2361 1121 2416 devicta
1152 2374 1328 2416 morte
1360 2359 1564 2414 homini
1600 2359 1815 2426 perdito

231 2461 416 2520 reddit
446 2460 633 2514 vitam.

313 2572 335 2608 s
374 2553 530 2611 Omni
561 2549 830 2607 credenti.
871 2567 893 2603 ι
929 2546 1191 2616 Quamvis
1238 2543 1529 2600 inﬁrmitas
1575 2541 1820 2596 videatur

232 2645 558 2702 incredulis.

320 2755 340 2789 ι
378 2736 562 2792 Iudaeo
588 2735 820 2806 prituum
853 2743 909 2788 et
935 2732 1146 2789 Graeco.
1181 2751 1200 2785 ι
1263 2731 1390 2787 Sive
1421 2729 1564 2798 quod
1607 2727 1816 2798 justum

234 2831 428 2897 fuerit,
461 2838 520 2884 ut
567 2829 838 2897 quomodo
883 2825 1160 2880 Abraham
1212 2825 1447 2879 credens
1471 2837 1536 2877 ex
1566 2818 1847 2890 gentibus

236 2939 340 2993 per
371 2921 543 2976 solam
589 2919 818 2989 primam
857 2919 1018 2972 tidem
1067 2918 1306 2972 salvatus
1342 2925 1425 2969 est
1459 2930 1474 2967 :
1516 2914 1589 2966 ita
1633 2911 1816 2966 caeteri

235 3015 527 3070 credentes
564 3013 929 3068 salvarentur.
977 3008 1107 3062 Sive
1141 3007 1283 3077 quod
1339 3006 1465 3060 illud
1493 3003 1816 3059 Testamen-

236 3118 380 3170 tum,
425 3104 569 3174 qnod
613 3117 709 3170 per
737 3101 911 3170 legem
945 3099 1085 3154 Deus
1119 3107 1282 3154 verax
1329 3097 1676 3166 promiserat,
1723 3094 1817 3147 de-
1847 3117 1890 3174 ο

235 3200 435 3254 buerat
462 3196 744 3251 exhibere.
1507 3260 1514 3266 .

313 3308 335 3342 ι
385 3287 601 3343 Justitia
632 3288 780 3342 enim
829 3283 923 3338 Dei
961 3283 1017 3338 in
1050 3296 1116 3337 eo
1165 3274 1458 3337 revelatur.
1497 3296 1516 3330 ι
1571 3275 1822 3331 Ostendit

231 3395 304 3436 ex
372 3378 481 3434 ﬁde
541 3377 974 3446 uniuscujusque
1037 3381 1282 3428 nostrum
1316 3409 1333 3437 ,
1415 3369 1822 3440 praedicationis

231 3473 403 3528 ﬁdem
433 3483 592 3540 posse
620 3469 887 3522 roborari.

315 3580 338 3616 s
375 3561 452 3616 Ex
490 3559 593 3616 ﬁde
617 3561 670 3615 in
707 3558 888 3614 tidem.
933 3576 952 3610 ›
988 3555 1116 3612 Sive
1145 3555 1291 3624 quod
1323 3569 1388 3608 ex
1425 3554 1527 3607 nde
1553 3550 1823 3622 justiﬁca-

232 3667 332 3711 tur
362 3653 603 3714 Judtcus,
629 3662 684 3704 et
730 3652 782 3704 in
816 3649 919 3703 lide
949 3646 1188 3717 gentilis.
1235 3645 1303 3699 Et
1327 3645 1446 3700 ideo
1485 3644 1818 3713 exposuerit,

232 3759 297 3804 ut
330 3745 624 3814 cacologiae
648 3743 834 3796 vitium
864 3741 1184 3794 declinaret.

318 3858 341 3893 ι
379 3839 536 3893 Sicut
568 3839 830 3904 scriptum
865 3844 969 3889 est.
1006 3851 1026 3884 ι
1085 3831 1206 3886 Non
1257 3846 1323 3886 ex
1383 3831 1641 3901 operibus
1693 3829 1826 3898 legis

230 3933 424 4003 (Rom.
457 3948 538 3996 ttt,
570 3931 684 3995 20).

317 4040 338 4074 s
378 4020 568 4075 Justus
623 4027 803 4073 autem
860 4032 928 4073 ex
989 4016 1094 4072 [ide
1142 4016 1292 4071 vivit.
1337 4035 1356 4068 ι
1403 4016 1695 4086 Propterea
1723 4015 1827 4069 hoc

229 4116 399 4181 dicit,
456 4114 582 4184 quia
629 4114 749 4167 sine
811 4111 936 4177 Me,
985 4112 1088 4166 hoc
1133 4120 1216 4165 est
1269 4111 1390 4164 sine
1441 4124 1536 4178 spe
1596 4108 1828 4162 retribu-

231 4209 411 4263 tionis
461 4208 730 4261 bonorum
779 4218 1028 4273 operum,
1090 4201 1356 4272 perﬁcere
1403 4201 1630 4254 virtutes
1668 4214 1828 4254 nemo

227 4301 448 4372 poterit
482 4315 496 4352 :
535 4298 685 4352 sicut
709 4305 763 4350 et
796 4297 909 4366 ipse
938 4299 1002 4350 ad
1030 4295 1282 4350 Hebraeos
1307 4294 1599 4363 perhibens
1629 4291 1825 4346 docet:

227 4390 371 4445 Sine
403 4390 506 4450 ﬁde
536 4401 710 4440 autem
737 4385 1055 4453 impossibile
1087 4396 1164 4440 est
1196 4384 1404 4453 placere
1439 4383 1567 4436 Deo.
1601 4381 1828 4437 Credere

1248 316 1663 382 EXPOSITIO
1710 317 1790 379 ΙΝ
1833 315 2076 377 Ειηετ.
2124 316 2224 377 AD
2261 315 2448 381 ROM.

3393 319 3502 385 674

1925 433 2156 488 maxima
2210 435 2264 488 in
2305 434 2496 502 Deum,
2534 450 2654 504 qua:
2703 445 2793 490 aut
2832 451 2926 504 per
2961 436 3379 508 blasphemiam,
3411 449 3505 492 aut

1919 540 2018 595 per
2066 513 2431 582 idololatria‘m
2462 530 2793 585 admittitur.
2832 529 3104 597 Secunda,
3137 530 3191 584 iu
3223 543 3503 599 parentes,

1919 627 2012 670 aut
2061 617 2281 686 injuria,
2336 628 2429 672 aut
2488 628 2882 688 contemptus:
2948 622 3086 674 sicut
3139 622 3401 676 scribitur
3447 625 3500 676 in

1921 707 2198 763 Levitico:
2243 707 2299 762 Si
2349 710 2463 778 quis
2514 710 2794 764 dormierit
2827 727 2946 763 cum
2981 727 3146 765 uxore
3189 717 3358 782 patris
3390 716 3500 773 sui,

1921 812 2087 854 morte
2122 803 2382 854 moriatur
2409 817 2430 858 :
2486 803 2641 855 ambo
2676 804 2994 873 impietatem
3032 803 3264 872 fecerunt
3312 791 3500 870 (Leuit.

1923 907 2018 952 xx.
2047 891 2155 958 12).
2206 891 2412 954 Tertia,
2445 891 2496 944 iu
2526 903 2844 956 extraneos,
2886 903 2944 946 ut
2973 904 3056 947 est
3086 894 3215 947 illud
3245 913 3261 951 ε
3324 898 3390 948 Et
3445 908 3503 948 tu

1921 983 2169 1036 remisisti
2209 983 2530 1052 impietatem
2576 984 2753 1038 cordis
2783 986 2885 1038 mei
2915 985 3086 1053 (Psal.
3118 1001 3264 1052 xxvr,
3301 986 3378 1056 5).
3439 987 3502 1039 Et

1921 1075 2072 1142 plura
2130 1075 2256 1138 alia,
2313 1091 2432 1142 quae
2482 1091 2805 1130 enumerare
2858 1079 3174 1147 perlongum
3211 1088 3312 1131 est.
3376 1077 3504 1132 Sive

1921 1168 2099 1220 omnis
2155 1167 2406 1235 impietas
2482 1169 2545 1220 ad
2629 1170 2878 1223 diversas
2931 1171 3198 1224 idolorum
3262 1171 3504 1224 culturas

1922 1259 2202 1312 referenda
2262 1269 2407 1312 est:
2473 1269 2531 1313 ιιι
2585 1259 2838 1328 impietas
2905 1262 3060 1330 quasi
3121 1264 3187 1316 ad
3245 1261 3502 1330 iujttriattt

1923 1349 2040 1412 Dei,
2093 1349 2359 1417 injustitia
2417 1365 2545 1405 vero
2601 1353 2667 1405 ad
2723 1353 2901 1408 omnia
2954 1365 3172 1422 peccata
3225 1353 3503 1422 pertinere

1923 1441 2190 1496 videatur.

1998 1551 2016 1584 ε
2067 1533 2271 1588 Eorum
2325 1535 2414 1602 qui
2470 1534 2758 1589 veritatem
2816 1534 2908 1588 Dei
2961 1535 3014 1589 in
3066 1533 3331 1604 injus’titia
3363 1537 3505 1591 deti-

1924 1637 2074 1681 nent.
2140 1645 2159 1678 ι
2251 1629 2550 1684 Veritatem
2629 1631 2864 1684 nominis
2933 1630 3024 1684 Dei
3087 1629 3349 1700 iujustitia
3421 1632 3505 1683 iu-

1925 1719 2098 1789 dignae
2137 1722 2379 1775 materiae
2434 1723 2710 1774 detinente
2766 1723 3030 1775 dolorem.
3095 1721 3224 1774 ltem
3259 1721 3505 1775 scientes

1925 1812 2268 1881 delinquunt,
2293 1815 2411 1881 qui,
2449 1815 2542 1869 Dei
2577 1815 2808 1868 veritate
2837 1816 3045 1884 agnita,
3081 1814 3280 1883 injuste
3315 1823 3503 1882 agunt.

1999 1919 2017 1953 ι
2058 1901 2188 1967 Quia
2217 1905 2360 1971 quod
2393 1912 2577 1955 uotum
2608 1913 2694 1956 est
2722 1903 2834 1958 Dei.
2879 1921 2896 1954 ›
2937 1903 3185 1957 Ostendit
3229 1903 3506 1972 quomodo

1923 1995 2102 2049 omnis
2135 1995 2298 2048 homo
2325 1996 2622 2049 naturalem
2688 1996 2895 2049 habt-ns
2942 1996 3301 2058 intellectum,
3335 2011 3506 2065 agito-

1923 2085 2026 2140 scit
2079 2102 2202 2140 esse
2259 2085 2650 2154 iusequendam
2715 2088 3085 2139 substantiam
3144 2087 3502 2150 invisibilem,

1923 2194 2044 2246 qua:
2095 2179 2336 2233 diversas
2383 2179 2438 2232 in
2471 2179 2727 2233 omnibus
2756 2192 2905 2232 artes
2946 2191 3001 2233 et
3031 2182 3346 2248 disciplinas
3376 2196 3506 2248 ope-

1925 2279 2095 2324 ratur.
2150 2272 2268 2337 Quo
2317 2273 2481 2324 etiam
2512 2271 2756 2340 exemplo
2785 2271 3079 2324 invisibilis
3103 2271 3242 2326 Deus
3271 2272 3504 2324 ntatiit'e-

1921 2369 2099 2414 statur
2153 2361 2482 2427 hominibus,
2535 2377 2600 2416 ex
2653 2365 2733 2416 his
2782 2362 3063 2430 operibus,
3097 2377 3214 2430 qute
3246 2372 3504 2430 operatus

1921 2463 2028 2519 est,
2075 2464 2128 2508 et
2158 2464 2419 2523 operatur
2449 2471 2463 2508 :
2497 2456 2662 2508 simul
2701 2467 2754 2508 et
2790 2472 2945 2510 mens
2970 2454 3252 2511 Trinitatis
3279 2460 3507 2512 demon-

1921 2554 2060 2600 strat
2124 2548 2466 2616 imaginem,
2531 2547 2585 2600 iu
2655 2563 2762 2616 qua
2822 2557 3049 2618 generat
3116 2553 3340 2604 insitum
3401 2551 3506 2604 sibi

1923 2639 2174 2704 verbum,
2229 2647 2285 2692 et
2342 2639 2763 2708 inseparabilem
2818 2643 2980 2694 habet
3037 2641 3258 2695 sibimet
3318 2653 3505 2695 uatum

1921 2731 2146 2784 verbum
2207 2732 2501 2800 sapientia.
2565 2732 2698 2786 Item
2750 2733 2897 2802 quod
2951 2743 3131 2801 potest
3189 2737 3508 2788 naturaliter

1921 2825 2066 2879 seire
2097 2826 2163 2878 de
2191 2823 2321 2888 Deo,
2365 2825 2507 2893 quod
2541 2826 2632 2891 sit,
2668 2835 2722 2879 et
2751 2827 2895 2895 quod
2926 2826 3112 2894 justus
3151 2829 3246 2880 sit.

1997 2931 2018 2968 s
2057 2915 2398 2971 Manifestum
2431 2926 2514 2970 est
2544 2916 2597 2970 in
2633 2917 2789 2973 illis.»
2824 2917 2879 2970 lu
2907 2919 3265 2972 conscientiis
3288 2934 3505 2975 eorum.

1921 3006 2113 3064 Omnis
2170 3023 2403 3078 namque
2443 3019 2695 3064 creatura
2750 3008 2916 3064 Deum
2959 3025 3018 3064 se
3063 3025 3222 3064 nosse
3254 3020 3504 3075 testatur,

1924 3112 1979 3156 et
2035 3103 2103 3155 ab
2151 3101 2262 3154 alio
2299 3101 2496 3155 iactam
2545 3102 2798 3170 judieat:
2857 3102 3015 3170 cujus
3069 3103 3332 3156 voluntati
3397 3104 3504 3157 sibi

1926 3208 2118 3263 parere
2171 3207 2397 3248 necesse
2456 3194 2548 3247 sit.
2611 3193 2666 3250 Si
2703 3196 2848 3247 enim
2907 3195 3048 3248 Deus
3085 3210 3354 3248 summum
3393 3212 3507 3249 ma-

1925 3298 2090 3351 guum
2153 3291 2257 3348 est,
2321 3282 2635 3349 invisibilis,
2691 3285 3156 3353 incomparabilis,
3195 3288 3505 3356 incompre-

1925 3373 2226 3441 hensibilis,
2279 3374 2722 3430 inaestimabilis:
2760 3389 2815 3430 et
2867 3381 2959 3445 qui
3003 3393 3166 3448 super
3199 3382 3380 3434 ottinia
3411 3383 3503 3444 sit,

1925 3467 1980 3521 id
2020 3475 2125 3530 est,
2178 3468 2266 3521 cui
2320 3484 2496 3537 neque
2545 3473 2788 3539 praeponi
2841 3473 3070 3542 aliquid,
3123 3488 3302 3544 neque
3331 3479 3506 3544 possit

1924 3561 2170 3626 aequari,
2234 3560 2349 3615 sive
2406 3564 2824 3630 magnitudine,
2887 3565 3005 3620 sive
3075 3567 3362 3632 claritate,
3423 3570 3502 3620 vel

1925 3651 2166 3720 potentia
2201 3667 2216 3705 :
2254 3655 2598 3707 manifestum
2625 3666 2726 3720 est,
2761 3659 2861 3712 hoc
2885 3659 3016 3712 nulli
3048 3669 3314 3713 creatura:
3343 3677 3502 3728 posse

1927 3754 2256 3810 competere,
2294 3759 2416 3813 qua:
2461 3755 2516 3798 et
2567 3748 2741 3800 oculis
2774 3750 3007 3815 videtur,
3044 3752 3252 3806 ratione
3290 3753 3505 3821 colligi-

1929 3841 2034 3898 tur,
2059 3844 2113 3888 et
2140 3835 2496 3890 aestimatione
2517 3839 2811 3906 judicatur.
2837 3839 3010 3908 Major
3034 3853 3214 3895 autem
3247 3846 3503 3897 Omnibus

1926 3939 2025 3994 per
2051 3927 2230 3980 omnia
2256 3927 2400 3979 nulla
2424 3937 2509 3981 est
2534 3939 2781 3982 creatura
2810 3948 2824 3986 :
2861 3933 2984 3999 quia
3018 3949 3209 3987 omnes
3241 3950 3300 3988 se
3338 3938 3506 3989 alter-

1911 4027 2106 4071 utrum
2143 4019 2385 4072 vincunt.
2449 4017 2569 4073 Alia
2603 4020 2750 4074 enim
2782 4023 3176 4092 magnitudine,
3203 4040 3254 4079 ut
3281 4031 3502 4093 caelum,

1931 4120 2098 4164 terra.
2134 4111 2246 4163 Alia
2273 4112 2547 4172 claritate.
2603 4126 2660 4166 ut
2697 4117 2776 4169 sol
2819 4117 2899 4168 vel
2939 4117 3114 4171 stella.
3154 4120 3271 4172 Alia
3311 4123 3499 4174 altitu-

1929 4203 2078 4268 dine,
2115 4212 2172 4256 ut
2225 4219 2396 4257 inare.
2460 4204 2536 4258 Ita
2593 4220 2724 4275 ergo
2771 4209 3101 4276 perridetur,
3141 4214 3263 4279 quia
3299 4215 3501 4266 nullum

1930 4293 2258 4350 elementum
2304 4296 2377 4351 sit
2399 4297 2568 4351 Deus;
2596 4298 2750 4365 Quod
2779 4310 2960 4353 autem
2991 4301 3136 4356 facta
3171 4303 3304 4368 siut,
3334 4317 3508 4359 muta-

1934 4389 2112 4442 bilitas
2140 4403 2349 4456 eorum,
2386 4407 2504 4459 qua:
2536 4405 2638 4444 non
2687 4403 2865 4461 petest
2906 4395 3105 4448 cadere
3142 4395 3197 4448 in
3235 4400 3512 4452 atternita-

223 4485 386 4538 enim
443 4489 648 4550 oportet
702 4479 1033 4533 accedentem
1088 4481 1156 4533 ad
1211 4479 1410 4542 Deum,
1456 4479 1578 4546 quia
1611 4485 1723 4540 est,
1778 4486 1827 4528 et
1861 4477 1907 4534 ο
1937 4489 2068 4545 tem,
2120 4483 2477 4536 demonstrat.
2515 4483 2667 4548 Quod
2704 4499 2831 4538 vero
2883 4501 2990 4540 non
3039 4488 3220 4558 seipsa
3258 4489 3509 4557 fecerim,

227 4575 634 4645 inquirentibus
671 4589 727 4626 se
763 4561 1128 4626 remutt’erator
1167 4573 1237 4624 sit
1273 4569 1458 4640 (Hebr.
1496 4584 1574 4632 ιι,
1607 4568 1685 4636 6).

319 4686 343 4720 ς
384 4666 672 4720 Revelatur
701 4665 845 4720 enim
883 4667 959 4717 ira
991 4665 1085 4718 Dei
1117 4668 1183 4717 de
1217 4663 1377 4718 caelo.
1423 4679 1441 4713 ι
1504 4661 1560 4715 Si
1594 4660 1829 4714 dicenti-

223 4761 349 4814 bus
400 4757 748 4821 Ilanichatis,
805 4755 1046 4810 crudelis
1097 4756 1366 4808 asseritur
1414 4751 1561 4807 Deus
1614 4751 1828 4806 Veteris

219 4848 609 4910 Testamenti,
645 4847 770 4915 quia
823 4862 988 4915 super
1045 4857 1361 4915 peccatores
1420 4842 1715 4898 vindictam
1750 4845 1832 4898 in-

218 4947 460 4998 ducat:
520 4940 790 5006 quomodo
841 4937 946 4992 boc
1003 4936 1120 4991 loco
1170 4937 1238 5000 ab
1288 4937 1547 4998 Apostolo
1577 4935 1830 4990 dicitura

227 5035 368 5088 Deo
401 5029 538 5085 Novi
599 5027 935 5083 Testamenti
973 5029 1264 5082 vindictam
1297 5027 1482 5096 impiis
1513 5026 1831 5082 hominibus

207 5121 636 5181 inferendam?
667 5119 820 5175 Unde
869 5129 1224 5184 monstratur,
1261 5135 1426 5174 unum
1471 5120 1832 5190 eumdemque

223 5217 431 5271 Deum
457 5229 582 5268 esse
615 5211 752 5268 Novi
784 5222 838 5267 et
872 5211 1085 5266 Veteris
1116 5210 1609 5266 Testamenti.ltem
1643 5211 1831 5281 incipit

208 5311 300 5365 ad
367 5317 578 5374 partem
633 5304 875 5374 gentium
933 5305 1101 5372 loqui,
1155 5303 1396 5373 dicitque
1423 5303 1520 5357 Dei
1567 5305 1700 5357 iram
1735 5319 1831 5371 per

207 5394 604 5465 Evangelium
630 5395 886 5461 revelari,
909 5396 1023 5449 sive
1051 5411 1146 5464 per
1175 5407 1383 5450 natura:
1413 5396 1785 5450 testimoniqu
1811 5408 1827 5447 :

205 5493 519 5545 noverunt
571 5485 718 5539 enim
773 5487 1044 5550 homines,
1097 5494 1152 5539 et
1212 5486 1492 5551 beneﬁcia,
1543 5495 1600 5542 et
1646 5487 1830 5556 plagas

204 5587 571 5648 exspectare
609 5579 674 5632 de
707 5579 870 5633 cmlo.

310 5689 341 5722 ι
385 5669 558 5738 Super
599 5685 817 5724 omnem
869 5671 1208 5738 impietatem
1263 5679 1318 5724 et
1370 5671 1695 5741 iujustitiam
1728 5671 1829 5726 bo-

204 5765 481 5822 minutu.
519 5777 539 5811 ι
577 5757 713 5814 Tres
743 5773 864 5815 esse
894 5761 1146 5814 videntur
1184 5762 1514 5830 ttupietates.
1564 5760 1745 5816 Prima
1777 5772 1831 5818 et

1934 4569 2290 4626 manifestum
2347 4582 2479 4628 est:
2517 4573 2644 4644 quia
2703 4573 2748 4628 si
2810 4589 2870 4630 se
2922 4577 3036 4646 ipsa
3078 4577 3348 4646 fecerunt,
3400 4583 3510 4650 jam

1933 4674 2087 4718 erant
2153 4676 2446 4733 antequam
2516 4668 2724 4734 ﬁerent,
2789 4681 2847 4724 ut
2913 4685 2972 4725 se
3031 4673 3208 4728 facere
3267 4689 3511 4744 possent,

1930 4754 2072 4823 quod
2103 4755 2257 4808 valde
2280 4757 2580 4810 absurdum
2613 4759 2921 4816 estdicere.
2949 4761 3086 4817 Cum
3118 4780 3245 4819 vero
3274 4769 3510 4830 variant,

1931 4851 1987 4899 et
2031 4849 2250 4901 ordines
2278 4862 2405 4902 suos
2442 4860 2776 4917 permutant,
2815 4863 2870 4907 et
2919 4855 3237 4910 alterutrum
3291 4861 3510 4925 cedunt,

1931 4942 2224 4994 ostendunt
2269 4956 2327 4996 se
2359 4944 2426 4995 ab
2471 4959 2577 5010 uno
2612 4955 2836 5001 auctore
2877 4944 3041 5014 facta,
3092 4958 3148 5002 et
3198 4965 3304 5002 non
3337 4965 3515 5015 suam,

1933 5033 2028 5085 sed
2055 5030 2272 5085 Domini
2305 5032 2388 5086 sui
2421 5031 2603 5088 facere
2632 5035 3000 5092 voluntatem:
3029 5040 3183 5110 cujus
3211 5043 3514 5110 transgredi

1935 5137 2039 5176 non
2067 5131 2295 5190 possunt
2331 5123 2645 5192 imperium.

2011 5231 2031 5265 ι
2077 5212 2219 5268 Deus
2268 5214 2415 5269 enim
2475 5215 2582 5271 illis
2645 5217 3040 5272 ntanil'estavit.
3079 5236 3098 5269 ι
3140 5217 3327 5275 Virtus
3367 5222 3513 5275 enim

1937 5305 2060 5376 ejus
2082 5307 2320 5372 occulta,
2343 5323 2410 5361 ex
2443 5307 2530 5364 his
2565 5324 2684 5378 qua:
2718 5311 2892 5380 palam
2920 5320 3067 5377 sunt,
3093 5314 3417 5369 :estimatur.
3459 5313 3515 5367 Si

1935 5399 2080 5454 enim
2136 5414 2200 5453 ea
2249 5413 2370 5468 qua:
2419 5402 2692 5466 videntur,
2731 5411 2838 5457 tam
2872 5405 3130 5470 praeclare
3176 5405 3243 5460 ab
3277 5421 3342 5460 eo
3373 5405 3515 5462 facta

1933 5501 2078 5557 sunt,
2109 5503 2166 5546 ut
2195 5495 2419 5562 quidam
2461 5495 2552 5552 illa
2593 5497 2725 5552 deos
2764 5508 3038 5566 putarent,
3067 5507 3121 5554 et
3158 5509 3361 5554 mterna
3395 5515 3516 5557 esse

1936 5593 2252 5642 tentarent;
2288 5597 2495 5655 quanto
2543 5588 2714 5657 magis
2769 5589 3032 5645 factorem
3096 5591 3514 5660 seiupiteruum,

1933 5680 1988 5728 et
2033 5676 2480 5744 omnipotentem,
2537 5685 2592 5731 et
2652 5678 2982 5734 immensum
3037 5695 3155 5736 esse
3215 5681 3518 5750 intelligere

1934 5769 2268 5837 potuerunt!
2306 5769 2604 5825 secundum
2631 5767 2926 5840 Sapientiae
2967 5773 3163 5830 librum
3192 5775 3464 5833 dicentem
3497 5797 3512 5836 :
