3946 6206
473 270 580 333 675

474 468 659 521 horum
688 476 893 520 creator
919 465 1083 520 uideri
1112 460 1271 531 (Sap.
1312 476 1436 529 xm,
1476 461 1563 527 5).

550 576 572 613 ι
605 559 896 615 luvisibilia
935 557 1078 611 enim
1131 555 1302 625 ipsius
1350 569 1381 607 a
1419 564 1671 609 creatura
1715 552 1930 619 mundi,
1965 567 2062 621 per

475 664 539 706 ea
606 665 726 720 quas
784 650 925 703 facta
976 655 1149 710 sunt,
1206 644 1483 699 intellecta
1559 644 1997 711 conspiciuntur.
2037 661 2054 694 υ

475 738 610 794 Tam
648 743 928 796 evidenter
987 739 1267 795 intellecta
1314 745 1468 803 sunt,
1527 744 1586 790 ut
1638 744 1925 806 conspecta
1981 734 2064 789 di-

474 842 685 888 ωιιιιιικ

549 945 570 979 ι
618 925 957 994 Sempiterna
1010 937 1229 994 quoque
1274 922 1395 992 eius
1447 923 1621 978 virtus
1661 927 1718 976 et
1765 918 2057 983 divinitas,

473 1020 549 1076 ita
621 1029 679 1074 ut
736 1020 847 1073 sint
907 1017 1328 1072 inexcusabiles.
1404 1013 1542 1081 Quia
1603 1030 1727 1069 cum
1783 1014 2064 1082 cognovis-

472 1122 595 1167 sent
648 1112 843 1164 Deum.
879 1128 900 1162 ο
953 1110 1080 1164 Sive
1112 1125 1206 1179 per
1242 1120 1517 1173 naturam,
1574 1107 1692 1161 sive
1741 1121 1839 1176 per
1878 1106 2062 1160 factu-

472 1220 612 1266 ram,
643 1213 701 1257 et
725 1202 1009 1257 rationem.

554 1312 573 1346 ι
604 1294 719 1348 Non
763 1295 907 1349 sicut
956 1290 1121 1346 Deum
1162 1291 1641 1363 gloriﬁcaverunt,
1701 1298 1798 1344 aut
1843 1289 2048 1357 gratia:

472 1397 722 1454 cget'uut.
770 1406 789 1439 ι
829 1387 932 1441 Pro
972 1401 1037 1440 eo
1085 1388 1227 1453 quod
1264 1385 1397 1438 tales
1430 1383 1555 1437 iacti
1595 1392 1742 1447 sunt,
1794 1392 1854 1436 ut
1888 1381 2056 1434 Deum

474 1482 685 1548 possint
719 1493 1034 1547 agnoscere,
1070 1479 1113 1531 si
1156 1478 1346 1531 velint.

547 1588 566 1623 ι
601 1571 707 1626 Sed
748 1580 1087 1624 evanuerunt
1136 1569 1189 1623 in
1241 1567 1669 1638 cogitationibus
1721 1569 1855 1623 suis.
1903 1586 1920 1619 ι
1959 1566 2060 1621 Ριι-

477 1672 656 1718 tantes
710 1679 768 1715 se
820 1662 912 1716 Dei
966 1661 1389 1729 magnitudinem
1440 1664 1492 1715 in
1529 1662 1858 1729 regitatione
1897 1674 2057 1729 posse

1402 267 1463 326 S.
1510 264 1955 327 ΙΠΕΠΟΝΥΜΙ
1999 265 2318 327 OPEHUM
2366 266 2773 328 MANTISSA.

472 377 555 430 Ad
584 374 736 445 cujus
768 373 1208 445 magnitudinem,
1231 379 1483 425 creatura
1509 379 1845 443 comparate,
1868 380 2059 438 potent
2087 379 2133 437 Α
2163 370 2477 425 servierunt
2554 389 2567 425 :

2644 371 2741 426 sed
2804 370 3116 441 quitunque
3179 369 3403 441 alicujus
3459 384 3678 431 creaturae

2164 463 2465 530 cupiditate
2503 463 2760 527 vincitur,
2795 462 2896 532 ipsi
2929 463 3120 519 servit.
3151 461 3194 515 Α
3229 478 3326 532 quo
3347 464 3472 517 enim
3498 468 3679 536 quisque

2163 563 2446 621 ruperatus
2503 562 2613 620 est,
2667 553 2827 624 hujus
2883 562 2932 608 et
2990 568 3172 608 servus
3216 561 3290 607 est
3349 553 3427 625 (11
3469 554 3592 611 Petr.
3628 574 3677 622 ιι,

2170 649 2281 717 l9).

2242 762 2262 794 ι
2315 741 2445 811 Qui
2487 751 2569 798 est
2647 741 2971 797 benedictus
3023 742 3075 795 in
3148 742 3341 796 saecula
3390 760 3405 797 :
3460 757 3613 798 amen.
3661 763 3677 796 ι

2163 832 2260 887 Cui
2294 834 2337 888 si
2380 834 2701 899 servissent,
2751 832 2868 888 ﬁeri
2905 832 3171 887 benedicti
3210 833 3261 886 in
3298 834 3480 887 saecula
3517 836 3685 904 potuis-

2163 934 2306 980 sent.
2365 926 2470 992 Qui
2525 927 2665 980 enim
2718 924 2898 998 fecerit
2951 924 3271 979 voluntatem
3319 924 3431 990 Dei,
3476 930 3687 982 manetis

2164 1027 2418 1071 aeternum
2445 1018 2499 1089 (Ι
2524 1017 2695 1074 Joan.
2754 1030 2829 1084 ιι,
2894 1017 2962 1072 17
2986 1017 3049 1089 );
3084 1017 3255 1097 sicut
3292 1016 3404 1094 ipse
3447 1028 3605 1073 manet
3644 1018 3686 1071 in

2164 1119 2427 1168 aeternum
2440 1150 2452 1165 .

2240 1220 2260 1253 ι
2291 1201 2581 1272 Propterea
2615 1202 2833 1259 tradidit
2864 1202 2986 1257 i‘los
3018 1199 3157 1256 Deus
3182 1201 3235 1259 in
3274 1202 3535 1271 passiones
3563 1201 3687 1269 igno-

2165 1292 2367 1347 miniae.
2416 1312 2436 1345 ι
2508 1294 2733 1364 Pmpter
2770 1307 2963 1348 causas
3003 1294 3257 1361 superius
3293 1303 3606 1357 memoratas,
3648 1294 3689 1347 in

2168 1386 2249 1441 his
2276 1383 2495 1454 ﬂagitiis
2531 1398 2660 1443 sunt
2692 1385 2924 1441 dimissi.

2229 1459 2261 1528 ἰ
2307 1477 2443 1531 Nam
2488 1477 2704 1532 fetuina:
2735 1492 2923 1532 eorum
2979 1480 3407 1533 immolaverunt
3437 1474 3691 1530 naturalem

2164 1581 2322 1620 usum
2372 1567 2426 1620 iu
2497 1582 2620 1623 cum
2681 1584 2838 1623 usum
2888 1569 2981 1639 qui
3036 1578 3121 1625 est
3165 1578 3355 1624 contra
3402 1576 3635 1620 naturam.
3670 1580 3688 1616 ι

2162 1656 2354 1713 Omnia
2381 1669 2760 1727 pervcrtcrunt
2791 1661 2844 1714 itt
2883 1662 3049 1716 Deum
3079 1661 3344 1732 perversi.
3374 1659 3555 1728 ,Neque
3573 1657 3689 1710 enim

475 1756 976 1823 comprehendere,
1053 1765 1394 1809 evanuerunt
1448 1754 1502 1808 in
1550 1754 1787 1809 naturali
1840 1768 2054 1824 sopore,
2091 1735 2133 1790 Β
2163 1751 2411 1805 ordinem
2462 1762 2670 1807 natura:
2717 1765 3102 1819 servaverunt,
3178 1755 3274 1822 qui
3316 1762 3508 1809 natura:
3531 1747 3694 1804 dereli-

476 1858 755 1903 creatnras
784 1862 881 1917 pro
911 1855 1167 1903 creatore
1194 1848 1457 1902 venerati.

553 1960 572 1992 ι
609 1941 667 1993 Ει
703 1942 1055 1994 obscuratum
1089 1952 1170 1994 est
1198 1939 1462 2009 insipiens
1489 1955 1585 1996 cor
1617 1956 1834 1996 eorum.
1877 1960 1895 1994 ›
1947 1942 2056 1998 Re-

473 2033 733 2088 cedentes
771 2047 799 2084 a
834 2034 1040 2086 lumine
1066 2034 1332 2087 veritatis.

553 2141 574 2174 s
622 2122 877 2179 Dicentes
905 2125 1052 2177 enim
1095 2139 1155 2178 se
1204 2138 1327 2177 esse
1361 2123 1658 2191 sapientes.
1699 2140 1718 2174 ι
1759 2123 1927 2189 Quasi
1962 2125 2053 2193 qui

471 2213 812 2271 invenissent
862 2217 1137 2284 quomodo
1171 2214 1462 2269 invisibilis
1498 2215 1638 2269 Deus
1675 2230 1771 2284 per
1829 2215 2057 2270 simula-

470 2322 690 2361 crorum
730 2308 944 2362 visibile
973 2308 1273 2363 coleretur.

549 2416 571 2450 ι
609 2397 774 2454 Stulti
823 2398 950 2453 lacti
998 2409 1148 2453 sunt.
1209 2398 1275 2453 Et
1311 2409 1658 2455 mutaverunt
1694 2400 1921 2468 gloriam
1975 2399 2058 2455 in-

471 2490 846 2556 curruptibilis
902 2490 995 2545 Dei
1050 2491 1105 2543 in
1156 2489 1593 2546 similitudinem.
1637 2511 1657 2544 ι
1694 2492 1814 2546 Non
1857 2491 2059 2547 intelli-

473 2587 662 2645 gentes
700 2580 900 2631 nullam
957 2578 1371 2635 similitudinem
1407 2581 1611 2635 habere
1663 2582 1897 2638 mortale
1954 2584 2057 2638 im-

474 2668 741 2729 mortalis.
774 2678 827 2722 et
862 2654 1217 2740 corruptibile
1243 2673 1588 2741 sempiterni.

550 2776 571 2810 ι
609 2758 868 2829 Iinaginis
922 2764 1300 2832 corruptibilis
1347 2766 1601 2831 hominis,
1643 2777 1698 2823 et
1750 2771 2055 2839 volucrum,

472 2862 529 2908 et
588 2857 1021 2926 quadrupedum,
1060 2868 1116 2912 et
1165 2860 1529 2925 serpentium.
1563 2880 1581 2913 ι
1641 2861 1760 2917 Non
1820 2866 2057 2922 hominis

471 2946 669 3011 solum,
698 2949 791 3002 sed
823 2949 1073 3018 imaginis
1104 2950 1341 3006 hominis
1373 2960 1468 3006 :et
1499 2968 1601 3007 non
1637 2954 1797 3024 hujus
1826 2968 2054 3025 tantum,

471 3034 568 3086 sed
605 3036 769 3088 etiam
806 3038 1146 3092 animalium.
1204 3038 1303 3094 Hic
1340 3038 1491 3096 Jovis
1530 3044 1767 3100 cultores
1796 3047 2053 3116 appellat,

470 3126 563 3193 qui
638 3142 759 3181 cum
830 3138 1049 3197 propter
1122 3145 1340 3186 amores
1420 3133 1755 3192 fmdissimos
1951 3109 2126 3195 istac

473 3232 726 3274 asserunt
780 3221 1250 3290 transformatum,
1306 3233 1361 3279 et
1410 3225 1616 3282 idcirco
1663 3245 1721 3283 se
1781 3230 1858 3284 illi
1921 3234 2058 3286 tales

478 3309 743 3379 imagines
796 3325 1192 3377 consecrasse,
1258 3314 1311 3366 in
1376 3315 1575 3383 quibus
1642 3316 1857 3371 libidini
1893 3320 2057 3371 satis-

474 3398 624 3452 feeit.
946 3399 961 3411 ’

552 3489 809 3557 «Propter
822 3492 963 3560 quod
990 3492 1339 3549 tradiditillos
1361 3492 1501 3549 Deus
1522 3495 1573 3549 in
1597 3495 1864 3551 desideria
1878 3500 2059 3555 cordis

471 3594 687 3635 eorum.
720 3598 738 3632 ι
794 3581 850 3635 ln
902 3582 1005 3637 hoc
1043 3585 1185 3652 quod
1214 3583 1354 3638 Deus
1385 3586 1671 3640 tradidisse
1703 3587 1901 3642 dicitur
1929 3605 2057 3654 pro-

472 3672 610 3739 priis
635 3673 919 3727 desideriis
949 3689 1284 3744 peccatores,
1317 3678 1555 3731 ostendit
1614 3694 1720 3731 non
1765 3681 1907 3748 quod
1944 3684 2058 3750 ipse

472 3763 549 3816 sit
577 3778 767 3825 causa,
822 3764 917 3818 sed
953 3769 1097 3833 quod
1126 3782 1223 3835 per
1258 3768 1726 3837 longanimitatem
1763 3782 1818 3826 et
1849 3775 2059 3839 patien-

472 3856 606 3907 tiam
665 3871 771 3908 non
831 3857 1136 3913 inducenda
1186 3859 1530 3926 vindictam,
1580 3862 1783 3930 patitur
1828 3877 1923 3917 eos
1970 3878 2059 3918 se-

470 3947 710 4000 Cuudum
753 3951 935 4003 cordis
990 3950 1078 4007 sui
1138 3964 1302 4021 agere
1335 3952 1713 4009 voluntatem:
1776 3954 1879 4009 hoc
1926 3953 2057 4010 facit

472 4040 662 4096 volens
699 4056 796 4096 eos
836 4042 903 4096 ad
940 4043 1316 4111 paenitentiam
1346 4046 1617 4101 converti.
1676 4045 1809 4100 ltem
1845 4047 2056 4103 tradere

473 4132 531 4186 in
566 4132 865 4202 Scripturis
892 4133 1091 4188 dicitur
1124 4134 1289 4201 Deus,
1328 4151 1453 4191 cum
1496 4152 1600 4191 non
1636 4138 1839 4193 retinet
1879 4138 2054 4193 delin-

472 4235 706 4291 quentes
755 4233 980 4294 propter
1056 4225 1270 4280 arbitrii
1343 4225 1651 4283 libertatem
1711 4246 1726 4283 :
1786 4231 1931 4285 sicut
1999 4230 2061 4285 iu

470 4311 689 4367 Psalmo
726 4314 897 4368 dicit:
952 4312 1021 4367 Et
1074 4316 1281 4370 dimisit
1327 4332 1414 4371 eos
1456 4318 1741 4373 secundum
1785 4320 2052 4379 desideria

467 4404 642 4458 cordis
672 4419 849 4458 eorum
874 4403 1046 4474 (Prol.
1080 4421 1245 4471 Lxxx,
1280 4406 1390 4476 i3).

2159 1851 2393 1910 querunt
2420 1852 2728 1898 auctorem.
2760 1845 3111 1902 lnl'andoruin
3138 1846 3286 1900 enim
3320 1846 3568 1901 idolorum
3598 1841 3692 1895 cul-

2162 1943 2283 1988 tura
2315 1936 2494 1991 omnis
2553 1936 2679 1990 mali
2711 1952 2874 1994 causa
2912 1948 3016 2005 est,
3057 1939 3272 1993 initium
3306 1948 3358 1992 et
3388 1939 3518 1992 linis.

2236 2045 2254 2077 ι
2290 2026 2556 2081 Similiter
2596 2039 2778 2083 autem
2820 2040 2876 2084 et
2931 2032 3182 2096 masculi,
3250 2034 3439 2087 relicto
3499 2031 3694 2087 naturali

2159 2133 2255 2172 usu
2293 2121 2528 2186 leminae,
2560 2134 2880 2177 exarserunt
2912 2125 2968 2178 in
3022 2126 3310 2180 desideriis
3341 2126 3474 2193 suis,
3500 2125 3546 2177 in
3578 2123 3694 2178 invi-

2159 2229 2277 2267 cem
2314 2214 2539 2267 masculi
2570 2215 2622 2271 in
2647 2217 2915 2271 masculos
2939 2218 3331 2286 turpitudinem
3364 2227 3642 2287 cperanles.
3673 2233 3691 2267 ι

2159 2303 2435 2359 Effrcnata
2479 2296 2652 2359 libido'
2678 2305 2898 2360 modum
2924 2321 3147 2365 servare
3172 2324 3285 2363 non
3318 2310 3483 2363 novit.

2236 2395 2351 2450 «Et
2402 2404 2732 2463 mercedem,
2790 2413 2952 2468 quam
3003 2401 3270 2469 oportuit,
3321 2401 3518 2457 erroris
3553 2401 3624 2455 sui
3651 2398 3694 2451 in

2160 2490 2469 2555 semetipsis
2503 2489 2853 2560 recipientes.
2903 2510 2923 2546 ι
2984 2492 3077 2550 Sic
3111 2494 3527 2561 cueurritordo,
3552 2500 3605 2547 ut
3623 2487 3700 2563 qui

2158 2580 2252 2634 Dei
2281 2581 2430 2633 obliti
2461 2592 2641 2646 erant,
2674 2596 2772 2636 nec
2803 2582 3016 2652 seipsos
3045 2594 3429 2653 agnoscerent.

2234 2692 2253 2724 ι
2284 2673 2354 2727 Ει
2397 2675 2541 2727 sicut
2596 2689 2702 2728 non
2757 2675 3145 2742 probaverunt.
3211 2676 3383 2733 Deum
3432 2678 3614 2734 habere
3654 2677 3697 2732 in

2160 2762 2375 2817 notitia.
2414 2779 2433 2814 ι
2495 2759 2614 2816 Νοιι
2677 2764 3032 2832 nescierunt,
3090 2765 3193 2820 sed
3261 2767 3481 2821 minime
3531 2768 3702 2836 proba-

2158 2864 2375 2915 verunt,
2434 2854 2535 2908 Ille
2567 2856 2710 2910 enim
2746 2858 2936 2925 probat
2969 2873 3028 2914 se
3064 2859 3232 2913 Deum
3275 2860 3472 2917 habere
3506 2862 3552 2913 in
3584 2862 3702 2914 noti-

2162 2946 2258 3009 tia,
2293 2946 2381 3015 qui
2428 2959 2646 3015 semper
2695 2946 2844 3002 illum
2888 2947 2941 3003 in
2967 2948 3227 3017 prosecuti
3257 2950 3479 3009 habens,
3502 2962 3702 3020 peccare

2164 3054 2268 3092 non
2300 3040 2485 3094 audet.

2238 3149 2255 3181 ι
2296 3127 2550 3183 Tradidit
2604 3128 2725 3182 illos
2778 3128 2919 3184 Deus
2988 3128 3040 3181 in
3090 3130 3384 3199 reprobmu
3437 3144 3698 3185 sensum»

2159 3218 2276 3274 Non
2315 3220 2635 3288 reprehendi
2666 3230 2794 3277 sunt
2824 3219 3008 3275 traditi
3059 3218 3112 3274 iu
3140 3220 3437 3290 reprobum
3465 3235 3680 3275 sensum.

2235 3330 2253 3363 ι
2290 3311 2363 3367 Ut
2403 3311 2601 3366 iaciant
2646 3326 2732 3381 ea,
2775 3326 2898 3383 qua:
2930 3326 3037 3371 non
3068 3317 3423 3370 conveniunt.
3456 3333 3475 3367 ι
3518 3310 3707 3370 Homini

2161 3402 2364 3458 facere.

2234 3514 2255 3547 ι
2292 3495 2546 3565 Repletes
2576 3498 2726 3552 omni
2776 3497 3089 3567 iniquitate,
3129 3498 3362 3557 malitia.
3400 3518 3418 3551 ι
3470 3496 3708 3570 Iniquita-

2162 3594 2266 3639 tem
2299 3598 2353 3643 et
2388 3586 2669 3656 malitiam,
2698 3590 3031 3658 principales
3061 3604 3259 3647 causas
3294 3594 3537 3646 ostendit
3567 3591 3703 3645 vitio-

2162 3693 2279 3733 rum
2311 3694 2452 3734 esse.

2236 3788 2253 3821 ι
2292 3771 2712 3836 Furnicatione,
2774 3772 3041 3835 avaritia,
3098 3773 3423 3842 nequitia.»
3480 3770 3711 3828 Fornica-

2162 3863 2358 3917 tionem
2410 3874 2588 3919 autem
2641 3874 2698 3920 et
2774 3866 3059 3918 avaritiam
3113 3866 3279 3921 simul
3326 3868 3556 3937 jnmit:
3603 3864 3710 3932 quia

2160 3956 2377 4023 utrique
2404 3970 2545 4025 pene
2572 3956 2884 4013 idololatria
2913 3967 3265 4026 comparatur
3294 3959 3571 4029 nequitiae.

2236 4064 2256 4097 ι
2288 4046 2484 4103 Plenus
2519 4046 2747 4112 invidia,
2775 4047 3102 4104 homicidiis.
3146 4066 3165 4099 ι
3212 4049 3450 4104 Pulchre
3482 4047 3709 4103 invidiam

2157 4138 2459 4196 homicidio
2513 4141 2782 4197 sociavit:
2819 4141 2944 4212 quia
2994 4143 3205 4213 prima,
3258 4144 3427 4214 hujus
3489 4140 3709 4200 criminis

2158 4233 2271 4300 ipsa
2301 4235 2525 4288 materia
2563 4242 2669 4289 est.

2233 4343 2252 4377 ι
2290 4324 2673 4382 Couteutione.
2714 4345 2735 4381 ι
2789 4325 3082 4384 Coutentio
3106 4339 3212 4396 est,
3265 4331 3360 4386 ubi
3390 4346 3497 4387 non
3526 4328 3714 4386 ratione

2082 4414 2388 4498 Daliquid,
2443 4419 2537 4473 sed
2577 4419 2745 4473 animi
2807 4421 3109 4487 pertinacia
3154 4422 3497 4489 defenditur,
3534 4435 3586 4479 et
3637 4420 3716 4478 ubi

545 4513 565 4547 ι
600 4496 656 4549 In
691 4497 1115 4555 immunditiam.
1153 4517 1173 4551 ι
1231 4498 1363 4565 Quae
1401 4511 1486 4557 est
1513 4499 1569 4557 in
1598 4500 1849 4572 turpibus
1876 4502 2050 4560 mini-
2106 4496 2115 4498 ⁷
2148 4508 2260 4577 jam
2302 4523 2410 4563 non
2450 4510 2655 4566 veritas
2705 4512 2969 4580 quaeritur
2995 4553 3013 4581 ,
3050 4513 3147 4570 sed
3203 4517 3500 4585 proximus
3540 4516 3713 4585 fatiga-

467 4589 652 4643 Steriis
683 4588 978 4643 idolorum.

542 4696 562 4731 ι
603 4679 675 4737 Ut
719 4683 1069 4738 contumeliis
1106 4682 1345 4738 alliciant
1385 4699 1616 4756 corpora
1665 4700 1785 4742 sua.
1825 4704 1844 4740 ι
1911 4688 2046 4747 Dum

464 4772 570 4827 sibi
607 4773 660 4827 in
696 4781 1052 4830 sacramentis
1078 4791 1292 4845 eorum,
1328 4778 1573 4833 cauteria
1604 4789 1658 4835 et
1708 4781 2049 4842 cenibustio-

463 4880 562 4921 nes
600 4865 872 4936 infligunt.

538 4975 560 5011 ι
599 4959 651 5015 Ιιι
684 4960 1011 5029 semetipsis.
1052 4978 1071 5014 ι
1137 4960 1206 5017 Ut
1238 4961 1395 5032 quasi
1430 4973 1677 5020 amentes
1708 4964 1814 5035 ipsi
1868 4967 1920 5023 in
1963 4983 2044 5035 se,

460 5066 686 5107 suorum
719 5054 828 5107 sint
867 5053 1107 5107 vindices
1139 5054 1491 5108 delictorum.

536 5159 555 5194 ι
586 5141 720 5209 Quia
766 5153 1239 5200 commulaverunt
1267 5145 1548 5201 veritatem
1579 5146 1676 5202 Dei
1719 5147 1772 5201 in
1809 5150 2041 5207 menda-

456 5232 626 5287 cium.
657 5250 678 5284 ι
734 5232 1223 5289 Commutaverunt
1252 5234 1366 5288 veri
1403 5233 1495 5288 Dei
1542 5235 1749 5290 cultum
1805 5239 1857 5291 in
1893 5256 2045 5295 men-

459 5322 677 5378 dacium
720 5324 1013 5393 idolorum,
1050 5340 1171 5395 qua:
1211 5324 1351 5381 falso
1399 5326 1659 5396 prodigiis
1694 5330 1987 5386 coluerunt
2022 5349 2040 5390 :

455 5423 513 5471 et
542 5417 945 5487 quodammodo
982 5419 1161 5475 stultis
1202 5420 1541 5474 mentiuntur
1570 5434 1713 5486 esse,
1748 5423 1894 5492 quod
1929 5440 2038 5485 non

455 5518 605 5564 sunt.

534 5616 554 5649 ι
586 5598 653 5654 Ει
702 5600 1012 5672 coluerunt,
1062 5611 1116 5658 et
1168 5603 1481 5660 servierunt
1529 5613 1794 5661 creaturae
1854 5608 2036 5678 potius

460 5703 625 5757 quam
654 5689 926 5751 Creatori.
965 5712 986 5747 ι
1022 5692 1353 5756 Nonasolum
1382 5696 1716 5765 dilexerunt,
1744 5700 1841 5755 sed
1873 5700 2037 5758 etiam

2156 4612 2261 4655 llﬂ‘.

2230 4707 2249 4742 ι
2294 4689 2447 4747 Delo.
2485 4710 2505 4745 ι
2565 4690 2790 4751 Occulta
2842 4695 3073 4763 malitia,
3116 4697 3332 4754 blandis
3390 4699 3714 4758 sermonibus

2151 4784 2432 4842 adornata.
2926 4786 2931 4795 “’

2230 4893 2249 4927 ι
2282 4875 2636 4946 Malignitate.
2679 4896 2699 4931 ι
2750 4879 2966 4935 Malitia:
3000 4890 3205 4950 votum,
3256 4883 3345 4937 vel
3394 4897 3552 4954 Opus,
3584 4878 3718 4936 mali-

2148 4968 2328 5037 gnitas
2355 4971 2685 5041 appellatur.

2226 5078 2244 5111 ι
2283 5060 2642 5119 Susurroues.
2678 5082 2697 5117 ι
2754 5064 3200 5135 Mnrmuralores,
3260 5084 3371 5125 non
3418 5070 3473 5125 in
3520 5067 3720 5129 {ademi

2147 5149 2241 5203 sed
2267 5149 2319 5203 in
2350 5166 2537 5206 aurem
2564 5153 2878 5224 loquentes.

2225 5258 2244 5292 ι
2279 5241 2672 5311 Detractores,
2718 5246 2834 5303 Deo
2875 5248 3131 5305 odibiles.
3171 5268 3192 5303 ι
3251 5248 3401 5306 Nihil
3459 5260 3543 5307 est
3593 5247 3719 5303 enim

2148 5344 2256 5389 tam
2304 5336 2504 5392 odibile
2541 5337 2677 5404 Deo,
2712 5353 2874 5409 quam
2917 5340 3259 5397 idololatria:
3291 5342 3383 5396 cui
3414 5356 3515 5411 per
3543 5337 3720 5397 simili-

2147 5428 2390 5491 tudinem
2426 5430 2741 5499 eradicandi
2783 5446 2943 5502 ptena
2971 5431 3333 5490 detractionis
3367 5436 3577 5505 scripta
3603 5446 3719 5489 cou-

2141 5519 2414 5590 jungitur.

2219 5629 2239 5663 ι
2274 5612 2733 5675 Contumeliosos.
2774 5636 2795 5674 ι
2853 5617 2959 5686 Qui
3020 5620 3237 5679 veloces
3289 5604 3423 5677 sunt
3472 5620 3526 5677 in
3559 5615 3718 5674 verbis

2144 5718 2381 5773 iniuriae.
