3946 6206
201 289 306 355 (ἰτἾ

1230 286 1644 350 EXPOSlTiO
1683 287 1770 348 ΙΝ
1813 286 2060 349 EPIS'I'.
2106 289 2205 349 AD
2258 288 2453 350 R0“.

3363 288 3476 354 673

267 422 296 461 ι
331 403 630 475 Superbos,
667 402 861 464 elatos.
907 402 1222 460 inventores
1277 403 1570 460 malorum.
1611 421 1632 455 ι
1675 402 1854 470 ρυίιΑ
1887 411 1979 468 ιιι,
2033 411 2324 471 peccator,
2378 411 2720 472 peccatorem
2778 402 2878 458 tibi
2929 401 3165 458 similem
3213 400 3471 471 judicas.

197 498 316 552 vult
351 494 668 566 supergredi
699 494 844 564 quod
880 504 986 556 est,
1026 495 1296 562 superbus
1341 505 1447 559 est,
1493 499 1642 550 sicut
1667 495 1783 548 dia-

199 589 363 645 bolus
413 588 590 656 perdit
635 586 876 654 seipsttm
927 586 1072 654 quod
1121 594 1228 640 est.
1275 585 1378 652 Qui
1430 587 1573 640 enim
1621 600 1788 654 super

199 681 336 735 alios
367 680 480 733 vult
511 692 656 740 esse,
691 677 780 732 hic
827 675 968 730 infra
997 690 1062 732 se
1095 677 1224 730 ﬁet:
1277 689 1335 732 et
1369 677 1494 732 ideo
1538 678 1787 745 sequitur

203 770 552 823 «inventores
585 768 853 820 malorum
877 783 928 820 ε»
950 767 1084 834 quia
1111 780 1326 836 semper
1353 767 1604 834 superbia
1628 781 1791 821 etco-

199 865 345 932 gitat
369 870 426 915 et
464 861 671 915 invenit
711 859 876 924 mala,
927 859 1074 914 sicut
1126 868 1321 913 auctor
1374 858 1638 928 superbiae
1693 872 1789 927 per

196 955 492 1007 elationem
522 967 673 1006 suam
714 951 922 1006 invenit
949 951 1054 1005 sibi
1088 949 1311 1016 malum,
1347 950 1490 1018 quod
1520 961 1650 1004 ante
1677 963 1786 1004 non

198 1045 401 1099 trierat.
451 1045 640 1100 Elatus
693 1052 875 1098 autem
929 1043 1153 1106 dicitur,
1195 1042 1287 1112 qui
1346 1040 1573 1096 ell‘ertur
1619 1056 1787 1109 super

199 1148 489 1186 mensuras
512 1146 662 1187 suas.

281 1241 299 1274 ι
354 1221 677 1278 Parentibus
715 1235 826 1273 non
879 1219 1221 1274 obedientes.
1254 1237 1276 1271 ι
1332 1217 1464 1272 Veri
1523 1227 1787 1288 parentes

199 1328 353 1384 sunt,
396 1317 486 1386 qui
524 1331 620 1385 per
641 1329 824 1369 semen
856 1313 1007 1368 verbi
1046 1320 1312 1383 generant
1351 1312 1404 1366 in
1437 1311 1612 1366 lucem
1644 1311 1788 1368 ﬁlios

196 1413 272 1464 ad
312 1411 474 1462 vitam
502 1419 790 1464 aeternam.

284 1523 302 1554 ι
349 1503 692 1571 lnsipientes,
773 1498 1184 1568 incompositos.
1228 1516 1249 1551 ι
1309 1497 1414 1568 Qui
1453 1513 1480 1552 a
1524 1497 1672 1553 l'onte
1699 1511 1788 1552 sa-

199 1597 424 1667 pientiae
469 1602 837 1655 recesserunt,
889 1605 1116 1646 necesse
1145 1599 1234 1645 est
1278 1601 1336 1644 ut
1363 1589 1672 1646 inordinate
1697 1588 1785 1646 l'e-

200 1705 420 1746 rantur.

286 1804 304 1836 ι
339 1783 470 1837 Sine
503 1781 810 1846 aﬂ'ectione,
859 1779 1062 1848 absque
1103 1775 1336 1833 findere.
1370 1793 1390 1830 ι
1446 1775 1676 1832 Atl‘ectio
1707 1785 1791 1833 est
1821 1751 1865 1809 Β

201 1873 524 1939 adimpletio
556 1872 866 1926 charitatis.

289 1981 308 2013 ι
362 1963 492 2017 Siue
541 1961 936 2016 misericordia.
985 1981 1006 2016 ι
1071 1961 1301 2029 Quando
1361 1961 1484 2016 aliis
1537 1970 1794 2032 poterant

206 2057 482 2120 misereri,
522 2055 615 2126 qui
666 2057 721 2110 itt
761 2071 820 2110 se
865 2056 1254 2111 misericordes
1299 2069 1423 2110 esse
1459 2054 1795 2108 uoluerunt?

210 2145 342 2201 llzec
377 2147 558 2200 omnia
593 2161 689 2216 per
725 2144 974 2199 ordinem
1017 2145 1222 2214 digesta
1277 2153 1495 2213 peccata
1521 2180 1536 2208 ,
1591 2146 1656 2198 de
1688 2142 1794 2197 illis

207 2241 488 2302 dicuntur,
514 2242 603 2307 qui
632 2237 1076 2306 derelinquentes
1121 2237 1314 2301 Deum,
1349 2235 1418 2290 ab
1445 2252 1510 2290 eo
1551 2234 1790 2289 vicissim

205 2341 339 2384 sunt
373 2330 639 2384 derelicti.
681 2329 986 2386 Careamus
1013 2343 1144 2398 ergo
1174 2337 1228 2382 et
1252 2343 1374 2394 nos,
1403 2343 1475 2381 ne
1499 2327 1640 2397 quod
1674 2339 1792 2379 ma-

209 2423 327 2476 lum
351 2437 413 2476 ex
446 2423 526 2476 liis
553 2422 841 2487 habentes,
865 2421 1118 2476 similiter
1146 2414 1538 2490 relinquantur.

294 2535 312 2566 ι
350 2516 450 2582 Qui
477 2531 607 2570 cum
635 2515 903 2584 justitiam
929 2513 1018 2568 Dei
1059 2513 1469 2582 cognovissent,
1495 2525 1602 2566 non
1631 2509 1795 2565 intel-

210 2608 510 2662 lexerunt:
557 2608 814 2676 quoniam
873 2607 964 2675 qui
1020 2607 1147 2659 talia
1194 2613 1405 2673 agunt,
1459 2603 1611 2669 digni
1665 2616 1796 2657 sunt

212 2708 413 2753 inmte.
444 2716 463 2749 ι
509 2697 606 2750 llic
629 2696 871 2750 ostendit
903 2695 1180 2763 quomodo
1208 2694 1585 2764 unusquisque
1611 2695 1795 2748 homi-

213 2805 349 2844 num
387 2790 520 2843 sita
557 2788 668 2842 Deo
711 2791 1006 2842 secundum
1049 2801 1207 2842 actus
1247 2787 1496 2856 proprios
1536 2785 1791 2855 judican-

211 2883 367 2935 dus:
421 2881 475 2934 iu
517 2895 627 2949 quo
665 2888 722 2932 et
777 2879 893 2946 ipse
943 2879 1117 2933 alium
1153 2879 1424 2932 hominem
1473 2888 1793 2944 peccantem

208 2974 422 3044 judicat
482 2983 644 3041 atque
689 2973 1046 3026 condemnat.
1105 2970 1238 3024 ltem
1289 2985 1412 3024 cum
1464 2985 1532 3023 ex
1583 2983 1651 3022 eo
1685 2968 1791 3022 sibi

214 3067 454 3136 quisque
492 3065 759 3134 displicet,
807 3064 950 3134 quod
987 3063 1178 3116 f~:cerit
1225 3063 1453 3154 malum,
1498 3060 1590 3116 Dei
1631 3059 1795 3154 justi-
1825 3097 1867 3154 ε

216 3159 350 3213 tiam
387 3159 706 3227 cognovisse
750 3156 992 3210 dicitur:
1048 3169 1160 3208 non
1213 3153 1607 3208 intellexerunt
1657 3153 1794 3206 tales

213 3253 285 3304 ab
319 3265 413 3317 eo,
441 3261 495 3304 et
525 3250 571 3303 si
601 3263 704 3302 non
747 3248 800 3302 in
833 3247 1108 3317 prmseuti,
1143 3256 1326 3300 tamen
1367 3246 1421 3301 in
1464 3245 1653 3299 futuro
1675 3259 1796 3298 esse

211 3342 550 3412 puniendos.
609 3339 666 3394 Si
707 3339 854 3394 enim
915 3339 1360 3403 intellexissent,
1409 3339 1601 3408 utique
1663 3337 1794 3391 talia

210 3434 564 3489 committere
596 3432 930 3488 timuissent.

294 3545 314 3578 ι
353 3523 476 3579 Non
517 3524 686 3578 solum
719 3524 810 3594 qui
855 3539 916 3578 ea
952 3522 1178 3590 iaciunt,
1207 3523 1300 3578 sed
1335 3523 1498 3578 etiam
1536 3523 1628 3593 qui
1663 3537 1801 3578 con-

209 3616 470 3671 sentiunt
519 3615 864 3670 facientibus.
897 3633 918 3666 ι
956 3612 1036 3668 Ne
1083 3615 1208 3684 quis
1250 3614 1480 3678 diceret,
1528 3617 1643 3669 haec
1691 3630 1797 3669 non

209 3708 405 3762 omnia
441 3723 499 3762 se
529 3708 724 3762 iecisse
752 3725 767 3762 :
799 3708 1025 3773 addidit,
1065 3709 1155 3778 qui
1188 3707 1544 3763 consentiunt
1591 3707 1800 3761 facien-

211 3805 388 3858 tiius.
419 3801 525 3856 Sed
547 3811 604 3855 et
635 3801 728 3871 qui
761 3802 816 3855 in
849 3800 966 3856 istis
997 3816 1104 3855 non
1133 3801 1432 3866 consensit,
1465 3801 1558 3870 qui
1586 3800 1799 3870 judica-

208 3896 356 3950 baut
407 3893 760 3962 liujnsmodi:
793 3901 974 3948 tamen
1025 3893 1351 3948 idololatria:
1383 3893 1797 3959 consentiendo,

204 4003 344 4057 qua
395 3987 640 4042 omnium
691 3987 885 4041 borum
917 3995 1078 4058 caput
1109 3996 1163 4041 et
1196 4000 1360 4042 causa
1393 3995 1500 4054 est,
1543 3985 1800 4042 omnibus

205 4079 570 4137 consensisse
605 4079 910 4136 videbatur.

838 4233 1074 4290 CAPUT
1123 4234 1190 4292 ll.

293 4369 318 4403 ι
361 4348 589 4419 l’ropter
619 4349 760 4420 quod
801 4350 1186 4406 inexcusabilis
1218 4364 1298 4418 es,
1329 4365 1362 4406 o
1399 4350 1565 4407 homo
1623 4349 1802 4407 omnis

1888 503 2094 563 quanto
2123 495 2296 565 magis
2321 494 2465 549 Deus
2491 495 2674 564 justus
2703 503 2752 550 te
2776 495 3046 563 judicabit
3075 493 3365 562 iniustum!
3399 507 3476 548 ne

1890 586 1966 641 illi
1999 585 2137 640 mala
2167 586 2397 654 placere,
2428 595 2483 641 et
2505 586 2795 656 displicere
2822 587 2961 641 bona
2993 585 3216 640 forsitan
3246 583 3472 639 videan-

1893 685 1983 730 tur
2009 677 2248 746 tquippe
2275 691 2438 747 quem
2467 679 2586 734 sine
2620 692 2974 747 personarum
3001 676 3340 744 acceptione,
3372 691 3484 731 nec'

1890 769 2082 824 amicis
2109 770 2248 835 suis,
2283 784 2382 824 nec
2409 771 2614 840 angelis
2649 771 2877 841 legimus
2907 771 3214 840 pepercisse
3241 783 3474 840 peccan-

1891 859 2052 914 tibus.
2083 857 2391 914 Humanum
2427 873 2608 916 autem
2634 858 2901 929 judicium
2933 860 3117 914 multis
3147 861 3321 913 modis
3347 873 3472 912 cor-

1891 950 2183 1020 rumpitur.
2230 953 2452 1014 Amore,
2502 952 2648 1017 odio,
2686 951 2900 1016 timore,
2931 951 3156 1005 arat-itis
3192 965 3337 1020 saepe
3379 949 3470 1020 ju-

1889 1041 2018 1096 dicii
2051 1042 2334 1111 integritas
2369 1043 2601 1098 violatur
2629 1060 2643 1098 :
2672 1053 2725 1096 et
2754 1053 2946 1098 contra
2977 1042 3197 1112 iustitiae
3229 1040 3471 1108 regulam

1891 1134 2162 1190 interdum
2195 1136 2569 1192 misericordia
2603 1136 2917 1191 inclinatur.

1965 1243 1985 1278 ‹
2027 1225 2106 1280 Αιι
2143 1226 2360 1282 divitias
2403 1227 2661 1282 bonitatis
2694 1228 2832 1298 ejus,
2862 1236 2916 1282 et
2945 1227 3241 1296 patientia,
3269 1237 3324 1282 et
3345 1228 3470 1282 lon-

1889 1318 2223 1385 ganimitatis
2248 1318 2594 1374 contemnis?
2621 1318 2844 1388 lguoras
2871 1319 3128 1388 quoniam
3161 1319 3476 1388 benignitas

1895 1411 1983 1465 Dei
2016 1411 2082 1464 ad
2130 1411 2502 1479 paenitentiam
2531 1421 2590 1486 te
2619 1413 2876 1466 adducit!
2917 1431 2936 1464 ι
2971 1411 3070 1468 llic
3101 1423 3285 1482 aperte
3318 1429 3476 1467 mon-

1889 1511 2094 1555 strator
2136 1516 2306 1571 quare
2341 1503 2611 1572 peccatori
2646 1501 2915 1558 desideria
2948 1504 3126 1558 cordis
3171 1504 3259 1559 sui
3307 1505 3473 1560 dimi-

1889 1593 2025 1650 serit
2077 1594 2218 1648 Deus
2248 1610 2264 1651 :
2293 1604 2348 1649 et
2397 1611 2520 1650 cum
2566 1595 2743 1664 possit
2793 1595 3081 1664 prohibere
3129 1608 3469 1665 peccantem,

1893 1687 1976 1740 vel
2007 1685 2209 1742 inferre
2241 1686 2562 1750 vindictam.
2593 1687 2800 1742 mavult
2827 1687 3076 1742 converti
3105 1687 3172 1742 ad
3205 1689 3482 1756 peniten-

1899 1779 2053 1833 tiam.
2105 1779 2234 1833 lletn
2283 1778 2530 1846 nunquid
2579 1790 2862 1848 propterea
2895 1779 2990 1832 tibi
3042 1780 3108 1838 de
3155 1779 3475 1848 impunitate

1898 1870 2182 1936 blandiris,
2215 1870 2342 1939 quia
2373 1871 2515 1926 Deus
2543 1871 2596 1926 iu
2643 1871 2896 1941 presenti
2929 1887 3035 1928 non
3085 1873 3259 1926 reddit
3289 1887 3304 1927 :
3329 1885 3384 1926 et
3415 1882 3472 1925 tn

1897 1960 2287 2029 longitudinem
2337 1963 2616 2032 temporis,
2663 1973 2720 2016 et
2771 1964 3161 2018 abundantiam
3213 1963 3478 2017 bonitatis

1899 2052 2138 2120 intuens,
2183 2065 2342 2124 putas
2379 2054 2491 2124 jam
2530 2069 2634 2107 non
2674 2069 2796 2108 esse
2821 2053 3290 2123 julicium?Audi
3321 2055 3478 2107 Scri-

1896 2153 2073 2213 ptura!
2105 2144 2432 2198 sententiam
2467 2159 2482 2198 :
2519 2141 2641 2197 Non
2671 2145 2848 2197 tardat
2883 2145 3138 2198 Dominus
3179 2145 3472 2211 promissis,

1895 2235 1986 2290 sed
2009 2235 2270 2304 patienter
2299 2237 2408 2306 agit
2433 2247 2648 2306 propter
2669 2253 2780 2303 vos,
2808 2241 2988 2294 nolens
3014 2238 3241 2307 aliquem
3273 2239 3474 2306 perire.

1896 2326 1988 2378 sed
2020 2342 2200 2380 omnes
2234 2327 2304 2380 ad
2329 2329 2694 2394 pmnitentium
2745 2331 2973 2382 conuerti
3001 2327 3054 2399 (1
3087 2329 3232 2383 Patr.
3279 2346 3362 2392 ut.
3391 2328 3476 2398 9).

1898 2417 2084 2470 Bonus
2114 2430 2200 2471 est
2233 2419 2620 2488 exspectando,
2650 2421 2829 2488 justus
2863 2431 2943 2474 est
2976 2422 3272 2487 puniendo.
3320 2419 3480 2478 Unde

1897 2510 2144 2562 admonet
2179 2511 2438 2578 propheta
2467 2527 2481 2564 :
2510 2509 2590 2562 Ne
2615 2511 2790 2562 tardes
2819 2511 3047 2562 conuerti
3065 2512 3132 2562 ad
3165 2509 3471 2575 Dominum,

1897 2617 2060 2669 neque
2087 2602 2306 2670 (Ii/feras
2339 2603 2402 2655 de
2438 2603 2522 2658 die
2551 2605 2604 2656 in
2633 2604 2769 2656 diem
2803 2620 2821 2657 :
2848 2603 3018 2658 subito
3053 2606 3190 2657 uenit
3222 2603 3304 2656 ira
3329 2604 3476 2672 ejus,

1897 2701 1946 2744 et
1975 2692 2024 2744 in
2061 2701 2290 2761 (carpare
2328 2695 2573 2747 vindicta:
2617 2695 2880 2760 disperdat
2910 2706 2959 2748 te
2989 2693 3186 2764 (διαί.
3220 2710 3268 2756 v,
3299 2693 3377 2763 8).
3406 2675 3485 2747 Et

1899 2785 2093 2838 ilerum
2139 2801 2154 2838 :
2184 2786 2262 2838 Ne
2294 2785 2496 2840 dixeris
2527 2801 2545 2839 :
2580 2786 2816 2848 Peccavi,
2861 2798 2908 2841 et
2941 2789 3070 2856 quid
3114 2789 3309 2840 accidit
3345 2787 3476 2842 mihi

1900 2875 2088 2928 triste?
2117 2887 2190 2928 est
2237 2877 2378 2930 enim
2427 2877 2729 2931 Altissimus
2766 2879 2972 2944 patiens
3009 2878 3248 2931 redditor
3278 2876 3474 2945 (Εσειι.

1901 2984 1954 3034 ν,
1984 2968 2060 3038 4).
2093 2968 2244 3022 Multi
2295 2984 2354 3023 se
2401 2970 2644 3022 homines
2675 2985 2769 3038 per
2803 2968 3115 3037 patientiam
3164 2967 3257 3021 Dei
3307 2968 3475 3022 s'du-

1899 3069 2050 3125 cunt,
2079 3063 2170 3129 qui
2209 3075 2315 3114 non
2350 3059 2460 3113 vult
2495 3061 2677 3114 statim
2729 3059 2921 3128 punire
2963 3070 3250 3127 peccantes
3279 3077 3291 3111 :
3322 3072 3480 3126 puta«

1903 3163 1988 3208 tur
2017 3154 2159 3206 enim
2193 3161 2286 3206 aut
2324 3167 2409 3206 res
2441 3151 2707 3204 humanas
2741 3151 2964 3204 minime
2989 3165 3201 3216 curare,
3231 3159 3327 3203 aut
3363 3149 3480 3204 cul-

1900 3257 1996 3314 pas
2032 3243 2332 3313 indulgere,
2379 3246 2504 3312 quia
2537 3243 2738 3297 differt.
2786 3242 3037 3311 Plcl‘iqtte
3083 3243 3245 3297 etiam
3287 3253 3474 3296 contra

1900 3352 1959 3390 se
1988 3336 2406 3399 calumniantur,
2441 3353 2537 3390 cur
2572 3335 2626 3388 in
2661 3336 2913 3402 praesenti
2963 3352 3069 3390 non
3117 3337 3289 3390 reddit
3320 3353 3336 3390 :
3370 3351 3476 3390 non

1903 3429 2288 3499 intciligcntes,
2319 3431 2464 3500 quod
2497 3429 2542 3484 si
2572 3429 2642 3502 ita
2677 3429 2854 3496 fieret,
2893 3429 3078 3484 nullus
3123 3445 3258 3499 pene
3305 3428 3482 3484 homi-

1903 3538 2030 3577 num
2068 3532 2368 3576 remaneret
2403 3539 2417 3575 :
2449 3537 2549 3577 nec
2617 3538 2859 3592 unquam
2907 3525 2976 3578 de
3021 3523 3237 3594 injustis
3283 3521 3482 3578 ﬁerent

1897 3612 2052 3682 justi.
2088 3612 2212 3667 Ideo
2253 3623 2435 3669 autem
2473 3613 2787 3669 hominibus
2815 3614 3028 3670 videtur
3075 3613 3212 3668 Deus
3257 3615 3346 3669 ditt
3381 3629 3481 3668 ex-

1904 3713 2153 3773 spectare
2191 3713 2500 3772 peccantes,
2555 3705 2682 3773 quia
2735 3719 2831 3757 nos
2879 3721 3002 3757 cum
3037 3706 3185 3774 parvi
3219 3704 3482 3771 temporis

1903 3796 2098 3861 simus,
2147 3808 2322 3849 annos
2373 3802 2590 3849 centum
2640 3795 3001 3850 aeternitatem
3052 3804 3326 3864 putamus.
3384 3796 3482 3850 Ille

1902 3899 2118 3952 autem,
2150 3891 2290 3958 apud
2335 3903 2492 3957 quem
2538 3887 2685 3942 tnille
2727 3889 2855 3942 anni
2903 3903 3001 3958 pro
3045 3903 3154 3942 uno
3191 3897 3316 3942 sunt
3351 3889 3480 3951 die,

1903 3989 2121 4036 centum
2148 3995 2322 4034 annos
2351 3982 2514 4034 unius
2543 3979 2690 4034 horse
2714 3993 2826 4033 suae
2850 3979 3026 4046 spatio
3059 3996 3164 4035 non
3195 3991 3477 4049 coa'quat;

1903 4080 2236 4144 quapropter
2270 4071 2372 4126 hoc
2402 4087 2626 4140 parvum
2661 4080 2746 4126 est
2781 4071 2923 4138 apud
2951 4087 3074 4126 eum
3110 4089 3124 4126 :
3157 4087 3279 4126 cum
3307 4074 3474 4128 etiam

1904 4167 2152 4222 homines
2180 4165 2390 4220 soleant
2433 4165 2602 4220 multo
2645 4173 2891 4234 tempore
2918 4165 3314 4234 correptionem
3347 4181 3478 4237 spe-

1905 4273 2026 4313 rare
2059 4258 2383 4326 peccalittm.

1981 4371 2000 4404 ι
2041 4349 2350 4406 Secundum
2383 4359 2565 4406 autem
2613 4351 2865 4405 duritiam
2913 4360 3084 4418 tuam,
3130 4361 3185 4405 et
3227 4349 3482 4418 impmui-

202 4443 314 4514 (ιιιί
343 4441 581 4510 judicas.
618 4439 674 4492 lu
721 4455 833 4508 quo
868 4439 1012 4494 enim
1044 4441 1272 4495 alterum
1301 4441 1534 4511 judicas,
1568 4440 1798 4510 teipsum
1831 4447 1875 4500 D
1907 4455 2028 4500 tens
2061 4458 2178 4498 cor.
2213 4460 2236 4496 ι
2273 4439 2352 4496 Τιι
2383 4451 2587 4510 autem,
2609 4443 2926 4514 imprudens
2959 4459 3123 4511 aeger,
3155 4443 3224 4497 ad
3259 4443 3482 4498 vulnera

198 4537 577 4592 condemnas.
612 4529 811 4584 Eadem
843 4533 987 4587 enim
1028 4533 1165 4602 agis,
1195 4547 1315 4602 quae
1341 4533 1577 4603 judicas.
1609 4551 1630 4585 ι
1663 4533 1796 4588 0m-

206 4641 320 4680 nes
357 4621 692 4692 hujusmodi,
722 4617 814 4690 qui
845 4623 1236 4690 dijudicabant,
1267 4623 1500 4678 maxime
1532 4634 1709 4677 tamen
1743 4623 1799 4678 hi

197 4717 312 4787 qui
367 4711 572 4766 habent
626 4714 677 4765 in
722 4713 1168 4781 reprehendendo
1206 4711 1473 4780 judicium
1500 4713 1713 4784 judices
1746 4724 1800 4768 et

198 4804 434 4863 domini
459 4801 882 4857 conreninntur.
905 4801 1156 4857 Naturali
1177 4803 1320 4858 enim
1347 4800 1558 4871 judicio
1580 4802 1798 4872 dignam

199 4899 392 4956 [actis
428 4900 638 4967 profert
683 4896 1052 4966 unusquisque
1101 4895 1428 4951 sententiam
1461 4911 1475 4951 :
1507 4909 1802 4964 manesque

196 5001 520 5051 noverunt,
551 4999 606 5043 et
635 4987 1004 5042 innocentiam
1042 4987 1235 5041 mereri
1266 4985 1572 5056 praemium,
1601 4994 1658 5040 et
1684 5001 1804 5040 ma-

193 5083 398 5139 litiam
436 5081 638 5133 habere
674 5080 1020 5149 supplicium.

287 5191 312 5223 ι
363 5170 580 5224 Scimus
610 5170 753 5223 enim
789 5174 1044 5238 quoniam
1074 5167 1337 5237 judicium
1369 5167 1464 5221 Dei
1502 5173 1584 5221 est
1608 5180 1806 5221 secun-

191 5269 360 5324 dum
415 5265 722 5329 veritatem,
765 5263 820 5316 in
862 5277 957 5316 eos
997 5263 1089 5330 qui
1136 5261 1263 5315 talia
1293 5268 1480 5330 agunt.
1513 5259 1805 5316 Existimas

191 5370 412 5416 autem
435 5353 564 5420 hoc,
589 5371 622 5409 ο
655 5356 815 5409 homo
839 5352 1016 5407 omnis
1060 5352 1150 5422 qui
1179 5351 1396 5421 judicas
1423 5365 1518 5406 eos
1546 5351 1638 5420 qui
1677 5350 1805 5405 talia

188 5459 417 5526 agunt,
449 5459 502 5502 et
531 5447 665 5501 facis
695 5461 758 5500 ea
787 5463 804 5502 :
832 5445 958 5513 quia
996 5453 1050 5496 tu
1077 5443 1304 5514 eliugies
1329 5442 1595 5513 judicium
1627 5441 1753 5496 Dei?
1779 5458 1799 5492 ι

190 5542 537 5603 secundum
573 5539 850 5592 veritatem
885 5536 992 5591 erit
1029 5535 1314 5606 judicium,
1343 5548 1450 5604 quo
1481 5533 1805 5603 judicaban-

190 5654 298 5697 tur
339 5632 680 5704 huiusmodi,
712 5629 804 5700 qui
840 5643 947 5692 non
980 5629 1344 5684 condemnare
1380 5627 1434 5681 in
1465 5627 1586 5682 aliis
1613 5635 1805 5697 potue-

190 5737 382 5794 runt,
414 5739 534 5794 qua:
560 5722 662 5794 ipsi
694 5721 1036 5778 committere
1063 5735 1171 5776 non
1214 5717 1528 5775 timuerunt.
1571 5713 1629 5773 Si
1659 5717 1805 5776 cnim

1909 4533 2085 4602 major
2121 4535 2362 4590 abuteris
2409 4535 2527 4604 ipso
2578 4537 2817 4591 remedio
2847 4553 2864 4592 :
2889 4536 3044 4606 quia,
3073 4541 3224 4604 juxta
3257 4549 3484 4592 senten—

1909 4627 2037 4680 tiam
2069 4626 2212 4680 beati
2241 4625 2367 4691 Job,
2399 4627 2732 4694 poenitentiae
2768 4631 2884 4684 loco
2923 4629 3164 4684 abuteris
3191 4630 3242 4684 in
3285 4646 3484 4698 snper-

1907 4719 2050 4774 biam
2083 4719 2206 4789 (Job
2248 4736 2398 4786 xxiv,
2434 4721 2547 4790 23).
2576 4719 2734 4776 Unde
2761 4735 2869 4775 non
2897 4724 3076 4792 agnita
3108 4723 3282 4790 pietas
3303 4722 3484 4790 majus

1910 4812 2004 4868 tibi
2034 4812 2299 4880 judicium
2332 4824 2490 4882 parat
2519 4831 2533 4868 :
2564 4823 2623 4866 ut
2657 4813 2947 4868 vindictam
2997 4815 3220 4878 sentiat,
3257 4816 3350 4882 qui
3383 4817 3486 4866 tui-

1907 4905 2256 4959 seriz-ordiant
2283 4903 2486 4958 sentire
2511 4905 2860 4974 contempsit.
2893 4905 3120 4969 lterum,
3149 4919 3310 4958 onme
3331 4905 3480 4957 enim

1908 5011 2022 5062 cor,
2072 4996 2213 5064 quod
2262 5011 2370 5050 non
2405 4995 2593 5060 sentit,
2642 4995 2951 5053 induratur.
2984 4998 3100 5052 Hoc
3144 4997 3288 5052 enim
3323 4996 3484 5050 modo

1910 5087 2184 5143 induravit
2223 5086 2365 5142 Dens
2395 5103 2491 5141 cor
2521 5085 2848 5146 Pharaonis.

1988 5196 2006 5229 ι
2044 5177 2402 5233 'l'ltesaurizas
2439 5180 2533 5234 tibi
2571 5179 2707 5234 iram
2737 5180 2793 5234 in
2827 5181 2918 5235 die
2950 5180 3044 5235 ira:
3099 5192 3156 5236 et
3194 5181 3486 5237 revelatio-

1911 5270 1996 5324 nis
2027 5269 2160 5339 juSti
2189 5270 2379 5340 judicii
2417 5271 2509 5326 Dei
2536 5288 2554 5328 :
2581 5272 2672 5342 qui
2722 5273 2901 5328 reddit
2941 5273 3244 5342 unicuique
3291 5289 3488 5329 secun-

1911 5360 2037 5413 dum
2070 5373 2233 5426 Opera
2269 5359 2408 5426 ejus.
2445 5380 2464 5413 ο
2501 5358 2559 5414 ln
2593 5362 2737 5416 diem
2765 5362 2978 5431 judicii,
3009 5363 3146 5416 iram
3181 5364 3273 5419 tibi
3319 5379 3488 5430 super

1911 5447 2049 5502 iram
2081 5450 2200 5518 ipse
2228 5450 2420 5506 condis
2442 5467 2458 5504 :
2480 5450 2572 5520 qui
2602 5451 2688 5507 die
2716 5451 2958 5518 deﬁnito,
2985 5463 3038 5507 et
3066 5463 3216 5508 certo
3241 5462 3489 5524 tempore

1911 5540 2216 5609 apparebit.

1991 5645 2010 5678 c
2038 5627 2134 5685 llis
2157 5630 2376 5699 quidem
2408 5637 2502 5703 qui
2530 5631 2830 5688 secundum
2862 5633 3174 5703 patientiam
3207 5634 3331 5690 boni
3356 5648 3490 5704 ope-

1912 5716 2010 5774 ris.
2041 5735 2061 5771 ›
2099 5716 2234 5776 Boni
2269 5721 2454 5793 operis
2489 5736 2698 5780 merces
2734 5738 2830 5793 per
2862 5723 3178 5794 patientiam
3209 5733 3496 5795 exspecta.
