3934 6200
436 283 547 351 679

1408 268 1467 329 S.
1513 250 1959 326 HIERONYMI
2002 254 2324 320 OPERUM
2364 248 2777 314 MANTISSA.

3604 235 3707 301 680

441 411 566 455 tur:
592 394 721 466 quia
754 396 809 450 in
844 388 1095 464 presenti
1130 388 1240 441 vita
1277 400 1383 441 non
1417 383 1685 438 redditur.
1716 379 1821 434 Per
1852 368 2015 432 fidem
2052 392 2092 446 Α
2130 374 2270 443 legis
2323 371 2505 440 justus
2566 382 2692 421 esse
2715 405 2731 430 ,
2787 362 2882 418 sed
2944 358 3207 414 factores.
3286 356 3351 410 Et
3412 355 3571 424 paulo
3629 356 3709 409 in-

441 493 591 549 enim
631 488 990 548 ambulamus,
1015 490 1072 538 et
1103 497 1208 535 non
1239 494 1334 549 per
1367 476 1627 547 speciem.
1662 473 1724 527 Et
1756 484 1885 525 tunc
1919 470 2033 523 erit

443 583 748 654 perfectum
778 594 938 647 Opus,
969 576 1013 631 si
1050 578 1103 630 in
1151 574 1312 627 finem
1344 583 1517 636 usque
1548 564 1829 620 duraverit
1861 582 1873 617 :
1902 567 2031 631 quia

450 675 557 741 Qui
601 669 1002 743 perseveraverit
1036 681 1199 736 usque
1245 664 1301 719 in
1348 662 1545 732 ﬁnem,
1575 659 1659 712 hic
1704 656 1884 711 salvus
1930 655 2033 708 erit

450 766 671 837 (Matth.
709 780 763 827 ς,
790 762 906 831 22).

529 875 550 908 ι
602 855 869 917 Gloriam,
903 862 956 907 et
1003 850 1304 914 honorem,
1351 856 1408 903 et
1459 839 1953 912 incorruptionem.
2011 853 2029 887 ι

454 949 716 1012 Gloriam,
765 961 873 1017 qua
922 945 1097 1000 sancti
1150 941 1429 1012 fulgebunt
1467 947 1527 993 ut
1579 935 1681 991 sol.
1737 932 2036 995 Honorem,

456 1041 693 1095 filiorum
735 1039 849 1105 Dei,
881 1052 990 1105 quo
1024 1034 1158 1089 nihil
1192 1042 1276 1089 est
1311 1032 1486 1102 majus
1514 1048 1527 1085 :
1557 1044 1655 1100 per
1683 1042 1842 1098 quem
1875 1026 2039 1080 etiam

455 1133 682 1202 angelos
709 1130 1055 1201 judicabuut.
1092 1126 1565 1197 lncorruptionem
1596 1122 1720 1176 vitae
1743 1126 2040 1190 perpetuae.

506 1244 556 1307 χι
599 1223 981 1291 Quaerentibus
1036 1222 1201 1274 vitam
1248 1229 1535 1274 aeternam.
1599 1233 1618 1266 ι
1658 1214 1758 1279 Qui
1814 1227 1907 1281 [rer
1953 1225 2046 1278 pa-

360 1306 363 1309 ’
461 1302 667 1374 tientite
712 1331 881 1386 opera
934 1316 1125 1385 quaerit
1175 1313 1340 1365 vitam
1392 1319 1650 1363 aeternam
1705 1307 1808 1359 ista
1862 1302 2045 1354 omnia

461 1412 836 1479 consequitur.
867 1407 932 1463 Et
962 1408 1053 1475 qui
1084 1406 1247 1460 habet
1285 1406 1423 1456 hanc
1453 1414 1627 1470 spem,
1660 1400 1712 1452 in
1746 1413 1813 1450 eo
1845 1395 2049 1450 sancti-

463 1503 592 1557 ﬁcat
619 1517 700 1566 se,
731 1500 872 1554 sicut
903 1509 958 1553 et
996 1497 1085 1551 ille
1119 1502 1340 1550 sanctus
1370 1504 1472 1545 est.

545 1611 565 1645 ι
611 1591 703 1646 llis
738 1600 918 1645 autem
950 1588 1038 1659 qui
1071 1595 1292 1641 suntex
1322 1581 1693 1638 cantentione.
1736 1598 1754 1631 ι
1789 1576 2048 1639 Audiant,

471 1686 564 1756 qui
598 1698 742 1752 sape
775 1681 924 1746 victi,
960 1679 1309 1735 animositate
1338 1675 1699 1739 contendunt,
1733 1681 1784 1727 et
1829 1672 2052 1725 timeant

2135 465 2304 519 ferius
2362 462 2498 516 dicit
2566 470 2757 529 gentes
2831 455 2886 508 in
2950 452 3037 507 die
3105 448 3318 504 Domini
3370 446 3705 517 iudicandas.

2137 560 2273 624 Quis
2320 557 2464 610 enim
2519 552 2750 617 dubitat,
2825 556 2935 602 tam
2992 544 3098 601 sub
3165 544 3282 612 lege
3315 541 3517 610 positos
3552 554 3707 607 quam

2137 652 2256 703 sine
2284 647 2400 716 lege
2430 647 2708 716 degentes,
2742 640 2844 696 nisi
2873 636 3156 693 Christum
3207 629 3559 695 crediderint,
3590 644 3711 699 per-

2139 737 2345 795 ituros?

2212 848 2233 883 ι
2271 829 2389 885 Non
2416 828 2559 883 enim
2591 827 2868 882 auditores
2893 825 3022 896 tegis
3044 821 3178 893 justi
3207 826 3335 874 sunt
3361 815 3503 886 apud
3531 812 3713 874 Deum,

2140 924 2239 983 sed
2285 925 2523 979 factores
2573 921 2708 992 legis
2754 919 3222 990 justillcabnntur.
3259 930 3278 964 ι
3329 909 3524 965 Reddit
3557 905 3718 959 ratio-

2143 1034 2292 1083 nem,
2325 1032 2492 1087 quare
2538 1029 2643 1069 non
2692 1016 2802 1068 sint
2845 1011 3100 1083 gentibus
3149 1005 3423 1061 meliores.
3474 998 3628 1054 Unde
3667 1007 3719 1051 et

2145 1113 2299 1169 nobis
2333 1109 2633 1164 timendum
2685 1114 2789 1173 est,
2828 1120 2917 1169 ne,
2951 1102 3232 1156 audientes
3263 1097 3461 1163 legem,
3513 1102 3570 1147 et
3617 1104 3719 1145 non

2149 1204 2435 1268 facientes,
2471 1218 2595 1257 cum
2642 1198 2891 1270 gentibus
2923 1208 3205 1265 pereamus
3238 1209 3252 1245 :
3282 1192 3423 1245 sicut
3456 1188 3572 1257 ipse
3600 1184 3719 1237 alibi

2149 1298 2278 1354 dicit
2312 1316 2327 1352 :
2355 1296 2433 1352 Ne
2458 1310 2578 1350 cum
2600 1294 2696 1348 hoc
2725 1290 2921 1346 mundo
2945 1288 3259 1340 damnentur
3280 1282 3329 1353 (1
3356 1279 3479 1335 Cor.
3510 1294 3587 1342 xi,
3611 1277 3721 1344 ‘50).

2228 1409 2247 1443 ι
2281 1390 2415 1445 Cum
2444 1390 2588 1442 enim
2618 1395 2827 1454 gentes,
2854 1398 2976 1453 qua:
3002 1380 3175 1448 legem
3207 1391 3316 1429 non
3349 1374 3573 1429 habent.
3603 1388 3620 1421 ι
3654 1367 3725 1421 Νο

2154 1484 2278 1554 quis
2324 1482 2466 1537 forte
2513 1480 2719 1533 diceret
2750 1494 2765 1530 :
2797 1475 2992 1545 Legem
3030 1486 3136 1526 non
3171 1468 3376 1523 habent
3405 1483 3419 1520 :
3450 1464 3519 1517 ad
3567 1477 3724 1532 quam

2157 1576 2383 1630 formam
2417 1581 2672 1643 poterunt
2695 1567 2968 1640 judicari?

2234 1709 2252 1742 ι
2293 1687 2628 1745 Naturalitcr
2657 1701 2743 1750 ea,
2774 1698 2893 1753 quae
2928 1680 3061 1751 legis
3098 1685 3247 1742 sunt,
3280 1674 3505 1729 faciunt.
3554 1690 3574 1723 ι
3612 1669 3730 1723 Sive

477 1777 530 1830 in
565 1774 959 1831 consuetudine
991 1772 1223 1837 pessima
1258 1780 1598 1838 permanere,
1633 1780 1698 1819 ne
1731 1763 1834 1817 ista
1864 1761 2049 1816 omnia
2089 1751 2128 1804 Β
2157 1785 2223 1839 de
2275 1784 2361 1838 his
2409 1781 2581 1842 die“.
2635 1780 2727 1848 qui
2781 1751 3102 1830 ﬂammma,
3157 1769 3290 1841 ius“
3344 1767 3565 1820 me..qu
3611 1773 3729 1815 ama

476 1883 640 1937 super
684 1882 778 1923 eos
828 1868 1177 1936 deputentur.
1221 1863 1340 1918 1Ιςιιιι
1391 1859 1643 1930 superius
1695 1857 1898 1911 dictum
1946 1865 2053 1919 est,

477 1959 875 2014 contentiosum
930 1957 1077 2010 hunc
1126 1968 1250 2008 esse
1298 1950 1649 2021 specialiter.
1704 1946 1799 2014 qui
1853 1944 2055 2014 aliquid

477 2062 666 2105 contra
692 2049 1086 2103 conscientiam
1117 2057 1273 2099 suam
1315 2041 1508 2096 nititur
1531 2037 1843 2095 defensare.

554 2160 576 2195 ι
615 2142 684 2196 Ει
725 2144 816 2210 qui
861 2153 973 2193 non
1010 2137 1369 2206 acquiescant
1397 2132 1607 2187 veritati
1646 2147 1660 2183 :
1696 2127 1928 2184 credunt
1960 2138 2059 2179 au-

482 2247 591 2291 tem
627 2234 923 2303 iniquitati.
965 2250 984 2284 ι
1024 2228 1368 2299 Evangelicae
1400 2224 1614 2281 veritati
1657 2237 1765 2277 non
1810 2217 2059 2281 credunt,

480 2342 536 2385 et
562 2331 914 2384 consentiunt
939 2324 1235 2394 iniquitati,
1269 2337 1320 2375 ιι.
1350 2319 1545 2375 relicto
1572 2324 1844 2380 creatore,
1878 2313 2062 2367 deser-

483 2424 635 2479 viant
662 2429 946 2476 creaturae.
1249 2432 1257 2440 ·

559 2532 581 2565 ι
620 2512 700 2565 ira
733 2522 788 2565 et
824 2508 1143 2578 indignatio.
1179 2525 1198 2558 ι
1231 2502 1291 2558 ιιι
1324 2500 1530 2574 judicio
1568 2512 1741 2567 paenae
1771 2503 1919 2552 sunt.

562 2622 583 2655 ι
624 2600 928 2655 Tiibulatio
954 2608 1009 2651 et
1047 2594 1317 2665 angustia.
1355 2612 1373 2644 ι
1410 2590 1774 2646 Conscientiae
1806 2596 1862 2641 et
1896 2584 2067 2639 infru-

488 2703 695 2751 ctuosa:
719 2688 1068 2761 poenitentiae,
1095 2685 1238 2741 sicut
1269 2685 1532 2754 scriptum
1561 2689 1645 2735 est
1673 2695 1687 2732 :
1717 2679 1859 2733 Tum:
1894 2678 2068 2731 dicent

489 2790 635 2842 intra
667 2801 722 2840 se
759 2782 1113 2853 pauitantia":
1161 2789 1391 2849 agentes,
1420 2784 1468 2830 et
1496 2790 1589 2843 per
1619 2771 1922 2843 angustiam
1963 2772 2072 2838 spi-

489 2880 625 2932 ritus
658 2882 919 2947 gementes
964 2870 1120 2943 (Sap.
1165 2886 1218 2934 v,
1252 2869 1331 2932 5).
1378 2868 1508 2922 ltem
1560 2866 1842 2934 hucusque
1888 2876 2070 2917 sermo

491 2974 749 3042 dirigitur
794 2969 861 3022 ad
905 2981 1097 3021 omnes
1130 2962 1363 3017 naturali
1409 2960 1677 3015 obnoxios
1708 2958 1807 3025 legi
1837 2973 1851 3010 :
1880 2955 1934 3009 in
1961 2967 2071 3024 quo

492 3039 658 3118 etiam
710 3059 882 3114 Judzci
937 3056 1143 3127 pariter
1202 3055 1578 3109 continentur.
1631 3039 1843 3103 Idcirco
1890 3055 2068 3100 autem
2100 3090 2142 3145 Ο

489 3154 714 3209 Judaeus
740 3149 939 3204 Gentili
991 3150 1313 3211 antefertur,
1366 3145 1624 3214 quoniam
1679 3151 1877 3210 praeter
1915 3152 2075 3193 natu-

494 3246 686 3310 ralem,
720 3244 892 3311 legem
926 3240 1181 3307 scriptam
1219 3238 1402 3291 habet.

571 3356 591 3389 ι
629 3337 686 3390 ln
721 3349 938 3389 omnem
972 3332 1211 3385 animant
1248 3329 1481 3384 hominis
1514 3325 1789 3395 Operantis
1827 3324 2027 3378 malum
2057 3338 2076 3379 :

494 3429 665 3486 Judaei
714 3429 947 3498 primum
979 3435 1033 3479 et
1062 3425 1260 3479 Graeci.
1300 3440 1318 3474 ι
1351 3422 1559 3475 Anima:
1593 3433 1810 3489 pinnam
1850 3418 2081 3485 ApOsto-

498 3525 585 3577 lus
610 3521 990 3585 comminatur,
1023 3529 1242 3588 propter
1278 3514 1583 3578 litereticos,
1616 3512 1709 3581 qui
1754 3509 1926 3565 Solam
1955 3521 2081 3561 car-

500 3630 624 3670 nem
670 3613 987 3681 delinquere
1028 3611 1238 3675 dicunt,
1295 3615 1348 3660 ct
1398 3606 1636 3660 animam
1683 3611 1881 3672 negant
1926 3612 2084 3668 posse

499 3720 749 3777 peccare.
777 3703 903 3757 Sive
936 3704 1117 3755 anima
1147 3714 1243 3768 pro
1268 3706 1379 3752 toto
1411 3697 1628 3749 homine
1656 3693 1854 3748 dicitur
1879 3707 1893 3743 :
1943 3691 2085 3743 sicut

505 3776 556 3851 in
595 3793 795 3850 Genesi
853 3792 1022 3845 Jacob
1058 3805 1180 3843 cum
1211 3788 1545 3855 septuaginta
1598 3780 1884 3835 animabus
1915 3776 2084 3846 {Egy-

503 3896 653 3956 pluui
689 3883 944 3938 introisse
982 3883 1216 3935 refertur
1262 3876 1419 3944 (Gen.
1455 3890 1507 3939 χ,
1552 3872 1667 3941 2'2).

580 3997 600 4028 ι
640 3974 822 4031 Gloiia
867 3982 1073 4035 autem,
1127 3973 1336 4032 honor,
1386 3978 1439 4020 et
1490 3981 1591 4034 pax
1640 3963 1791 4017 omni
1838 3958 2085 4028 οιιιξωιιιὶ

507 4070 764 4125 bonum.»
808 4068 992 4122 Gloria
1022 4074 1209 4118 contra
1240 4063 1396 4123 iram,
1432 4060 1604 4112 honor
1621 4066 1809 4111 contra
1838 4055 2088 4121 indigna-

509 4164 732 4217 tionem.
764 4160 831 4215 Ει
867 4159 1011 4229 quod
1055 4172 1219 4225 supra
1256 4154 1742 4221 incorruptionem,
1774 4149 1861 4202 hic
1898 4160 2088 4215 pacem

509 4254 767 4323 appellat.

595 4364 613 4396 ι
649 4345 837 4399 ludam
894 4341 1129 4411 primunt
1175 4348 1231 4395 et
1275 4338 1520 4393 Graeco.»
1580 4334 1732 4401 Quod
1761 4350 1921 4404 supra
1968 4333 2081 4386 ani-

2161 1879 2374 1948 Iegem,
2432 1875 2548 1928 sive
2599 1871 2694 1941 qui
2750 1870 2917 1925 etiam
2970 1880 3113 1921 nunc
3176 1861 3303 1918 boni
3353 1858 3560 1928 aliquid
3607 1872 3731 1927 ope-

2163 1978 2370 2022 rantur.

2237 2098 2257 2131 ι
2296 2076 2566 2145 Ejusmodi
2602 2075 2773 2144 legem
2804 2087 2910 2127 non
2951 2070 3234 2133 habentes,
3267 2067 3368 2139 ipsi
3404 2072 3532 2120 sunt
3567 2063 3672 2116 lex.
3708 2080 3728 2113 ι

2163 2172 2412 2229 Ostendit
2445 2170 2563 2224 illos
2596 2185 2701 2223 non
2730 2181 2853 2221 esse
2882 2163 3001 2219 sine
3031 2163 3164 2231 lege,
3197 2170 3253 2215 ut
3283 2166 3337 2214 et
3367 2167 3559 2226 gentes
3590 2157 3736 2210 inex-

2166 2265 2435 2320 cnsabilcs
2469 2263 2655 2330 faciat,
2704 2270 2759 2315 et
2804 2257 3007 2314 Judmis
3039 2259 3105 2311 de
3139 2255 3475 2324 proprietate
3516 2250 3736 2321 gloriam

2167 2358 2343 2413 loilat.

2236 2469 2339 2537 Qui
2401 2467 2695 2524 ostendunt
2740 2480 2876 2535 Opus
2910 2464 3042 2535 legis
3089 2463 3355 2532 scriptum
3401 2461 3455 2514 in
3488 2460 3737 2514 cordibus

2169 2568 2284 2623 suis
2317 2582 2331 2619 :
2401 2562 2770 2618 testimonium
2805 2558 3061 2613 reddente
3091 2557 3197 2611 illis
3226 2553 3560 2609 conscientia
3606 2549 3741 2621 ipso-

2175 2675 2317 2714 rum.
2349 2676 2368 2711 ο
2410 2657 2609 2710 Natura
2643 2654 2756 2723 agit
2787 2653 2957 2721 legem
2993 2656 3046 2705 in
3076 2649 3241 2704 corde
3266 2663 3361 2717 per
3406 2644 3747 2701 conscientia:

2172 2749 2544 2805 testiinonium
2575 2763 2590 2804 :
2618 2746 2734 2801 sive
2780 2741 3115 2800 conscientia
3167 2750 3401 2795 testatur
3446 2738 3616 2807 legem
3651 2736 3744 2788 ttu-

2176 2845 2303 2898 bere
2359 2841 2623 2905 timendo,
2673 2838 2804 2893 dum
2858 2843 3068 2905 peccat,
3123 2842 3177 2887 et
3226 2830 3384 2885 victis
3434 2827 3746 2900 gratulando

2176 2935 2432 3005 peccatis,
2464 2933 2628 2986 etiam
2678 2930 2727 2985 si
2766 2928 2971 2983 nullum
3018 2927 3297 2982 hominum
3331 2932 3586 2980 vereatur
3617 2922 3744 2991 ipse,

2178 3028 2270 3097 qui
2304 3035 2514 3094 peccat.

2252 3161 2271 3195 ι
2314 3142 2375 3195 Ει
2404 3141 2547 3195 inter
2578 3153 2638 3192 se
2668 3138 2899 3192 invicem
2939 3134 3327 3207 cogitationum
3358 3131 3744 3193 accusantium,

2177 3244 2270 3288 aut
2315 3232 2477 3286 etiam
2518 3229 2927 3286 defendentium
2966 3228 3019 3280 in
3042 3228 3144 3280 die
3170 3241 3290 3279 cum
3318 3223 3585 3292 juilii-abit
3619 3222 3750 3274 Deus

2180 3325 2392 3380 occulta
2443 3324 2746 3378 hominum.
2798 3339 2816 3372 ι
2858 3320 3001 3374 Dicit
3040 3318 3426 3374 altercationes
3477 3317 3752 3385 cogitatio.

2183 3434 2310 3471 num
2341 3431 2486 3476 esse.
2516 3430 2637 3468 cum
2671 3412 2798 3481 quid
2828 3410 3165 3471 faciendum,
3192 3408 3274 3462 Vel
3310 3423 3415 3463 non
3452 3408 3750 3460 faciendum

2182 3512 2389 3564 diutina
2425 3506 2815 3561 deliberatione
2842 3503 3209 3564 decernimus,
3240 3509 3296 3555 et
3321 3498 3622 3554 secundum
3659 3505 3752 3551 hoc

2185 3616 2283 3653 nus
2331 3600 2381 3652 in
2427 3598 2511 3651 die
2565 3595 2771 3649 Domini
2804 3594 3129 3664 iudicandos
3163 3610 3177 3646 :
3210 3591 3337 3661 quia
3393 3591 3595 3644 bonum
3648 3604 3753 3641 ma-

2186 3695 2363 3748 lnznvc
2399 3706 2501 3743 non
2539 3690 2816 3758 ignorasse
2887 3688 3203 3756 probamur.
3244 3683 3370 3738 Sive
3406 3684 3752 3747 conscientia,

2185 3796 2237 3840 et
2270 3785 2623 3854 cngitutiones
2656 3793 2859 3834 nostra:
2884 3788 3043 3834 erunt
3073 3780 3124 3832 in
3152 3780 3238 3833 die
3261 3777 3450 3847 judicii
3480 3787 3605 3829 ante
3634 3791 3756 3829 ocu-

2188 3877 2269 3931 los
2320 3885 2570 3935 nostros,
2629 3885 2887 3942 tanquam
2941 3856 3187 3942 quaedam
3264 3871 3506 3925 historiae
3558 3885 3755 3939 cogno-

2187 3968 2402 4024 scenda:
2432 3985 2446 4023 :
2482 3978 2574 4021 aut
2601 3970 2729 4035 ipsa:
2770 3982 2866 4020 nos
2897 3967 3255 4039 accusabunt,
3286 3977 3380 4017 aut
3404 3964 3571 4019 etiam
3601 3978 3757 4016 excu-

2188 4061 2406 4124 sabant,
2433 4059 2575 4113 sicut
2613 4058 2875 4126 scripturn
2907 4065 2991 4110 est
3024 4072 3038 4112 :
3072 4055 3308 4123 Arguam
3348 4065 3417 4117 te,
3454 4066 3500 4109 et
3536 4064 3763 4107 statuant

2189 4169 2305 4207 eam
2335 4162 2518 4205 contra
2542 4150 2731 4220 [aciem
2768 4160 2917 4204 tuam
2949 4150 3126 4222 (Paul.
3159 4166 3303 4216 xm,
3340 4151 3452 4218 ιιι).

2269 4263 2287 4295 ι
2326 4243 2637 4298 Secundum
2672 4226 3030 4311 Evangeliunr
3055 4256 3254 4305 meum,
3285 4256 3381 4309 per
3404 4240 3590 4295 Jesnm
3615 4240 3767 4294 Chri-

2194 4349 2355 4393 stum.
2420 4356 2437 4388 ι
2492 4335 2801 4391 Secundum
2879 4336 3023 4405 quod
3101 4335 3366 4388 annuntio
3429 4349 3527 4404 per
3586 4333 3764 4387 Jcsnui

514 4455 680 4503 mam,
747 4438 837 4491 hic
887 4435 1160 4489 hominem
1225 4431 1548 4503 nominavit.
1606 4427 1850 4481 Primum
1912 4439 2093 4479 autem
2130 4440 2171 4495 ι)
2200 4428 2501 4493 Clu-istum,
2533 4426 2797 4496 judicabii
2830 4426 2993 4481 Dens.

518 4550 617 4605 pro
644 4532 853 4603 quidem
883 4531 1054 4602 potiit.
1092 4528 1220 4582 Sive
1270 4498 1513 4599 primo";
1557 4521 1899 4578 credulitatis
1949 4531 2089 4573 tem-

514 4643 665 4699 pore,
700 4644 805 4682 non
836 4629 1061 4681 honore.

591 4735 611 4770 ι
638 4716 756 4772 Non
776 4716 921 4771 enim
939 4726 1024 4771 est
1046 4728 1399 4784 personarum
1423 4710 1669 4781 acceptio
1689 4709 1829 4777 apud
1846 4706 2043 4760 Deum.
2070 4722 2090 4757 ι

516 4811 659 4880 Ergo
718 4825 818 4865 nec
869 4816 1058 4878 gentes
1118 4808 1220 4861 sibi
1283 4808 1350 4859 de
1404 4800 1708 4873 ignorantia
1765 4798 1939 4865 falsa,
1998 4811 2097 4849 nec

513 4902 687 4958 Judaii
723 4903 791 4957 de
843 4900 977 4971 legis
1012 4896 1455 4962 circumcisione,
1508 4904 1562 4948 et
1611 4891 1895 4963 privilegio
1942 4887 2098 4943 blan-

518 4999 704 5052 diantu
714 5010 757 5049 r.

598 5105 619 5139 ι
671 5086 995 5153 Quicunque
1027 5080 1343 5137 enimisine
1377 5079 1493 5149 lege
1541 5082 1929 5147 peccaverunt,
1980 5071 2099 5127 sine

520 5182 639 5254 lege
687 5182 962 5250 peribunt.
1011 5176 1076 5232 Et
1105 5177 1418 5247 quicunque
1449 5174 1501 5227 in
1550 5173 1668 5241 lege
1717 5176 2097 5241 peccaverunt,

520 5291 617 5345 per
662 5275 830 5345 legem
875 5271 1293 5343 jndicabuntur.
1329 5289 1349 5322 ι
1388 5269 1519 5325 Sine
1563 5266 1679 5334 lege
1716 5270 1920 5317 natura:
1950 5276 1968 5319 :
1997 5259 2103 5312 hoc

521 5368 661 5432 loco,
698 5367 949 5437 peribunt
983 5375 1038 5420 et
1075 5364 1490 5433 judicabuutur,
1522 5373 1685 5411 unum
1731 5353 1903 5409 voluit
1936 5350 2093 5405 intel-

522 5461 637 5529 ligi,
672 5460 797 5529 quia
827 5467 880 5513 et
908 5460 997 5527 qui
1030 5458 1191 5526 perit,
1235 5469 1331 5525 per
1378 5452 1490 5521 Dei,
1513 5450 1775 5519 judicium
1829 5443 1995 5516 perit,
2046 5448 2103 5497 et

522 5551 612 5616 qui
644 5547 944 5616 judicatur,
994 5554 1246 5616 peccator
1296 5546 1435 5615 perit
1464 5559 1479 5596 :
1514 5543 1655 5596 sicut
1702 5536 1963 5607 scriptum
1997 5541 2103 5598 est,

524 5640 663 5705 Quia
689 5649 987 5708 peccatores
1018 5640 1259 5707 peribunt
1295 5635 1471 5706 (f'sai.
1506 5649 1694 5697 xxxvr,
1724 5630 1839 5700 20).
1871 5627 2007 5683 Nam
2051 5637 2106 5681 et

524 5730 736 5787 siuiilcs
766 5732 886 5787 illos
937 5731 1066 5789 facit
1116 5734 1365 5801 dicendo,
1424 5745 1534 5786 non
1571 5727 1854 5786 auditores
1888 5732 2101 5782 tantum

2270 4536 2290 4570 ι
2328 4520 2385 4573 Si
2427 4528 2607 4574 autem
2647 4530 2698 4571 tu
2734 4516 2953 4573 Judazus
2990 4517 3417 4587 cognominaris.
3454 4534 3475 4569 ι
3510 4514 3607 4571 llic
3639 4530 3767 4570 cono

2197 4614 2359 4667 vertit
2402 4626 2461 4667 se
2505 4614 2570 4665 ad
2623 4609 2862 4675 Judaeos,
2912 4613 3115 4667 docens
3163 4594 3351 4680 opere,
3400 4626 3507 4665 non
3555 4609 3768 4664 nomine

2198 4712 2407 4759 tantum
2449 4706 2645 4759 debere
2675 4718 2796 4760 esse
2820 4704 3063 4781 Judaeum
3093 4720 3109 4765 ;
3142 4718 3376 4774 eumque
3407 4718 3529 4758 esse
3562 4717 3768 4767 verum,

2199 4799 2358 4868 cujus
2387 4798 2597 4853 occulta
2633 4806 2763 4851 sunt
2797 4798 2962 4852 bona.

2275 4908 2295 4941 ι
2336 4889 2401 4944 Ει
2442 4889 2739 4959 requiescis
2773 4889 2825 4942 in
2860 4890 2995 4959 lege.
3026 4887 3267 4943 Confidis
3300 4888 3382 4942 vel
3426 4900 3647 4942 securus
3689 4897 3767 4939 es.

2277 4998 2297 5031 ι
2334 4980 2399 5035 Ει
2427 4981 2677 5051 gloriaris
2707 4981 2760 5034 in
2789 4980 2899 5035 Deo
2928 4989 3019 5035 :et
3053 4980 3192 5035 nosti
3222 4979 3548 5033 voluntatem
3577 4977 3715 5045 ejus.
3747 4993 3764 5024 ι

2201 5072 2466 5128 Gloriaris
2498 5081 2549 5127 te
2574 5072 2747 5127 solum
2781 5087 2942 5127 nosse
2974 5069 3166 5136 Deum,
3196 5071 3420 5141 ejusque
3445 5072 3769 5126 voluntatem

2202 5178 2518 5234 agnoscere.

2284 5274 2302 5307 ι
2342 5255 2406 5309 Ει
2435 5256 2635 5325 probas
2659 5254 2875 5309 utiliora
2900 5254 3198 5310 instructus
3222 5270 3319 5327 per
3341 5255 3531 5324 legem.
3562 5273 3579 5306 ι
3603 5250 3773 5322 Eligis

2206 5348 2438 5417 majora,
2478 5359 2529 5401 et
2563 5351 2703 5402 inter
2754 5348 2963 5402 minora
3015 5349 3301 5403 discernis.
3340 5351 3467 5416 Quae
3494 5348 3630 5402 enim
3680 5360 3774 5415 per

2209 5451 2458 5497 naturam
2526 5442 2745 5497 utiliora
2820 5443 3161 5512 probantur,
3228 5443 3446 5499 utiliora
3500 5448 3622 5496 sunt
3680 5452 3774 5507 per

2207 5533 2407 5603 legem.

2284 5643 2303 5678 ι
2341 5625 2585 5681 Conﬁdis
2616 5628 2848 5697 leipsum
2881 5641 3011 5682 esse
3038 5628 3231 5683 ducem
3263 5642 3539 5684 siccorum.
3571 5641 3588 5679 ι
3624 5623 3774 5690 Quo-

2213 5735 2331 5777 rum
2359 5733 2455 5779 cor
2479 5721 2824 5779 obscuratum
2856 5732 2956 5777 est.
