3946 6206
209 356 217 362 -
255 327 357 393 681

1285 319 1700 384 EXPOSlTl-O
1735 320 1821 383 IN
1856 320 2099 386 EPIST.
2142 321 2246 382 AD
2287 318 2474 382 ROM.

3401 317 3512 385 68!

331 467 353 499 ‹
387 442 595 500 Lumen
639 437 852 506 eorum,
883 439 973 506 qui
1016 437 1078 493 in
1128 439 1366 494 tenebris
1412 448 1562 496 sunt.
1608 460 1628 494 ι
1673 441 1829 512 lguo-
1859 449 1903 506 Α
1935 441 2258 510 praeputium
2313 438 2459 493 facta
2525 443 2632 492 est.
2668 454 2689 489 ο
2761 434 3044 500 Quomodo
3108 435 3242 493 nihil
3299 449 3404 505 est,
3464 443 3516 498 si

259 538 471 596 rantim.

332 648 352 682 ι
395 628 736 683 Eruditorem
785 624 1176 694 insipientium.
1216 643 1234 677 ι
1267 623 1370 691 Qui
1422 624 1519 681 Dei
1572 642 1678 682 non
1733 627 1836 682 Ita-

257 722 392 777 bent
425 717 777 786 sapientiam.

337 829 358 863 (
399 807 718 879 Magistrum
757 803 1069 859 infantium.
1105 823 1126 856 ο
1160 803 1516 863 Parvulorum
1544 815 1724 872 aetate,
1751 806 1836 862 vel

257 919 446 961 sensu.

338 1015 358 1048 ‹
407 996 710 1048 Hahentem
767 991 1002 1048 formam
1061 993 1331 1061 scientiae,
1381 1002 1438 1048 et
1488 995 1732 1050 veritatis
1783 995 1836 1049 in

261 1089 400 1158 lege.
452 1105 472 1139 ι
519 1089 599 1142 Ad
634 1101 797 1157 quam
849 1101 1064 1156 semper
1110 1087 1445 1157 respiciens,
1495 1101 1684 1142 errare
1727 1101 1836 1142 non

257 1189 436 1250 potes.
1508 1236 1518 1245 _

332 1291 352 1323 ι
397 1272 498 1338 Qui
529 1286 656 1341 ergo
700 1270 863 1324 alium
916 1269 1101 1336 doces,
1139 1272 1368 1340 teipsum
1421 1284 1528 1324 non
1579 1272 1762 1325 doces.
1811 1288 1830 1322 ι

257 1364 526 1420 Similiter
551 1365 803 1432 gentibus
832 1362 1047 1418 dixerat
1071 1381 1086 1416 :
1113 1361 1217 1427 Qui
1243 1362 1381 1416 enim
1411 1363 1576 1416 alium
1601 1361 1835 1428 iudicas,

251 1458 481 1527 teipsum
517 1459 834 1509 condemnas
866 1453 1046 1524 (Rom.
1099 1469 1162 1519 tt,
1212 1454 1289 1524 7).
1341 1452 1444 1520 Qui
1488 1455 1542 1507 in
1597 1454 1711 1524 lego
1750 1469 1838 1508 re-

253 1548 515 1619 quies-cis,
546 1561 578 1600 ο
611 1545 818 1612 Judaee,
847 1560 1021 1614 quare
1065 1546 1463 1615 transgrederis
1497 1544 1840 1613 legem?Qui

253 1641 509 1712 gloriaris
541 1641 595 1694 in
624 1639 752 1707 Deo,
783 1654 951 1709 quare
982 1639 1278 1695 inhonoras
1311 1639 1522 1696 Deum?
1551 1639 1659 1706 Qui
1697 1640 1838 1696 nosti

253 1735 594 1788 voluntatem
625 1732 768 1800 ejus,
797 1746 966 1802 quare
997 1747 1108 1786 non
1137 1731 1480 1802 obtemperas
1505 1734 1623 1800 ejus
1650 1733 1840 1787 volun-

1939 530 2204 604 prodest?
2229 529 2461 586 Prodest
2497 537 2740 599 tempore
2771 543 2869 584 suo
2909 530 3124 600 signum
3166 546 3182 588 :
3210 531 3435 600 prodest
3467 533 3516 588 si

1934 624 2146 695 justitia
2199 621 2381 693 (cujus
2435 630 2524 676 est
2571 619 2939 692 signaculum)
2999 621 3163 676 adsit.
3241 623 3511 678 Caeterum

1939 717 2056 771 sine
2081 716 2172 770 illa
2217 715 2557 785 superﬂuum
2599 713 2732 778 erit,
2759 714 2874 767 sive
2907 714 3036 782 quia
3067 714 3248 769 vivere
3282 713 3515 770 faciebat
3557 755 3562 762 .

1935 807 2202 873 Judaeum,
2231 818 2288 863 et
2318 808 2548 861 infantia
2571 808 2928 861 exterminari
2950 816 3246 876 antequam
3269 821 3514 878 saperet,

1939 899 2056 954 sive
2088 899 2214 967 quia
2241 898 2293 951 in
2351 897 2466 968 lege
2504 897 2713 950 faceret
2754 913 2878 952 esse
2911 913 2927 951 :
2965 912 3069 966 qua
3108 911 3393 968 perspecta
3434 902 3520 956 in.

1939 992 2177 1054 venitur,
2235 990 2420 1045 carnis
2494 993 2917 1046 circumcisione
2980 1003 3253 1056 cessante,
3329 1009 3517 1051 veram

1941 1083 2086 1138 illam
2117 1083 2304 1138 cordis
2334 1098 2456 1138 esse
2489 1092 2798 1139 venturam.
2855 1085 2924 1140 Et
2960 1087 3347 1156 praevaricator
3378 1088 3517 1160 legis

1941 1185 2046 1242 esr,
2073 1176 2200 1229 dum
2234 1189 2341 1229 non
2377 1177 2624 1245 sequitur
2650 1175 2702 1230 id
2742 1177 2886 1245 quod
2920 1177 2990 1230 ibi
3025 1177 3344 1245 praedictum
3374 1188 3478 1234 est.

2017 1288 2037 1321 ι
2079 1268 2138 1324 Si
2180 1270 2340 1338 igitur
2365 1269 2690 1338 praeputium
2720 1267 2964 1337 justitias
3015 1270 3158 1339 legis
3211 1271 3514 1336 custodiat,

1940 1375 2122 1416 nonne
2148 1362 2475 1429 praeputium
2507 1360 2739 1415 illins‘in
2777 1361 3260 1419 circumcisionem
3295 1375 3516 1433 reputa-

1941 1454 2132 1510 bitur?
2165 1471 2185 1506 ι
2223 1452 2472 1508 Visibilia
2506 1452 2750 1522 indigent
2785 1455 3180 1520 invisibilihus,
3216 1457 3520 1513 invisibilia
3583 1511 3586 1516 .

1941 1561 2052 1602 non
2082 1547 2328 1616 indigent
2378 1545 2708 1611 visibilibus,
2737 1561 2805 1601 eo
2865 1550 3009 1617 quod
3055 1549 3291 1604 visibilia
3338 1551 3521 1618 imago

1942 1649 2068 1696 sunt
2098 1639 2469 1702 invisibilium,
2499 1647 2552 1693 et
2592 1639 2890 1694 invisibilia
2921 1641 3138 1707 ,veritas
3166 1643 3277 1697 sint
3331 1644 3524 1700 visibi-

1942 1731 2075 1786 lium
2105 1748 2118 1784 :
2157 1730 2281 1785 ideo
2313 1731 2660 1786 circumcisio
2690 1740 2872 1785 autem
2903 1733 3085 1788 cordis
3139 1747 3252 1788 non
3307 1735 3518 1804 indiget
3606 1766 3610 1771 -

257 1823 396 1879 tati?
423 1825 524 1890 Qui
555 1826 755 1894 probas
781 1823 1021 1886 utiliora,
1059 1838 1157 1878 cur
1188 1823 1398 1876 inutilia
1432 1823 1833 1878 sectaris‘iDux
1866 1829 1910 1884 Β
1939 1837 2142 1891 carnis,
2185 1825 2316 1894 quia
2370 1824 2606 1893 imagine
2663 1838 2770 1878 non
2821 1825 3028 1894 indiget
3067 1826 3270 1882 veritas
3297 1843 3313 1884 :
3345 1827 3523 1898 imago

258 1933 560 1982 caecorum,
619 1918 888 1986 quomodo
942 1917 1083 1970 viam
1137 1931 1244 1971 non
1293 1918 1444 1972 vides
1487 1917 1728 1972 rectam?
1779 1917 1836 1972 Si

257 2011 409 2065 enim
441 2009 676 2074 videres,
725 2022 820 2077 per
852 2007 1022 2077 ipsam
1059 2008 1244 2092 utigue
1277 2009 1609 2064 ambulares.
1647 2005 1705 2063 Si
1757 2007 1838 2061 lu-

255 2117 385 2156 men
416 2117 475 2156 es
506 2100 758 2166 aliorum,
793 2115 889 2154 cur
913 2114 1022 2154 non
1051 2099 1241 2169 abjicis
1264 2115 1424 2168 opera
1453 2100 1837 2155 tenebrarum?

254 2194 514 2248 Eruditor
557 2193 955 2262 insipientium,
999 2201 1060 2246 ut
1107 2193 1234 2260 quid
1287 2193 1537 2249 timorem
1590 2193 1834 2261 Domini,

255 2288 349 2357 qui
373 2296 458 2342 est
480 2286 690 2339 initium
721 2286 1025 2354 sapientiae,
1051 2285 1352 2354 reliquisti?
1377 2285 1634 2356 Magister
1659 2283 1840 2340 infan-

257 2380 416 2442 tium,
457 2375 729 2445 quomodo
761 2389 894 2444 puer
927 2389 987 2429 es
1033 2375 1086 2428 in
1121 2375 1324 2430 sensu?
1375 2374 1476 2442 Qui
1510 2375 1680 2430 habes
1722 2374 1836 2431 for-

254 2487 402 2526 mam
445 2471 687 2524 scientiae
719 2469 965 2522 veritatis
999 2469 1053 2521 in
1090 2468 1229 2538 lege,
1263 2483 1432 2536 quare
1467 2483 1568 2522 nec
1603 2468 1721 2538 ipse
1752 2481 1836 2522 se-

253 2564 461 2632 queris,
497 2577 595 2616 nec
635 2561 772 2616 alios
803 2562 955 2629 sequi
987 2561 1222 2630 pessimo
1253 2560 1504 2629 exemplo
1535 2559 1837 2630 permittis?

254 2656 441 2722 Quare
473 2670 579 2708 non
612 2655 868 2708 convenit
896 2654 1008 2706 vita
1045 2662 1134 2706 tua
1169 2653 1430 2707 doctrina:
1465 2662 1588 2712 tute,
1619 2661 1674 2706 et
1699 2666 1838 2721 Opus

258 2760 410 2805 tuum
443 2747 676 2802 destruit
726 2746 882 2800 fidem
931 2745 1115 2799 tuam?
1163 2743 1318 2800 Unde
1369 2745 1457 2800 (iet
1489 2753 1546 2800 ut
1583 2744 1672 2800 lex
1717 2759 1747 2798 a
1785 2754 1837 2799 te

257 2860 366 2900 non
403 2844 710 2908 custodita,
767 2857 872 2896 non
929 2842 1106 2896 solum
1159 2841 1256 2895 tibi
1307 2839 1439 2894 nihil
1493 2839 1702 2910 prosit,
1739 2837 1833 2893 sed

251 2941 422 2993 etiam
465 2937 686 3005 majoris
711 2935 957 2992 criminis
987 2949 1138 2988 reum
1195 2949 1354 2990 suum
1402 2941 1834 3001 contemptorem

247 3031 522 3086 obtineat.

1941 1923 2124 1970 autem
2160 1916 2367 1983 indiget
2409 1917 2662 1972 veritate.
2704 1916 2987 1984 Quaeritur
3011 1933 3164 1986 sane,
3222 1935 3392 1989 quare
3448 1922 3522 1977 sit

1940 2009 2066 2062 data
2117 2006 2489 2072 circumcisio,
2547 2010 2592 2062 si
2647 2025 2745 2079 per
2798 2011 3033 2080 scipsam
3099 2028 3204 2065 non
3268 2013 3517 2082 prodest.

1940 2099 2204 2168 Primum,
2237 2111 2292 2155 ut
2313 2113 2703 2170 agnosceretur
2745 2103 2840 2158 Dei
2871 2104 3102 2176 populus
3137 2107 3280 2160 inter
3305 2118 3517 2177 gentes.

1943 2193 2186 2262 Denique
2224 2195 2444 2262 quando
2496 2195 2595 2250 soli
2637 2206 2791 2250 erant
2833 2197 2886 2250 in
2921 2199 3146 2263 'eremo,
3207 2199 3520 2256 circumcisi

1942 2301 2050 2339 non
2085 2285 2326 2340 fuerunt.
2369 2286 2496 2341 Sive
2523 2297 2580 2340 ut
2617 2303 3058 2355 corporaveorum
3091 2303 3524 2360 agnoscerentur

1941 2377 1994 2430 in
2019 2377 2180 2431 bello.
2222 2377 2356 2430 Nam
2386 2379 2530 2448 quod
2559 2380 2609 2432 in
2640 2380 2731 2433 tali
2785 2381 3032 2436 membro
3059 2385 3370 2456 signantur,
3407 2387 3523 2441 hanc

1941 2482 2110 2522 causa
2139 2478 2222 2522 est
2256 2486 2269 2522 :
2315 2471 2555 2524 Primum
2589 2487 2654 2524 ne
2681 2473 2830 2527 aliud
2865 2475 3172 2532 membrum
3208 2489 3296 2531 aut
3335 2479 3520 2534 debile

1941 2558 2118 2622 fieret,
2166 2568 2260 2613 aut
2291 2568 2468 2630 turpe,
2506 2562 2648 2631 quod
2693 2562 2906 2633 publice
2936 2565 3233 2621 videretur.
3292 2567 3521 2635 lterum,

1940 2661 2161 2719 propter
2189 2652 2376 2720 gratia:
2397 2654 2844 2723 promissionem,
2879 2657 2934 2710 in
2969 2673 3075 2726 qua
3113 2669 3272 2714 erant
3305 2675 3402 2730 per
3429 2677 3524 2716 ca-

1940 2743 2177 2796 stitatem
2211 2744 2486 2811 placituri.
2540 2745 2667 2801 Sive
2701 2758 2761 2802 ut
2805 2749 3056 2805 Christus
3114 2752 3518 2822 signiﬁcaretur

1941 2847 2003 2887 ex
2035 2835 2151 2904 ejus
2185 2840 2394 2891 semine
2449 2839 2789 2907 nasciturus,
2841 2843 2907 2897 ad
2956 2858 3117 2912 quem
3157 2845 3342 2900 futura
3400 2859 3521 2904 erat

1941 2926 2044 2980 ista
2087 2929 2346 2993 carnalis,
2399 2944 2518 3000 quae
2573 2931 2913 2999 spiritualem
2975 2935 3212 2990 habebat
3274 2938 3518 2995 aﬂ‘erre:

1941 3017 2095 3082 cujus
2147 3029 2332 3084 typum
2381 3033 2577 3088 gerens
2612 3020 2771 3076 Jesus
2800 3021 2949 3078 Nave
2981 3027 3237 3094 populum
3277 3020 3519 3092 seettndo

335 3142 354 3175 ι
387 3121 492 3188 Qui
523 3119 787 3189 praedicas
819 3135 923 3172 non
957 3117 1270 3184 furandum,
1297 3117 1522 3171 furaris.
1556 3135 1575 3169 ι
1605 3115 1835 3183 Quidam

1950 3107 2574 3177 circumciderejubetur
2604 3112 2812 3177 (Josue,
2855 3129 2910 3180 v,
2941 3115 3023 3189 2).

244 3216 469 3278 dicunt,
515 3210 902 3267 abscondendo
951 3209 1019 3265 ab
1067 3211 1378 3266 hominibus
1429 3207 1630 3265 iuraris
1671 3207 1836 3263 Chri-

251 3320 423 3364 διιηη.

331 3420 350 3454 ι
390 3399 495 3467 Qui
531 3399 668 3454 dicis
720 3411 824 3452 non
875 3395 1283 3458 mtechandum,
1317 3394 1631 3450 mmcharis.
1667 3411 1688 3447 ι
1719 3391 1836 3448 Non

254 3504 341 3548 est
399 3506 506 3546 una
565 3490 818 3546 mtechia.
880 3489 1013 3543 Nam
1089 3503 1250 3543 omne
1305 3488 1449 3556 quod
1513 3486 1627 3541 Deo
1679 3487 1840 3540 debet

255 3589 466 3652 anima,
498 3585 544 3640 si
582 3584 783 3654 aliquid
820 3593 1178 3655 praeterquam
1215 3581 1324 3636 Deo
1357 3580 1671 3647 reddiderit,
1704 3593 1840 3634 mw-

247 3682 474 3737 chatur.

331 3794 349 3827 ι
389 3774 492 3842 Qui
527 3771 861 3828 abominaris
903 3767 1070 3834 idola,
1105 3767 1449 3835 sacrilegium
1489 3764 1647 3820 facis.
1687 3783 1706 3817 ι
1736 3764 1840 3820 Sa-

251 3869 543 3938 crilegium
587 3854 693 3928 est,
725 3868 868 3933 quod
906 3863 1122 3934 proprie
1161 3863 1212 3915 in
1248 3861 1418 3914 Deum
1451 3857 1837 3922 committitur,

251 3960 418 4030 quasi
451 3957 783 4013 sacrosancti
827 3958 1072 4009 violatio.
1110 3954 1238 4009 Item
1276 3954 1329 4007 in
1377 3954 1502 4019 hoc,
1551 3952 1746 4022 inquit,
1775 3951 1837 4006 in

252 4068 368 4123 quo
418 4050 717 4107 committis
766 4049 1131 4116 sacrilegium,
1178 4045 1461 4101 idololatra
1507 4057 1633 4100 esse
1679 4058 1838 4099 mon-

249 4145 476 4200 straris.

333 4256 356 4289 ‹
389 4237 494 4304 Qui
526 4236 578 4290 in
608 4235 723 4304 lege
756 4234 1024 4304 gloriaris,
1054 4247 1151 4302 per
1176 4229 1670 4300 praevaricationem
1701 4228 1840 4299 legis

247 4329 428 4385 Deum
487 4327 802 4382 inbonoras.
863 4344 880 4376 ι
957 4324 1192 4394 Exponit
1262 4322 1650 4393 sacrilegium,
1709 4321 1838 4392 quia

246 4423 389 4477 dicit
431 4437 446 4476 :

333 4530 352 4564 s
393 4510 601 4566 Nomen
649 4511 792 4566 enim
827 4509 922 4564 Dei
973 4523 1069 4580 per
1121 4523 1214 4562 vos
1247 4507 1650 4577 blasphematur
1696 4509 1838 4563 inter
1870 4533 1913 4588 ι)

246 4615 468 4678 gentes.
499 4603 639 4658 sicut
668 4603 930 4672 scriptum
959 4610 1043 4654 est
1068 4599 1143 4670 (in
1177 4598 1364 4669 Isaia).
1395 4618 1415 4652 ι
1443 4597 1838 4669 Praeposterato

245 4697 455 4755 ordine
490 4706 614 4749 ante
646 4694 824 4763 posuit
857 4693 1224 4747 testimonium
1252 4706 1415 4759 quam
1447 4691 1673 4758 diceret,
1704 4693 1842 4746 scri-

245 4799 434 4860 ptum.
471 4787 544 4840 Ita
569 4788 715 4840 enim
745 4784 974 4840 dicentis
1002 4797 1182 4838 sermo
1213 4783 1450 4852 dilapsus
1477 4792 1582 4848 est,
1611 4793 1670 4837 ut
1697 4783 1838 4853 quod

243 4899 319 4941 ex
361 4880 581 4951 prapria
628 4877 927 4932 intentione
974 4876 1189 4930 dicebat
1205 4893 1231 4936 λ
1257 4876 1443 4930 eodem
1492 4889 1656 4931 sensu
1705 4877 1840 4931 scri-

239 4987 412 5048 ptum
450 4972 734 5038 repererit.
775 4967 870 5022 Vel
917 4984 1125 5033 revera,
1175 4983 1408 5039 quorum
1457 4967 1673 5036 injustis
1705 4970 1843 5024 actio

240 5071 582 5124 busnomen
608 5061 700 5116 Dei
728 5063 903 5116 fuerat
928 5060 1381 5130 hlasphematum,
1407 5061 1550 5114 sicut
1573 5061 1839 5129 scriptum

236 5167 339 5214 est
373 5177 385 5212 :
419 5153 732 5208 Polluerunt
777 5168 965 5205 nomen
1013 5167 1184 5206 meum
1230 5151 1369 5204 inter
1411 5161 1585 5221 gentes
1619 5149 1836 5220 (Ezeclr.

238 5263 410 5310 xxvi,
439 5244 571 5314 20);
603 5244 730 5297 dum
777 5244 1034 5298 dicuntur
1079 5243 1308 5312 p0pulus
1359 5240 1475 5309 Dei,
1522 5243 1664 5296 inter
1707 5257 1842 5317 quas

235 5347 448 5408 gentes
495 5332 716 5399 captivi,
755 5333 870 5386 suis
900 5333 1142 5401 peccatis
1193 5330 1517 5386 facientibus
1551 5334 1842 5387 moraban-

229 5441 365 5484 tur.
405 5426 559 5487 Item,
603 5425 743 5478 sicut
773 5424 850 5477 ait
877 5442 891 5478 :
924 5424 1028 5477 Per
1061 5424 1194 5476 bona
1224 5440 1381 5491 opera
1414 5433 1590 5477 castra
1631 5425 1843 5478 benedi-

229 5522 394 5576 citur
429 5515 568 5568 Dens
602 5514 810 5584 (Matth.
846 5531 896 5580 v,
938 5513 1026 5581 l6)
1058 5533 1072 5568 :
1107 5515 1180 5568 ita
1212 5528 1356 5573 nunc
1387 5528 1491 5569 non
1526 5526 1673 5570 recte
1711 5529 1842 5571 con-

231 5610 602 5668 versantibus
633 5609 1054 5677 blasphematur.

320 5721 344 5754 s
388 5699 749 5754 Circumcisio
771 5698 990 5767 quidem
1011 5697 1256 5766 prodest,
1285 5697 1330 5754 si
1348 5697 1522 5768 legem
1549 5697 1836 5754 observes.

233 5801 296 5855 Si
343 5806 534 5851 autem
567 5794 958 5860 praevaricator
996 5791 1132 5861 legis
1187 5791 1288 5861 sis,
1347 5791 1694 5860 circumcisio
1736 5801 1828 5847 tua

460 5888 731 5952 Ρηιιοι.
792 5885 983 5950 XXX.

1866 3174 1913 3230 (Ξ

2021 3219 2040 3253 ι
2075 3200 2142 3254 Et
2166 3201 2430 3272 iudicabit
2456 3203 2509 3260 id
2536 3207 2676 3276 quod
2705 3221 2770 3264 ex
2800 3218 2995 3262 natura
3036 3220 3121 3266 est
3166 3217 3520 3291 praeputium,

1941 3291 2116 3363 legem
2143 3309 2550 3362 consummatis,
2579 3306 2652 3364 te,
2687 3299 2779 3368 qui
2809 3315 2905 3368 per
2936 3302 3174 3358 litteram
3201 3317 3252 3360 et
3272 3310 3520 3365 circum-

1942 3383 2206 3438 cisionem
2243 3387 2629 3454 praevaricator
2661 3388 2793 3459 legis
2829 3403 2909 3445 es.
2952 3409 2972 3442 ι
3006 3391 3132 3447 Sive
3167 3395 3292 3450 dum
3327 3396 3520 3454 litterae

1941 3473 2418 3531 circumcisionem
2449 3483 2702 3541 sectaris,
2759 3481 3245 3539 circumcisionem
3289 3488 3520 3556 spiritus

1943 3570 2190 3637 accipere
2223 3571 2574 3638 dedignaris:
2618 3572 2735 3627 sive
2772 3587 2878 3628 non
2907 3578 3209 3645 sequendo,
3253 3582 3399 3648 quod
3426 3582 3518 3637 lex

1943 3660 2076 3716 dicit
2107 3678 2122 3713 :
2157 3660 2260 3716 hoc
2293 3670 2398 3724 est,
2437 3672 2498 3716 ut
2523 3661 2746 3719 Christo
2789 3667 3041 3734 credens,
3073 3684 3256 3724 veram
3281 3673 3526 3728 circum-

1941 3751 2200 3807 cisionem
2213 3754 2524 3823 acceperis.

2019 3863 2038 3896 s
2077 3843 2196 3900 Non
2225 3847 2391 3912 enim,
2420 3848 2512 3918 qui
2554 3849 2607 3903 in
2637 3847 2924 3905 manifesto
2953 3851 3172 3912 inda-us
3206 3863 3311 3924 est,
3344 3873 3520 3934 neque

1940 3953 2061 4009 qtue
2093 3939 2146 3992 in
2196 3937 2486 3993 manifesto
2534 3940 2588 3994 in
2645 3955 2812 3998 carne
2859 3952 2944 3998 est
2993 3941 3388 4004 circumcisio‘:
3419 3951 3517 4007 sed

1941 4030 2033 4102 qui
2072 4031 2130 4085 in
2165 4031 2487 4086 abscondito
2538 4031 2756 4090 Judmus
2793 4043 2898 4089 est.
2934 4053 2955 4086 ›
3023 4036 3141 4107 Ipse
3183 4051 3268 4094 est
3330 4057 3514 4102 verus,

1941 4123 2137 4178 Omnia
2169 4124 2338 4186 enim,
2361 4140 2480 4194 qua:
2516 4135 2676 4180 antea
2709 4127 2854 4184 circa
2875 4130 3202 4185 exteriorem
3237 4135 3518 4194 hominem

1942 4217 2289 4286 gerebantur,
2328 4216 2556 4288 ﬁguram
2599 4218 2884 4274 interioris
2932 4220 3228 4278 habebant.

2007 4325 2038 4364 ,ς
2076 4308 2146 4366 Ει
2202 4311 2550 4364 circumcisio
2585 4310 2791 4369 cordis.
2830 4331 2850 4364 ι
2897 4312 2970 4368 De
3020 4329 3124 4386 qua
3163 4319 3424 4390 scriptum
3463 4325 3518 4378 in

1942 4401 2060 4472 lege
2091 4412 2176 4458 est
2203 4419 2217 4456 :
2253 4401 2325 4462 In
2352 4405 2642 4462 novissimis
2667 4405 2846 4459 diebus
2893 4409 3232 4464 circumcidet
3259 4411 3398 4466 Deus
3429 4419 3525 4472 tor

1945 4506 2094 4550 tuum
2120 4506 2168 4550 et
2194 4512 2284 4550 cor
2309 4499 2524 4552 seminis
2571 4501 2672 4562 tui,
2723 4499 2794 4553 ad
2826 4499 3112 4557 Dominum
3169 4503 3334 4558 Deum
3368 4517 3519 4564 tuum

1944 4590 2232 4642 amandum
2268 4588 2450 4660 (Deut.
2484 4606 2610 4656 xxx,
2642 4590 2718 4661 6).
2755 4591 2819 4645 Et
2857 4593 3052 4648 iterum
3090 4610 3105 4651 :
3150 4596 3520 4654 Circumcidite

1941 4697 2029 4736 vos
2083 4681 2191 4738 Deo
2229 4693 2420 4748 vestro,
2455 4693 2503 4738 et
2561 4685 2921 4743 circumcidit:
2958 4689 3282 4756 pra'putium
3339 4693 3514 4748 cordis

1941 4773 2102 4826 uestri
2131 4772 2313 4842 (Deut.
2346 4791 2400 4840 ι,
2441 4775 2546 4849 16).

2014 4886 2038 4920 ,ι
2080 4865 2137 4926 In
2171 4869 2390 4942 spiritu,
2423 4887 2529 4926 non
2571 4870 2751 4928 littera
2790 4892 2804 4928 :
2839 4874 3000 4945 cujus
3030 4875 3150 4934 laus
3179 4891 3285 4930 non
3320 4892 3385 4930 ex
3417 4878 3520 4930 lto-

1946 4959 2210 5024 minibus,
2241 4963 2338 5016 sed
2373 4979 2438 5018 ex
2469 4961 2582 5018 Deo
2605 4975 2708 5019 est.
2742 4983 2762 5017 ι
2808 4964 2924 5020 Non
2947 4965 3245 5021 secundum
3277 4966 3515 5020 litteram
3560 4959 3564 4962 ’

1941 5046 2103 5119 legis,
2153 5053 2247 5107 sed
2295 5059 2597 5112 secundum
2651 5073 2851 5113 novum
2887 5058 3296 5116 Testamentum
3326 5075 3345 5122 ,ε
3370 5059 3516 5128 quod

1943 5142 2207 5200 interiora
2259 5152 2474 5218 quaerit,
2500 5165 2622 5218 qua:
2660 5153 2835 5206 solum
2867 5153 3012 5207 videt
3039 5151 3198 5208 Deus.

2555 5305 2788 5362 CAPUT
2825 5308 2916 5364 Ill.

2021 5439 2040 5472 ι
2077 5419 2215 5486 Quid
2241 5435 2368 5490 ergo
2395 5422 2630 5496 amplius
2663 5436 2748 5479 est
2780 5424 2989 5490 Iudico,
3043 5433 3138 5478 aut
3166 5440 3288 5493 qua:
3311 5424 3519 5482 utilitas

1943 5511 2690 5570 circutncisionis?Mnltum
2753 5531 2850 5586 per
2911 5531 3128 5570 omnem
3189 5517 3429 5570 modum.
3491 5533 3512 5568 ι

1943 5603 2020 5658 Ex
2060 5620 2293 5674 persona
2329 5604 2501 5660 Judaei
2561 5608 2956 5678 interrogantis
3009 5611 3232 5676 dicitur,
3290 5625 3520 5680 respon-

1941 5696 2104 5751 dente
2144 5697 2430 5767 Apostolo,
2460 5699 2690 5753 multum
2716 5703 2933 5770 quidem
2974 5703 3274 5757 secundum
3297 5716 3518 5759 omnem

1942 5789 2182 5845 modum.
2241 5791 2371 5847 ideo
2409 5803 2592 5848 autent
2647 5795 2876 5850 multum
2913 5795 3181 5852 interest:
3225 5812 3331 5849 non
3393 5795 3519 5864 quia

3125 5886 3202 5952 22
