3946 6206
427 308 534 374 683

424 521 534 573 dita
571 526 702 571 sunt
742 514 850 568 illis
881 509 1095 578 eloquia
1150 506 1263 560 Dei.
1297 505 1425 558 ltem
1471 504 1647 557 reddit
1697 504 1992 563 rationem,

411 609 566 680 quod
604 608 685 660 lex
724 611 1029 670 contempta
1087 613 1192 651 non
1229 597 1421 666 prosit,
1477 603 1532 648 et
1559 595 1704 662 quod
1756 591 1994 646 carnalis

423 695 858 755 circumcisiouis
886 689 1268 762 prmrogativa,
1303 687 1467 739 nullis
1521 683 1782 753 operibus
1838 681 1993 746 fulta,

424 795 493 846 sit
525 804 683 842 vana.
740 787 1041 852 lnterrogat
1079 780 1206 850 quid
1259 777 1490 846 amplius
1519 774 1715 828 habeat
1757 771 1996 826 Judaeus.

419 882 508 936 Ex
534 879 690 947 cujus
721 890 950 944 persona
977 871 1334 941 respondetur
1367 883 1380 920 :
1407 865 1633 918 Multum
1658 879 1754 933 per
1783 875 1996 916 omnem

357 1005 370 1032 ,
431 971 671 1025 modum.
723 966 854 1021 Nam
897 966 942 1020 si
991 964 1160 1034 ipsius
1215 974 1414 1014 sensus
1450 967 1583 1012 est:
1627 955 1854 1009 multum
1904 966 2002 1021 per

427 1077 645 1116 munem
682 1039 922 1116 modum.
965 1067 1020 1110 et
1049 1054 1226 1108 omnis
1265 1056 1427 1107 homo
1460 1049 1693 1104 mendax
1730 1059 2004 1114 :quomo-

430 1157 498 1211 do
531 1164 716 1224 postea
751 1149 1114 1210 contravenit,
1143 1147 1331 1201 dicens
1361 1162 1373 1198 :
1399 1141 1454 1196 Si
1509 1151 1691 1195 autem
1741 1138 2004 1206 iniquitas

431 1260 616 1302 nOstra
645 1244 914 1316 justitiam
968 1239 1062 1295 Dei
1095 1237 1466 1301 commendat,
1523 1235 1650 1303 quid
1708 1226 2004 1285 dicemus?

431 1337 692 1407 Nunquid
756 1337 976 1403 iniquus
1027 1333 1170 1386 Deus
1207 1330 1229 1381 ?
1271 1329 1448 1391 Absit,
1517 1334 1626 1378 etc.
1700 1320 2004 1380 Postremo,

425 1431 703 1500 quomodo
745 1427 964 1482 Judzeos
994 1424 1128 1478 nihil
1161 1420 1393 1487 amplius
1432 1416 1635 1470 habere
1693 1412 2006 1474 confirmat,

434 1525 480 1577 si
513 1523 604 1577 hic
634 1521 862 1574 multum
897 1517 1097 1571 habere
1129 1517 1532 1567 commemorat
1559 1506 1582 1557 ?

511 1633 531 1666 ι
567 1614 807 1666 Primum
841 1609 1087 1677 quidem,
1119 1605 1246 1673 quia
1271 1600 1476 1654 credita
1505 1606 1631 1650 sunt
1652 1594 1759 1648 illis
1791 1590 2008 1660 eloquia

439 1708 561 1761 Dei.
605 1723 622 1756 ι
661 1704 774 1756 lloe
838 1702 975 1754 estis
1031 1695 1228 1750 dicturi
1259 1709 1276 1749 ;
1310 1695 1567 1760 primum,
1603 1688 1744 1756 quod
1804 1685 2008 1740 credita

437 1806 564 1850 sunt
595 1794 700 1848 illis
733 1792 948 1860 eloquia
1005 1787 1124 1851 Dei,
1153 1797 1208 1840 et
1245 1782 1496 1854 gentibus
1527 1779 1697 1833 nulla.

517 1906 536 1939 ι
576 1888 716 1952 Quid
765 1885 934 1944 enim,
969 1881 1013 1934 si
1072 1879 1290 1949 quidam
1355 1875 1568 1928 illormn
1610 1885 1717 1924 non
1767 1866 2014 1922 credide-

446 1977 618 2030 runt?
681 1974 934 2042 Nunquid
991 1967 1348 2023 incredulitas
1410 1965 1630 2018 illorum
1697 1961 1856 2014 fidem
1922 1957 2019 2010 Dei

439 2066 761 2121 evacnavit?
791 2063 982 2118 Absit!
1020 2080 1037 2112 ι
1087 2060 1271 2113 Fidem
1302 2057 1714 2127 promissorum,
1767 2066 1887 2106 cum
1951 2049 2022 2102 sit

441 2163 643 2213 (lirtum
683 2157 913 2211 Abrahae
944 2173 959 2209 :
988 2154 1134 2218 Quia
1186 2153 1240 2203 in
1272 2149 1470 2203 semine
1505 2157 1593 2199 tuo
1641 2143 2022 2198 benedicentur

440 2269 614 2305 omnes
647 2260 823 2320 gentes
862 2246 1019 2320 (Gen.
1049 2260 1186 2309 uti,
1213 2244 1322 2313 l8).

517 2364 533 2396 ι
576 2343 665 2395 Est
723 2352 900 2394 autem
958 2337 1102 2391 Deus
1144 2351 1327 2398 verax,
1387 2332 1569 2386 omnis
1629 2339 1815 2384 autem
1862 2327 2023 2381 homo

447 2438 697 2488 mendax.
722 2451 741 2484 ι
769 2431 864 2485 llic
882 2430 1079 2492 omnis,
1105 2442 1203 2496 pro
1228 2427 1459 2479 maxima
1487 2434 1639 2494 parte
1669 2422 1818 2483 dicit,
1839 2419 2020 2474 sicut:

445 2531 650 2580 Omnes
689 2539 783 2578 sua
811 2529 1084 2589 quazrunt,
1117 2525 1173 2570 et
1205 2513 1451 2569 :Omnes
1476 2529 1559 2568 me
1589 2510 2022 2580 dereliqueruut,

450 2618 626 2670 Lucas
656 2623 740 2667 est
768 2627 978 2665 meeum
1022 2610 1193 2663 solus.

527 2729 544 2761 ι
575 2710 728 2762 Sicut
755 2707 1019 2771 scriptum
1049 2713 1136 2757 est
1179 2719 1192 2753 :
1225 2700 1290 2756 Ut
1319 2697 1639 2768 justiliceris
1671 2695 1725 2749 iu
1754 2691 2025 2748 sermoni-

452 2806 552 2854 bus
604 2801 731 2860 luis,
785 2807 838 2850 et
886 2797 1074 2848 vincas
1133 2810 1254 2847 cum
1315 2790 1602 2862 judicaris.
1645 2807 1662 2840 ι
1709 2787 1766 2840 ln
1815 2786 2025 2853 psalmo

450 2891 922 2964 quinquagesimo.
963 2887 1074 2940 Iloc
1130 2885 1502 2941 testimonium
1540 2884 1612 2935 ita
1665 2881 1845 2950 posuit
1897 2891 2023 2946 pars

453 2990 704 3046 adversa,
733 2983 884 3051 quasi
921 2981 1127 3034 diceret
1159 2996 1174 3034 :
1209 2979 1501 3046 Propterea
1556 2988 1654 3040 ego
1696 2969 1941 3040 peccavi,
1965 2975 2024 3019 ut

453 3091 508 3133 tu
540 3081 718 3146 justus
760 3086 1044 3142 apparens,
1080 3085 1163 3124 me
1201 3068 1518 3139 judicanulo.
1568 3063 1674 3117 Sed
1707 3076 1872 3116 verus
1901 3075 2023 3112 seu-

371 3224 380 3232 ,
453 3187 546 3225 suis
588 3170 668 3222 sic
704 3183 762 3221 se
793 3167 955 3218 habet
987 3181 1004 3219 :
1037 3163 1162 3231 quia
1214 3159 1540 3229 promiserat
1595 3171 1653 3210 se
1705 3155 1845 3207 Deus
1911 3151 2026 3204 sine
2053 3127 2096 3187 ί)

460 3273 810 3329 personarum
843 3256 1160 3323 acceptione
1198 3254 1249 3306 in
1279 3250 1634 3320 peccantibus
1687 3246 1966 3299 vindicare
2008 3257 2024 3296 :

453 3363 509 3404 rt
542 3351 760 3420 quidam
793 3349 911 3416 ejus
949 3347 1263 3416 patientiam
1310 3340 1651 3395 mendacium
1687 3336 2028 3404 judicabant,

458 3445 621 3498 viucil
644 3457 764 3496 cum
785 3437 1131 3510 judicaverit,
1164 3436 1382 3505 quando
1417 3445 1614 3500 eorum
1643 3428 1782 3481 facta
1809 3428 2030 3494 puniet:

460 3541 513 3589 in
546 3538 743 3604 quibus
786 3546 942 3586 neuio
1001 3527 1279 3598 putaverit
1320 3521 1606 3576 vindicari.
1655 3520 1826 3572 Aliter
1856 3533 1870 3568 :
1900 3515 2034 3568 Pro-

459 3631 596 3682 busti
643 3639 693 3680 te
727 3639 911 3679 curam
951 3622 1019 3676 de
1054 3619 1368 3674 lmminibus
1398 3600 1620 3678 habere,
1656 3611 1746 3679 qui
1779 3625 1876 3680 per
1909 3622 2036 3677 pro-

463 3722 680 3790 phetam
715 3730 833 3770 mea
870 3711 1184 3768 abscondita
1229 3707 1508 3770 revelasti,
1563 3717 1616 3760 et
1661 3704 1836 3757 vicisti
1913 3716 2030 3766 eos,

463 3811 552 3878 qui
581 3822 632 3864 te
663 3809 993 3862 incuriosum
1025 3805 1386 3858 lmmanorum
1413 3810 1629 3852 actuum
1669 3813 1788 3850 esse
1816 3797 2034 3847 conlin-

463 3914 614 3971 gunt.
689 3879 980 3966 llucusque
1031 3893 1267 3963 objectio
1329 3889 1624 3946 cucurrit:
1671 3887 1784 3958 jam
1846 3885 2038 3954 incipit

466 3995 774 4066 Apostolus
796 3991 1152 4059 respondere.

544 4107 561 4136 ι
604 4085 658 4138 Si
693 4094 871 4138 autem
923 4079 1183 4148 iniquitas
1219 4085 1406 4131 nostra
1431 4075 1698 4144 justitiam
1735 4070 1831 4126 Dei
1889 4085 2041 4125 com-

469 4180 708 4238 mendat,
734 4173 1117 4242 quiddicemus
1137 4167 1160 4220 ?
1178 4166 1433 4236 Nunquid
1465 4168 1678 4234 iniquus
1695 4176 1780 4220 est
1803 4162 1986 4218 Deus?
2017 4181 2035 4214 ›

473 4271 720 4338 Iniquum
778 4276 880 4329 est,
934 4265 978 4317 si
1033 4265 1082 4314 in
1132 4263 1238 4314 illis
1283 4261 1544 4323 vindicat,
1581 4257 1670 4326 qui
1703 4257 1822 4310 ideo
1848 4270 2041 4325 pecca-

468 4367 684 4419 verunt,
712 4365 769 4408 ut
797 4355 908 4408 illis
934 4353 1137 4422 justior
1195 4359 1506 4419 appareret.
1567 4347 1697 4402 item
1739 4363 1844 4400 non
1899 4346 2042 4414 quod

471 4459 654 4505 nostra
691 4446 948 4516 iniquitas
977 4441 1426 4512 addatjustitiam
1465 4440 1595 4504 Deo,
1625 4439 1718 4493 sed
1745 4439 1797 4490 in
1834 4447 2040 4506 tempo-
2078 4466 2120 4518 υ

474 4557 552 4601 re,
593 4538 808 4609 quando
857 4541 909 4591 in
951 4535 1219 4606 judicium
1255 4549 1378 4586 cum
1439 4533 1547 4586 Deo
1603 4532 1877 4590 venimus.
1932 4544 2039 4583 non

471 4637 822 4687 observantes
855 4639 1120 4697 praecepta
1151 4627 1288 4696 ejus,
1319 4623 1741 4694 promissionum
1803 4621 2044 4676 retribu-

473 4727 674 4778 tionem
707 4723 1043 4775 fraudamus.
1087 4716 1236 4771 Unde
1287 4716 1600 4770 ostenditur
1639 4713 1789 4767 Deus
1844 4727 2041 4776 verax,

474 4817 595 4881 quia
647 4828 766 4880 quae
800 4810 1056 4879 promisit
1099 4807 1326 4872 sanctis,
1385 4805 1764 4875 peccatoribus
1793 4820 1900 4858 non
1932 4806 2044 4856 dat.

551 4923 567 4954 ι
597 4904 695 4968 Qui
735 4900 892 4955 infert
918 4901 1109 4954 iram.)
1151 4897 1220 4954 Ut
1251 4899 1306 4952 in
1339 4897 1544 4952 diluvio
1579 4906 1636 4952 et
1664 4893 1926 4962 Sodoma,
1972 4895 2048 4948 ita

475 4998 528 5051 in
555 4995 772 5062 judicio.
1366 5004 1374 5012 '

551 5106 569 5139 ι
605 5085 912 5142 Secundum
967 5084 1244 5138 hominem
1317 5084 1486 5139 dico:
1533 5083 1730 5136 Absit!
1793 5081 2047 5150 Alioquin:

477 5181 749 5242 lliltllllOdO
776 5178 1042 5249 judicabit
1079 5177 1222 5231 Dens
1256 5181 1396 5230 hunc
1434 5175 1731 5230 mundum?
1767 5193 1785 5226 ι
1840 5175 2050 5228 Secun-

480 5277 603 5326 dum
640 5285 710 5334 te,
739 5273 831 5340 qui
867 5270 1050 5324 taliter
1095 5273 1286 5324 semis.
1315 5269 1568 5336 Alioquin
1605 5264 1882 5336 quomodo
1908 5266 2055 5335 judi-

479 5367 626 5420 cabit
672 5366 810 5418 Deus
848 5365 988 5417 hunc
1018 5366 1273 5416 mundum
1309 5363 1330 5414 ?
1363 5361 1498 5427 Quia
1529 5361 1742 5430 jnstitia
1769 5360 2054 5413 damnabit

483 5459 832 5524 iujustitiam,
903 5455 970 5516 si,
1007 5457 1312 5508 secundum
1353 5465 1428 5516 te,
1467 5455 1702 5506 humana
1769 5453 2052 5521 iniquitate

482 5551 552 5604 sit
576 5551 799 5618 jnstior.

559 5659 578 5692 ι
618 5643 673 5693 Si
705 5642 848 5693 enim
891 5641 1089 5694 veritas
1120 5639 1210 5692 Dei
1247 5640 1296 5691 iu
1350 5653 1470 5693 meo
1507 5638 1788 5693 mendacio
1818 5638 2058 5694 abunda-

487 5731 564 5783 vit
606 5731 656 5781 in
685 5731 909 5800 gloriam
958 5732 1144 5798 ipsius.
1186 5751 1205 5785 ι
1247 5731 1356 5785 lluc
1383 5743 1484 5795 est,
1518 5742 1708 5784 ct'eiil.

1360 297 1424 356 S.
1466 290 1913 354 HlERONl’Ml
1957 290 2274 352 Ol’EliUM
2316 289 2718 353 MANTISSA.

417 423 894 483 circumcisionem
927 418 979 472 in
1011 429 1175 472 carne
1208 423 1558 482 acceperunt,
1594 411 1688 466 sed
1717 411 1842 479 quia
1873 425 1990 462 cre-
2025 417 2063 472 Α

3539 287 3632 353 68L

2174 430 2191 462 ι
2225 413 2365 476 Quid
2393 415 2571 465 adhuc
2591 423 2640 462 et
2676 423 2804 477 ego.
2842 426 2860 460 ι
2895 406 3008 464 Hoc.
3038 415 3140 471 est,
3177 407 3399 475 insuper
3447 406 3634 476 julicor

2098 517 2198 568 ego
2232 504 2546 571 quicunque
2597 502 2840 556 mentior
2871 503 3056 566 homo,
3091 499 3181 567 qui
3238 498 3439 552 laudari
3495 499 3638 552 debe-

2099 609 2237 662 rem,
2312 596 2356 650 si
2387 611 2507 648 meo
2532 592 2827 648 mendacio
2891 591 2984 645 Dei
3014 591 3213 646 veritas
3263 591 3635 657 comprobatur.

2178 705 2196 736 ι
2237 686 2526 754 Tanquam
2560 696 2817 756 peccator
2847 681 3118 751 judicor?
3161 690 3349 736 etnon
3380 681 3509 734 sicut
3544 682 3641 736 bla-

2101 778 2476 844 Sphemamur,
2518 775 2749 839 etsicut
2801 774 2957 827 aiunt
2991 771 3214 841 quidam
3273 786 3370 824 nos
3401 771 3584 824 dicere.
3620 789 3636 821 ι

2103 866 2174 921 Ut
2210 869 2299 936 qui
2339 882 2422 921 me
2451 866 2772 933 itajudicat.
2799 879 2906 932 qua
2940 873 3275 932 peccantem,
3305 870 3360 915 et
3396 876 3492 914 non
3522 861 3645 914 sicut

2103 959 2322 1029 quidam
2360 973 2460 1012 nos
2510 957 2664 1011 aiunt
2716 956 2954 1008 dicere:
3006 954 3148 1021 quod
3207 961 3411 1022 quanto
3471 953 3648 1018 majora

2103 1051 2248 1105 mala
2291 1048 2606 1114 fecerimus,
2663 1057 2819 1102 tanto
2874 1046 3079 1116 majora
3116 1047 3255 1099 bona
3317 1044 3642 1112 recipiamus.

2183 1160 2200 1192 ι
2239 1141 2530 1195 Faciamus
2567 1140 2728 1202 mala,
2767 1151 2826 1193 ut
2876 1140 3098 1193 veniant
3149 1137 3313 1190 bona.
3348 1153 3366 1186 ι
3398 1133 3503 1190 Hoc
3550 1135 3646 1189 for-

2110 1235 2273 1287 lassis
2307 1233 2432 1288 ideo
2457 1232 2745 1301 putabant,
2804 1230 2930 1298 quia
2963 1244 3068 1284 non
3106 1225 3507 1290 intellexerunt,
3528 1225 3651 1293 quod

2108 1331 2326 1398 quidam
2359 1329 2570 1382 dicebat
2608 1344 2622 1383 :
2668 1325 2766 1379 Ubi
2822 1324 3112 1378 abundavit
3160 1330 3447 1391 peccatum,
3499 1334 3655 1387 super-

2110 1422 2392 1475 abundavit
2432 1420 2603 1489 grutia
2635 1418 2813 1488 (Rom.
2843 1433 2895 1483 v,
2921 1417 3071 1485 20).-

2196 1530 2212 1563 i
2249 1514 2490 1578 Quorum
2530 1510 2804 1564 damnatio
2854 1508 2999 1578 justa
3048 1516 3152 1562 est.
3201 1525 3219 1558 ι
3267 1505 3405 1572 Quid
3457 1502 3655 1573 justius,

2111 1622 2274 1675 quam
2311 1613 2368 1658 ut
2409 1598 2547 1657 lianc
2578 1616 2792 1670 pinnam
2824 1603 3086 1662 sentiant,
3117 1615 3279 1668 quam
3329 1613 3427 1652 nos
3484 1609 3657 1664 negare

2116 1699 2331 1752 inerititi
2365 1708 2493 1751 sunt
2538 1711 2552 1748 :
2587 1696 2680 1764 qui
2738 1695 2873 1748 nihil
2904 1694 3100 1762 magis,
3130 1707 3294 1763 quam
3337 1691 3534 1760 justum
3579 1686 3659 1742 Dei

2042 1774 2092 1835 Β
2115 1793 2379 1865 judicium
2409 1791 2790 1860 prtedicamus.

2193 1903 2211 1935 ι
2255 1885 2394 1950 Quid
2417 1898 2568 1950 ergo,
2599 1881 2962 1950 praecellimus
2993 1878 3132 1934 eos?
3161 1877 3661 1947 Nequaqtiain.Cau-

2121 1973 2220 2027 sati
2255 1975 2397 2026 enim
2429 1986 2641 2037 sumus,
2693 1969 2912 2024 Iudaeos
2954 1982 3007 2024 et
3053 1969 3295 2032 Graecos,
3347 1983 3528 2022 omnes
3574 1968 3659 2020 sub

2122 2071 2346 2131 peccato
2403 2077 2550 2116 esse.
2587 2079 2606 2112 ι
2653 2061 2763 2113 Nos
2790 2076 2854 2114 ex
2889 2058 3091 2112 Judaeis
3134 2059 3361 2126 nullam,
3411 2058 3544 2112 unde
3571 2072 3657 2110 ma-

2118 2153 2268 2223 jores
2301 2155 2495 2218 simus,
2532 2155 2747 2206 invenio
2781 2168 3022 2206 causam.
3069 2149 3184 2204 Hoc
3233 2154 3380 2203 enim
3410 2150 3662 2218 investiga-

2122 2248 2199 2300 vit
2232 2247 2388 2311 ratio,
2443 2251 2542 2300 sub
2579 2255 2805 2312 peccato
2841 2259 2992 2304 esse.
3026 2253 3079 2297 et
3131 2241 3348 2298 Judmos
3380 2242 3660 2303 etGr:ecos,

2123 2337 2269 2405 quod
2305 2350 2408 2390 non
2445 2335 2660 2390 ratione
2713 2332 2827 2386 sola
2883 2335 3208 2402 colligimus,
3266 2334 3358 2387 sed
3411 2334 3563 2386 etiam
3610 2331 3665 2382 de

2121 2426 2327 2482 ludatis
2359 2427 2672 2482 testimonio
2704 2428 3147 2498 comprobarnus.
3201 2423 3339 2478 ltem
3373 2425 3470 2477 hoc
3503 2431 3664 2476 osten-

2124 2523 2249 2576 dit:
2331 2519 2604 2590 quomodo
2651 2517 2823 2575 Judaei
2882 2519 3011 2573 licet
3067 2520 3240 2587 legem
3307 2530 3360 2570 et
3412 2517 3669 2585 prophetas

2127 2612 2410 2675 baberent,
2441 2612 2578 2665 nihil
2606 2618 2790 2664 tamen
2843 2612 3097 2678 amplius,
3149 2623 3317 2678 quam
3350 2619 3526 2678 gentes
3582 2609 3662 2659 ba-

2127 2703 2365 2758 bebant:
2419 2721 2437 2754 (
2473 2703 2599 2772 quia
2657 2717 2845 2757 omnes
2895 2703 3149 2756 similiter
3191 2711 3566 2772 peccaverunt,
3618 2707 3665 2751 et

2125 2807 2284 2868 egent
2306 2796 2474 2866 gloria
2509 2797 2625 2850 Dei.
2664 2814 2684 2848 ι

2205 2907 2224 2940 ι
2262 2885 2414 2941 Sicut
2451 2890 2712 2956 scriptum
2746 2897 2830 2942 est
2875 2903 2890 2940 :
2923 2887 3058 2953 Quia
3082 2901 3190 2941 non
3223 2895 3309 2940 est
3338 2887 3511 2956 justus
3541 2884 3669 2952 quis-

2128 2996 2316 3041 quam.
2365 2998 2385 3031 ι
2423 2980 2481 3034 ln
2511 2980 2728 3048 psalmo
2775 2979 2936 3033 tertio
2997 2979 3229 3033 decimo.
3272 2977 3514 3031 Psalmus
3567 2978 3669 3034 iste.

2131 3074 2269 3126 mule
2301 3071 2403 3125 hoc
2457 3071 2828 3126 testimonium
2861 3079 3140 3138 sumptum
3174 3081 3281 3135 est,
3317 3069 3384 3124 de
3407 3069 3669 3140 insipiente

2133 3161 2592 3231 loquitur:quod
2647 3160 3016 3216 testimonimn
3086 3160 3142 3213 in
3203 3162 3442 3214 adventu
3497 3156 3671 3213 Cbristi

2133 3255 2404 3326 praecipue
2499 3253 2738 3308 ostendit
2802 3252 3104 3320 impletum,
3198 3263 3446 3319 tempore
3498 3249 3673 3304 scilicet

2136 3347 2422 3415 passionis,
2464 3361 2572 3415 quo
2603 3346 2785 3399 nullus
2837 3345 3015 3412 justus
3051 3359 3173 3400 cum
3219 3356 3521 3414 pateretur.
3567 3354 3674 3411 pulo

2137 3439 2384 3491 inventus
2416 3437 2506 3489 sit.

2211 3548 2229 3579 ι
2269 3526 2386 3582 Non
2415 3540 2497 3583 est
2524 3528 2853 3598 intelligens,
2891 3542 2996 3581 non
3031 3535 3114 3581 est
3153 3527 3442 3595 requirens
3467 3522 3674 3578 Deum.»

2139 3623 2241 3686 Qui
2287 3636 2390 3673 non
2433 3619 2660 3688 requirit
2691 3621 3133 3683 fundamentum,
3163 3633 3393 3673 necesse
3421 3629 3502 3672 est
3531 3625 3581 3669 ut
3608 3619 3681 3666 de-

2138 3714 2326 3768 clinet.

2218 3821 2236 3853 ι
2265 3804 2466 3855 Omnes
2493 3801 2931 3856 declinaverunt.
2972 3819 2992 3853 ι
3027 3802 3129 3866 Qui
3161 3817 3268 3856 non
3301 3801 3566 3870 intelligit,
3590 3813 3678 3852 non

2143 3897 2393 3966 requirit,
2457 3911 2554 3950 seu
2591 3897 2711 3951 ideo
2743 3913 2848 3949 non
2881 3896 3152 3964 intelligit.
3179 3898 3308 3965 quia
3346 3911 3450 3949 non
3493 3893 3676 3962 ljllatfll.

2143 3987 2284 4042 Deus
2346 3997 2525 4041 autem
2569 3995 2697 4042 tunc
2759 3987 3083 4055 requiritur,
3146 4003 3267 4040 cum
3311 3991 3429 4058 ejus
3469 3986 3682 4038 voluntas

2144 4078 2464 4146 inquiritur,
2527 4080 2653 4146 quia
2686 4093 2864 4131 omnis
2892 4079 2984 4146 qui
3016 4091 3225 4146 peccat,
3255 4094 3361 4134 non
3405 4079 3531 4132 vidit
3555 4091 3678 4133 eum.

2143 4183 2245 4223 nec
2279 4173 2532 4239 cognovit
2554 4186 2700 4235 eum,
2733 4186 2796 4223 eo
2826 4171 2990 4238 quod,
3018 4173 3108 4237 qui
3140 4182 3351 4238 peccat,
3390 4170 3588 4225 Domini
3615 4166 3682 4223 sui

2146 4278 2252 4317 non
2283 4265 2568 4331 cognoscit
2621 4265 2974 4319 voluntatem.
3017 4262 3152 4316 Nam
3186 4274 3240 4318 et
3293 4263 3454 4335 vulgo
3503 4261 3683 4317 nescire

2146 4356 2364 4417 dicitur,
2388 4356 2542 4422 cujus
2571 4357 2819 4410 voluntas
2856 4357 3100 4426 ignorata
3145 4366 3249 4411 est.

2225 4448 2454 4528 LSimul
2489 4448 2708 4502 inutiles
2739 4449 2863 4502 facti
2894 4460 3042 4502 sunt.
3081 4468 3100 4500 ι
3128 4447 3358 4506 Inutiles
3381 4450 3446 4507 ad
3488 4463 3612 4520 opus
3630 4447 3684 4500 ad

2150 4538 2292 4606 quod
2327 4538 2546 4590 fuerunt
2576 4540 2868 4607 procreati.

2228 4645 2247 4680 ι
2279 4626 2394 4682 Non
2433 4639 2514 4682 est
2537 4627 2631 4697 qui
2665 4629 2828 4682 faciat
2863 4629 3091 4695 bonum,
3139 4646 3249 4685 non
3309 4645 3393 4687 est
3423 4646 3582 4702 usque
3634 4629 3687 4683 ad

2152 4740 2339 4779 unum.
2375 4742 2392 4775 ι
2433 4723 2535 4777 Nec
2565 4723 2878 4792 Apostolus.
2908 4724 3038 4779 Item
3069 4728 3111 4779 si
3141 4746 3245 4780 non
3278 4738 3362 4782 est
3410 4732 3494 4797 qui
3549 4727 3692 4778 faciat

2154 4816 2376 4878 bonum,
2413 4819 2688 4882 quomodo
2732 4815 2967 4871 inferius
3002 4819 3210 4886 plebem
3239 4836 3394 4874 suam
3423 4821 3592 4888 arguit
3614 4821 3693 4866 ile-

2155 4919 2426 4972 \nrantes,
2455 4918 2508 4958 et
2547 4910 2763 4975 inopum
2788 4911 3073 4964 Consilium
3103 4911 3493 4965 confundentes
3515 4909 3537 4962 Υ
3559 4909 3691 4963 ΡΙνιις

2155 5000 2295 5052 enim
2329 4999 2419 5053 Dei
2460 5015 2564 5052 non
2599 5009 2739 5062 erat,
2786 5003 2830 5054 si
2859 5001 3057 5054 bonum
3093 5019 3196 5055 non
3249 5002 3502 5064 faciebat,
3551 4999 3696 5052 maxi-

2158 5108 2243 5143 me
2273 5106 2394 5143 cum
2443 5091 2588 5158 justa
2647 5091 2851 5145 ibidem
2907 5095 3183 5162 generatio
3235 5097 3552 5166 appelletur.
3601 5089 3697 5142 Hoc

2157 5185 2328 5250 inagis
2364 5183 2428 5235 ad
2464 5184 2654 5251 psalmi
2703 5188 3102 5253 expositionem
3163 5198 3419 5255 pertinet,
3465 5201 3610 5256 quam
3640 5181 3696 5234 ad

2157 5275 2403 5344 Apostoli
2435 5291 2678 5329 causam.

2236 5384 2254 5416 ι
2296 5365 2617 5434 Sepulcrum
2658 5375 2852 5436 patens
2881 5379 2963 5422 est
3009 5380 3196 5438 guttur
3229 5385 3436 5424 eorum.
3475 5386 3493 5420 ι
3531 5365 3699 5419 Fetere

2165 5458 2428 5510 doctrina:
2457 5473 2591 5524 sum,
2619 5468 2674 5512 et
2705 5461 3022 5514 adulatione
3045 5463 3444 5523 contaminatis,
3473 5469 3525 5513 et
3555 5460 3697 5509 inter-

2164 5552 2353 5602 ticiens
2400 5550 2702 5606 audientes.
2747 5549 2872 5607 Ideo
2897 5555 3041 5607 enim
3089 5553 3394 5622 sepulcrum
3447 5553 3698 5622 diligenter

2162 5640 2461 5706 Nummi".
2490 5656 2558 5696 ne
2593 5644 2772 5700 adhuc
2805 5645 3117 5702 viventibus
3149 5645 3486 5700 exhalatione
3512 5654 3598 5695 sua
3622 5649 3698 5704 ge-

2164 5742 2317 5788 neret
2359 5744 2564 5805 pestem
