3934 6200
304 333 412 396 685

1324 327 1736 392 EXPOSITIO
1780 330 1862 391 IN
1904 327 2144 390 EPIST.
2191 326 2290 386 AD
2328 323 2513 387 ROM.

3447 315 3554 382 686

382 474 398 504 ι
437 452 662 522 Linguis
688 451 802 506 suis
836 451 1026 507 dolose
1076 450 1328 518 agebant.
1363 468 1382 502 ι
1417 450 1576 506 Aliud
1607 465 1702 505 ore
1755 465 1881 520 pro—
1909 466 1956 520 Α
1988 449 2038 502 id
2066 460 2175 513 est,
2205 463 2323 516 qua:
2351 447 2475 501 aliis
2504 459 2609 499 non
2649 444 2916 499 nocebant
2957 461 2970 496 :
3005 454 3062 498 ut
3094 441 3551 511 concupiscentia,

303 543 606 607 mittentes,
641 542 784 595 aliud
810 541 972 596 corde
1005 541 1270 596 volentes.

375 653 395 686 ι
431 633 711 690 Venenum
743 635 1015 704 aspidum.
1051 652 1070 686 ι
1105 631 1310 688 [lorum
1335 632 1674 704 serpentium
1707 633 1882 701 pessi-

299 741 449 779 mum
481 728 613 780 dit-it
637 741 756 780 esse
802 741 1090 780 venenum.

377 837 396 870 ι
431 815 544 870 Sub
568 817 726 870 labiis
763 832 976 871 eorum.
1009 836 1027 870 ι
1062 818 1173 874 Hoc
1188 830 1292 886 εει,
1333 821 1382 874 in
1411 819 1595 875 corde.

377 928 396 960 ι
434 909 671 974 Quorum
707 924 769 962 os
809 908 1211 966 maledictione.
1247 930 1265 963 ι
1298 911 1414 966 Non
1451 922 1533 966 est
1588 908 1752 964 unius
1784 923 1878 977 ge-

306 1001 455 1056 neris
479 1000 815 1056 maledictio.
851 1001 1125 1070 Quidquid
1160 1003 1306 1058 enim
1323 1003 1462 1058 malo
1490 1010 1617 1057 voto
1643 1000 1872 1064 dicitur,

301 1093 420 1146 siue
452 1092 616 1146 dubio
649 1092 789 1144 mala
823 1093 1054 1146 dicitur.

375 1200 394 1233 ι
434 1181 886 1235 Etamaritudine
922 1183 1142 1254 plenum
1174 1192 1277 1237 est.
1317 1202 1336 1236 ι
1393 1183 1716 1250 Amaritudo
1747 1197 1879 1238 con-

300 1273 469 1328 traria
500 1284 583 1328 est
614 1274 888 1327 dulcedini
945 1276 1236 1328 verborum
1273 1274 1386 1328 Dei.

375 1383 395 1416 ι
439 1363 660 1418 Veloces
709 1366 875 1434 pedes
899 1380 1090 1419 eorum
1123 1365 1187 1420 ad
1216 1363 1601 1420 eﬁ‘undeudum
1649 1369 1878 1438 sangui-

302 1469 449 1511 nem.
488 1474 506 1506 ι
552 1454 679 1508 Sive
717 1455 1034 1523 simpliciter
1077 1457 1376 1511 homicidas
1406 1457 1558 1522 dicit,
1615 1457 1730 1513 sive
1770 1459 1878 1511 'in-

301 1547 631 1601 terticientes
699 1545 909 1600 animas
968 1546 1261 1601 adulando.
1327 1547 1479 1602 Unde
1542 1550 1595 1602 in
1651 1549 1880 1604 Actibus

302 1637 668 1703 apostolorum
715 1637 850 1691 dicit
906 1637 1150 1692 Paulus:
1201 1638 1434 1694 Mundus
1465 1657 1582 1694 sum
1623 1642 1686 1694 ab
1737 1642 1881 1694 omni

300 1728 578 1796 sanguine.
608 1725 730 1782 Non
760 1730 894 1783 enim
915 1729 1229 1799 subterfugi,
1261 1747 1364 1801 quo
1400 1727 1576 1785 minus
1599 1733 1739 1788 vobis
1782 1749 1880 1787 au-

301 1821 605 1873 uuutiarem
631 1837 781 1874 omne
812 1823 1097 1874 consilium
1152 1821 1245 1876 Dei
1271 1823 1409 1888 (Act.
1442 1841 1534 1890 xx,
1559 1823 1652 1889 26,
1685 1825 1802 1895 27).

379 1931 398 1963 ι
443 1913 714 1967 Contritio
743 1925 799 1968 et
829 1913 1126 1970 infelicitas
1161 1917 1213 1968 in
1251 1917 1353 1970 viis
1381 1932 1595 1980 eorum,
1649 1927 1705 1972 et
1734 1918 1878 1973 viam

303 2005 453 2073 pacis
483 2019 590 2058 non
627 2014 1019 2072 cognoverunt.
1051 2024 1070 2058 ι
1107 2005 1484 2060 Conteruntur
1543 2015 1597 2062 et
1629 2007 1880 2065 infelices

306 2097 444 2151 ﬁunt
475 2097 671 2151 animm
703 2099 754 2151 in
809 2098 1076 2153 doctrinis
1133 2112 1346 2163 eorum,
1401 2098 1481 2153 vel
1504 2098 1559 2156 in
1615 2098 1881 2169 exemplis

301 2189 734 2242 conversationis
783 2203 994 2243 eorum.

377 2296 397 2330 ι
429 2278 546 2331 Non
587 2289 667 2333 est
702 2280 861 2333 timor
897 2280 990 2335 Dei
1029 2289 1154 2335 ante
1185 2282 1371 2336 oculos
1404 2297 1617 2337 eorum.
1661 2303 1680 2335 ο
1718 2283 1777 2340 In
1811 2284 1882 2340 ti-

303 2386 458 2424 more
487 2370 582 2425 Dei
608 2373 879 2426 conclusit
903 2388 917 2425 :
943 2372 1100 2450 quisi
1131 2374 1379 2428 timorem
1403 2375 1492 2428 Dei
1526 2389 1740 2442 semper
1758 2387 1884 2430 ante

301 2467 490 2518 oculos
525 2464 869 2533 habuissent,
923 2481 1027 2520 non
1063 2467 1249 2536 utique
1291 2467 1669 2534 deliquissent.
1702 2467 1885 2538 Neque

301 2556 450 2607 enim
485 2553 644 2607 audet
673 2569 888 2620 servus,
924 2555 1153 2610 Domino
1191 2567 1476 2626 praesente,
1506 2572 1751 2627 peccare.

381 2661 399 2694 ι
433 2640 647 2697 Scimus
675 2655 854 2696 autem
880 2647 1133 2714 quoniam
1177 2661 1517 2716 quazcunque
1574 2649 1659 2702 lex
1701 2649 1879 2718 loqui-

306 2746 418 2798 tur,
468 2735 550 2788 his
581 2737 670 2804 qui
705 2737 757 2789 in
793 2740 908 2805 lege
939 2748 1086 2802 sunt,
1111 2738 1376 2807 loquitur.
1418 2757 1437 2790 ι
1490 2739 1570 2795 Ne
1609 2740 1882 2810 dicerent,

303 2825 420 2876 haec
451 2824 503 2876 in
536 2826 742 2892 psalmo
771 2826 838 2880 de
855 2830 1112 2897 gentibus
1153 2830 1322 2896 dicta,
1359 2829 1622 2892 ostendit,
1649 2844 1771 2896 quae
1825 2830 1878 2882 in

302 2917 421 2986 lege
447 2918 589 2974 dicta
626 2929 774 2982 sunt,
809 2920 894 2974 his
930 2923 1020 2990 qui
1059 2923 1114 2975 in
1174 2921 1290 2992 lege
1343 2932 1492 2988 sunt,
1529 2921 1700 2990 loqui.
1730 2920 1887 2986 Qua:-

301 3014 449 3063 ritur
472 3026 600 3065 sane
645 3015 916 3082 quomodo
937 3007 1107 3068 Judaei
1129 3016 1382 3070 dixerunt
1413 3014 1580 3069 Deum
1606 3030 1712 3069 non
1740 3029 1883 3069 esse.

1985 541 2243 606 ebrietas,
2276 549 2332 593 et
2359 549 2556 592 caetera
2587 536 2924 606 huiusmodi.

2059 651 2078 682 ι
2113 629 2267 684 Νιιιιε
2293 640 2473 685 autem
2501 630 2618 684 siue
2650 631 2766 700 lege
2815 628 3023 696 iustitia
3060 627 3152 680 Dei
3195 626 3549 680 manifestata

1983 731 2086 777 est.
2124 741 2147 774 τ»
2187 719 2298 776 Ηοε
2329 731 2432 786 εει,
2489 722 2630 789 quod
2680 721 2813 775 dicit
2844 737 2858 774 :
2885 721 3010 789 quia
3055 719 3287 787 justitia,
3329 733 3448 786 qua!
3503 717 3554 771 iu

1981 811 2202 866 Christo
2253 811 2653 866 manifestanda
2704 820 2843 875 erat,
2881 810 2933 864 in
2986 810 3104 880 lege
3156 808 3388 861 naturali
3449 822 3553 861 non

1983 915 2100 960 erat
2160 907 2397 974 cognita.
2450 906 2784 961 Testimonia
2851 913 3028 959 autem
3098 904 3232 974 legis
3297 901 3467 973 Moysi
3502 910 3560 957 et

1984 998 2368 1064 prophetarum
2409 998 2820 1051 annuutiatione
2855 997 3242 1064 praedicantur.
3269 995 3400 1048 Item
3437 993 3558 1048 sine

1983 1089 2098 1158 lege
2125 1089 2316 1144 litterae
2345 1088 2558 1157 iustitia
2607 1088 2953 1144 manifestata
2983 1108 2997 1144 :
3037 1103 3154 1156 quze
3195 1091 3354 1140 nobis
3385 1085 3555 1152 gratis

1983 1196 2012 1234 a
2041 1178 2153 1233 Deo
2185 1180 2386 1234 donata
2421 1191 2527 1245 est,
2580 1197 2682 1234 non
2737 1192 2921 1234 nostro
2964 1180 3150 1234 labore
3199 1179 3454 1249 quwsita,
3503 1191 3561 1233 et

1984 1272 2225 1340 apertius
2282 1287 2380 1340 per
2436 1273 2683 1339 exempla
2729 1272 2958 1339 Christi,
3015 1270 3355 1325 evidentiora
3409 1280 3560 1340 pate-

1984 1363 2145 1427 facta,
2183 1379 2300 1432 quae
2329 1363 2569 1417 latebant
2595 1365 2646 1417 in
2679 1363 2812 1433 lege.

2063 1471 2083 1506 ι
2121 1454 2432 1508 'I‘estiiicata
2469 1470 2499 1507 a
2531 1455 2650 1520 lege
2694 1465 2748 1509 et
2780 1455 3080 1524 prophetis.
3117 1474 3135 1506 ι
3172 1455 3300 1509 Sive
3343 1453 3556 1523 iustitia

1983 1546 2100 1600 haec
2132 1545 2424 1614 praedicata
2465 1554 2552 1600 est
2587 1561 2616 1598 a
2667 1545 2784 1615 lege
2833 1557 2888 1600 et
2927 1548 3230 1616 prophetis,
3297 1549 3348 1601 in
3381 1547 3559 1600 novis-
3653 1553 3656 1558 '

1984 1639 2140 1695 simis
2174 1640 2514 1709 temporibus
2548 1654 2668 1693 esse
2690 1649 2919 1694 ventura
2947 1657 2961 1693 :
3009 1640 3127 1693 sive
3159 1641 3399 1708 cognitio
3426 1655 3556 1708 pec—

1982 1732 2090 1787 cati
2121 1747 2148 1785 a
2180 1732 2298 1798 lege
2327 1741 2382 1786 et
2417 1732 2696 1802 prophetis
2733 1730 3101 1817 testiinonium
3147 1733 3380 1800 accepit.

1977 1853 2024 1874 ,ν
2059 1842 2078 1875 ι
2119 1823 2337 1878 iustitia
2386 1833 2569 1878 autem
2604 1823 2697 1878 Dei
2731 1839 2827 1890 per
2884 1823 3041 1876 [idem
3069 1821 3195 1883 Jesu
3229 1822 3455 1888 Christi,
3508 1824 3561 1877 in

1983 1932 2174 1972 Omnes
2229 1927 2278 1971 et
2329 1933 2492 1987 super
2557 1932 2771 1982 omnes,
2805 1917 2894 1984 qui
2957 1915 3190 1970 credunt
3237 1917 3290 1969 in
3350 1931 3495 1970 eum.
3539 1932 3561 1966 ι

1986 2007 2222 2073 Iustitia,
2255 2023 2363 2078 qua
2405 2007 2647 2062 creditur
2686 2007 2928 2062 Christo.

2059 2117 2078 2150 ι
2121 2097 2236 2152 Νοιι
2295 2100 2441 2154 enim
2487 2110 2573 2153 est
2627 2098 2924 2154 distinctio.
2959 2116 2977 2150 ι
3034 2097 3182 2154 [nter
3227 2097 3471 2154 Judaeum
3509 2113 3567 2154 et

1983 2193 2250 2248 Grmcum.

2060 2304 2078 2337 ι
2127 2285 2329 2340 Omnes
2388 2289 2532 2342 enim
2593 2297 2995 2356 peccaverunt,
3061 2297 3116 2346 et
3169 2297 3328 2357 egent
3385 2288 3566 2358 gloria

1986 2377 2099 2432 Dei.
2135 2396 2154 2430 ι
2190 2376 2325 2444 Quia
2357 2394 2462 2432 non
2494 2379 2699 2432 habent
2739 2395 2920 2433 suam.

2061 2485 2080 2519 ι
2115 2467 2406 2522 Justillcati
2459 2469 2627 2538 gratis
2682 2483 2779 2537 per
2833 2468 3064 2538 gratiam
3119 2468 3310 2538 ipsius.
3348 2487 3367 2519 ι
3432 2467 3564 2523 Sine

1987 2559 2093 2614 ulla
2120 2575 2342 2628 operum
2373 2561 2584 2615 actione
2616 2575 2709 2628 per
2740 2561 3091 2628 baptismum,
3123 2562 3267 2630 quod
3307 2564 3564 2619 omnibus

1986 2667 2094 2706 non
2121 2652 2456 2707 merentibus
2489 2653 2660 2721 gratis
2691 2662 2914 2721 peccata
2963 2651 3207 2705 donavit.

2063 2762 2082 2796 ι
2125 2741 2228 2799 Per
2260 2744 2711 2812 redemptionem,
2747 2760 2865 2812 qua:
2889 2754 2970 2798 est
3003 2744 3056 2798 in
3098 2743 3317 2799 Christo
3345 2743 3498 2800 Jesu.
3536 2763 3557 2797 ι

1987 2835 2102 2902 Qua
2134 2851 2231 2890 nos
2261 2837 2491 2891 redemit
2540 2837 2803 2903 sanguine
2849 2851 2946 2890 suo
2988 2836 3054 2890 de
3088 2849 3264 2891 morte
3298 2851 3312 2887 :
3353 2836 3437 2891 cui
3471 2851 3566 2904 per

1990 2940 2270 2998 peccatum
2297 2929 2498 2982 venditi
2550 2928 2829 2982 fueramus
2863 2945 2878 2981 :
2908 2928 3204 2982 secundum
3257 2928 3454 2981 lsaiam
3482 2928 3565 2980 die

1989 3032 2201 3076 centeni
2235 3038 2250 3074 :
2287 3019 2530 3074 Peccatis
2581 3020 2762 3073 uestris
2805 3020 3096 3073 venundati
3133 3022 3254 3074 estis
3288 3019 3428 3087 (Isa.
3464 3035 3562 3084 LII,

301 3103 418 3155 Non
460 3104 643 3174 utique
691 3107 856 3160 verbo
889 3107 1166 3171 dixerunt,
1199 3107 1295 3162 sed
1357 3122 1538 3176 opere.
1581 3107 1716 3161 Nam
1751 3123 1872 3162 con-
1905 3130 1950 3187 ο
1988 3113 2065 3184 5).
2102 3112 2277 3179 Quam
2334 3122 2562 3167 mortem
2600 3113 2858 3167 Christus
2910 3112 3039 3164 vicit
3092 3113 3220 3180 quia
3276 3125 3382 3163 non
3440 3125 3566 3175 μεθ’

299 3195 530 3250 ﬁtentur
551 3195 764 3265 quidem
783 3211 842 3251 se
861 3213 1040 3263 nosse,
1075 3199 1228 3252 factis
1251 3209 1430 3252 autem
1458 3199 1815 3268 negantHTit.
1845 3216 1886 3262 ι,

305 3289 416 3355 16).
459 3288 600 3354 Ergo
632 3299 822 3357 gentes
847 3290 932 3344 hic
965 3305 1066 3342 non
1102 3290 1335 3359 appellat
1368 3292 1498 3362 :qui
1529 3291 1638 3362 jam
1681 3292 1746 3346 de
1781 3292 1885 3348 illis

303 3381 434 3433 talia
463 3381 672 3434 dixerat
707 3384 759 3434 in
795 3384 1011 3451 prOpria
1046 3399 1233 3438 eausa.

381 3489 399 3522 ι
438 3469 504 3525 Ut
537 3487 698 3525 omne
733 3490 795 3526 os
823 3475 1160 3530 obstruatur.
1195 3492 1215 3524 ι
1259 3473 1374 3528 Νοιι
1411 3473 1584 3530 εοΙιιιιι
1617 3475 1884 3545 gentium,

301 3565 398 3618 sed
428 3566 596 3618 etiam
638 3564 974 3633 Iudaeorum,
1033 3571 1161 3643 dum
1191 3583 1295 3622 non
1355 3568 1555 3622 habent
1603 3569 1746 3622 unde
1773 3569 1884 3637 glo-

307 3658 435 3712 riari
474 3662 686 3728 possint

380 3770 400 3804 ι
426 3751 495 3806 Ει
540 3754 790 3808 subditus
819 3754 914 3808 ﬂat
941 3753 1119 3808 oumis
1149 3753 1387 3809 mundus
1427 3753 1561 3809 Deo.
1603 3770 1622 3804 ι
1649 3751 1709 3808 In
1747 3769 1882 3810 cou-

305 3843 545 3900 Iessioue
569 3847 798 3915 peccati.

382 3955 401 3989 ι
437 3939 572 4005 Quia
599 3953 664 3991 ex
684 3939 938 4007 operibus
969 3937 1102 4008 legis
1130 3953 1242 3992 non
1278 3933 1674 4016 justitieabitur
1707 3937 1886 3992 omnis

307 4047 434 4087 caro
451 4047 634 4088 coram
661 4033 773 4088 illo.
805 4051 823 4082 ι
855 4031 1010 4086 Modo
1036 4048 1141 4084 non
1170 4030 1526 4096 justilicatur.
1555 4029 1684 4085 Sive
1713 4046 1920 4111 opera.

307 4124 462 4194 legis,
503 4124 972 4179 circumcisionem
999 4125 1150 4186 dicit,
1203 4123 1511 4189 sabbatum,
1553 4133 1608 4177 et
1658 4133 1883 4178 caeteras

306 4218 686 4280 caeremonias,
741 4230 862 4284 quae
894 4232 998 4271 nou
1027 4225 1134 4268 tam
1179 4214 1560 4279 adjustitiaui,
1591 4229 1754 4283 quam
1815 4215 1882 4268 ad

304 4311 487 4364 carnis
551 4307 790 4361 laetitiam
847 4305 1217 4376 pertinebant.
1277 4307 1410 4362 ltem
1451 4322 1555 4360 non
1600 4307 1883 4360 contraria

305 4402 404 4454 sibi
433 4399 568 4455 dicit
619 4399 932 4467 Apostolus,
1001 4399 1252 4466 superius
1298 4399 1483 4451 dicens
1519 4395 1666 4462 :Qui
1713 4408 1884 4451 osten-

1991 3207 2154 3260 cavit.
2203 3204 2405 3258 Omnes
2456 3215 2638 3257 autem
2695 3206 2771 3258 rei
2825 3218 3044 3258 eramus
3082 3202 3273 3255 mortis
3319 3203 3458 3255 :cui
3506 3218 3568 3257 se

1991 3295 2076 3350 ille
2107 3295 2346 3348 iudebite
2399 3293 2643 3358 tradidit,
2701 3303 2759 3347 ut
2814 3308 2912 3348 nos
2957 3306 3055 3347 suo
3102 3293 3363 3362 sanguine
3425 3293 3567 3346 redi-

1989 3396 2181 3438 meret.
2215 3382 2367 3438 Unde
2411 3384 2671 3454 propheta
2718 3384 3044 3452 praedixerat
3091 3399 3106 3437 :
3151 3380 3332 3436 Gratis
3380 3397 3568 3435 venun-

1987 3477 2101 3530 dati
2127 3477 2272 3540 estis,
2321 3485 2368 3529 et
2400 3476 2514 3530 sine
2563 3477 2786 3544 pecunia
2821 3475 3153 3530 redimemini
3198 3473 3412 3545 (Ibid.).
3454 3472 3567 3527 Hoc

1987 3576 2090 3631 est,
2125 3569 2249 3637 quia
2280 3567 2413 3620 nihil
2439 3583 2536 3636 pro
2570 3569 2722 3621 vobis
2770 3569 3086 3636 accepistis,
3119 3577 3172 3620 et
3201 3565 3405 3622 Christi
3434 3565 3566 3618 estis

1987 3661 2252 3728 sanguine
2303 3659 2628 3714 redimendi.
2669 3658 2840 3713 Simul
2897 3661 3029 3714 illud
3085 3659 3400 3720 rimandum,
3440 3658 3566 3726 quia

1987 3745 2218 3799 redemit
2267 3762 2386 3812 nos,
2418 3764 2522 3800 nou
2581 3747 2759 3802 emit:
2796 3747 2920 3814 quia
2983 3757 3113 3802 ante
3165 3761 3258 3814 per
3305 3755 3562 3799 natumut

1988 3834 2160 3904 ipsius
2191 3838 2493 3902 fueramus,
2526 3837 2650 3892 licet
2695 3839 2868 3892 simus
2896 3838 3100 3892 nostris
3147 3839 3214 3891 ab
3244 3852 3308 3892 eo
3341 3837 3564 3890 alienati

1982 3927 2224 3982 delictis.
2254 3927 2294 3980 Τ
2304 3944 2408 3981 une
2433 3944 2563 3982 sane
2596 3931 2872 3984 fructuosa
2906 3931 3010 3984 erit
3035 3929 3331 3998 redemptio
3355 3937 3563 3993 nostra,

1986 4019 2034 4072 si
2064 4034 2296 4085 peccare
2326 4033 2624 4074 cessemus.

2064 4130 2082 4163 ι
2125 4113 2296 4178 Quem
2363 4113 2643 4183 proposuit
2696 4111 2860 4167 Deus.
2902 4129 2921 4164 ι
2975 4113 3036 4166 In
3091 4120 3350 4181 promptu
3437 4118 3566 4164 ante

1986 4205 2174 4258 oculos
2223 4205 2464 4262 omnium
2519 4207 2747 4275 posuit:
2793 4215 2851 4260 ut
2889 4205 2980 4274 qui
3038 4204 3232 4259 redimi
3283 4204 3418 4267 vult,
3470 4217 3566 4257 ac-

1985 4298 2163 4352 cedaL

2062 4408 2081 4442 ι
2121 4389 2536 4458 PrOpi.iatorem
2569 4403 2666 4456 per
2699 4387 2856 4442 [idem
2890 4388 2942 4442 in
2979 4389 3241 4458 sanguine
3269 4388 3460 4457 ipsius,
3495 4386 3566 4442 ad

304 4495 435 4548 dunt
468 4510 597 4562 opus
627 4495 754 4564 legis
783 4494 836 4546 in
899 4492 1143 4546 cordibus
1181 4491 1293 4544 suis
1337 4489 1508 4560 (Rom.
1556 4505 1618 4557 ιι,
1652 4491 1765 4560 15).
1817 4489 1882 4544 Ει
1917 4493 1958 4548 D
1985 4483 2352 4538 ostensionem
2380 4481 2609 4549 justitia:
2639 4495 2770 4533 suae.
2808 4497 2826 4530 ι
2864 4477 2933 4533 Ut
2974 4479 3307 4550 propitietur
3331 4480 3432 4545 eis,
3467 4481 3561 4548 qui

306 4603 450 4642 nunc
478 4587 632 4649 dicit,
666 4601 732 4640 ex
761 4586 1012 4654 operibus
1046 4586 1180 4655 legis
1211 4603 1317 4640 non
1337 4585 1628 4656 justiticari
1660 4601 1880 4642 omnem

303 4694 548 4732 carnem.
586 4675 819 4731 Carnem
855 4687 1097 4741 accusat,
1155 4680 1307 4744 cujus
1375 4678 1712 4747 providentia
1777 4678 1878 4747 legi

306 4771 396 4825 Dei
424 4771 701 4838 subjicere
737 4785 839 4824 non
866 4779 1061 4838 potest.
1095 4770 1204 4823 Lex
1245 4771 1386 4824 enim
1414 4771 1704 4824 ostendere
1725 4770 1882 4823 novit

302 4875 617 4930 peccatum,
669 4875 776 4914 non
846 4873 1026 4915 tamen
1080 4865 1339 4924 ostendit,
1395 4860 1630 4928 qualiter
1686 4859 1904 4917 debeat

301 4953 585 5008 observari
618 4970 632 5017 ;
667 4959 722 5005 et
755 4954 952 5007 iterum
989 4953 1182 5022 punire
1209 4953 1396 5015 noxia,
1433 4967 1538 5004 nou
1593 4952 1742 5004 dans
1790 4964 1884 5004 ve-

301 5047 448 5099 niam
523 5044 854 5115 pceuitenti;
917 5044 1169 5098 Christus
1237 5055 1419 5097 autem
1499 5041 1881 5098 remissionem

301 5148 651 5206 peccatorum
687 5141 853 5191 donat
883 5136 1255 5199 credentibus,
1306 5145 1360 5190 et
1393 5135 1549 5189 docet
1594 5134 1882 5204 quomodo

301 5233 539 5282 debeant
567 5229 748 5282 carnis
794 5227 920 5280 viti-t
975 5227 1154 5293 vitari,
1190 5235 1353 5294 atque
1399 5226 1693 5296 prudentia
1727 5240 1880 5281 rese-

299 5338 360 5376 ea
373 5323 437 5376 ri.

379 5434 398 5467 ι
425 5414 531 5467 Ρει·
564 5414 735 5483 legem
766 5413 908 5468 enim
938 5413 1170 5483 cognitio
1208 5413 1444 5480 peccati.
1479 5431 1495 5464 ι
1529 5410 1647 5466 Non
1688 5410 1884 5468 remis-

300 5511 384 5563 sio
404 5518 489 5559 est
526 5506 758 5575 peccati,
785 5507 878 5561 sed
916 5505 1174 5576 cognitio.
1214 5503 1342 5558 Ideo
1368 5505 1512 5558 enim
1569 5519 1662 5574 per
1703 5505 1880 5574 legem

297 5600 433 5668 quid
492 5599 566 5652 sit
595 5607 899 5666 peccatum,
938 5597 1258 5666 agnoscitur
1291 5609 1306 5650 :
1340 5597 1467 5664 quia
1505 5605 1600 5650 aut
1635 5594 1692 5650 in
1743 5595 1881 5649 oblio

303 5693 464 5744 vioue
503 5701 622 5743 erat
669 5689 756 5744 lex
807 5700 1034 5757 naturae,
1089 5700 1186 5744 aut
1241 5699 1367 5743 ante
1426 5689 1600 5758 legem
1663 5688 1880 5756 litterae,

289 5785 510 5839 ιινιοτει
543 5797 772 5851 quaque
801 5797 904 5838 non
934 5781 1402 5850 cognoscebantur
1465 5795 1586 5838 esse
1626 5790 1877 5852 peccata,

1985 4577 2218 4630 credunt
2248 4588 2308 4628 se
2349 4574 2465 4641 ejus
2497 4571 2763 4641 sanguine
2810 4570 3143 4626 liberandos.
3557 4623 3564 4633 ,

2051 4685 2079 4722 ,ι
2126 4665 2355 4734 Propter
2405 4665 2781 4719 remissionem
2852 4664 3276 4733 praecedentium
3337 4663 3563 4719 delicto-

1987 4775 2126 4816 rum.
2169 4777 2186 4810 ›
2231 4758 2521 4828 PrOpterea
2557 4772 2749 4824 passus
2782 4768 2868 4812 est
2915 4756 3191 4822 Christus,
3227 4759 3564 4826 utvproposi-

1989 4864 2100 4907 tum
2140 4851 2234 4906 Dei
2275 4853 2513 4916 sedaret,
2569 4864 2679 4919 quo
2735 4850 2952 4905 tandem
3007 4850 3200 4919 punire
3249 4851 3564 4904 decreverat

1986 4957 2324 5015 peccatores.

2063 5058 2081 5092 ι
2122 5039 2177 5093 ln
2212 5039 2613 5094 sustentatione
2666 5037 2781 5103 Dei,
2822 5039 2891 5094 ad
2922 5040 3291 5094 ostensionem
3333 5035 3563 5105 justitiae

1985 5131 2103 5200 ejus
2129 5131 2182 5183 in
2207 5131 2307 5188 hoc
2330 5140 2590 5199 tempore.
2621 5149 2642 5182 ι
2672 5127 2804 5185 Vult
2832 5129 3120 5185 ostendere
3145 5129 3311 5182 Deum
3339 5128 3558 5198 q-.idcnt

1988 5225 2053 5280 ad
2081 5225 2182 5279 hoc
2213 5236 2580 5294 exspectasse,
2616 5235 2674 5280 ut
2726 5227 2944 5280 tandem
2995 5240 3053 5280 se
3087 5229 3428 5292 corrigereut
3459 5226 3556 5277 de-

1987 5319 2322 5387 linquentes;
2356 5318 2480 5374 illos
2515 5333 2640 5373 vero
2695 5319 2836 5373 male
2883 5334 3009 5372 usos
3039 5318 3302 5385 patientia
3357 5318 3472 5380 Dei,
3511 5317 3563 5370 iu

1975 5413 2194 5481 .majora
2249 5412 2532 5481 prolapsos
2585 5427 2706 5465 esse
2739 5420 2985 5481 peccata.
3019 5410 3172 5464 Unde
3222 5406 3439 5465 Jobille
3482 5410 3570 5477 ju-

1987 5505 2268 5560 stissimus
2305 5519 2404 5557 suo
2453 5515 2696 5571 tempore
2735 5501 2811 5555 ait
2860 5503 2924 5554 de
2957 5513 3248 5570 peccatore
3289 5517 3302 5553 :
3345 5499 3495 5552 Dedit
3523 5502 3574 5554 ei

1985 5597 2132 5651 Deus
2176 5596 2346 5650 locum
2384 5596 2706 5664 pauitantia:
2734 5609 2752 5646 :
2781 5602 2830 5647 et
2876 5593 2966 5647 ille
3015 5595 3257 5646 abutitur
3305 5612 3365 5648 eo
3399 5597 3452 5648 in
3479 5611 3572 5647 su-

1986 5687 2171 5759 perbia
2202 5687 2346 5758 (Job,
2398 5704 2548 5751 xxw,
2581 5687 2695 5755 ιὶξὸ).

2065 5798 2083 5832 ι
2129 5779 2198 5833 Ut
2245 5779 2316 5836 sit
2368 5780 2483 5850 ipse
2528 5780 2734 5850 justus,
2769 5788 2820 5834 et
2868 5778 3174 5851 justiﬁeans
3199 5792 3346 5846 cum,
3389 5777 3481 5848 qui
3510 5791 3580 5832 ex
