3934 6200
348 276 460 338 687

1300 279 1363 338 S.
1406 275 1848 338 HIERONYMI
1891 273 2211 336 OPERUM
2253 274 2646 340 MANTISSA.
3295 322 3324 338 -

3510 276 3616 343 688

357 396 460 447 ﬁde
498 403 580 447 est
617 390 742 447 Jesu
773 390 994 446 Christi.
1044 408 1060 440 ι
1103 390 1202 456 Οιιὶ
1231 391 1382 445 solus
1435 391 1689 443 inventus
1733 398 1837 452 est,
1870 397 1925 442 et
1955 399 1998 454 Α
2031 390 2199 444 hibet.
2235 391 2532 457 Abraham,
2566 406 2676 446 non
2715 405 2780 448 ex
2815 391 3080 463 operibus
3105 390 3264 464 legis,
3288 391 3383 448 sed
3411 407 3478 447 ex
3513 394 3616 448 ﬁde

353 501 512 552 quem
544 481 1060 554 ipsejustiﬁcaverit
1103 500 1116 536 :
1156 499 1262 537 non
1306 498 1371 537 ex
1419 481 1704 552 operibus,
1732 481 1827 535 sed
1855 494 1921 535 ex

340 579 482 633 -ﬁde.

423 688 449 721 .ι
490 668 594 724 Ubi
624 674 705 721 est
737 681 868 736 ergo
898 665 1149 736 gloriatio
1184 664 1317 719 tua?
1354 661 1589 718 Exclusa
1642 670 1746 718 est.
1786 681 1805 713 ›
1846 661 1924 714 Ad

353 761 593 816 Judaeum
614 759 851 827 loquitur
876 776 890 812 :
917 773 984 812 ne
1006 757 1258 828 glorieris
1287 767 1339 810 te
1369 755 1627 825 operibus
1657 753 1926 808 meruisse

347 849 639 916 justitiam.
671 849 803 902 Item
841 849 1200 916 interrogatio
1244 845 1417 901 Judaei
1460 855 1562 902 est.
1598 845 1662 898 Et
1701 859 1928 913 respon—

282 981 299 1009 λ
354 947 511 996 ιΙυιιιι·
543 942 608 996 ab
644 941 899 1011 Apostolo
937 959 950 996 :
987 939 1215 993 Est-lusa
1243 948 1346 993 est.
1397 937 1550 1004 Item,
1599 935 1816 992 Judaeus
1848 937 1932 989 iu-

353 1045 618 1102 terrogat.

435 1144 453 1178 ι
485 1129 589 1180 Per
619 1142 782 1195 quam
815 1125 1033 1195 legem?
1065 1123 1397 1178 Factorum?
1426 1142 1446 1176 ο
1484 1122 1538 1176 ld
1565 1132 1668 1186 est,
1713 1137 1810 1192 per
1839 1135 1936 1175 na-

358 1218 608 1273 turalem.
635 1218 812 1287 Opera
845 1218 980 1288 legis
1019 1217 1344 1270 refelluntur
1379 1216 1444 1267 ab
1477 1215 1759 1282 Apostolo.

442 1328 463 1362 ι
500 1309 641 1365 Νοιι.
679 1308 784 1362 Sed
816 1325 912 1379 per
945 1309 1114 1377 lcgcm
1149 1307 1296 1361 ﬁdei.
1327 1326 1343 1356 ο
1379 1305 1482 1359 Per
1525 1320 1687 1374 quam
1728 1303 1937 1373 legem?

355 1401 695 1458 Factorum?
741 1399 881 1467 Non,
924 1399 1270 1461 subauditur,
1308 1408 1390 1451 est
1418 1415 1432 1453 :
1465 1398 1561 1449 sed
1617 1411 1712 1466 per
1764 1396 1936 1464 legem

358 1491 513 1546 ﬁdei.
581 1492 779 1560 Legem
837 1491 970 1546 dicit
1029 1500 1231 1543 statum
1283 1488 1407 1542 ﬁdei
1466 1487 1780 1552 terminum,
1838 1487 1940 1540 hoc

321 1617 326 1622 -
359 1592 466 1644 est,
495 1581 704 1636 Novum
736 1581 1162 1635 Testamentum.

437 1692 458 1726 ι
480 1674 842 1728 "Arbitrantur
865 1672 1008 1725 enim
1037 1672 1325 1740 jnstiﬁcari
1355 1671 1625 1725 hominem
1657 1683 1756 1740 per
1782 1667 1939 1723 ﬁdem

359 1765 480 1819 sine
511 1765 772 1834 operibus
805 1764 957 1830 legis.
997 1781 1014 1813 ι
1052 1761 1200 1816 Certi
1239 1777 1450 1826 sumus,
1489 1761 1573 1814 vel
1606 1759 1936 1830 iudicamus.
1970 1741 2013 1799 Β

360 1857 677 1911 Abutuutur
733 1856 953 1924 quidam
1008 1857 1110 1909 hoc
1185 1855 1304 1909 loco
1379 1855 1445 1908 ad
1506 1853 1936 1908 destructionem

361 1947 859 2018 operumjustitiae,
893 1945 1063 2002 solam
1115 1945 1271 1999 ﬁdem
1317 1959 1478 2014 posse
1509 1944 1758 2000 sufficere
1794 1943 1940 1996 aﬁir-

362 2047 586 2092 niantcs
637 2053 650 2089 :
705 2050 825 2090 cum
885 2044 1065 2088 tamen
1124 2033 1250 2088 alibi
1308 2034 1455 2088 dicat
1510 2035 1800 2104 Apostolus
1833 2049 1848 2086 :
1881 2031 1940 2088 Si

361 2130 598 2182 habuero
629 2143 836 2180 omnem
871 2125 1050 2194 ﬁdem,
1082 2125 1158 2177 ita
1196 2133 1249 2176 ut
1312 2134 1515 2176 montes
1573 2125 1894 2192 transferam
1921 2163 1937 2188 ,

367 2222 679 2273 rharitatem
729 2222 906 2267 autem
963 2229 1062 2265 non
1099 2212 1342 2272 habeam,
1388 2209 1519 2264 nihil
1547 2208 1677 2262 mihi
1731 2209 1942 2275 prodest

366 2313 415 2383 (1
448 2311 571 2366 Cor.
605 2325 722 2363 xm.
756 2308 902 2368 1-6).
936 2306 992 2359 ln
1027 2321 1129 2374 qua
1175 2303 1470 2364 cbaritate,
1503 2301 1611 2356 alio
1641 2301 1764 2355 loco
1809 2301 1942 2368 legis

363 2401 563 2456 asserit
617 2397 1008 2468 plenitudinem
1054 2392 1356 2457 contineri,
1392 2391 1580 2445 dicens
1613 2406 1626 2443 :
1655 2387 1940 2442 Plenitudo

362 2494 492 2565 legis
516 2499 594 2544 est
623 2490 861 2543 charitas
882 2485 1062 2556 (Rom.
1084 2484 1328 2548 3111,10).
1355 2482 1512 2548 Quod
1543 2481 1587 2535 si
1621 2480 1736 2534 hac
1752 2493 1940 2533 eorum

353 2584 552 2640 sensui
573 2583 827 2635 videntur
853 2592 972 2633 esse
997 2577 1266 2631 contraria
1291 2592 1303 2628 :
1331 2589 1448 2629 sme
1471 2573 1666 2642 quibus
1689 2576 1942 2640 cperibus

363 2677 500 2736 legis
521 2671 810 2741 Apostolus
828 2666 1115 2738 justiﬁcari
1140 2666 1409 2719 hominem
1435 2678 1530 2733 per
1556 2663 1712 2716 ﬁdem
1737 2661 1944 2714 dixisse

352 2764 671 2820 credendus
709 2770 813 2822 est,
845 2759 1052 2813 scilicet
1101 2754 1562 2821 circumcisionis,
1583 2753 1665 2806 vel
1697 2751 1942 2812 Sabbati,

349 2871 423 2909 ,ει
475 2863 796 2908 caeterorum
854 2847 1168 2916 huiusmodi
1219 2864 1234 2902 :
1286 2860 1394 2898 non
1459 2843 1668 2910 absque
1714 2839 1943 2910 iustitiae

365 2949 644 3019 operibus,
672 2946 738 2999 de
767 2945 963 3013 quibus
1014 2942 1207 2995 beatus
1256 2936 1502 2994 Iacobus
1551 2933 1683 2988 dicit
1724 2951 1737 2987 :
1783 2929 1945 2986 Fides

365 3043 476 3094 sine
503 3037 744 3106 operibus
801 3043 1010 3087 mortua
1069 3039 1147 3084 est
1183 3029 1321 3100 (Jac.
1366 3044 1430 3092 tl,
1461 3025 1588 3096 20);
1625 3025 1711 3080 hic
1760 3035 1942 3078 autem

369 3137 434 3186 de
469 3133 558 3186 illo
602 3130 754 3191 dicit,
795 3127 884 3196 qui
918 3127 984 3179 ad
1035 3123 1319 3178 Christum
1378 3119 1604 3173 veniens
1652 3115 1789 3180 sola,
1822 3129 1943 3168 cum

368 3227 600 3294 primum
625 3222 818 3282 credit,
853 3219 960 3272 ﬁde
987 3217 1252 3270 salvatur.
1286 3213 1552 3267 Addendo
1587 3218 1789 3272 autem,
1816 3219 1946 3276 ope-

345 3317 520 3370 ribus
553 3315 704 3380 legis,
732 3311 972 3365 ostendit
1007 3321 1130 3362 esse
1161 3306 1326 3361 etiam
1355 3304 1544 3374 gratia:
1575 3315 1766 3370 opera.

445 3428 464 3459 ι
499 3410 579 3461 An
636 3404 944 3460 .ludaeoruin
987 3399 1134 3453 Deus
1189 3393 1435 3450 tantum?
1485 3391 1674 3446 Nonne
1706 3401 1761 3446 et
1819 3404 1949 3459 gen-

347 3500 551 3554 tium?
588 3517 608 3550 ι
650 3495 906 3565 Nunquid
961 3491 1176 3546 Judaos
1207 3488 1353 3542 solos
1396 3484 1540 3540 Deus
1567 3484 1796 3548 creavit,
1857 3489 1949 3535 aut

373 3594 442 3647 de
474 3592 581 3646 illis
630 3590 762 3645 solis
797 3602 990 3642 curam
1015 3582 1196 3654 gerit?
1229 3580 1366 3635 Nam
1413 3588 1468 3633 et
1520 3588 1712 3644 gentes
1744 3587 1945 3643 pecca-

355 3695 586 3749 verunt,
617 3694 672 3738 et
707 3696 830 3747 vos;
863 3678 991 3734 etsi
1054 3690 1150 3729 vos
1207 3668 1613 3734 convertimini,
1667 3676 1722 3721 et
1754 3666 1850 3720 illi.
1889 3663 1944 3718 Si

369 3780 526 3834 vobis
563 3778 707 3830 venit
755 3765 1007 3830 Christus
1055 3783 1120 3824 ex
1169 3767 1288 3838 lege
1337 3763 1656 3836 promissus,
1715 3770 1770 3813 et
1819 3759 1946 3812 illis.

320 3920 329 3930 .
367 3873 504 3929 Nam
539 3880 592 3926 et
629 3869 945 3938 frequenter
991 3863 1272 3934 propheta:
1308 3859 1473 3914 etiam
1514 3857 1582 3911 de
1633 3853 1944 3910 inda-orum

373 3964 654 4018 vocatione
684 3964 957 4015 dixeruut.

436 4076 464 4108 .i
514 4057 626 4110 lino
652 4064 704 4108 et
732 4051 997 4122 gentium.
1032 4066 1053 4101 ι
1091 4046 1327 4102 Pulchre
1362 4041 1581 4098 modum
1621 4037 1857 4094 servavit
1890 4038 1946 4092 in

369 4148 571 4202 verbis.
632 4147 747 4197 lino
803 4144 939 4197 dixit
975 4159 990 4198 :
1030 4150 1092 4194 ut
1137 4137 1458 4193 ostenderet
1515 4132 1686 4200 magis
1739 4140 1947 4200 gentes,

370 4237 614 4307 quamvis
667 4231 777 4287 non
822 4243 978 4287 erant
1033 4228 1374 4284 circumcisi.
1409 4225 1474 4280 Et
1505 4225 1784 4279 Abraham
1819 4233 1944 4276 ante

372 4327 846 4383 circumcisioncm
902 4326 1103 4394 justus.
1162 4323 1229 4376 Et
1278 4320 1457 4375 reddit
1516 4317 1812 4382 rationem,
1881 4331 1950 4370 ne

369 4421 396 4476 J
410 4424 589 4476 udaaos
623 4419 908 4474 cxeludere
941 4417 1242 4471 videretur.

449 4533 468 4564 ι
502 4512 767 4579 Quoniam
793 4510 1010 4578 quidem
1035 4522 1178 4562 unus
1203 4504 1473 4569 est'Deus,
1492 4502 1586 4573 qui
1612 4499 1896 4572 justiﬁeat.
1927 4518 1945 4552 ι

377 4607 608 4676 Utrique
638 4607 728 4658 nui
758 4605 892 4670 Deo,
919 4613 971 4657 et
1000 4602 1088 4655 uni
1121 4599 1340 4656 Christo
1374 4597 1704 4652 credidistis.

453 4719 470 4749 ι
509 4698 994 4754 Circnnitis‘mnem
1056 4709 1120 4747 ex
1189 4691 1316 4756 ﬁde,
1372 4702 1426 4745 et
1490 4689 1814 4758 praeputium
1859 4702 1955 4756 per

375 4795 557 4848 ﬁdem.
602 4809 620 4841 ι
668 4789 848 4858 lpsuin
881 4796 965 4840 est
995 4800 1058 4839 ex
1085 4785 1190 4838 ﬁde
1223 4792 1277 4838 et
1312 4797 1409 4850 per
1460 4779 1616 4836 ﬁdem
1645 4797 1660 4836 :
1698 4780 1792 4834 sed
1821 4796 1954 4834 usus

378 4887 793 4953 ’Scripturarum
828 4880 916 4933 ltic
942 4887 1046 4942 est,
1094 4885 1153 4930 ut
1179 4877 1233 4929 in
1282 4875 1473 4930 iisdem
1520 4875 1699 4928 causis
1729 4875 1955 4928 tnalleut

380 4990 612 5037 minare,
646 4987 806 5042 quam
853 4980 1100 5038 repetere
1164 4979 1522 5019 sermonem:
1566 4967 1710 5019 sicut
1763 4965 1817 5018 in
1855 4964 1954 5016 Da-

379 5067 520 5122 niele
548 5069 808 5132 scriptum
837 5071 921 5116 est
953 5078 968 5114 :
1001 5058 1232 5127 Propter
1250 5059 1520 5112 Abraham
1545 5073 1752 5109 servum
1777 5069 1950 5122 tuum,

377 5170 427 5215 et
457 5159 615 5213 Isaac
659 5158 909 5210 dilectum
984 5165 1154 5215 tuum,
1204 5161 1253 5204 et
1307 5149 1749 5205 lsraelsanctum
1801 5157 1954 5202 tuum

381 5250 544 5320 (.Dan.
577 5265 660 5313 iii,
693 5248 808 5316 35).

457 5361 475 5394 ι
513 5340 711 5411 Legem
742 5353 872 5409 ergo
906 5338 1236 5393 destrnimus
1270 5351 1366 5405 per
1395 5333 1596 5390 ﬁdem?
1625 5332 1815 5387 Absit!
1859 5335 1955 5389 sed

368 5435 552 5505 .legem
609 5435 916 5484 statuimus.
949 5449 967 5481 ι
1015 5429 1133 5485 Non
1187 5428 1460 5482 contraria
1519 5427 1622 5480 sibi
1656 5426 1956 5494 Apostolus

381 5525 534 5586 dicit,
555 5526 814 5592 superius
854 5538 1103 5577 asserens
1136 5520 1412 5575 exclusam
1443 5532 1566 5574 esse
1597 5519 1870 5584 umbram,
1904 5528 1957 5574 et

381 5627 564 5687 typum
587 5617 726 5686 legis
765 5616 1028 5686 praesenti
1074 5615 1302 5670 veritate
1336 5629 1351 5665 :
1389 5627 1536 5666 nunc
1560 5621 1759 5665 autem
1794 5612 1958 5667 inlcrt

385 5708 688 5777 approbare
719 5722 778 5763 se
811 5707 1007 5776 legem,
1041 5707 1227 5778 inquo
1270 5704 1386 5774 ipse
1416 5703 1790 5760 testiinonium
1831 5720 1954 5775 pcr-

2021 481 2350 548 jnstiﬁcatus
2378 494 2482 539 est.
2522 482 2681 546 item,
2729 485 2900 556 legem
2937 498 3090 556 ergo,
3129 499 3249 554 quas
3295 486 3616 547 circumcidi

2026 574 2290 642 praecipit,
2325 573 2653 644 Superﬁuam
2681 575 3018 646 iudicamus.
3077 577 3233 631 Absit
3263 577 3276 630 l
3332 575 3444 629 lmo
3470 587 3618 631 stare

2030 664 2314 729 faciamus,
2349 665 2472 719 dum
2518 667 2824 734 probamus
2855 681 3045 722 verum
3078 681 3221 732 esse,
3252 667 3394 736 quod
3427 667 3564 719 dixit
3596 682 3613 720 :

2033 755 2200 824 legem
2224 755 2346 826 legi.
2369 765 2745 811 testamentum
2767 767 3122 825 testamento,
3148 758 3618 813 circumcisionem

2027 849 2437 902 "circunicisioni
2469 864 2873 906 successuram.

2647 1005 2881 1062 CAPUT
2919 1005 3012 1062 IV.

2113 1137 2132 1170 ι
2172 1118 2312 1185 Quid
2343 1135 2470 1190 ergo
2499 1119 2748 1176 dicemus
2783 1122 3061 1178 invenisse
3099 1122 3397 1176 Abraham.
3444 1140 3464 1174 ι
3511 1121 3622 1176 Re-

2035 1213 2249 1264 vocavit
2299 1211 2419 1266 illos
2481 1212 2548 1266 ad
2599 1223 2765 1281 caput
2815 1213 3266 1280 circumcisionis,
3357 1223 3417 1267 ut
3474 1212 3621 1284 quod

2040 1300 2197 1356 initio
2221 1305 2586 1367 constituerit,
2629 1305 2953 1359 adhibeatur
2987 1307 3038 1359 in
3080 1313 3216 1360 toto.

2116 1410 2136 1444 ς
2179 1393 2394 1448 Patrem
2429 1407 2696 1452 nostrum.
2738 1414 2756 1447 ›
2813 1394 3028 1450 Patrem
3072 1396 3373 1450 secundum
3433 1396 3622 1450 carnis

2040 1485 2535 1541 circumcisionem.
2565 1487 2702 1541 Nam
2739 1487 2870 1542 ﬁdes
2911 1488 2964 1540 in
3014 1498 3198 1542 mente
3234 1487 3510 1542 consistit.

2118 1595 2138 1627 ι
2183 1577 2492 1630 Secundum
2541 1592 2785 1632 carnem.
2825 1595 2844 1629 ι
2905 1576 3105 1633 Dicens
3158 1578 3453 1632 secundum
3500 1592 3625 1631 car-

2047 1683 2192 1729 nem.
2234 1670 2474 1724 ostendit
2501 1670 2781 1724 traducem
2811 1672 3000 1724 carnis
3039 1685 3180 1734 esse,
3213 1687 3316 1726 non
3344 1671 3562 1727 animae.

2118 1779 2138 1812 ι
2179 1759 2236 1815 Si
2271 1763 2414 1816 enim
2456 1760 2730 1818 Abraham
2756 1777 2820 1817 ex
2854 1763 3108 1832 Operibns
3135 1762 3265 1833 legis
3287 1763 3625 1829 iustificata:

2041 1859 2146 1906 est.
2192 1870 2210 1904 ι
2253 1841 2310 1906 Si
2337 1868 2401 1907 ex
2433 1867 2520 1917 eo,
2549 1853 2696 1923 quod
2756 1867 2815 1908 se
2871 1853 3236 1918 circumcidit,
3291 1854 3625 1923 iustiﬁcatus

2041 1943 2296 2006 est,nih?l
2317 1943 2392 1997 illi
2429 1945 2566 1998 Deus
2585 1944 2829 2011 donavit,
2849 1944 2945 1999 sed
2980 1960 3045 2000 ex
3066 1960 3127 1999 se
3151 1944 3338 1998 habuit
3365 1945 3621 2015 gloriam.

2042 2032 2217 2085 Aliter
2250 2050 2265 2086 :
2306 2032 2360 2086 Si
2390 2037 2546 2100 Jussa
2579 2035 2827 2102 perfecit,
2861 2036 3001 2105 apud
3060 2035 3409 2105 semetipsum
3461 2035 3628 2090 habet

2045 2127 2306 2197 gloriam,
2341 2143 2444 2181 non
2483 2128 2620 2196 apud
2662 2129 2850 2184 Deum.

2121 2235 2139 2268 ι
2174 2217 2343 2270 liabet
2374 2218 2622 2287 gloriam,
2655 2219 2748 2273 sed
2777 2235 2885 2274 non
2933 2223 3072 2290 apud
3111 2220 3303 2275 Deum.
3346 2238 3365 2272 ι
3404 2219 3624 2286 Diceris,

2045 2309 2202 2363 habet
2231 2309 2483 2377 gloriam,
2521 2310 2618 2364 sed
2652 2325 2756 2364 non
2809 2313 2948 2380 apud
2984 2312 3172 2378 Deum,
3231 2312 3469 2367 ostendit
3499 2327 3625 2367 eum

2046 2417 2108 2454 ex
2149 2401 2403 2467 operibus
2440 2401 2552 2454 suis
2582 2402 2814 2470 gloriam
2847 2403 3071 2467 habere,
3113 2413 3167 2458 et
3201 2418 3309 2457 non
3342 2419 3409 2459 ex
3447 2404 3580 2457 Deo.

2123 2511 2141 2544 ι
2182 2493 2319 2559 Quid
2348 2493 2490 2548 enim
2523 2492 2658 2548 dicit
2687 2495 3008 2566 Scriptura?
3050 2495 3294 2551 Credidit
3343 2495 3624 2550 Abraham

2047 2584 2179 2639 Deo.
2212 2603 2233 2636 μ»
2276 2585 2408 2638 Tam
2450 2601 2651 2656 magna
2705 2586 2804 2641 fuit
2845 2587 2976 2641 ﬁdes
3019 2588 3273 2650 Abrahae,
3301 2597 3356 2640 ut
3407 2599 3463 2642 et
3514 2588 3629 2657 pri-

2046 2676 2187 2731 stina
2245 2676 2296 2730 ei
2349 2687 2570 2744 peccata
2622 2677 2981 2742 donarentur,
3036 2687 3091 2732 et
3139 2679 3252 2733 sola
3307 2693 3416 2746 prie
3474 2679 3626 2733 omni

2041 2768 2249 2835 justitia
2285 2769 2573 2823 doceretur
2599 2781 2845 2839 accepta,
2877 2783 2929 2824 et
2959 2781 3111 2824 tanto
3153 2771 3405 2840 deinceps
3437 2785 3628 2825 amore

2048 2859 2311 2930 ﬂagravit,
2338 2872 2396 2914 ut
2414 2876 2574 2930 super
2599 2861 2776 2914 omnia
2807 2877 2867 2918 se
2889 2877 3052 2932 opera
3083 2871 3434 2930 praepararet.

2125 2972 2144 3004 ι
2177 2951 2245 3006 Et
2271 2959 2576 3020 reputatum
2623 2961 2706 3007 est
2748 2953 2822 3006 illi
2881 2954 2947 3006 ad
2989 2953 3282 3020 justitiam.
3320 2969 3340 3004 ι
3381 2952 3446 3006 Ει
3501 2953 3628 3006 ideo

2048 3044 2210 3098 liabet
2257 3044 2482 3114 gloriam
2540 3047 2681 3115 apud
2741 3042 2932 3113 Deum,
2994 3043 3293 3100 secundum
3341 3043 3482 3112 quod
3537 3047 3627 3099 lex

2049 3135 2318 3206 probavit.
3047 3197 3050 3200 .

2126 3245 2145 3278 ι
2187 3227 2249 3281 Ei
2292 3238 2471 3283 autem
2503 3229 2592 3298 qui
2628 3241 2907 3291 operatur,
2940 3244 3150 3282 merces
3193 3245 3298 3282 non
3333 3229 3630 3296 imputatur

2050 3319 2342 3374 secundum
2375 3321 2628 3390 gratiam,
2661 3319 2757 3375 sed
2793 3321 3091 3375 secundum
3113 3319 3372 3375 debitum.
3412 3337 3432 3370 ι
3469 3318 3629 3373 Delii-

2053 3409 2187 3463 toris
2242 3410 2389 3463 enim
2441 3417 2526 3463 est
2595 3408 2798 3474 facere,
2851 3424 2969 3478 quas
3030 3408 3294 3477 iubentur
3345 3425 3359 3461 :
3413 3418 3468 3461 et
3524 3407 3627 3462 nisi

2050 3501 2310 3570 paruerit,
2337 3499 2628 3554 damnatur
2669 3500 2762 3554 :si
2814 3509 2994 3554 autem
3046 3499 3261 3563 fecerit,
3311 3513 3417 3553 non
3461 3498 3629 3554 habet

2052 3591 2301 3661 gloriam,
2349 3593 2475 3660 quia
2517 3591 2728 3648 inutilis
2785 3592 2963 3646 adhuc
3017 3605 3207 3646 servus
3265 3591 3490 3654 dicitur,
3535 3589 3628 3658 qui

2051 3686 2182 3740 nihil
2217 3685 2472 3755 amplius.
2513 3700 2674 3754 quam
2709 3685 2852 3755 quod
2899 3693 3228 3756 praceptuin
3276 3694 3381 3747 est,
3430 3699 3626 3753 opera-

2052 3785 2159 3831 tur.
2193 3777 2362 3832 Aliter
2398 3795 2411 3831 :
2451 3777 2566 3831 Non
2596 3779 2704 3832 illis
2751 3777 2923 3847 gratis
2970 3777 3204 3832 donatur
3254 3777 3489 3847 justitia,
3531 3791 3624 3831 seu

2053 3885 2259 3925 merces
2286 3871 2531 3925 redditur
2560 3885 2784 3939 operum
2811 3869 3196 3938 pristinorum.

2130 3978 2149 4012 ι
2189 3961 2248 4015 Εἰ
2283 3977 2412 4016 vero
2448 3962 2540 4030 qui
2583 3977 2691 4017 non
2741 3973 3020 4030 operatur,
3055 3961 3300 4016 credenti
3353 3971 3533 4014 autem
3571 3961 3624 4015 in

2051 4047 2171 4107 e‘nm
2202 4053 2292 4121 qui
2316 4053 2583 4123 juStiﬁcat
2625 4053 2871 4120 impium,
2911 4062 3200 4121 reputatur
3250 4053 3382 4107 ﬁdes
3407 4053 3522 4117 eius
3559 4052 3627 4107 ad

2049 4141 2343 4212 justitiam.
2375 4159 2394 4193 ι
2423 4142 2840 4198 Convertcntem
2868 4143 3115 4213 impium,
3149 4158 3246 4212 per
3267 4142 3438 4198 solam
3469 4143 3623 4196 ﬁdem

2050 4236 2316 4306 iustiﬁcat
2351 4235 2511 4302 Deus,
2543 4251 2648 4290 non
2679 4250 2840 4306 opera
2891 4236 3053 4312 bona,
3095 4249 3216 4304 quae
3254 4250 3360 4290 non
3415 4237 3620 4288 habuit.

2053 4327 2302 4397 Alioquin
2339 4342 2437 4398 per
2501 4327 2800 4395 impietatis
2855 4339 3019 4395 opera
3078 4327 3258 4380 fuerat
3296 4326 3619 4396 puniendus.

1981 4433 2029 4490 υ
2057 4420 2229 4474 Simul
2269 4419 2510 4486 attende,
2545 4419 2673 4488 quia
2702 4433 2807 4472 non
2860 4428 3209 4487 peccatorem
3259 4418 3392 4472 dicit
3425 4417 3626 4487 justiti-

2056 4515 2167 4567 cari
2199 4527 2294 4581 per
2320 4513 2503 4578 ﬁdem,
2553 4513 2649 4566 sed
2698 4510 2928 4579 impiutn
2961 4526 2978 4564 :
3016 4511 3120 4566 hoc
3170 4519 3256 4565 est
3286 4525 3480 4579 ,nuper
3509 4524 3624 4564 cre-

2056 4605 2274 4658 dentem
2303 4599 2572 4658 asseruit.

2136 4714 2155 4746 ι
2193 4696 2502 4750 Secundum
2545 4693 2883 4764 propositum
2923 4693 3115 4763 gratias
3163 4692 3281 4748 Dei.
3325 4709 3346 4744 ι
3379 4691 3478 4758 Qui
3508 4703 3629 4760 pro-

2056 4787 2239 4854 posuit
2270 4785 2440 4854 gratis
2470 4802 2566 4854 per
2601 4786 2772 4840 solam
2814 4785 2976 4840 ﬁdem
3011 4794 3233 4854 peccata
3264 4783 3551 4837 dimittere.

2133 4897 2151 4929 ι
2189 4879 2342 4932 Sicut
2370 4887 2422 4931 et
2453 4878 2619 4931 David
2667 4878 2801 4933 dicit
2852 4877 3248 4934 beatitudinem
3308 4875 3556 4931 hominis.
3591 4893 3618 4926 ι

2056 4969 2249 5041 Magna
2285 4971 2563 5024 beatitudo
2598 4979 2678 5024 est
2708 4970 2827 5024 sine
2878 4970 3062 5025 labore
3095 4970 3226 5041 legis
3261 4977 3316 5023 et
3355 4973 3623 5037 paeniten-

2059 5065 2164 5126 tiae,
2198 5063 2410 5117 Domini
2444 5065 2674 5134 gratiam
2715 5065 3015 5132 promereri
3046 5079 3061 5116 :
3109 5063 3256 5118 sicut
3290 5062 3336 5116 si
3365 5062 3484 5130 quia
3523 5056 3623 5110 ali-

2059 5171 2220 5224 quam
2249 5154 2564 5224 dignitatem
2593 5155 2764 5226 gratis
2811 5153 3067 5223 accipiat.

2136 5265 2156 5298 ι
2194 5246 2295 5301 Cui
2327 5245 2466 5300 Dcns
2489 5257 2711 5314 accepto
2737 5245 3129 5312 iertjustitiam
3159 5244 3280 5298 sine
3308 5243 3565 5313 operibus.
3591 5257 3616 5290 ι

2059 5337 2144 5393 Ad
2175 5337 2279 5392 hoc
2327 5336 2461 5390 ﬁdes
2491 5337 2663 5403 prima
2707 5335 2771 5388 ad
2815 5335 3081 5405 justitiam
3125 5346 3423 5402 reputatur,
3471 5342 3523 5382 ut
3551 5331 3626 5382 de

2062 5429 2334 5500 praeterito
2365 5427 2678 5481 absolvatur
2713 5444 2727 5480 :
2765 5436 2819 5480 et
2869 5426 2939 5480 de
2978 5429 3233 5494 praesenti
3277 5423 3620 5496 iustiﬁcetur,

2059 5530 2116 5574 et
2155 5519 2220 5573 ad
2255 5520 2432 5571 futura
2466 5518 2585 5572 ﬁdei
2621 5532 2786 5586 Opera
2819 5529 3178 5588 praeparetur.

2137 5629 2154 5662 ι
2197 5609 2346 5664 Beati
2394 5623 2631 5680 quorum
2695 5611 2938 5665 remissas
2982 5620 3109 5665 sunt
3175 5609 3513 5679 iniquitates,
3555 5613 3621 5657 es

2061 5715 2289 5773 quorum
2348 5709 2486 5756 tecta
2526 5709 2650 5755 sunt
2690 5710 2935 5770 peccata.
2993 5700 3190 5757 Beatus
3257 5701 3338 5754 vir
3386 5698 3465 5752 cui
3505 5706 3612 5750 non
