3946 6206
351 329 454 398 691

1303 341 1357 406 S.
1399 339 1846 404 ΗῘΕΗΟΝΥΜΙ
1890 341 2210 403 OPERUM
2251 343 2667 407 MANTISSA.-

3513 344 3628 410 (92

429 469 446 502 ι
494 449 621 506 Ideo
655 457 710 506 et
741 462 1048 523 reputatum
1091 463 1174 511 est
1201 454 1276 510 illi
1318 457 1387 513 ad
1412 458 1702 528 justitiam.
1741 457 1932 524 ertia
1963 457 2311 526 A-corporis,
2351 455 3016 512 maximossustinuerint
3047 457 3320 514 cruciatus
3355 476 3369 514 :
3409 475 3507 516 nec
3538 473 3626 514 ta-

348 551 458 598 tam
490 542 730 612 perfecte
781 553 835 600 et
867 545 1098 602 firmiter
1122 549 1370 605 credidit.

426 653 450 687 σ
485 634 600 692 Non
623 644 704 692 est
731 643 911 693 autem
944 638 1204 708 scriptum
1233 649 1445 695 tantum
1473 649 1694 711 propter
1726 642 1926 710 ipsum,

343 729 473 799 quia
497 737 806 798 reputatum
838 740 923 786 est
948 733 1022 784 illi
1049 731 1116 785 ad
1143 733 1412 800 justitiam
1453 754 1466 789 :
1496 735 1590 786 sed
1624 743 1680 790 ct
1711 743 1931 803 propter

299 887 306 900 λ
346 836 469 883 nos,
497 820 692 886 quibus
728 822 1126 890 reputabitur.»
1159 821 1276 876 Non
1314 833 1373 877 ut
1403 823 1522 893 ejus
1553 824 1726 878 solum
1769 823 1925 877 fidem

303 943 305 946 ‹
344 913 630 979 sciremus,
670 930 772 983 qua
801 915 1034 969 Domino
1063 916 1306 985 placuit:
1344 917 1434 985 qui
1472 916 1592 970 ideo
1624 918 1788 972 etiam
1815 926 1928 970 ten-

344 1015 496 1061 tatus
553 1015 658 1074 est,
699 1019 758 1062 ut
811 1018 866 1064 et
915 1009 1034 1080 ipse
1073 1025 1133 1067 se
1169 1022 1377 1078 nosset,
1423 1021 1478 1068 et
1529 1027 1625 1067 nos
1668 1026 1928 1083 sequere-

343 1115 486 1155 mur.

416 1210 436 1242 ‹
477 1191 836 1248 Credentibus
862 1195 914 1248 in
943 1211 1088 1261 eum,
1120 1195 1212 1266 qui
1245 1195 1530 1251 suscitavit
1563 1191 1749 1249 Jesum
1769 1193 1930 1250 Chri-

341 1291 485 1337 stum
507 1282 788 1339 Doniinum
811 1298 1054 1342 nostrum
1089 1303 1119 1342 a
1153 1290 1400 1344 mortuis.
1429 1306 1448 1339 ι
1482 1287 1539 1342 Si
1562 1297 1668 1342 tam
1691 1287 1928 1358 perfecte

340 1376 737 1432 crediderimus
801 1371 1080 1433 Christum
1132 1395 1163 1432 a
1213 1379 1442 1433 mortuis
1487 1379 1857 1432 resurrexissc
1909 1396 1922 1432 :

340 1467 613 1532 quomodo
651 1468 741 1521 ille
768 1470 1000 1524 credidit
1033 1485 1228 1538 corpus
1253 1483 1412 1524 suum
1451 1483 1612 1540 posse
1655 1470 1721 1523 ad
1763 1486 1926 1540 gene-

338 1563 568 1614 raudum
604 1564 869 1617 vivificari
891 1565 1002 1634 jam
1031 1576 1328 1619 mortuum.

417 1671 436 1704 r
475 1652 574 1720 Qui
610 1656 846 1710 traditus
881 1666 964 1711 est
990 1663 1210 1726 propter
1240 1657 1437 1713 delicta
1477 1667 1684 1722 nostra,
1713 1667 1770 1713 et
1833 1673 1922 1714 re-

340 1747 579 1800 surrexit
598 1747 1274 1818 propterjustificationem
1296 1757 1592 1804 nostram.»
1625 1749 1724 1816 Qui
1751 1761 1924 1805 morte

269 1835 274 1844 '
341 1850 440 1891 sua
502 1849 683 1892 nostra
715 1849 936 1909 peccata
966 1841 1201 1895 abolevit
1259 1859 1274 1896 :
1325 1853 1379 1897 et
1427 1843 1479 1896 in
1529 1857 1591 1896 ea
1642 1843 1922 1912 qualitate,

340 1947 446 2000 qua
483 1942 730 1986 mortuus
761 1940 864 1998 est,
901 1935 1212 1989 necessario
1237 1951 1530 2005 resurgens
1563 1910 1834 2006 apparuit,
1870 1947 1928 1990 ut

334 2023 606 2093 justitiam
650 2025 989 2080 credentium
1021 2027 1390 2083 continuaret.

950 2179 1178 2237 CAPUT
1235 2181 1300 2238 ν.

473 2290 765 2349 Justificati
795 2295 960 2364 igitur
1007 2311 1072 2351 ex
1133 2296 1258 2351 fide.
1315 2316 1334 2350 ι
1391 2299 1724 2356 Pertractata
1764 2318 1925 2359 causa

337 2399 510 2455 quare
539 2402 701 2441 nemo
724 2403 911 2442 eorum
945 2405 1010 2442 cx
1050 2391 1306 2460 operibus
1341 2393 1678 2462 justiticatus
1705 2397 1795 2462 sit,
1831 2387 1925 2454 sed

337 2491 530 2534 omnes
555 2494 618 2534 ex
653 2479 756 2534 fide
782 2481 946 2550 (quod
970 2483 1218 2550 exeiuplo
1249 2485 1479 2539 Abrahae
1499 2489 1691 2555 probat
1721 2505 1738 2555 ;
1771 2491 1925 2559 cujus

337 2584 398 2624 se
437 2571 575 2625 tilios
624 2587 745 2625 esse
771 2571 876 2625 soli
910 2569 1081 2626 Juda'i
1106 2575 1410 2644 putabant),
1434 2579 1671 2632 ostendit
1695 2582 1921 2648 ratione,

337 2663 480 2732 quod
511 2679 816 2735 uongenus.
843 2682 941 2721 nec
957 2665 1323 2734 circumcisio,
1347 2673 1438 2724 sed
1457 2671 1588 2728 ﬁdes
1608 2672 1769 2727 faciat
1791 2674 1926 2729 filios

337 2758 571 2811 Abrahae
601 2759 692 2825 qui
723 2774 786 2812 ex
825 2760 938 2813 sola
976 2761 1147 2829 prima
1178 2761 1280 2815 fide
1309 2762 1645 2830 justificatns
1682 2776 1784 2820 est.
1810 2767 1924 2832 Qua

337 2847 551 2902 ratione
572 2849 851 2912 conclusa,
889 2865 1075 2918 pacem
1107 2865 1202 2904 eos
1228 2851 1432 2906 habere
1463 2854 1714 2907 hortatur
1751 2870 1764 2906 :
1798 2854 1924 2924 quia

337 2954 503 2994 nemo
540 2954 640 2993 suo
682 2939 898 3004 merito,
936 2940 1030 2995 sed
1069 2955 1260 2996 omnes
1298 2941 1582 3011 aequaliter
1623 2944 1718 2998 Dei
1751 2946 1922 3015 gratia

339 3043 463 3086 sunt
495 3033 712 3089 salvati.

2034 564 2156 602 men
2192 547 2491 628 perfectam
2526 557 2756 618 possunt
2785 551 3047 620 consequi
3084 551 3369 606 sanitatem
3421 571 3436 607 :
3499 569 3626 621 qua:

2031 641 2190 696 etiam
2224 641 2268 695 si
2298 643 2632 709 provenerit,
2657 642 2819 712 paulo
2849 651 2990 711 post,
3010 653 3186 697 morte
3207 643 3605 708 intercedente,

2031 733 2294 787 solvetur.
2327 732 2596 788 Habemus
2621 748 2752 802 ergo
2781 736 2925 788 unde
2959 735 3184 789 honeste
3243 746 3298 790 et
3322 736 3440 789 si'ne
3467 739 3624 806 peri-

2030 824 2154 877 culo
2183 823 2500 894 gloriemur.
2533 823 2727 890 Magna
2759 824 2904 877 enim
2939 823 3109 889 gloria
3133 835 3217 877 est
3251 825 3315 878 de
3371 825 3498 879 imis
3549 827 3618 878 ad

2029 932 2240 972 summa
2267 931 2538 980 crescere,
2574 917 2640 971 de
2674 917 2847 970 nihilo
2905 916 2971 970 ad
3013 919 3248 972 maxima
3281 919 3567 986 pervenire
3601 935 3616 972 :

2031 1009 2097 1062 de
2144 1007 2272 1062 limo
2327 1011 2395 1062 ad
2454 1008 2676 1070 cmlum,
2739 1009 2882 1062 etde
2929 1008 3190 1062 servitute
3249 1025 3505 1062 vocamur
3549 1010 3620 1061 ad

2029 1114 2251 1168 regnum
2278 1115 2292 1156 :
2317 1101 2362 1154 si
2393 1110 2572 1153 tamen
2601 1099 2753 1154 omni
2779 1100 2967 1154 sazculi
3011 1099 3178 1169 gloria
3203 1109 3252 1154 et
3272 1100 3622 1170 jncunditate

2029 1198 2362 1257 contempta,
2398 1189 2449 1243 iri
2477 1189 2567 1244 illo
2590 1190 2730 1256 solo,
2758 1191 2899 1260 quod
2923 1190 3079 1244 nobis
3111 1192 3470 1256 promittitur,
3499 1192 3619 1260 gloo

2029 1281 2259 1336 riemur.
2292 1281 2448 1347 Quod
2475 1290 2530 1335 et
2559 1282 2604 1335 si
2634 1281 2895 1346 feceritis,
2932 1282 3033 1336 tale
3066 1293 3168 1346 est,
3204 1282 3365 1351 quale
3400 1283 3444 1336 si
3469 1283 3614 1348 quis,

2030 1389 2256 1428 nummo
2289 1374 2542 1440 plumbeo
2571 1385 2910 1444 contempto,
2948 1390 3217 1444 gemmam
3256 1375 3454 1444 regiam
3481 1390 3620 1426 cou-

2027 1477 2287 1535 sequatur
2328 1484 2343 1520 :
2391 1481 2704 1535 quanquam
2763 1481 2862 1521 nec
2912 1468 2983 1521 sit
3029 1467 3191 1533 digna
3256 1468 3616 1534 comparatio,

2027 1559 2156 1628 quia
2202 1559 2454 1629 quamvis
2510 1559 2600 1614 hic
2643 1560 2875 1629 pretium
2920 1559 3128 1623 distet,
3202 1570 3377 1613 tamen
3431 1567 3618 1611 manet.

2029 1651 2316 1720 utriusque
2375 1652 2691 1719 corruptio;
2765 1651 2838 1705 ibi
2905 1667 3037 1706 vero
3109 1648 3619 1718 incorruptibilibus

2027 1751 2307 1811 corrupta,
2346 1753 2400 1796 et
2433 1744 2654 1798 teternis
2688 1743 2893 1797 caduca
2925 1752 3224 1797 mutantur.

2104 1851 2122 1884 ι
2150 1831 2406 1887 Probatio
2430 1848 2558 1887 vero
2571 1848 2745 1903 spem,
2787 1848 2911 1902 spes
2928 1843 3108 1888 autem
3132 1850 3236 1888 non
3257 1834 3559 1888 confundit.
3587 1852 3612 1886 ι

2031 1922 2170 1992 Spes
2202 1925 2503 1979 futurorum
2532 1939 2749 1979 omnem
2784 1923 3160 1980 confusionem
3195 1927 3433 1994 expellit.
3458 1927 3616 1982 Unde

2031 2018 2292 2083 probatur
2319 2031 2424 2071 non
2459 2017 2659 2071 habere
2683 2030 2861 2084 spem,
2884 2017 2978 2086 qui
3009 2019 3294 2086 praeceptis
3321 2018 3612 2074 confundi-

2031 2115 2119 2160 tur
2159 2106 2383 2165 Christi.

2106 2217 2126 2251 r
2196 2199 2335 2266 Quia
2389 2200 2630 2257 charitas
2688 2201 2778 2257 Dei
2855 2201 3050 2257 diffusa
3112 2212 3198 2257 est
3253 2203 3306 2257 in
3358 2201 3616 2257 cordibus

2029 2295 2256 2347 nostris.
2307 2311 2326 2344 ι
2390 2292 2706 2363 Magnitudo
2756 2293 3145 2349 beneficiorum
3191 2295 3394 2349 excitat
3442 2298 3493 2348 in
3551 2309 3618 2348 se

2031 2386 2458 2456 magnitudinem
2498 2385 2822 2452 charitatis;
2855 2401 2975 2452 qua-
3009 2385 3248 2454 perfeeta
3284 2385 3523 2450 confidit,
3556 2398 3615 2442 et

2031 2487 2224 2540 timere
2241 2501 2349 2540 non
2380 2485 2553 2538 novit.
2580 2484 2712 2538 Item
2740 2483 3025 2538 manifeste
3052 2483 3156 2537 hoc
3181 2483 3417 2536 ostendit
3443 2499 3457 2535 :
3483 2481 3612 2551 quia

2030 2593 2366 2648 quaecunque
2403 2577 2713 2630 hominibus
2767 2590 2795 2629 a
2833 2576 2941 2629 Deo
2972 2574 3131 2629 Patre
3165 2575 3468 2639 donantur,
3513 2589 3613 2642 per

2030 2671 2292 2740 Spiritum
2329 2677 2579 2725 Sanctum
2612 2668 2943 2723 tribuuntur.

2103 2783 2122 2815 ι
2167 2762 2270 2818 Per
2307 2761 2572 2830 Spiritum
2610 2772 2885 2827 sanctum,
2916 2760 3006 2830 qui
3049 2761 3205 2814 datus
3238 2769 3319 2814 est
3349 2761 3526 2814 nobis.
3583 2779 3606 2812 ι

2027 2854 2310 2922 Quomodo
2347 2871 2442 2909 nos
2485 2855 2627 2908 Deus
2662 2855 2872 2923 diligat,
2937 2869 3001 2908 ex
3057 2855 3160 2906 hoc
3209 2855 3610 2923 cognoscimus,

2026 2949 2152 3018 quia
2183 2964 2288 3002 non
2320 2949 2498 3002 solum
2533 2948 2690 3002 nobis
2724 2962 2817 3014 per
2844 2945 2966 3000 Filii
2998 2945 3079 2998 sui
3107 2955 3342 2997 mortem
3389 2954 3614 3013 peccata

2027 3041 2261 3104 dimisit,
2293 3039 2388 3096 sed
2436 3050 2491 3093 et
2544 3038 2805 3109 Spiritum
2839 3049 3088 3092 sanctum
3124 3036 3287 3091 nobis
3319 3035 3486 3102 dedit,
3519 3035 3614 3104 qui

415 3141 432 3174 ι
463 3120 650 3176 Pacem
673 3121 1046 3178 habeamusad
1066 3122 1233 3178 Deum
1258 3141 1354 3193 per
1375 3124 1656 3180 Dominqu
1676 3136 1921 3182 nostrum
1953 3167 1998 3226 ε
2025 3133 2136 3202 jam
2169 3135 2416 3186 ostendat
2447 3131 2670 3200 gloriam
2703 3129 3031 3184 futurorum.

336 3214 520 3270 Jesum
545 3216 846 3271 Christum.
880 3235 898 3267 ι
931 3215 1025 3271 Vel
1052 3218 1281 3286 subjecti
1316 3219 1487 3272 simus
1513 3219 1729 3288 utrique
1767 3221 1920 3274 Deo:

345 3309 461 3362 sive
498 3322 682 3376 pacem
720 3306 834 3372 Dei,
870 3323 976 3360 non
1018 3317 1222 3360 tantum
1261 3309 1465 3373 saeculi,
1508 3310 1827 3365 habeamus.

421 3420 440 3453 ι
476 3402 574 3454 Per
615 3415 774 3470 quem
805 3409 858 3454 ct
898 3415 1178 3454 accessum
1216 3401 1478 3458 habemus
1525 3417 1621 3473 per
1665 3403 1821 3458 fidem
1868 3404 1921 3457 in

339 3495 569 3565 gratiam
605 3496 788 3550 istam.
825 3511 844 3544 ι
889 3492 988 3548 Per
1017 3509 1176 3564 quem
1223 3495 1552 3552 accessimus
1596 3511 1786 3567 prope,
1828 3499 1921 3568 qui

341 3605 561 3646 eramus
585 3590 763 3660 longe.

417 3700 438 3734 ‹
477 3684 534 3735 1η
567 3698 672 3752 qua
709 3691 939 3738 stamus.
975 3699 994 3733 ι
1023 3681 1123 3749 Qui
1155 3681 1644 3750 antejacebamus.

419 3793 440 3826 ι
491 3777 556 3829 Et
614 3774 912 3844 gloriamur
969 3775 1022 3828 in
1083 3791 1181 3845 spe
1236 3775 1421 3845 gloriae
1475 3775 1706 3830 filiorqu
1744 3776 1858 3831 Dei.
1897 3795 1918 3828 ι

343 3872 654 3929 Gloriamur
685 3886 784 3926 nos
809 3885 1032 3940 sperare
1063 3871 1298 3928 filiorum
1330 3871 1420 3926 Dei
1449 3871 1678 3940 gloriam
1706 3887 1924 3941 possis-

345 3979 524 4018 suros.
549 3961 900 4031 Tantumque
930 3971 1038 4027 est,
1065 3961 1209 4031 quod
1233 3976 1539 4029 speramus,
1573 3971 1832 4030 quantum
1858 3974 1922 4015 ex

344 4071 406 4111 se
439 4056 615 4109 nullus
637 4054 862 4109 auderet
895 4070 908 4106 :
938 4069 1004 4108 ne
1034 4067 1142 4107 non
1178 4067 1324 4123 Spes,
1351 4053 1446 4107 sed
1475 4053 1807 4123 blasphemia
1835 4069 1927 4122 pn-

351 4158 579 4208 taretur,
603 4161 668 4200 eo
701 4147 846 4216 quod
873 4144 1056 4198 multis
1085 4160 1183 4214 pro
1210 4159 1310 4199 sua
1345 4145 1717 4215 magnitudine
1751 4145 1926 4199 incre-

347 4239 513 4293 dibile
554 4238 825 4291 videatur.

427 4349 447 4381 ‹
491 4327 609 4382 Non
638 4331 810 4382 soloin
843 4339 1050 4397 autem,
1084 4328 1180 4384 sed
1210 4337 1264 4382 et
1288 4327 1583 4398 gloriamur
1617 4329 1670 4384 in
1706 4329 1931 4384 tribula-

351 4422 594 4476 tionibus
621 4436 638 4477 :
669 4422 909 4475 scientes
939 4422 1080 4490 quod
1122 4422 1399 4476 tribulatio
1431 4422 1748 4492 patientiam
1796 4439 1928 4492 ope-

2110 3242 2130 3276 r
2163 3225 2235 3280 Ut
2267 3225 2394 3292 quid
2427 3227 2568 3277 enim
2594 3221 2847 3276 Christus
2878 3237 3001 3274 cum
3034 3220 3212 3275 adhuc
3239 3219 3435 3274 infirmi
3463 3232 3616 3273 esse-

2033 3318 2192 3373 mus?
2224 3335 2243 3369 ι
2269 3317 2342 3372 Ut
2365 3316 2494 3385 quid
2524 3315 2759 3369 iudebite
2789 3329 2888 3383 pro
2910 3313 3063 3366 nobis
3091 3321 3341 3367 mortuus
3372 3321 3478 3378 est,
3507 3311 3610 3365 nisi

2033 3423 2090 3466 ut
2128 3409 2506 3464 manifestaret
2535 3421 2690 3462 suam
2716 3405 3066 3472 charitatem,
3135 3422 3254 3459 cum
3282 3407 3460 3461 adhuc
3489 3419 3616 3474 pec-

2032 3515 2276 3559 catorum
2309 3511 2363 3556 et
2396 3500 2662 3554 scelerum
2688 3498 3043 3567 languoribus
3073 3498 3483 3566 premerentur?

2108 3615 2127 3650 ι
2160 3595 2470 3652 Secundqu
2495 3603 2724 3661 tempus.
2761 3609 2780 3642 ι
2811 3591 3118 3647 Secundqu
3152 3598 3363 3660 tempus
3388 3589 3612 3656 infirmi,

2033 3706 2138 3760 quo
2171 3689 2280 3758 jam
2308 3687 2580 3740 defecerat
2605 3699 2741 3754 pene
2779 3682 3020 3754 justitia.
3068 3681 3194 3738 Sive
3246 3684 3372 3753 quia
3423 3683 3616 3736 ultimo

2035 3787 2280 3850 tempore
2313 3793 2504 3848 passus
2541 3786 2622 3830 est
2640 3774 2916 3840 Christus,
2941 3776 3059 3830 sive
3082 3774 3150 3829 ad
3187 3775 3348 3830 tridui
3377 3784 3614 3843 tempus,

2036 3886 2094 3929 ut
2120 3872 2536 3944 praedicebatur,
2561 3876 2647 3922 est
2683 3852 2950 3922 mortuus.

2111 3985 2130 4018 ι
2167 3966 2273 4020 Pro
2295 3964 2476 4032 impiis
2505 3972 2748 4017 mortuus
2778 3969 2882 4016 est.
2921 3976 2940 4009 ι
2983 3955 3115 4012 Vult
3139 3957 3448 4021 ostendere,
3483 3956 3614 4026 quia

2037 4074 2135 4130 pro
2159 4057 2340 4126 impiis
2368 4064 2612 4109 mortuus
2637 4062 2718 4106 est
2749 4068 2764 4107 :
2793 4060 2928 4107 utex
2957 4050 3346 4106 beneliciorum
3372 4060 3618 4104 contem-

2037 4152 2276 4222 platione
2329 4147 2448 4218 ejus
2483 4148 2709 4215 gratiam
2745 4142 3174 4207 commendaret,
3203 4152 3258 4197 et
3286 4143 3339 4195 in
3373 4150 3618 4196 mercato

2037 4239 2243 4304 del;cti,
2264 4248 2526 4308 quantum
2544 4251 2668 4290 eum
2695 4234 2987 4290 debeamus
3002 4234 3247 4298 diligere,
3275 4235 3616 4287 demonstra-

2041 4343 2123 4389 ret
2157 4349 2174 4388 :
2207 4343 2261 4388 et
2294 4342 2444 4386 tanto
2475 4330 2742 4386 beneficio
2771 4337 2826 4382 et
2847 4337 3057 4388 sancto,
3082 4341 3151 4379 an
3175 4325 3376 4392 aliquid
3407 4338 3617 4393 praepo-

2041 4427 2281 4482 nendum
2311 4427 2400 4490 sit,
2434 4425 2746 4479 videremus
2785 4439 2798 4475 :
2831 4435 2954 4476 cum
2988 4420 3080 4474 ille
3119 4419 3276 4473 nobis
3310 4418 3490 4486 impiis
3518 4432 3617 4472 nec

351 4527 534 4581 ratur,
571 4517 832 4583 patientia
855 4525 1032 4568 autem
1061 4516 1459 4584 probationem.
1489 4535 1508 4568 ι
1541 4515 1658 4570 Non
1679 4516 1851 4572 solum
1880 4518 1935 4572 in
1971 4521 2011 4576 ι)
2042 4523 2207 4576 vitam
2266 4535 2418 4573 suam
2481 4514 2858 4586 praeposuerit,
2915 4529 2984 4568 ne
3041 4511 3408 4567 necessariam
3462 4511 3617 4565 nobis

350 4609 538 4679 gloria:
555 4623 674 4675 Spe,
697 4609 791 4660 sed
817 4605 983 4660 etiam
1012 4606 1066 4660 iii
1093 4607 1467 4661 saluberrimis
1495 4608 1932 4662 tribulationibus

352 4701 669 4770 gloriamur,
691 4698 1114 4767 magnitudinem
1136 4699 1339 4767 praemii
1358 4709 1772 4769 cognoscentes,
1793 4701 1934 4754 sicut

349 4791 587 4848 Jacobus
624 4795 738 4846 ait:
775 4792 940 4844 Omne
969 4791 1219 4859 gaudium
1257 4793 1586 4857 existimate,
1622 4793 1840 4862 fratres,
1879 4803 1934 4847 et

350 4887 559 4956 reliqua
589 4885 731 4956 (Jac.
751 4900 788 4952 ι,
821 4885 898 4955 2).
927 4882 1081 4938 Unde
1103 4894 1156 4938 et
1189 4885 1422 4952 gaudere
1447 4885 1706 4940 debemus
1731 4886 1934 4955 aliquid

348 4977 463 5047 pati
490 4991 587 5044 pro
615 4979 836 5031 nomine
869 4975 986 5040 Dei,
1020 4987 1077 5028 ut
1110 4978 1456 5047 acquiramus
1485 4981 1549 5032 de
1590 4977 1936 5032 tribulatione

351 5070 589 5125 finienda
628 5071 907 5139 praemium
947 5071 1241 5124 infinitum.
1291 5069 1739 5125 Consideratione
1789 5071 1933 5124 enim

352 5164 561 5233 prmmii
593 5165 800 5219 nullum
838 5178 1133 5233 possumus
1163 5163 1490 5231 condignum
1535 5163 1807 5218 aestimare
1858 5164 1937 5216 la-

351 5259 564 5314 borem.
594 5255 728 5311 Nam
759 5267 814 5311 et
845 5257 1051 5311 scimus
1078 5256 1319 5310 homines
1345 5265 1566 5324 propter
1581 5270 1772 5308 aurum
1794 5257 1936 5310 ultro

351 5365 412 5405 se
430 5351 497 5404 ad
532 5351 734 5404 bestias
758 5348 1026 5416 deputare
1059 5363 1073 5400 :
1103 5349 1244 5414 quod
1274 5357 1448 5400 tamen
1479 5347 1532 5401 in
1551 5359 1810 5402 aeternum
1832 5363 1934 5402 non

352 5448 650 5512 potuerunt
683 5439 966 5507 possidere
1007 5453 1023 5493 :
1063 5446 1273 5507 quanto
1311 5437 1480 5506 magis
1535 5453 1634 5493 nos
1687 5438 1937 5506 exemplo

357 5532 726 5602 apostolorum
771 5530 825 5585 in
860 5529 1308 5585 tribulationibus
1340 5528 1576 5601 gaudere
1611 5530 1932 5584 debeamus!

356 5622 489 5688 Qua:
511 5623 730 5693 quidem
755 5636 876 5677 cum
906 5623 1017 5677 sint
1038 5622 1385 5690 temporales,
1416 5633 1674 5677 a:ternam
1703 5623 1936 5678 salutem

356 5713 650 5780 acquirunt
683 5747 702 5775 ,
764 5720 821 5766 et
867 5725 899 5765 a
954 5711 1238 5766 doloribus
1284 5713 1523 5767 liberant.
1564 5712 1934 5780 sempiternis.

358 5801 496 5855 Cum
530 5802 680 5856 multi
711 5811 933 5872 propter
962 5817 1110 5872 spem
1160 5820 1338 5875 parvae
1385 5805 1594 5873 salutis,
1646 5814 1703 5864 et
1745 5819 1934 5864 curam

2040 4616 2333 4681 denegaret
2371 4618 2626 4664 mortem.

2113 4722 2131 4754 r
2163 4704 2262 4757 Vix
2292 4705 2434 4756 enim
2468 4716 2565 4770 pro
2591 4700 2738 4771 justo
2799 4699 2920 4767 quis
2945 4698 3194 4752 moritur.
3255 4715 3276 4750 ι
3335 4695 3464 4752 Ideo
3513 4710 3616 4764 pro

2032 4795 2184 4864 justo
2214 4793 2432 4848 difﬁcile
2465 4794 2717 4858 moritur,
2754 4791 2880 4862 quia
2912 4791 3094 4860 justus
3121 4805 3228 4844 non
3255 4789 3422 4843 habet
3451 4789 3615 4846 mori.

2040 4889 2148 4944 Pro
2174 4888 2439 4943 morituro
2469 4886 2615 4940 enim
2645 4886 2783 4940 forte
2815 4886 3046 4940 moritur
3073 4885 3230 4940 alter.

2118 4999 2137 5031 ι
2175 4977 2310 5032 Nam
2344 4994 2443 5046 pro
2484 4979 2625 5031 bono
2659 4977 2885 5031 forsitan
2955 4977 3078 5046 quis
3110 4977 3309 5031 audeat
3357 4976 3533 5032 mori?
3589 4994 3611 5028 ι

2041 5070 2226 5124 llonus
2254 5071 2368 5138 ipse
2393 5078 2498 5133 est,
2549 5069 2639 5138 qui
2689 5078 2744 5123 et
2791 5067 2990 5137 justus.
3037 5068 3181 5122 Dicit
3225 5069 3367 5122 enim
3420 5068 3545 5122 alibi
3595 5082 3614 5122 :

2044 5161 2367 5217 Mandatum
2403 5170 2668 5225 sanctum,
2695 5171 2739 5214 et
2759 5160 2990 5229 justum,
3019 5171 3064 5213 et
3095 5162 3284 5213 bonum
3316 5159 3488 5231 (Rom.
3518 5177 3614 5219 vti.

2043 5255 2154 5322 12).
2188 5254 2442 5310 Forsitan
2475 5264 2683 5319 autem,
2715 5255 2815 5307 hoc
2841 5265 2944 5318 εει,
2977 5263 3082 5306 tam
3113 5251 3271 5308 facile
3296 5257 3516 5319 audeat,
3548 5268 3618 5308 ne

2041 5347 2116 5401 illi
2142 5346 2332 5413 injuria
2357 5345 2470 5400 fiat.

2119 5455 2138 5490 ι
2170 5438 2530 5492 Commendat
2559 5444 2740 5490 autem
2789 5435 3112 5490 charitatcm
3169 5451 3322 5491 suam
3361 5433 3510 5490 Deus
3567 5438 3616 5486 iu

2044 5532 2224 5586 nobis.
2263 5529 2603 5584 iAmabilem
2637 5529 2788 5592 facit,
2819 5543 2941 5582 cum
2961 5528 3202 5583 insinuat
3229 5540 3488 5598 quantum
3519 5543 3617 5582 nos

2043 5623 2231 5691 diligat
2267 5639 2282 5676 :
2319 5620 2542 5689 quando
2572 5621 2718 5674 enim
2760 5620 2998 5675 indebita
3046 5621 3250 5688 aliquid
3300 5629 3612 5689 praestatur,

2043 5725 2172 5770 tunc
2209 5715 2442 5769 maxime
2478 5712 2760 5768 charitatis
2803 5713 3416 5780 commendatum-Quid
3467 5713 3608 5768 enim

2049 5805 2154 5862 tam
2197 5806 2455 5871 indebite,
2489 5820 2650 5875 quam
2681 5813 2739 5859 ut
2764 5807 2881 5860 sine
2932 5815 3150 5872 peccato
3198 5804 3464 5862 Dominus
3512 5820 3608 5874 pro
