3934 6200
294 367 404 430 693

293 571 612 638 dignaretur
654 582 920 636 apparere
964 568 1017 622 in
1065 568 1306 637 homine,
1361 579 1419 623 et
1465 570 1736 624 contemni
1775 584 1871 637 pro

299 661 641 729 reparatione
671 661 900 729 propriae
937 659 1237 715 creaturae?

377 771 396 803 ‹
458 749 724 816 Quoniam
775 749 820 802 si
870 766 992 804 cum
1049 750 1230 805 adhuc
1266 762 1580 820 peccatores
1627 766 1874 807 essemus

300 843 599 898 secundum
639 849 879 910 tempus.
923 858 946 893 ι
1003 841 1312 897 Notandum
1365 846 1506 913 quod
1560 844 1876 913 plerumque

298 932 600 1003 Apostolus
629 937 918 988 credentes
946 933 1060 1002 jam
1096 936 1147 987 in
1175 934 1396 988 Christo
1427 934 1596 989 fuisse
1627 944 1877 1001 peccato-

301 1042 411 1089 res,
443 1025 652 1088 dicens,
676 1025 787 1094 jam
822 1042 926 1079 non
959 1041 1082 1080 esse
1107 1025 1376 1096 signiﬁcat
1414 1043 1430 1082 :
1466 1036 1524 1081 ut
1558 1028 1792 1096 qualiter
1821 1044 1878 1084 se

298 1118 565 1172 exhibere
590 1119 836 1182 debeant,
873 1129 1284 1185 recognoscant.

379 1227 398 1258 ι
433 1209 685 1264 Christus
707 1225 805 1278 pro
837 1209 993 1264 nobis
1020 1220 1266 1263 mortuus
1301 1219 1384 1265 est
1419 1227 1432 1274 ;
1510 1211 1677 1264 multo
1718 1210 1880 1279 igitur

301 1300 477 1367 magis
499 1298 783 1367 iustiﬁcati
809 1314 973 1353 nunc.
1007 1317 1024 1348 ι
1063 1299 1119 1351 Si
1155 1309 1475 1366 peccatores
1507 1309 1716 1353 tantum
1748 1300 1881 1354 dile-

303 1391 382 1442 xit
417 1429 435 1455 ,
475 1403 681 1460 quanto
715 1392 889 1461 magis
922 1391 1433 1458 custodietjustosl

383 1499 402 1532 s
453 1481 528 1542 In
567 1484 828 1552 sanguine
879 1485 1049 1554 ipsius
1091 1485 1225 1538 salvi
1284 1485 1489 1538 erimus
1543 1485 1610 1536 ab
1657 1483 1739 1537 ira
1788 1497 1882 1550 per

305 1573 510 1641 ipsum.
554 1592 572 1625 ι
611 1575 726 1629 Non
752 1575 1066 1630 animalium
1107 1577 1326 1631 sicutin
1376 1577 1510 1646 lege.
1580 1575 1883 1630 Caveamus

303 1677 461 1730 ergo,
487 1679 553 1716 ne
584 1668 856 1732 peccando
887 1681 1008 1718 eum
1062 1665 1323 1734 pollutum
1377 1667 1622 1720 dicamus
1652 1707 1668 1730 ,
1745 1667 1882 1720 sicut

306 1753 447 1808 dicit
478 1754 593 1822 ipse
626 1756 914 1822 Apostolus
941 1756 1006 1810 ad
1037 1756 1314 1811 Hebraeos.

387 1865 407 1898 ι
447 1846 500 1901 Si
527 1847 670 1902 enim
695 1865 816 1903 cum
837 1849 1039 1903 inimici
1060 1865 1322 1914 essemus,
1345 1851 1884 1906 reconciliatisumus
1916 1843 1956 1896 Β

307 1937 422 1991 Deo
451 1953 546 2006 per
564 1949 792 1993 mortem
817 1939 936 1993 Filii
966 1942 1105 2008 ejus.
1143 1959 1160 1991 ι
1195 1939 1741 1995 Peccatoresinimici
1761 1951 1886 1997 sunt

306 2033 736 2097 contemnendo,
786 2035 931 2087 sicut
989 2035 1118 2088 dicit
1160 2033 1502 2103 Apostolus:
1566 2034 1726 2090 Scitis
1763 2035 1885 2098 quia

307 2125 551 2178 amicitia
580 2126 739 2194 ltujus
771 2127 952 2179 mundi
999 2127 1214 2180 inimica
1247 2137 1324 2181 est
1372 2128 1476 2182 Deo
1523 2142 1544 2184 :
1595 2129 1887 2196 quicunque

306 2217 448 2269 enim
475 2217 697 2270 voluerit
725 2220 926 2272 amicus
954 2236 1066 2273 esse
1091 2222 1271 2273 smculi
1291 2220 1474 2288 hujus,
1508 2221 1751 2273 inimicus
1795 2220 1889 2273 Dei

308 2310 813 2380 cognosciturUac.
846 2327 919 2376 tv,
951 2312 1027 2380 4).
1061 2313 1266 2366 lnimici
1317 2329 1446 2382 ergo
1496 2314 1728 2375 actibus,
1781 2328 1886 2366 non

312 2411 536 2458 natura.
579 2403 931 2458 l'teconciliati
954 2414 1158 2468 autem,
1184 2406 1307 2474 quia
1327 2405 1594 2460 conciliati
1627 2403 1888 2458 naturali-

309 2501 400 2546 ter
442 2496 740 2548 fueramus.

392 2603 412 2636 ι
454 2584 619 2640 Multo
677 2586 851 2656 magis
906 2587 1266 2650 reconciliati,
1303 2587 1438 2640 salvi
1469 2588 1671 2640 erimus
1700 2589 1750 2640 in
1779 2588 1884 2641 vita

314 2677 507 2743 ipsius.
561 2696 579 2728 ι
635 2677 690 2732 Si
738 2693 834 2746 per
884 2688 1112 2732 mortem
1169 2678 1370 2732 Christi
1436 2678 1623 2732 salvati
1677 2693 1887 2744 sumus,

315 2779 523 2837 quatth
569 2771 740 2840 magis
777 2773 829 2823 in
877 2771 998 2842 ejus
1045 2771 1472 2842 gloriﬁcabimur
1506 2770 1636 2836 vita,
1681 2771 1726 2824 si
1772 2785 1892 2824 eant

314 2859 584 2914 fuerimus
617 2862 806 2914 imitati
830 2863 843 2916 l

392 2971 412 3004 ι
460 2952 578 3008 Non
607 2956 780 3008 solum
808 2965 1011 3028 autem,
1044 2935 1137 3010 sed
1169 2966 1222 3009 et
1247 2956 1541 3026 gloriamur
1571 2956 1622 3010 in
1659 2956 1770 3011 Deo
1798 2971 1896 3025 per

315 3043 612 3097 Dominum
647 3057 891 3100 nostrum
918 3046 1101 3100 Jesum
1129 3047 1430 3112 Christum,
1453 3063 1546 3116 per
1571 3063 1729 3116 quem
1752 3061 1895 3101 nunc

313 3135 828 3191 reconciliationem
851 3143 1183 3205 accepimus.
1218 3157 1237 3190 ι
1265 3138 1381 3193 Non
1412 3139 1584 3193 solum
1606 3139 1760 3192 nobis
1789 3139 1895 3192 vita

311 3225 900 3296 dabitursempiterna,
924 3231 1016 3282 sed
1033 3229 1198 3282 etiam
1215 3231 1464 3298 quaedam
1483 3229 1778 3282 similitudo
1803 3243 1896 3298 per

309 3318 594 3371 Christum
615 3323 946 3388 promittitur
963 3321 1159 3375 divina:
1187 3322 1393 3390 glorias,
1426 3322 1566 3375 sicut
1596 3321 1726 3374 dicit
1764 3335 1898 3388 apo-

309 3410 494 3462 Stolus
517 3410 750 3465 Joannes
779 3428 792 3462 :
822 3410 1068 3465 Nondum
1095 3412 1339 3479 apparuit
1366 3412 1491 3474 quid
1523 3412 1740 3471 erimus,
1770 3428 1900 3479 quo-

307 3505 463 3556 niam
481 3519 598 3555 cum
619 3505 1144 3569 apparuerit,similes
1161 3507 1207 3557 ei
1225 3504 1419 3557 erimus
1439 3503 1662 3572 (IJoan.
1702 3520 1781 3568 ιιι,
1814 3505 1896 3573 ‘2).

396 3615 416 3648 ι
459 3596 751 3668 Propterea
774 3598 912 3648 sicut
946 3611 1041 3664 per
1064 3612 1228 3649 unum
1277 3596 1570 3648 hominem.
1629 3614 1646 3647 ι
1697 3597 1750 3649 Si
1806 3612 1900 3664 per

311 3702 491 3739 unum
517 3687 786 3740 hominem
816 3685 976 3736 Evam
994 3695 1271 3753 peccatum
1292 3688 1517 3740 intravit
1545 3686 1596 3738 in
1615 3687 1897 3747 mundum,

314 3777 607 3830 insaniunt
638 3777 727 3846 qtti
763 3775 996 3841 dicunt,
1028 3787 1318 3844 antequam
1362 3777 1902 3844 deceperitdiaholus

309 3871 518 3928 Evam.
545 3879 822 3939 peccatum
849 3869 1017 3923 fuisse
1035 3871 1088 3923 in
1113 3870 1333 3924 mundo.
1354 3870 1486 3924 Item
1509 3870 1593 3922 hic
1615 3869 1902 3924 ostendere

311 3967 438 4017 νιιιι
479 3975 762 4033 propterea
790 3962 1067 4016 Christum
1112 3978 1354 4032 passum,
1400 3963 1568 4030 tttqui
1614 3971 1902 4030 sequentes

305 4059 494 4112 Adam
523 4057 955 4110 discesseramus
982 4069 1012 4108 a
1048 4055 1178 4120 Deo,
1211 4069 1308 4124 per
1335 4055 1611 4109 Christum
1655 4053 1905 4122 reconci-

306 4152 587 4206 liaremur
621 4151 753 4205 Deo.

395 4262 419 4295 ε
465 4244 522 4297 In
551 4243 693 4297 hunc
720 4243 977 4296 mundum
997 4251 1278 4312 peccatum
1305 4241 1551 4306 intravit,
1585 4250 1632 4296 el
1665 4257 1759 4309 per
1782 4256 1905 4311 pec-

307 4349 505 4394 catum
554 4352 722 4391 mors.
759 4355 775 4388 I
806 4336 1064 4406 Exemplo
1097 4337 1180 4391 vel
1212 4335 1382 4391 forma
1403 4337 1444 4388 ¹.
1467 4336 1749 4402 Qumnodo
1781 4352 1903 4390 cum

301 4449 431 4489 non
465 4441 609 4486 esset
643 4438 946 4500 peccatum,
982 4444 1077 4498 per
1107 4429 1277 4483 Adam
1327 4430 1586 4487 advenit;
1620 4430 1689 4481 ita
1739 4430 1904 4482 etiam

1322 365 1742 427 EXPOSITIO
1787 364 1866 425 ΙΝ
1911 366 2150 428 EPIST.
2191 366 2292 427 AD
2335 366 2516 426 ROM.

294 475 471 530 servis
505 473 684 545 impiis
713 484 1034 540 moreretur,
1095 482 1149 528 et
1198 475 1573 529 universitatis
1620 473 1873 529 conditor
1904 481 1945 535 Α

3445 358 3549 421 694

2053 495 2072 528 ι
2108 477 2174 531 Et
2206 477 2277 531 ita
2306 477 2360 529 in
2395 491 2587 531 omnes
2621 476 2868 531 homines
2899 488 3043 529 mors
3092 473 3464 541 pertransit-it.
3527 493 3544 524 ι

1980 569 2112 622 [tum
2141 569 2212 621 ita
2241 577 2486 634 peccant,
2509 578 2563 622 et
2590 567 3166 622 similitermoriuntur
3191 565 3233 618 ³.
3265 563 3378 619 Νοιι
3405 566 3553 618 enim

1977 661 2030 714 in
2064 661 2354 720 Abraham.
2386 671 2435 714 et
2463 659 2638 720 Isaac,
2666 669 2720 711 et
2747 657 2916 711 Jacob
2955 656 3272 726 pertransiit
3305 658 3373 710 de
3426 657 3553 722 quis

1976 753 2078 805 bus
2106 753 2235 805 dicit
2261 751 2522 805 Dominus
2553 769 2565 804 :
2598 749 2793 804 Omnes
2817 749 2956 802 enim
2985 747 3068 800 illi
3087 748 3264 800 vivunt
3285 745 3435 806 (Luc.
3467 762 3553 807 xx.

1977 843 2088 910 58).
2131 841 2228 896 [lic
2255 853 2434 896 autem
2471 845 2590 896 ideo
2617 842 2749 896 dicit
2777 856 2967 896 omnes
2998 849 3263 901 mortuos,
3317 837 3442 908 quia
3503 839 3553 891 in

1980 934 2322 987 multitudine
2348 945 2690 1001 peccatorum
2719 948 2824 986 non
2854 934 3194 1000 excipientur
3220 932 3371 998 pauci
3395 929 3552 999 justi.

1979 1027 2125 1081 sicut
2180 1027 2305 1080 ibi:
2361 1026 2484 1080 Non
2534 1037 2607 1081 est
2659 1028 2748 1096 qui
2799 1027 2963 1096 faciat
3033 1025 3280 1077 bonum:

1981 1136 2141 1188 usque
2173 1120 2242 1172 ad
2268 1137 2429 1173 unum
2457 1119 2628 1190 (Psal.
2659 1134 2780 1182 xm,
2805 1120 2881 1184 5).
2919 1118 2981 1170 Et
3008 1117 3183 1170 omnis
3211 1117 3372 1170 homo
3403 1129 3555 1167 mcu-

1979 1211 2110 1266 dax.
2145 1211 2270 1264 Sive
2302 1211 2353 1264 in
2383 1228 2480 1266 eos
2536 1226 2724 1266 omnes
2771 1211 3109 1278 pertransiit,
3161 1211 3251 1273 qui
3295 1209 3554 1266 humano,

1983 1319 2089 1358 non
2140 1304 2351 1357 ccelesti
2399 1304 2503 1356 ritu
2562 1303 2833 1355 vivebant.
2886 1300 3018 1354 item
3064 1290 3208 1352 'nunc
3264 1299 3556 1365 Apostolus

1985 1404 2209 1448 mortem
2242 1395 2437 1448 anima:
2464 1395 2756 1463 signiﬁcat,
2815 1395 2938 1461 quia
2981 1394 3147 1444 Adam
3197 1392 3557 1461 pra-varicans

1985 1499 2226 1542 mortuus
2255 1496 2355 1552 est,
2387 1486 2528 1542 sicut
2561 1497 2613 1540 et
2649 1486 2907 1554 propheta
2938 1487 3067 1539 dicit
3103 1503 3118 1539 :
3171 1485 3382 1545 Anima,
3441 1497 3558 1548 qua:

1983 1592 2187 1651 peccat,
2209 1584 2319 1650 ipsa
2340 1579 2821 1647 morietur(Ezech.
2844 1593 2994 1631 xvttt.
3015 1576 3091 1639 4).
3115 1574 3391 1630 Transivit
3413 1575 3556 1624 enim

1983 1684 2037 1729 et
2073 1675 2126 1728 in
2164 1689 2353 1729 omnes
2384 1673 2656 1737 homines,
2687 1671 2779 1740 qui
2811 1670 3107 1724 naturalem
3149 1668 3317 1736 legem
3354 1680 3559 1732 pra‘va-

1985 1767 2138 1820 ricati
2177 1775 2320 1820 sunt.
3256 1823 3260 1827 ,

2063 1877 2080 1908 ι
2113 1858 2166 1910 ln
2194 1873 2298 1926 quo
2320 1871 2507 1912 omnes
2529 1864 2911 1922 peccaverunt.
2949 1873 2965 1904 ι
2987 1852 3099 1906 Hoc
3125 1861 3198 1905 est
3238 1851 3287 1904 in
3313 1864 3397 1912 eo,
3419 1845 3562 1918 quod

1990 1967 2181 2005 omnes
2229 1956 2606 2018 peccaverunt,
2644 1949 2890 2016 exemplo
2927 1945 3054 2000 Athe
3085 1952 3329 2010 peccant.

2068 2061 2086 2094 ι
2127 2040 2308 2111 Usque
2329 2042 2394 2093 ad
2420 2042 2590 2110 legem
2607 2042 2749 2094 enim
2772 2045 3185 2108 peccatumerat
3218 2034 3508 2087 inmundo.
3537 2049 3554 2082 ι

1992 2133 2101 2188 Lex
2129 2135 2330 2202 peccati
2365 2132 2563 2186 vindex
2597 2132 2836 2195 advenit,
2915 2140 3038 2182 ante
3078 2128 3235 2195 cujus
3274 2127 3562 2179 adventum

1994 2223 2237 2289 liberius,
2266 2223 2352 2278 vel
2384 2222 2668 2292 praesentis
2705 2222 2831 2276 vita
2863 2221 3196 2287 longitudine
3221 2217 3563 2270 lruebantur.

1995 2314 2125 2368 Erat
2150 2316 2365 2386 quidem
2394 2325 2520 2370 ante
2543 2316 2716 2384 legem
2742 2321 3045 2383 peccatum,
3068 2311 3159 2364 sed
3194 2308 3386 2363 nonita
3411 2316 3566 2374 puta-

1997 2407 2158 2460 batur
2183 2422 2302 2462 esse
2333 2415 2638 2476 peccatum,
2672 2405 2800 2473 quia
2845 2403 2956 2472 jam
3004 2417 3140 2470 pene
3198 2402 3564 2455 oblitteratum

1999 2498 2172 2552 fuerat
2203 2499 2254 2551 in
2297 2507 2517 2552 natura.
2555 2498 2688 2552 Item
2739 2497 2923 2551 dicens
2961 2511 2976 2548 :
3039 2493 3222 2562 Usque
3265 2494 3328 2544 ad
3373 2491 3568 2561 legem,

1997 2590 2164 2660 Moysi
2188 2590 2463 2658 signiﬁcat
2497 2607 2512 2645 :
2540 2590 2781 2644 lnfcrens
2803 2598 3002 2651 autem,
3027 2597 3306 2657 peccatum
3339 2599 3442 2637 non
3466 2583 3572 2636 im-

1999 2694 2222 2753 putatur
2250 2697 2373 2738 cum
2399 2683 2481 2738 lex
2508 2699 2612 2737 non
2635 2693 2718 2738 est
2753 2700 2766 2738 :
2797 2681 3104 2736 naturalem
3155 2680 3345 2734 iterum
3387 2688 3568 2731 osten-

1996 2775 2073 2830 dit
2101 2776 2294 2844 legetn,
2324 2791 2418 2843 per
2445 2790 2606 2843 quam
2643 2774 3032 2842 praevaricatus
3067 2781 3148 2826 est
3185 2771 3316 2826 Cain
3341 2785 3356 2836 ;
3381 2781 3430 2822 ct
3451 2777 3572 2839 post

1996 2865 2198 2935 ipsum,
2222 2865 2314 2934 qui
2343 2867 2646 2918 naturalem
2676 2868 2846 2935 legem
2878 2863 3210 2932 praevaricati
3242 2872 3388 2914 sunt.

2075 2975 2092 3007 ι
2126 2954 2416 3010 Peccatum
2441 2966 2619 3008 autem
2646 2970 2750 3008 non
2783 2955 3172 3021 imputabatur.
3199 2967 3320 3005 cum
3357 2953 3438 3003 lex
3462 2965 3568 3002 non

1996 3057 2158 3106 esset.
2197 3066 2216 3100 ι
2252 3049 2537 3115 Quomodo
2569 3063 2716 3101 mors
2742 3049 3020 3116 regnabat,
3048 3047 3092 3100 si
3119 3061 3224 3098 non
3261 3043 3570 3110 imputaba-

2001 3149 2088 3195 tur
2118 3139 2442 3209 peccaturo?
2472 3139 2578 3194 nisi
2608 3138 2922 3204 subaudias,
2967 3139 3018 3192 in
3045 3135 3296 3208 praesenti
3323 3153 3427 3189 non
3467 3138 3573 3188 im-

1999 3235 2308 3304 putabatur.

2075 3346 2093 3379 ι
2138 3326 2244 3382 Sed
2279 3326 2522 3396 regnavit
2571 3339 2719 3380 mors
2772 3324 2840 3378 ab
2870 3323 3040 3377 Adam
3105 3337 3281 3391 usque
3319 3319 3384 3374 ad
3424 3319 3572 3388 Moy-

2000 3434 2118 3473 sen.
2161 3438 2181 3471 ι
2217 3419 2344 3472 Sive
2393 3419 2516 3472 dmn
2560 3433 2668 3472 non
2719 3426 2884 3481 esset,
2941 3416 3029 3483 qui
3074 3415 3217 3468 inter
3259 3413 3464 3484 justum
3520 3420 3576 3464 et

2002 3510 2259 3578 injustum
2310 3519 2437 3564 ante
2504 3507 2952 3574 distlngueret‘,
3035 3506 3262 3575 putabat
3323 3518 3467 3556 mors
3517 3516 3578 3556 se

2001 3602 2253 3654 omnibus
2309 3602 2601 3655 dominari.
2650 3600 2776 3653 Sive
2836 3613 2939 3652 non
2988 3597 3163 3650 solum
3218 3597 3269 3649 in
3333 3610 3448 3656 eos,
3482 3594 3573 3661 qui

2005 3704 2331 3764 prmeeptntn
2373 3695 2514 3748 sicut
2550 3693 2716 3746 Adam
2768 3689 3095 3759 transgressi
3130 3696 3255 3742 sunt
3293 3704 3307 3740 :
3356 3688 3456 3739 hoc
3492 3693 3576 3738 est

2004 3789 2070 3840 de
2105 3787 2228 3838 ﬁliis
2275 3783 2405 3850 Noe,
2443 3786 2636 3854 quibus
2665 3784 2878 3852 jussum
2923 3789 3028 3843 est,
3075 3795 3142 3855 ne
3194 3778 3431 3832 animam
3462 3775 3574 3847 [ΑΙ.

2003 3874 2248 3948 carnem]
2281 3876 2332 3929 in
2393 3875 2658 3944 sanguine
2691 3875 3084 3926 manducarent
3115 3868 3266 3939 (Cen.
3295 3883 3367 3929 ιχ,
3397 3867 3490 3934 4);
3520 3877 3579 3922 et

2005 3970 2072 4024 de
2097 3969 2220 4023 ﬁliis
2257 3967 2509 4032 Abrahaz,
2554 3967 2749 4032 quibus
2806 3960 3158 4017 circumcisio
3211 3960 3460 4011 mandata
3494 3967 3580 4011 est

2008 4061 2161 4128 (Cen.
2191 4075 2324 4124 xvii,
2362 4058 2448 4126 l0)
2480 4057 2613 4114 :sed
2657 4057 2819 4109 etiam
2853 4057 2905 4108 iu
2956 4068 3074 4119 eos,
3106 4051 3196 4119 qui
3230 4050 3348 4104 sine
3375 4063 3582 4118 prame-

2007 4165 2096 4226 pto
2128 4153 2299 4223 legem
2329 4163 2708 4223 contempsere
2739 4162 2968 4206 nalurze.

2083 4264 2102 4298 ι
2146 4245 2318 4299 Etiam
2348 4246 2536 4310 ineos,
2572 4245 2664 4314 qui
2698 4260 2803 4296 non
2841 4249 3206 4310 peccaverunt
3238 4242 3291 4294 in
3327 4239 3584 4294 similitu-

2008 4335 2189 4392 dinem
2255 4336 2714 4404 praevaricatioois
2761 4335 2910 4388 Adae.
2950 4353 2968 4385 ι
3006 4333 3067 4387 lli
3126 4341 3272 4398 sunt,
3324 4331 3434 4402 qui.
3472 4345 3582 4384 non

2010 4430 2064 4485 in
2102 4429 2507 4483 similitudinem
2541 4426 3005 4498 pra:varicationis
3027 4426 3153 4477 Adae
3174 4431 3538 4494 peccaverunt
3563 4439 3580 4476 :

3323 1041 3424 1076 non
3479 1031 3556 1074 est

307 4543 450 4581 rum
489 4541 626 4593 pene
673 4527 812 4594 apud
853 4524 1061 4577 nullum
1121 4522 1324 4588 iustitia
1390 4523 1758 4584 remansisset,
1813 4537 1908 4590 per
1941 4524 1982 4576 ο
2012 4523 2106 4591 qui
2157 4537 2250 4591 per
2298 4521 2599 4575 naturalem
2643 4520 2813 4587 legem
2852 4518 3172 4590 transgressi
3203 4525 3350 4583 sunt,
3389 4525 3442 4569 et
3479 4530 3583 4568 non

303 4619 608 4674 Christum
639 4627 720 4672 cst
753 4628 1030 4672 revotzata.
1063 4615 1415 4685 thuomodo
1437 4630 1530 4682 per
1557 4615 1697 4667 illius
1720 4629 1910 4684 pecca-

307 4724 440 4764 tum
481 4725 626 4762 mors
653 4710 877 4763 intravit
900 4749 916 4772 ,
956 4709 1027 4761 ita
1051 4717 1106 4763 et
1134 4723 1227 4776 per
1257 4708 1416 4773 hujus
1479 4706 1746 4774 justitiam
1799 4709 1907 4760 vita

299 4813 404 4858 est
441 4809 691 4868 reparata
724 4801 924 4865 futura,
957 4812 1061 4853 non
1092 4811 1351 4866 praesens.

389 4969 408 4998 '
453 4964 656 5018 Locum
703 4960 848 5014 hunc
876 4959 1079 5014 llarius
1117 4958 1384 5013 Mercator
1424 4958 1488 5011 de
1509 4955 1705 5024 Pelagii
1772 4955 1912 5007 libro

299 5040 394 5092 sic
424 5035 621 5086 recitat
646 5047 660 5084 :
689 5050 706 5081 ι
734 5031 1012 5095 Exemplo,
1036 5031 1234 5094 inquit,
1263 5028 1606 5096 seuitnagine
1630 5041 1758 5080 usus
1782 5039 1863 5079 est
1892 5042 1906 5082 :

301 5108 459 5176 quia
481 5105 758 5156 sit-ntcutn
787 5111 1048 5152 noncswt
1079 5108 1379 5176 peccatum,
1409 5095 1908 5176 perAdatnsubitt-

301 5166 522 5235 t'ravit,
560 5177 637 5226 sic
669 5185 714 5223 et
752 5187 870 5222 cum
900 5186 1005 5221 non
1032 5166 1378 5220 rctnausisset
1400 5168 1607 5231 jttstitia
1641 5168 1780 5234 apud
1815 5166 1909 5218 ali-

294 5260 517 5318 quoto,
549 5244 656 5318 vita
677 5255 780 5318 per
805 5240 1344 5318 Christumreparata
1376 5247 1478 5318 est:
1520 5255 1538 5285 ι

385 5318 410 5347 ³
449 5306 610 5368 Hunc
640 5306 778 5363 idI-m
805 5310 1070 5362 Mercator
1094 5309 1268 5361 locum
1299 5309 1366 5359 ita
1390 5307 1551 5360 refert
1575 5323 1589 5362 :
1616 5326 1632 5357 ι
1655 5308 1786 5359 Cum
1807 5306 1908 5370 sic,

297 5385 533 5454 inquit.
570 5392 816 5454 peccant,
846 5380 1095 5454 situilitcr
1121 5387 1176 5432 et
1205 5379 1531 5454 nioriuntur.
1558 5377 1740 5444 Neque
1761 5379 1906 5454 eui-ut

295 5445 413 5512 aui
435 5458 496 5504 in
517 5445 810 5513 Abraham,
832 5461 921 5500 aut
937 5449 1104 5509 Isaac,
1124 5459 1211 5499 aut
1229 5445 1556 5501 Jacobmors
1575 5464 1656 5514 pet
1673 5449 1907 5510 transiit,

297 5531 380 5580 de
404 5524 615 5590 quibus
635 5520 892 5572 Dominus
911 5521 985 5571 ait
1007 5535 1020 5570 :
1042 5516 1105 5570 Hi
1131 5532 1319 5570 omnes
1342 5516 1547 5569 vivunt.
1582 5517 1676 5569 His
1703 5526 1908 5590 autem,

295 5588 538 5663 inquit,
577 5603 856 5660 propterea
911 5590 1043 5641 dicit
1101 5599 1600 5663 utnttcsunortuos.
1650 5588 1906 5663 quoniam

297 5656 693 5720 niiiltttudine
709 5667 1051 5725 peccatorum
1075 5674 1176 5709 non
1196 5656 1540 5724 escipiuntur
1562 5659 1715 5726 pauci
1732 5656 1864 5724 justi
1891 5673 1905 5707 :

294 5738 485 5790 sient
522 5741 577 5783 et
600 5731 730 5783 alibi
765 5732 934 5794 inquit
975 5745 988 5781 :
1029 5728 1141 5780 Non
1176 5738 1256 5779 est
1279 5728 1369 5795 qui
1398 5728 1556 5780 iaciat
1591 5729 1904 5790 bonitatem,

295 5823 441 5862 ιιυιι
489 5813 766 5870 estusque
799 5801 864 5852 ad
899 5815 1083 5852 Uttttttt.
1125 5798 1186 5850 Et
1230 5798 1421 5850 iterum
1479 5797 1606 5850 illttd
1667 5797 1838 5863 inquit
1891 5814 1902 5846 ;

2012 4615 2154 4668 sicut
2181 4613 2354 4667 Adam
2392 4628 2487 4680 per
2519 4615 2854 4666 mandatum.

2087 4723 2105 4755 ι
2144 4705 2245 4770 Qui
2295 4715 2379 4758 est
2421 4705 2589 4757 forma
2620 4701 2809 4756 futuri.
2861 4720 2880 4753 ι
2924 4701 3049 4755 Sive
3088 4701 3208 4755 ideo
3267 4698 3441 4753 forma
3481 4695 3585 4750 fuit

1973 4797 2238 4861 «Christi,
2273 4797 2396 4866 quia
2447 4797 2589 4851 sicut
2643 4796 2812 4850 Adatn
2863 4795 2982 4849 sine
3028 4793 3173 4849 coitu
3205 4809 3234 4846 a
3268 4792 3378 4846 Deo
3412 4790 3586 4844 factus

2012 4962 2202 5017 Omnis
2249 4962 2413 5013 homo
2469 4959 2724 5012 mendax.
2776 4958 2880 5011 Attt
2931 4964 3080 5010 certe
3120 4954 3174 5008 in
3224 4952 3343 5006 illos
3392 4954 3584 5004 omnes

2013 5029 2350 5101 pertransiit,
2387 5031 2586 5101 inquit,
2623 5029 2715 5098 qtti
2749 5030 2986 5081 humano
3019 5028 3147 5087 ritu,
3191 5037 3297 5076 non
3346 5020 3581 5082 cwlesti,

2011 5099 2137 5157 Sunt
2160 5099 2482 5153 conversati.
2517 5117 2537 5151 ι

2082 5172 2103 5201 ³
2133 5171 2288 5237 Apud
2331 5172 2580 5222 eumdem
2638 5183 2704 5221 ex
2777 5166 2976 5234 Pelagii
3007 5164 3145 5218 libro
3174 5158 3405 5237 ;‘t_Sive
3451 5173 3575 5237 cum

2013 5257 2119 5296 non
2150 5232 2316 5304 esset,
2350 5238 2547 5306 inquit,
2581 5240 2670 5307 qni
2705 5240 2845 5290 inter
2872 5232 3075 5306 justum
3104 5244 3160 5307 et
3187 5232 3444 5307 injustam
3470 5232 3580 5307 dis-

2011 5319 2280 5375 cerneret,
2306 5301 2540 5380 putabat
2561 5301 2708 5362 niors
2739 5323 2798 5362 se
2847 5301 3107 5380 όιιιιιιιιιιι.
3133 5303 3423 5364 dominari,
3453 5301 3583 5380 sive

2014 5385 2065 5434 ιιι
2099 5396 2194 5434 eos
2223 5369 2325 5447 qui
2368 5380 2682 5432 mandatum
2727 5386 2981 5447 tanquam
3031 5373 3201 5425 Adam
3237 5369 3575 5439 prmvaricati

2013 5463 2164 5513 sunt,
2203 5446 2301 5502 hoc
2323 5461 2426 5513 est,
2458 5449 2524 5503 de
2557 5449 2684 5501 ﬁliis
2716 5446 2849 5510 Noe,
2887 5447 3084 5512 quibus
3112 5452 3436 5510 praeceptum
3468 5447 3576 5513 est,

2014 5531 2069 5574 ut
2105 5505 2338 5574 animam
2401 5505 2452 5572 in
2508 5521 2767 5587 sanguine
2805 5505 2934 5587 imit
2972 5505 3382 5587 tuattt'lttcarent,
3416 5517 3469 5562 et
3508 5505 3580 5587 de

2014 5594 2137 5644 liltis
2192 5592 2486 5652 Abraham,
2521 5584 2718 5655 quibus
2768 5584 3115 5655 circumcisio
3153 5584 3401 5634 mandata
3437 5585 3522 5646 est
3561 5588 3580 5630 :

2009 5665 2105 5714 sed
2132 5673 2185 5714 et
2214 5664 2262 5712 in
2290 5675 2382 5713 eos
2408 5662 2495 5726 qui
2522 5653 2716 5725 praeter
2749 5655 3062 5710 mandatum
3095 5653 3266 5720 legem
3332 5657 3582 5706 content-

2006 5742 2232 5803 pscraut
2263 5731 2621 5784 naturalcnm
