3934 6200
435 314 544 382 695
1399 316 1460 384 S.
1505 315 1951 382 HIERONYMI
1993 312 2317 380 OPERUM
2359 314 2773 378 MANTISSA.
3561 305 3656 370 696

431 437 520 484 est
549 428 592 496 ι,
647 427 726 486 ita
755 427 846 485 ille
883 444 948 488 ex
975 427 1222 503 Virgine,
1253 429 1462 502 Spiritu
1499 441 1692 489 sancto
1729 437 2012 503 operante,
2045 439 2090 499 Α

431 523 729 590 processit.
774 523 1002 591 Quidam
1053 524 1245 580 dicunt
1294 526 1477 581 forma
1525 525 1854 588 econtrario,
1908 523 2012 578 hoc

434 624 565 670 est:
596 614 736 670 sicut
785 615 876 671 ille
934 617 1141 686 peccati
1175 626 1355 690 caput,
1400 618 1471 674 ita
1505 627 1560 674 et
1620 619 1722 673 iste
1764 616 2010 683 iustitiae.

435 705 570 760 Item
605 705 778 760 forma
831 705 1034 762 Christi
1091 710 1260 764 Adam
1323 709 1499 766 iactus
1529 709 1819 766 est.-Sicut
1867 709 2012 762 enim

436 797 610 850 Adam
656 797 863 864 primus
895 800 1206 853 mandatum
1257 791 1380 855 Dei'
1409 802 1795 870 praevaricans,
1827 807 2013 852 exem-

438 889 587 958 plum
620 897 704 942 est
731 889 899 956 legem
935 890 1026 943 Dei
1056 893 1417 962 pratvaricare
1447 893 1779 955 volentibus,
1811 957 1820 963 τ
1849 892 1930 946 sic
1963 899 2016 944 et

439 977 690 1033 Chrisms
723 979 1056 1034 voluntatem
1115 983 1291 1039 Patris
1348 983 1648 1053 complens,
1707 981 2014 1050 exemplum

440 1079 523 1125 est
555 1069 756 1124 imitari
782 1088 903 1126 eum
935 1075 1302 1140 cupientibus.

519 1179 538 1212 ι
579 1157 712 1214 Nam
739 1177 843 1215 non
885 1163 1030 1217 sicut
1085 1166 1364 1232 delictum,
1403 1166 1475 1220 ita
1506 1173 1560 1221 et
1612 1164 1838 1219 donum.
1881 1181 1900 1214 ι
1941 1161 2021 1218 Ne
2067 1197 2079 1208 ι

443 1249 696 1307 informa
727 1255 1013 1322 aequalitas
1047 1266 1353 1325 putaretur.

520 1361 540 1395 ι
578 1344 634 1398 Si
661 1345 804 1399 enim
840 1347 1002 1401 unius
1026 1347 1225 1402 delicto
1254 1347 1404 1402 multi
1439 1347 1639 1402 mortui
1674 1346 2023 1402 sunt:multo

440 1437 613 1506 magis
643 1437 813 1505 gratia
854 1436 970 1503 Dei,
1021 1448 1076 1492 et
1105 1439 1308 1493 donum
1339 1441 1394 1494 in
1438 1439 1615 1508 gratia
1651 1439 1814 1492 unius
1845 1439 2025 1492 homi-

443 1527 531 1582 nis
559 1525 685 1582 Jesu
715 1528 922 1582 Christi
967 1529 1021 1582 in
1056 1530 1242 1598 plures
1293 1531 1591 1586 abundavit
1631 1534 1672 1585 '.
1713 1549 1734 1581 ι
1782 1529 1882 1584 Hic
1912 1544 2027 1583 ma-

444 1619 643 1674 nifeste
677 1621 856 1688 docet,
897 1622 1024 1690 quia
1049 1638 1154 1677 non
1180 1623 1506 1691 generaliter
1527 1620 1596 1676 de
1624 1620 1772 1675 omni
1806 1623 2026 1675 homine

445 1709 598 1778 dicit,
664 1713 892 1768 dicens:
923 1714 1080 1769 unius
1139 1713 1360 1780 delicto,
1397 1715 1552 1769 multi
1607 1717 1808 1769 mortui
1853 1721 2024 1768 sunt:

446 1801 573 1869 quia
611 1805 886 1856 communi
918 1813 973 1858 et
1001 1805 1237 1858 naturali
1287 1816 1462 1859 morte
1522 1819 1628 1859 non
1669 1803 1844 1860 solum
1898 1817 2028 1872 pecu
2061 1805 2100 1859 Β

451 1903 664 1960 cautes,
697 1894 791 1948 sed
825 1895 1034 1964 etjnsti
1071 1896 1376 1950 moriuntur
1397 1897 1443 1950 ³.

523 2003 542 2037 ι
584 1985 648 2040 Ει
688 2001 791 2041 non
843 1987 987 2042 sicut
1039 2002 1138 2057 per
1181 2003 1350 2043 unum
1399 1997 1702 2059 peccatum,
1740 1989 1812 2044 ita
1857 1987 2027 2045 etdu-

448 2093 600 2132 num.
644 2097 664 2130 ι
706 2076 810 2134 Sed
836 2080 1090 2148 amplius.

525 2189 546 2222 ι
585 2169 722 2225 Nam
756 2170 1019 2238 judicium
1053 2172 1273 2243 quidem
1311 2187 1374 2230 ex
1408 2189 1518 2230 uno
1549 2178 1600 2230 in
1625 2173 2031 2230 condemnatio-

449 2277 596 2318 nem.
634 2281 652 2314 ι
691 2261 769 2316 Ex
802 2279 910 2317 uno
955 2263 1103 2336 justo
1148 2276 1409 2336 peccante
1468 2269 1742 2338 processit
1767 2265 2028 2336 judicium

453 2351 664 2405 mortis.

526 2463 546 2496 ι
587 2442 770 2497 Gratia
801 2454 981 2499 autem
1010 2459 1073 2498 ex
1121 2446 1308 2502 multis
1338 2448 1553 2503 delictis
1581 2449 1636 2503 in
1690 2448 2032 2520 justiﬁcatio-

453 2552 601 2591 nem.
642 2555 661 2588 ι
700 2537 834 2603 Quia
872 2553 978 2592 non
1013 2541 1222 2594 invenit
1256 2543 1426 2595 Adam
1457 2543 1681 2595 multam
1736 2543 2030 2611 justitiam.

453 2644 616 2696 quam
675 2645 778 2684 suo
837 2633 1086 2700 exemplo
1138 2632 1442 2688 destrueret
1483 2650 1499 2688 :
1540 2635 1790 2689 Christus
1853 2646 2031 2688 autem

454 2724 629 2789 gratia
683 2739 779 2778 sua
831 2725 1118 2780 multorum
1179 2739 1400 2796 peccata
1438 2728 1708 2783 dissolvit.
1745 2730 1812 2784 Et
1860 2729 2030 2783 Adam

455 2817 626 2870 solam
661 2817 888 2872 formam
923 2817 1052 2874 iecit
1079 2819 1261 2876 delicti
1298 2839 1311 2875 :
1341 2820 1597 2876 Christus
1630 2837 1760 2878 vero
1788 2833 1841 2878 et
1864 2825 2033 2894 gratis

454 2919 676 2978 peccata
715 2910 953 2978 remisit,
982 2912 1283 2980 etjustitia:
1316 2914 1462 2968 dedit
1500 2915 1829 2983 exemplum.

531 3019 550 3050 ι
588 2999 643 3054 Si
668 3001 810 3055 enim
849 3005 1010 3056 unius
1038 3003 1234 3057 delicto
1263 3019 1407 3058 mors
1429 3005 1673 3073 regnavit
1705 3020 1799 3074 per
1825 3021 1990 3059 unttm
2017 3022 2032 3063 :

456 3094 626 3148 multo
661 3095 840 3164 magis
863 3096 1250 3152 abundantiam
1287 3100 1494 3166 gratiae,
1534 3108 1586 3151 et
1619 3098 1948 3164 donationis,
1979 3108 2032 3154 et

451 3184 676 3252 justitiae
718 3187 1049 3256 accipientes
1087 3187 1138 3242 in
1203 3188 1331 3254 vita,
1366 3191 1668 3257 rcgnaliunt
1717 3205 1813 3258 per
1864 3206 2030 3244 unum

452 3273 640 3332 Jesum
691 3278 989 3334 Christmn.
1032 3298 1050 3330 ι
1089 3279 1268 3346 Quare
1324 3282 1494 3336 multa
1536 3291 1757 3350 peccata
1807 3281 2034 3347 dimisit,

457 3371 790 3425 abundantia
843 3371 1156 3426 donationis
1192 3372 1427 3441 Spiritus
1463 3372 1662 3438 sancti,
1697 3375 1823 3442 quia
1868 3375 2034 3429 multa

461 3463 786 3526 suntdona.
820 3464 937 3532 ipsa
966 3464 1110 3519 enim
1161 3465 1372 3535 justitia
1422 3465 1660 3520 donatur
1705 3481 1801 3536 per
1855 3465 2036 3534 bapti-

459 3571 779 3616 smum.non
812 3572 875 3610 cr
920 3557 1116 3613 merito
1147 3559 1472 3629 possidetur.

532 3741 548 3774 ¹
585 3741 727 3797 ldcm
779 3740 1029 3815 legerat:
1067 3764 1086 3798 ‹
1131 3745 1398 3811 Quoniam
1453 3743 1596 3815 sicut
1631 3745 1800 3799 Adam
1839 3755 2038 3814 praeter

461 3815 665 3868 coitum
706 3831 732 3865 a
769 3814 878 3868 Deo
912 3815 1176 3872 formatus
1201 3826 1284 3871 est
1314 3833 1328 3872 :
1353 3819 1431 3870 sic
1459 3825 1512 3869 et
1543 3814 1794 3869 Christus
1823 3831 1902 3870 εκ·
1924 3817 2038 3869 vir~

461 3886 605 3956 gina,
662 3885 966 3938 fahricante
1021 3883 1227 3952 Spiritu
1296 3897 1506 3944 saneto.
1563 3887 1866 3956 processit;
1925 3887 2038 3940 sive

464 3957 601 4010 sicut
627 3957 845 4019 quidam
867 3956 1077 4018 dicunt,
1109 3958 1281 4012 forma
1318 3973 1344 4007 a
1377 3955 1675 4015 contrario,
1711 3957 1813 4008 ltoc
1848 3965 1951 4020 est,
1981 3965 2040 4009 ttt

462 4026 715 4079 sicutille
744 4035 903 4091 caput
943 4029 1172 4091 peccati,
1212 4029 1292 4080 sic
1338 4027 1438 4079 iste
1471 4035 1631 4092 caput
1659 4024 1886 4088 iustitiae
1925 4033 2033 4080 est.

463 4110 559 4148 suo
594 4111 696 4149 una
729 4111 882 4148 sucur
913 4111 1209 4159 osucruu,
1239 4112 1326 4150 t’l‘A
1345 4112 1414 4150 ET
1433 4107 1630 4150 DONL'M.
1658 4094 1737 4148 Ne
1760 4095 1814 4148 in
1839 4094 2037 4160 forma,

464 4165 663 4229 inquit.
697 4165 982 4228 {equalitas
1015 4177 1320 4233 putaretur.
1361 4183 1380 4216 ι

541 4235 562 4266 ³
597 4235 769 4286 Aliter
803 4250 829 4286 a
868 4233 1087 4298 Pelagio
1117 4235 1418 4302 expositum
1449 4235 1624 4289 locum
1661 4234 1913 4286 laudatus
1940 4249 2040 4287 att-

467 4304 863 4376 ctorinvenit:
899 4323 916 4354 α
941 4303 1066 4359 Plus
1090 4305 1280 4376 valuit,
1311 4305 1485 4376 inquit
1518 4303 1830 4376 Apostolus,
1867 4305 2040 4376 gratia

465 4375 520 4445 in
557 4373 906 4445 viviticando,
935 4390 1096 4445 quam
1135 4373 1417 4442 peccatum
1457 4375 1508 4428 in
1551 4374 2039 4445 occidetnlotquia

465 4441 640 4497 Adam
689 4459 748 4497 se
794 4441 967 4497 solum
1002 4453 1055 4498 et
1087 4441 1215 4498 suos
1263 4456 1506 4513 posteros
1541 4442 1848 4505 intcrl’ecit;
1877 4441 2040 4498 Chri-

2057 3148 2104 3210 C

2194 454 2215 487 ‹
2247 431 2418 502 igitur
2448 432 2589 488 sicut
2623 447 2722 501 per
2772 428 2936 485 unius
2971 425 3234 484 delictum
3275 422 3328 478 in
3361 435 3538 477 omnes
3563 422 3656 474 ho-

2121 529 2294 583 mines
2328 528 2382 582 in
2413 512 2948 588 condemnationem,
3011 521 3092 577 sic
3121 529 3175 574 et
3227 533 3325 588 per
3349 516 3499 569 unius
3522 514 3660 581 justi-

2121 620 2250 674 tiam
2284 620 2338 675 in
2381 633 2570 674 omnes
2606 617 2856 672 homines
2907 616 2960 670 in
3009 612 3446 684 justiilcationem
3475 607 3603 660 vitae.
3637 624 3655 658 ι

2121 713 2266 767 Mors
2297 711 2568 783 regnavit,
2630 710 2972 771 subauditur,
3017 708 3091 762 ita
3122 716 3178 760 et
3221 719 3315 772 per
3343 701 3659 772 iustiﬁcatio-

2121 819 2246 860 nem
2272 804 2440 872 gratia
2477 804 2740 871 regnavit.
2770 803 3013 870 Itemque
3040 797 3292 866 superius
3319 795 3446 850 dicit
3471 802 3490 848 τ
3534 793 3662 848 Nun-

2121 897 2249 968 quid
2309 897 2520 965 im'quus
2563 893 2728 960 Deus,
2784 895 2876 963 qui
2907 893 3064 957 infert
3111 890 3302 944 iram?
3327 884 3390 940 Et
3449 886 3661 954 adjecit:

2124 991 2272 1045 Absit
2303 989 2476 1061 (Rom.
2503 1007 2584 1055 tn,
2615 990 2668 1054 5,
2701 988 2793 1055 6)!
2828 987 3095 1056 quomodo
3143 992 3320 1051 potest
3355 983 3510 1033 unius
3546 978 3662 1032 deli-

2123 1097 2216 1142 cto
2267 1085 2401 1140 Δότε
2452 1098 2642 1138 omnes
2685 1082 2931 1137 homines
2992 1074 3392 1133 condemnare?
3427 1087 3537 1126 cum
3584 1084 3666 1123 nec

2124 1175 2288 1230 unius
2331 1173 2537 1228 Christi
2586 1171 2802 1241 iustitia
2859 1183 3051 1223 omnes
3114 1166 3359 1221 homines
3411 1161 3666 1226 iustiﬁcati

2125 1267 2292 1324 sunt?
2332 1265 2537 1320 Omnes
2567 1273 2753 1318 autem
2796 1261 3002 1323 dicens,
3036 1273 3142 1314 non
3194 1253 3510 1326 generaliter
3535 1251 3666 1312 dicit.

2127 1359 2222 1415 sed
2273 1355 2697 1424 uniuscujusque
2745 1351 2916 1421 partis
2947 1347 3218 1416 signiﬁcat
3269 1342 3666 1398 multitudinem.

2129 1449 2382 1519 Alioquin
2433 1445 2784 1500 inveniuntur
2817 1457 3008 1497 omnes
3045 1441 3292 1510 homines
3335 1435 3596 1507 justiticati
3627 1435 3669 1484 in

2129 1543 2367 1607 Christo,
2396 1541 2534 1596 sicut
2573 1548 2626 1593 et
2661 1539 2711 1592 in
2761 1538 2932 1592 Adam
2967 1530 3314 1590 condemnati
3348 1540 3560 1586 :etnon
3588 1527 3674 1581 erit

2133 1635 2276 1691 ultra
2305 1634 2396 1703 qui
2425 1632 2704 1702 puniatur.

2209 1747 2228 1781 ι
2270 1715 2425 1781 Sicut
2467 1723 2612 1778 enim
2652 1739 2748 1794 per
2807 1719 3231 1777 inohedientiam
3263 1716 3424 1770 unius
3469 1712 3678 1767 hominis

2128 1829 2448 1892 peccatores
2477 1815 2760 1874 constituti
2788 1823 2917 1870 sunt
2954 1812 3128 1876 multi,
3201 1811 3272 1864 ita
3314 1817 3371 1861 et
3419 1822 3511 1876 per
3542 1805 3678 1857 unius

2128 1912 2492 1968 obedientiam
2559 1909 2691 1980 justi
2759 1910 3165 1962 constituentur
3229 1901 3410 1956 multi.
3473 1919 3492 1952 ι
3550 1897 3680 1950 Sicut

2129 2005 2376 2076 exemplo
2439 2002 2824 2061 inobedientiat
2898 1999 3030 2056 Adae
3111 2002 3480 2068 peccaverunt
3527 1991 3678 2045 multi.

2129 2098 2349 2154 Grande
2377 2097 2521 2152 enim
2549 2095 2756 2151 crimen
2790 2091 3174 2149 inobedientiae
3211 2097 3319 2152 est,
3351 2085 3494 2156 quod
3524 2093 3681 2139 tantos

2131 2192 2354 2248 occidit.

2208 2303 2228 2336 σ
2260 2283 2370 2337 Lex
2407 2291 2588 2336 autem
2647 2276 2995 2342 subintravit,
3100 2283 3159 2328 ut
3215 2272 3521 2326 almndaret
3571 2265 3685 2320 deli-

2133 2387 2308 2430 ctum.
2349 2393 2368 2428 ›
2403 2373 2542 2440 Quia
2565 2371 2871 2427 naturalem
2907 2368 3083 2434 legem
3113 2366 3381 2420 habentes
3412 2361 3608 2417 Hebraei
3638 2366 3684 2414 et

2133 2467 2326 2520 scribat
2377 2470 2744 2532 acceperunt,
2803 2469 3088 2530 propterea
3141 2458 3308 2519 dicit,
3363 2452 3683 2506 Sttlti’ttlravit.

2133 2557 2239 2627 Ipsi
2280 2558 2428 2612 enim
2487 2557 2554 2609 ad
2597 2551 3205 2623 majorcmvmereedem
3259 2549 3584 2616 accipientes
3621 2544 3686 2598 le-

2134 2665 2276 2719 gem,
2315 2663 2413 2718 per
2447 2663 2598 2702 suam
2653 2645 3037 2714 negligentiam
3084 2658 3189 2697 non
3237 2635 3686 2696 custodientes.in

2137 2739 2313 2808 majus
2344 2738 2660 2793 ceciderunt
2706 2735 2986 2799 delictum,
3018 2746 3087 2786 ne
3129 2732 3400 2794 dicerent,
3436 2729 3524 2783 sed
3559 2726 3688 2779 nobis

2135 2833 2221 2889 lex
2256 2840 2542 2900 peccatum
2577 2828 2788 2883 dimisit
2816 2843 2832 2882 :
2862 2841 2998 2886 non,
3027 2824 3226 2895 inquit,
3250 2823 3402 2875 venit
3425 2821 3686 2879 dimittere,

2135 2923 2228 2976 sed
2257 2921 2637 2976 demonstrare
2674 2917 2898 2972 delicta.
2932 2913 2993 2968 Et
3019 2914 3148 2968 dum
3174 2913 3416 2967 scienter
3440 2917 3689 2978 peccatur,

2138 3014 2306 3082 cmpit
2344 3012 2627 3067 abundare
2663 3009 2925 3064 delictum
2962 3024 2977 3061 :
3011 3005 3168 3074 quasi
3195 3005 3239 3059 si
3272 3003 3478 3057 diceret
3505 3014 3524 3055 ε·
3548 3007 3601 3052 ut
3627 2997 3694 3050 vi-

2143 3107 2263 3170 deo,
2303 3105 2383 3158 lex
2418 3112 2698 3173 peccatum
2758 3117 2860 3155 non
2895 3097 3138 3162 ahstulit,
3177 3096 3271 3150 sed
3330 3093 3530 3161 adjecit
3560 3110 3572 3144 :
3601 3103 3690 3143 non

2143 3208 2323 3252 tamen
2365 3210 2465 3251 suo
2505 3195 2660 3258 vitio,
2693 3193 2784 3246 sed
2827 3192 3078 3252 illorum;
3109 3186 3466 3246 subintravit,
3491 3185 3584 3237 hoc
3607 3187 3690 3242 est,

2141 3290 2321 3346 subito
2350 3289 2596 3352 intravit,
2621 3296 2675 3342 et
2716 3285 2788 3340 ita
2822 3283 3091 3352 contingit
3137 3287 3197 3334 ut
3237 3276 3546 3332 abundaret
3579 3271 3692 3326 deli-

2140 3392 2308 3439 ctum.

2217 3493 2236 3525 ι
2283 3471 2388 3528 Ubi
2421 3478 2603 3526 autem
2660 3465 2956 3522 abundavit
2989 3463 3272 3524 delictum,
3308 3454 3695 3526 superabunda-

2141 3569 2216 3624 vit
2247 3577 2302 3624 et
2333 3565 2528 3639 gratia.
2571 3581 2590 3616 ι
2627 3561 2780 3618 Sicut
2807 3560 2882 3615 ait
2909 3556 3161 3614 Salvator
3193 3574 3208 3611 :
3237 3555 3343 3610 Cui
3368 3553 3490 3624 plus
3541 3549 3696 3604 dimit-

2145 3757 2418 3810 ltominem
2477 3758 2761 3820 peccatum
2801 3747 3036 3820 intrasse
3075 3744 3134 3820 in_
3181 3741 3497 3820 mundum._
3529 3745 3578 3791 et
3605 3749 3696 3820 per

2143 3832 2428 3894 peccatum
2479 3810 2736 3879 'mortem,
2774 3829 2938 3894 atque
2995 3818 3067 3868 ita
3123 3815 3176 3868 in
3237 3827 3454 3894 omnes
3483 3810 3699 3894 homines

2145 3890 2533 3962 pertransisse,
2602 3891 2894 3962 quamdam
2926 3901 3112 3939 eorum
3151 3890 3695 3962 _argu_mmttatiouem,

2144 3952 2235 4028 qui
2265 3972 2457 4030 negant
2489 3952 2743 4024 parvulos
2773 3965 3054 4030 peccatum
3083 3952 3355 4030 originale
3389 3960 3697 4030 gestare"...

2145 4019 2238 4088 Sic
2284 4019 2414 4102 ergo
2445 4019 2534 4085 illa
2591 4019 2994 4102 argumentatio
3033 4019 3335 4102 positaest
3371 4019 3699 4102 siliginem,

2143 4085 2462 4170 inquii—tfqui
2488 4085 3236 4170 contratratluccm_peccati
3269 4099 3430 4170 sunt,
3473 4090 3539 4139 ita
3574 4085 3695 4170 illam

2144 4163 2465 4240 impugnare
2496 4172 2791 4240 nituntur:
2825 4165 2881 4220 Si
2936 4165 3085 4240 Adae,
3134 4163 3412 4240 inquilini,
3445 4165 3698 4240 peccatum

2145 4229 2329 4298 etiam,
2353 4256 2463 4295 non
2496 4237 3078 4308 pcccantihnsnocuit.
3099 4229 3232 4308 ergo
3267 4241 3324 4283 et
3347 4229 3703 4308 Citristi’i'usti—

2147 4295 2220 4367 tia
2258 4312 2424 4367 etiam
2460 4295 2566 4364 non
2599 4305 2948 4361 credentibus
2977 4295 3200 4368 prodest
3231 4318 3248 4356 :
3283 4300 3417 4367 quia
3454 4295 3702 4353 similiter,

2149 4385 2260 4437 imo
2319 4390 2372 4435 et
2427 4379 2598 4449 magis
2638 4378 2784 4438 dicit!
2809 4391 2902 4442 per
2934 4389 3112 4449 unum
3147 4372 3374 4449 salvari.
3426 4383 3581 4449 quam
3611 4375 3706 4449 per

2152 4465 2317 4506 unum
2371 4437 2840 4516 anteuperierunt.
2881 4463 2900 4498 ι
2934 4445 3135 4499 Eadem
3191 4442 3411 4516 plenius
3467 4437 3706 4516 Mercator

467 4524 585 4568 stus
621 4528 774 4577 veto,
803 4524 855 4584 et
889 4529 982 4567 eos
1023 4517 1113 4583 qui
1145 4493 1280 4568 tum:
1299 4525 1456 4569 erant
1491 4515 1543 4568 in
1581 4493 1848 4584 corpore;
1867 4525 1920 4566 et
1949 4529 2045 4569 eos
2079 4493 2120 4547 θ
2371 4493 2793 4578 ἒηαηὶιῖῃέὶιίιξῐη.
2829 4493 2935 4584 ’(ιυί
2971 4523 3158 4584 contra
3191 4493 3493 4584 rtraducem
3527 4499 3706 4584 peccati

467 4585 562 4653 qui
589 4593 775 4650 postea
805 4583 968 4638 futuri
1002 4582 1180 4646 erant.
1225 4587 1495 4638 liberavit.
1543 4603 1560 4636 ι
1591 4582 1690 4653 Cui
1715 4597 1927 4638 veneno
1952 4599 2049 4636 an-

467 4652 697 4722 tidotum
729 4655 842 4722 ipse
877 4656 942 4708 de
969 4670 1069 4708 suo
1106 4657 1189 4710 his
1213 4656 1391 4709 verbis
1423 4655 1572 4708 addit
1606 4669 1620 4706 :
1651 4652 1749 4706 Hic
1781 4653 2050 4706 sollicitus

469 4721 774 4794 catholicus
807 4723 978 4778 lector
1011 4737 1180 4789 notet,
1223 4725 1350 4794 quid
1387 4726 1549 4794 dicat,
1592 4725 1765 4777 Adam
1805 4738 1911 4776 non
1943 4724 2049 4789 sibi

469 4793 595 4864 soli,
623 4799 717 4864 sed
748 4806 800 4845 et
831 4797 1065 4864 posteris
1093 4797 1208 4850 suis
1237 4789 1507 4849 nocuisse.
1535 4789 1686 4848 Tene
1711 4797 2049 4859 superiorem

471 4863 847 4920 deﬁnitionem
910 4864 1052 4932 ejus.
1104 4866 1356 4920 Posteros
1403 4866 1548 4920 enim
1610 4865 1698 4918 hic
1751 4864 1902 4930 dicit,
1943 4877 2050 4916 non

471 4935 663 4988 oumes
683 4937 926 4997 omnino,
957 4945 1011 4989 et
1042 4937 1241 5002 ultique
1271 4946 1414 4990 totos
1446 4936 1696 4989 homines
1722 4934 1880 4986 laesos
1908 4933 2052 4986 illius

469 5013 722 5074 peccato,
754 5007 850 5060 sed
877 5005 998 5060 illos
1026 5017 1258 5068 tantum,
1285 5009 1374 5074 qui
1405 5020 1498 5072 per
1517 5003 1878 5074 imitationem
1903 5003 2052 5056 simi-

472 5073 599 5146 liter
618 5077 744 5146 suis
772 5078 1014 5146 peccatis
1041 5086 1094 5130 et
1125 5073 1360 5146 propriis
1389 5075 1516 5129 faeti
1565 5073 1803 5146 sunt__re_i
1842 5087 2051 5146 praeva-

471 5140 782 5206 ricationis,
805 5145 950 5200 sicut
977 5140 1170 5210 Adam,
1223 5140 1315 5215 qui
1352 5146 1470 5199 sine
1503 5146 1670 5198 dubio
1701 5140 1738 5198 ii
1773 5140 1878 5210 ipsi
1925 5157 2055 5210 proo

472 5224 702 5281 nepotes
727 5224 844 5284 ejus
868 5224 921 5269 et
949 5224 1148 5285 posteri
1183 5230 1308 5272 esse
1333 5224 1701 5268 inveniuntur.
1969 5255 1982 5260 η

480 5352 509 5356 _
550 5283 571 5314 ³
604 5283 722 5337 Huc
767 5289 930 5339 etiam
988 5295 1279 5356 spectasse
1305 5287 1573 5356 videntur,
1603 5301 1720 5351 quae
1754 5288 2039 5356 impugnat

475 5352 536 5406 S.
573 5356 934 5423 Augustinus.
974 5352 1072 5410 lib.
1126 5372 1212 5422 tn,
1247 5355 1312 5409 de
1346 5353 1700 5408 Peccatorum
1738 5352 1944 5411 Meritis
2003 5361 2053 5406 et

475 5423 830 5489 Remisst’one,
860 5425 964 5480 sub
995 5441 1118 5496 cap.
1153 5427 1173 5480 ί
1223 5427 1443 5496 initium
1479 5443 1493 5496 ξ
1530 5445 1548 5478 t
1593 5423 1813 5490 Verum,
1855 5424 2050 5492 inquit,

474 5505 602 5568 post
632 5498 993 5568 paucissimos
1024 5500 1140 5568 dies
1169 5497 1272 5568 legi
1299 5495 1498 5564 Pelagii
1532 5497 1778 5564 quzedam
1823 5497 2050 5568 scripta.

477 5563 603 5636 viri,
631 5573 700 5636 fut
729 5566 914 5631 audio,
943 5567 1140 5633 sancti,
1173 5563 1248 5622 et'
1269 5583 1377 5622 non
1412 5563 1581 5636 parvo
1613 5576 1868 5634 provectu
1897 5564 2056 5618 Chri-

475 5634 670 5708 stiani,
698 5649 828 5708 qua:
861 5638 913 5689 in
950 5635 1100 5690 Pauli
1140 5639 1368 5708 apostoli
1401 5634 1661 5705 epistolas
1684 5636 2054 5708 expositiones

477 5701 832 5778 brevissimae
857 5701 1222 5778 continerent.
1253 5716 1418 5778 atque
1437 5701 1515 5760 ibi
1548 5701 1808 5778 comperi,
1835 5721 1956 5762 cum
1985 5704 2053 5758 ad

481 5767 632 5821 illum
668 5773 901 5827 venisset
926 5774 1125 5842 locum,
1153 5767 1241 5832 ubi
1267 5767 1399 5833 dicit
1419 5767 1734 5848 ApOStolu's,
1768 5767 1862 5844 per
1885 5789 2051 5831 unum

2153 4593 2422 4655 sentiunt,
2462 4589 2618 4642 aliter
2645 4602 2740 4640 eos
2771 4577 2876 4656 qui
2913 4583 3212 4656 detrudunt
3243 4581 3526 4656 traducem
3560 4577 3709 4656 impuf

2153 4677 2324 4730 gnare
2349 4651 2641 4716 conantur.
2675 4657 2734 4712 Si
2781 4651 3084 4730 peccatum,
3146 4653 3352 4730 inquit,
3386 4651 3705 4730 ῥιιπξτιειξῖιξξξ

2156 4719 2262 4787 non
2299 4719 2887 4801 peccantibusnoc'uit.
2912 4740 3042 4801 ergo
3066 4731 3123 4777 et
3148 4720 3355 4801 Christi
3381 4719 3588 4800 jus-tina
3607 4723 3705 4801 uel:

2823 4780 3082 4866 quoniam
3132 4780 3418 4866 similiter,
3466 4789 3570 4841 ἰιιιο

2156 4871 2292 4925 dicit
2317 4861 2611 4938 Apostolus
2641 4883 2735 4938 per
2771 4861 3214 4938 utt'uin‘liberari,
3243 4878 3412 4938 quam
3446 4871 3538 4938 per
3563 4862 3706 4938 finiti"

2155 4949 2278 4994 ante
2337 4926 2654 5010 perierunt:
2683 4935 3134 5010 Deinde__dic_unt,
3195 4926 3373 4999 inquit
3408 4947 3421 4982 :
3451 4926 3514 4980 Si
3563 4926 3710 5010 batill-

2143 5024 2306 5064 smus
2336 5001 2557 5063 inundat
2587 5009 2870 5075 antiquum
2892 5005 3019 5058 illud
3052 5013 3513 5075 veternosumque
3538 5001 3707 5075 ρϐςιξές

2155 5062 2300 5142 tum,
2321 5081 2412 5145 qui
2435 5062 2516 5134 de
2544 5062 2754 5131 duobus
2793 5075 3080 5143 baptizatis
3131 5075 3247 5127 nati
3274 5062 3505 5145 fuerint,
3535 5062 3710 5145 debflti

2156 5150 2260 5204 hoc
2281 5137 2478 5202 carere
2507 5159 2762 5218 peccato.
2789 5137 2906 5218 Non
2938 5145 3411 5218 enimpotueruut
3442 5137 3509 5190 ad
3555 5139 3713 5218 ρεξειξς

2280 5194 2675 5280 (Susiiuiie‘ré,
2711 5195 2854 5285 quod
2891 5215 2992 5282 ipsi
3043 5194 3267 5285 minime
3309 5194 3632 5285 habuerunt.
3657 5194 3706 5285 lit

2156 5292 2260 5342 hoc
2284 5290 2510 5350 addunt,
2541 5279 2743 5355 inquit,
2773 5279 3031 5354 quoniam
3073 5286 3117 5338 si
3152 5284 3344 5355 anima_
3400 5292 3507 5355 non
3544 5279 3707 5355 ρδβξί

2156 5338 2841 5424 iia‘aéﬁéfgiétiiinsilit,
2865 5338 2978 5408 sed
3015 5355 3128 5408 sola
3163 5366 3290 5406 caro
3331 5338 3710 5427 lt_:tbet_tradgj

2157 5444 2274 5484 cem
2311 5414 2538 5496 peccati,
2572 5429 2696 5494 sola,
2716 5437 2769 5481 et
2803 5414 3018 5496 pmnam
3065 5434 3325 5477 meretur.
3359 5414 3710 5496 lttjttstun‘lffi

2155 5477 3045 5564 enim:ititwliotliewttatarinnima
3096 5508 3204 5548 non
3241 5506 3306 5544 ex
3369 5477 3706 5564 tit-assaAtiiﬁ

2159 5579 2271 5624 tam
2304 5556 2586 5638 antiquum
2617 5581 2902 5638 peccatum
2938 5575 3121 5638 portet.
3152 5564 3391 5638 alienum
3429 5574 3443 5610 :
3475 5556 3597 5638 quia

2660 5617 2954 5702 Hiberis,“
2985 5617 3086 5704 qui
3139 5634 3354 5704 propria
3390 5617 3603 5700 peccata
3635 5617 3705 5669 di-

2159 5711 2346 5778 tnittit,
2385 5725 2551 5765 unum
2590 5710 2826 5779 imputet
2862 5707 3124 5761 alienum.
3165 5722 3184 5755 ι
