3946 6206
335 373 447 439 697

1359 373 1777 436 EXPOSlTlO
1826 373 1909 435 IN
1957 375 2205 440 EPIST.
2248 377 2349 438 AD
2385 375 2572 439 ROM.

3498 379 3616 445 698

335 497 488 558 titur,
519 491 748 562 amplius
770 492 944 564 diligit
984 491 1139 564 (Luc.
1167 507 1268 561 vn,
1289 491 1382 556 45,
1410 491 1528 558 47).
1567 490 1915 545 .‘llanil‘estata
1947 497 1990 554 Α
2023 492 2286 562 mysterio
2319 491 2536 564 Moyses
2559 499 2869 562 serpentem
2902 506 3104 548 aereum
3136 493 3187 548 in
3233 491 3452 550 deserto
3485 509 3611 552 sus-

333 596 418 641 est
471 584 614 640 enim
674 585 953 653 quantitas
1013 585 1246 654 peccati,
1306 594 1366 639 ut
1433 585 1673 639 sciretur
1731 585 1920 654 gratiae

336 676 698 745 tuagnitudo,
755 686 813 732 et
885 677 1238 732 redderemus
1286 684 1606 745 competens
1678 673 1917 730 debitum

337 770 644 824 charitatis.
1018 841 1026 846 _

413 879 432 912 ι
467 859 533 916 Ut
567 861 708 915 sicut
737 861 984 929 regnavit
1031 869 1318 930 peccatum
1361 860 1417 914 in
1474 869 1728 924 mortem,
1761 858 1833 914 ita
1864 867 1921 915 et

335 958 508 1020 gratia
548 964 732 1021 regnet
768 953 1154 1018 perjustitiam
1194 955 1247 1006 in
1302 953 1465 1006 vitam
1500 962 1786 1015 aeternam,
1821 967 1919 1022 per

334 1045 516 1100 Jesum
545 1046 827 1101 Christum
863 1046 1150 1100 Dominum
1192 1060 1466 1099 nosuum.
1506 1064 1525 1096 ι
1560 1045 1714 1098 Sicut
1751 1046 1922 1098 abun-

333 1141 532 1194 danter
571 1138 955 1193 conﬁrmatum
1001 1149 1086 1193 est
1116 1154 1340 1206 regnum
1392 1138 1626 1207 peccati,
1656 1153 1752 1206 per
1789 1153 1921 1192 con-

338 1244 595 1302 temptum
639 1232 770 1300 legis
802 1246 818 1285 :
851 1232 923 1284 ita
955 1240 1008 1285 et
1037 1246 1257 1298 regnum
1290 1231 1482 1298 gratia:
1537 1229 1919 1294 conﬁrmetur,

334 1341 435 1394 per
465 1326 756 1378 nmltorum
792 1306 1169 1378 remissionem
1223 1336 1598 1401 peccatorum,
1622 1331 1679 1376 et
1711 1322 1918 1378 indesi-

335 1429 550 1472 ueuteut
579 1417 839 1486 deinceps
863 1416 1089 1486 justitia:
1127 1417 1424 1469 actionem.

955 1571 1185 1630 CAPUT
1209 1571 1297 1628 Vl.

415 1703 434 1737 ι
475 1683 613 1752 Quid
649 1699 778 1755 ergo
830 1685 1110 1764 dicemus?
1147 1684 1489 1739 Manebimus
1541 1684 1596 1740 in
1670 1692 1916 1753 peccato,

332 1787 394 1833 ut
429 1781 600 1848 gratia
635 1777 913 1832 abundet?
945 1779 1138 1834 Ahsitl
1182 1777 1288 1844 Qui
1320 1780 1468 1833 enim
1500 1779 1701 1832 mortui
1731 1791 1919 1832 sumus

337 1880 584 1942 peccato.
627 1887 647 1922 ι
680 1869 756 1924 Ne
791 1885 894 1925 non
920 1870 1284 1940 intelligentes
1321 1870 1572 1926 dicereut
1607 1885 1628 1925 ς.
1656 1870 1712 1924 Si
1740 1868 1915 1938 gratia
1950 1862 1992 1917 Β

336 1963 615 2018 crescitin
675 1962 1049 2030 magnitudine
1094 1963 1440 2027 delictorum,
1475 1976 1703 2030 peccare
1744 1960 1912 2015 debe-

335 2073 479 2122 mus,
511 2066 567 2109 ut
603 2057 773 2125 possit
816 2057 990 2124 magis
1033 2070 1097 2110 ac
1161 2055 1334 2123 magis
1374 2056 1552 2124 gratia
1614 2054 1913 2108 abundare.

334 2148 494 2200 Absit
527 2147 541 2198 l
581 2145 728 2215 Ergo
757 2145 824 2200 de
866 2145 974 2200 illis
1026 2145 1165 2211 dico,
1199 2161 1338 2215 quos
1377 2146 1451 2200 ita
1513 2145 1646 2198 ﬁdes
1684 2145 1916 2208 invenit,

339 2255 448 2293 non
480 2241 546 2291 de
579 2239 756 2304 nobis,
803 2238 894 2308 qui
944 2237 1055 2308 jam
1109 2237 1309 2293 mortui
1339 2251 1538 2292 sumus
1579 2245 1824 2304 peccato,
1859 2244 1920 2290 ut

337 2332 514 2400 gratia
542 2329 870 2384 viveremus.
1172 2385 1179 2394 ,

415 2435 436 2470 ι
472 2421 759 2484 Quomodo
788 2419 966 2474 adhuc
1001 2417 1250 2474 vivemus
1298 2418 1352 2472 in
1391 2417 1525 2472 illo?
1561 2436 1584 2470 ν
1631 2415 1753 2472 Vult
1805 2423 1917 2471 tam

337 2515 556 2567 ﬁrmum
589 2527 715 2570 esse
743 2515 1080 2582 baptizatum
1111 2521 1334 2582 tamque
1373 2511 1701 2582 perfectum.

413 2622 433 2654 ι
471 2603 551 2655 Au
583 2605 861 2670 ignoratis,
911 2603 1158 2657 fratres?
1187 2620 1206 2654 ι
1244 2604 1352 2656 Aut
1410 2605 1661 2673 nunquid
1691 2602 1918 2658 nescitis

339 2697 513 2766 ipsum
540 2705 939 2750 sacramentum
967 2695 1356 2764 baptismatis?

419 2803 437 2838 ι
477 2786 612 2852 Quia
664 2788 980 2856 quicunque
1040 2787 1297 2854 baptizati
1352 2801 1539 2840 sumus
1587 2786 1640 2840 in
1699 2785 1919 2843 Christo

335 2878 492 2934 Jesu.
532 2897 554 2931 ι
586 2877 787 2932 Tribus
823 2879 998 2933 modis
1023 2878 1351 2947 baptismum
1392 2877 1658 2946 accipitur
1689 2877 1740 2931 in
1772 2878 1921 2932 Scri-

340 2974 518 3041 pturis
546 2991 560 3024 :
609 2984 788 3039 aqua,
808 2982 864 3025 et
891 2970 1127 3038 Spiritus
1153 2970 1352 3034 sancti,
1376 2970 1467 3038 qui
1494 2979 1546 3022 et
1576 2970 1713 3036 ignis
1737 2970 1921 3038 appel-

335 3067 479 3118 latus
504 3073 608 3128 est,
639 3074 693 3117 et
727 3065 1008 3132 sanguinis
1041 3064 1092 3117 in
1126 3072 1408 3134 martyrio,
1438 3065 1505 3117 de
1527 3077 1634 3133 quo
1657 3061 1917 3116 Salvator

335 3157 548 3210 dicebat
580 3173 596 3210 :
629 3155 906 3222 Baptismo
943 3156 1108 3208 habeo
1171 3153 1436 3222 baptizari
1489 3153 1644 3222 (Luc.
1674 3169 1772 3215 xtl,
1801 3152 1914 3221 50).

2021 585 2214 651 pendit
2241 583 2433 654 (Nam.
2468 601 2583 648 ut,
2614 587 2694 655 9).

2098 691 2118 726 ι
2169 672 2237 730 Ut
2285 674 2601 730 destruatur
2643 691 2846 745 corpus
2895 678 3101 747 peccati
3139 689 3245 735 :ut
3302 679 3443 734 ultra
3501 695 3606 736 non

2020 767 2327 822 serviamus
2383 777 2633 837 peccato.
2667 789 2686 822 ι
2731 769 2848 826 Hoc
2893 781 2997 837 est,
3031 781 3088 824 ut
3121 773 3306 826 omnia
3339 773 3471 825 vitia
3516 775 3608 825 de-

2019 865 2331 917 struantur,
2354 858 2482 925 quia
2505 873 2671 912 unum
2689 860 2901 924 vitium,
2930 861 3229 915 membrum
3256 874 3332 914 est
3362 862 3606 929 peccati:

2020 949 2230 1014 omnia,
2261 964 2459 1020 corpus
2513 962 2706 1008 totum.
2755 954 3008 1007 Christus
3040 971 3149 1009 non
3183 971 3246 1007 ex
3302 966 3474 1022 parte,
3511 954 3608 1008 sed

2019 1039 2231 1108 integer
2277 1051 2363 1095 est
2412 1045 2730 1097 crucilixus.
2785 1044 2912 1099 Sive
2964 1055 3021 1096 ut
3089 1061 3284 1112 corpus
3359 1057 3603 1098 nostrum

2020 1133 2337 1185 destruatur
2407 1148 2438 1187 a
2495 1136 2760 1190 servitute
2813 1138 3060 1203 peccati,
3113 1123 3185 1190 ἐι
3243 1139 3336 1190 ﬁat
3381 1138 3608 1202 iustitiae

2021 1223 2381 1292 mancipium,
2415 1227 2559 1293 quod
2599 1229 2808 1282 solebat
2843 1245 2966 1282 esse
2995 1229 3198 1283 delicti.
3231 1229 3421 1284 Omnis
3457 1233 3604 1283 enim

2020 1314 2112 1385 qui
2152 1316 2284 1371 facit
2309 1330 2614 1388 peccatum,
2647 1335 2836 1376 servus
2868 1331 2952 1374 est
2989 1321 3218 1391 peccati.

2095 1427 2115 1461 ι
2149 1407 2252 1475 Qui
2286 1411 2433 1464 enim
2493 1420 2740 1465 mortuus
2790 1423 2896 1475 est,
2926 1413 3258 1483 justiﬁratus
3301 1423 3384 1468 est
3422 1431 3449 1466 a
3483 1430 3605 1482 pec.

2017 1511 2166 1556 cato.
2205 1520 2224 1554 ι
2261 1499 2378 1556 Hoc
2411 1511 2516 1564 est,
2552 1502 2821 1558 alienatus
2866 1515 2948 1558 est
2993 1521 3021 1558 a
3056 1518 3301 1574 peccato.
3360 1506 3604 1561 Mortuus

2017 1593 2164 1646 enim
2218 1594 2443 1647 omnino
2477 1609 2582 1649 non
2632 1605 2842 1664 peccat.
2875 1593 2950 1650 Ita
2985 1607 3036 1649 et
3085 1599 3178 1667 qui
3217 1608 3377 1651 natus
3413 1611 3495 1652 est
3538 1598 3606 1651 de

2019 1684 2152 1750 Deo,
2182 1699 2290 1739 non
2318 1693 2536 1753 peccat.
2565 1686 3040 1741 Cruciﬁxuseuim
3063 1688 3320 1744 omnibus
3349 1691 3607 1744 membris

2019 1776 2212 1832 dolore
2244 1779 2548 1845 occupatis,
2588 1793 2818 1848 peccare
2848 1781 2934 1834 vix
2980 1781 3201 1850 poterit.

2097 1887 2119 1921 ε
2158 1868 2217 1925 Si
2249 1881 2432 1925 autent
2460 1872 2656 1926 mortui
2689 1888 2877 1928 sumus
2902 1888 3027 1927 cum
3056 1873 3296 1937 Christo,
3331 1873 3607 1928 credimus

2024 1962 2152 2031 quia
2179 1961 2340 2016 simul
2374 1962 2538 2016 etiam
2573 1964 2815 2018 vivemus
2841 1980 2961 2018 cum
2990 1965 3104 2018 illo.
3142 1984 3160 2016 ι
3193 1963 3248 2018 Si
3279 1965 3603 2018 commortui

2024 2067 2136 2106 non
2171 2067 2378 2119 sumus,
2412 2066 2516 2107 nec
2542 2055 2917 2122 convivemus,
2973 2056 3097 2124 quia
3131 2054 3252 2124 ejus
3285 2071 3388 2107 non
3419 2071 3608 2110 smnus

2027 2147 2300 2200 membra.

2101 2254 2124 2288 ι
2158 2236 2409 2292 Scientes
2452 2238 2597 2307 quod
2627 2238 2877 2294 Christus
2921 2243 3214 2309 resurgens
3243 2255 3306 2295 ex
3349 2241 3607 2303 mortuis,

2019 2327 2133 2398 jam
2193 2346 2301 2384 non
2351 2332 2624 2386 moritur:
2656 2348 2801 2386 mors
2854 2331 2930 2387 illi
2966 2333 3104 2386 ultra
3144 2347 3249 2386 non
3297 2333 3608 2387 doininahi-

2030 2427 2137 2474 tur.
2182 2439 2202 2472 ι
2232 2421 2309 2475 lta
2338 2432 2394 2474 et
2420 2437 2519 2477 nos
2551 2425 2596 2476 si
2625 2423 2714 2478 hic
2742 2424 3024 2478 voluntate
3056 2425 3252 2479 mortui
3320 2421 3607 2488 fuerimus,

2025 2514 2324 2567 secundam
2363 2530 2470 2569 non
2523 2515 2840 2569 timebimus
2878 2524 3134 2568 mortem.
3175 2513 3300 2568 Sive
3347 2513 3457 2580 jam
3500 2532 3606 2570 non

2023 2605 2257 2674 potestis
2288 2605 2486 2659 iterum
2520 2604 2808 2676 baptizari,
2850 2607 2976 2676 quia
3004 2604 3253 2661 Christus
3297 2620 3402 2659 non
3433 2614 3609 2672 potest

2027 2713 2125 2768 pro
2154 2698 2309 2752 vobis
2339 2699 2535 2753 iterum
2563 2700 2804 2769 cruciﬁgi
2831 2716 2846 2755 :
2870 2701 3014 2753 sicut
3037 2700 3174 2753 dicit
3205 2697 3273 2751 ad
3301 2695 3562 2751 Hebraeus
3591 2711 3606 2747 :

2017 2787 2358 2858 'Impossibile
2388 2800 2466 2844 est
2521 2807 2630 2851 eos,
2661 2793 2751 2860 qui
2790 2792 2950 2844 semel
3002 2789 3291 2844 illuminati
3321 2797 3466 2850 sunt,
3498 2795 3610 2840 etc.

2026 2879 2215 2946 (Hebr.
2252 2895 2325 2945 v1,
2360 2881 2436 2948 4).
2469 2880 2681 2946 Quibus
2732 2897 2838 2934 non
2876 2879 3257 2948 paenitentiam
3291 2886 3475 2946 negat,
3509 2877 3606 2932 sed

2027 2973 2370 3027 iterationem
2397 2973 2650 3042 baptismi
2676 2973 2960 3028 difﬁtetur.

2102 3083 2120 3116 ι
2155 3064 2306 3129 Quod
2337 3066 2482 3117 enim
2531 3076 2776 3118 mortuus
2826 3075 2910 3120 est
2944 3075 3191 3134 peccato,
3236 3071 3483 3117 mortuus
3522 3071 3608 3117 est

2028 3156 2217 3210 semel.
2257 3173 2276 3206 ι
2309 3153 2444 3220 Quia
2477 3154 2594 3223 ipse
2632 3165 2853 3225 peccata
2881 3166 3084 3209 nostra
3135 3154 3396 3224 portavit,
3425 3163 3478 3207 et
3509 3168 3608 3221 pro

420 3266 439 3301 ι
476 3249 534 3304 1η
594 3215 768 3304 morte
830 3251 1000 3320 ipsius
1058 3215 1316 3316 baptizati
1373 3215 1583 3302 sumus.
1639 3264 1657 3296 ι
1713 3245 1783 3300 Ut
1841 3215 1996 3298 illic
2028 3245 2181 3298 nobis
2213 3215 2405 3309 doluit,
2450 3215 2519 3297 ne
2551 3215 2848 3298 de'cretcro
2889 3215 3261 3312 peccaremus.

342 3344 770 3397 commoriamur
798 3342 852 3396 in
881 3341 1174 3410 baptismo.

418 3476 438 3510 ε
481 3455 796 3524 Consepnlti
838 3455 984 3510 enim
1034 3468 1222 3509 sumus
1261 3469 1382 3508 cum
1441 3452 1534 3508 illo
1576 3465 1672 3520 per
1743 3450 1922 3519 bapti-

339 3570 519 3610 smum
552 3552 606 3606 in
632 3561 864 3605 mortem
899 3561 994 3604 :ut
1019 3552 1295 3620 quomodo
1331 3551 1586 3604 Christus
1624 3549 1858 3602 surrexit
1889 3561 1920 3601 a

337 3645 596 3706 mortuis,
630 3656 726 3711 per
756 3640 981 3707 gloriam
1022 3639 1224 3704 Patris,
1282 3641 1350 3692 ita
1385 3649 1442 3694 et
1471 3654 1570 3693 nos
1592 3639 1646 3692 in
1679 3639 1923 3692 novitate

339 3736 466 3788 vita:
497 3733 857 3786 ambulemus.
893 3749 911 3781 ι
954 3731 1210 3784 Ostendit
1244 3745 1344 3785 nos
1391 3741 1680 3800 propterea
1715 3730 1786 3784 ita
1822 3730 1922 3783 ba-

341 3819 564 3888 ptizari,
607 3830 665 3872 ut
697 3833 792 3888 per
834 3821 1154 3887 mysterium
1184 3819 1623 3884 consepeliamur
1674 3818 1918 3884 Christo,

340 3913 662 3967 criminibus
711 3912 1041 3973 morientes,
1097 3920 1151 3964 et
1230 3913 1609 3964 renuntiantes
1676 3911 1923 3978 pristina:

342 4006 466 4058 vitae
489 4018 505 4058 :
532 4011 590 4054 ut
627 4004 899 4070 quomodo
931 3999 1093 4052 Pater
1119 3999 1458 4068 gloriﬁcatur
1489 4001 1539 4054 in
1577 3997 1698 4054 Filii
1743 4014 1923 4054 resur-

339 4097 612 4161 rectione,
643 4096 714 4146 ita
739 4102 793 4146 et
821 4107 914 4160 per
935 4101 1137 4147 nostrae
1161 4092 1598 4147 conversationis
1622 4092 1919 4146 novitatem

344 4190 414 4242 ab
449 4187 705 4242 omnibus
740 4187 1037 4240 honoretur
1067 4202 1080 4239 :
1114 4197 1173 4239 ut
1203 4200 1268 4239 ne
1292 4186 1446 4256 signa
1473 4185 1694 4256 quidem
1719 4185 1923 4240 veteris

341 4283 584 4336 hominis
619 4290 985 4347 agnoscantur
1028 4279 1082 4332 in
1132 4279 1314 4334 nobis.
1374 4277 1485 4333 Nec
1532 4279 1677 4333 enim
1719 4276 1923 4346 aliquid

345 4373 482 4427 velle
524 4382 620 4426 aut
637 4386 836 4440 cupere
863 4370 1145 4435 debemus,
1169 4371 1315 4440 quod
1340 4371 1532 4423 volunt
1557 4379 1649 4422 aut
1672 4371 1922 4438 cupiunt,

343 4468 439 4536 qui
474 4466 707 4522 nondum
744 4472 873 4518 sunt
927 4464 1210 4534 baptizati,
1263 4475 1320 4518 et
1374 4463 1690 4534 quicunque
1745 4463 1924 4518 adhuc

343 4561 550 4615 veteris
580 4567 703 4613 vita:
733 4556 1014 4613 erroribus
1044 4557 1419 4628 implicantur.

348 4768 539 4822 mortis
585 4767 725 4836 ejus,
768 4765 930 4820 simul
977 4775 1032 4819 et
1069 4764 1485 4819 resurrectionis
1534 4763 1762 4816 erimus.
1806 4779 1826 4811 ι
1865 4759 1925 4816 Si

347 4858 656 4927 consepulti
685 4871 874 4912 sumus
902 4871 1067 4922 nunc,
1093 4864 1148 4910 et
1192 4864 1321 4910 tunc
1351 4853 1768 4909 resurrectionis
1809 4851 1928 4922 ejus

344 4951 646 5018 poterimus
673 4961 794 5002 esse
843 4946 1171 5016 participes;
1203 4956 1258 4999 et
1292 4944 1338 4999 si
1380 4944 1645 4998 luerimus
1697 4941 1842 5008 novi,
1874 4949 1929 4995 et

347 5042 620 5096 innnutati
655 5043 708 5095 in
734 5039 1174 5105 conversatione,
1207 5037 1461 5092 similiter
1496 5039 1622 5092 novi
1647 5042 1702 5091 et
1727 5034 1925 5088 immu-

347 5133 446 5189 tati
486 5135 694 5188 erimus
729 5132 782 5187 in
808 5132 1005 5202 gloria.

423 5265 444 5300 ι
479 5247 594 5302 Hoc
625 5247 882 5309 scientes,
927 5244 1054 5316 quia
1106 5253 1261 5300 vetus
1294 5245 1458 5300 homo
1508 5253 1716 5300 noster.
1759 5262 1778 5296 ι
1818 5243 1924 5310 Qui

345 5348 586 5393 veterem
619 5338 893 5393 hominem
925 5346 1205 5392 terrenum
1264 5337 1439 5391 Adam
1493 5336 1763 5392 imitando
1793 5351 1924 5405 pec-

347 5430 568 5484 cabant.

423 5562 444 5595 ι
489 5543 668 5598 Simul
717 5543 1012 5598 cruciﬁxus
1044 5551 1148 5599 est.
1183 5561 1202 5594 s
1234 5540 1340 5598 Per
1365 5542 1695 5613 baptismum
1728 5553 1778 5598 te
1800 5557 1926 5598 cru-

347 5636 568 5692 ciﬁxum
612 5634 874 5706 intelligo,
912 5636 1006 5705 qui
1055 5636 1362 5690 membrum
1397 5635 1465 5690 de
1519 5648 1752 5704 corpore
1807 5634 1925 5705 ejus

348 5727 572 5786 eﬁ‘ectus
603 5745 688 5786 es.
739 5728 808 5784 Et
847 5729 937 5783 ille
966 5728 1186 5798 quidem
1231 5726 1516 5782 innoxium
1573 5741 1776 5796 corpus
1822 5740 1922 5796 ap-

348 5821 560 5894 pendit,
614 5831 672 5878 ut
709 5831 762 5878 tu
822 5821 1042 5878 noxium
1101 5821 1410 5891 suspendas
1443 5835 1472 5875 a
1500 5820 1675 5886 vitiis,
1725 5820 1780 5876 in
1813 5834 1922 5888 quo

1949 4550 1998 4608 υ

383 4657 388 4660 ’
423 4694 442 4727 ι
481 4673 538 4730 Si
574 4675 718 4728 enim
755 4671 1105 4741 complantati
1161 4670 1292 4725 facti
1343 4685 1530 4726 sumus
1576 4666 1918 4723 similitudini
1952 4703 1964 4716 .

2102 3354 2123 3387 ο
2157 3335 2310 3400 Quod
2365 3345 2546 3388 autem
2582 3335 2734 3400 vivit,
2769 3335 2903 3389 vivit
2937 3333 3070 3390 Deo.
3112 3353 3130 3386 ι
3163 3333 3308 3388 Vivit
3335 3333 3390 3389 in
3435 3332 3608 3404 gloria

2025 3425 2268 3482 deitatis.

2101 3538 2119 3570 ι
2156 3520 2231 3572 Ita
2255 3529 2310 3574 et
2336 3534 2432 3575 vos
2466 3520 2775 3576 existimate
2801 3536 2898 3576 vos
2954 3531 3203 3578 mortuos
3231 3521 3451 3592 quidem
3481 3535 3605 3576 esse

2023 3615 2566 3682 peccatozviveutes
2616 3624 2798 3667 autem
2848 3612 2958 3670 Deo
3009 3615 3065 3668 in
3117 3615 3339 3669 Christo
3390 3613 3541 3669 Jesu.
3581 3631 3601 3664 ι

2022 3705 2189 3769 Quasi
2227 3705 2466 3758 membra
2521 3703 2640 3769 ejus
2667 3704 2837 3758 semel
2873 3719 2969 3758 vos
2997 3705 3192 3758 scitote
3233 3715 3607 3758 commortuus

2023 3793 2225 3849 debere
2272 3795 2384 3862 jam
2420 3809 2636 3862 semper
2682 3795 2869 3848 vivere
2902 3793 3012 3847 Deo
3050 3794 3100 3846 in
3133 3794 3378 3856 Christo,
3412 3793 3464 3845 in
3494 3807 3606 3861 quo

2024 3885 2133 3940 vita
2159 3895 2339 3938 nOstra
2375 3884 2693 3939 abscondita
2744 3894 2824 3939 est
2876 3885 3016 3953 apud
3065 3884 3230 3938 Dcum
3265 3884 3492 3954 (Colon.
3518 3897 3603 3950 ιη,

2021 3978 2103 4048 '5),
2163 3993 2323 4048 quem
2357 3979 2528 4032 induit
2561 3994 2574 4032 :
2606 3977 2723 4047 ejus
2763 3994 3061 4049 sequamur
3095 3979 3434 4048 exemplum.

2101 4088 2120 4122 ι
2159 4068 2275 4124 Non
2323 4085 2452 4140 ergo
2501 4082 2688 4139 regnet
2728 4082 3011 4141 peccatum
3067 4070 3119 4125 in
3159 4081 3339 4125 vestro
3377 4073 3601 4126 mortali

2023 4176 2277 4232 corpore,
2336 4173 2396 4216 ut
2447 4163 2723 4219 obediatis
2756 4163 3216 4231 concupiscentiis
3275 4163 3416 4233 ejus.
3455 4181 3474 4215 ι
3543 4163 3600 4218 lu

2023 4271 2256 4326 corpore
2303 4256 2516 4311 mortali
2543 4257 2706 4312 vivite
2763 4266 2821 4310 ut
2850 4257 3205 4312 immortales.
3244 4256 3309 4310 Et
3333 4257 3610 4325 quomodo

2027 4354 2218 4415 regnet
2271 4356 2555 4414 peccatum
2609 4347 2663 4400 in
2716 4362 2964 4416 corpore,
3006 4347 3280 4416 exposuit,
3340 4362 3434 4416 per
3475 4349 3606 4401 obe-

2025 4437 2288 4492 dientiam
2339 4437 2551 4492 scilicet
2582 4448 2636 4490 et
2667 4453 3014 4494 consensum.

2103 4548 2122 4582 s
2163 4529 2272 4585 Sed
2303 4546 2476 4600 neque
2505 4530 2811 4587 exhibeatis
2837 4536 3077 4587 membra
3110 4542 3288 4589 vestra
3319 4548 3468 4588 arma
3504 4534 3607 4587 ini-

2033 4622 2257 4690 quitatis
2311 4634 2553 4691 peccato.
2592 4642 2610 4674 ι
2677 4623 3116 4696 Unumquodque
3170 4627 3496 4691 membrum,
3559 4626 3607 4678 si

2032 4714 2276 4770 ofﬁcium
2309 4729 2470 4769 suum
2520 4715 2576 4770 in
2623 4716 2793 4770 malos
2829 4731 2960 4770 usus
2998 4720 3180 4782 vertit,
3220 4733 3369 4771 arma
3409 4717 3608 4786 iniqui-

2032 4808 2160 4861 tatis
2205 4805 2436 4861 eﬁicitur
2490 4807 2558 4860 ad
2609 4806 2880 4876 justitiam
2942 4810 3378 4878 expugnandam.
3433 4809 3610 4863 Simul

2030 4901 2328 4955 notandum
2360 4899 2502 4970 quod
2538 4900 2700 4954 homo
2753 4902 2991 4955 membra
3037 4916 3136 4956 sua
3187 4903 3274 4956 cui
3308 4902 3436 4956 velit
3466 4905 3606 4970 parti

2028 4993 2282 5048 exhibeat
2320 5006 2417 5061 per
2455 4991 2662 5045 arbitrii
2691 4991 3024 5048 libertatem.

2104 5103 2124 5138 ε
2169 5084 2275 5140 Sed
2325 5085 2579 5140 exhibete
2634 5101 2729 5140 vos
2780 5084 2914 5149 Deo,
2968 5096 3221 5156 tanquam
3258 5101 3322 5140 ex
3375 5086 3610 5140 mortuis

2027 5177 2289 5235 viventes.
2334 5195 2352 5228 ι
2415 5175 2698 5246 Tanquam
2752 5178 2842 5246 qui
2883 5176 2992 5246 jam
3046 5177 3441 5238 resurrexistis,
3476 5177 3603 5244 quia

2029 5277 2155 5323 tunc
2186 5283 2286 5322 nec
2314 5270 2609 5323 carnaliter
2640 5269 2867 5330 vivitur,
2903 5282 3002 5321 nec
3039 5277 3282 5334 peccato.

2103 5377 2124 5411 ι
2170 5359 2237 5413 Et
2297 5362 2543 5414 membra
2591 5369 2768 5415 vestra
2813 5376 2962 5414 arma
3008 5334 3238 5424 justitiae
3290 5362 3422 5418 Deo.
3467 5377 3490 5412 ι
3541 5363 3610 5418 Ut

2028 5447 2221 5502 oculus
2248 5450 2340 5516 qui
2371 5455 2496 5502 ante
2526 5447 2746 5503 videbat
2783 5450 2850 5503 ad
2891 5453 3406 5520 concupiscendum.
3468 5471 3611 5510 nunc

2026 5541 2207 5594 videat
2241 5540 2444 5592 nudum
2476 5541 2544 5594 ad
2574 5539 2936 5595 vestiendum.
2977 5543 3069 5597 Sic
3093 5545 3158 5599 de
3185 5545 3409 5616 reliquis
3436 5561 3609 5601 mem-

2031 5631 2144 5686 bris
2171 5631 2415 5685 adverte.

2104 5742 2123 5776 ι
2166 5723 2458 5779 Peccatum
2486 5725 2632 5778 enim
2676 5725 2834 5782 vobis
2865 5741 2968 5783 non
3005 5727 3394 5785 dominabitur.
3435 5748 3453 5782 ι
3493 5730 3612 5786 Non

2030 5831 2128 5873 vos
2171 5817 2351 5872 vincet
2387 5827 2691 5886 peccatum.
2736 5819 2856 5876 Non
2887 5823 3034 5878 enim
3076 5826 3206 5881 estis
3245 5828 3480 5899 parvuli,
3511 5833 3609 5883 sed
