3946 6206
340 373 456 440 69]

1294 387 1352 448 S.
1395 386 1835 446 illERONYMl
1879 387 2194 447 OPERUM
2237 385 2642 452 MANTISSA.

3487 385 3598 448 700

343 493 608 563 perfecti;
647 498 800 566 quasi
853 496 1176 568 paedagogus
1225 516 1414 570 puero.
1467 501 1585 557 Noli
1622 503 1800 556 facere
1842 501 1921 554 vi-
1949 506 1992 557 Α
2017 500 2262 566 iustitia.
2297 519 2314 552 ι
2353 499 2468 556 Hoc
2499 509 2584 554 est
2633 501 2684 554 in
2719 499 2867 556 nullo
2903 512 2954 557 et
2991 499 3210 570 penitus
3258 502 3553 560 servientes
3581 524 3601 560 :

345 587 480 640 tium
511 590 820 654 sermonis;
862 605 966 642 non
1009 591 1152 644 enim
1192 593 1366 646 adlmc
1405 594 1563 648 audis
1597 593 1915 661 grammati.

346 694 489 743 cum,
522 683 618 734 sed
647 689 940 742 oratorem.
988 683 1104 738 sive
1132 700 1236 737 non
1269 686 1428 740 debet
1464 687 1752 740 dominari.
1786 687 1915 740 Item

349 787 457 825 non
494 773 617 839 quia
671 773 1009 840 impossibile
1062 777 1135 829 sit
1171 791 1396 844 pecrare
1437 777 1520 831 his
1563 778 1652 846 qui
1685 779 1914 848 gratiam

346 873 708 930 acceperunt:
771 867 893 922 ideo
953 868 1101 932 dicit,
1149 877 1429 938 peccatum
1484 871 1536 924 in
1609 871 1760 925 vobis
1814 885 1917 923 non

343 954 734 1010 dominabitur.

421 1045 567 1100 «Non
607 1051 750 1101 enim
783 1051 884 1105 sub
916 1052 1033 1119 lege
1060 1052 1210 1113 eSIis,
1253 1052 1347 1106 sed
1390 1051 1490 1104 sub
1529 1054 1720 1118 gratia.
1759 1073 1778 1105 ι
1814 1053 1918 1107 Sed

344 1137 480 1191 bene
509 1140 706 1204 sciens,
737 1131 860 1210 quia
893 1142 942 1194 hi
975 1143 1064 1210 qui
1100 1143 1199 1195 sub
1232 1145 1401 1210 gratia
1433 1152 1580 1204 sunt,
1609 1143 1768 1195 alicui
1794 1152 1921 1196 sunt

345 1245 372 1280 a
413 1231 618 1293 multis,
657 1242 710 1285 et
740 1248 768 1285 a
798 1233 1029 1287 diversis
1061 1236 1342 1303 praeceptis
1375 1233 1528 1303 legis,
1566 1242 1620 1288 et
1649 1235 1713 1288 ab
1739 1236 1920 1288 oneri-

349 1322 447 1375 bus
505 1324 654 1392 ejus;
710 1341 829 1394 quae
887 1329 1016 1378 data
1044 1338 1124 1378 ost
1180 1340 1398 1394 propter
1436 1325 1693 1379 duritiam
1740 1328 1920 1381 cordis

344 1411 674 1474 Judaeorum,
735 1424 792 1469 ttt
852 1425 933 1470 est
988 1417 1158 1470 illud:
1203 1415 1483 1485 Leprosam
1542 1418 1757 1469 domum
1822 1419 1918 1468 de-

343 1519 566 1568 struere,
609 1516 656 1558 et
692 1507 956 1573 pulverem
1007 1507 1157 1577 longe
1196 1525 1228 1560 τι
1273 1509 1482 1561 rit-itote
1532 1509 1583 1560 in
1617 1508 1784 1560 locum
1815 1509 1916 1560 im-

348 1598 604 1650 mundum
631 1599 887 1667 projicere
919 1601 1107 1670 (Leuit.
1145 1616 1256 1663 xrv,
1297 1600 1407 1670 41),
1441 1599 1540 1666 Qui
1568 1602 1711 1653 enim
1749 1601 1918 1670 parti-

347 1687 498 1754 cipes
529 1698 653 1740 sunt
677 1688 876 1743 Christi
905 1692 1108 1759 gratizc,
1136 1691 1440 1745 didicerunt
1463 1693 1917 1759 quemadmodum

350 1789 564 1843 oportet
623 1780 839 1834 vincere
888 1783 1190 1848 passiones,
1243 1795 1298 1834 et
1355 1781 1520 1835 Deum
1577 1783 1801 1849 diligere
1855 1797 1918 1837 ac

350 1869 654 1936 proximum
715 1886 897 1938 suum,
954 1873 1096 1927 sicut
1147 1873 1407 1940 scriptum
1464 1885 1544 1928 est
1579 1893 1592 1928 :
1632 1873 1753 1928 Non
1779 1876 1918 1928 enim
1948 1847 1993 1906 Β

348 1961 470 2012 estis
504 1961 598 2013 sub
624 1961 751 2031 lege,
782 1965 870 2015 sed
901 1964 992 2016 sub
1020 1965 1193 2033 gratia
1227 1964 1408 2031 (Rom.
1435 1982 1510 2030 Vl,
1535 1965 1657 2034 H);
1690 1967 1921 2036 gratiam

350 2052 583 2117 vivendi,
620 2063 673 2106 et
704 2056 969 2108 tim-trina:
1005 2056 1239 2125 praebuit
1269 2059 1605 2126 exemplum.

427 2161 446 2185 ε
485 2143 619 2210 Quid
653 2149 824 2216 ergo?
856 2149 1209 2204 l’eccabituus
1246 2166 1261 2205 :
1304 2152 1560 2220 quoniam
1589 2167 1694 2206 non
1732 2167 1919 2207 sumus

351 2235 452 2288 sub
488 2236 623 2304 lege.
668 2257 686 2290 ι
743 2237 820 2292 Ne
863 2242 1150 2298 dicereut:
1202 2240 1344 2312 Ergo
1387 2250 1636 2297 cessante
1681 2240 1918 2296 vindicta

349 2327 505 2395 legis.
533 2327 755 2398 impune
787 2345 1103 2400 peccamus.

428 2438 447 2470 ι
483 2420 586 2473 Sed
616 2422 718 2474 sub
755 2424 972 2492 gratia?
1001 2425 1178 2480 Absit.
1217 2443 1236 2478 ι
1284 2425 1339 2480 Si
1368 2425 1624 2495 peccatis,
1666 2424 1765 2479 sub
1797 2439 1921 2494 gra-

353 2511 426 2564 tia
469 2526 581 2565 non
617 2515 766 2568 estis.

427 2621 448 2655 (
483 2603 565 2657 An
597 2606 838 2672 nescitis,
888 2608 1143 2673 quoniam
1171 2609 1258 2662 cui
1307 2609 1574 2664 exbihetis
1609 2624 1702 2663 vos
1735 2621 1922 2664 servos

352 2693 419 2746 ad
447 2694 837 2762 obedientiam,
872 2699 1012 2753 servi
1046 2702 1178 2753 estis
1218 2702 1334 2770 ejus
1365 2705 1448 2756 cui
1493 2699 1782 2763 Obedistis,
1808 2699 1924 2754 sive

351 2783 581 2850 peccati,
620 2789 685 2840 ad
713 2798 961 2850 mortem,
1002 2790 1118 2843 sive
1138 2791 1481 2854 obeditionis,
1507 2792 1572 2844 ad
1595 2789 1917 2861 justitiam?»

357 2875 413 2927 Si
459 2875 741 2932 volueritis
773 2880 1011 2946 peccatis
1063 2879 1294 2943 servire,
1343 2881 1610 2950 incipiatis
1643 2882 1925 2936 sententiae

273 2999 275 3001 ι
349 2968 485 3037 legis
540 2969 843 3038 subjarere,
905 2985 1027 3039 quae
1079 2971 1318 3025 vindicat
1371 2971 1425 3025 in
1481 2979 1818 3040 peccantes:
1877 2973 1922 3027 si

351 3070 531 3111 autent
565 3059 794 3126 iustitia:
840 3061 1176 3126 ohedieritis,
1224 3078 1330 3117 non
1363 3061 1494 3118 estis
1527 3065 1628 3118 sub
1655 3063 1794 3133 lege,
1828 3065 1920 3118 scd

355 3151 456 3204 sub
490 3154 684 3219 gratia.

431 3279 449 3312 ι
486 3263 703 3317 Gratias
727 3273 908 3317 autem
940 3263 1068 3325 Duo,
1103 3263 1246 3332 quod
1282 3263 1459 3318 fuistis
1483 3265 1626 3318 servi
1655 3265 1916 3333 peccati.)

353 3353 585 3417 Fuistis,
631 3355 825 3424 inquit,
863 3356 955 3411 sed
989 3371 1092 3411 non
1125 3356 1282 3410 estis.

436 3485 455 3518 ι
495 3467 767 3521 Obedistis
806 3479 983 3522 autem
1024 3485 1088 3522 ex
1117 3471 1281 3524 corde
1323 3471 1374 3524 in
1408 3487 1524 3526 eam
1557 3471 1788 3525 formam
1823 3471 1920 3524 do-

354 3561 562 3620 ctrinm,
615 3561 667 3612 in
711 3577 814 3628 qua
868 3562 1045 3627 tnaditi
1091 3565 1243 3618 estis.
1285 3582 1302 3615 ι
1341 3565 1414 3618 Ex
1447 3565 1608 3620 corde
1636 3565 1787 3629 dicit,
1822 3567 1924 3618 huc

354 3661 457 3712 est,
487 3652 734 3706 lideliter.

432 3784 451 3818 ι
489 3765 726 3822 Liberali
781 3782 962 3824 autem
1016 3787 1043 3822 a
1099 3782 1365 3842 peccato,
1417 3773 1558 3826 servi
1608 3771 1736 3828 facti
1794 3777 1926 3829 estis

347 3858 598 3928 justitiae.
642 3879 660 3912 ι
699 3861 756 3915 in
788 3863 1033 3918 doctrina
1069 3874 1123 3918 et
1151 3864 1404 3934 exemplo
1426 3864 1664 3926 Christi;
1697 3867 1788 3934 qui
1819 3884 1924 3919 nun

312 4012 314 4014 ν
353 3952 529 4004 solum
557 3964 801 4020 peccata,
833 3957 926 4009 sed
958 3957 1122 4010 etiam
1153 3957 1469 4014 occasiones
1495 3957 1713 4012 auferre
1745 3959 1928 4015 docuit

358 4045 700 4100 delictorum.

438 4174 456 4208 ι
498 4155 804 4211 Humanum
846 4160 967 4214 dico
996 4199 1011 4223 ,
1071 4173 1291 4230 propter
1340 4161 1708 4216 inﬁrmitatem
1748 4161 1930 4217 carnis

359 4259 572 4301 Vestrae.
614 4267 634 4300 ι
671 4248 974 4303 Humanum
1007 4252 1148 4314 dico,
1183 4251 1306 4318 quia
1348 4253 1586 4306 nondum
1616 4247 1682 4306 ad
1707 4253 1927 4322 plenum

359 4343 586 4406 potestis
636 4341 825 4409 audire
874 4342 1142 4396 divinum.
1195 4340 1326 4400 Cum
1361 4343 1506 4397 enim
1548 4345 1720 4398 multo
1759 4348 1932 4416 magis

357 4432 570 4486 debetis
621 4433 826 4486 servire
867 4433 1116 4500 justitiaa,
1172 4448 1336 4502 quam
1376 4445 1619 4501 peccato,
1673 4437 1761 4488 cui
1809 4447 1934 4492 aute

1945 3187 1992 3247 ϐ

2024 592 2095 645 ita
2125 601 2180 646 et
2213 607 2358 646 nunc
2384 593 2539 647 liberi
2569 599 2742 647 estote
2777 593 2845 647 ab
2880 593 3026 646 omni
3060 601 3307 662 peccato.

2119 683 2331 750 «Quem
2373 699 2504 752 ergo
2549 683 2778 738 fructum
2825 683 3094 738 habuistis
3123 691 3256 737 tunc
3294 684 3346 736 in
3375 683 3501 746 illis,
3541 685 3598 738 in

2025 774 2222 840 quibus
2274 790 2419 829 nunc
2471 774 2836 831 erubescitis?
2880 773 3016 826 Nam
3052 775 3170 828 linis
3205 775 3417 828 illorum
3448 790 3598 828 mors

2021 873 2125 920 est.
2165 882 2184 915 ι
2236 863 2425 919 Nullus
2459 866 2576 919 sine
2605 866 2768 918 dubio
2795 865 3008 920 fructus
3035 876 3119 920 est
3166 866 3218 918 in
3261 881 3326 920 ea
3358 881 3437 930 re,
3475 881 3598 934 qua!

2021 972 2118 1026 per
2179 957 2554 1026 ptenitentiam
2619 961 2980 1012 eruhescitur.
3047 955 3237 1011 Omnis
3297 955 3439 1009 enim
3499 957 3595 1024 qui

2021 1051 2295 1120 cognoscit
2327 1049 2647 1110 bonitatem,
2684 1051 2734 1102 in
2767 1049 3010 1115 pristinis
3039 1047 3250 1102 actibus
3275 1049 3592 1102 erubescit:

2022 1143 2326 1211 t‘juicunque
2355 1151 2535 1195 autem
2567 1141 3162 1218 erubescit'justitiam,
3207 1140 3442 1194 fruetum
3473 1141 3597 1208 ejus

2022 1233 2250 1301 ignorat.
2283 1234 2420 1301 Ergo
2443 1234 2532 1302 qui
2570 1243 2820 1301 peccant,
2855 1248 2954 1286 nec
2985 1233 3038 1286 in
3071 1234 3319 1301 praesenti
3354 1231 3592 1298 aliquem

2024 1323 2260 1378 fructum
2297 1326 2518 1387 habent,
2569 1334 2624 1377 et
2677 1313 2904 1378 mortem
2953 1337 3265 1393 perpetuam
3315 1325 3367 1376 in
3405 1324 3590 1376 futuro

2023 1415 2343 1480 percipient.
2395 1413 2494 1480 Qui
2531 1403 2660 1469 vero
2705 1417 2950 1469 serviunt
2999 1415 3243 1476 Domino,
3275 1425 3330 1466 et
3363 1415 3411 1467 in
3447 1429 3590 1481 prae-

2023 1505 2161 1558 senti
2190 1505 2427 1560 fruetum
2459 1509 2678 1570 habent,
2706 1508 2904 1559 donum
2937 1506 3173 1573 Spiritus
3207 1505 3400 1562 sanrti.
3441 1514 3497 1557 et
3536 1504 3588 1555 iu

2023 1594 2200 1648 futuro
2246 1599 2409 1651 vitam
2441 1609 2720 1654 aeternam.
2775 1599 2990 1652 Aliter:
3053 1595 3233 1663 Quare
3259 1596 3490 1650 fructum
3531 1596 3588 1648 in

2021 1687 2233 1739 actione
2264 1686 2408 1740 illius
2443 1687 2518 1741 rei
2551 1688 2834 1753 habuistis,
2869 1687 2922 1741 in
2952 1685 3107 1740 cuius
3140 1686 3299 1738 etiam
3333 1684 3556 1738 recorda

2023 1777 2168 1829 tione
2193 1777 2518 1830 verecundia
2553 1778 2680 1830 est?

2095 1886 2115 1919 t
2159 1867 2309 1926 Nunc
2349 1885 2478 1923 vero
2527 1855 2738 1923 liberati
2797 1884 2825 1920 a
2882 1875 3106 1936 peccato
3150 1882 3164 1919 :
3207 1865 3351 1920 servi
3406 1872 3589 1920 autem

2025 1961 2146 2014 facti
2186 1964 2313 2024 Deo,
2360 1963 2574 2016 habetis
2615 1960 2852 2015 fructum
2901 1970 3138 2016 vestrum
3181 1960 3233 2012 in
3280 1959 3587 2012 sanctiﬁca-

2023 2055 2225 2108 tionem
2276 2071 2290 2108 :
2353 2055 2512 2108 linem
2584 2068 2751 2118 vero,
2829 2056 2995 2107 vitam
3061 2064 3341 2106 teteruam.
3393 2068 3413 2102 ι
3478 2050 3592 2104 Hoc

2023 2144 2200 2213 ipsum
2231 2146 2351 2200 ideo
2379 2147 2585 2201 fructus
2615 2156 2720 2211 est,
2751 2147 2892 2214 quod
2924 2145 3116 2200 vivetis
3141 2143 3464 2199 sanctiﬁcati
3495 2159 3594 2214 per

2023 2237 2372 2306 baptismum.

2101 2346 2119 2378 σ
2161 2328 2436 2396 Stipendia
2477 2330 2620 2384 enim
2667 2331 2896 2398 peccati,
2941 2345 3106 2388 mors.
3143 2349 3162 2382 ι
3223 2329 3323 2396 Qui
3357 2339 3584 2395 peccato

2025 2419 2258 2484 militat,
2309 2423 2802 2476 remunerationem
2874 2422 3072 2490 accipit
3127 2433 3374 2475 mortem.
3460 2419 3596 2472 [tem

2027 2512 2327 2580 prtcmium,
2355 2515 2496 2584 quod
2529 2515 2685 2569 oll‘ert
2706 2517 2772 2569 ad
2794 2516 3164 2584 deceptionem
3200 2524 3460 2577 n0stratn,
3493 2513 3598 2568 hoc

2027 2618 2178 2658 mors
2215 2615 2327 2658 εει.

2105 2713 2123 2745 ι
2161 2693 2343 2752 Gratia
2377 2707 2555 2752 autem
2587 2697 2680 2754 Dei
2719 2699 2830 2753 vita
2869 2711 3091 2754 aeterna.
3134 2716 3152 2750 ι
3201 2699 3313 2752 Non
3341 2697 3480 2750 dixit
3521 2697 3600 2750 si-

2026 2787 2244 2849 militer.
2272 2789 2540 2856 stipendia
2574 2791 2836 2856 institue:
2890 2794 3014 2858 quia
3054 2806 3160 2844 non
3195 2802 3271 2843 est
3305 2799 3597 2856 antequam

2025 2891 2407 2933 remuneratur
2436 2881 2486 2934 in
2517 2882 2692 2937 nobis.
2718 2880 2836 2936 Non
2863 2884 3006 2936 enim
3033 2891 3216 2936 nostro
3247 2883 3428 2935 labore
3449 2895 3602 2948 quat-

2027 2968 2133 3022 sita
2163 2977 2268 3033 est,
2299 2971 2393 3026 sed
2432 2969 2526 3025 Dei
2557 2987 2779 3027 munere
2809 2974 3134 3027 condonata.

2183 3189 2227 3210 ’
2625 3128 2853 3185 CAPUT
2889 3129 2998 3188 vn.

2103 3258 2123 3292 ε
2164 3243 2246 3296 Αη
2287 3243 2565 3314 ignoratis,
2603 3244 2839 3300 fratres?
2877 3247 3176 3300 scientibus
3219 3247 3362 3300 enim
3421 3246 3596 3317 legem

1973 3375 1986 3390 ,
2027 3331 2235 3401 loquor.
2273 3351 2292 3384 ι
2368 3333 2465 3388 llic
2531 3335 2723 3404 incipit
2771 3335 3138 3392 dilIicultatem
3203 3337 3337 3402 legis
3409 3348 3600 3392 osten—

2026 3425 2178 3502 dere,
2209 3435 2263 3478 ut
2295 3425 2416 3480 illos
2447 3428 2692 3481 hortetur
2720 3429 2785 3480 ad
2831 3429 3062 3498 gratiam
3094 3429 3213 3484 sine
3247 3429 3363 3498 ejus
3401 3430 3604 3484 timore

2028 3519 2277 3571 transire.

2104 3624 2122 3658 ‹
2160 3606 2296 3673 Quia
2328 3609 2412 3662 lex
2440 3610 2495 3664 in
2526 3609 2741 3664 homine
2768 3611 3100 3678 dominatur,
3124 3622 3328 3682 quanto
3356 3622 3606 3683 tempore

2027 3698 2179 3752 vivit.
2218 3717 2236 3748 ι
2277 3697 2471 3763 llomo,
2507 3704 2620 3756 sive
2659 3703 2744 3756 lex
2788 3704 3018 3757 homini.

2103 3783 2292 3844 t'Nam
2345 3803 2466 3860 qute
2517 3795 2617 3848 sub
2669 3796 2784 3848 viro
2834 3804 2916 3850 est
2951 3795 3164 3862 mulier,
3215 3796 3431 3852 vivente
3458 3798 3599 3863 viro,

2029 3881 2244 3952 alligata
2279 3893 2361 3937 est
2392 3884 2518 3951 legi.
2562 3885 2618 3938 Si
2655 3897 2830 3940 autem
2875 3898 3122 3942 murtuns
3154 3887 3318 3942 fuerit
3347 3891 3430 3942 vir
3455 3889 3600 3958 ejus,

2029 3973 2208 4027 soluta
2243 3983 2323 4028 est
2356 3989 2384 4028 a
2426 3976 2543 4044 lege
2575 3977 2694 4030 viri.
2733 3995 2754 4030 ι
2795 3977 3225 4046 Comparatione
3252 3979 3408 4048 legis,
3444 3996 3604 4034 mau-

2029 4065 2215 4120 datum
2284 4068 2459 4121 virum
2520 4069 2759 4138 appellat
2802 4089 2814 4125 :
2872 4081 2930 4124 ut
2982 4072 3234 4126 ostendat
3278 4076 3445 4140 legem
3477 4076 3604 4128 sine

2030 4155 2223 4210 effectu
2260 4156 2512 4212 vindictae
2543 4159 2699 4226 quasi
2738 4169 3031 4224 mortuam,
3089 4159 3244 4213 nobis
3274 4161 3384 4230 jam
3415 4159 3608 4214 morti-

2031 4248 2208 4303 licatis
2234 4249 2491 4317 impedire
2519 4266 2624 4304 non
2652 4266 2834 4319 posse,
2877 4266 3166 4318 quominus
3194 4268 3258 4305 ex
3286 4252 3495 4317 integro
3521 4251 3596 4305 ad

2032 4339 2306 4393 Christum
2349 4340 2462 4408 (qui
2510 4340 2810 4394 resurrexit
2839 4357 2868 4394 a
2921 4344 3170 4411 mortuis)
3215 4352 3555 4395 transeamus
3583 4357 3604 4400 :

2034 4433 2126 4501 qui
2164 4434 2359 4487 merito
2393 4433 2546 4486 nobis
2575 4433 2802 4496 viveret,
2835 4433 2881 4490 si
2911 4433 3207 4489 invenisset
3240 4437 3380 4498 quod
3407 4435 3608 4504 punire

355 4523 603 4578 servisus
633 4542 646 4578 :
696 4539 798 4590 ego
859 4534 1036 4580 tamen
1088 4527 1327 4580 concedo
1378 4526 1676 4583 inﬁrmitati
1711 4537 1925 4592 vestrae,
1959 4556 2003 4610 υ
2034 4531 2214 4591 posset
2243 4522 2295 4575 in
2320 4521 2494 4576 nobis.

355 4625 417 4665 ut
443 4622 645 4666 tantum
675 4615 898 4684 jnstitia:
933 4617 1200 4670 serviatis.
1231 4615 1357 4672 Sive
1389 4619 1462 4672 ita
1495 4634 1511 4672 :
1541 4618 1776 4673 humana
1815 4634 1923 4688 jam

358 4708 576 4757 ratione
621 4707 780 4772 digna
833 4707 1046 4774 loquor,
1095 4708 1236 4775 quod
1267 4723 1456 4763 omnes
1485 4725 1696 4764 mecum
1723 4710 1932 4764 sentire

355 4808 604 4865 possent,
640 4807 695 4851 et
725 4799 902 4852 nullus
933 4801 1195 4854 abnuere.

439 4905 457 4938 ι
498 4885 650 4941 Sicut
681 4890 823 4943 enim
855 4890 1183 4944 exhibuistis
1227 4892 1466 4946 membra
1501 4903 1676 4948 vestra
1724 4893 1933 4946 servire

358 4979 720 5035 immunditiae
743 4991 796 5036 et
824 4981 1122 5052 iniquitati,
1159 4985 1225 5037 ad
1260 4985 1604 5052 iniquitatem
1634 5001 1649 5040 :
1684 4986 1756 5038 ita
1791 5001 1934 5038 nunc

360 5071 614 5125 exhibete
648 5073 887 5128 membra
921 5084 1098 5128 vestra
1133 5076 1340 5129 servire
1365 5076 1609 5143 justitize,
1641 5076 1692 5128 in
1727 5075 1934 5129 sancti—

359 5163 696 5222 ﬁcationem.
733 5185 752 5218 ι
788 5165 924 5232 Quia
951 5167 1216 5236 quidquid
1243 5167 1424 5221 anima
1451 5168 1748 5222 carnaliter
1773 5168 1934 5235 gerit,

365 5257 659 5314 carnaliter
711 5260 998 5328 deputatur
1047 5277 1062 5314 :
1127 5260 1170 5314 si
1229 5269 1408 5312 autem
1467 5274 1595 5314 caro
1655 5260 1937 5328 spirituale

362 5365 504 5417 opus
536 5350 719 5415 iaciat,
747 5360 888 5404 totus
928 5350 1088 5404 homo
1116 5349 1345 5404 eliicitur
1375 5350 1644 5417 spiritalis
1683 5366 1696 5401 :
1749 5358 1806 5402 ut
1854 5357 1936 5402 est

367 5444 538 5498 illud:
581 5443 783 5510 Corpus
810 5445 948 5514 quod
997 5444 1377 5512 corrumpitur,
1417 5449 1668 5512 aggravet
1702 5441 1937 5494 animant

368 5537 528 5607 (Sap.
563 5552 639 5604 ιιι,
681 5535 794 5607 15).
833 5535 942 5590 Nos
971 5537 1318 5592 exhibuimus
1343 5536 1581 5590 membra
1610 5541 1794 5588 nostra
1825 5546 1940 5586 ser-

367 5630 484 5681 vire
513 5641 766 5696 peccato:
795 5646 900 5682 non
930 5632 1070 5682 sicut
1107 5629 1383 5683 Manichaai
1419 5629 1627 5692 dicunt,
1685 5636 1937 5682 naturam

366 5722 615 5786 corporis
645 5719 905 5776 inscrtum
942 5721 1138 5775 habere
1173 5731 1474 5790 peccatum.

449 5828 468 5858 ‹
518 5811 652 5864 Cum
690 5815 831 5867 enim
861 5815 1003 5868 servi
1045 5816 1237 5870 essetis
1267 5815 1497 5885 peccati,
1547 5813 1706 5868 liberi
1760 5814 1939 5870 fuistis

2113 4629 2134 4662 ε
2167 4611 2354 4680 Igitur,
2413 4614 2628 4667 vivente
2680 4613 2835 4676 viro,
2888 4613 3172 4668 vocabitur
3222 4613 3502 4673 adultera,
3553 4614 3605 4666 si

2035 4703 2199 4759 fuerit
2245 4720 2367 4758 cum
2405 4705 2510 4760 alio
2555 4706 2695 4759 viro.
2742 4705 2799 4760 Si
2831 4716 3011 4759 autem
3047 4717 3290 4758 mortuus
3325 4704 3488 4758 fuerit
3521 4705 3608 4757 vir

2035 4795 2176 4865 ejus,
2212 4795 2436 4849 liberata
2483 4806 2568 4851 est
2606 4812 2632 4850 a
2670 4797 2787 4864 lege
2833 4798 2957 4862 viri,
2991 4807 3046 4850 ut
3094 4811 3197 4850 nou
3236 4799 3308 4850 sit
3336 4796 3602 4859 adultera,

2035 4889 2079 4941 si
2115 4887 2278 4941 fuerit
2308 4903 2432 4942 cum
2463 4888 2572 4942 alio
2610 4891 2747 4944 viro.
2789 4907 2807 4940 ι
2846 4889 3093 4954 Quandiu
3122 4889 3254 4940 vivit
3287 4888 3384 4953 vir,
3414 4887 3607 4941 tantliu

2037 4981 2112 5034 illi
2141 4983 2435 5036 secundum
2468 4983 2587 5052 ejus
2617 4984 2788 5038 solius
2826 4997 3050 5036 necesse
3080 4990 3162 5035 est
3202 4982 3384 5034 vivere
3416 4980 3607 5034 volun-

2039 5083 2201 5128 tatem
2239 5092 2253 5128 :
2287 5091 2408 5129 cum
2455 5087 2660 5142 autem,
2711 5075 2803 5130 illo
2848 5085 3081 5136 mortuo,
3130 5074 3235 5127 alio
3267 5074 3381 5126 viro
3414 5074 3610 5125 mulier

2037 5165 2204 5220 fuerit
2233 5166 2504 5232 copulata,
2547 5167 2659 5234 jam
2699 5181 2802 5219 non
2839 5164 2913 5218 illi
2941 5164 3235 5218 secundum
3266 5162 3461 5232 prioris
3501 5161 3608 5214 viri

2036 5259 2484 5312 consuetudinem
2517 5269 2600 5312 est
2634 5257 2943 5312 vivendum.

2114 5368 2133 5401 ι
2175 5350 2380 5422 itaque,
2427 5349 2628 5404 fratres
2683 5351 2809 5414 mei,
2869 5360 2925 5404 et
2973 5363 3071 5404 vos
3117 5346 3424 5402 tuortilicati
3473 5346 3610 5398 estis

2040 5442 2165 5513 legi.
2204 5460 2224 5494 ι
2272 5441 2481 5507 Noluit,
2529 5441 2681 5510 juxta
2731 5442 3223 5508 comparationem,
3283 5437 3448 5506 legem
3503 5436 3612 5490 illis

2041 5537 2221 5589 dicere
2251 5546 2519 5589 mortuam
2551 5553 2564 5589 :
2601 5536 2695 5590 sed
2749 5537 2889 5604 quod
2937 5535 3118 5590 verbis
3157 5533 3238 5586 eis
3274 5529 3459 5584 dicere
3500 5543 3610 5583 non

2043 5627 2296 5694 audebat,
2329 5627 2624 5682 intellectui
2660 5628 2968 5700 dereliquit.

2120 5741 2138 5772 ι
2179 5720 2281 5774 Per
2347 5734 2545 5788 corpus
2610 5719 2837 5785 Christi,
2903 5728 2961 5772 ut
3012 5718 3131 5772 sitis
3185 5714 3412 5770 alterius
3461 5712 3607 5768 viri:

2046 5813 2138 5882 qui
2187 5827 2251 5866 ex
2305 5811 2534 5865 mortuis
2585 5810 2902 5874 resurrexit,
2938 5820 2996 5862 ut
3043 5805 3378 5863 fructiticctis
3410 5805 3538 5857 Deo.
3582 5819 3599 5850 ι
