3934 6200
263 380 370 449 701

264 600 451 644 carne.

337 697 362 732 ε
404 679 536 733 Cum
570 679 718 734 enim
755 693 999 734 essemus
1037 681 1094 734 in
1124 693 1311 740 carne,
1342 679 1628 748 passiones
1653 693 1845 748 pecca-

274 782 481 831 torum.
515 785 636 837 quae
665 785 760 838 per
787 771 956 840 legem
991 779 1170 834 erant,
1201 769 1562 837 operabantur
1595 770 1650 824 in
1673 785 1844 824 mem-

265 859 382 914 bris
414 858 638 913 nostris.
679 877 700 911 ι
744 859 879 914 Cum
921 873 1169 914 essemus
1207 859 1259 913 in
1311 860 1519 914 carnali
1553 873 1843 912 conversa-

267 951 437 1016 tione,
475 949 661 1018 passio
693 950 1155 1018 concupiscentiae
1181 951 1516 1019 operabatur
1536 953 1588 1003 in
1622 949 1794 1003 oculis
1826 965 1841 1004 :

263 1052 317 1096 et
341 1041 396 1095 iu
423 1044 631 1097 ceteris
654 1043 913 1096 membris
937 1051 1148 1097 cretera:
1171 1044 1450 1112 passiones
1474 1059 1488 1096 :
1511 1057 1631 1111 qua:
1663 1052 1840 1094 tamen

265 1149 365 1203 per
421 1134 594 1202 legem
640 1135 1074 1188 ostendebantur
1127 1151 1247 1189 esse
1302 1143 1546 1203 peccata.
1608 1132 1740 1185 Item
1789 1131 1841 1184 in

261 1242 430 1282 carne
457 1240 564 1292 est,
593 1229 681 1296 qui
713 1229 990 1282 voluntate
1021 1230 1206 1284 carnis
1233 1229 1452 1282 ducitur
1478 1246 1490 1282 :
1534 1237 1588 1281 et
1620 1227 1721 1293 legi
1748 1225 1840 1278 Dei

258 1321 483 1375 obedire
515 1322 854 1386 prohibetur,
889 1325 1014 1390 quia
1058 1337 1161 1374 non
1193 1330 1369 1387 potest
1415 1321 1626 1373 duobus
1662 1319 1842 1372 domi-

261 1412 350 1464 nis
404 1412 631 1466 servire.
685 1410 835 1464 Nunc
886 1420 1067 1466 autem
1121 1413 1294 1481 gratia
1355 1409 1592 1479 Spiritus
1633 1411 1841 1474 sancti,

265 1502 413 1554 docti
461 1503 744 1570 passiones
793 1505 1051 1569 vincere,
1109 1504 1164 1558 in
1216 1518 1380 1558 carne
1446 1518 1556 1555 non
1630 1517 1841 1562 sumus.

267 1596 398 1660 quia
434 1595 632 1647 mortui
658 1609 846 1648 sumus
877 1594 1003 1663 legi,
1040 1609 1159 1662 qua:
1188 1593 1490 1648 doctrinam
1521 1591 1708 1661 gratiae
1737 1606 1842 1644 non

267 1685 537 1737 continet.

345 1792 366 1826 ι
411 1773 480 1830 Ut
519 1776 915 1832 fructiﬁcarent
945 1776 1129 1833 morti.
1162 1795 1182 1829 ι
1231 1777 1302 1833 Ut
1335 1791 1437 1832 nos
1468 1775 1602 1845 legis
1639 1773 1842 1829 severi-

265 1875 351 1920 tas
384 1867 729 1923 interﬁcetet.

339 1976 359 2010 ι
400 1957 554 2012 Nunc
585 1969 764 2014 autem
796 1959 956 2015 soluti
980 1975 1174 2014 sumus
1205 1975 1234 2013 a
1265 1959 1383 2030 lege
1411 1959 1624 2021 mortis,
1655 1959 1709 2013 in
1737 1975 1841 2028 qua

262 2049 662 2104 detinebantur.
708 2068 727 2103 ι
787 2051 1080 2108 Morientes
1109 2062 1356 2122 peccato,
1396 2051 1452 2106 in
1483 2067 1591 2121 quo
1623 2053 1840 2109 detine-

261 2143 460 2197 bantur
489 2159 518 2194 a
549 2143 684 2213 lege.

344 2250 366 2283 ε
403 2232 482 2286 Ita
514 2243 569 2285 ιιι
604 2235 904 2290 serviamus
952 2236 1006 2290 ltt
1052 2236 1290 2292 novitate
1319 2237 1565 2303 spiritus.
1605 2254 1624 2288 ι
1670 2234 1844 2306 Spiri-

265 2321 434 2376 tualis
479 2323 666 2391 gratia:
713 2323 1013 2392 praeceptis,
1063 2331 1119 2378 et
1149 2338 1254 2377 non
1292 2323 1492 2378 litterae
1524 2323 1684 2392 legis.
1714 2322 1842 2375 Item

264 2412 502 2466 servitus
533 2428 672 2468 nova
701 2424 806 2479 est,
840 2430 949 2469 non
995 2415 1219 2482 diligere
1254 2417 1539 2480 mundum,
1574 2428 1751 2482 neque
1780 2426 1842 2466 ea

263 2519 386 2572 qua:
433 2514 558 2556 sunt
609 2503 663 2558 in
696 2506 897 2561 mundo
930 2523 945 2561 :
981 2517 1054 2562 et‘
1083 2508 1264 2562 carnis
1297 2521 1487 2560 curam
1518 2519 1624 2560 non
1662 2505 1844 2560 facere

265 2595 318 2647 in
347 2595 832 2661 concupiscentiis.
869 2594 980 2649 Lex
1034 2596 1180 2649 enim
1227 2598 1365 2649 bona
1419 2604 1578 2649 terra:
1619 2596 1845 2662 promit-

268 2696 431 2748 tens,
490 2685 698 2738 nutrire
751 2686 902 2738 novit
945 2695 1248 2738 amatorum
1301 2684 1488 2737 carnis
1537 2682 1840 2737 desideria.

266 2772 424 2829 Juste
452 2775 544 2829 hic
586 2777 832 2845 discipuli
867 2774 994 2830 Jesu
1032 2775 1136 2846 legi
1167 2776 1370 2831 mortui
1401 2787 1550 2840 sunt,
1585 2775 1858 2844 quoniam

267 2867 474 2920 mundo
497 2868 1039 2921 abrenuntiaverunt.

345 2976 364 3008 ι
407 2956 474 3008 Ει
509 2975 611 3010 non
647 2958 698 3012 in
737 2968 1007 3014 vetustate
1045 2959 1260 3016 litterae.
1297 2979 1317 3012 ι
1365 2959 1522 3014 Nunc
1549 2958 1762 3027 scriptae
1790 2966 1846 3012 et

262 3047 533 3101 naturalis
584 3047 714 3116 legis
773 3046 905 3101 facit
952 3048 1322 3103 mentionem:
1359 3048 1484 3115 quia
1518 3048 1718 3116 scripta
1756 3048 1840 3100 lex

262 3149 314 3192 et
348 3140 653 3192 naturalem
695 3140 956 3194 continet.
1019 3139 1183 3194 Infert
1221 3149 1400 3194 autem
1438 3139 1624 3194 dicens
1655 3155 1669 3192 :
1701 3137 1836 3191 Nam
1866 3176 1911 3234 ο
1957 3159 1975 3182 ι

261 3228 766 3294 concupiscentiam
808 3231 1114 3285 nesciebam
1148 3231 1248 3284 nisi
1279 3247 1374 3299 per
1403 3232 1593 3298 legem.
1639 3230 1838 3284 Perso-

265 3335 394 3374 nam
424 3320 642 3390 juvenis
670 3321 857 3384 sumit,
881 3324 1167 3377 ostendere
1199 3323 1408 3386 volens,
1448 3323 1571 3389 quia
1601 3321 1844 3390 quandiu

260 3425 460 3464 sumus
504 3412 776 3476 infantes,
837 3412 1060 3468 omnino
1098 3412 1229 3482 quid
1281 3413 1352 3467 sit
1403 3413 1842 3481 concupiscentia

267 3503 611 3571 ignoramus.
668 3502 804 3556 Cum
833 3515 1015 3556 autem
1067 3517 1321 3556 crescere
1365 3504 1712 3571 coeperimus,
1747 3502 1848 3554 itii-

268 3596 410 3650 tium
449 3593 650 3662 accipit
692 3595 1136 3664 concupiscentia
1180 3593 1321 3662 (qua:
1349 3609 1378 3647 a
1427 3595 1545 3663 lege
1577 3593 1844 3662 prohibita

265 3693 380 3755 est)
418 3688 468 3739 in
503 3698 746 3742 nostram
784 3689 1072 3757 pervenire
1098 3687 1370 3750 n0titiatn,
1418 3700 1540 3741 cum
1575 3684 1688 3756 jam
1721 3701 1847 3756 pos-

262 3778 448 3833 simus
477 3779 790 3834 discernere
822 3779 1022 3832 bouum
1053 3787 1108 3832 et
1135 3778 1354 3831 malum.
1661 3847 1665 3852 η

341 3887 368 3924 ι
405 3869 549 3936 Quid
583 3886 710 3940 ergo
733 3869 1020 3925 dicemus?
1055 3867 1160 3924 Lex
1188 3875 1470 3938 peccatum
1505 3868 1627 3924 est?
1651 3887 1671 3920 ι
1708 3866 1844 3934 Quia

255 3967 332 4019 ab
366 3979 435 4018 ea
467 3978 683 4030 semper
723 3973 950 4017 mortem
978 3965 1191 4017 dixerat
1238 3977 1360 4016 esse
1405 3963 1659 4016 solutam.
1713 3963 1844 4016 item

253 4071 328 4110 ex
358 4056 496 4110 hinc
524 4056 638 4109 vult
681 4055 969 4110 ostendere
999 4072 1014 4110 :
1058 4055 1312 4122 quoniam
1354 4070 1460 4109 non
1491 4056 1846 4110 custodiendo

253 4147 476 4213 legem,
505 4159 612 4198 non
654 4143 755 4198 fuit
789 4144 920 4213 legis
955 4143 1266 4209 infirmitas,
1308 4144 1408 4198 sed
1459 4144 1710 4198 humana:
1741 4151 1848 4215 tvo-

250 4239 522 4294 luntatis.
582 4237 814 4290 bicendo
863 4245 1082 4290 autem:
1125 4235 1418 4290 Peccatum
1443 4250 1550 4290 non
1591 4236 1845 4307 cognovi,

252 4333 367 4388 nisi
431 4345 530 4398 per
571 4332 782 4398 legem:
831 4342 1120 4396 personam
1161 4327 1312 4394 pueri
1344 4329 1589 4395 assumit,
1625 4330 1716 4399 qui
1752 4345 1847 4398 per

249 4425 454 4481 etatis
503 4421 875 4477 infirmitatem
927 4421 1029 4490 legi
1086 4420 1360 4476 obnoxius
1409 4436 1514 4475 non
1544 4432 1686 4475 -est:
1747 4421 1843 4476 sed

1260 355 1668 442 Exposmo
1713 382 1795 442 IN
1853 385 2096 449 Eptsr.
2143 389 2242 448 AD
2282 387 2464 451 non.

262 495 689 552 Comtnoriendo
730 495 973 563 Christo,
1005 494 1096 566 qui
1136 493 1422 550 damnavit
1465 503 1750 564 peccatum
1784 495 1838 550 in
1868 508 1912 566 Α
1947 497 2155 553 foveam
2189 501 2427 554 ostendit

3409 383 3520 447 702

2475 516 2491 554 :
2542 500 2796 554 similiter
2841 509 2895 553 et
2947 497 3030 553 lex
3080 499 3515 566 prmcavendnmo

1945 599 1999 646 et
2053 591 2452 646 observandum
2512 606 2632 646 esse
2687 607 2717 646 a
2786 592 3024 661 peccatis
3083 589 3214 643 facit
3269 591 3517 642 nctitiam

1943 690 2288 748 peccatorum
2321 697 2338 735 :
2383 687 2438 734 et
2479 695 2574 750 per
2614 681 2716 734 ltoc
2747 680 2919 750 legem
2955 689 3201 735 sanctam
3232 686 3288 732 et
3321 679 3517 732 bonam

1947 785 2072 826 esse
2113 771 2362 825 dicimus.

2021 880 2040 913 r
2073 861 2372 916 Occasione
2423 868 2606 914 autem
2639 869 2882 929 accepta,
2933 869 3212 924 peccatum
3244 874 3341 927 per
3371 875 3518 911 man-

1947 953 2129 1006 datum
2161 945 2446 1019 operatum
2479 961 2560 1005 est
2585 952 2637 1004 in
2661 966 2768 1005 me.
2815 969 2834 1001 ι
2889 948 2983 1001 Hic
3015 957 3292 1017 peccatum
3325 948 3518 1001 diabo-

1944 1042 2053 1095 lum
2085 1044 2339 1109 appellat,
2373 1043 2515 1096 sicut
2540 1043 2591 1094 in
2635 1041 2958 1110 Apocalypsi
2993 1039 3307 1093 nominatur
3334 1040 3515 1105 (Apoc.

1943 1149 2042 1197 xu,
2081 1133 2194 1202 12),
2237 1134 2447 1188 scilicet
2491 1142 2680 1186 auctor
2731 1135 2963 1200 peccati.
3019 1130 3157 1184 Dicit
3189 1148 3316 1198 ergo
3356 1148 3515 1185 occa-

1945 1225 2152 1278 sionem
2189 1225 2452 1286 mandati,
2536 1226 2678 1291 quod
2737 1222 3143 1276 excusationem
3204 1224 3518 1291 ignorantia:

1945 1314 2185 1368 abstulit.
2232 1315 2462 1369 Gravius
2500 1317 2644 1370 enim
2697 1314 2852 1377 facit,
2897 1328 3060 1380 quam
3087 1322 3212 1364 ante
3250 1329 3517 1380 prccme:

1943 1407 2085 1460 sicut
2111 1407 2291 1460 omnis
2313 1407 2532 1462 invidus
2563 1417 2689 1460 tunc
2713 1407 2884 1473 magis
2909 1405 3248 1456 occasionem
3288 1404 3517 1456 nocendi

1944 1500 2309 1565 amplectitur,
2343 1499 2562 1566 quando
2594 1499 2794 1565 aliquid
2818 1493 3174 1550 cdl'bmittitur
3202 1495 3274 1556 ei,
3306 1496 3393 1547 oui
3426 1496 3518 1548 ille

1943 1591 2165 1643 molitur
2199 1591 2443 1644 insidias.

2023 1698 2041 1732 t
2074 1681 2299 1734 Omnem
2356 1680 2879 1750 concupiscentiam.
2917 1696 2934 1728 ι
2993 1676 3122 1743 Quae
3178 1680 3351 1734 fuerat
3403 1679 3520 1747 lege

1945 1773 2240 1840 prohibita.
2873 1825 2884 1832 ,

2023 1881 2041 1914 ι
2086 1863 2215 1918 Sine
2246 1863 2360 1932 lege
2396 1863 2570 1916 enim.
2618 1882 2637 1915 ι
2699 1863 2844 1920 Pene
2892 1868 2974 1921 lex
3009 1870 3062 1922 in
3102 1865 3372 1921 oblivione
3402 1873 3520 1916 erat

1943 1949 2224 2012 naturalis,
2274 1964 2393 2018 qua:
2445 1953 2770 2021 suggerebat
2818 1956 2947 2022 quid
3016 1959 3087 2010 sit
3153 1963 3434 2024 peccatum
3503 1967 3517 2003 :

1913 2039 2144 2093 .idcirco
2175 2041 2258 2094 lex
2292 2041 2484 2094 litterae
2529 2044 2855 2110 superducta
2886 2056 2992 2108 est,
3055 2057 3110 2098 ut
3147 2049 3521 2099 commoneret

1941 2131 2164 2186 oblitos.
2225 2130 2378 2196 Item,
2431 2132 2478 2186 si
2527 2148 2647 2185 cum
2707 2135 2788 2188 lex
2852 2149 2960 2188 non
3014 2147 3178 2199 esset,
3237 2141 3518 2201 peccatum

1945 2231 2217 2275 mortuum
2255 2229 2339 2276 est
2377 2238 2392 2274 :
2444 2223 2723 2276 insaniunt
2774 2227 2863 2292 qui
2900 2228 2964 2277 de
3006 2227 3172 2277 Adam
3209 2240 3300 2292 per
3333 2224 3519 2274 tradu-

1943 2326 2060 2366 cem
2097 2322 2346 2366 asserunt
2393 2315 2458 2368 ad
2498 2329 2597 2368 nos
2629 2313 2812 2367 venire
2861 2325 3165 2383 peccatum.
3226 2312 3516 2380 Propterea

1944 2403 2035 2457 hic
2065 2403 2216 2469 dicit,
2246 2415 2527 2473 peceatum
2559 2414 2834 2458 mortuum
2865 2415 2950 2457 est
2978 2422 2993 2458 :
3050 2403 3175 2471 quia
3217 2403 3267 2455 in
3295 2401 3515 2454 infanti-

1944 2492 2067 2556 bus,
2101 2493 2350 2563 qui‘sine
2397 2492 2510 2560 lege
2540 2501 2688 2555 sunt,
2733 2508 2837 2548 non
2870 2495 3024 2556 vivit,
3062 2492 3246 2556 idest,
3294 2491 3518 2559 impune

1945 2585 2326 2639 committitur.
2373 2584 2506 2638 Nam
2537 2586 2896 2640 tnaledicente
2933 2585 3137 2638 infante
3180 2584 3516 2651 parentibus.

1945 2675 2159 2728 videtur
2202 2690 2323 2730 esse
2386 2685 2690 2746 peccatum,
2745 2693 2850 2731 non
2911 2689 3090 2731 tamen
3143 2679 3346 2741 vivum,
3419 2679 3516 2730 Sed

1943 2777 2160 2838 mortuo
2171 2784 2243 2820 ιιι.

2023 2875 2041 2908 ι
2079 2859 2364 2912 Peccatum
2400 2872 2676 2915 mortuum
2704 2872 2842 2916 erat.
2883 2882 2902 2914 ι
2958 2863 3098 2916 Puer
3148 2863 3272 2915 licet
3312 2871 3519 2931 peccet,

1946 2963 2216 3002 mortuum
2263 2960 2350 3004 est
2396 2952 2448 3004 in
2501 2965 2565 3005 eo
2612 2963 2893 3022 peccatum
2931 2994 2945 3016 ,
2989 2954 3112 3022 quia
3145 2968 3252 3006 non
3298 2963 3381 3007 est
3418 2953 3519 3019 legi

1945 3042 2244 3110 subjectus.

2024 3133 2182 3205 «Ego
2237 3147 2415 3191 autem
2485 3137 2728 3192 vivebant
2787 3136 2908 3191 sine
2970 3135 3086 3206 lege
3141 3136 3450 3205 aliquando.
3495 3153 3514 3186 ι

1947 3227 2108 3294 Quasi
2137 3229 2338 3298 justum
2365 3241 2417 3282 ct
2448 3231 2673 3284 liberum
2711 3231 2894 3284 vivere
2937 3247 3018 3282 me
3046 3231 3300 3297 putame
3345 3245 3358 3280 :
3406 3230 3522 3284 sive

1948 3322 2003 3374 in
2039 3325 2294 3390 praesenti
2329 3325 2599 3377 vivebam.
2627 3322 2782 3392 item,
2807 3338 2926 3378 cum
2957 3331 3140 3374 autem
3172 3337 3306 3391 puer
3321 3338 3518 3387 essem,

1949 3411 2048 3481 legi
2085 3413 2352 3467 obnoxius
2378 3430 2484 3468 non
2521 3429 2690 3469 eram.

2023 3523 2040 3556 t
2072 3503 2176 3558 Sed
2227 3521 2348 3560 eum
2397 3509 2632 3562 venisset
2680 3510 3017 3565 mandatum.
3057 3528 3076 3560 ι
3125 3509 3182 3563 In
3234 3506 3340 3561 fine
3385 3507 3522 3561 obli-

1948 3595 2127 3651 vionis
2166 3596 2503 3666 recognitum
2551 3609 2635 3653 est
2667 3609 2972 3668 peceatum,
3021 3599 3342 3653 adveniente
3377 3613 3523 3649 man-

1949 3690 2118 3744 dato:
2157 3698 2212 3743 ut
2250 3691 2429 3745 omnis
2467 3690 2560 3760 qui
2606 3692 2733 3746 illud
2757 3691 2968 3756 fecerit,
3011 3701 3280 3744 mortuum
3319 3704 3377 3742 se
3403 3704 3524 3740 esse

1948 3793 2256 3854 cognosrat.

2024 3893 2042 3925 ι
2080 3874 2369 3929 Peccatum
2408 3875 2621 3928 revixit.
2666 3893 2686 3927 ι
2743 3873 2842 3928 Ubi
2874 3875 3109 3939 adolevi,
3137 3883 3192 3928 et
3225 3871 3363 3940 cmpi
3397 3884 3520 3923 esse

1947 3964 2050 4020 sub
2082 3967 2236 4040 lege;
2275 3974 2330 4018 et
2366 3965 2649 4028 delictum,
2693 3963 2834 4034 quod
2873 3979 2995 4017 cum
3033 3980 3207 4018 essem
3239 3975 3390 4031 pner,
3427 3974 3522 4027 per

1949 4057 2313 4126 ignorantiam
2367 4068 2485 4110 erat
2539 4057 2592 4110 in
2648 4072 2732 4111 me
2782 4068 3080 4120 mortuum,
3123 4053 3316 4107 revixit
3351 4051 3405 4104 in
3437 4065 3522 4102 mc

1947 4149 2065 4219 lege
2113 4150 2450 4204 dominante.
2494 4148 2572 4203 Ita
2612 4164 2763 4219 ergo,
2791 4149 2987 4218 inquit,
3020 4150 3352 4212 maudatum,
3380 4144 3522 4213 quod

1947 4252 2066 4296 erat
2102 4243 2168 4294 ad
2209 4243 2373 4296 vitam
2411 4244 2619 4303 datum,
2668 4244 2771 4295 boc
2806 4241 2936 4294 mihi
2974 4241 3025 4293 in
3060 4252 3285 4293 mortem
3339 4237 3528 4290 inven-

1950 4345 2062 4388 tum
2096 4344 2198 4399 est,
2237 4333 2488 4402 pueritiae
2524 4333 2942 4395 consuetudine,
2972 4345 3028 4385 et
3049 4345 3200 4384 more
3241 4327 3521 4397 peccandi.

1951 4427 2120 4489 Item,
2163 4429 2287 4495 quia
2330 4427 2541 4479 vixerat
2605 4440 2700 4494 per
2759 4424 3058 4478 naturalem
3100 4419 3385 4476 scientiam
3412 4458 3427 4483 ,
3472 4427 3544 4471 ett:

247 4517 350 4571 ubi
407 4516 728 4582 adoleverit,
770 4517 872 4570 sub
919 4515 1039 4586 lege
1085 4529 1209 4570 esse
1253 4515 1461 4584 incipit,
1503 4526 1557 4570 et
1595 4516 1847 4570 mandata
1879 4514 1926 4570 ιι
1954 4528 2228 4573 mortuum
2276 4517 2455 4571 fuerat
2504 4531 2600 4586 per
2639 4516 2967 4572 oblivionem
2993 4554 3008 4580 ,
3046 4516 3165 4568 ideo
3206 4512 3404 4566 dicitur
3435 4525 3540 4562 reo-

245 4623 628 4678 cognoscere.

331 4723 356 4754 ‹
399 4701 580 4756 Absit.
618 4718 638 4752 ι
683 4700 883 4755 Contra
920 4700 1265 4757 Manichaeos.
1300 4698 1455 4765 Quod
1503 4700 1546 4754 si
1581 4700 1844 4765 dixerint,

242 4795 448 4852 timuit
482 4794 846 4849 scandalum:
893 4809 1113 4866 semper
1164 4809 1292 4862 ergo
1346 4794 1550 4859 timuit,
1606 4802 1661 4848 et
1711 4810 1850 4848 nun-

243 4902 431 4956 quam
499 4895 691 4940 contra
742 4886 913 4954 legem
965 4885 1184 4940 locutus
1235 4894 1342 4942 est.
1389 4883 1541 4940 Unde
1577 4901 1707 4955 ergo
1751 4900 1848 4940 vos

247 4978 535 5043 audistis,
556 4979 699 5047 quod
731 4978 820 5032 ille
851 4993 958 5032 non
987 4978 1159 5034 fecit?

334 5089 358 5124 ι
405 5071 523 5125 Sed
577 5080 860 5139 peccatum
900 5085 1007 5125 non
1057 5071 1306 5140 cognovi,
1341 5071 1444 5125 nisi
1472 5086 1564 5140 per
1590 5071 1781 5140 legem.
1821 5088 1841 5121 ι

241 5163 362 5220 Hic
402 5163 462 5215 in
507 5177 739 5229 persona
799 5163 916 5230 ejus
957 5163 1189 5216 hominis
1237 5163 1494 5231 loquitur,
1527 5164 1619 5230 qui
1675 5160 1847 5229 legem

239 5257 504 5324 accepit.
533 5254 583 5306 id
611 5261 713 5317 est,
744 5254 835 5322 qui
861 5255 1096 5321 primum
1123 5253 1217 5308 Dei
1245 5255 1495 5308 mandata
1529 5253 1843 5323 cognoscit:

239 5363 390 5406 cum
438 5344 885 5399 consuetudinem
913 5345 1072 5399 habet
1101 5344 1476 5414 delinquendi.

330 5459 357 5494 ι
411 5437 554 5493 Nam
587 5438 1087 5506 concupiscentiam
1130 5439 1464 5500 nesciebam,
1493 5438 1598 5492 nisi
1631 5438 1714 5493 lex
1760 5435 1847 5490 di-

238 5542 420 5591 ceret
464 5545 482 5586 :
519 5528 636 5585 Non
676 5532 1045 5600 concupisces.
1082 5550 1100 5584 ι
1156 5531 1272 5586 Non
1309 5532 1488 5598 dixit,
1541 5546 1648 5584 non
1685 5530 1850 5584 habe-

233 5629 419 5686 bam,
466 5629 583 5684 aut,
615 5637 722 5676 non
756 5624 1020 5678 faciebam
1048 5641 1063 5680 :
1094 5627 1213 5689 sed,
1244 5623 1548 5678 nesciebam
1573 5639 1588 5677 :
1613 5622 1716 5677 boc
1745 5632 1848 5686 est,

234 5713 592 5774 nesciebam
642 5715 1146 5786 concupiscentiam
1197 5729 1318 5771 esse
1373 5725 1677 5784 peccatum.
1715 5715 1845 5768 Item

236 5813 408 5866 sicut
465 5804 648 5860 lumen
695 5809 747 5864 itt
802 5807 1082 5874 tenebris,
1143 5808 1226 5862 vel
1272 5807 1695 5872 oll‘eudiculum,
1761 5806 1844 5860 vel

1951 4609 2152 4662 vixisse
2175 4623 2271 4677 per
2303 4611 2492 4675 legem.

2029 4718 2047 4750 ι
2081 4698 2196 4769 Ego
2251 4709 2432 4754 autem
2489 4708 2736 4756 mortuus
2767 4715 2909 4754 sunt.
2940 4717 2962 4751 ι
3011 4697 3148 4764 Quia
3186 4697 3364 4752 sciens
3389 4709 3532 4764 prae-

1951 4793 2215 4848 varicavi.

2028 4905 2047 4938 ι
2085 4886 2155 4940 ΕΙ.
2183 4887 2458 4940 inventum
2483 4892 2568 4940 est
2598 4884 2727 4938 mihi
2769 4884 3107 4943 mandatum,
3137 4878 3280 4948 quod
3302 4884 3421 4930 erat
3456 4874 3526 4928 ad

1950 4979 2143 5039 vitam.
2195 4977 2299 5031 hoc
2349 4991 2471 5033 esse
2521 4977 2588 5031 ad
2647 4987 2895 5030 mortem.
2935 4993 2953 5026 ι
2995 4974 3149 5039 Quod
3196 4967 3544 5024 custoditum

1953 5068 2272 5139 proﬁciebat
2311 5071 2380 5122 ad
2435 5071 2626 5132 vitam,
2669 5069 2972 5137 neglectqu
3001 5065 3151 5117 duxit
3175 5063 3240 5114 ad
3271 5070 3552 5112 mortem..

1951 5164 2084 5218 item
2135 5176 2349 5232 pmnatn
2383 5170 2608 5214 mortem
2665 5158 2818 5220 dicit,
2865 5153 3215 5225 quam'nobis
3244 5161 3523 5220 peccatum

1952 5268 2048 5321 per
2073 5253 2444 5320 deceptionem
2479 5264 2628 5305 suam
2659 5249 2965 5317 acquisiiit,
2997 5247 3291 5299 ostendens
3318 5253 3526 5308 tempe--

1955 5346 2088 5400 ralia
2115 5355 2171 5398 et
2200 5356 2437 5407 terrena,
2463 5357 2582 5412 qua:
2613 5351 2867 5408 putantur
2895 5353 3017 5393 esse
3043 5339 3182 5392 bona
3214 5353 3228 5389 :
3277 5345 3332 5389 et
3355 5335 3528 5399 legem

1953 5435 2317 5506 praevaricare
2347 5432 2601 5497 suadens,
2647 5444 2767 5498 qua:
2793 5428 2956 5480 vitam
2987 5437 3249 5479 aiternatn
3281 5418 3528 5474 facienti-

1952 5529 2055 5580 bus
2093 5522 2441 5594 repromittit.

2031 5635 2049 5668 t
2083 5617 2215 5669 Nam
2243 5625 2544 5684 peccatum,
2583 5610 2867 5668 occasione
2899 5618 3144 5678 accepta,
3175 5622 3273 5676 per
3305 5621 3424 5658 man
3449 5607 3526 5657 la-

1955 5719 2068 5764 tum
2123 5710 2338 5763 seduxit
2387 5722 2514 5761 tne:
2569 5716 2624 5760 et
2664 5686 2916 5775 per'illud
2948 5703 3168 5758 occidit.
3221 5700 3409 5768 itaque
3439 5700 3558 5754 ιρι-»

1953 5803 2170 5874 quidem
2207 5813 2415 5870 sancta,
2463 5811 2518 5856 et
2553 5804 2860 5857 mandatum
2899 5809 3168 5863 sanetum,
3215 5806 3268 5850 ct
3298 5794 3560 5864 justuw,.
