3934 6200
399 353 514 420 703

1366 352 1426 414 s.
1470 351 1917 414 HIERONYMI
1962 353 2283 418 OPERUM
2320 324 2730 416 MANTISSA.
3518 361 3606 426 nt

399 477 457 523 et
502 467 731 524 bonum.
764 485 782 520 ι
825 465 1027 524 Contra
1071 464 1481 537 impugnatores
1513 467 1650 538 legis
1699 476 1757 521 et
1800 475 1987 522 contra
2019 477 2064 532 Α
2095 468 2153 524 Si
2187 485 2374 539 pecco,
2417 470 2553 542 legis
2612 466 2897 526 severitati
2953 467 3216 539 meipsum
3248 469 3474 541 snbjlcio.
3499 478 3609 536 Item

399 579 500 619 eos
541 563 636 634 qui
691 562 958 632 justitiam
1012 574 1042 614 a
1081 559 1328 615 bonitate
1375 568 1710 627 secernunt,
1795 560 1882 614 lex
1935 571 1991 614 et.

401 662 590 710 sancta
627 662 680 706 et
710 653 850 706 bona
881 651 1082 706 dicitur
1111 660 1167 706 et
1194 650 1362 720 justa.
1408 649 1556 716 Nisi,
1589 651 1789 720 inquit,
1823 651 1992 706 abun-

401 746 608 799 daverit
634 743 857 813 justitia
901 751 1073 796 vestra
1110 741 1318 811 (Matth.
1375 757 1428 807 v,
1457 741 1572 811 ΞΟ).
1615 742 1719 796 Sed
1756 752 1812 797 et
1844 743 1990 797 Deus

405 852 798 904 nonnunquam
850 835 905 890 in
967 835 1136 889 veteri
1182 834 1552 890 Instrumenta
1589 835 1785 900 bonus,
1841 845 1897 890 et
1931 837 1988 891 in

405 946 548 985 novo
603 929 800 982 dicitur
851 927 1054 995 justus.
1117 925 1278 982 Pater
1332 927 1516 998 juste,
1565 927 1642 982 ait
1702 929 1986 985 Dominus.

403 1023 606 1075 Contra
646 1020 1028 1075 Marcionistas
1062 1019 1152 1074 hic
1187 1019 1339 1073 locus
1365 1019 1518 1073 facit.

479 1133 497 1163 ι
534 1115 686 1178 Quod
720 1128 850 1180 ergo
903 1114 1102 1167 bonum
1135 1121 1238 1176 est,
1277 1113 1406 1167 mihi
1444 1111 1648 1166 factum
1679 1122 1762 1167 est
1795 1115 1992 1169 mors?

404 1206 596 1260 Absit!
644 1224 660 1256 ι
694 1204 810 1259 Non
846 1206 976 1260 mihi
1012 1206 1126 1272 ipsa
1162 1219 1328 1260 causa
1371 1205 1563 1259 mortis
1609 1205 1842 1271 exstitit,
1893 1205 1988 1261 sed

398 1312 505 1366 ego
530 1298 620 1364 qui
650 1297 929 1367 peccando
959 1297 1176 1352 invenio
1206 1307 1461 1350 mortem.

482 1409 504 1442 ι
556 1389 660 1446 S‘ed
731 1399 1034 1462 peceatum,
1096 1400 1154 1444 ut
1213 1400 1473 1460 appareat
1525 1401 1830 1460 peccatum,
1893 1407 1992 1462 per

405 1485 608 1538 bonum
644 1492 923 1552 operatum
957 1463 1054 1537 esti
1090 1481 1222 1536 mihi
1267 1491 1519 1537 mortem.
1575 1503 1596 1537 ι
1652 1483 1754 1539 Per
1786 1485 1987 1539 bonum

407 1575 546 1645 legis
571 1577 844 1630 revelatur
880 1583 1184 1643 peccatum,
1233 1584 1288 1630 et
1331 1574 1400 1630 ab
1437 1575 1551 1646 ipsa
1580 1576 1827 1645 punitur.
1855 1577 1988 1630 Item

405 1668 525 1722 vult
559 1667 853 1722 ostendere
883 1667 1118 1736 qualiter
1153 1666 1402 1733 infantis,
1445 1667 1538 1735 qui
1575 1675 1703 1720 ante
1725 1667 1844 1721 sine
1872 1667 1989 1733 lege

407 1767 549 1822 erat,
583 1773 707 1813 cum
735 1758 964 1825 cteperit
993 1757 1325 1819 adolescere,
1353 1764 1408 1810 et
1459 1769 1486 1806 a
1529 1755 1846 1822 parentibus
1900 1755 1986 1808 ni-

2096 560 2373 615 invenitur
2405 575 2652 632 peccare,
2685 561 2778 630 qui
2803 561 3070 616 voluntati
3103 566 3282 617 carnis
3314 562 3528 625 inservit.

2167 651 2223 706 Si
2255 662 2437 707 autem
2467 653 2610 722 quod
2647 655 2792 719 nolo,
2834 651 2967 707 illud
2995 653 3154 720 facio,
3234 659 3486 711 consentio
3506 660 3612 730 legi,

2093 743 2352 811 quoniam
2392 743 2530 798 bona
2566 751 2668 798 est.
2707 762 2726 796 ι
2768 744 2826 800 Si
2857 758 2942 809 ea,
2995 759 3118 814 qua
3145 745 3229 798 lex
3261 749 3481 816 praecipit
3507 766 3612 804 coti-

2094 833 2262 887 traria
2293 835 2557 888 voluntati
2583 834 2788 901 carnis,
2813 835 3092 890 custodire
3112 835 3332 890 voluero
3360 840 3613 894 secundum

2093 939 2338 990 carnem,
2383 926 2528 994 quod
2578 926 2726 990 nolo,
2793 925 2923 980 Illud
2967 925 3110 979 facio
3147 940 3164 981 :
3211 929 3484 982 secundum
3515 945 3617 984 vero

2092 1017 2430 1071 voluntatem
2459 1016 2702 1088 spiritus,
2741 1017 2840 1087 legi
2882 1017 2978 1071 Dei
3015 1017 3286 1086 spirituali
3319 1029 3466 1088 atque
3493 1021 3619 1077 bona:

2090 1107 2376 1163 convenio.
2402 1165 2405 1168 .
2979 1131 2988 1134 '

2170 1217 2189 1250 ι
2224 1197 2380 1254 Nunc
2411 1210 2589 1256 autem
2613 1203 2727 1271 jam
2761 1217 2865 1256 non
2900 1218 3002 1272 ego
3037 1217 3232 1270 operor
3263 1203 3403 1257 illud.
3453 1223 3470 1255 ι
3503 1207 3618 1260 Ante

2089 1293 2540 1349 consuetudinem
2602 1309 2734 1366 ergo
2795 1295 2972 1349 libens
3031 1309 3134 1365 ego
3199 1295 3317 1364 ipse
3373 1295 3622 1354 faciebam.

2092 1384 2224 1438 Item
2257 1385 2444 1441 dicens
2485 1404 2499 1440 :
2533 1385 2654 1441 Iam
2684 1403 2794 1442 non
2825 1402 2926 1458 ego
2949 1404 3148 1458 operor
3177 1389 3306 1442 illud
3352 1408 3364 1443 :
3405 1392 3624 1454 ostendit,

2089 1476 2218 1545 quia
2269 1492 2376 1532 non
2442 1487 2526 1532 est
2589 1479 2826 1534 hominis
2888 1481 3196 1541 rationalis.
3265 1480 3618 1536 irrationalium

2089 1567 2404 1622 animalium
2445 1571 2554 1624 ritu
2604 1571 2920 1626 vivendum.
2978 1553 3224 1625 Inferens
3269 1581 3459 1633 autem.
3503 1573 3620 1640 quod

2091 1658 2301 1712 habitat
2353 1660 2406 1714 in
2457 1674 2545 1715 me
2594 1673 2878 1731 peccatum
2914 1679 2930 1719 :
2963 1662 3172 1728 docuit,
3223 1663 3344 1730 quia
3381 1671 3532 1717 totum
3574 1677 3624 1718 se

2095 1753 2384 1810 tradiderit
2417 1755 2769 1823 passionibus
2814 1757 3022 1822 carnis,
3078 1770 3203 1826 qua:
3227 1755 3340 1810 Deo
3380 1765 3496 1809 sunt
3540 1756 3625 1810 iiii-

409 1849 713 1904 hilominus
758 1848 1061 1918 prohiberi,
1101 1855 1387 1917 peccatum
1438 1845 1665 1916 incipiat
1700 1859 1985 1916 apparere.
2019 1829 2064 1888 Β
2094 1839 2271 1896 micae.

406 1939 649 2008 Apparet
690 1948 893 2002 autem,
939 1955 1064 1994 cum
1115 1938 1250 1993 illud
1285 1938 1460 1992 vitare
1491 1937 1765 1992 didicerit.
1806 1937 1988 2005 Ipsum

407 2030 552 2084 enim
594 2041 880 2100 peccatum
917 2031 962 2084 si
1012 2029 1064 2084 in
1101 2027 1425 2100 proliciente
1452 2037 1637 2094 atate,
1661 2043 1766 2082 non
1811 2027 1988 2082 solum

406 2135 518 2174 non
553 2120 915 2184 abscinditur,
966 2119 1060 2174 sed
1098 2127 1352 2190 augetur,
1398 2132 1559 2188 supra
1611 2118 1828 2172 modum
1861 2118 1989 2187 pec-

404 2227 536 2268 cans
558 2211 810 2276 ellicitur,
834 2214 961 2265 dum
981 2212 1092 2281 jam
1125 2209 1340 2265 veniam
1379 2223 1484 2262 non
1514 2217 1775 2264 meretur.

482 2324 502 2357 r
545 2304 616 2362 Ut
671 2305 950 2374 lintsupra
993 2305 1214 2358 modum
1267 2316 1525 2372 peccans.
1568 2319 1588 2353 ι
1643 2301 1783 2355 Ante
1817 2301 1987 2370 legem

403 2399 624 2450 modum
680 2395 918 2450 habebat
962 2409 1059 2464 per
1109 2394 1476 2462 ignorantiam
1519 2409 1532 2446 :
1568 2407 1734 2460 super
1770 2393 1988 2447 modum

405 2496 511 2553 est,
545 2502 668 2542 cum
719 2487 958 2540 scienter
981 2485 1313 2540 admittitur.
1346 2483 1479 2537 Item
1516 2483 1618 2537 hoc
1668 2483 1823 2549 dicit,
1857 2499 1991 2552 quo-

405 2577 555 2632 niam
589 2585 894 2644 peccatum,
928 2588 1051 2627 cum
1103 2588 1197 2641 per
1253 2580 1468 2627 aetatem
1527 2573 1826 2626 obnoxium
1883 2591 1987 2627 non

406 2674 529 2722 erat
561 2665 890 2720 adolescenti
937 2667 1107 2731 aetati,
1143 2665 1462 2719 dominante
1514 2663 1618 2718 sibi
1668 2664 1806 2735 lege,
1845 2679 1994 2719 com-

408 2757 563 2813 missi
584 2767 865 2828 reputatur
888 2759 940 2812 in
970 2758 1183 2825 culpam
1213 2775 1226 2813 :
1253 2755 1458 2812 factum
1486 2765 1572 2811 est
1597 2755 1740 2812 ultra
1765 2758 1988 2811 modum

411 2862 720 2922 peccatum.

486 2983 506 3017 ι
548 2965 836 3020 Peccatum
874 2979 971 3035 per
1020 2964 1355 3018 mandatum.
1397 2980 1417 3015 ι
1456 2960 1612 3016 Nunc
1659 2976 1728 3016 ex
1757 2977 1990 3032 persona

406 3057 546 3126 ejus,
589 3059 679 3127 qui
707 3067 923 3112 aetatem
955 3057 1244 3127 legitimam
1269 3055 1457 3120 habet,
1480 3069 1662 3109 sermo
1691 3055 1988 3124 profertur.

406 3147 510 3213 Qui
534 3151 678 3201 enim
710 3149 841 3203 dicit
875 3166 890 3202 :
922 3147 1058 3214 Quia
1116 3147 1197 3200 lex
1255 3147 1558 3215 spiritualis
1608 3154 1710 3211 est,
1748 3148 1987 3214 seipsuni

411 3241 741 3294 condemnat
769 3241 989 3308 propria
1037 3240 1314 3292 voluntate
1348 3248 1628 3306 peccante.
1657 3234 1813 3290 Unde
1845 3236 1992 3306 adje-

407 3333 488 3385 cit
524 3347 540 3386 ;
582 3350 600 3382 ι
639 3331 749 3402 Ego
796 3343 978 3386 autem
1031 3332 1266 3386 carnalis
1313 3346 1455 3393 sum,
1512 3331 1858 3383 venundatus
1894 3330 1995 3383 sub

412 3432 660 3492 peccato,
696 3444 715 3476 ι
758 3433 813 3478 ιιι
844 3424 1113 3487 ostendat,
1165 3423 1292 3492 quia
1335 3438 1458 3478 cum
1501 3432 1648 3477 esset
1690 3423 1846 3488 liber,
1881 3424 1996 3491 ipse

334 3518 342 3524 '
414 3534 473 3570 se
519 3515 845 3569 venundedit
906 3523 1148 3584 peccato.
1198 3514 1340 3580 Quid
1392 3514 1538 3568 enim
1579 3512 1781 3566 iterum
1817 3512 1997 3565 dicit?

417 3626 438 3658 ι
471 3605 627 3674 Quod
649 3606 795 3661 enim
823 3621 1022 3677 operor
1054 3622 1161 3660 non
1192 3607 1457 3676 intelligo.
1496 3625 1515 3658 ι
1549 3606 1661 3662 ΙτΙοο
1689 3617 1772 3664 est
1805 3608 1995 3662 nolens

413 3701 728 3754 discernere
760 3713 978 3766 nocere,
1022 3698 1209 3752 volens
1249 3713 1441 3753 noceo.
1489 3700 1677 3753 Aliena
1724 3699 1994 3756 desidero.

414 3789 470 3844 in
516 3789 597 3844 eis
649 3788 904 3843 fraudare
958 3805 1068 3844 non
1117 3802 1312 3859 optans
1351 3805 1371 3844 :
1419 3789 1522 3844 hoc
1564 3791 1707 3844 enim
1755 3791 1995 3845 ostendit

415 3883 604 3938 dicens
634 3897 651 3938 :
679 3901 698 3934 ι
737 3880 855 3936 Νοιι
882 3883 1026 3937 enim
1056 3883 1198 3952 quod
1231 3885 1353 3938 volo
1385 3898 1508 3951 ago,
1555 3901 1573 3934 ι
1615 3884 1720 3936 hoc
1753 3894 1834 3935 est
1865 3882 1995 3935 mihi

413 3975 617 4030 bonum
642 3975 793 4042 fieri;
829 3994 848 4027 ι
889 3977 981 4030 sed
1015 3977 1158 4045 quod
1193 3977 1308 4040 odi,
1351 3975 1479 4030 illud
1511 3975 1707 4041 facio,»
1745 3975 2000 4031 similiter

414 4069 758 4138 intelligitur,
793 4067 924 4121 mihi
959 4068 1160 4122 titulum
1211 4069 1348 4122 fieri.
1384 4070 1442 4122 Si
1491 4068 1660 4135 civim,
1694 4069 1838 4136 quod
1873 4068 1998 4122 nolo

416 4159 551 4214 mihi
590 4161 791 4214 malum
834 4159 974 4225 ﬁeri,
1013 4159 1117 4214 hoc
1151 4158 1313 4224 facio,
1377 4160 1665 4215 consentio
1700 4160 1826 4229 legi,
1872 4160 1996 4228 quia

421 4254 564 4307 bona
623 4263 729 4318 est,
776 4252 1096 4322 praecipiens
1149 4253 1291 4320 quod
1325 4252 1421 4308 tibi
1469 4253 1586 4308 lieri
1619 4266 1727 4308 non
1764 4251 1865 4318 vis,
1904 4250 1998 4306 alii

417 4360 526 4400 non
557 4344 774 4402 feceris.

497 4477 517 4510 ι
565 4459 784 4514 Scimus
812 4459 982 4528 enim,
1015 4460 1142 4530 quia
1179 4459 1265 4514 lex
1302 4458 1603 4529 spiritualis
1642 4468 1749 4516 est.
1805 4477 1824 4511 ι
1869 4458 2000 4526 Quae

419 4552 729 4622 Spiritualia
762 4554 1003 4608 mandat.

499 4687 519 4720 ε
572 4668 689 4739 Ego
720 4677 905 4724 autem
946 4669 1184 4724 carnalis
1231 4683 1375 4724 sunt.
1423 4687 1444 4720 ι
1479 4666 1594 4738 Ego
1622 4682 2001 4739 quamcunque

418 4760 595 4832 legem
632 4762 862 4830 accipio,
896 4768 950 4815 et
971 4761 1272 4815 carnaliter
1300 4761 1481 4814 vivere
1505 4760 1790 4814 consuevi.

501 4889 520 4923 ι
578 4871 932 4928 Venundatus
965 4874 1068 4927 sub
1120 4882 1370 4941 peccato.
1415 4871 1570 4938 Quod
1603 4872 1746 4926 enim
1781 4885 1999 4940 operor,

420 4978 531 5019 non
582 4964 842 5033 intelligo.
891 4963 1008 5018 Non
1054 4963 1220 5028 enim,
1273 4963 1416 5032 quod
1459 4963 1580 5016 volo
1629 4961 1852 5028 bonum,
1896 4963 2002 5017 hoc

422 5071 526 5126 ago
560 5071 575 5109 :
613 5058 707 5110 sed
740 5058 884 5126 quod
917 5055 1005 5112 odi
1039 5058 1264 5122 malum,
1299 5057 1426 5110 illud
1455 5055 1617 5111 facio.
1651 5073 1673 5108 υ
1708 5053 2000 5125 Proposito

421 5157 667 5218 peccato,
694 5160 753 5202 ut
775 5151 818 5203 si
849 5150 1136 5204 consilium
1167 5149 1287 5219 ejus
1311 5163 1600 5218 accepero,
1625 5147 1792 5215 ipsius
1809 5163 2003 5206 servus

423 5241 646 5310 elliciar,
671 5251 862 5310 sponte
893 5247 1268 5312 memetipsuin
1300 5241 1621 5312 subjici-ms,
1655 5242 1818 5296 etiam
1845 5243 2002 5312 quasi

421 5332 728 5388 inebriatus
780 5335 1172 5389 consuetudine
1218 5343 1587 5405 peccatorum,
1626 5333 1816 5403 ignoro
1875 5334 2004 5402 quid

423 5422 590 5477 facio.
644 5424 800 5490 Quod
855 5427 1001 5480 enim
1042 5441 1259 5494 Operor,
1305 5440 1410 5478 non
1451 5425 1712 5494 intelligo.
1755 5425 1880 5480 Sive
1932 5427 2005 5479 ita

426 5518 890 5582 pronuntiandum
949 5537 964 5574 :
1017 5534 1118 5589 ego
1161 5535 1269 5573 non
1323 5518 1568 5585 intelligo
1618 5517 1819 5572 malum
1861 5533 2005 5583 esse,

423 5607 573 5675 quod
624 5608 831 5667 invitus
867 5612 1120 5676 admitto,
1149 5627 1294 5675 ,cum
1336 5609 1563 5680 malum
1625 5611 1750 5663 nolo
1804 5609 2006 5676 facere,

429 5701 576 5762 quod
602 5704 884 5757 committo
915 5721 930 5757 :
961 5705 1150 5773 utique
1180 5721 1304 5760 cum
1335 5705 1453 5771 lege
1486 5702 1686 5766 sentio,
1717 5719 1836 5773 quzc
1866 5703 2008 5757 male

433 5794 492 5838 et
523 5804 627 5842 non
659 5793 792 5860 vult,
825 5803 879 5851 ct
905 5798 1171 5863 prohibet.
1213 5797 1397 5855 Potest
1428 5806 1606 5857 autem
1643 5810 1700 5856 ct
1732 5799 1955 5869 intelligi
1991 5817 2006 5859 :

729 5904 767 5950 β

2170 1949 2190 1983 ι
2227 1932 2333 1988 Sed
2371 1933 2516 2004 quod
2547 1935 2760 1990 habitat
2796 1937 2849 1990 in
2908 1951 2996 1992 me
3023 1947 3334 2009 peccatum.
3390 1957 3408 1990 ι
3447 1937 3629 1991 Habitat

2089 2023 2244 2090 quasi
2295 2025 2512 2095 hospes.
2552 2035 2610 2080 et
2659 2027 2813 2097 quasi
2851 2027 2996 2082 aliud
3046 2029 3099 2082 in
3149 2029 3310 2083 alio:
3355 2044 3453 2083 non
3505 2029 3635 2097 quasi

2090 2127 2285 2178 unum,
2321 2126 2378 2169 ut
2408 2119 2709 2173 accidentia
2743 2119 2974 2186 scilicet,
3017 2135 3124 2174 non
3161 2121 3451 2175 naturalia.

2171 2226 2192 2259 ι
2229 2207 2356 2264 Scio
2383 2210 2550 2276 enim,
2585 2211 2713 2280 quia
2745 2228 2853 2267 non
2877 2213 3091 2267 habitat
3136 2213 3191 2266 in
3232 2229 3340 2276 me,
3372 2213 3470 2268 hoc
3501 2213 3638 2267 estin

2092 2317 2268 2372 carne,
2289 2317 2406 2357 mea
2438 2303 2661 2358 bonum.
2705 2323 2724 2356 ι
2755 2303 2872 2359 Νοη
2906 2305 3039 2359 dicit
3074 2319 3089 2361 :
3117 2303 3236 2359 Non
3268 2313 3353 2359 est
3378 2319 3500 2357 caro
3541 2315 3638 2357 inca

2092 2400 2250 2455 bona.
2281 2399 2414 2454 Item
2449 2401 2553 2455 hoc
2595 2415 2662 2455 ex
2709 2415 2942 2469 persona
2987 2401 3108 2470 ejus
3141 2402 3366 2460 dicitur.
3411 2399 3494 2464 qui
3538 2412 3643 2465 pec-

2092 2491 2250 2545 candi
2281 2490 2739 2546 consuetudinem
2764 2490 2948 2556 habet,
2983 2501 3037 2546 et
3065 2491 3254 2546 carnis
3291 2489 3436 2544 vitiis
3461 2497 3642 2542 tenetur
3725 2533 3729 2537 .

2092 2583 2384 2640 obnoxius.

2172 2695 2190 2726 ι
2233 2673 2368 2729 Nam
2421 2675 2559 2730 velle
2603 2676 2818 2747 adjacet
2856 2677 3012 2732 mihi.
3057 2694 3076 2728 ι
3121 2675 3220 2732 Est
3256 2677 3522 2739 voluntas,
3567 2671 3646 2727 sed

2094 2781 2200 2820 non
2230 2776 2314 2821 est
2340 2766 2568 2822 eﬁ‘ectus
2602 2769 2774 2838 :quia
2826 2768 3065 2823 carnalis
3103 2769 3442 2824 consuetudo
3477 2765 3646 2817 volun-

2097 2861 2192 2912 tati
2241 2859 2468 2914 resistit.
2522 2858 2651 2913 ltem
2694 2861 2946 2914 voluntas
3001 2861 3190 2914 carnis
3238 2869 3453 2913 amatur
3481 2856 3648 2924 magis,

2095 2966 2257 3020 quam
2316 2951 2436 3006 Dei.
2480 2951 2607 3008 Ideo
2663 2952 2816 3016 dicit,
2873 2950 3026 3007 Velle
3075 2954 3290 3024 adiacet
3330 2953 3479 3015 mihi,
3519 2958 3572 3003 ut
3609 2948 3650 3002 id

2095 3040 2238 3108 quod
2264 3041 2394 3095 mihi
2419 3043 2619 3095 bonum
2643 3040 2758 3096 ﬁeri
2785 3041 2928 3105 volo,
2953 3056 3059 3096 non
3085 3043 3371 3112 perficiam
3396 3042 3657 3111 proximo:

2097 3146 2222 3184 nam
2251 3133 2395 3199 quod
2425 3133 2515 3186 odi
2547 3133 2682 3202 pati,
2708 3132 2838 3187 illud
2870 3133 3034 3188 facio.

2173 3241 2191 3274 ι
2252 3221 2523 3278 Perﬁcere
2579 3234 2760 3277 autent
2800 3225 3004 3279 bonum
3041 3239 3150 3280 non
3193 3224 3443 3281 invenio.
3497 3240 3515 3274 ι
3559 3217 3656 3274 Non

2099 3315 2254 3369 video
2286 3313 2487 3370 facere.

2118 3414 2147 3464 ξ
2177 3424 2196 3458 t
2230 3407 2345 3461 Non
2379 3407 2524 3462 enim
2581 3409 2726 3476 quod
2771 3409 2896 3464 volo
2955 3409 3183 3471 bonum,
3236 3409 3348 3464 hoc
3378 3407 3552 3471 facio;
3584 3403 3662 3458 sed

2099 3499 2240 3567 quod
2279 3499 2405 3553 nolo
2439 3499 2668 3566 ttialum,
2723 3500 2826 3555 hoc
2866 3515 2988 3570 ago.
3027 3519 3046 3552 ι
3085 3500 3262 3564 Sicut,
3304 3499 3458 3554 verbi
3491 3497 3660 3567 gratia.

2099 3591 2293 3658 siquis
2343 3590 2456 3661 jam
2515 3593 2778 3648 devorare
2812 3595 3114 3661 consuevit,
3175 3595 3352 3648 etiam
3407 3608 3528 3646 cum
3571 3601 3661 3642 non

2099 3691 2269 3750 optat,
2303 3683 2534 3738 incurrit

2175 3789 2195 3824 ι
2234 3772 2290 3827 Si
2323 3785 2504 3829 autem
2539 3775 2684 3845 quod
2721 3777 2866 3841 nolo,
2908 3777 3036 3832 illud
3077 3775 3221 3833 facio
3261 3777 3420 3848 :jam
3456 3790 3556 3830 non
3586 3785 3669 3840 ego

2100 3879 2294 3932 operor
2340 3866 2496 3932 illud,
2530 3871 2624 3922 sed
2657 3869 2800 3938 quod
2842 3870 3049 3924 habitat
3085 3871 3136 3924 in
3173 3884 3264 3923 me
3313 3879 3604 3938 peccatum.
3646 3881 3663 3915 ι

2099 3954 2219 4010 Non
2267 3970 2389 4026 ego,
2434 3959 2524 4027 qui
2581 3959 2806 4026 invitus,
2869 3963 2964 4016 sed
3011 3963 3368 4017 consuetudo
3420 3959 3614 4030 peccati
3655 3972 3668 4013 :

2101 4060 2262 4116 quam
2297 4059 2474 4102 tamen
2513 4051 2900 4104 necessitatem
2932 4051 3067 4105 mihi
3093 4053 3211 4120 ipse
3246 4053 3471 4122 paravi.

2178 4155 2197 4190 ι
2257 4137 2478 4193 Invenio
2543 4139 2708 4208 igitur
2768 4140 2939 4210 legem
3011 4141 3213 4196 volenti
3297 4139 3439 4195 inibi
3520 4138 3678 4192 facere

2100 4226 2326 4284 bonum.
2369 4246 2389 4280 ι
2427 4227 2485 4284 Si
2521 4243 2622 4298 ego
2650 4230 2792 4295 volo,
2836 4231 3054 4284 invenio
3096 4232 3232 4285 mihi
3276 4232 3459 4300 legem
3493 4229 3672 4284 bonum

2101 4316 2286 4374 facere
2318 4331 2504 4375 contra
2539 4323 2799 4390 adjacens
2852 4323 3074 4376 malum.
3122 4323 3264 4377 Item
3303 4324 3413 4378 hoc
3438 4327 3522 4376 est
3549 4317 3675 4389 quod

2102 4414 2200 4478 ait,
2231 4415 2524 4468 secundum
2570 4416 2766 4470 animae
2818 4417 3152 4471 voluntatem
3207 4419 3426 4471 bonum
3477 4415 3602 4468 velle
3627 4424 3679 4463 se

2031 4531 2076 4586 υ
2107 4503 2324 4572 facere;
2363 4505 2614 4576 adjacere
2638 4508 2743 4562 sibi
2767 4509 2966 4562 malum
2987 4508 3143 4575 juxta
3174 4510 3467 4564 desideria
3498 4503 3680 4561 carnis.

2185 4616 2206 4650 r
2245 4596 2514 4665 Quoniam
2555 4600 2690 4654 mihi
2725 4601 2926 4654 tnalum
2960 4601 3195 4670 adjacet.
3257 4619 3278 4652 ι
3327 4601 3490 4666 Quod
3521 4599 3682 4651 dicit:

2103 4692 2373 4763 Quoniam
2407 4692 2540 4747 mihi
2576 4693 2779 4747 malum
2818 4693 3031 4762 adjacet
3063 4709 3079 4748 :
3113 4694 3393 4758 ostendit,
3423 4692 3548 4761 quia
3587 4699 3682 4740 non

2105 4798 2202 4854 per
2265 4783 2647 4838 necessitatem
2699 4795 2911 4852 peccat,
2990 4786 3083 4839 sed
3135 4787 3370 4854 propria
3426 4785 3684 4837 voluntate

2105 4876 2328 4932 ducitur
2351 4876 2418 4930 ad
2445 4886 2754 4946 peccatum,
2783 4893 2906 4930 cum
2944 4877 3059 4931 vult
3084 4893 3205 4931 esse
3237 4877 3437 4931 carnis
3471 4882 3682 4929 amator.

2182 4987 2201 5020 ι
2228 4967 2589 5023 Condelector
2604 4969 2750 5023 enim
2772 4968 2874 5040 legi
2901 4969 3016 5033 Dei,
3038 4971 3356 5024 secundum
3381 4967 3684 5023 interiorem

2108 5059 2403 5114 hominem.
2469 5077 2488 5111 ι
2548 5058 2846 5114 Consentio
2904 5060 3003 5130 legi
3055 5041 3374 5114 secundum
3442 5065 3682 5112 mentem.

2106 5153 2239 5208 Item
2274 5152 2504 5207 interior
2539 5153 2704 5207 homo
2755 5165 2945 5207 noster
2977 5153 3271 5208 rationalis
3331 5163 3392 5207 et
3447 5149 3686 5217 intelligi-

2109 5246 2251 5313 bilis,
2287 5258 2369 5300 est
2416 5246 2597 5299 anima
2629 5259 2752 5313 qua
2782 5243 3054 5298 consentit
3079 5245 3176 5311 legi
3215 5244 3348 5300 Dei.
3398 5245 3510 5298 va
3555 5241 3684 5294 enim

2107 5337 2226 5406 ejus
2257 5347 2340 5391 est
2383 5335 2790 5390 rationabiliter
2825 5335 3027 5399 vivere,
3076 5344 3131 5390 et
3170 5350 3291 5389 non
3331 5337 3460 5390 duci
3489 5332 3692 5388 irratio-

2111 5429 2369 5484 nabilium
2442 5430 2757 5484 animalium
2811 5429 3174 5497 passionibus.
3237 5428 3508 5484 Exterior
3577 5437 3689 5478 vero

2109 5532 2193 5576 est
2243 5536 2444 5590 corpus
2499 5531 2766 5576 nostrum.
2819 5521 2952 5591 Ejus
3008 5531 3186 5574 autem
3255 5522 3350 5576 lex
3418 5520 3690 5592 prudentia

2111 5612 2294 5666 carnis
2317 5622 2402 5666 est
2439 5628 2456 5667 :
2485 5626 2604 5682 quae
2633 5612 2792 5668 docet
2835 5611 3019 5675 edere,
3054 5622 3108 5666 et
3137 5621 3370 5680 potare,
3408 5622 3465 5667 et
3493 5608 3691 5666 caeteris

2110 5707 2188 5762 uti
2221 5707 2473 5770 luxuriis,
2499 5721 2618 5776 qua:
2653 5717 2958 5777 repugnant
2999 5709 3222 5763 rationi.
3265 5709 3336 5765 Et
3392 5713 3438 5766 si
3479 5721 3692 5779 supera-

2113 5803 2310 5868 verint,
2345 5799 2446 5869 legi
2484 5801 2690 5869 peccati
2746 5801 3061 5870 subjiciunt.
3112 5801 3206 5856 Sic
3269 5805 3429 5858 enim
3467 5805 3535 5860 ita
3590 5813 3688 5868 est,
