3946 6206
289 265 396 328 ’105

1295 272 1709 338 EXPOSITIO
1753 277 1836 338 IN
1880 280 2128 342 EPIST.
2175 285 2276 343 AD
2321 283 2509 346 ROM.

3457 291 3569 354 706

288 383 431 434 sicut
477 377 694 448 quidam
729 378 1004 436 :estimant
1049 397 1062 436 :
1101 381 1231 452 quia
1279 388 1425 454 quod
1461 385 1735 454 nolumus,
1770 391 1870 444 hoc
1901 397 1946 450 Α
1974 393 2118 447 servi
2181 394 2482 464 accipiens,
2541 393 2717 450 factus
2774 404 2864 452 est
2925 397 3110 464 homo,
3163 408 3223 454 nt
3282 413 3564 470 peccatum

289 472 539 526 facimus.

367 581 387 615 ι
428 562 597 617 Video
631 575 811 618 autem
863 565 1024 619 aliam
1058 565 1228 634 legem
1259 569 1312 622 in
1355 572 1617 626 membris
1645 574 1802 627 meis.
1847 592 1865 626 ι

237 713 254 726 .
291 654 567 710 Desideria
600 667 879 722 consueta,
905 658 990 713 vel
1019 660 1425 729 persuasionem
1462 663 1694 718 inimici.

367 767 387 800 ι
428 747 841 818 Κειιιιειιειιιειιι
888 749 991 818 legi
1023 753 1220 806 mentis
1251 769 1405 809 mea}.
1450 773 1468 807 ι
1507 754 1874 815 Conscientiae

291 842 498 896 scilicet
551 842 809 907 naturali,
871 843 957 898 vel
1003 843 1106 913 legi
1161 845 1380 910 divinae;
1415 864 1538 918 quae
1575 852 1631 904 in
1691 865 1874 909 mente

290 933 567 990 consistit.

369 1042 389 1076 ι
420 1023 487 1078 Et
521 1023 888 1092 captivantem
922 1039 1007 1080 me
1034 1025 1086 1080 in
1111 1025 1226 1095 lege
1251 1029 1480 1096 peccati.
1528 1044 1650 1099 quae
1693 1040 1776 1086 εει
1818 1033 1873 1086 rn

290 1116 552 1190 membris
576 1117 730 1171 meis.
774 1135 792 1168 ι
816 1115 873 1170 In
906 1119 1356 1172 consuetudinem
1393 1120 1743 1180 delictorum.

371 1228 389 1259 ι
421 1207 610 1262 Inielix
653 1223 753 1276 ego
777 1208 942 1264 homo
974 1227 988 1264 :
1013 1210 1136 1275 quis
1164 1226 1249 1264 me
1279 1211 1534 1266 liberabit
1559 1215 1624 1265 de
1641 1229 1873 1280 corpore

289 1301 484 1354 mortis
541 1299 746 1370 hujus?
810 1319 828 1351 ι
896 1300 1006 1370 Ego
1058 1303 1147 1370 qni
1201 1303 1278 1356 sic
1323 1305 1593 1370 detineor,
1635 1309 1757 1376 quis
1787 1322 1874 1364 me

286 1392 540 1447 liberabit
569 1392 636 1446 de
667 1392 1066 1446 consuetudine
1099 1395 1378 1447 mortifera
1418 1398 1732 1466 corporali?

368 1503 388 1536 ι
440 1483 626 1538 Gratia
685 1483 778 1538 Dei
835 1500 930 1553 per
985 1483 1170 1539 .lcsnm
1225 1486 1504 1542 Christum
1573 1489 1870 1545 Dominum

289 1587 554 1631 nostrum.
606 1595 625 1628 ι
663 1577 1068 1631 Admirabiliter
1121 1579 1324 1642 intulit,
1379 1580 1570 1634 dicens
1619 1596 1636 1635 :
1683 1580 1870 1636 Gratia

286 1669 382 1723 Dei
414 1683 508 1737 per
537 1667 718 1723 Jcsnm
753 1668 1026 1722 Christum
1072 1669 1361 1723 Dominum
1417 1681 1660 1726 nostrum
1698 1691 1711 1726 :
1743 1675 1867 1744 quia

287 1775 411 1829 quas
436 1759 644 1829 Moyses
667 1768 718 1814 et
752 1760 1010 1814 naturalis
1035 1760 1117 1814 lex
1146 1777 1252 1814 non
1289 1765 1495 1828 docuit,
1533 1765 1646 1818 haec
1673 1766 1874 1822 .docuit

189 1865 200 1872 ·
287 1850 558 1906 Dominus
587 1867 773 1908 nosrer
799 1849 957 1906 Jesus
992 1853 1248 1908 Christus
1282 1871 1296 1907 :
1325 1865 1681 1911 contemnere
1714 1873 1872 1912 mnn~

288 1945 440 2011 dum,
479 1956 530 1999 et
569 1961 830 2014 superare
857 1948 1007 1999 vitia.
1049 1945 1200 2001 Unde
1224 1950 1414 2002 beatus
1439 1949 1733 2018 Apostolus
1769 1951 1873 2008 hoc

287 2036 468 2098 dot-et,
511 2038 703 2090 dicens
766 2054 783 2090 :
827 2035 930 2102 Qui
989 2048 1166 2090 autem
1204 2038 1405 2094 Christi
1457 2053 1604 2105 sunt,
1655 2058 1872 2096 carnem

287 2147 440 2182 suum
495 2132 875 2196 cruci/inruat
943 2149 1060 2185 cum
1130 2133 1266 2186 vitiis
1321 2145 1369 2187 et
1431 2127 1872 2203 concupiscentiis

293 2221 499 2292 (Galat.
537 2238 588 2287 v,
610 2222 724 2292 Ἠ).
757 2222 910 2288 Item,
937 2213 1100 2293 quem
1124 2225 1212 2280 lex
1248 2240 1356 2280 non
1387 2229 1564 2296 potuit
1595 2229 1827 2283 liberare
1857 2245 1872 2283 :

289 2316 536 2384 nunquid
574 2331 679 2368 non
738 2317 940 2371 Paulus
984 2318 1227 2373 nondunt
1253 2328 1373 2374 erat
1405 2320 1498 2374 Dei
1540 2320 1715 2390 gratia
1739 2321 1874 2377 Iibe-

292 2408 481 2463 ratus?
527 2407 682 2463 Unde
742 2411 1025 2478 probatur,
1076 2412 1204 2481 quia
1259 2427 1327 2468 ex
1365 2413 1593 2469 alterius
1641 2428 1870 2482 persona

291 2502 408 2554 haec
443 2503 704 2568 l0qnitur.

367 2610 387 2642 ι
427 2591 593 2658 Igitur
617 2608 716 2661 ego
758 2593 870 2660 ipse
910 2604 1092 2648 mente
1124 2594 1300 2648 servio
1348 2594 1446 2664 legi
1479 2593 1599 2650 Dei.
1640 2613 1660 2648 ι
1700 2594 1871 2650 Reca-

292 2685 508 2752 pitulat,
543 2694 600 2738 ut
644 2687 956 2748 concludat,
998 2696 1053 2741 et
1105 2703 1319 2742 rursum
1377 2690 1432 2742 in
1467 2704 1696 2759 persona
1729 2690 1870 2758 eius,

291 2774 381 2841 qni
413 2775 513 2827 sub
550 2774 663 2842 lege
689 2788 829 2839 erat,
860 2777 973 2829 luec
1011 2777 1280 2844 loquitur.

368 2885 388 2918 ι
445 2866 623 2922 Carne
670 2882 850 2922 autent
911 2871 1012 2937 legi
1063 2871 1296 2937 peccati.
1351 2887 1370 2921 ι
1424 2869 1596 2925 Homo
1637 2871 1872 2928 carnalis

285 2962 486 3030 duplex
523 2973 608 3017 est
651 2963 1074 3032 quodammodo,
1118 2973 1173 3018 et
1219 2966 1271 3018 in
1304 2965 1602 3034 semetipso
1637 2965 1868 3020 divisus.

875 3119 1105 3178 CAPUT
1135 3120 1271 3178 VIII.

364 3254 384 3290 ι
419 3235 564 3291 Nihil
595 3253 727 3307 ergo
762 3253 909 3292 nunc
941 3239 1312 3294 damnationis
1353 3251 1435 3296 est
1466 3241 1577 3308 liis,
1613 3244 1707 3313 qui
1747 3255 1876 3301 sunt

285 3334 339 3387 in
368 3334 592 3387 Christo
631 3330 782 3393 Jesu,
818 3333 910 3400 qui
941 3347 1047 3385 non
1077 3335 1376 3386 secundum
1419 3349 1642 3388 carnem
1677 3337 1873 3392 ambu-

283 3425 424 3478 lant.
481 3442 500 3474 ι
561 3422 660 3476 llic
707 3423 1003 3490 Apostolus
1053 3422 1192 3476 nihil
1255 3423 1308 3476 in
1360 3423 1467 3477 illis
1521 3424 1874 3483 damnatione

283 3517 513 3584 dignum
564 3529 688 3568 esse
745 3517 842 3577 ait,
877 3513 970 3581 qui
1009 3514 1188 3565 carnis
1241 3528 1404 3582 Opera
1453 3515 1870 3572 cruciﬁxerunt.

365 3624 386 3657 ι
441 3605 550 3658 Lex
607 3608 751 3657 enim
812 3605 1036 3671 spiritus
1086 3603 1208 3655 vita-
1270 3605 1321 3656 in
1371 3602 1592 3658 Christo
1640 3605 1794 3660 Jesn.
1848 3625 1867 3659 ι

281 3700 620 3764 Notandum,
666 3699 790 3766 quia
817 3699 1050 3765 gratiam
1084 3697 1256 3766 legem
1293 3698 1552 3767 appellat.

365 3811 382 3842 ι
436 3791 717 3845 Liberavit
753 3805 834 3843 ine
871 3804 900 3842 a
930 3789 1046 3860 lege
1076 3791 1284 3857 peccati
1313 3800 1366 3844 et
1424 3790 1641 3848 mortis.
1678 3809 1697 3844 ι
1743 3792 1874 3860 Quae

285 3880 582 3934 ntortilicat
614 3889 956 3946 peceatores.

364 3990 383 4022 ι
417 3971 549 4023 Nam
583 3972 725 4040 quod
760 3972 1245 4040 impossibile'erat
1269 3974 1394 4044 legi.
1434 3992 1453 4026 ι
1496 3973 1596 4032 llic
1632 3977 1876 4033 ostendit

281 4067 547 4136 quoniam
585 4068 669 4120 lex
724 4081 819 4136 per
868 4064 1243 4119 inﬁrmitatem
1294 4068 1479 4122 carnis
1518 4083 1628 4123 non
1661 4079 1875 4139 poterat

285 4161 529 4229 impleri.
582 4160 637 4213 In
691 4175 755 4213 eo
793 4169 973 4212 autem
1029 4160 1082 4212 in
1139 4173 1247 4228 quo
1290 4159 1479 4213 dixit:
1521 4161 1691 4227 Dens,
1748 4177 1874 4216 cum

283 4254 489 4308 Filium
527 4269 684 4307 suum
717 4253 1028 4307 misissetin
1064 4251 1476 4308 similitudinem
1517 4256 1705 4310 carnis
1747 4270 1874 4326 pec-

284 4349 399 4428 tati
450 4362 465 4399 :
513 4355 568 4400 et
630 4355 848 4415 propter
893 4354 1181 4414 peccatum
1246 4345 1468 4402 misisse
1513 4347 1873 4417 demonstrat,

1979 484 2267 541 damnaret
2297 487 2348 541 in
2385 502 2581 548 carne.
2613 498 2668 543 et
2714 502 2816 545 nos
2855 488 3172 556 instrueret,
3201 494 3566 561 quemadmo-

1977 575 2106 630 dum
2135 585 2382 645 oporteat
2411 586 2696 646 peccatum
2732 581 2994 635 damnare
3028 581 3082 636 in
3111 598 3300 651 carne,
3329 593 3387 639 ιιι
3404 585 3569 656 justi.

1977 665 2162 722 ﬁcatio
2190 668 2326 731 legis
2353 668 2646 736 impleatur
2681 669 2734 722 in
2765 670 2942 724 nobis.

2057 777 2076 812 r
2131 759 2188 814 In
2234 775 2344 829 quo
2400 759 2787 815 inllrmabatur
2829 777 2925 831 per
2969 776 3214 819 carnem.
3279 781 3298 816 ι
3355 761 3414 816 ιιι
3457 765 3568 821 illis

1978 849 2381 916 intlrmabatnr,
2412 865 2520 904 non
2556 851 2706 904 inse.

2053 953 2074 987 ι
2115 935 2257 991 Deus
2293 937 2491 990 Filium
2511 951 2675 991 suum
2701 939 2945 996 mittens.
2974 957 2992 990 ι
3017 940 3217 996 Contra
3245 941 3564 1009 Pliotinum,

1977 1027 2068 1096 qui
2096 1038 2275 1098 negat,
2317 1027 2514 1083 Filium
2554 1038 2680 1082 ante
2712 1044 2957 1083 carnem.

2058 1136 2077 1169 ι
2134 1118 2194 1172 In
2237 1119 2651 1174 similitudinem
2696 1121 2878 1175 carnis
2918 1122 3155 1189 peccati.
3217 1141 3236 1174 ι
3284 1121 3479 1179 Dicens
3509 1127 3562 1180 in

1977 1211 2392 1266 similitudinem
2423 1215 2608 1267 carnis
2637 1215 2875 1282 peccati,
2899 1217 3138 1268 ostendit
3170 1232 3292 1269 eum
3312 1221 3560 1271 eamdem

1977 1303 2198 1372 quidem
2229 1319 2474 1370 carnem,
2505 1306 2600 1360 sed
2622 1309 2828 1376 absque
2863 1317 3092 1375 peccato
3120 1318 3394 1375 portasse.
3425 1308 3560 1363 Item

1977 1399 2067 1453 hic
2105 1399 2406 1454 similitudo
2433 1400 2718 1454 veritatem
2756 1401 2946 1467 habet,
3005 1401 3146 1455 sicut
3173 1400 3344 1455 Adam
3376 1406 3568 1472 genuit

1977 1492 2044 1544 ad
2109 1490 2526 1546 similitudinem
2596 1506 2772 1546 suam.
2846 1491 3092 1545 Similem
3153 1506 3285 1562 ergo
3347 1497 3563 1550 emeris

1979 1581 2294 1636 hominibus
2339 1571 2562 1636 carnem
2627 1582 2888 1638 Dominus
2943 1581 3086 1637 Deus
3164 1597 3350 1640 noster
3403 1586 3563 1642 Iesus

1975 1671 2226 1728 Christus
2251 1676 2567 1741 assumpsit.

2055 1781 2074 1814 ι
2131 1764 2200 1818 Ει
2245 1765 2312 1820 de
2345 1777 2572 1836 peccato
2607 1768 2885 1822 damnavit
2918 1778 3205 1839 peccatum
3239 1752 3292 1824 in
3311 1783 3500 1824 carne.
3536 1785 3559 1821 ι

1976 1851 2140 1918 Quasi
2178 1855 2225 1909 si
2251 1855 2425 1924 dicas,
2465 1857 2532 1912 de
2584 1857 2744 1914 hoste
2777 1863 3113 1932 expugnavit
3167 1863 3399 1918 hostem.
3434 1861 3564 1917 Sive

1975 1947 2117 2000 sicut
2141 1937 2370 2014 hostias,
2398 1964 2534 2018 quas
2570 1965 2671 2019 pro
2704 1965 2931 2020 peccato
2980 1953 3288 2011 on‘crebant
3314 1955 3368 2008 in
3420 1956 3560 2023 lege,

1975 2040 2189 2108 peccati
2230 2040 2451 2096 nomine
2481 2044 2776 2110 vocabant,
2819 2060 2941 2099 cum
2979 2046 3082 2115 ipsi
3136 2047 3333 2101 delicta
3382 2048 3562 2100 nesci-

1975 2141 2116 2198 rent,
2149 2132 2292 2186 sicut
2318 2133 2582 2202 scriptum
2615 2117 2700 2189 est
2733 2151 2748 2188 :
2797 2136 2863 2190 Et
2890 2139 3154 2206 imponent
3185 2155 3373 2192 manus
3408 2156 3565 2206 super

1976 2231 2136 2288 caput
2189 2224 2393 2291 peccati
2443 2226 2525 2278 sui
2560 2223 2753 2295 (Leuit.
2785 2242 2867 2294 Ill,
2915 2231 2970 2294 2,
3015 2227 3092 2300 8),
3133 2232 3213 2284 sic
3257 2242 3312 2284 et
3354 2230 3564 2287 Christi

1980 2326 2132 2379 caro,
2181 2331 2300 2386 quae
2350 2331 2448 2386 pro
2489 2319 2727 2385 peccatis
2803 2323 3002 2374 nostris
3054 2321 3232 2376 oblata
3279 2332 3382 2387 est,
3441 2337 3566 2391 pec-

1979 2404 2100 2456 cati
2142 2420 2338 2459 nomen
2373 2409 2599 2476 accepit.
2627 2408 2854 2473 Quidam
2876 2419 3059 2464 autem
3082 2411 3294 2476 dicunt,
3345 2423 3565 2482 pert-ato

1978 2491 2313 2559 Judatorum,
2353 2499 2496 2564 quod
2563 2498 2849 2552 Dominum
2884 2501 3227 2568 occiderunt,
3275 2517 3565 2572 ρυεε.ιιιιιιι

1981 2585 2202 2650 diaboli,
2266 2589 2410 2656 quod
2460 2589 2675 2643 hostem
2736 2592 3052 2662 deceperat,
3117 2610 3216 2662 per
3285 2595 3561 2650 hominent

1975 2677 2382 2755 condemnari;
2458 2680 2600 2733 sicut
2661 2683 2726 2733 ad
2791 2681 3048 2739 Hebraeos
3115 2687 3304 2742 dicit:
3355 2682 3424 2737 Ut
3473 2701 3566 2752 per

1977 2779 2198 2822 mortem
2211 2770 2500 2825 destrueret
2531 2789 2670 2835 eum,
2699 2775 2790 2844 qui
2819 2775 3041 2830 habebat
3070 2782 3250 2832 mortis
3288 2779 3568 2846 imperium

1979 2858 2172 2928 (θεὸν.
2206 2876 2264 2922 ιι,
2301 2862 2413 2932 14).
2442 2863 2571 2917 Sive
2605 2866 2670 2918 de
2695 2866 2840 2919 illius
2867 2868 3051 2920 carnis
3083 2868 3413 2932 substantia,
3440 2883 3564 2938 qua:

1978 2963 2107 3008 ante
2139 2954 2411 3009 serviebat
2457 2966 2709 3025 peccato,
2751 2957 2886 3012 vicit
2927 2960 3233 3029 (nunquam
3265 2960 3566 3029 peccando)

1903 3081 1948 3140 ο
1980 3054 2260 3113 peccatum
2297 3063 2312 3112 ;
2343 3055 2396 3102 et
2425 3049 2476 3101 in
2512 3049 2702 3102 eadem
2739 3064 2905 3118 carne
2945 3049 3224 3104 damnavit
3254 3062 3565 3119 peccatum,

1982 3147 2042 3190 ut
2089 3138 2406 3194 ostenderet
2463 3140 2799 3195 voluntatem
2860 3157 2984 3197 esse
3040 3143 3093 3196 in
3150 3145 3402 3212 crimine,
3455 3159 3566 3200 non

1977 3237 2252 3290 naturam,
2287 3244 2406 3296 qua:
2455 3229 2576 3284 talis
2610 3246 2638 3284 a
2673 3230 2783 3285 Deo
2814 3230 2956 3286 facta
3007 3242 3113 3298 est,
3147 3243 3204 3288 ut
3249 3235 3421 3305 possit
3453 3251 3560 3289 non

1977 3335 2232 3389 peccare,
2266 3324 2309 3377 si
2346 3323 2495 3378 velit.

2053 3431 2073 3464 ι
2114 3412 2525 3485 Utjustilicatio
2577 3416 2710 3486 legis
2742 3416 3063 3488 impleretur
3107 3417 3162 3471 in
3211 3418 3390 3473 nobis.
3432 3435 3451 3469 ι
3491 3415 3565 3472 Ut

1978 3506 2124 3576 quod
2182 3507 2237 3562 in
2297 3508 2429 3574 illis,
2491 3523 2826 3579 repugnante
2877 3509 3083 3564 carnali
3145 3509 3563 3573 consuetudine,

1979 3598 2203 3668 implere
2256 3615 2362 3654 non
2404 3603 2600 3671 potuit,
2634 3604 2687 3656 in
2718 3603 2876 3658 nobis
2905 3604 3097 3658 saltem
3130 3603 3441 3673 impleatur,
3471 3602 3565 3672 qui

1977 3693 2225 3762 exemplo
2251 3694 2453 3747 Christi
2483 3696 2937 3751 mor-tilicabimus
2961 3711 3207 3751 carnem.
3365 3683 3376 3698 ’

2053 3801 2072 3836 ι
2111 3785 2212 3849 Οιιί
2247 3802 2352 3840 ιιοιι
2406 3792 2706 3841 secundum
2763 3803 2987 3842 carnem
3043 3787 3413 3852 ambulamus,
3468 3785 3567 3840 sed

1977 3878 2278 3933 secundum
2325 3879 2603 3949 spiritum.
2657 3879 2762 3946 Qui
2815 3881 2961 3934 enim
3003 3880 3300 3934 secundum
3337 3892 3564 3931 carnem

1977 3980 2127 4040 sunt,
2149 3985 2272 4041 quae
2291 3972 2473 4026 carnis
2490 3982 2638 4038 sunt,
2667 3975 2888 4042 sapiunt
2918 3973 3010 4042 qui
3050 3988 3065 4026 :
3093 3986 3222 4025 vero
3260 3972 3562 4024 secundum

1978 4061 2232 4132 spiritum
2263 4072 2412 4128 sunt,
2445 4079 2565 4134 quae
2599 4073 2728 4118 sunt
2756 4064 2982 4134 spiritus
3029 4065 3293 4119 sentiunt.
3336 4080 3356 4114 ι
3391 4060 3568 4115 Ilomo

1977 4169 2044 4210 ex
2074 4155 2268 4224 spiritu
2303 4166 2356 4212 et
2391 4171 2558 4211 carne
2608 4166 2965 4211 constructus
3017 4167 3124 4210 est.
3180 4154 3411 4222 Quando
3436 4169 3563 4222 ergo

1978 4249 2215 4304 carnalia
2283 4251 2417 4320 agit,
2478 4258 2623 4305 totus
2670 4265 2802 4304 caro
2859 4250 3060 4304 dicitur
3103 4264 3120 4315 ;
3171 4250 3390 4318 quando
3435 4260 3568 4300 veto

1980 4341 2304 4410 spiritualia,
2359 4353 2506 4398 totus
2563 4343 2792 4413 spiritus
2835 4343 3161 4412 appellatur.
3217 4340 3566 4410 Unaquaeque

282 4441 552 4509 quoniam
577 4438 1158 4492 antelucarnationem
1185 4448 1305 4491 erat
1329 4435 1517 4505 Filius,
1543 4450 1595 4494 et
1616 4433 2124 4512 susceptaDenim
2189 4435 2522 4499 substantia,
2584 4450 2705 4488 cum
2762 4437 2954 4489 eadem
3008 4435 3234 4488 alteram
3296 4435 3349 4488 iu
3407 4448 3563 4487 suant

285 4543 479 4600 postea
516 4545 703 4596 carne,
735 4544 854 4599 qua:
882 4529 950 4584 ad
980 4531 1315 4599 peccandum
1365 4541 1511 4587 esset
1555 4532 1874 4601 proclivior,

286 4627 410 4695 ipse
470 4636 649 4680 tamen
707 4625 917 4693 absque
967 4634 1195 4692 peccato
1247 4639 1368 4678 eam
1425 4626 1753 4694 susceperit.
1805 4627 1877 4682 Et

288 4716 501 4770 idcirco
557 4715 756 4770 dicitur
813 4716 868 4768 in
923 4712 1339 4768 similitudinem
1399 4716 1580 4770 carnis
1642 4717 1875 4785 peccati,

286 4819 546 4878 suscepta
577 4823 767 4873 carne,
789 4807 1008 4862 venisse
1030 4816 1084 4862 et
1107 4816 1390 4877 peccaturo
1417 4808 1471 4861 in
1500 4808 1689 4864 eadem
1709 4823 1876 4864 carne

287 4906 582 4957 damnasse
628 4915 647 4955 :
709 4901 967 4966 quoniam
1031 4913 1274 4962 carnem,
1314 4915 1477 4967 quam
1535 4909 1874 4969 susceperat,

285 4996 572 5049 innoxiam
627 4993 931 5046 servaverit
980 4990 1048 5044 ab
1094 4991 1240 5044 onmi
1276 4994 1599 5062 contagione
1645 4993 1876 5061 peccati.

284 5087 428 5142 Item
479 5088 651 5154 legem
692 5086 845 5147 dicit,
883 5099 991 5136 non
1037 5093 1305 5152 praecepta
1355 5085 1775 5149 sacriﬁciorum,
1823 5093 1880 5139 et

285 5189 515 5244 caetera,
542 5192 659 5246 quae
685 5187 844 5232 erant
877 5178 1089 5242 umbra,
1119 5192 1292 5244 usque
1324 5178 1392 5230 ad
1423 5187 1638 5246 tempus
1666 5176 1873 5232 Christi

285 5274 326 5326 d
371 5281 420 5324 ta
462 5287 479 5339 ;
517 5272 610 5325 sed
668 5272 816 5325 illam
872 5286 1033 5338 quam
1078 5279 1135 5324 et
1173 5269 1438 5325 Dominus
1494 5279 1679 5325 noster
1714 5268 1874 5325 Jesus

283 5359 545 5419 Christus
591 5363 794 5429 docuit,
833 5364 1059 5416 dicens:
1097 5359 1290 5417 Omnia
1338 5377 1662 5432 quiscunque
1691 5363 1871 5429 vultis,

281 5465 350 5510 ut
401 5455 601 5526 faciant
663 5453 1116 5520 vobis'homines,
1185 5457 1260 5506 sic
1319 5463 1368 5507 et
1427 5469 1515 5507 vos
1557 5453 1719 5523 facite
1765 5453 1874 5507 illis

285 5548 512 5621 (Matth.
546 5564 662 5614 vni,
699 5549 807 5618 I2).
841 5546 946 5602 Ista
989 5557 1073 5602 est
1123 5546 1267 5600 enim
1314 5545 1400 5598 lex
1450 5553 1506 5600 et
1571 5548 1872 5616 propheta.

282 5640 512 5696 Intlrma
551 5641 696 5694 enim
741 5649 861 5694 erat
892 5654 1000 5710 qua
1033 5653 1136 5692 nos
1185 5638 1518 5692 volebamus.
1555 5637 1676 5694 Non
1725 5637 1870 5693 enim

281 5733 647 5801 impossibilia
698 5731 974 5786 mandata.
1049 5728 1198 5786 Unde
1243 5728 1412 5784 Filius
1477 5729 1568 5784 Dei
1636 5729 1866 5786 formam

1983 4525 2248 4582 ditionem
2290 4527 2474 4596 erigit,
2509 4535 2563 4580 et
2594 4529 2704 4582 vim
2734 4527 3140 4598 quodammodo
3189 4526 3466 4596 propriam
3506 4534 3564 4578 et

1982 4634 2180 4674 nomen
2210 4620 2430 4677 amittit.
2466 4619 2604 4675 Nam
2650 4621 3138 4694 singulae-cognata
3160 4623 3265 4677 sibi
3291 4633 3346 4676 et
3382 4624 3562 4678 vicina

1983 4712 2321 4767 desiderant.

2059 4823 2077 4856 ι
2122 4803 2258 4860 Nam
2314 4805 2605 4876 prudentia
2653 4808 2838 4864 carnis
2880 4823 3028 4862 tnors
3073 4819 3193 4874 est,
3272 4808 3558 4876 prudentia
3643 4805 3651 4813 ’

1982 4911 2166 4953 autem
2192 4900 2442 4969 spiritus,
2477 4901 2584 4953 vita
2617 4911 2670 4954 et
2692 4918 2819 4971 pax.
2855 4920 2873 4953 ι
2917 4900 3247 4966 Notandum,
3289 4901 3414 4970 quia
3453 4916 3558 4954 nou

1981 5007 2110 5046 caro
2166 5008 2332 5057 mors,
2381 4994 2475 5048 sed
2533 4996 2844 5064 prudentia.
2899 4996 3032 5066 Ejus
3078 5007 3256 5049 autem
3325 5003 3558 5048 mortem

1980 5083 2195 5151 dicens,
2224 5095 2482 5138 aeternam
2509 5100 2725 5154 pcenam
2766 5089 3061 5157 signiticat.
3094 5086 3226 5140 Item
3271 5088 3382 5152 ipse
3426 5083 3558 5138 alibi

1981 5176 2162 5241 dicit,
2232 5176 2576 5246 prudentiam
2628 5179 2920 5234 humanam
2979 5194 3121 5243 esse,
3179 5178 3319 5231 malo
3387 5177 3557 5230 vicem

1980 5269 2206 5324 referre.
2243 5267 2392 5325 Talis
2423 5285 2555 5341 ergo
2603 5273 2888 5342 prudentia
2925 5284 3151 5327 mortem
3189 5271 3330 5340 parit
3373 5279 3558 5324 trans-

1980 5363 2273 5433 grediendo
2305 5375 2682 5436 praeceptum,
2708 5365 2946 5436 Spiritus
2979 5381 3108 5420 vero
3140 5364 3449 5434 prudentia:
3503 5362 3559 5418 in

1977 5456 2232 5526 praesenti
2265 5471 2452 5526 pacem
2491 5457 2675 5523 habet,
2722 5471 2780 5514 et
2823 5472 2930 5513 non
2962 5458 3240 5512 reddendo
3274 5457 3472 5521 vicem,
3503 5463 3560 5511 et

1979 5550 2146 5602 vitam
2185 5548 2242 5604 in
2297 5548 2502 5605 futuro.
2542 5549 2836 5606 Prudentia
2876 5565 3008 5607 vero
3039 5565 3070 5605 ιι
3104 5548 3439 5621 providendo
3473 5554 3560 5603 est

1978 5644 2266 5712 appellata.

2054 5751 2073 5785 ι
2134 5733 2404 5801 Quoniam
2478 5737 2744 5808 sapientia
2790 5737 2973 5794 carnis
3018 5735 3238 5794 inimica
3284 5743 3368 5791 est
3428 5733 3558 5790 θρα.
