3934 6200
440 301 545 364 707

1417 299 1484 363 S.
1520 297 1965 359 lllBllONYMl
2008 300 2328 360 OPERUM
2367 300 2772 362 MANTISSA.
3552 305 3636 368 708

439 414 567 484 Legi
591 414 737 469 enim
771 413 862 468 Dei
890 427 995 468 non
1032 422 1115 466 est
1136 408 1397 479 subjecta.
1434 429 1454 463 ι
1496 409 1611 463 Non
1643 411 1755 479 ipsa
1776 426 1924 477 caro,
1959 423 2019 465 ut
2049 421 2093 475 Α
2123 412 2310 467 volens
2380 415 2673 467 maximam
2740 422 2950 483 partem
3017 413 3334 484 passionum
3416 414 3638 477 desideria

441 506 721 562 Mauichari
758 503 1094 570 ἀίοιιιιι,’8εο1
1126 517 1322 558 sensus
1369 501 1611 558 carnalis
1648 502 1903 557 inimicus
1932 512 2017 557 est

440 599 573 655 Deo.
610 599 781 654 Omne
803 596 946 652 enim
988 611 1093 650 non
1140 595 1447 665 subjectum
1494 594 1778 649 inimicum
1830 606 1933 659 est,
1963 602 2019 650 et

441 693 751 762 quicunque
790 704 852 745 se
881 689 1114 743 voluerit
1138 687 1438 752 vindicare,
1470 689 1634 741 etiam
1660 688 1860 742 veteris
1883 685 2016 757 legis

442 796 828 849 nonnunquam
871 780 1086 833 modum
1141 777 1377 833 excedit.

518 892 538 925 ι
578 870 690 925 Nec
741 870 882 923 enim
934 879 1134 937 potest.
1176 888 1195 920 ι
1230 867 1569 937 [inpossibile
1621 868 1780 935 dixit,
1840 878 1897 923 ut
1933 867 2017 923 vel

440 966 520 1021 sic
545 980 637 1017 eos
664 980 691 1015 a
725 965 909 1016 carnis
933 962 1394 1028 concupiscentiis
1424 973 1730 1014 revocaret.

517 1073 536 1105 ι
568 1055 669 1118 Qui
704 1063 886 1105 autem
917 1053 968 1104 in
1004 1066 1169 1104 carne
1196 1061 1344 1104 sunt.
1380 1069 1400 1101 ι
1439 1050 1534 1104 Hic
1569 1049 1857 1118 probatur,
1888 1050 2014 1118 quia

442 1147 697 1216 superius
715 1161 820 1198 non
844 1159 1089 1209 carnem,
1113 1144 1206 1198 sed
1230 1158 1397 1213 opera
1419 1153 1774 1198 accusaverat
1794 1143 1970 1195 carnis
1996 1157 2013 1207 ;

439 1240 566 1309 quia
594 1237 792 1306 quibus
818 1242 919 1289 hoc
958 1234 1183 1297 dicitur,
1239 1235 1424 1303 utique
1458 1236 1512 1289 iu
1540 1248 1707 1287 carne
1733 1233 2013 1289 vivebant.

515 1349 534 1382 ι
580 1329 688 1382 Deo
724 1330 938 1397 placere
992 1342 1099 1379 non
1156 1336 1403 1395 pussuttl.
1462 1343 1483 1378 ι
1524 1323 1665 1380 Fieri
1710 1324 1855 1377 enim
1909 1337 2016 1377 non

436 1427 617 1490 potest
644 1428 701 1471 ut
725 1418 871 1470 carui
904 1416 1140 1478 deditus,
1178 1414 1472 1484 aliquando
1505 1430 1610 1467 non
1639 1422 1847 1484 peccet.

512 1528 532 1561 ι
566 1507 671 1562 Vos
699 1520 876 1560 autem
910 1518 1019 1558 non
1049 1507 1102 1557 in
1127 1519 1294 1558 carne
1315 1506 1471 1572 estis,
1500 1506 1593 1559 sed
1639 1508 1692 1559 in
1726 1505 1948 1576 spiritu.
1987 1521 2010 1559 δ

436 1597 552 1654 Hoc
571 1611 655 1653 est
683 1599 737 1651 in
768 1598 1149 1666 spiritualibus
1174 1599 1432 1665 Operihus
1453 1600 1728 1666 occupati.

515 1709 535 1742 ι
565 1689 622 1745 Si
671 1699 849 1744 tamen
889 1690 1128 1756 Spiritus
1182 1687 1274 1741 Dei
1315 1689 1525 1742 habitat
1555 1690 1608 1742 in
1659 1689 1833 1743 vobis.
1862 1706 1882 1741 ι
1913 1687 2017 1743 Hic

2121 504 2348 559 humani
2376 506 2626 574 corporis
2654 520 2803 573 esse,
2873 506 3019 575 quod
3049 520 3175 560 cum
3207 505 3422 561 cieteris
3467 508 3643 568 irratio-

2120 594 2336 649 nalibus
2361 596 2691 651 animalibus
2711 611 3003 651 commune
3048 598 3330 651 habemus.
3368 595 3504 654 Sicut
3522 602 3639 657 enim

2120 694 2314 740 cretera
2340 687 2593 739 animalia
2620 688 2687 741 de
2715 699 2854 742 terra
2883 684 3082 743 habent
3117 689 3471 755 nativitatem,
3495 692 3557 746 ita
3601 705 3645 750 et
3668 703 3687 721 ‘

2118 791 2222 831 nos
2260 791 2483 848 corpus.
2525 777 2718 832 Anima
2760 788 2941 834 autem
2987 790 3175 834 nostra
3223 780 3445 851 spiritus
3481 795 3551 837 est
3583 785 3646 839 in-

2118 883 2440 937 corporeus,
2480 877 2533 921 et
2590 867 2894 933 rationalis,
2942 878 2996 923 et
3045 870 3389 923 immortalis.
3441 870 3492 925 Si
3528 873 3645 925 enim

2118 961 2418 1033 secundum
2449 973 2671 1014 carnem
2704 959 2976 1022 vixeritis.
3015 962 3346 1017 moriemini.
3378 961 3644 1017 Secundum

2121 1053 2388 1104 rationem
2432 1050 2732 1118 expositam
2765 1086 2783 1113 ,
2832 1049 3081 1104 carnales
3145 1049 3396 1104 homines
3424 1048 3649 1119 justitiam

2119 1140 2399 1194 custodire
2432 1152 2541 1193 non
2575 1147 2825 1219 possunt.

2194 1247 2214 1282 ι
2241 1230 2297 1284 Si
2331 1243 2512 1285 autem
2555 1232 2751 1298 spiritu
2783 1232 2928 1287 facta
2974 1231 3156 1286 carnis
3198 1232 3638 1298 mortiﬁcaveritis,

2119 1325 2387 1377 vivetisu
2455 1323 2847 1393 Spiritualibus
2912 1324 3222 1379 actionibus
3296 1326 3467 1378 carnis
3514 1340 3650 1393 opera

2118 1414 2488 1484 subjeceritis.
2553 1414 2868 1469 Notandum
2937 1430 3071 1471 sane
3122 1429 3288 1485 opera
3342 1417 3515 1471 carnis
3562 1432 3648 1471 nou

2119 1506 2485 1562 substantiam
2513 1522 2802 1562 accusare.

2194 1618 2213 1651 ι
2246 1599 2566 1669 Quicunque
2601 1599 2747 1653 enim
2786 1597 3001 1667 Spiritu
3051 1596 3147 1653 Dei
3180 1606 3434 1669 aguntur,
3459 1597 3511 1652 hi
3550 1605 3655 1654 sunt

2121 1689 2216 1746 ﬁlii
2282 1690 2451 1745 Dei.»
2514 1690 2843 1760 Quicunque
2901 1699 3182 1745 tuerentur
3238 1700 3426 1745 sancto
3470 1689 3650 1761 Spiritu

438 1780 679 1835 ostendit
723 1786 981 1850 quoniam
1020 1779 1260 1849 Spiritus
1314 1792 1536 1835 sanctus
1576 1780 1755 1835 Patris
1787 1792 1843 1837 et
1885 1780 2005 1835 Filii
2043 1801 2085 1856 Β
2115 1783 2426 1855 gubernari.
2494 1781 2655 1836 Sicut
2696 1784 3035 1844 ccontrario,
3062 1780 3154 1849 qui
3214 1791 3460 1850 peccant,
3490 1781 3653 1852 spiritu

439 1878 530 1926 sit.
562 1871 695 1927 item
730 1873 782 1925 in
825 1873 921 1925 illo
973 1871 1211 1941 Spiritus
1264 1870 1360 1925 Dei
1396 1871 1622 1938 habitat,
1656 1872 1709 1925 in
1744 1887 1855 1940 quo
1891 1872 2013 1941 ejus

442 1975 709 2033 apparent
758 1963 1010 2028 fructus;
1056 1964 1199 2018 sicut
1238 1964 1315 2018 ait
1374 1964 1440 2017 ad
1490 1961 1712 2019 Galatas
1740 1979 1756 2020 :
1787 1962 2016 2017 Fructus

441 2071 617 2110 autem
669 2056 898 2126 Spiritus
937 2067 1017 2110 est
1059 2058 1316 2122 rimi-itas,
1349 2057 1629 2126 gaudium,
1663 2069 1767 2112 etc.
1809 2053 2012 2128 (Galat.

442 2167 497 2209 v,
529 2149 622 2214 ‘22,
649 2148 763 2221 25).

514 2260 534 2293 ι
565 2241 619 2295 Si
650 2241 773 2311 quis
797 2252 981 2295 autem
1018 2241 1273 2311 spiritum
1302 2239 1512 2297 Christi
1560 2256 1671 2296 non
1709 2242 1894 2311 habet,
1925 2243 2015 2299 hic

440 2345 664 2388 nonest
706 2331 847 2403 ejus.
875 2350 896 2384 ι
947 2331 1185 2401 Spiritus
1232 2331 1438 2386 Christi
1481 2341 1566 2386 est
1611 2332 1911 2398 hmnilitas,
1960 2343 2017 2390 et

441 2425 722 2496 patientia,
785 2428 1139 2495 omniumque
1205 2436 1467 2480 virtutum
1518 2436 1623 2492 est,
1667 2429 1760 2497 qui
1822 2427 2017 2483 dilexit

440 2516 717 2580 inimicos,
747 2526 803 2569 et
836 2532 932 2584 pro
963 2516 1042 2569 eis
1068 2515 1272 2569 oravit.

515 2626 535 2659 s
567 2607 625 2660 Si
651 2619 828 2662 autem
870 2608 1126 2662 Christus
1154 2608 1210 2663 in
1239 2607 1391 2663 vobis
1425 2616 1532 2675 est,
1566 2623 1769 2678 corpus
1793 2610 2012 2681 quidem

443 2711 717 2753 mortuum
776 2710 864 2755 est
921 2707 1142 2769 pr0pter
1197 2710 1504 2767 peccatum.
1547 2718 1569 2751 ι
1629 2700 1685 2755 Si
1735 2701 2013 2758 Christum

440 2791 759 2858 imitamini,
806 2791 1043 2844 carnalis
1092 2806 1307 2856 sensus,
1365 2792 1522 2861 quasi
1575 2804 1844 2864 mortuus,
1905 2811 2012 2851 non

441 2882 665 2937 resistit.
703 2878 855 2937 Unde
884 2894 938 2936 et
966 2881 1136 2936 David
1177 2884 1400 2938 aiebat:
1436 2882 1550 2954 Ego
1589 2896 1843 2955 tauquam
1892 2905 2016 2943 sur-

437 2979 536 3029 dus
565 2992 666 3028 non
714 2975 1014 3039 audiebam,
1052 2985 1102 3030 et
1134 2979 1271 3029 sicut
1302 2990 1480 3031 mutus
1516 2995 1619 3033 non
1664 2982 1902 3048 aperiens
1956 3000 2014 3036 os

436 3084 612 3133 suum,
646 3078 758 3123 etc.
805 3067 1183 3137 (Prohxxxvt,
1220 3071 1331 3140 14).

2119 1875 2317 1930 diaboli
2354 1883 2610 1944 aguntur,
2642 1875 2712 1927 ab
2745 1873 2900 1926 initio
2936 1887 3246 1942 peccatore.
3287 1873 3419 1927 Item
3462 1876 3657 1942 quicun-

2130 1982 2238 2035 que
2292 1966 2593 2020 secundmu
2628 1966 2932 2019 doctrinam
2978 1965 3214 2035 Spiritus
3265 1965 3440 2019 sancti
3474 1966 3654 2029 vivunt,

2119 2058 2220 2131 ipsi
2256 2060 2502 2128 suntqui
2538 2058 2743 2128 Spiritu
2784 2058 2873 2111 Dei
2902 2068 3157 2127 aguntur.

2190 2140 2527 2222 «Nonjenim'
2551 2151 2836 2218 accepistis
2876 2151 3136 2221 spiritum
3177 2151 3458 2206 servitutis
3486 2150 3654 2205 iterum

2117 2245 2171 2298 in
2205 2245 2428 2308 timore,
2455 2243 2552 2297 sed
2580 2225 2879 2309 accepistis
2918 2242 3170 2312 spiritum
3209 2244 3511 2312 adoptionis
3540 2242 3660 2295 lilio-

2116 2350 2237 2391 rum
2266 2334 2384 2391 Dei.
2412 2354 2433 2388 ι
2460 2333 2769 2389 Notandum
2808 2342 2915 2400 est,
2950 2334 3073 2404 quia
3107 2334 3299 2398 Jutlazi,
3330 2334 3431 2389 etsi
3464 2334 3548 2388 lilii
3582 2334 3656 2388 Dei

2114 2437 2299 2493 erant,
2326 2436 2508 2481 tamen
2535 2441 2663 2480 cum
2692 2437 2873 2481 essent
2906 2427 3010 2481 sub
3057 2426 3175 2497 lege
3203 2426 3352 2481 velut
3379 2426 3478 2480 sub
3504 2428 3656 2495 paeda-

2115 2534 2252 2590 gogo
2281 2529 2523 2589 agentes,
2560 2520 2810 2587 spiritum
2844 2518 3058 2574 timoris
3109 2519 3408 2573 habebant.
3436 2517 3560 2572 item
3581 2516 3660 2571 Ju-

2115 2608 2214 2663 daei
2281 2618 2615 2677 acceperunt
2675 2608 2953 2676 spiritum,
2978 2608 3069 2676 qui
3112 2607 3232 2662 illos
3282 2611 3353 2661 ad
3375 2609 3659 2661 servitutem

2114 2709 2334 2770 cogeret
2368 2714 2464 2769 per
2491 2699 2768 2754 timorem.
2811 2696 3031 2753 Timere
3057 2700 3205 2753 enim
3251 2714 3526 2754 servorum
3550 2707 3658 2762 est,

2116 2793 2344 2861 diligere
2408 2792 2701 2857 filiorum;
2745 2792 2886 2846 sicut
2946 2792 3210 2861 εετίρῐιιιιι
3279 2806 3367 2847 est
3424 2790 3647 2847 :Smus

2114 2884 2401 2939 Dominum
2422 2899 2579 2937 suum
2613 2884 2834 2950 timebit,
2858 2892 2908 2937 et
2938 2884 3082 2946 [ilius
3105 2884 3283 2955 diliget
3313 2896 3513 2953 patrem
3529 2897 3662 2937 sum

2114 2976 2368 3052 (Malach.
2407 2992 2445 3041 ι,
2472 2978 2547 3045 6).
2574 2974 2655 3031 Illi
2684 2991 2838 3046 ergo,
2897 2977 2990 3046 qui
3026 2982 3246 3045 operari
3279 2977 3557 3034 charitatis
3583 2988 3664 3028 vo-

2124 3073 2331 3126 luntate
2360 3072 2641 3136 uolebant,
2673 3071 2883 3125 timoris
2911 3073 3240 3127 necessitate
3264 3082 3544 3143 cogantur.
3576 3067 3665 3124 Nos

513 3177 535 3212 ι
567 3160 804 3230 Spiritus
850 3175 982 3216 vero
1026 3164 1158 3216 vivit
1220 3174 1444 3232 propter
1480 3163 1948 3235 justiﬁcatiouem.
1985 3181 2003 3217 ι
2039 3135 2082 3193 c
2118 3184 2246 3222 vero
2308 3168 2493 3221 omnia
2558 3167 2865 3222 voluntarie
2928 3183 3238 3234 operamur,
3278 3178 3340 3222 ut
3395 3169 3531 3222 filios
3585 3179 3666 3219 nos

437 3251 592 3310 Nunc
623 3258 871 3325 spiritum
905 3264 1152 3309 nostrum
1182 3256 1453 3326 signiﬁcat
1474 3295 1496 3322 ,
1553 3261 1641 3326 qui
1671 3266 1891 3326 prapter
1917 3257 2010 3328 ju—

436 3349 644 3402 stitiam
679 3363 839 3402 suam
872 3349 982 3401 vita
1009 3348 1332 3417 appellatur,
1362 3351 1518 3419 quasi
1546 3350 1855 3418 justiiicans
1886 3365 2011 3405 cor-

439 3456 563 3509 pus,
596 3440 755 3494 beata
797 3438 890 3493 illa
928 3451 1131 3493 aeterna
1159 3443 1290 3497 vita.
1325 3440 1460 3494 Item
1508 3442 1735 3511 spiritus
1764 3442 1913 3510 vivit,
1951 3453 2009 3496 ut

431 3532 700 3599 juStitiam
730 3541 1015 3601 Operetur.
1046 3530 1165 3586 Non
1204 3532 1350 3585 enim
1380 3533 1486 3587 hoc
1515 3533 1690 3586 solum
1721 3537 2008 3604 quwritur,

440 3633 500 3676 ut
523 3638 554 3679 a
580 3624 888 3679 carnalibus
903 3638 1209 3691 cessemus,
1227 3624 1325 3680 sed
1346 3626 1510 3679 etiam
1540 3633 1597 3703 ut
1623 3638 1679 3681 et
1705 3626 2007 3696 spiritualia

437 3717 728 3770 iaciamus.

514 3826 535 3861 s
566 3808 720 3876 Quod
756 3807 802 3863 si
844 3808 1083 3880 Spiritus
1121 3810 1259 3880 ejus,
1292 3813 1385 3882 qui
1426 3812 1707 3866 suscitavit
1756 3809 1941 3868 Iesum
1976 3828 2008 3869 a

438 3901 692 3963 mortuis,
727 3901 943 3955 habitat
994 3904 1047 3954 in
1106 3902 1258 3956 vobis
1297 3915 1314 3962 :
1348 3903 1438 3971 qui
1489 3902 1771 3956 suscitavit
1819 3886 2006 3957 desum

435 3992 713 4048 Christum
746 4007 777 4046 a
809 3993 1058 4061 mortuis,
1092 3993 1385 4047 vivilicabit
1408 4004 1464 4048 et
1496 3993 1742 4053 mortalia
1776 4008 2007 4063 corpora

435 4098 615 4141 vestra
657 4099 887 4157 propter
926 4087 1316 4141 inhabitantem
1365 4087 1629 4157 Spiritum
1665 4089 1787 4157 ejus
1817 4090 1868 4142 in
1904 4104 2006 4143 vo-

430 4178 586 4232 ωε..
630 4178 687 4231 Si
755 4189 935 4231 tamen
991 4179 1285 4247 purilicati,
1348 4190 1406 4231 nt
1460 4179 1512 4231 in
1567 4179 1721 4233 vobis
1774 4180 2008 4249 Spiritus

432 4281 657 4323 sanctus
687 4267 935 4321 habitare
977 4271 1228 4335 dignetur
1260 4308 1275 4333 ,
1314 4284 1418 4322 non
1452 4270 1651 4335 patitur
1691 4269 1835 4323 Deus
1866 4279 2007 4324 tent-

426 4362 580 4431 plum
635 4358 875 4429 Spiritus
940 4362 1217 4421 interire;
1270 4361 1366 4415 sed
1419 4362 1692 4430 quomodo
1739 4360 1921 4417 desum
1972 4377 2005 4418 a

406 4459 665 4510 .a-uortuis
688 4452 991 4515 suscitavit,
1018 4456 1087 4505 ita
1105 4464 1160 4506 et
1181 4468 1411 4522 corpora
1440 4462 1613 4516 vestra
1644 4455 2000 4510 restaurabit.
2035 4470 2080 4525 ι)

482 4564 532 4596 ιι
565 4543 728 4614 Ergo,
767 4543 983 4608 fratres,
1021 4545 1295 4597 debitores
1346 4560 1535 4598 sumus
1578 4561 1687 4598 non
1731 4547 2004 4631 carnium

401 4636 729 4685 secundum
771 4648 990 4686 carnem
1042 4630 1304 4686 vivamus.
1335 4650 1355 4683 ι
1400 4630 1515 4688 lioc
1559 4645 1730 4687 totum
1776 4630 1917 4704 agit,
1946 4646 2004 4691 ut

428 4725 687 4778 ostendat
718 4723 800 4779 eis
831 4726 998 4793 legem
1031 4743 1134 4778 non
1163 4739 1285 4779 esse
1310 4722 1707 4804 itecessarism,
1736 4744 1855 4798 quae
1886 4743 2008 4782 car-

412 4821 655 4874 aialihus
706 4820 834 4874 data
891 4819 1158 4875 est.ltem
1212 4824 1501 4878 manifeste
1539 4838 1681 4879 nunc
1741 4824 1999 4890 ostendit,

426 4911 563 4980 quia
587 4925 695 4965 non
733 4911 803 4965 de
839 4915 1117 4965 communi
1152 4926 1209 4967 et
1247 4915 1480 4968 naturali
1521 4927 1693 4969 morte
1746 4914 2004 4986 superius

418 5006 627 5062 decerit
658 5007 1016 5071 mentionem,
1048 5008 1236 5062 dicens
1276 5047 1291 5061 .

510 5116 529 5149 ι
563 5097 618 5151 Si
648 5099 794 5151 enim
820 5102 1114 5152 secundum
1149 5116 1370 5154 carnem
1414 5101 1684 5166 vixeritis,
1721 5099 2006 5155 moriemi-

406 5192 509 5243 μυί.
538 5207 557 5241 s
593 5188 874 5259 Significat
908 5199 1087 5243 autem
1140 5202 1366 5244 mortem
1401 5206 1573 5261 pteuze
1599 5200 1838 5245 aii-ternae.
1884 5188 2004 5245 Non

401 5284 606 5349 ..enim,
640 5282 765 5350 quia
808 5296 938 5336 caro
966 5282 1201 5335 humana
1238 5282 1376 5337 maia
1424 5286 1515 5349 sit,
1548 5294 1602 5336 et
1650 5284 1877 5357 spiritus
1909 5286 2006 5337 ho-

425 5386 563 5437 .nns,
608 5371 791 5425 laudat
837 5372 1109 5441 spiritum,
1159 5378 1215 5424 et
1250 5372 1525 5443 vituperat
1568 5388 1816 5438 carnem,
1880 5385 2003 5425 eum

424 5466 555 5535 sipse
606 5467 819 5532 doceat,
873 5465 1108 5519 dicens:
1146 5464 1215 5518 Et
1269 5467 1410 5534 virgo
1467 5468 1685 5535 cogitat,
1721 5479 1840 5531 qua:
1883 5470 2005 5517 sunt

412 5554 671 5621 ..Βοηιὶηῂ
705 5565 761 5609 ut
797 5557 867 5608 sit
898 5565 1082 5610 sancta
1114 5572 1330 5625 corpore
1355 5567 1403 5611 et
1443 5557 1632 5625 spiritu
1661 5553 1711 5626 (1
1735 5554 1865 5610 Cor.
1908 5569 2003 5619 vn,

434 5647 552 5711 34).
623 5644 953 5701 Noviteuitu
1012 5661 1067 5704 et
1122 5662 1359 5703 mentem
1411 5662 1694 5711 accusare,
1770 5647 2003 5702 dicens:

416 5734 700 5792 .llomines
730 5743 970 5806 corrupti
993 5730 1205 5808 mente;
1229 5741 1327 5797 hoc
1357 5739 1503 5796 enim
1533 5741 1687 5807 dicit,
1718 5739 2007 5799 ostendere

2112 3274 2304 3315 mones
2354 3259 2682 3329 probemus,
2716 3275 2821 3311 non
2876 3274 3063 3314 servos
3123 3260 3358 3315 timoris.
3391 3260 3519 3315 Item
3566 3272 3665 3322 vos,

2114 3349 2372 3413 Romani,
2401 3350 2453 3403 in
2493 3350 2841 3419 adeptionem
2893 3350 3126 3404 ﬁliorum
3176 3352 3356 3405 vocati
3400 3351 3553 3413 estis,
3577 3364 3666 3402 non

2110 3441 2253 3494 sicut
2283 3438 2477 3508 Judaei,
2501 3443 2616 3512 qui,
2653 3440 2859 3496 subditi
2891 3441 3026 3512 legis
3060 3443 3317 3512 imperio,
3347 3444 3403 3497 in
3433 3444 3672 3497 servitute

2114 3534 2466 3587 tenebantur.

2187 3625 2290 3679 rln
2342 3640 2450 3695 quo
2497 3624 2816 3689 clamamus,
2865 3628 3017 3682 Abba
3065 3636 3238 3699 pater.
3274 3648 3294 3681 ι
3362 3629 3470 3695 Qui
3535 3634 3671 3683 vocat

2110 3727 2340 3787 patrem,
2368 3717 2607 3771 (iliumse
2621 3733 2739 3773 esse
2761 3721 3064 3787 profitetur.
3091 3720 3262 3776 Debet
3290 3738 3428 3791 ergo
3458 3722 3586 3791 patri
3619 3718 3665 3773 is

2112 3807 2355 3861 moribus
2406 3808 2603 3863 similis
2646 3809 2928 3877 inveniri,
2960 3826 3049 3875 ne,
3084 3812 3311 3867 nomine
3366 3828 3583 3883 quoque
3625 3812 3671 3864 iu

2111 3911 2340 3950 vacuum
2374 3908 2657 3966 usurpato,
2686 3900 2879 3968 majori
2913 3916 3085 3970 preme
3110 3903 3420 3972 subiaceat.

2188 4005 2206 4037 ι
2238 3986 2356 4056 Ipse
2380 3988 2525 4041 enim
2563 3986 2804 4057 Spiritus
2830 3992 3200 4045 testimonium
3243 3994 3433 4049 reddit
3482 3989 3673 4063 spiritui

2110 4091 2319 4143 noszro,
2353 4081 2494 4147 quod
2520 4094 2708 4134 sumus
2758 4081 2853 4135 ﬁlii
2892 4082 3007 4139 Dei.
3032 4100 3051 4135 ι
3113 4082 3530 4141 Testimonium
3557 4083 3650 4139 ado

2106 4170 2310 4238 ptionis
2332 4178 2440 4235 est,
2472 4171 2615 4239 quod
2653 4170 2919 4226 habemus
2951 4172 3242 4243 Spiritum,
3274 4191 3379 4246 per
3422 4190 3580 4247 quem
3605 4176 3678 4229 ita

2109 4274 2351 4314 oramus.
2370 4259 2599 4315 Tantam
2619 4262 2763 4317 enim
2787 4262 3005 4317 arrham
3027 4266 3274 4333 accipere
3302 4283 3416 4322 non
3437 4274 3672 4338 poterant

2110 4352 2215 4407 nisi
2244 4352 2359 4408 lilii.

2185 4463 2205 4497 ι
2237 4445 2294 4500 Si
2351 4454 2528 4501 autem
2559 4446 2678 4513 iliii,
2715 4457 2770 4503 et
2831 4446 3099 4515 haeredes,
3170 4451 3429 4509 haeredes
3478 4452 3678 4522 quidem

2107 4537 2228 4603 Dei,
2256 4540 2577 4595 coliieredes
2626 4551 2810 4595 autem
2840 4540 3069 4597 Christi.
3101 4562 3123 4597 ι
3158 4543 3261 4611 Qui
3292 4555 3548 4603 meretur
3573 4559 3684 4601 esse

2110 4629 2275 4693 ﬁlius,
2310 4641 2556 4685 meretur
2588 4630 2722 4685 eilici
2749 4632 2923 4686 haeres
2968 4638 3160 4702 patris,
3194 4646 3250 4691 et
3300 4641 3423 4693 veri
3460 4639 3557 4693 lilii
3598 4651 3680 4691 co-

2111 4722 2311 4777 haeres.

2186 4832 2209 4867 ι
2240 4815 2296 4871 Si
2332 4825 2513 4873 tamen
2549 4821 2937 4891 compltimur.
2965 4841 2985 4876 ι
3024 4820 3080 4879 Si
3112 4822 3238 4879 talia
3265 4824 3543 4895 patimur,
3573 4834 3684 4876 cum

2110 4922 2333 4963 necesse
2379 4909 2569 4978 fuerit,
2610 4927 2711 4983 pro
2758 4917 2977 4970 nomine
3024 4915 3170 4986 ejus,
3231 4919 3430 4985 qualia
3477 4912 3688 4984 pertulit

2109 5000 2200 5054 ille
2235 5017 2333 5070 pro
2355 5002 2535 5057 nobis.

2191 5111 2208 5143 ι
2241 5093 2310 5148 Ut
2351 5093 2744 5164 gloriiicemur.
2770 5113 2790 5148 ι
2838 5095 2989 5153 Sicut
3039 5075 3278 5155 Joannes
3324 5099 3456 5155 ait:
3491 5098 3685 5155 Seium

2108 5187 2363 5255 quoniam
2386 5203 2504 5239 cum
2537 5190 2862 5257 apparuerit,
2893 5190 3093 5246 similes
3128 5194 3179 5247 ei
3219 5198 3428 5249 erimus
3451 5193 3507 5265 (I
3535 5194 3687 5248 locu.

2112 5292 2193 5343 nt,
2222 5276 2304 5348 2).

2188 5388 2207 5423 ι
2234 5369 2499 5427 Existimo
2541 5372 2710 5438 enim,
2738 5377 2883 5444 quod
2938 5391 3047 5430 non
3079 5390 3211 5433 sunt
3239 5381 3545 5451 condigne
3573 5392 3687 5447 pas-

2112 5462 2299 5517 siones
2323 5462 2485 5529 hujus
2533 5468 2821 5534 teuiporis.
2851 5485 2870 5519 ι
2912 5464 3013 5523 llic
3043 5470 3157 5524 vult
3191 5468 3444 5525 futuram
3475 5470 3686 5540 gloriam

2112 5552 2519 5620 commendare,
2549 5563 2606 5609 ut
2630 5568 2931 5623 praesentes
2977 5575 3263 5629 pressurus
3297 5561 3531 5617 facilius
3564 5561 3686 5614 tole-

2114 5658 2323 5699 remus.
2352 5643 2419 5698 Et
2450 5660 2641 5703 revera
2698 5648 2836 5704 nihil
2894 5661 3081 5721 posset
3129 5653 3294 5709 homo
3355 5646 3684 5723 condignum

2108 5738 2227 5809 pati
2254 5737 2436 5810 gloria
2465 5741 2701 5811 cwlesti,
2762 5746 2977 5831 etiamsi
3018 5728 3171 5804 talis”
3192 5759 3345 5806 esset
3379 5749 3473 5805 illa
3519 5745 3683 5819 qualis
