3946 6206
331 264 444 329 709

1368 276 1782 338 EXPOSITIO
1823 279 1902 339 ΙΝ
1949 277 2190 338 EPIST.
2238 277 2340 336 AD
2389 279 2569 339 ΝΟΜ.

3486 289 3596 354 ’110

329 385 490 439 modo
545 393 627 438 est
695 383 828 440 vita.
881 386 1156 458 Quidquid
1201 390 1349 444 enim
1410 408 1602 460 passus
1649 393 1814 449 fuerit
1875 397 2230 464 aAtempus
2279 395 2485 452 Christi
2519 416 2531 450 :
2565 399 2660 466 qui
2721 409 2777 454 et
2841 399 2943 470 ipsi
3015 402 3144 458 Adae
3194 413 3248 458 et
3308 403 3455 472 Evae,
3501 411 3596 478 qui

330 482 528 540 morte,
555 476 677 544 plus
712 491 821 530 non
873 488 957 532 est
997 495 1158 548 quam
1188 483 1354 536 etiam
1381 499 1480 553 pro
1515 489 1754 556 peccatis
1797 491 1912 544 suis

330 577 488 622 antea
520 569 850 624 merebatur.
892 570 1048 626 Nunc
1084 583 1269 629 autem
1318 586 1375 631 et
1432 590 1652 645 peccata
1703 583 1913 637 donan-

338 667 448 723 tur,
507 671 560 714 et
603 671 734 714 tunc
767 662 878 714 vita
918 675 1120 718 aeterna
1169 669 1538 734 praestabitur,
1573 674 1908 728 consortium

336 751 676 821 angelorum,
715 751 977 820 splendor
1013 756 1165 821 solis,
1195 766 1250 812 et
1277 769 1498 828 caetera,
1536 777 1657 831 qua:
1703 765 1911 819 sanctis

333 844 559 912 legimus
592 847 941 913 repromissa.

407 956 424 988 ι
456 937 534 991 Ad
564 937 802 993 futuram
828 940 1080 1008 gloriam,
1104 959 1226 1013 quae
1251 947 1581 1001 revelabitur
1603 949 1656 1003 in
1691 949 1905 1002 nobis.»

331 1027 487 1083 Modo
533 1033 680 1085 enim
735 1035 1059 1088 abscondita
1109 1047 1191 1090 est
1235 1053 1360 1091 cum
1418 1039 1644 1093 Christo
1695 1043 1746 1095 in
1799 1041 1909 1097 Deo

326 1120 560 1188 (Colon.
592 1139 671 1187 Ill,
704 1125 786 1191 5),
853 1135 907 1180 et
945 1127 1183 1182 nondum
1216 1130 1466 1198 apparuit
1493 1131 1621 1200 quid
1656 1135 1857 1187 erimus
1890 1175 1906 1201 ,

326 1213 474 1282 quod
508 1213 766 1268 Dominus
801 1221 1120 1284 repromisit
1147 1223 1378 1276 sam-tis.

403 1321 422 1356 ι
447 1305 583 1360 Nam
602 1311 946 1376 exspectatio
971 1321 1236 1365 creatura:
1261 1314 1646 1371 revelationem
1671 1315 1905 1371 ﬁliorum

330 1398 432 1453 Dei
455 1413 760 1468 exspectat.
789 1421 808 1454 ι
837 1403 1045 1457 Diversi
1073 1406 1218 1459 hunc
1244 1407 1423 1461 lOt'llm
1465 1411 1696 1465 diversis
1732 1413 1907 1467 modis

320 1483 626 1562 exponunt.
706 1493 837 1549 Sive
914 1499 1096 1552 omnis
1170 1514 1422 1554 creatura
1487 1505 1906 1559 resurrectionis

320 1595 538 1652 tempus
573 1596 886 1653 exspectat,
945 1589 1070 1656 quia
1116 1601 1242 1644 tunc
1285 1592 1337 1644 in
1380 1593 1572 1646 melius
1601 1608 1906 1651 commuta-

320 1677 490 1742 bitur,
518 1679 631 1732 sive
656 1680 920 1747 angelica,
946 1682 1062 1733 sive
1085 1682 1363 1735 rationalis
1392 1698 1667 1739 creatura.
1698 1687 1894 1746 Petrus

2015 485 2274 540 dicuntur
2326 499 2606 552 creatura,
2656 487 2821 544 simul
2875 493 3313 561 congenitiscunt,
3353 499 3601 568 recipere

2015 578 2392 635 desiderantes
2441 581 2663 650 prmmia
2696 583 2982 650 virtutum,
3019 601 3140 650 quae
3171 587 3432 645 Dominus
3470 606 3599 660 pro-

2017 670 2168 724 misit
2190 671 2273 725 cis

2089 780 2108 813 ι
2143 761 2259 816 Non
2291 763 2468 817 solum
2495 774 2676 820 autem
2713 766 2824 831 illa,
2858 767 2952 822 sed
2980 776 3034 822 et
3069 785 3170 824 nos
3203 773 3300 841 ipsi
3325 776 3596 842 primitias
3637 791 3655 858 ξ

2013 852 2240 921 spiritus
2266 856 2550 919 habentes,
2573 869 2626 910 et
2653 859 2751 927 ipsi
2780 859 2922 912 intra
2947 862 3216 930 gemimus
3243 867 3591 934 adoptionem

2015 945 2245 1000 ﬁliorum
2284 947 2396 1002 Dei.
2430 965 2448 999 ι
2487 947 2606 1003 Non
2648 951 2824 1004 solum
2874 953 3073 1021 angeli,
3105 956 3196 1023 qui
3242 956 3594 1028 benigniores
3637 983 3644 1031 ε

2015 1038 2172 1092 nobis
2203 1051 2326 1093 sunt
2361 1041 2427 1096 de
2462 1039 2777 1110 hujusmodi
2809 1044 3020 1112 dolent,
3051 1047 3146 1100 sed
3179 1048 3342 1101 etiam
3371 1067 3473 1104 nos
3501 1053 3591 1120 qui

2011 1129 2122 1197 jam
2171 1131 2437 1200 Spiritum
2484 1146 2736 1189 sanetum
2785 1135 3069 1202 habemus,
3098 1139 3166 1192 de
3222 1139 3420 1193 talibus
3445 1141 3594 1212 inge-

2018 1222 2302 1276 miscimus
2330 1241 2344 1277 :
2378 1225 2522 1279 sicut
2562 1240 2617 1278 et
2657 1223 2924 1281 Jeretnias
2968 1226 3334 1296 ingemiscens
3361 1233 3541 1286 aiebat
3575 1251 3590 1288 :

2011 1308 2132 1363 Heu
2159 1312 2287 1367 mihi
2311 1315 2491 1367 anima
2509 1315 2530 1367 .'
2549 1315 2674 1384 quia
2695 1317 2845 1381 periit
2869 1333 2899 1370 a
2929 1327 3074 1372 terra
3096 1331 3352 1375 revertens
3373 1323 3590 1390 (Τήν-θη.

2022 1417 2105 1464 ιιι.
2137 1402 2252 1473 l8),
2283 1415 2339 1460 et
2365 1406 2596 1476 reliqua.
2625 1406 2757 1460 Item
2788 1409 2982 1464 dicens
3014 1427 3030 1464 :
3056 1411 3173 1465 Non
3209 1415 3381 1467 solum
3410 1428 3592 1471 autem

2010 1493 2127 1557 illa,
2160 1498 2254 1548 sed
2287 1505 2342 1550 et
2393 1513 2494 1553 nos
2524 1500 2625 1567 ipsi
2681 1498 2954 1568 primitias
2987 1505 3218 1572 spiritus
3275 1507 3539 1563 habentes
3575 1526 3591 1564 :

2011 1585 2302 1642 manifeste
2369 1591 2630 1657 edocuit,
2677 1593 2802 1661 quia
2863 1606 2973 1647 non
3019 1595 3087 1648 de
3138 1595 3443 1652 irrationali
3509 1600 3593 1655 vel

2011 1675 2314 1732 insensibili
2373 1693 2624 1743 creatura
2683 1697 2994 1738 sermonem
3058 1684 3276 1752 fecerit,
3309 1705 3430 1756 quae
3485 1706 3592 1745 non

318 1769 470 1822 enim
507 1771 660 1833 dicit,
685 1772 846 1824 etiam
875 1774 1099 1843 angelos
1125 1777 1353 1843 gloriam
1399 1778 1710 1836 desiderare
1775 1798 1896 1838 san-

2017 1769 2302 1838 participat
2337 1770 2602 1838 Spiritum
2637 1783 2912 1842 sanctum,
2952 1779 3048 1830 sed
3076 1778 3146 1832 de
3178 1781 3384 1836 sanctis
3432 1783 3588 1848 dicit,

317 1875 537 1922 ciorum
585 1863 639 1932 (Ι
677 1863 825 1918 Petr.
863 1882 906 1927 t,
952 1868 1064 1934 12).
1095 1868 1324 1932 Quidam
1351 1871 1512 1924 etiam
1555 1873 1634 1926 sic
1667 1873 1900 1930 dicunt:

318 1958 494 2010 Adam
521 1969 572 2010 et
601 1958 762 2010 Evam
793 1974 915 2013 esse
959 1973 1290 2025 creaturam,
1326 1978 1465 2032 quos
1500 1965 1626 2018 olim
1673 1981 1903 2037 serpens

316 2067 346 2102 a
410 2067 504 2117 spe
559 2052 864 2104 divinitatis
925 2054 1154 2108 vanitati
1197 2056 1514 2124 subjectos,
1560 2062 1903 2136 corruptioni

314 2143 560 2196 eﬂecerit
615 2143 919 2209 deservire,
973 2161 1080 2199 non
1133 2162 1199 2202 ex
1242 2151 1547 2219 semetipsis
1593 2163 1900 2222 peccantes,

313 2236 412 2310 sed
480 2237 748 2304 serpentis
799 2235 1152 2302 instigatione
1197 2248 1253 2293 et
1326 2241 1582 2296 consilio.
1643 2245 1710 2297 Et
1760 2245 1899 2315 ipsi.

325 2328 603 2394 inquiunt,
650 2327 1047 2394 liberabuntur,
1099 2340 1158 2385 ut
1215 2331 1326 2400 jam
1391 2349 1496 2387 non
1558 2337 1901 2405 corruptioni

314 2418 658 2472 deserviant.
683 2418 916 2474 Oinncm
960 2434 1140 2476 autem
1176 2434 1484 2478 creaturam
1534 2428 1726 2482 dicunt
1756 2445 1901 2492 esse,

317 2511 634 2579 quicunque
662 2526 832 2580 usque
856 2512 922 2563 ad
947 2514 1237 2568 adventum
1259 2517 1461 2570 Christi
1483 2518 1619 2587 justi
1652 2519 1898 2587 fuerunt,

317 2603 449 2665 quia
489 2613 542 2655 et
577 2606 674 2670 ipsi
731 2605 966 2658 nondum
1027 2609 1362 2676 accipientes
1421 2622 1760 2680 exspectant,
1789 2613 1900 2668 Deo

321 2708 423 2761 pro
472 2693 628 2746 nobis
683 2694 886 2762 aliquid
941 2697 1134 2751 melius
1171 2699 1518 2768 providente.
1549 2702 1671 2757 Non
1725 2704 1898 2759 solum

317 2796 503 2837 autem
557 2786 630 2837 illi
668 2807 678 2838 :
715 2788 809 2839 sed
851 2796 906 2840 et
964 2804 1063 2842 nos
1115 2791 1237 2856 ipsi,
1272 2793 1324 2845 in
1386 2793 1587 2860 quibus
1633 2798 1900 2865 completa

315 2887 472 2943 sunt,
507 2879 738 2930 needmu
798 2887 1070 2944 tenemus,
1100 2884 1196 2937 sed
1259 2883 1311 2936 in
1381 2899 1476 2953 Spe
1541 2888 1898 2953 sustinemus,

313 2972 568 3038 quamvis
600 2985 717 3039 qua:
771 2973 924 3024 multi
959 2976 1144 3027 videre
1193 2977 1322 3045 justi
1359 2979 1670 3046 cupierunt,
1697 2982 1902 3036 videri-

317 3076 462 3112 mus.
503 3061 632 3114 item
669 3061 862 3116 dicens
905 3080 919 3116 :

310 3155 728 3221 glorilicemur;
766 3174 784 3205 ι
827 3167 882 3208 et
933 3157 1214 3212 inferens:
1249 3178 1267 3211 ι
1299 3160 1647 3229 Ειψθειειὶο
1685 3176 1898 3218 creatu-

309 3262 410 3308 rae,
445 3264 464 3297 ι
503 3247 570 3300 de
592 3249 843 3300 rationali
885 3259 1136 3302 creatura
1181 3266 1487 3306 sermonem
1516 3254 1672 3319 fecit,
1703 3267 1754 3311 et
1788 3273 1896 3312 non

309 3352 455 3392 διοιιι
498 3341 714 3405 quidam
745 3342 1083 3403 existimant,
1109 3342 1178 3396 de
1219 3345 1528 3400 irrationali
1592 3348 1674 3402 vel
1715 3349 1901 3404 insen-

310 3431 487 3492 sihili,
523 3447 641 3498 qum
679 3434 745 3486 ad
779 3433 1101 3486 servitutem
1138 3435 1423 3489 hominum
1474 3450 1656 3492 creata
1689 3451 1811 3505 est;
1843 3449 1899 3495 et

313 3535 442 3592 post
495 3525 610 3578 haec
677 3527 938 3594 peritura,
1000 3528 1218 3596 quando
1259 3530 1337 3583 sol
1393 3532 1800 3600 obscurabitur,
1843 3543 1898 3588 et

311 3621 443 3668 luna
479 3632 586 3670 non
616 3618 767 3670 dabit
793 3621 973 3672 lumen
1007 3635 1186 3686 suum,
1219 3630 1276 3675 et
1305 3623 1477 3677 stellae
1524 3626 1646 3678 caeli
1699 3627 1899 3680 cadent

309 3727 484 3778 super
513 3722 714 3764 terram
751 3728 764 3766 :
800 3723 854 3765 et
895 3722 1021 3767 tunc
1057 3714 1162 3769 erit
1197 3730 1398 3769 novum
1443 3718 1637 3771 caelum
1669 3728 1721 3772 et
1758 3735 1897 3774 nova

310 3813 590 3873 tempora.
616 3804 879 3858 Creatura
908 3816 1112 3869 autem,
1157 3807 1326 3860 Adam
1378 3821 1463 3862 est
1502 3819 1556 3862 et
1613 3809 1744 3875 Eva,
1775 3824 1897 3880 quae

307 3898 498 3949 adhuc
537 3907 814 3964 exSpectat
849 3914 910 3951 se
937 3915 963 3949 a
996 3896 1104 3950 Deo
1138 3898 1384 3968 recipere
1413 3901 1789 3970 adoptionem.

391 4010 410 4042 ι
449 3988 683 4043 Vanitati
741 3992 883 4044 enim
950 4002 1276 4048 creatura.)
1335 3993 1565 4051 Vanitas
1621 4007 1704 4052 est
1735 4013 1896 4055 omne

303 4085 468 4155 quod
501 4085 824 4154 quandoque
855 4085 1062 4142 linitur.
1090 4085 1222 4140 Item
1267 4089 1482 4144 vanitas
1513 4098 1598 4144 est
1645 4091 1896 4160 prtevari-

303 4179 506 4230 catio:
557 4177 640 4229 cui
691 4177 938 4246 subjecta
995 4178 1125 4242 Eva,
1161 4193 1266 4232 non
1315 4181 1536 4248 propria
1594 4183 1896 4250 voluntate,

303 4269 409 4324 sed
444 4286 472 4320 a
503 4281 750 4336 serpente
795 4273 1043 4337 decepta,
1082 4272 1310 4335 speilla,
1351 4288 1455 4340 qua
1499 4274 1750 4328 audierat
1783 4291 1799 4332 :
1828 4275 1897 4329 Et

301 4364 464 4416 eritis
497 4365 648 4431 quasi
691 4364 786 4428 dii,
828 4364 1049 4416 scientes
1083 4365 1273 4416 bonum
1299 4372 1351 4416 et
1382 4365 1583 4418 malum
1617 4365 1775 4437 (Gen.
1809 4383 1892 4432 III,

301 4457 390 4522 5).
436 4453 684 4508 Servitus
721 4467 901 4508 autem
944 4465 1028 4508 est
1061 4455 1458 4525 corruptionis,
1489 4475 1652 4526 quam
1685 4460 1892 4516 audivit
1927 4453 1969 4507 ί)

299 4549 489 4601 Adam
526 4562 540 4600 :
583 4545 745 4598 Terra
795 4562 871 4609 es,
910 4555 956 4598 et
1000 4547 1052 4599 iu
1097 4556 1294 4599 terram
1336 4549 1437 4603 ibis
1486 4550 1652 4620 (Ibid.
1687 4553 1797 4622 19).
1838 4553 1894 4607 in

301 4639 723 4692 resurrectione
767 4639 1034 4707 recepturi
1079 4650 1206 4693 sunt
1249 4640 1722 4711 ineorruptioneut
1753 4643 1894 4698 lilio-

301 4747 435 4783 rum
469 4729 583 4783 Dei.

386 4840 408 4870 ι
442 4819 700 4890 Subjecta
730 4829 834 4876 est.
861 4840 880 4872 ι
915 4820 972 4876 Si
999 4823 1178 4894 angeli
1213 4824 1528 4880 hominibus
1553 4828 1891 4884 ministrant.

387 4933 410 4964 ι
435 4911 551 4967 Non
588 4914 794 4976 volens,
833 4915 927 4968 sed
953 4928 1176 4982 prepter
1208 4930 1357 4978 eum,
1398 4919 1488 4986 qui
1513 4919 1744 4985 subjecit
1772 4935 1892 4974 eam

295 5016 357 5062 lu
387 5022 530 5074 spe:
571 5008 696 5074 quia
726 5016 778 5061 et
813 5007 927 5074 ipsa
956 5021 1208 5062 creatura
1233 5008 1600 5064 liberabitura
1629 5011 1893 5066 servitute

294 5099 683 5164 corruptionis
733 5099 788 5151 in
849 5098 1156 5152 libertatem
1209 5100 1392 5168 gloria
1443 5100 1677 5155 liliorum
1723 5102 1840 5156 Dei.
1870 5119 1888 5153 ι

292 5188 431 5243 Jam
466 5203 577 5240 non
629 5187 831 5242 serviet
878 5189 979 5252 eis,
1013 5190 1109 5258 qui
1148 5189 1242 5243 Dei
1294 5177 1587 5260 imaginem
1627 5209 1892 5264 corrupe-

297 5289 467 5334 runt.

434 5370 654 5426 Scimus
684 5372 829 5425 enim
862 5373 1006 5440 quod
1031 5375 1209 5428 omnis
1230 5383 1480 5428 creatura
1509 5378 1816 5445 ingemiscit
1839 5388 1892 5432 et

295 5465 550 5536 parturit
585 5480 754 5533 usque
789 5469 987 5520 adhuc.
1023 5485 1044 5519 ι
1082 5466 1234 5520 Sicut
1260 5470 1498 5536 gaudent
1522 5471 1698 5535 angeli
1729 5485 1892 5537 super

297 5559 648 5627 praenitentes
704 5561 821 5611 :ita
867 5560 1053 5612 dolent
1110 5575 1274 5628 super
1323 5562 1567 5614 converti
1624 5563 1891 5617 nolentes.

293 5653 446 5706 Item
495 5664 646 5703 nunc
693 5665 1040 5704 communem
1090 5662 1404 5707 creaturam
1463 5654 1729 5717 nominat,
1769 5665 1892 5721 post

290 5740 488 5799 Adam
538 5749 595 5794 c‘t
657 5737 860 5814 Evam,
907 5743 1110 5811 justus,
1168 5745 1260 5812 qui
1321 5740 1540 5796 fuerunt
1598 5757 1764 5810 usque
1821 5744 1886 5798 ad

2008 1863 2098 1930 qui
2121 1859 2230 1916 Deo
2254 1862 2580 1930 placuerunt
2603 1867 2837 1919 naturali
2864 1867 3003 1936 lege,
3033 1869 3287 1923 similiter
3305 1880 3359 1925 et
3390 1871 3586 1942 Moysi.

2009 1952 2272 2021 Discipuli
2317 1964 2499 2009 autem
2531 1954 2737 2011 Christi
2780 1961 3050 2026 primitias
3085 1961 3344 2016 dicuntur
3387 1963 3593 2019 habere

2006 2046 2253 2114 Spiritus,
2285 2045 2340 2101 id
2367 2059 2471 2111 est,
2507 2049 2680 2117 prima
2707 2059 2762 2103 et
2809 2051 3069 2118 praeclara
3101 2053 3457 2120 charismata,
3492 2071 3590 2125 per

2006 2152 2128 2206 quae
2173 2139 2486 2194 ditaverunt
2539 2155 2760 2195 omnem
2807 2152 3038 2199 terram.
3064 2144 3180 2198 Non
3233 2147 3375 2200 enim
3432 2160 3584 2205 tanta

2006 2229 2301 2300 fuitgratia
2355 2242 2482 2287 ante
2532 2233 2703 2304 legem
2753 2245 2809 2288 et
2870 2235 2924 2288 in
2954 2235 3069 2304 lege
3101 2236 3286 2307 Moysi.
3325 2239 3389 2292 Et
3425 2243 3568 2308 quod

2006 2324 2218 2391 priores
2277 2324 2388 2378 sint
2438 2326 2688 2394 discipuli
2749 2327 2974 2392 Christi,
3040 2327 3585 2394 Hebraeisscribens

2005 2412 2167 2467 docet
2197 2431 2210 2469 :
2244 2411 2352 2468 Sed
2379 2425 2429 2468 et
2468 2415 2524 2467 lii
2556 2430 2734 2468 autne:
2765 2417 3070 2472 testimonio
3099 2419 3223 2483 ﬁdei
3251 2421 3458 2489 probati
3482 2438 3587 2474 non

2013 2515 2328 2574 acceperunt
2389 2506 2869 2574 repromissiouem,
2910 2507 3024 2561 Deo
3061 2525 3155 2577 pro
3221 2511 3364 2564 nobis
3398 2514 3584 2566 melius

2005 2596 2210 2665 aliquid
2238 2597 2545 2664 providente
2569 2613 2586 2651 :
2614 2610 2661 2652 et
2695 2614 2757 2652 ne
2787 2600 2900 2652 sine
2921 2601 3067 2656 nobis
3099 2615 3588 2659 conmumtarentur

2007 2689 2200 2760 (Hebr.
2244 2706 2323 2757 XI,
2352 2689 2443 2756 59,
2487 2692 2602 2759 40).

2081 2800 2100 2832 ι
2129 2783 2520 2850 Exspectantes
2569 2785 2998 2853 redemptionem
3039 2790 3288 2855 corporis
3331 2791 3531 2845 nostri.
3559 2810 3577 2843 ι

2005 2873 2254 2927 Nuntium
2309 2890 2420 2927 rem
2459 2876 2630 2943 ipsum
2682 2880 3008 2944 promissam
3060 2883 3421 2948 percepimus,
3487 2886 3582 2939 sed

2003 2976 2308 3035 speramus,
2344 2964 2486 3017 sicut
2515 2964 2582 3018 ad
2607 2963 2921 3021 Corinthios
2955 2969 3030 3022 ait
3067 2969 3220 3023 :Per
3244 2971 3402 3038 ﬁdem
3439 2975 3583 3028 enim

969 3081 986 3115 ι
1023 3065 1077 3116 δε
1110 3075 1288 3119 tamen
1334 3071 1715 3136 unumunum
1747 3082 1804 3125 ιη
1847 3085 1902 3127 ει
1931 3094 1975 3150 c
2023 3053 2380 3150 ambulamus,
2415 3064 2464 3108 et
2495 3073 2598 3150 non
2623 3073 2714 3150 per
2743 3060 2961 3126 speciem
2991 3059 3074 3130 (Il
3116 3059 3237 3117 Cor.
3264 3079 3315 3129 v,
3355 3065 3432 3135 7).

2083 3162 2101 3195 ι
2135 3145 2244 3214 Spe
2278 3148 2421 3200 enim
2463 3149 2598 3202 salvi
2631 3149 2760 3203 facti
2793 3165 3002 3205 sumus.
3035 3152 3172 3222 Spes
3210 3167 3415 3220 autem,
3460 3173 3588 3228 quae

2007 3239 2240 3304 videtur,
2273 3256 2378 3294 non
2410 3253 2494 3296 est
2542 3257 2684 3312 spes.
2717 3242 2852 3297 Nam
2897 3247 3040 3313 quod
3089 3250 3234 3302 videt
3273 3252 3419 3319 quis,
3452 3255 3587 3322 quid

2007 3333 2236 3400 sperat?
2270 3352 2289 3385 ι
2357 3333 2514 3400 Quod
2570 3339 2827 3400 videtur,
2880 3353 2991 3392 non
3043 3352 3340 3408 speratur:
3373 3350 3466 3398 sed
3535 3349 3582 3400 si

2003 3431 2289 3498 proprium
2317 3439 2420 3490 est.
2455 3429 2784 3496 possidetur.
2811 3427 2970 3485 Nulla
2999 3433 3146 3487 enim
3180 3451 3304 3504 spes
3338 3438 3392 3493 in
3421 3441 3584 3496 rebus

2013 3521 2319 3576 visibilibus
2361 3531 2446 3574 est
2501 3521 2854 3578 Christianis.
2897 3522 3012 3578 Non
3048 3526 3193 3579 enim
3245 3529 3404 3586 nobis
3443 3548 3581 3602 pra:-

2007 3612 2187 3666 scntia
2217 3611 2486 3680 promissa
2516 3621 2662 3676 sunt,
2695 3617 2790 3667 sed
2840 3615 3042 3669 futura.

2081 3724 2100 3756 ι
2133 3704 2188 3758 Si
2244 3717 2422 3760 autem
2478 3707 2622 3774 quod
2676 3721 2784 3760 non
2843 3710 3090 3764 videmus
3153 3725 3454 3779 speramus,
3485 3733 3579 3783 per

2005 3797 2324 3867 patientiam
2353 3806 2758 3863 exspectamus.
2791 3815 2809 3847 ι
2836 3797 2963 3852 ideo
2984 3799 3117 3853 lides
3146 3815 3241 3868 per
3259 3803 3577 3871 patientiam

2005 3891 2225 3960 grandis
2254 3898 2336 3944 est
2369 3892 2572 3959 praemii
2615 3904 2631 3946 :
2663 3891 2787 3956 quia
2821 3892 2968 3958 quod
3004 3908 3108 3960 non
3141 3894 3285 3948 videt
3325 3899 3498 3952 credit
3521 3907 3578 3953 et

2005 3986 2159 4054 quasi
2213 3984 2328 4054 jam
2387 3985 2680 4054 acceperit,
2715 3985 2789 4038 ita
2840 4001 3037 4041 secura
3094 3999 3178 4042 est
3211 3991 3277 4043 dc
3331 3992 3574 4046 nondum

2005 4076 2244 4144 acceptis
2277 4091 2293 4129 :
2323 4073 2466 4129 sicut
2519 4074 2596 4126 ait
2643 4076 2709 4126 ad
2755 4071 3013 4128 Hebr-reos
3048 4091 3063 4128 :
3097 4073 3363 4130 Patientia
3423 4079 3578 4134 vobis

2004 4167 2309 4222 necessaria
2361 4176 2469 4229 est,
2501 4175 2559 4220 ut
2596 4167 2927 4220 voluntatem
2976 4169 3069 4222 Dei
3101 4170 3354 4236 scientes,
3389 4184 3578 4239 repor-

2007 4261 2133 4316 tetis
2153 4260 2657 4328 repromissionem.
2684 4259 2820 4326 Spes
2837 4259 2983 4313 enim
3009 4260 3128 4316 sine
3161 4265 3424 4329 patientia
3450 4279 3574 4318 esse

2008 4371 2114 4410 non
2149 4355 2323 4410 novit.

2075 4467 2093 4498 ι
2120 4445 2386 4502 Similiter
2419 4456 2603 4500 autem
2663 4457 2716 4500 et
2762 4447 2991 4516 spiritus
3036 4447 3254 4517 adjuvat
3289 4448 3577 4504 inﬁrmita-

2003 4552 2109 4596 tem
2135 4551 2396 4596 nostram.
2429 4559 2448 4591 ι
2487 4541 2796 4594 Secundum
2835 4540 2976 4594 hanc
3006 4555 3155 4607 spem
3210 4541 3454 4610 adjuvat,
3514 4555 3574 4597 ut

2001 4649 2105 4687 non
2135 4643 2372 4693 terrena.
2397 4632 2492 4687 sed
2523 4631 2766 4686 caelestia
2790 4633 3153 4700 postulemus.
3182 4632 3393 4686 lnt‘trma
3427 4634 3573 4687 enim

1998 4735 2081 4779 est
2111 4736 2295 4780 nostra
2329 4725 2680 4795 possibilitas,
2723 4724 2830 4778 nisi
2861 4725 3108 4779 doctrina
3136 4726 3310 4779 sancti
3339 4727 3573 4793 Spiritus

1999 4819 2310 4888 adjuvetur.

2076 4928 2095 4961 ι
2122 4908 2256 4964 Nam
2298 4909 2426 4980 quid
2470 4923 2690 4964 orenrus
2743 4911 2885 4964 sicut
2921 4920 3155 4979 oportet,
3207 4910 3503 4964 nescimus.
3537 4929 3558 4962 ι

1997 5000 2134 5068 Quia
2193 5003 2369 5057 adlmc
2427 5017 2526 5070 per
2571 5005 2854 5069 speculmn
2923 5005 3187 5056 videmus.
3238 5001 3575 5068 Freqtienter

1996 5100 2218 5160 obsunt,
2250 5112 2371 5164 quae
2416 5096 2674 5164 prodesse
2709 5106 2986 5164 putamus,
3040 5107 3094 5149 et
3138 5096 3260 5148 ideo
3291 5097 3444 5149 nobis
3485 5111 3576 5163 pu-

2002 5191 2206 5244 szulata
2243 5188 2469 5242 minime
2543 5191 2920 5242 conceduntur
2979 5189 3288 5256 provisione
3343 5189 3571 5242 divina:

1999 5281 2137 5333 sicut
2168 5289 2223 5332 et
2263 5282 2380 5348 ipse
2413 5280 2540 5333 alibi
2567 5282 2643 5334 ait
2680 5298 2696 5334 :
2737 5280 2962 5346 Propter
3000 5280 3138 5347 quod
3179 5288 3258 5332 ter
3293 5279 3575 5332 Dominum

2000 5375 2197 5440 rogavi,
2226 5382 2282 5424 ut
2308 5374 2591 5426 discederet
2618 5389 2648 5424 a
2672 5389 2772 5434 me,
2799 5385 2852 5426 et
2880 5372 3089 5440 reliqua
3112 5368 3198 5441 (II
3227 5371 3351 5424 Cor.
3377 5371 3570 5439 xu,8).

1995 5467 2173 5520 Aliter
2209 5481 2224 5522 ξ
2258 5465 2478 5520 Dillicile
2528 5466 2793 5520 orationis
2847 5475 3048 5520 nostra:
3098 5466 3430 5520 desiderium
3480 5479 3571 5518 se-

1998 5557 2259 5620 cundum,
2294 5558 2438 5625 quod
2488 5556 2654 5610 corde
2696 5556 3072 5624 concepimus,
3129 5555 3436 5626 esprimere
3480 5555 3572 5609 vix

2000 5665 2132 5704 voce
2169 5651 2414 5703 valemus
2455 5665 2470 5703 :
2505 5649 2656 5701 unde
2687 5647 3016 5701 subsecutus
3040 5658 3143 5702 est.

2075 5761 2093 5793 ι
2121 5740 2227 5796 Sed
2261 5743 2372 5809 ipse
2402 5740 2638 5809 Spiritus
2675 5740 2918 5810 posmlat
2949 5755 3046 5810 pro
3085 5742 3244 5797 nobis
3278 5739 3573 5810 gemitibus
