3934 6200
365 280 465 347 711

1334 286 1395 348 S.
1434 284 1873 345 HIERONYMI
1917 279 2239 342 OPERUM
2282 278 2689 339 MANTISSA.

3514 276 3611 340 712

364 394 852 451 inenarrabilibus.
884 414 902 448 ο
942 396 1088 451 Deus
1115 411 1268 467 ergo,
1303 400 1393 469 qui
1429 409 1708 455 scrutatur
1754 398 1942 462 corda,
1975 404 2017 456 Α
2046 405 2456 463 consequantur
2493 410 2507 446 ι
2545 406 2610 446 eo
2646 390 2791 456 quod
2822 388 3084 458 perfecta,
3115 403 3234 459 quae
3294 388 3348 443 in
3400 389 3505 444 illis
3541 393 3619 445 est

360 497 416 539 et
477 487 523 539 si
580 502 833 542 sermone
885 490 1346 556 coiitprehendere
1413 508 1522 546 non
1588 490 1933 553 sollicimus,

363 578 515 630 novit
549 579 602 631 in
647 591 907 647 quantum
954 582 1117 635 modo
1174 584 1396 638 credere
1458 586 1764 654 cupiamus.
1824 584 1939 639 Scit

364 675 569 729 tamen,
598 671 722 730 quia
767 684 865 737 pro
914 672 1118 723 sanctis
1152 673 1341 737 rebus,
1384 689 1489 727 non
1530 690 1628 743 pro
1660 675 1938 729 saeculari-

358 758 461 811 bus
500 760 841 826 po-tulam-us
878 762 1180 815 secundum
1216 763 1389 831 ipsius
1426 766 1779 819 voluntatem.

437 868 457 903 ι
479 851 580 916 Qui
619 863 801 905 autem
835 862 1114 907 scrutatur
1139 856 1329 920 corda,
1357 857 1463 910 scit
1505 859 1636 927 quid
1662 858 1939 913 desideret

360 941 617 1011 Spiritus.
648 963 667 995 ι
700 944 865 1010 Quasi
905 962 1152 1001 summus
1178 950 1461 1003 sacerdos.

439 1036 607 1099 «Quia
637 1040 934 1090 secundum
964 1038 1132 1092 Deum
1164 1040 1397 1107 postulat
1432 1055 1529 1109 pro
1557 1039 1819 1094 sanctis.»
1843 1038 1941 1093 ilic

363 1130 590 1196 gratiam
615 1127 873 1197 Spiritus,
897 1129 1163 1198 Spiritum
1186 1134 1482 1185 nominavit
1505 1150 1518 1186 :
1538 1136 1676 1187 sicut
1707 1134 1831 1186 alihi
1860 1132 1942 1185 di-

356 1224 434 1273 cit
464 1238 478 1273 :
512 1218 570 1273 Si
595 1237 813 1275 oravere
849 1224 1056 1291 lingua,
1090 1223 1307 1289 spiritus
1334 1241 1477 1278 meus
1519 1236 1662 1291 orat,
1695 1236 1743 1278 et
1772 1241 1940 1278 temu-

356 1310 551 1365 liitores
585 1313 707 1365 estis
737 1317 1041 1383 spirituum.
1093 1314 1339 1369 Postulat
1374 1326 1579 1378 autem,
1602 1319 1727 1385 quia
1748 1325 1939 1386 postu-

358 1404 475 1457 lare
518 1420 615 1457 nos
649 1404 775 1456 facit
801 1407 1113 1472 gemitibus,
1150 1408 1241 1473 qui
1272 1409 1516 1460 enarrari
1559 1424 1662 1461 non
1694 1417 1940 1478 possunt,

360 1496 502 1549 sicut
536 1504 746 1549 tentare
779 1512 877 1549 nos
906 1498 1105 1550 dicitur
1150 1498 1310 1563 Deus,
1346 1508 1405 1551 ut
1447 1499 1585 1553 sciat
1624 1517 1638 1553 :
1683 1498 1791 1555 hoc
1833 1510 1939 1565 est,

361 1596 419 1638 ut
443 1592 585 1640 scire
612 1601 712 1640 nos
744 1588 927 1653 faciat,
953 1590 1143 1656 quales
1188 1590 1414 1663 scimus.
1441 1590 1545 1642 Sed
1578 1601 1632 1643 et
1668 1591 1768 1644 hoc
1794 1604 1943 1643 com-

359 1692 544 1741 mune,
602 1681 745 1746 quod
788 1678 1049 1734 Dominus
1083 1682 1195 1734 lieri
1224 1681 1397 1750 jubet.
1432 1682 1548 1749 ipse
1581 1683 1780 1735 dicitur
1809 1697 1939 1750 ope-

358 1770 468 1820 rari
496 1785 512 1825 :
540 1780 596 1822 ut
620 1772 709 1823 ille
738 1770 1027 1825 aedificavit
1066 1773 1315 1835 domum,
1345 1784 1438 1825 aut
1478 1774 1565 1826 ille
1594 1774 1839 1827 codicem
1867 1776 1944 1828 fe-

358 1860 454 1924 cit,
484 1875 606 1912 cum
634 1876 734 1915 nec
762 1864 872 1929 ipse
899 1866 1205 1933 scripserit,
1240 1880 1339 1919 nec
1398 1866 1491 1919 ille
1547 1869 1953 1923 construxerit.

358 1950 487 2002 item
516 1954 745 2020 gratiam
774 1950 1032 2021 Spiritus,
1054 1958 1301 2009 nominat
1325 1956 1589 2024 Spiritum
1618 1975 1632 2013 :
1666 1960 1757 2029 qui
1782 1960 1943 2015 docet

260 2089 268 2097 .
354 2059 453 2110 pro
507 2046 658 2097 nobis
710 2044 943 2101 Domino
1000 2049 1299 2115 postulare.
1337 2053 1480 2105 sicut
1535 2051 1702 2105 Isaias
1754 2053 1937 2108 dicit:

354 2135 587 2198 Spiritus
618 2140 897 2199 sapientiae
924 2149 971 2191 et
1004 2142 1242 2194 scientia:
1268 2152 1314 2195 et
1345 2143 1640 2196 intellectus
1676 2143 1812 2214 (Isa.
1861 2160 1935 2207 xi,

353 2229 436 2295 2).
474 2230 532 2281 Et
573 2230 878 2285 Corinthiis
917 2234 1167 2289 scribens
1209 2235 1339 2289 dicit
1373 2252 1388 2291 :
1449 2236 1541 2291 Sic
1578 2248 1625 2291 et
1669 2255 1780 2299 eos,
1811 2255 1941 2304 quo-

351 2321 499 2372 niam
567 2323 904 2376 wmulatores
928 2327 1051 2378 estis
1091 2327 1401 2392 spirituum,
1427 2341 1475 2380 et
1531 2330 1939 2397 aediﬁcationem

352 2410 606 2466 Ecclesia:
634 2416 873 2481 quierite,
905 2426 958 2467 ut
994 2417 1274 2495 abundetis
1309 2422 1351 2488 (ι
1374 2420 1498 2474 Cor.
1530 2438 1639 2485 xw,
1680 2422 1792 2489 12).

432 2522 452 2555 ς
504 2504 718 2558 Scimus
771 2515 951 2559 autem
1034 2513 1302 2576 quoniam
1367 2513 1716 2583 diligentibus
1766 2516 1936 2571 Deutn

353 2594 534 2647 omnia
564 2608 927 2664 cooperantur
959 2599 1011 2651 iit
1041 2597 1268 2655 bonum.
1295 2624 1314 2653 ι
1340 2601 1540 2658 Omnia
1592 2623 1934 2679 quascunque

352 2688 669 2751 fecerimus,
703 2689 787 2740 vel
822 2690 965 2756 passi
1025 2691 1291 2747 fuerimus
1330 2707 1554 2765 pr0pter
1585 2701 1934 2757 dilectionem

353 2778 473 2840 Dei.
506 2778 688 2831 omnia
728 2779 889 2834 nobis
942 2780 1009 2833 ad
1067 2786 1371 2839 mercedem
1428 2798 1708 2845 crescunt.
1738 2791 1935 2848 Omnia

346 2871 495 2925 enim
550 2886 893 2939 quaecunque
932 2872 1119 2942 justus
1182 2876 1396 2944 fecerit,
1444 2886 1933 2949 prosperabuntur.

428 2960 556 3015 illis
574 2963 663 3029 qui
684 2962 981 3017 secundum
1010 2967 1346 3035 propositum
1374 2972 1553 3023 vocati
1582 2982 1715 3026 sunt
1736 2974 1933 3029 sancti.

2046 487 2310 551 charitas,
2346 500 2564 541 omnem
2614 497 2837 538 causam
2903 483 3148 538 mortalis
3213 484 3423 538 timoris
3476 484 3619 538 foras

2041 579 2294 733 “tegili.
2312 668 2477 723 etiam
2510 666 2732 735 proprio
2772 664 2912 729 Filio
2946 680 3045 719 suo
3076 680 3183 720 non
3231 668 3494 734 pepercit,
3528 668 3619 723 sed

2006 782 2013 785 ‘
2044 776 2145 830 pro
2183 760 2337 814 nobis
2370 760 2627 815 omnibus
2657 759 2881 811 tradidit
2912 757 3118 810 illum.»
3173 756 3468 825 Prasmisit,
3516 769 3625 812 tra-

2044 854 2197 917 didit,
2238 862 2294 905 ut
2330 854 2673 905 tradentibus
2731 859 2980 904 maneret
3032 851 3259 904 libertas
3306 851 3538 914 arbitrii,
3569 860 3623 904 et

2042 944 2200 998 nobis
2261 944 2533 1013 patientia:
2616 952 3011 996 monstraretur
3080 941 3412 1010 exemplum.
3466 942 3621 1006 Quod

1998 1047 2001 1050 '
2046 1034 2197 1096 dicit,
2225 1048 2324 1102 pro
2358 1032 2633 1096 omnibus,
2658 1034 2954 1086 notandum
2970 1031 3101 1101 quia
3134 1047 3238 1084 nou
3262 1047 3358 1098 pro
3379 1032 3623 1101 aliquau-

2048 1127 2137 1180 tis.

2122 1232 2143 1265 ς
2181 1212 2463 1278 Quomodo
2492 1228 2598 1267 non
2624 1213 2807 1278 etiam,
2849 1227 2971 1266 cum
3008 1210 3100 1265 illo
3124 1213 3307 1266 omnia
3340 1211 3493 1267 nobis
3519 1213 3621 1267 do-

2045 1307 2195 1360 navit
2226 1305 2249 1358 ?
2275 1324 2294 1357 ι
2328 1305 2469 1371 Quid
2508 1314 2680 1373 potest
2745 1304 2945 1358 habere
2997 1304 3239 1369 charius,
3264 1306 3407 1374 quod
3462 1303 3623 1360 nobis

2045 1409 2227 1468 neget,
2262 1402 2351 1467 qui
2390 1399 2586 1453 Filium
2624 1411 2731 1451 non
2766 1395 3028 1466 negavit?

2122 1510 2140 1542 ι
2177 1491 2311 1557 Quis
2374 1489 2656 1545 accusabit
2713 1488 2983 1544 adversus
3038 1489 3242 1544 electos
3307 1489 3446 1543 Dei?
3481 1488 3626 1543 Deus

2046 1585 2135 1651 qui
2167 1583 2429 1652 justiﬁcat
2455 1598 2469 1635 :
2498 1582 2634 1647 Quis
2663 1589 2745 1633 est
2778 1583 2871 1651 qui
2902 1582 3228 1635 condemnet
3256 1581 3279 1633 ?
3309 1581 3453 1647 Quos
3480 1581 3628 1636 Deus

2046 1675 2207 1743 elegit
2234 1677 2544 1739 credentes,
2568 1689 2630 1728 ac
2656 1674 2827 1743 signis
2855 1682 2909 1728 et
2932 1676 3223 1729 virtutibus
3246 1675 3424 1744 justos
3444 1683 3629 1729 osten-

2045 1766 2122 1819 dit
2148 1782 2164 1820 :
2192 1768 2311 1834 quis
2334 1781 2433 1832 pro
2464 1766 2710 1835 pristinis
2733 1765 2953 1819 audebit
2985 1781 3244 1821 accusare
3274 1768 3515 1830 delictis,
3542 1770 3626 1821 vel

2044 1874 2141 1927 pro
2166 1866 2472 1925 contemptu
2510 1858 2767 1927 legalium
2807 1860 3186 1912 mandatorum
3216 1860 3239 1913 ?

2118 1967 2135 1999 ι
2171 1948 2421 2001 Christus
2465 1946 2644 2010 Jesus,
2683 1949 2771 2016 qui
2820 1957 3065 2003 mortuus
3107 1957 3212 2015 est,
3274 1950 3381 2003 imo
3430 1949 3525 2019 qui
3574 1956 3629 2005 et

2049 2041 2372 2101 resurrexit,
2401 2039 2489 2106 qui
2541 2039 2711 2091 estad
2765 2038 3039 2091 dexteram
3106 2040 3220 2093 Dei.
3253 2057 3272 2089 ι
3314 2040 3626 2094 Secundum

2044 2131 2309 2197 assumpti
2352 2128 2586 2183 hominis
2637 2127 2876 2196 loquitur
2924 2128 3178 2196 formam,
3237 2131 3329 2201 qui
3378 2140 3627 2186 mortuus

2041 2231 2121 2274 est
2151 2234 2206 2276 et
2239 2224 2561 2277 resurrexit.

2120 2333 2138 2365 ι
2178 2314 2280 2379 Qui
2316 2318 2478 2371 etiam
2514 2319 2823 2388 interpellat
2856 2334 2957 2389 pro
2983 2319 3164 2372 nobis.
3195 2336 3219 2369 ι
3250 2316 3319 2372 Ut
3343 2334 3471 2372 cum
3512 2319 3628 2388 ipso

2042 2407 2234 2469 simus.
2270 2409 2359 2462 ubi
2398 2411 2511 2479 ipse
2536 2423 2641 2467 est.
2676 2410 2864 2467 Solent
2906 2414 3062 2481 plane
3107 2412 3312 2473 Ariani,
3342 2428 3407 2464 ex
3455 2413 3626 2465 inter-

2044 2499 2350 2569 pellationis
2411 2519 2576 2557 causa
2613 2543 2630 2568 ,
2685 2520 2903 2560 movere
2956 2504 3311 2568 calumniam,
3356 2506 3623 2568 dicentes,

2039 2599 2184 2659 quod
2229 2597 2324 2664 qui
2381 2596 2801 2666 interpellatur,
2857 2598 3236 2668 interpellante
3297 2598 3366 2650 sit
3424 2598 3621 2666 major.

2038 2684 2250 2751 Quibus
2291 2692 2728 2759 respondendum
2773 2700 2875 2754 est,
2914 2693 3082 2746 Deum
3128 2691 3458 2744 oblivionem
3518 2706 3621 2745 nou

2040 2780 2178 2847 pali,
2241 2790 2297 2834 ut
2328 2797 2427 2851 pro
2466 2782 2601 2852 ipsis
2620 2794 3033 2838 commoneatur
3062 2797 3298 2852 semper,
3328 2796 3468 2852 quos
3508 2782 3623 2853 ipse

2040 2874 2201 2943 eiegit
2238 2892 2254 2940 ;
2293 2876 2384 2929 sed
2411 2877 2462 2945 in
2519 2878 2621 2930 hoc
2661 2877 3010 2946 interpellare
3055 2891 3176 2929 eum
3236 2876 3455 2938 dicitur,
3493 2875 3619 2929 dum

2039 2980 2252 3034 semper
2281 2966 2423 3021 Patri
2456 2968 2754 3033 hominem,
2794 2984 2956 3039 quem
3005 2969 3264 3035 suscepit,
3296 2968 3454 3037 quasi
3520 2984 3616 3021 uo-

350 3051 484 3107 Natn
540 3068 678 3123 quos
726 3055 1019 3124 praescivit.
1051 3074 1070 3107 ι
1115 3059 1427 3114 Secundum
1457 3066 1603 3132 quod
1647 3068 1933 3135 proposuit
1960 3088 2007 3147 α
2047 3067 2218 3111 strum
2246 3059 2442 3128 pignus
2472 3058 2730 3124 ostendit,
2758 3070 2814 3113 et
2834 3058 3015 3123 offert,
3040 3068 3101 3112 ut
3119 3071 3281 3112 verus
3304 3056 3620 3128 pontifexet

350 3146 468 3200 sola
503 3148 605 3199 llde
638 3146 871 3210 salvare,
913 3163 1052 3216 quos
1097 3153 1449 3217 prwsciverat
1498 3157 1807 3212 credituros
1834 3176 1848 3224 ;
1878 3170 1932 3214 et

348 3253 489 3305 quos
516 3239 686 3306 gratis
713 3241 924 3295 vocavit
966 3241 1032 3294 ad
1063 3242 1315 3309 salutem,
1353 3246 1523 3299 multo
1556 3250 1728 3317 magis
1767 3252 1933 3320 glori-

348 3332 537 3384 tlcabit
567 3332 635 3383 ad
666 3336 894 3385 salutem
927 3344 1245 3402 operantes.

425 3438 445 3471 i
486 3419 552 3474 Et
583 3424 989 3490 praedestinavit
1019 3426 1331 3484 conformes
1363 3429 1478 3484 ileri
1510 3430 1767 3500 imaginis
1800 3431 1930 3487 Filii

351 3515 460 3569 sui.
501 3534 519 3566 ι
555 3514 954 3571 Ρτεῐιιιυδιὶιιειτθ
976 3519 1114 3573 idem
1146 3534 1251 3587 est,
1280 3526 1422 3593 quod
1457 3528 1728 3594 praescire.
1766 3528 1929 3597 Ergo,

345 3624 488 3678 quos
516 3611 765 3678 praevidit
790 3612 1100 3668 conformes
1135 3619 1346 3672 futuros
1381 3620 1432 3672 iii
1494 3622 1622 3685 vita,
1660 3621 1826 3675 voluit
1877 3631 1934 3676 ut

346 3701 543 3755 ﬁerent
597 3704 911 3760 confortnes
983 3706 1037 3759 iit
1102 3708 1294 3777 gloria.
1360 3710 1461 3775 Qui
1526 3714 1931 3768 transfortitavit

347 3810 548 3862 corpus
578 3795 902 3851 humilitatis
936 3808 1160 3866 nostrae,
1186 3800 1471 3858 conforme
1510 3806 1723 3873 corpori
1774 3807 1933 3860 clari-

352 3888 477 3940 tatis
500 3902 610 3941 sute
636 3887 896 3959 (Philipp.
929 3907 1012 3955 tn,
1043 3894 1158 3962 2i).

426 3999 443 4031 ι
487 3968 563 4036 Ut
585 3983 655 4034 sit
683 3984 795 4050 ipse
843 3986 1238 4053 priinogeuitus
1287 3988 1338 4041 iii
1367 3988 1558 4043 multis
1591 3990 1869 4045 fratribus.
1908 4010 1927 4045 ι

350 4072 753 4143 Primogcnitus
783 4091 849 4129 ex
885 4078 1121 4130 mortuis
1152 4079 1202 4131 iii
1237 4080 1491 4148 gloriam.
1524 4083 1660 4136 item
1714 4084 1803 4139 hic
1848 4101 1938 4139 se-

351 4165 589 4216 cundum
622 4167 766 4233 quod
798 4168 960 4219 homo
1011 4169 1186 4222 lactus
1216 4182 1319 4235 cst,
1357 4175 1655 4226 secundum
1679 4178 1932 4243 gratiam,

350 4268 472 4321 qua:
513 4256 567 4307 in
605 4271 670 4309 eo
717 4267 853 4323 erat,
885 4257 1052 4312 Filius
1102 4260 1192 4313 Dei
1230 4265 1621 4333 primugenitus
1670 4267 1932 4336 interpel-

350 4347 427 4401 lat
458 4364 554 4416 pt'o
587 4349 761 4415 nobis,
800 4366 903 4405 non
933 4355 1084 4421 quasi
1111 4355 1250 4409 Deus
1296 4356 1623 4425 interpellat,
1657 4364 1752 4445 sed
1776 4366 1929 4432 quasi

348 4452 599 4492 summus
628 4440 901 4494 sacerdos.

426 4544 445 4577 ι
483 4526 631 4591 Quos
667 4540 845 4582 autem
875 4532 1301 4599 prmdestiuavit,
1333 4536 1432 4591 hos
1479 4547 1534 4592 et
1588 4545 1803 4597 vocavit
1833 4561 1850 4611 ;
1879 4556 1933 4602 et

348 4633 486 4686 quos
511 4620 743 4684 vocavit,
774 4620 873 4675 hos
905 4633 959 4674 et
980 4625 1299 4691 justiticavit
1330 4645 1345 4693 ;
1379 4646 1515 4698 quos
1545 4646 1726 4688 autem
1775 4638 1933 4707 justi-

348 4711 553 4773 iii-avit,
587 4711 708 4764 illos
739 4722 793 4763 et
830 4714 1211 4783 magniticavit.
1256 4736 1275 4769 ι
1304 4720 1449 4785 Quos
1493 4725 1763 4789 praescivit
1817 4742 1932 4781 cre-

341 4803 581 4869 ilituros,
604 4804 704 4858 bus
729 4810 963 4859 vocavit.
1004 4807 1229 4863 Vocatio
1264 4821 1443 4866 autem
1470 4816 1713 4871 volentes
1774 4804 1932 4872 colli-

342 4897 443 4965 git,
467 4912 571 4950 tton
600 4898 821 4954 invitos.
850 4899 957 4954 Aut
988 4911 1137 4955 certe
1165 4903 1421 4959 discretio
1450 4924 1553 4961 non
1581 4911 1632 4963 in
1654 4912 1927 4979 personis,

346 4992 440 5044 sed
470 4992 521 5043 in
556 4997 796 5058 tempore
827 5004 935 5046 cst.
988 4991 1103 5048 ιιου
1154 4996 1275 5050 ideo
1323 5000 1474 5065 dicit,
1526 5015 1746 5071 prapter
1804 5006 1927 5060 lidei

346 5084 622 5147 inimicos,
689 5102 755 5138 ne
819 5084 1096 5141 fortuitam
1150 5088 1243 5143 Dei
1306 5094 1533 5159 gratiam
1591 5094 1928 5163 iudicarent.

340 5177 490 5248 Ergo
539 5190 800 5233 vocantur
855 5197 949 5250 per
1008 5181 1477 5251 prmilicatinnetu,
1535 5196 1597 5240 ut
1654 5191 1930 5254 credant,

341 5274 634 5323 credentes
665 5269 1031 5335 justiticentur
1060 5288 1156 5342 per
1182 5275 1540 5344 baptismum,
1621 5279 1929 5349 gloriﬁcen-

350 5371 436 5415 tur
465 5364 517 5415 in
550 5364 841 5416 virtutibus
870 5366 1189 5431 gratiarum.

423 5470 443 5504 ι
477 5450 618 5517 Quid
644 5471 773 5523 ergo
803 5457 1046 5512 dicemus
1071 5459 1138 5510 ad
1172 5459 1332 5514 hinc?
1359 5458 1412 5513 Si
1441 5460 1585 5516 Deus
1614 5477 1711 5531 pro
1754 5465 1932 5529 nobis,

346 5545 469 5614 quis
527 5556 714 5600 contra
769 5564 866 5603 nos
899 5547 923 5601 ’ἐ
956 5568 976 5600 ι
1016 5547 1141 5603 Vult
1190 5554 1481 5606 ostendere
1509 5591 1525 5618 ,
1580 5556 1725 5624 quod
1774 5572 1934 5611 nemo

343 5639 519 5705 possit
550 5638 819 5709 impedire
850 5657 965 5706 eos,
998 5645 1113 5712 qui,
1149 5644 1434 5714 diligentes
1469 5646 1662 5714 Deum,
1695 5652 1933 5722 diligun-

345 5738 440 5781 tur
474 5727 656 5797 aDeo,
709 5734 1003 5801 quominus
1052 5736 1302 5806 gloriam,
1334 5752 1454 5808 qua:
1488 5743 1763 5812 promissa
1817 5756 1928 5815 est,

2037 3157 2299 3202 teteriius.
2366 3188 2369 3189 ν

2113 3256 2131 3289 ‹
2163 3237 2295 3304 Quis
2328 3253 2457 3309 ergo
2513 3255 2613 3293 nos
2674 3239 3004 3308 separabita
3049 3240 3314 3295 charllate
3364 3239 3618 3295 Christi?

2035 3330 2341 3394 tribulatio,
2378 3346 2445 3385 an
2472 3331 2749 3401 angustia,
2776 3348 2843 3387 an
2881 3333 3073 3398 fames,
3108 3350 3176 3387 au
3242 3334 3487 3400 auditas,
3552 3351 3617 3390 ait

2035 3423 2356 3488 periculum,
2388 3437 2455 3475 au
2490 3424 2818 3492 persecutio,
2846 3440 2914 3478 an
2959 3424 3217 3495 gladius?
3274 3410 3433 3480 Sicut
3487 3432 3619 3481 scri-

2035 3525 2185 3583 ptum
2239 3525 2342 3569 est.
2384 3534 2402 3566 ι
2438 3514 2569 3569 Post
2624 3527 2772 3572 tanta
2805 3528 2859 3571 et
2916 3519 3176 3587 praeclara
3229 3519 3615 3585 heiieticia,vel

2036 3608 2329 3677 promissa,
2357 3624 2475 3679 qua:
2536 3612 2730 3679 poterit
2760 3619 2866 3664 tam
2918 3613 3102 3678 gravis
3160 3626 3286 3666 esse
3334 3629 3612 3681 pressura,

2034 3719 2157 3773 qua:
2188 3706 2255 3758 ab
2288 3705 2410 3773 ejus
2435 3706 2698 3759 charitate
2728 3704 2992 3759 divellat?
3025 3714 3079 3758 et
3130 3703 3365 3758 dicendo
3425 3718 3616 3759 omnes

2037 3799 2215 3863 docet,
2260 3798 2394 3850 tales
2428 3811 2548 3851 esse
2578 3797 2797 3858 debere,
2829 3797 2920 3864 qui
2951 3814 2982 3849 a
3031 3796 3251 3850 Christo
3309 3812 3411 3852 nec
3474 3798 3615 3867 peri—

1970 3948 1975 3951 η
2038 3887 2174 3940 culis
2204 3887 2437 3941 debeant
2465 3888 2730 3956 separari.
2761 3886 2914 3940 Tunc
2949 3902 3082 3941 vero
3133 3885 3304 3940 Judaei
3368 3888 3617 3941 volebant

2036 3980 2158 4034 illos
2194 3994 2224 4033 a
2253 3980 2475 4034 Christo
2506 3982 2583 4036 ita
2603 3993 2882 4049 separare,
2913 3988 2971 4033 ut
2999 3977 3070 4034 ad
3122 3979 3256 4049 legis
3278 3994 3376 4034 eos
3421 3993 3612 4036 custo-

2037 4070 2181 4124 diam
2212 4082 2556 4125 revocarent.

2113 4180 2132 4214 ι
2167 4162 2302 4227 Quia
2332 4174 2554 4234 propter
2596 4171 2646 4217 te
2690 4161 3085 4217 mortificamur
3146 4170 3259 4217 tota
3294 4161 3403 4218 die.
3448 4180 3468 4215 ι
3495 4160 3611 4218 Non

2034 4269 2260 4324 propter
2285 4255 2501 4323 aliquod
2522 4255 2751 4317 crimen,
2782 4256 2873 4308 sed
2907 4265 3125 4321 propter
3150 4263 3221 4322 te,
3264 4258 3356 4327 qui
3388 4255 3565 4312 dixisti
3586 4273 3612 4314 ;

2035 4346 2188 4402 Beati
2212 4348 2361 4402 eritis
2396 4363 2513 4401 cum
2536 4356 2911 4418 persequentur
2941 4362 3052 4412 vos,
3086 4358 3140 4401 et
3181 4357 3376 4403 caetera
3399 4349 3611 4418 (Manli.

1963 4436 2234 4508 Dv,ll).

2072 4564 2077 4570 ~
2111 4552 2130 4584 ι
2166 4532 2442 4587 λΕειίιηιιιὶ
2465 4547 2654 4589 sumus
2680 4533 2819 4588 sicut
2854 4545 2986 4587 oves
3006 4532 3317 4587 occisionis.
3361 4551 3380 4584 ο
3422 4531 3529 4586 Hoc
3553 4532 3613 4584 iu

2035 4625 2191 4680 nobis
2250 4625 2575 4679 Christianis
2636 4626 2870 4678 maxime
2940 4626 3219 4694 impletur,
3253 4628 3448 4693 quibus
3498 4638 3614 4676 non

2035 4724 2161 4777 licet
2193 4725 2550 4793 nosmetipsos
2584 4720 2875 4777 defendere
2908 4738 2924 4777 :
2961 4720 3056 4775 sed
3104 4721 3353 4789 exemplo
3400 4719 3613 4773 Domini

2034 4822 2086 4868 et
2116 4814 2384 4884 magistri,
2412 4814 2505 4882 qui
2534 4814 2680 4869 sicut
2700 4815 2816 4868 ovis
2848 4815 2914 4866 ad
2951 4812 3224 4867 victimam
3282 4813 3471 4867 ductus
3496 4818 3609 4875 est,

2037 4906 2225 4959 omnia
2258 4905 2405 4958 illata
2438 4904 2836 4974 patientissime
2861 4905 3121 4959 tolerare.

2114 5016 2131 5048 i
2170 4996 2275 5051 Sed
2307 4997 2358 5051 in
2394 4996 2480 5052 his
2512 4997 2766 5052 omnibus
2806 5011 3153 5065 superamus,
3190 5005 3409 5066 propter
3462 5007 3613 5058 eum,

2043 5091 2135 5159 qui
2165 5091 2358 5145 dilexit
2392 5106 2511 5145 nos.
2543 5109 2564 5143 ι
2601 5089 2709 5144 llas
2738 5105 2929 5145 omnes
2968 5090 3345 5145 tribulatioues
3387 5102 3478 5157 pro
3520 5087 3613 5139 ni-

2036 5185 2150 5238 hilo
2204 5184 2475 5246 ducimus,
2526 5195 2744 5254 prepter
2794 5199 2945 5245 eum,
2984 5183 3078 5253 qui
3134 5198 3233 5238 nos
3268 5194 3466 5236 tantum
3524 5181 3623 5232 dio

2040 5276 2198 5342 lexit,
2234 5287 2296 5330 ut
2330 5277 2495 5330 etiam
2528 5287 2833 5331 moreretur
2860 5291 2962 5346 pro
2992 5276 3169 5329 nobis.
3192 5274 3483 5344 thuando
3503 5283 3619 5341 pro

2040 5372 2159 5437 ejus
2186 5372 2410 5425 nomine
2440 5376 2728 5435 morimur,
2766 5382 2895 5425 tunc
2916 5373 3152 5424 maxime
3182 5370 3566 5437 triumphamus
3590 5376 3614 5416 :

2034 5466 2336 5532 prsesertim
2367 5479 2487 5518 cum
2527 5463 2644 5519 leve
2680 5465 2751 5518 sit
2780 5479 2878 5533 pro
2912 5477 2973 5517 se
2999 5463 3137 5533 pati,
3164 5463 3310 5532 quod
3355 5473 3445 5529 pro
3482 5453 3613 5510 aliis

2037 5559 2286 5612 Christus
2318 5558 2581 5611 Dominus
2614 5557 2725 5626 pati
2761 5556 3017 5625 dignatus
3051 5565 3156 5611 est.

2114 5671 2130 5702 i
2166 5651 2362 5707 Certus
2394 5665 2512 5706 sum
2566 5652 2735 5715 enim,
2791 5650 2919 5720 quia
2974 5664 3149 5719 neque
3207 5662 3372 5711 mors,
3423 5651 3607 5708 neque

2039 5748 2173 5814 vita,
2201 5761 2388 5817 neque
2418 5745 2623 5816 angeli,
2652 5761 2823 5816 neque
2842 5744 3209 5815 principatus,
3242 5754 3410 5812 neque
3432 5737 3605 5791 virtu-
