3946 6206
271 265 380 329 713

262 389 363 445 tes,
393 392 566 449 neque
598 381 878 448 instantia,
903 395 1074 451 neque
1105 381 1305 448 futura,
1337 399 1514 456 neque
1545 385 1834 452 fortitudo,

259 485 438 541 neque
489 471 752 539 altitudo,
819 491 992 544 neque
1047 475 1411 545 profundum.
1446 498 1465 530 ι
1520 479 1625 535 Pro
1690 491 1838 536 certo

260 563 496 628 confido,
532 565 660 632 quia
698 579 799 618 nec
831 567 874 619 si
929 566 1061 620 mihi
1123 568 1247 636 quis
1283 579 1526 644 mortem,
1577 569 1834 637 minetur,

261 671 363 707 nec
387 655 431 708 si
461 659 624 708 vitam
661 657 961 723 promittat,
998 672 1098 713 nec
1130 659 1176 714 si
1226 673 1286 713 se
1310 660 1557 729 angelum
1621 662 1768 716 dicat
1809 677 1838 716 a

265 745 490 799 Domino
539 746 896 813 destinatum,
932 763 1032 803 nec
1092 749 1136 804 si
1168 763 1228 804 se
1261 751 1576 821 angelorum
1635 754 1839 820 princi-

265 853 385 908 pem
421 839 734 905 mentiatur,
771 855 871 894 nec
915 841 958 896 si
988 842 1039 895 in
1093 844 1350 906 praesenti
1416 844 1676 898 honorem
1713 860 1842 900 con-

264 913 424 995 ferat:
491 947 666 1000 neque
713 934 758 988 si
821 935 1146 1004 polliceatur
1204 937 1434 1006 gloriam
1494 938 1838 1006 futurorum,

265 1038 441 1092 neque
469 1025 512 1077 si
545 1027 772 1080 virtutes
801 1037 1078 1095 operetur,
1110 1043 1206 1083 nec
1240 1031 1285 1083 si
1321 1031 1516 1084 caelum
1541 1035 1840 1101 promittat,

261 1125 318 1169 et
359 1117 574 1171 inferno
641 1117 936 1183 deterreat,
977 1121 1060 1173 vel
1115 1120 1538 1189 profunditatem
1599 1122 1844 1178 scientiae

260 1208 493 1261 suadere
542 1218 790 1272 conetur,
846 1225 1090 1280 unquam
1148 1225 1244 1266 nos
1304 1213 1501 1282 poterit
1554 1227 1586 1266 a
1637 1213 1841 1270 Christi

261 1313 556 1353 secernere
585 1299 872 1353 charitate.

341 1427 359 1461 ι
394 1408 578 1476 Neque
627 1419 879 1463 creatura
934 1409 1039 1464 alia
1101 1412 1302 1480 poterit
1372 1425 1470 1467 nos
1522 1425 1778 1482 separare
1813 1427 1843 1466 a

261 1500 531 1552 charitate
559 1497 671 1553 Dei.
705 1517 725 1550 υ
753 1497 980 1553 Omnem
1001 1514 1135 1568 pene
1161 1511 1468 1556 creaturam
1496 1503 1800 1557 nominavit
1828 1521 1842 1557 :

259 1601 318 1644 et
346 1607 450 1646 IZ‘OII
479 1592 579 1645 fuit
603 1593 685 1646 his
703 1604 1013 1660 contentus,
1067 1593 1175 1647 nisi
1219 1593 1511 1658 addiderit,
1547 1603 1605 1648 ut
1633 1594 1846 1649 etiamsi

261 1684 333 1740 sit
368 1685 472 1738 alia
507 1696 777 1750 creatura,
809 1700 908 1740 nec
937 1686 1051 1755 ipsa
1079 1685 1257 1740 valeat
1286 1700 1563 1755 separare.

341 1817 362 1849 s
401 1799 533 1865 Quae
589 1808 675 1853 est
727 1798 780 1852 in
833 1797 1056 1854 Christo
1111 1797 1239 1854 Jesu
1299 1799 1530 1856 Domino
1576 1813 1784 1858 nostro.
1820 1819 1840 1853 ι
1876 1781 1922 1841 Β

263 1889 435 1944 Deum
479 1893 653 1961 diligit
683 1891 736 1946 in
795 1892 1032 1959 Christo,
1083 1895 1251 1964 ‘cujus
1323 1896 1543 1952 dilectio
1595 1898 1847 1952 consistit

265 1984 317 2035 in
349 1985 594 2037 custodia
647 1984 1052 2050 mandatorum,
1085 1988 1227 2041 sicut
1257 1996 1311 2042 et
1342 1988 1459 2058 ipse
1511 1989 1588 2041 ait
1618 2005 1632 2044 :
1665 1987 1728 2042 Si
1760 1989 1844 2041 di-
1887 2038 1890 2040 γ

264 2075 429 2144 ligitis
485 2092 583 2139 me,
612 2079 865 2130 mandata
922 2094 1036 2131 mea
1099 2091 1308 2133 servate
1367 2079 1557 2149 (Joan.
1591 2095 1700 2147 λιν,
1735 2080 1840 2148 l5).

265 2166 377 2222 Nec
412 2183 516 2221 non
548 2169 906 2224 imitationem
937 2171 1138 2226 amoris
1167 2173 1249 2226 sui
1291 2173 1346 2226 in
1375 2172 1614 2226 fraterna
1659 2174 1842 2228 chari-

265 2266 377 2312 tate
410 2261 712 2327 constituit,
750 2263 975 2316 dicetis:
1011 2262 1080 2316 In
1103 2264 1198 2316 hoc
1223 2273 1538 2334 cognoscent
1587 2266 1842 2330 homines,

265 2351 392 2418 quia
427 2351 523 2402 mei
551 2352 796 2420 discipuli
826 2354 967 2419 estis,
993 2355 1039 2407 si
1066 2355 1361 2408 dilexeritis
1391 2356 1607 2408 invicem
1668 2355 1842 2425 (Joan.

269 2456 391 2503 xttt,
423 2440 533 2510 55).
565 2440 630 2494 Et
650 2441 886 2498 Joannes
939 2447 1012 2498 ait
1045 2463 1058 2503 :
1097 2445 1155 2499 Si
1202 2447 1441 2515 fratrem,
1482 2462 1634 2516 quem
1685 2448 1847 2512 rides,

269 2549 376 2585 non
404 2533 581 2604 diligis
600 2548 619 2587 :
645 2533 810 2587 Deum
829 2552 979 2601 quem
1007 2552 1107 2590 non
1131 2537 1295 2601 vides,
1314 2537 1569 2607 quomodo
1583 2546 1729 2608 potes
1764 2539 1847 2590 di-

270 2623 432 2693 ligere
459 2625 511 2695 (I
540 2625 698 2684 Joan.
726 2643 799 2695 tv,
830 2629 918 2696 20)
955 2629 979 2681 ?

871 2789 1106 2846 CAPUT
1141 2791 1233 2848 IX.

346 2933 366 2968 ι
403 2914 700 2973 Veritatem
734 2920 855 2976 dico
887 2924 939 2976 in
971 2923 1191 2982 Christo
1218 2924 1347 2983 Jesu
1384 2945 1396 2982 :
1432 2941 1541 2984 non
1589 2931 1846 2999 mentior,

268 3011 636 3066 testimonium
674 3013 800 3067 mihi
850 3017 1167 3085 perhibente
1222 3021 1552 3077 conscientia
1611 3037 1727 3077 mea
1790 3025 1846 3078 in

265 3103 470 3172 Spir.tu
504 3116 737 3161 sancto:
779 3111 1035 3175 quoniam
1070 3111 1288 3165 tristitia
1315 3113 1452 3167 mihi
1493 3129 1684 3185 magna
1735 3124 1839 3181 est,
1867 3121 1911 3180 ε
1945 3103 2199 3196 Abram,
2234 3150 2423 3190 omnes
2461 3138 2578 3192 ﬁni,
2616 3158 2635 3191 ι
2682 3140 2739 3195 εξ
2800 3103 2907 3199 ηοῖι
2946 3103 3156 3215 οωξιοε,

265 3205 320 3248 et
346 3197 639 3252 continuus
672 3198 824 3252 dolor
881 3201 1032 3254 cordi
1093 3217 1234 3258 meo.
1277 3222 1296 3254 ι
1371 3205 1570 3259 Contra
1623 3205 1841 3262 JtltltPOS

262 3293 512 3350 acturus,
545 3289 774 3356 primum
808 3290 914 3344 iliis
944 3292 1231 3360 satisfacit,
1275 3310 1379 3348 non
1413 3311 1473 3349 se
1503 3297 1613 3349 odii
1673 3313 1838 3352 causa

262 3370 371 3425 hoc
413 3373 615 3437 dicere,
642 3377 737 3429 sed
773 3380 976 3434 amoris
1013 3395 1030 3436 ε
1061 3395 1125 3434 eo
1149 3383 1294 3452 quod
1351 3384 1533 3438 doleat
1560 3384 1678 3439 illos
1732 3402 1840 3440 non

260 3465 488 3519 credere
515 3465 816 3534 Christum,
852 3471 917 3525 ad
941 3487 1078 3542 quos
1115 3474 1346 3543 primum
1401 3477 1692 3531 salvandos
1747 3479 1842 3531 ad-

257 3572 508 3615 venerat.
537 3563 691 3631 Quod
722 3575 902 3621 autem
954 3568 1110 3635 dicit,
1161 3585 1221 3625 se
1263 3571 1336 3624 ‘in
1395 3570 1614 3627 Christo
1658 3575 1841 3628 dicere

258 3654 575 3723 veritatem,
627 3659 863 3712 ostendit
900 3661 1166 3716 hominem
1195 3665 1526 3734 baptizatum
1556 3683 1570 3719 :
1601 3667 1692 3735 qui
1747 3681 1843 3737 per

259 3749 812 3804 communicationem
845 3758 1093 3822 corporis
1122 3765 1176 3810 et
1207 3759 1490 3826 sanguinis
1524 3757 1732 3814 Christi
1785 3759 1838 3813 in

261 3840 382 3904 ipso
403 3851 611 3906 manet,
642 3853 696 3897 et
723 3843 837 3911 ipse
869 3845 920 3898 in
951 3846 1045 3899 illo
1074 3861 1091 3900 :
1123 3848 1386 3916 quidquid
1450 3851 1535 3904 vel
1566 3848 1717 3914 facit,
1757 3850 1840 3902 vel

257 3928 505 3997 loquitur
531 3931 583 3982 in
610 3931 850 3998 Christo,
879 3950 1003 3988 eutu
1031 3936 1177 4007 loqui
1231 3941 1316 3993 vel
1355 3954 1538 4008 agere,
1571 3943 1726 4008 cujus
1759 3946 1842 3993 est

261 4020 611 4076 membrum:
646 4031 698 4074 et
730 4023 991 4092 quidquid
1035 4027 1082 4079 ei
1118 4028 1324 4082 illatum
1382 4030 1594 4098 injuriae
1649 4029 1838 4090 fuerit,

257 4109 477 4167 Christo
497 4114 744 4170 similiter
766 4118 1016 4188 irrogari.
1051 4117 1188 4174 Nam
1225 4123 1369 4193 quod
1399 4125 1497 4190 ait,
1557 4126 1844 4178 conscien-

262 4203 391 4255 tiam
422 4205 526 4256 sibi
560 4204 612 4258 in
643 4207 746 4260 hac
763 4221 916 4277 parte
941 4212 1309 4267 testimonium
1331 4217 1619 4285 perhibere
1650 4234 1664 4270 :
1690 4217 1839 4270 illum

259 4292 422 4346 docet
452 4297 735 4352 veritatem
768 4301 970 4364 dicere,
1007 4301 1165 4370 cujus
1192 4308 1585 4362 conscientiam
1643 4307 1696 4360 in
1725 4323 1843 4362 om-

260 4384 424 4438 nibus
451 4393 762 4442 attestatur.
797 4389 907 4445 Nec
945 4408 1067 4446 eum
1115 4397 1384 4451 mendacii
1419 4413 1598 4462 reum,
1625 4400 1838 4453 interna

260 4480 612 4533 accusatione
651 4483 963 4538 constituit.
992 4485 1124 4540 Item
1182 4489 1476 4556 Apostolus
1499 4505 1557 4544 se
1624 4492 1836 4546 tristem
1875 4460 1917 4516 θ

260 4568 390 4621 dicit
424 4571 577 4624 Valde
609 4587 708 4640 pro
751 4575 1014 4632 fratribus
1066 4582 1184 4636 suis
1239 4584 1546 4636 secundum
1589 4598 1835 4652 carnem,

259 4662 351 4729 qui
381 4661 513 4716 dicit
546 4665 750 4720 nullum
793 4685 890 4723 nos
915 4685 1173 4738 separare
1206 4688 1237 4726 a
1265 4675 1534 4730 charitate
1579 4674 1787 4732 Christi
1819 4696 1834 4736 :

258 4753 440 4808 sciens
465 4771 524 4810 se
569 4762 785 4826 qumdo
845 4777 1163 4831 persecutor
1216 4776 1355 4835 erat,
1388 4776 1443 4823 et
1499 4773 1721 4838 optabat
1778 4785 1838 4827 se

261 4849 551 4900 anathema
605 4865 728 4904 esse
761 4867 793 4903 a
839 4853 1080 4920 Christo,
1125 4867 1378 4911 vocatum
1410 4875 1440 4912 a
1495 4858 1715 4916 Christo
1745 4877 1838 4917 se-

257 4942 494 4994 cundum
511 4945 633 5010 ejus
661 4946 1087 5003 misericordiam
1115 4963 1197 5006 :et
1229 4954 1441 5008 volebat
1462 4970 1558 5010 eos
1587 4957 1834 5021 credere,

257 5040 311 5085 et
343 5037 588 5088 eamdem
627 5039 1055 5095 misericordiam
1089 5048 1413 5113 promereri.

331 5165 352 5198 ι
393 5147 654 5218 Optabam
707 5153 850 5206 enim
907 5171 1006 5225 ego
1061 5156 1177 5227 ipse
1256 5161 1546 5217 anathema
1633 5180 1758 5221 esse
1803 5183 1834 5220 a

252 5239 473 5296 Christo
505 5258 604 5312 pro
634 5245 896 5303 fratribus
926 5251 1082 5314 meis,
1128 5252 1219 5320 qui
1270 5265 1396 5309 sunt
1445 5258 1665 5328 cognati
1726 5261 1831 5315 mei

250 5338 549 5388 secundum
613 5352 873 5393 carnem.
907 5359 926 5391 ι
985 5343 1253 5411 Optabam
1310 5347 1650 5414 aliquando,
1707 5365 1831 5404 cum

251 5436 612 5501 persequerer
638 5427 938 5496 Christum,
995 5449 1101 5486 non
1151 5436 1313 5490 modo
1367 5449 1614 5506 Optarent
1647 5457 1660 5494 :
1693 5443 1831 5498 scie-

250 5517 376 5568 bam
407 5519 549 5585 quod
574 5520 813 5590 ipsorum
837 5539 1017 5580 essent
1047 5530 1161 5585 hac
1181 5533 1384 5586 omnia.
1409 5533 1516 5589 Sed
1537 5543 1827 5607 postquam

249 5613 480 5680 cognovi
518 5616 826 5681 veritatem,
873 5621 1135 5692 dereliqui
1168 5640 1285 5689 eos,
1328 5643 1466 5693 quos
1518 5631 1696 5687 taliter
1741 5633 1826 5689 di-

248 5700 504 5771 ligebant,
540 5717 596 5760 et
623 5708 728 5776 ipsi
759 5715 996 5766 nondum
1029 5726 1440 5774 convertuntur.

569 5805 842 5868 PATROL.
888 5809 1079 5873 XXX.

1303 271 1716 333 EXPOSITIO
1753 273 1835 334 IN
1878 272 2112 338 EPIST.
2158 275 2259 336 AD
2304 276 2489 338 ROM.

3413 285 3520 347 7M

2018 406 2036 439 ι
2061 387 2163 454 Qui
2186 399 2307 444 sunt
2328 389 2608 453 Israelita,
2630 403 2861 460 quorum
2881 390 3102 462 adoptio
3123 403 3205 450 est
3228 393 3480 455 filiorum.
3497 420 3516 452 ι

1947 476 2022 532 De
2049 479 2182 548 ipsis
2231 479 2377 533 enim
2425 480 2676 535 dicebat:
2709 480 2880 535 Filius
2937 499 3082 539 meus
3139 486 3521 558 primogenitus

1956 569 2118 625 Israel
2147 569 2345 640 (Exod.
2377 589 2452 639 tv,
2478 574 2598 642 Ἡ).

2023 679 2042 712 t
2084 660 2150 715 Et
2177 663 2371 733 gloria,
2407 671 2463 719 et
2495 674 2902 734 testamentum,
2934 676 2989 724 et
3035 668 3321 740 legislatio.
3362 689 3382 726 ι
3418 672 3525 730 Ve-

1945 752 2078 807 teris
2111 753 2264 820 latio,
2300 764 2354 809 et
2383 756 2503 811 novi
2538 757 2848 825 promissio.

2022 862 2040 895 ‹
2079 844 2146 899 Ει
2184 847 2502 916 obsequium
2540 858 2595 903 et
2643 850 2932 918 promissa.
2971 869 2991 904 ι
3029 851 3144 910 Hoc
3197 864 3282 911 est
3327 864 3526 925 myste-

1947 935 2085 990 rium
2110 939 2421 1006 angelorum
2461 939 2542 994 vel
2567 941 2979 1010 prophetarum.

2023 1043 2041 1078 ι
2083 1027 2321 1092 Quorum
2349 1043 2552 1100 patres.
2584 1050 2604 1084 ο
2637 1033 2934 1100 Abraham,
2965 1034 3115 1092 I~aac
3143 1047 3198 1093 et
3229 1037 3420 1094 Iacob.

2024 1135 2042 1168 ι
2083 1118 2162 1172 Ex
2196 1121 2393 1187 quibus
2445 1131 2528 1177 est
2581 1123 2836 1180 Christus
2892 1127 3206 1184 secundum
3259 1147 3525 1188 carnem:

1948 1208 2038 1275 qui
2068 1219 2152 1262 est
2185 1225 2352 1278 super
2389 1213 2568 1266 omnia
2621 1213 2768 1268 Deus
2828 1215 3148 1272 benedictus
3208 1219 3260 1272 iu
3304 1222 3526 1285 saecula,

1947 1285 2142 1353 Amen.
2177 1300 2412 1355 sContra
2445 1302 2820 1373 Manichaeum,
2841 1304 3158 1376 Photinum,
3189 1318 3244 1364 et
3291 1311 3482 1364 Arium
3509 1327 3526 1366 :

1948 1389 2078 1459 quia
2105 1401 2159 1445 et
2188 1407 2254 1446 ex
2279 1391 2478 1448 ειυιιωίε
2505 1405 2589 1450 est
2644 1397 2944 1452 secundum
2999 1414 3244 1468 carnem,
3276 1411 3331 1456 et
3387 1403 3527 1459 Deus

1949 1481 2272 1538 benedictus
2324 1485 2379 1539 in
2434 1489 2627 1542 sascula
2666 1490 2850 1546 :sicut
2911 1502 2967 1547 et
3026 1491 3268 1551 Thomas
3316 1499 3538 1564 adorat,‘

1949 1583 2004 1626 et
2051 1575 2224 1631 dicit;
2261 1575 2401 1632 Deus
2434 1596 2600 1646 meus,
2648 1581 2792 1638 Deus
2821 1601 2962 1640 meus
3018 1585 3199 1656 (Joan.
3255 1604 3344 1656 xx,
3411 1591 3529 1660 28).

1951 1665 2106 1731 Quod
2162 1668 2254 1723 ille
2306 1674 2617 1739 confirmat,
2675 1673 2916 1732 dicens:
2952 1677 3098 1746 Quia
3155 1682 3354 1746 vidisti,
3415 1683 3532 1737 ideo

1951 1759 2222 1814 credidisti
2252 1761 2300 1832 (Ι
2310 1763 2417 1821 bid.
2443 1763 2560 1834 29).

2026 1869 2047 1904 ι
2083 1852 2197 1908 Non
2227 1865 2432 1922 autem,
2457 1857 2603 1938 quod
2635 1860 2904 1918 exciderit
2933 1864 3158 1920 verbum
3193 1865 3341 1922 Dei.»
3380 1868 3533 1926 Licet

1950 1939 2245 2009 Apostolus
2285 1943 2463 1998 deleat
2510 1943 2729 2003 Iudaeos
2762 1951 3037 2008 excidisse
3072 1969 3101 2006 a
3151 1959 3532 2024 promissionis

1948 2034 2146 2100 gratia,
2178 2037 2413 2091 ostendit
2433 2049 2612 2093 tatncn
2645 2057 2753 2096 non
2771 2043 2930 2099 inane
2952 2045 3124 2103 fuisse
3143 2053 3365 2105 verbmu
3393 2053 3488 2109 Dei
3515 2072 3529 2108 :

1952 2133 2008 2179 et
2044 2125 2128 2180 his
2165 2129 2432 2196 promissa
2463 2130 2672 2199 deberi,
2709 2150 2814 2189 non
2849 2137 2943 2207 qui
2976 2143 3272 2196 secundum
3299 2159 3528 2202 carnem

1950 2229 2017 2271 ex
2076 2217 2376 2287 Abraham,
2414 2222 2567 2278 Isaac
2599 2235 2653 2280 et
2705 2225 2870 2283 Israel
2909 2232 3025 2286 nati
3085 2245 3258 2309 sunt:
3295 2238 3388 2292 sed
3435 2242 3530 2309 qui

1949 2317 2233 2363 servantes
2289 2312 2448 2366 fidem
2511 2316 2976 2386 patriarcharum,
3022 2323 3090 2378 de
3131 2303 3375 2394 quorum
3445 2344 3532 2383 se-

1952 2398 2098 2453 mine
2132 2409 2414 2467 putantur.
2446 2402 2577 2459 ltein
2619 2408 2743 2476 quia
2779 2415 3035 2482 superius
3077 2417 3286 2472 dixerat
3345 2419 3530 2476 dolere

1951 2502 2028 2555 se,
2062 2491 2206 2560 quod
2234 2507 2403 2563 genus
2427 2495 2590 2551 Israel
2618 2501 2837 2570 prOprio
2879 2504 3014 2558 vitio
3066 2510 3449 2566 excluderetur
3497 2529 3530 2568 a

1953 2594 2141 2649 regno,
2179 2597 2408 2651 quorum
2467 2587 2582 2642 haec
2619 2593 2801 2645 omnia
2851 2590 3091 2650 fuerunt.
3130 2597 3232 2654 llic
3291 2602 3531 2657 ostendit

1954 2672 2092 2732 illos.
2125 2674 2217 2744 qui
2251 2691 2356 2731 non
2396 2680 2646 2749 credunt,
2674 2698 2782 2738 non
2814 2699 2935 2740 esse
2977 2687 3117 2744 filios
3159 2692 3410 2760 Abrahae,
3461 2713 3530 2751 ne

1951 2763 2205 2819 omnibus
2236 2765 2437 2824 Judazis
2485 2771 2838 2841 pt‘tejudicare
2873 2788 3178 2847 putaretur,
3211 2791 3264 2837 et
3320 2786 3527 2856 obiice-

1954 2866 2102 2910 retur
2131 2858 2179 2911 ei
2208 2877 2224 2914 :
2253 2859 2504 2932 Nunquid
2551 2865 2692 2921 Deus
2727 2871 2985 2925 mentitus
3018 2884 3104 2928 est
3133 2875 3413 2934 Abrahae?

2030 2965 2050 2999 ι
2091 2948 2207 3004 Non
2239 2953 2386 3007 enim
2445 2971 2656 3026 omnes,
2687 2961 2780 3029 qui
2803 2978 2870 3016 ex
2919 2965 3343 3027 circumcisione
3403 2984 3531 3028 sunt

1953 3035 2142 3107 Israel,
2177 3042 2230 3096 hi
2267 3054 2392 3097 sunt
2437 3045 2692 3103 Israelita:
2727 3068 2741 3104 :
2781 3067 2958 3121 neque
3015 3058 3108 3126 qui
3164 3074 3352 3115 semen
3403 3075 3534 3118 sunt

3195 3147 3372 3207 tamen
3429 3155 3532 3208 ali—

1944 3227 2154 3294 quanti.
2175 3224 2240 3279 Et
2267 3228 2313 3283 si
2340 3244 2447 3284 non
2478 3247 2666 3289 omnes
2699 3234 2977 3304 Israelita,
3008 3240 3174 3298 Israel
3203 3258 3369 3313 sunt;
3402 3257 3536 3304 sunt

1943 3331 2072 3386 ergo
2101 3333 2167 3372 ex
2192 3323 2443 3388 gentibus
2471 3325 2752 3395 aliquanti,
2788 3330 2840 3385 iu
2887 3334 3082 3402 quibus
3103 3352 3210 3393 non
3242 3349 3325 3394 est
3351 3342 3528 3400 dolus.

2024 3428 2042 3460 ι
2079 3410 2185 3466 Sed
2222 3418 2275 3468 in
2309 3415 2461 3472 Isaac
2508 3424 2792 3478 vocabitur
2833 3427 2928 3481 tibi
2988 3444 3200 3486 semen.
3237 3450 3260 3486 ι
3319 3433 3379 3489 ιιι
3411 3437 3530 3491 solo

1945 3499 2098 3557 Isaac
2129 3508 2304 3563 vocati
2368 3521 2495 3566 sunt
2550 3517 2712 3568 etiam
2787 3527 2918 3574 tunc
2963 3520 3058 3576 filii
3113 3524 3384 3584 Abrahae:
3418 3544 3529 3585 non

1945 3595 2108 3648 etiam
2144 3599 2196 3650 in
2227 3598 2442 3670 lsmael,
2477 3619 2597 3658 cum
2671 3617 2726 3662 ct
2761 3609 2876 3678 ipse
2917 3614 3149 3685 exejus
3205 3619 3378 3690 stirpe
3436 3621 3532 3678 de-

1947 3692 2258 3750 scenderet.
2280 3693 2412 3751 Item
2440 3711 2626 3755 semen
2665 3701 2810 3760 Isaac
2839 3722 2946 3763 non
2975 3710 3085 3777 isti,
3112 3715 3202 3782 qui
3225 3724 3527 3772 secundum

1947 3799 2166 3839 carnem
2199 3790 2308 3842 nali
2336 3801 2488 3856 sunt,
2523 3795 2618 3847 sed
2649 3795 2726 3857 hi,
2769 3799 2861 3865 qui
2913 3803 3216 3858 secundum
3272 3809 3526 3877 spiritum

1947 3884 2094 3941 sunt,
2151 3876 2252 3932 hoc
2301 3889 2404 3946 est,
2461 3885 2759 3940 secundum
2801 3888 2960 3943 fidem
3009 3891 3188 3952 Isaac.
3214 3876 3318 3962 Qui
3381 3901 3526 3955 enim

1950 3965 2095 4032 talis,
2124 3967 2287 4037 hujus
2321 3973 2612 4038 promissio
2650 3988 2751 4044 est,
2787 3989 2842 4032 et
2875 3980 3098 4051 adoptio
3137 3989 3394 4046 filiorum.
3417 3993 3530 4046 Ila-

1948 4056 2113 4111 hebat
2141 4062 2284 4114 enim
2311 4063 2735 4134 primogenitum
2785 4069 2951 4139 Esau,
2979 4084 3034 4130 et
3073 4091 3186 4132 non
3221 4089 3304 4134 est
3336 4099 3368 4136 ει
3418 4083 3530 4140 Deo

1946 4150 2200 4220 dilectus,
2238 4157 2338 4210 nisi
2371 4155 2559 4214 Israel.

2023 4262 2043 4296 t
2083 4244 2138 4300 ld
2171 4258 2274 4313 est,
2316 4264 2423 4305 non
2449 4252 2544 4322 qui
2573 4253 2668 4311 lilii
2711 4261 2917 4328 carnis,
2953 4263 3006 4319 lii
3036 4265 3132 4321 ﬁlii
3169 4266 3284 4334 Dei,
3308 4271 3402 4325 sed
3431 4273 3525 4342 qui

1949 4336 2045 4392 lilii
2101 4351 2230 4394 sunt
2283 4345 2676 4411 promissionis
2705 4353 3048 4412 aestimantur
3105 4359 3159 4414 in
3213 4364 3459 4419 semine.
3502 4385 3522 4418 s

1948 4432 2308 4493 Ismaelenim
2340 4443 2636 4494 secundum
2684 4447 2956 4503 carnalem
3017 4467 3171 4507 usum
3228 4465 3388 4514 natus
3449 4471 3531 4515 est

1947 4541 2014 4581 ex
2052 4530 2245 4586 ancilla
2282 4533 2483 4592 :lsaac
2543 4553 2671 4593 vero
2699 4557 2866 4613 super
2912 4558 3161 4604 naturam
3199 4555 3267 4608 de
3305 4558 3529 4610 senibus

1947 4633 2013 4672 ex
2044 4625 2469 4689 repromissione
2499 4628 2593 4685 Dei
2627 4643 2708 4688 est
2730 4651 3039 4703 generatus.
3073 4640 3146 4696 Ita
3195 4660 3344 4702 nunc
3365 4647 3528 4702 Chri-

1947 4712 2156 4769 stianos
2186 4721 2474 4785 promissio
2498 4722 2631 4780 facit
2659 4728 2799 4784 filios
2825 4730 3084 4798 Abrahae,
3120 4751 3281 4806 quam
3327 4741 3530 4796 meruit

1947 4803 2106 4872 fides,
2135 4817 2191 4860 ut
2210 4810 2420 4866 scilicet
2449 4826 2604 4882 pater
2632 4821 2703 4872 sit
2737 4826 2976 4888 gentium
3001 4803 3382 4894 plurimarum.

2021 4897 2445 4960 «Promissionis
2474 4910 2620 4962 enim
2650 4916 2877 4969 verbum
2909 4919 3010 4973 hoc
3033 4932 3168 4974 est.»
3211 4921 3311 4976 llic
3336 4934 3524 4978 osten-

1943 4988 2022 5043 dit
2061 4995 2416 5059 posteriorcm
2478 5002 2756 5072 populum,
2820 5024 2969 5064 more
3037 5013 3208 5078 Isaac,
3253 5029 3376 5069 esse
3427 5033 3515 5071 re~

1939 5096 2340 5150 promissionis.

2021 5193 2042 5227 ί
2079 5177 2386 5236 Secundum
2427 5184 2530 5239 hoc
2561 5194 2773 5259 tempus
2822 5195 3058 5260 veniam,
3089 5206 3145 5250 et
3202 5199 3310 5252 erit
3363 5202 3513 5260 Sara:

1942 5268 2104 5327 filius.
2149 5293 2169 5326 ›
2200 5277 2502 5348 Antequam
2553 5290 2962 5343 nasceremini:
3023 5293 3131 5345 imo
3192 5295 3512 5366 priusquam

1939 5362 2211 5433 Rebecca,
2236 5369 2379 5426 Esau
2404 5383 2458 5428 et
2503 5375 2671 5433 Iacob
2711 5396 2774 5436 ex
2807 5392 2959 5437 utero
3001 5399 3103 5439 suo
3156 5362 3423 5454 funderet,
3460 5393 3514 5444 in

1933 5453 2107 5512 Jacob
2141 5463 2304 5518 dilexi
2334 5481 2453 5521 vos.
2483 5467 2543 5522 In
2604 5471 2747 5526 Esau
2803 5474 3098 5530 ldutnanim
3151 5480 3272 5532 odio
3331 5453 3517 5539 habui.

1935 5551 2112 5617 Quem
2138 5554 2313 5610 locum
2340 5558 2542 5617 Paulus
2570 5567 2857 5631 apostolus
2882 5569 3108 5637 mystica
3142 5571 3514 5638 disputatione

1934 5646 2261 5714 eventilaus,
2295 5654 2562 5722 scripturn
2602 5669 2707 5723 est,
2737 5662 2801 5714 ad
2828 5661 3105 5718 Ilomanos
3135 5679 3148 5722 :
3173 5667 3279 5718 duo
3308 5667 3515 5736 pariter

1939 5738 2249 5795 testimonia
2293 5745 2356 5799 de
2391 5745 2586 5807 Genesi
2638 5755 3018 5827 Malachiaqtte
3069 5760 3372 5827 conjungit.
3401 5760 3508 5814 Sed

3170 5857 3242 5912 23
