3934 6200
419 246 482 312 7i
493 247 528 308 5

1325 244 1391 306 S.
1432 239 1873 304 HIERONYUI
1910 238 2234 301 OPERUM
2273 236 2687 301 MANTISSA.

3535 241 3618 307 716

417 371 474 418 et
509 351 756 418 Rebecca
787 361 853 416 de
886 351 992 416 uno
1017 356 1308 414 concubitu
1337 358 1545 412 habens
1579 359 1726 412 Isaac
1782 365 1990 426 patrem
2020 367 2072 426 Α
2095 352 2306 409 Deum?
2335 354 2510 409 Absit.
2551 373 2569 406 ι
2613 354 2840 421 Timuit,
2897 369 2966 411 ne
3017 353 3159 424 quod
3212 354 3327 423 ipse
3385 368 3628 427 propterea

416 460 688 508 nostrum.
727 451 859 506 Nam
900 466 1020 507 cum
1063 451 1302 506 nondum
1351 451 1460 505 nati
1497 457 1701 515 essent,
1743 460 1834 504 aut
1893 449 1993 504 ati-

416 546 544 615 quid
576 547 817 614 egissent
868 543 1018 607 boni,
1057 542 1140 596 vel
1207 542 1356 607 mali,
1417 550 1475 594 ut
1522 541 1818 596 secundum
1885 543 1996 597 ele-

300 640 308 646 '
347 671 362 700 χ
416 638 648 692 ctionem
679 635 1012 705 propositum
1048 633 1141 689 Dei
1180 643 1444 700 maneret,
1469 651 1576 689 non
1612 650 1679 690 ex
1717 638 1994 704 operibus,

419 729 516 783 sed
547 743 612 783 ex
639 729 925 782 vocatione
950 725 1152 782 dictum
1186 737 1270 780 est
1308 729 1356 781 ei
1392 745 1407 782 :
1447 725 1636 795 t'_.Quia
1676 729 1850 798 major
1881 743 1996 783 ser-

419 821 556 874 viret
583 820 826 887 minori;
887 819 1049 874 Sicut
1111 819 1371 889 scriptum
1411 827 1535 873 est:
1572 817 1741 876 Jacob
1789 821 1992 888 dilexi;

421 908 566 962 Esau
599 917 779 962 autem
818 907 944 964 odio
974 907 1165 964 habui.
1209 925 1228 958 ι
1269 906 1383 962 Hoc
1415 908 1559 962 enim
1592 911 1734 978 quod
1759 910 1992 966 dicitur:

420 1000 578 1055 Sicut
609 999 869 1069 scriptum
907 1007 1012 1064 est,
1062 1008 1117 1055 et
1155 1000 1220 1054 ad
1249 999 1522 1055 Ccneseos
1568 1001 1788 1068 librum,
1819 1012 1874 1057 et
1925 1005 1995 1057 ad

414 1073 735 1162 prophetam
822 1091 1139 1146 Malachiam
1191 1091 1429 1147 refertur
1484 1091 1639 1162 (Gen.
1689 1108 1816 1160 xxv,
1874 1092 1991 1157 25;

417 1183 653 1237 Matarh.
689 1198 729 1248 ι,
770 1183 848 1253 2).
880 1181 943 1238 Et
971 1198 1078 1238 non
1107 1183 1280 1238 solum
1313 1185 1389 1238 ait
1422 1200 1437 1238 z
1471 1183 1638 1239 Jacob
1671 1185 1855 1251 dilexi,
1898 1200 1995 1240 ans

417 1283 967 1342 tequamnaseeretur
999 1283 1088 1329 :et
1109 1273 1234 1328 odio
1267 1273 1429 1328 habui
1483 1274 1648 1341 Esau,
1673 1276 1993 1344 priusquam

413 1378 479 1418 ex
511 1365 698 1418 matris
733 1373 886 1420 utero
913 1364 1249 1432 funderetur,
1276 1365 1370 1420 sed
1401 1366 1454 1418 in
1490 1373 1751 1434 [posteros
1807 1382 1992 1422 eorum

413 1470 656 1509 antorem
710 1470 890 1510 meum
945 1465 1001 1510 et
1064 1457 1244 1510 odium
1294 1458 1632 1510 conservavi.
1688 1454 1883 1511 Odium
1937 1457 1992 1512 in

421 1547 586 1615 Esau,
623 1549 780 1619 cujus
814 1557 1046 1613 montes,
1079 1549 1169 1617 qui
1215 1548 1554 1618 appellantur
1612 1546 1753 1616 Seir,
1809 1549 1991 1620 redegi

411 1639 467 1695 in
495 1639 867 1705 solitudinem,
903 1648 960 1694 et
1009 1640 1170 1695 urbes
1218 1639 1323 1695 feci
1378 1653 1498 1696 esse
1546 1639 1814 1710 desertas,
1846 1653 1901 1698 et
1957 1657 1986 1696 a

411 1733 760 1802 serpentibus
790 1747 853 1787 ac
881 1733 1068 1789 bestiis
1102 1735 1359 1790 obtineri.

492 1844 511 1878 ι
547 1824 666 1880 Non
698 1827 876 1881 solum
904 1835 1082 1880 autem
1116 1826 1229 1893 illa,
1289 1827 1381 1882 sed
1414 1837 1468 1884 et
1509 1825 1785 1884 Rebecca.
1825 1847 1843 1880 ι
1873 1827 1988 1884 Non

325 1946 330 1952 ~
411 1917 584 1972 solum
621 1925 799 1972 autem
828 1917 1020 1972 lsmael
1061 1916 1290 1974 etlsaac
1318 1936 1332 1973 :
1357 1921 1448 1990 qui
1481 1922 1727 1991 quamvis
1761 1936 1827 1976 ex
1885 1935 1992 1976 uno

417 2009 635 2076 quidem
675 2020 855 2078 patre,
889 2009 1105 2064 diversa
1141 2022 1317 2065 tamen
1349 2022 1518 2066 matre
1539 2020 1665 2068 sunt
1698 2013 1942 2084 generati
1973 2029 1988 2080 ;

413 2117 522 2156 non
560 2110 685 2156 sunt
728 2117 896 2155 unum
926 2105 1068 2174 apud
1100 2103 1290 2168 Deum,
1328 2105 1420 2160 sed
1484 2106 1649 2159 etiam
1715 2103 1883 2160 Jacob
1937 2115 1989 2160 et

361 2215 366 2224 ί
407 2195 548 2250 Esau
577 2211 591 2248 :
627 2195 718 2264 qui
755 2209 819 2248 ex
848 2209 952 2248 uno
970 2205 1110 2263 _sunt
1139 2195 1202 2250 de
1233 2193 1478 2250 Rebecca
1525 2197 1634 2250 nati
1667 2198 1983 2262 concubitu,

409 2297 698 2359 antequam
728 2297 1082 2341 nascerentur
1111 2287 1233 2342 [idei
1267 2297 1394 2340 sunt
1425 2290 1564 2357 apud
1587 2288 1755 2341 Deum
1797 2289 1991 2342 merito

409 2382 643 2451 separati
671 2396 688 2434 ε
722 2389 782 2434 ιιι
809 2381 1146 2450 propositum
1179 2379 1271 2434 Dei
1307 2381 1372 2435 de
1398 2381 1663 2450 eligendis
1724 2382 1881 2436 bonis
1936 2389 1990 2434 et

408 2475 706 2530 refutandis
766 2473 922 2528 malis
953 2512 968 2537 ,
1001 2474 1163 2527 etiam
1200 2475 1252 2526 in
1285 2475 1553 2543 praesenti
1611 2481 1870 2528 maneret.
1911 2470 1990 2526 La

408 2572 620 2635 ergoet
684 2579 847 2629 nunc,
879 2577 1014 2632 quos
1074 2565 1354 2632 praescivit
1396 2566 1462 2618 de
1512 2563 1764 2632 gentibus
1820 2563 1993 2618 credi-

409 2667 585 2723 turos,
615 2657 778 2726 elcgit
803 2671 817 2710 :
847 2667 901 2710 et
926 2671 991 2711 ex
1037 2655 1204 2710 Israel
1247 2657 1436 2726 rejecit
1473 2657 1806 2711 incredulos.

489 2767 507 2801 ι
538 2750 616 2803 Ex
646 2764 753 2802 uno
787 2749 1087 2804 concubitu
1121 2749 1326 2803 habens
1353 2747 1502 2802 lsaac
1529 2751 1699 2818 patris
1735 2749 1928 2803 nostri.
1965 2766 1983 2800 ι

407 2839 538 2907 Qua:
564 2842 759 2911 legitur
798 2841 977 2909 primo
1029 2841 1271 2909 geminos
1323 2840 1560 2893 edidisse
1590 2856 1606 2894 :
1637 2847 1691 2892 et
1723 2854 1807 2906 eo,
1835 2839 1989 2908 quasi

407 2950 606 2989 novum
639 2934 844 3004 aliquid
871 2933 1190 2999 accesserit,
1225 2932 1512 3000 perterrita
1541 2931 1711 2988 Deum
1748 2933 1985 2988 interro-

407 3032 514 3095 gat.
545 3075 566 3090 ,

2103 444 2342 508 dixerat,
2384 452 2444 498 ut
2478 445 2733 512 probaret
2764 441 2908 512 apud
2940 445 3106 498 Deum
3129 444 3525 513 prterogativant
3555 461 3630 516 ge-

2101 537 2248 590 neris
2273 535 2346 588 nil
2378 534 2598 590 valere:
2631 537 2750 590 sive
2778 536 2893 604 jam
2925 545 3052 590 tunc
3093 536 3454 604 significatum
3483 548 3631 604 poste-

2099 625 2300 679 riorem
2341 627 2604 696 populum
2664 626 2940 680 meliorem
3006 625 3274 692 futurum,
3331 642 3436 681 non
3472 628 3634 685 intelli-

2099 727 2308 787 gentes,
2375 725 2630 786 putarent
2689 733 2814 772 eum
2871 718 3074 783 dicere,
3135 720 3277 787 quod
3339 719 3472 774 alius
3519 720 3637 778 Deut

2099 807 2268 863 bonos
2321 809 2549 876 faceret,
2606 811 2742 864 alios
2794 811 2964 865 malos
3009 830 3024 867 :
3073 813 3376 867 secundum
3439 813 3637 882 ipsorum

2099 903 2447 966 sententiam,
2481 903 2626 971 quod
2659 914 2778 958 erat
2811 904 3120 972 iniquorum
3175 905 3390 972 punire,
3429 907 3510 973 qui
3555 921 3640 961 non

2098 1006 2194 1046 sua
2261 1003 2456 1062 sponte
2509 1003 2795 1065 peccasset
2829 1011 2844 1048 :
2876 996 3129 1065 proponit
3180 995 3286 1050 sibi
3342 1012 3407 1050 cx
3449 999 3640 1053 adverso

2101 1085 2430 1152 testimonia,
2487 1087 2687 1155 quibus
2741 1087 2846 1157 ipsi
2909 1088 3011 1142 hoc
3071 1087 3344 1142 amrtnare
3407 1089 3641 1144 solebant.

2095 1173 2305 1240 Quibus
2339 1181 2604 1249 exemplis
2657 1194 2760 1250 per
2801 1182 2995 1236 breves
3053 1181 3424 1251 subjectiones
3457 1197 3644 1251 respon-

2097 1266 2208 1331 det,
2243 1272 2542 1342 ostendeus
2579 1271 2651 1326 ita
2678 1272 2906 1341 intelligi
2949 1287 3058 1327 non
3091 1287 3272 1343 posse.
3303 1273 3502 1344 «Moysi
3527 1275 3644 1328 enim

2097 1359 2252 1424 dixit,
2283 1361 2580 1416 Miserebor
2629 1364 2713 1418 cui
2767 1364 3022 1419 misertus
3069 1379 3214 1428 sum,
3265 1374 3320 1420 et
3361 1366 3645 1419 misericor-

2097 1449 2239 1504 diam
2277 1454 2571 1521 praestabo.
2611 1471 2632 1506 ι
2665 1453 2786 1510 Hoc
2817 1467 2964 1511 recto
3009 1470 3169 1510 sensu
3199 1454 3274 1510 ita
3311 1456 3644 1525 intelligitur:

2097 1543 2245 1598 illius
2273 1546 2600 1611 miserebor,
2643 1562 2802 1616 quem
2861 1548 3107 1618 przeseivi
3163 1562 3327 1618 posse
3364 1550 3648 1603 misericor-

2096 1635 2241 1691 diam
2300 1638 2620 1706 promereri,
2684 1647 2746 1695 ut
2797 1639 2912 1708 jam
2964 1648 3093 1696 tunc
3142 1642 3286 1696 illius
3332 1639 3439 1695 sim
3487 1641 3649 1696 miser-

2013 1745 2056 1801 Β
2087 1738 2197 1782 tus.

2169 1838 2186 1872 t
2233 1819 2330 1876 Cui
2363 1822 2680 1878 miserebor.
2719 1842 2735 1874 ι
2783 1822 3104 1878 Ecoutrario
3150 1820 3326 1880 Judaei
3359 1837 3534 1878 sermo
3555 1838 3644 1878 eat.

2094 1911 2264 1983 Igitur
2287 1929 2390 1967 non
2417 1915 2670 1979 volentis,
2700 1931 2873 1985 neque
2902 1917 3196 1970 currentis.
3228 1915 3294 1970 Et
3321 1917 3512 1970 iterum
3534 1930 3645 1986 ergo

2075 2004 2247 2073 cujus
2279 2007 2389 2060 vult
2432 2007 2718 2062 miseretur
2751 2017 2845 2063 :et
2888 2023 3048 2078 quem
3092 2009 3226 2072 vult,
3283 2009 3518 2064 indurat.
3550 2009 3646 2063 Non

2092 2098 2236 2152 enim
2273 2098 2564 2168 Apostolus
2618 2100 2779 2166 tollit,
2828 2102 2973 2170 quod
3020 2102 3073 2156 in
3129 2103 3344 2172 propria
3400 2103 3649 2157 voluntate

2094 2188 2375 2254 habemus,
2412 2191 2500 2259 qui
2535 2192 2784 2260 superius
2835 2191 2969 2248 dicit
3008 2211 3022 2248 :
3064 2193 3312 2265 Ignoras,
3351 2197 3478 2265 quia
3510 2195 3646 2248 boni-
3713 2251 3717 2254 _

2095 2289 2174 2333 tas
2206 2281 2301 2335 Dei
2337 2291 2385 2336 te
2416 2283 2484 2334 ad
2514 2286 2886 2353 paenitentiam
2914 2288 3132 2340 adducit
3168 2287 3340 2358 (Rom.
3379 2304 3440 2354 It,
3477 2286 3527 2360 4)
3550 2288 3650 2343 iEt

2094 2373 2290 2428 iterum
2317 2373 2601 2446 Timotheo
2649 2379 2882 2434 scribit:
2928 2377 2995 2432 In
3038 2396 3226 2450 magna
3290 2389 3468 2434 autem
3512 2381 3646 2434 domo

2093 2480 2195 2518 non
2218 2465 2386 2519 solum
2416 2479 2536 2521 sunt
2571 2485 2700 2522 vasa
2732 2487 2896 2524 aurea
2921 2481 2968 2524 et
2995 2482 3269 2542 argentea,
3298 2474 3389 2526 sed
3414 2486 3459 2527 et
3495 2475 3646 2544 lignea

2093 2565 2143 2609 et
2175 2557 2386 2623 ﬁctilia.
2418 2560 2484 2612 Et
2515 2562 2754 2630 qua'dam
2802 2563 3009 2632 quidem
3042 2565 3094 2617 in
3127 2565 3398 2631 honorem,
3423 2566 3647 2636 quietiam

2091 2652 2145 2704 in
2175 2651 2566 2708 contumeliam;
2617 2652 2679 2709 Si
2728 2659 2845 2722 quis
2913 2666 3086 2710 autem
3134 2660 3467 2714 mandaverit
3512 2677 3563 2714 se
3594 2660 3650 2712 ab

2090 2742 2196 2809 Itis,
2259 2745 2357 2796 erit
2413 2761 2504 2798 vas
2545 2746 2600 2798 iu
2659 2751 2907 2800 honorem
2949 2751 3344 2818 sanctiﬁcatum
3411 2751 3495 2822 (11
3526 2751 3650 2804 Tim.

2092 2848 2152 2900 ιι,
2184 2833 2276 2901 eo,
2318 2835 2446 2907 et).-

2169 2943 2189 2977 r
2233 2927 2403 2996 lgitur
2440 2943 2548 2983 non
2577 2929 2815 2985 volentis
2842 2947 3018 3002 neque
3053 2937 3343 3000 currentis,
3377 2936 3471 2991 sed
3501 2935 3651 2990 mise-

2093 3018 2266 3074 rentis
2294 3029 2376 3074 est
2405 3022 2520 3076 Dei.
2565 3039 2584 3074 ι
2621 3021 2731 3076 lloc
2775 3022 2892 3079 loco
2937 3024 3137 3079 Paulus
3192 3028 3469 3096 apostolus
3495 3043 3655 3097 usque

483 3134 502 3169 ι
537 3113 672 3169 Cum
701 3114 844 3170 enim
879 3115 1117 3168 nondum
1173 3115 1314 3184 nati,
1348 3114 1601 3182 fuissent,
1640 3125 1734 3170 aut
1772 3114 1980 3185 aliquid
2005 3096 2056 3156 θ
2089 3109 2156 3164 ad
2181 3111 2333 3166 illum
2366 3111 2541 3167 locum
2578 3131 2593 3170 :
2632 3114 2773 3180 Quid
2826 3118 2968 3171 enim
3027 3117 3202 3172 adhuc
3257 3121 3546 3188 queritur?
3575 3096 3655 3174 vo-

405 3209 538 3262 boni
571 3207 832 3276 egissent,
864 3215 957 3257 aut
997 3203 1124 3257 mali
1160 3220 1175 3259 :
1213 3213 1271 3258 ut
1329 3207 1630 3259 secundum
1659 3205 1982 3260 electionem

407 3298 739 3367 propositum
775 3294 865 3347 Dei
898 3306 1160 3348 maneret.
1201 3311 1218 3345 ι
1251 3293 1379 3348 Sive
1405 3305 1461 3349 ut
1487 3295 1589 3348 hoc
1621 3294 1982 3366 significaret,

406 3390 552 3459 quod
583 3387 742 3442 modo
776 3385 941 3438 etiam
977 3385 1044 3441 de
1073 3385 1326 3456 geminis,
1361 3387 1456 3456 qui
1489 3400 1595 3441 non
1646 3385 1850 3449 credit,
1888 3383 1984 3438 ab-

403 3483 642 3552 jicietur.

483 3595 503 3626 ι
537 3573 656 3629 Non
681 3589 748 3629 ex
787 3572 1066 3646 operibus,
1099 3570 1191 3626 sed
1240 3585 1306 3624 ex
1355 3568 1639 3624 vocatione
1667 3569 1870 3623 dictum
1901 3577 1984 3622 est

405 3666 478 3721 ei.
517 3683 536 3717 ι
575 3663 920 3720 Praescientia
975 3663 1066 3717 Dei
1099 3677 1205 3715 non
1271 3659 1587 3730 praejudicat
1644 3667 1980 3726 peccatores,

408 3757 452 3810 si
486 3756 728 3810 converti
758 3753 1047 3813 voluerint.
1069 3751 1211 3804 Dicit
1242 3751 1386 3804 enim
1451 3764 1549 3818 per
1591 3747 1936 3804 Ezechielem
1962 3765 1976 3801 :

405 3846 466 3903 Si
500 3847 680 3902 dixero
703 3846 986 3916 peccatori,
1016 3843 1184 3898 Morte
1234 3842 1473 3895 morieris
1503 3856 1521 3893 .'
1545 3849 1593 3893 et
1627 3839 1713 3893 itte
1763 3854 1978 3894 conver-

404 3958 494 3996 sus
545 3941 802 4006 iustitiam
853 3939 1055 4008 fecerit,
1099 3939 1208 3991 vita
1271 3937 1420 4000 viret,
1454 3943 1503 3989 et
1565 3950 1669 3988 non
1725 3935 1980 3986 morietur

405 4033 620 4106 (ffaeclt.
649 4047 842 4096 xxxtu,
887 4030 972 4093 M,
1007 4030 1117 4100 15).

480 4142 499 4175 ι
565 4123 701 4188 Quia
749 4121 920 4190 major
978 4122 1180 4175 serviet
1239 4121 1483 4175 minori.
1525 4120 1640 4175 »ιη
1701 4118 1977 4176 Geneseos

403 4216 542 4268 libro
593 4214 795 4268 dictum
847 4221 971 4267 est:
1005 4213 1134 4266 Duae
1167 4221 1375 4282 gentes,
1431 4223 1486 4267 et
1524 4215 1630 4268 duo
1685 4213 1866 4283 populi
1918 4213 1974 4267 in

403 4315 559 4359 utero
584 4313 695 4369 tuo,
728 4313 786 4358 et
804 4303 1033 4374 papulus
1063 4305 1319 4374 populum
1363 4306 1667 4374 superabit,
1699 4315 1754 4359 et
1805 4303 1974 4374 major

401 4396 603 4450 serviet
629 4397 849 4451 minori.
884 4395 1024 4467 Ergo
1047 4397 1328 4468 prophetia
1361 4412 1463 4450 non
1505 4398 1571 4449 de
1621 4397 1706 4451 his
1739 4408 1839 4464 εει,
1875 4397 1970 4467 qui
1999 4463 2004 4470 ι

401 4490 697 4544 secundum
725 4505 947 4545 carnem
988 4500 1117 4546 sunt
1145 4490 1330 4545 Jacobi
1361 4501 1416 4544 et
1439 4489 1604 4555 Esau,
1658 4490 1754 4544 sed
1786 4492 1851 4545 de
1887 4491 1973 4545 bis

399 4582 492 4650 qui
519 4569 687 4636 l'uturi
710 4594 860 4637 erant
894 4599 958 4636 ex
999 4585 1254 4652 operibus
1285 4583 1432 4651 _boni
1476 4594 1540 4636 .et
1595 4583 1720 4636 mali
1755 4597 1771 4638 :
1810 4593 1862 4638 et
1908 4597 1976 4637 ex

398 4673 534 4742 ipsis
563 4675 844 4740 operibus,
869 4686 961 4729 aut
987 4676 1172 4730 odium
1225 4675 1319 4729 Dei
1370 4677 1590 4741 habere,
1621 4686 1715 4730 aut
1758 4676 1972 4731 miseri-

401 4766 643 4822 cordiam
675 4769 792 4838 ejus
819 4769 1106 4838 consequi.

477 4877 496 4912 ι
538 4860 692 4914 Sicut
721 4862 982 4931 scriptum
1025 4873 1152 4928 est,.
1177 4861 1346 4918 Jacob
1386 4863 1569 4928 dilexi,
1607 4863 1744 4918 Esau
1791 4871 1972 4918 autem

397 4951 525 5006 odio
559 4953 746 5008 habui.
787 4972 806 5006 ι
843 4952 957 5009 Hoc
987 4966 1194 5021 autem,
1225 4957 1367 5023 quod
1417 4958 1632 5020 dicitur,
1660 4958 1800 5012 sicut
1838 4957 1974 5011 scri-

399 5051 552 5112 ptum
591 5056 695 5107 est,
733 5057 786 5100 et
808 5047 873 5100 ad
905 5045 1181 5103 Geneseos
1207 5048 1427 5114 librum,
1459 5058 1514 5103 et
1553 5051 1616 5103 ad
1650 5049 1971 5119 prophetam

397 5136 711 5191 Malachiam
749 5141 1002 5205 pertinet.
1034 5139 1091 5192 In
1114 5140 1387 5196 Geneseos
1420 5141 1556 5197 libro
1578 5143 1644 5196 ad
1668 5141 1971 5197 Rebeccam

394 5228 594 5282 dicitur
623 5246 638 5284 :
673 5229 806 5284 Duae
833 5242 1010 5299 gentes
1041 5243 1090 5286 et
1118 5235 1222 5286 duo
1239 5235 1418 5303 populi
1442 5237 1495 5287 in
1526 5244 1674 5288 utero
1699 5248 1787 5288 tuo
1809 5235 1966 5306 (Gen.

392 5333 522 5385 xxv,
554 5320 669 5387 25).
703 5321 858 5378 Unde
892 5324 1032 5379 bene
1071 5327 1308 5380 ostendit
1366 5327 1684 5394 Apostolus,
1739 5327 1968 5396 prornis-

391 5413 578 5467 siones
606 5427 716 5467 non
745 5430 866 5470 esse
893 5432 1102 5480 eorum,
1149 5419 1239 5487 qui
1268 5420 1564 5473 secundum
1617 5435 1836 5473 carnem
1870 5421 1962 5473 titii

391 5506 794 5573 suntAbrahte,
828 5512 922 5576 sed
955 5526 1142 5565 eorum
1169 5513 1260 5580 qui
1290 5514 1446 5567 tidem
1479 5521 1694 5581 patrum
1744 5523 1966 5568 servant

391 5605 558 5666 atque
591 5600 924 5654 custodiunt.

469 5703 491 5736 ι
536 5686 673 5752 Quid
717 5704 847 5758 ergo
899 5691 1181 5752 dicemus?
1235 5695 1491 5771 Nunquid
1536 5699 1795 5770 iniquitas
1820 5701 1962 5770 apud

2089 3201 2286 3258 luntati
2314 3206 2458 3259 enim
2491 3206 2611 3276 ejus
2641 3209 2762 3278 quis
2799 3211 3056 3264 resistere
3095 3213 3337 3280 poterit?
3369 3229 3652 3282 personam

2088 3295 2154 3350 de
2187 3299 2464 3352 contrario
2527 3303 2777 3367 assumit,
2831 3305 3102 3359 venientis
3155 3314 3210 3359 et
3262 3306 3517 3372 dicentis,
3557 3324 3653 3362 non

2087 3401 2210 3442 esse
2236 3389 2288 3443 in
2323 3390 2502 3454 nobis,
2535 3402 2628 3446 aut
2675 3403 2849 3459 recte,
2891 3405 2982 3448 aut
3014 3395 3212 3450 malmn
3247 3412 3428 3468 agere,
3469 3400 3564 3453 sed
3601 3399 3654 3452 in

2087 3477 2180 3533 Dei
2217 3481 2443 3536 arbitrio
2480 3485 2832 3538 constitutum
2865 3501 2878 3540 :
2907 3486 2997 3554 qui
3045 3488 3204 3557 cujus
3261 3490 3374 3544 vult
3434 3492 3654 3545 misere-

2086 3580 2197 3634 tur,
2233 3582 2287 3626 et
2316 3589 2477 3642 quem
2519 3577 2634 3631 vult
2696 3578 2938 3632 indurat.
3003 3579 3176 3634 Homo
3228 3593 3279 3635 tu
3326 3583 3448 3652 quis
3479 3601 3538 3638 es
3566 3585 3655 3652 qui

2085 3664 2432 3719 contradicas
2468 3664 2618 3722 Deo?
2651 3665 2908 3738 Nunquid
2959 3671 3087 3724 dicit
3114 3671 3424 3742 ﬁgmentum
3467 3677 3539 3742 ei,
3570 3677 3654 3746 qui

2085 3768 2144 3809 se
2178 3755 2354 3821 finxit,
2383 3757 2520 3824 Quid
2551 3776 2638 3815 me
2678 3759 2857 3816 fecisti
2892 3763 3008 3818 sic?
3033 3761 3189 3820 Nunc
3211 3767 3505 3833 Apostolus
3526 3784 3653 3824 con-

2085 3848 2439 3905 tradicentem
2488 3853 2591 3908 sibi
2638 3857 2890 3925 superius
2921 3855 3186 3927 increpat,
3224 3862 3519 3916 ostendens
3559 3863 3657 3916 hoc

2083 3939 2278 4010 ipsum,
2342 3943 2489 4012 quod
2548 3945 2728 4002 dicit:
2796 3965 2814 3999 ι
2851 3949 3019 4019 Cujus
3076 3950 3190 4005 vult
3241 3953 3550 4020 miseretur,
3601 3963 3654 4008 et

2081 4044 2242 4099 quem
2272 4033 2386 4086 vult
2411 4035 2630 4089 indurat
2655 4052 2732 4124 ᾗ»
2770 4047 2825 4093 et
2869 4040 2996 4108 quid
3030 4041 3208 4096 adhuc
3237 4045 3522 4112 queritur?
3555 4045 3657 4100 Vo-

2079 4120 2274 4178 luntati
2303 4127 2451 4179 enim
2503 4128 2621 4196 ejus
2659 4120 2801 4198 ’quis
2851 4132 3106 4188 resistere
3167 4135 3506 4204 poteritiEx
3553 4140 3655 4191 hoc

2079 4215 2242 4284 igitur
2276 4217 2614 4275 demonstrat
2649 4236 2774 4277 eum
2800 4237 2917 4280 esse
2939 4227 3152 4296 praprii
3175 4229 3391 4285 arbitrii
3451 4231 3536 4284 vel
3569 4247 3662 4284 vo-

2078 4310 2326 4378 luntatis,
2357 4316 2500 4384 quod
2541 4317 2584 4370 si
2621 4327 2672 4370 ut
2723 4317 2822 4385 ipsi
2863 4323 3175 4374 econtrario
3225 4325 3445 4379 veniens
3467 4325 3654 4378 dicit:

2079 4401 2246 4471 Cujus
2275 4405 2388 4457 vult
2441 4407 2729 4462 miseretur
2764 4409 2926 4477 Deus,
2964 4423 3016 4464 et
3060 4428 3220 4482 quem
3257 4417 3369 4470 vult
3397 4416 3660 4470 indurat:

2081 4499 2216 4554 nihil
2250 4500 2450 4568 ditl‘ert,
2483 4507 2624 4574 quod
2662 4506 2858 4576 ﬁgulus
2886 4503 3080 4564 tractat
3125 4513 3177 4565 in
3214 4515 3472 4578 manibus,
3502 4514 3657 4584 quod

2081 4589 2319 4660 ﬁngendi
2362 4609 2426 4648 ex
2460 4612 2520 4651 se
2547 4613 2640 4650 vas
2671 4597 2868 4666 aliquid
2917 4602 3293 4658 contradicere
3323 4621 3424 4660 non
3447 4615 3660 4675 potest,

2077 4682 2206 4751 quid
2230 4698 2294 4737 ex
2328 4699 2394 4740 eo
2451 4687 2562 4740 Vttit
2619 4687 2864 4757 cﬂieere;
2924 4690 3016 4746 hic
3069 4705 3249 4748 autem
3278 4695 3332 4751 in
3367 4701 3504 4751 eoin
3538 4713 3656 4766 quo

2071 4775 2426 4845 contradicit,
2458 4784 2710 4849 queritur
2742 4784 2807 4834 de
2835 4782 2925 4835 [)ei
2973 4785 3270 4848 voluntate,
3300 4788 3528 4842 ostendit
3575 4786 3651 4840 ii-

2077 4865 2194 4920 beri
2229 4882 2352 4923 esse
2416 4871 2665 4939 arbitrii;
2726 4875 2818 4942 qui
2875 4875 3041 4929 audet
3091 4879 3157 4930 de
3199 4876 3295 4931 Dei
3326 4880 3519 4948 judicio
3555 4895 3651 4934 re-

2077 4971 2333 5020 tractare.
2366 4965 2496 5021 ltent
2531 4969 2577 5023 si
2608 4985 2713 5024 non
2759 4981 2842 5024 est
2887 4972 3123 5026 volentis
3156 4989 3335 5046 neque
3359 4975 3654 5040 currentis,

2077 5065 2133 5106 ut
2167 5056 2387 5124 quidam
2421 5070 2634 5127 putant,
2676 5077 2846 5130 quare
2887 5063 3002 5130 ipse
3029 5064 3218 5130 currit,
3246 5067 3426 5122 dicens
3453 5083 3465 5118 :
3494 5066 3655 5120 Cetr-

2075 5162 2188 5200 sum
2221 5155 2576 5205 consummavi
2609 5152 2698 5221 (II
2753 5152 2888 5209 Tim.
2951 5172 3008 5218 tt,
3041 5158 3122 5229 4).
3154 5155 3223 5211 Et
3252 5159 3402 5223 alios,
3429 5165 3478 5212 ut
3509 5173 3658 5212 cur-

2073 5250 2282 5306 rerent,
2333 5242 2656 5312 adhortatus
2711 5257 2812 5307 est,
2865 5249 3055 5303 dicens
3111 5265 3125 5301 :
3180 5247 3270 5305 Sic
3313 5252 3512 5313 currite,
3589 5259 3654 5302 ut

2073 5348 2247 5388 omnes
2281 5315 2734 5403 eamme/tendatis
2774 5339 2821 5410 (Ι
2859 5339 2982 5393 Cor.
3019 5357 3095 5405 tx,
3127 5341 3245 5412 24).
3277 5342 3418 5397 Unde
3441 5341 3654 5396 intelli-

2071 5426 2235 5494 gitur,
2266 5428 2388 5495 quia
2414 5428 2498 5482 hic
2532 5416 2916 5500 interrogantis
2969 5447 3099 5487 voce
3147 5437 3334 5502 utitur,
3366 5445 3416 5489 et
3442 5433 3644 5487 redar-

2071 5519 2282 5586 guentis
2306 5520 2486 5587 potius
2509 5538 2669 5590 quam
2711 5527 2976 5595 negantis.

2148 5628 2165 5660 ι
2210 5610 2351 5666 Dicit
2391 5619 2532 5668 enim
2588 5615 2867 5688 Scriptura
2919 5621 3187 5680 Pharaoni
3225 5642 3238 5678 :
3275 5623 3400 5692 Quia
3439 5622 3480 5675 in
3517 5618 3644 5672 hoc

2070 5703 2246 5774 ipsum
2275 5709 2447 5765 excita
2460 5709 2508 5766 vi
2533 5721 2603 5782 te,
2629 5724 2685 5769 ut
2716 5717 2991 5772 nStendam
3014 5719 3066 5774 in
3090 5730 3140 5776 te
3164 5721 3402 5776 virtutem
3428 5725 3643 5780 meam.

3851 2371 3853 2436 t

3851 2739 3853 2828 1

3851 2933 3853 3018 l
