3946 6206
305 320 412 383 717

1305 315 1714 376 EXPOSITlO
1757 316 1840 378 IN
1883 317 2128 379 EPIST.
2173 319 2274 378 AD
2317 317 2507 379 ROM.

3447 305 3558 375 713

306 441 362 487 et
393 437 456 486 ut
481 425 838 484 annuntietur
866 439 1060 481 nomen
1087 437 1271 480 meum
1311 425 1365 479 in
1398 426 1648 482 universa
1675 437 1875 483 terra.»
1913 436 1958 491 Α
1985 429 2168 487 facere
2199 431 2495 501 potentiam
2540 443 2716 484 suam.
2747 444 2765 478 ι
2802 426 2940 492 Quia
2986 424 3139 479 illum
3172 424 3261 479 ditt
3300 425 3558 480 sustinuit

306 520 423 576 Hoc
459 528 515 574 et
542 517 618 572 illi
653 516 793 571 male
824 524 1154 586 proponunt.
1192 514 1298 570 Sed
1332 516 1426 571 hic
1467 517 1620 574 locus
1665 519 1880 574 duobus

307 611 482 667 modis
509 627 540 663 a
573 608 805 664 diversis
830 608 1118 678 exponitur
1149 596 1163 663 ὲ
1191 609 1308 664 sive
1329 610 1471 680 quod
1503 611 1882 680 unusquisque

308 703 527 758 modum
568 710 624 756 et
669 699 832 754 ﬁnem
901 709 1250 769 peccatorum
1308 715 1535 756 suorum
1579 700 1786 769 implet,
1823 709 1881 755 ut

307 799 630 867 puniantur,
663 792 805 848 sicut
838 790 1136 847 Sodomita
1169 801 1227 847 et
1259 790 1587 847 Amorrhari.
1622 789 1721 844 Hic
1755 805 1884 862 ergo

305 888 416 957 jam
471 885 690 940 modum
740 892 1071 950 excesserat,
1124 893 1182 938 et
1235 884 1443 940 idcirco
1500 883 1670 938 voluit
1717 883 1878 948 Deus,

307 979 465 1049 quasi
491 981 556 1034 de
581 978 690 1048 jam
727 977 970 1046 perituro
1027 976 1149 1032 aliis
1187 977 1499 1046 providere,
1547 986 1606 1031 ut
1652 976 1882 1046 populus

307 1074 425 1143 ejus
447 1077 768 1141 agnosceret
801 1069 1073 1140 justitiam
1119 1068 1292 1138 ipsius
1355 1079 1521 1137 atque
1565 1069 1820 1122 virtutem
1863 1083 1880 1121 :

309 1178 369 1223 ut
405 1181 508 1222 nec
551 1173 865 1236 peccarent,
899 1178 998 1218 nec
1021 1177 1147 1218 suos
1173 1161 1516 1218 adversarios
1541 1171 1880 1216 vererentur.

307 1261 440 1316 Tale
469 1267 554 1314 est
584 1259 684 1312 hoc
717 1256 860 1326 quod
900 1257 952 1310 in
1003 1254 1287 1310 Pharaone
1328 1264 1543 1323 gestum
1574 1263 1677 1318 est,
1724 1252 1885 1322 quale

307 1355 353 1408 si
384 1353 627 1408 medicus
656 1351 724 1406 de
753 1350 1000 1404 cruciatu
1043 1347 1152 1417 jam
1179 1346 1416 1400 damnati
1444 1345 1543 1412 rei,
1583 1345 1766 1399 multis
1802 1344 1886 1398 in-

307 1445 491 1498 veniat
534 1443 843 1505 sanitatem,
903 1451 1100 1492 causas
1157 1435 1483 1506 inquirendo
1542 1435 1882 1491 morborum.

307 1535 402 1591 Vel
435 1536 482 1588 si
509 1533 697 1604 iudex,
725 1547 847 1586 cum
879 1529 1052 1600 possit
1080 1529 1435 1585 criminosum
1461 1527 1644 1583 statim
1669 1525 1882 1596 punire,

307 1629 377 1683 ad
406 1627 649 1683 omnium
703 1625 952 1679 timorem
1006 1622 1237 1678 diversis
1275 1622 1452 1691 pinnis
1487 1619 1710 1674 aﬁiciat.
1749 1617 1910 1673 Sive‘

304 1722 403 1777 Dei
434 1718 692 1791 patientia
741 1716 1026 1772 induratus
1073 1722 1178 1769 est.
1243 1713 1502 1768 Cessante
1550 1712 1695 1766 enim
1725 1711 1880 1780 plaga

307 1815 427 1880 Dei,
454 1811 642 1867 durior
667 1808 848 1874 ﬁebat,
877 1817 933 1861 et
977 1803 1228 1876 quamvis
1258 1811 1422 1859 sciret
1456 1819 1578 1860 eum
1615 1817 1725 1858 non
1755 1816 1886 1856 con-
1919 1817 1960 1872 Β

307 1905 476 1972 verti,
529 1915 707 1960 tamen
733 1901 896 1956 etiam
925 1901 979 1954 in
1011 1899 1128 1969 ipso
1157 1912 1314 1953 suam
1341 1897 1686 1954 clementiam
1714 1895 1888 1952 voluit

309 1999 712 2055 demonstrare.

385 2109 404 2142 ι
448 2088 588 2158 Ergo
615 2086 770 2157 cujus
815 2083 954 2152 vult,
999 2083 1314 2145 miseretur,
1359 2090 1412 2137 et
1439 2095 1599 2152 quem
1639 2081 1774 2148 vult,
1810 2081 1890 2134 itt-

308 2183 493 2237 durat.
529 2198 547 2230 ι
587 2178 730 2250 Ergo
775 2179 822 2233 si
881 2178 985 2232 hoc
1047 2177 1126 2232 sic
1179 2174 1542 2244 intelligitur:
1580 2174 1747 2244 Cujus
1775 2175 1892 2228 vult

309 2274 623 2337 miseretur,
652 2279 705 2325 et
737 2284 898 2341 quem
945 2268 1064 2324 vult
1125 2268 1349 2324 indurat
1379 2285 1394 2322 :
1428 2266 1571 2337 quod
1606 2265 1741 2322 satis
1790 2264 1890 2320 iui-

308 2379 480 2436 quum
515 2371 617 2430 est,
649 2371 706 2418 et
737 2363 811 2417 ita
863 2359 1162 2432 prepositio
1208 2369 1388 2415 vestra
1429 2357 1798 2423 concluditur,
1831 2365 1888 2410 ut

311 2457 513 2512 dicatis
564 2454 785 2510 malitia:
837 2461 1034 2508 vestra:
1079 2465 1189 2506 non
1239 2465 1337 2507 vos
1371 2465 1493 2508 esse
1518 2465 1762 2516 causam,
1793 2450 1890 2505 sed

311 2549 530 2604 Domini
560 2547 915 2612 voluntatem,
957 2546 1044 2600 cui
1081 2543 1384 2600 contradici
1413 2559 1520 2598 non
1551 2545 1719 2614 possit
1748 2558 1764 2599 :
1793 2543 1890 2599 sed

317 2643 528 2699 resistit
558 2642 646 2696 hic
680 2640 875 2695 rationi
930 2649 1122 2701 vestra:
1148 2637 1262 2706 ipsa
1292 2647 1488 2691 natura
1512 2636 1732 2706 iustitiae
1770 2635 1888 2690 Dei.

391 2754 412 2788 ι
463 2736 607 2790 Dicis
653 2734 837 2803 itaque
868 2731 1001 2786 mihi
1033 2747 1048 2786 :
1076 2729 1217 2797 Quid
1252 2729 1431 2784 adhuc
1459 2728 1751 2798 queritur?
1784 2728 1891 2782 Vo.

315 2830 512 2884 luntati
536 2829 681 2884 enim
727 2825 847 2896 ejus
898 2824 1018 2894 quis
1067 2821 1312 2878 resistit?
1349 2819 1640 2889 Apostolus
1698 2829 1892 2874 contra

313 2923 664 2976 adversarios
688 2919 819 2973 dicit
858 2934 873 2974 :
908 2915 1056 2974 Dicis
1098 2916 1282 2984 itaque
1333 2913 1670 2978 tuihitQuid
1716 2912 1894 2968 adhuc

311 3015 608 3086 queritur?
637 3014 703 3068 Et
756 3013 952 3068 iterum
999 3011 1180 3073 infert,
1233 3008 1564 3064 conﬁrmans
1601 3002 1706 3062 hoc
1750 3007 1894 3078 quod

312 3108 530 3163 dixerat
559 3121 573 3161 :
604 3107 786 3168 homo,
815 3115 964 3162 tanto
987 3107 1159 3177 magis
1188 3121 1316 3161 vere
1342 3105 1612 3177 queritur,
1649 3115 1702 3158 et
1722 3104 1889 3173 juste,

1982 522 2470 592 blasphemantetu,
2517 529 2572 574 et
2615 518 2874 590 pepulum
2898 533 3054 572 suum
3093 516 3258 571 variis
3303 518 3560 587 operibus

1981 614 2327 684 alﬁigentem.
2365 613 2635 672 Praeterea
2681 610 2830 681 quod
2885 610 3162 666 innoxiam
3195 617 3407 664 aetatem
3435 625 3561 678 par-

1981 707 2229 760 vulorum
2252 703 2547 760 crudeliter
2593 703 2842 774 jusserat
2887 715 3138 759 enecare.
3183 699 3314 756 item
3342 715 3562 768 compe-

1985 808 2102 853 tens
2139 811 2457 867 responsum
2511 814 2524 851 :
2583 797 2712 865 quia
2756 795 3016 866 patientia
3069 803 3124 848 et
3165 793 3282 862 ejus
3343 792 3562 848 bonitas

1985 887 2111 940 iacit
2138 901 2256 954 eos,
2285 888 2380 956 qui
2413 887 2687 956 propriam
2726 886 2924 941 habent
2952 887 3284 940 voluntatem
3323 884 3560 949 vivendi,

1984 978 2100 1033 sive
2129 990 2260 1033 vasa
2295 979 2410 1043 irae,
2453 978 2567 1034 sive
2599 977 3011 1034 misericordiae.

2061 1089 2080 1122 ι
2125 1070 2396 1126 Sustinuit
2432 1072 2484 1126 in
2521 1076 2690 1126 multa
2725 1073 2983 1140 patientia
3015 1087 3143 1128 vasa
3192 1072 3306 1138 iraa,
3350 1083 3475 1141 apta
3504 1072 3558 1126 in

1985 1162 2291 1217 interitum.
2334 1181 2352 1214 ι
2388 1161 2668 1232 lmplendo
2696 1172 2915 1232 peccata
2963 1179 3083 1230 sua,
3118 1179 3244 1218 vasa
3275 1165 3368 1218 ira:
3397 1165 3562 1232 digna

1984 1263 2112 1310 sunt
2141 1254 2289 1321 facti,
2342 1265 2398 1310 et
2451 1271 2480 1309 a
2532 1256 2841 1326 semetipsis
2894 1254 2964 1310 ad
3015 1256 3294 1311 interitum
3354 1269 3564 1324 praepa-

1987 1358 2127 1402 rata.

2063 1459 2082 1492 ι
2135 1440 2202 1496 Ut
2228 1441 2542 1496 ostenderet
2565 1441 2783 1496 divitias
2832 1443 3018 1513 gloria
3055 1458 3168 1498 suae
3207 1444 3263 1497 in
3300 1457 3427 1498 vasa
3459 1442 3561 1496 mi-

1986 1533 2313 1600 sericordiae,
2374 1549 2496 1603 quae
2549 1537 2904 1604 praeparavit"
2937 1536 2990 1589 in
3039 1535 3289 1604 gloriam.
3339 1554 3358 1586 ι
3406 1536 3562 1604 Digni

1983 1637 2141 1682 erant
2166 1627 2542 1683 misericordia
2573 1629 2737 1696 :quia
2783 1639 2840 1682 et
2877 1628 3087 1684 minora
3153 1629 3561 1696 commiserant,

1987 1731 2043 1775 et
2065 1723 2305 1790 graviter
2336 1720 2551 1776 fuerant
2574 1720 2782 1775 amicti.

2066 1829 2085 1862 ‹
2130 1812 2280 1878 Quos
2311 1820 2367 1866 et
2415 1814 2652 1879 vocavit,
2718 1829 2825 1868 non
2879 1813 3050 1870 solum
3102 1829 3165 1869 ex
3215 1813 3436 1878 ludatis,
3471 1815 3567 1870 sed

1991 1905 2157 1960 etiam
2181 1919 2247 1960 ex
2280 1906 2554 1976 gentibus.
2598 1925 2619 1959 ι
2665 1906 2801 1973 Quia
2835 1917 2889 1962 et
2941 1917 3068 1962 tunc
3097 1907 3362 1978 aliquanti
3395 1907 3562 1978 Egy-

1991 1998 2231 2066 ptiorum
2260 1997 2526 2063 exierant,
2575 2013 2702 2053 cum
2761 1998 2890 2054 ﬁliis
2947 1998 3134 2063 Israel,
3165 2001 3310 2068 quod
3341 2002 3385 2054 si
3419 2001 3566 2055 Deus

1991 2102 2281 2158 personam
2315 2090 2606 2160 acciperet,
2635 2090 2786 2145 solus
2815 2089 2980 2145 Israel
3027 2091 3213 2146 debuit
3252 2094 3454 2146 habere
3481 2108 3572 2147 sa-

1993 2181 2184 2236 lutem.
2223 2181 2302 2235 lta
2329 2190 2383 2236 et
2417 2197 2562 2236 nunc
2607 2197 2712 2238 non
2765 2181 2944 2238 solum
2991 2181 3230 2250 Judaeos,
3277 2185 3374 2240 sed
3403 2187 3567 2240 etiam

1993 2285 2182 2341 gentes
2211 2275 2426 2329 vocavit
2450 2277 2516 2329 ad
2549 2275 2733 2330 ﬁdem.
2768 2274 3081 2331 Secundum
3127 2292 3221 2333 eos
3246 2287 3452 2346 autem,
3475 2279 3568 2346 qui

1995 2366 2110 2420 haec
2135 2381 2241 2420 non
2266 2383 2330 2422 ex
2391 2367 2659 2437 Apostoli,
2721 2367 2818 2424 sed
2874 2383 2943 2422 ex
2994 2367 3304 2424 Iudaeorum
3335 2386 3570 2440 persona

1997 2457 2104 2513 dici
2141 2467 2334 2528 putant
2368 2474 2382 2511 :
2416 2460 2471 2512 in
2505 2469 2736 2526 tantum,
2769 2461 3041 2530 inquiunt,
3086 2477 3224 2531 quos
3254 2463 3445 2528 voluit,
3463 2462 3573 2517 sal-

1995 2554 2168 2615 vavlt,
2203 2560 2265 2606 ut
2287 2551 2448 2605 etiam
2468 2560 2654 2622 gentes
2679 2553 2903 2622 elegerit
2926 2553 3260 2619 idololatras,
3287 2556 3376 2623 qui
3427 2571 3570 2609 nun-

1995 2657 2155 2710 quam
2185 2641 2485 2696 servierant
2520 2642 2653 2710 Deo,
2690 2651 2746 2697 et
2784 2659 2852 2698 ex
2886 2644 3053 2700 Israel
3087 2660 3290 2715 paucos
3321 2655 3568 2711 vocaret,

1951 2754 1955 2758 ·
1997 2733 2296 2788 secundum
2325 2733 2691 2788 testiinonium
2723 2733 2898 2788 Isaiae.

2072 2843 2091 2875 ‹
2135 2824 2286 2880 Sicut
2308 2825 2359 2878 in
2384 2823 2523 2880 Osee
2555 2824 2708 2879 dicit.
2738 2844 2755 2876 ι
2789 2824 2905 2882 Non
2931 2827 3214 2896 populum,
3237 2828 3372 2883 duas
3399 2830 3573 2884 tribus

1998 2916 2133 2972 dicit
2167 2934 2182 2972 :
2215 2925 2270 2972 et
2309 2931 2419 2971 non
2470 2917 2902 2972 misericordiam
2963 2929 3336 2984 consecutam,
3380 2921 3570 2976 decem

2001 3009 2191 3062 tribus.

2073 3117 2094 3152 ‹
2151 3099 2366 3155 Vocabo
2398 3115 2505 3157 non
2556 3099 2766 3169 plebem
2821 3117 3021 3167 meam,
3061 3103 3268 3172 plebem
3313 3091 3571 3164 meatum}

312 3215 380 3255 ex
408 3200 592 3254 verbis
639 3199 764 3253 tuis.
824 3197 998 3254 Nemo
1045 3199 1189 3253 enim
1235 3198 1514 3269 propriam
1546 3212 1654 3252 non
1686 3196 1891 3251 habens
1921 3164 1969 3226 ο
2001 3193 2114 3248 Hoc
2153 3193 2271 3248 loco
2299 3191 2810 3264 Judam‘signiﬁcat.

313 3295 678 3354 voluntatem,
737 3291 917 3346 dicere
973 3299 1152 3361 potest
1211 3292 1278 3346 de
1324 3289 1478 3345 Deo:
1525 3290 1655 3358 quid
1715 3289 1894 3344 adhuc

312 3385 609 3456 queritur?
648 3384 801 3439 Unde
836 3392 982 3438 recte
1021 3397 1252 3452 arguens
1286 3383 1406 3452 ejus
1449 3382 1892 3445 imprudentiam,

312 3477 449 3531 dicit
480 3491 494 3530 :
532 3475 612 3530 Tu
637 3475 757 3546 quis
782 3490 862 3539 es,
900 3475 990 3543 qui
1020 3477 1349 3545 respondeas
1371 3472 1526 3529 Deo?
1557 3473 1657 3539 Qui
1693 3475 1836 3528 enim
1866 3490 1894 3527 a

313 3568 429 3622 Deo
455 3568 742 3621 induratus
773 3573 876 3631 cst,
910 3565 1054 3621 sicut
1085 3576 1138 3620 tu
1171 3566 1330 3630 dicis,
1382 3566 1756 3621 contradicere
1796 3580 1895 3621 suo

313 3661 574 3716 Creatori
614 3675 722 3714 non
779 3668 980 3728 potest,
1033 3659 1188 3726 quasi
1250 3673 1354 3712 non
1387 3657 1590 3714 habens
1619 3657 1896 3728 propriam

311 3755 677 3818 voluntatem,
721 3752 862 3808 sicut
918 3761 974 3807 et
1033 3751 1226 3818 lutum,
1281 3750 1612 3806 insensibilis
1647 3751 1895 3814 materia,

311 3847 497 3902 lictori
527 3862 625 3902 suo
653 3847 983 3914 respondere
1011 3859 1118 3900 non
1149 3852 1347 3916 potest,
1375 3843 1496 3914 quia
1522 3843 1575 3898 in
1633 3852 1897 3913 potestate

309 3939 472 4012 ﬁguli
507 3939 744 4008 pesitum
774 3947 882 3994 est.

399 4051 420 4084 ι
469 4029 515 4087 Ο
543 4034 726 4097 homo,
759 4041 812 4086 tu
845 4031 968 4100 quis
986 4045 1065 4097 es,
1096 4031 1184 4100 qui
1215 4031 1540 4101 respondeas
1582 4030 1730 4086 Deo?
1751 4029 1900 4084 Nun-

310 4127 456 4198 quid
505 4127 634 4181 dicit
693 4127 1010 4194 tigmentum
1067 4126 1142 4190 ei,
1195 4127 1285 4194 qui
1325 4139 1384 4180 se
1434 4124 1608 4188 tinxit,
1637 4123 1776 4189 Quid
1813 4137 1898 4178 me

309 4220 502 4277 fecisti
567 4219 686 4274 sic?
725 4237 744 4271 ι
768 4217 1100 4284 Quibusdam
1140 4219 1376 4285 videtur,
1406 4227 1458 4270 et
1494 4217 1594 4272 hoc
1615 4217 1792 4270 adhuc
1831 4231 1896 4270 ex

307 4315 566 4385 ipsorum
634 4324 868 4382 persona
919 4309 1124 4373 dicere,
1179 4307 1306 4379 quia
1355 4309 1529 4378 ipsum
1567 4317 1652 4364 est
1691 4309 1894 4372 dicere,

306 4403 602 4462 neminem
644 4417 802 4472 posse
833 4401 1206 4456 contradicere
1247 4399 1512 4455 voluntati
1545 4399 1641 4455 Dei
1670 4399 1898 4454 alterius

306 4496 656 4560 miserentis,
686 4495 916 4549 alterum
953 4493 1286 4555 iudurantis,
1321 4500 1376 4548 et
1401 4491 1601 4548 addere
1629 4493 1897 4547 neminem
1933 4501 1978 4558 ι)

305 4593 436 4647 Deo
496 4589 844 4658 respondere.
920 4585 1148 4652 Quidam
1213 4599 1344 4641 vero
1399 4585 1591 4640 dicunt
1633 4585 1743 4656 jam
1773 4585 1899 4640 hinc

307 4682 648 4755 Apostolum
682 4681 1026 4752 respondere,
1061 4677 1208 4750 quod
1249 4679 1412 4735 etiam
1451 4681 1497 4734 si
1530 4680 1604 4734 ita
1639 4688 1805 4743 esset,
1841 4689 1900 4734 ut

305 4777 402 4832 illi
441 4774 863 4837 calumniantur,
917 4786 1021 4826 non
1054 4771 1251 4827 debere
1279 4786 1372 4827 eos
1407 4787 1508 4826 suo
1564 4771 1900 4840 respondere

307 4863 562 4922 factori:
593 4877 658 4916 eo
721 4861 862 4930 quod
919 4859 1056 4915 tales
1111 4861 1273 4914 simul
1322 4863 1388 4915 ad
1437 4863 1899 4930 comparationem

307 4955 448 5020 Dei,
481 4954 641 5022 quale
675 4959 740 5007 ad
763 4968 921 5007 suum
970 4962 1058 5007 est
1111 4951 1210 5006 luti
1262 4953 1524 5008 artiliccm
1559 4954 1900 5022 ﬁgmentum.

307 5046 378 5102 In
415 5042 610 5100 Graeco
637 5045 820 5109 habet,
857 5043 1053 5115 μενοῦν
1076 5059 1165 5111 γε,
1185 5036 1231 5098 ὦ
1257 5043 1536 5116 ἄνθρωπε,
1563 5044 1708 5115 quod
1737 5053 1842 5109 est,
1865 5048 1905 5099 ὐ

309 5139 497 5196 homo
525 5147 672 5191 tanto
703 5137 873 5202 magis
907 5137 920 5190 l

405 5249 428 5282 ι
474 5231 669 5284 Annon
703 5229 866 5284 habet
889 5229 1447 5324 potestatem.ﬁgulus
1479 5229 1576 5284 luti
1617 5245 1684 5284 cx
1716 5230 1908 5286 eadem

313 5337 517 5382 massa
541 5321 723 5377 facere
753 5320 895 5376 aliud
945 5320 1165 5391 quidem
1199 5320 1294 5376 v'as
1342 5326 1394 5378 in
1450 5326 1732 5388 honorem,
1761 5324 1908 5378 aliud
1950 5383 1952 5386 ,

311 5432 467 5474 vero
512 5416 566 5469 in
621 5415 1043 5470 contumeliam?
1078 5433 1095 5466 ι
1134 5414 1445 5471 Secundum
1492 5418 1612 5483 hos,
1661 5419 1751 5486 qui
1791 5419 1911 5472 lnec

311 5508 504 5577 verba
531 5504 775 5574 Apostoli
807 5507 1268 5570 dicunt,massam
1291 5506 1419 5560 dicit
1441 5520 1628 5560 onmes
1663 5509 1714 5560 in
1747 5506 1913 5576 [Egy-

313 5615 435 5678 pto
501 5609 986 5654 commemorantes
1047 5616 1060 5652 :
1114 5597 1242 5667 quia
1297 5608 1351 5653 et
1415 5599 1579 5654 Israel
1634 5599 1704 5653 ibi
1759 5601 1914 5654 idolis

315 5693 692 5753 deservierat.

412 5806 439 5842 ί
486 5789 638 5854 Quod
666 5787 710 5843 si
741 5786 884 5842 Deus
915 5787 1098 5844 volens
1128 5788 1411 5843 ostendere
1450 5787 1606 5855 iram,
1643 5799 1696 5844 et
1726 5795 1908 5844 notam

2075 3304 2094 3337 ‹
2146 3285 2210 3340 Ει
2249 3301 2358 3342 non
2397 3285 2672 3350 dilectam,
2705 3285 2997 3340 dilectam:
3027 3295 3082 3342 et
3114 3303 3219 3344 non
3265 3289 3580 3347 misericor-
3625 3305 3632 3322 ί

2001 3375 2144 3431 diam
2198 3388 2576 3442 consecutam,
2631 3378 3062 3434 misericordiam
3119 3392 3487 3438 consecutam.
3547 3403 3570 3438 ι

2002 3471 2359 3526 lsracliticum
2393 3471 2675 3540 populum.

2077 3581 2096 3616 ι
2139 3563 2204 3616 Et
2232 3563 2337 3618 erit
2367 3564 2420 3617 in
2457 3562 2579 3618 loco
2615 3563 2707 3618 ubi
2738 3563 2942 3646 dictum
2993 3577 3077 3621 est
3113 3566 3233 3622 eis:
3265 3567 3383 3622 Non
3426 3567 3578 3636 plebs

2002 3671 2121 3711 mea
2158 3669 2276 3711 vos.
2313 3673 2330 3706 ι
2369 3653 2573 3710 Gentes
2622 3655 2958 3710 demonstrat
2993 3657 3047 3711 in
3076 3658 3294 3713 Christo
3334 3661 3576 3714 creditu-

2003 3763 2132 3815 ras;
2164 3747 2307 3803 sicut
2364 3746 2416 3800 in
2467 3745 2764 3816 Evangelia
2819 3746 3080 3804 Dominus
3131 3752 3227 3820 per
3257 3753 3577 3820 parabolam

2001 3844 2244 3914 loquitur
2276 3840 2495 3909 (Matth.
2541 3856 2677 3908 χχιι,
2708 3840 2878 3910 8-10).
2935 3844 3162 3911 nuptiali
3213 3859 3368 3899 cmna
3410 3848 3574 3913 facta,

2001 3948 2124 3988 cum
2175 3931 2338 3985 lsrael
2389 3931 2573 3986 venire
2638 3930 2924 3997 noluisset,
2979 3942 3034 3988 et
3078 3949 3174 4004 pro
3231 3934 3350 4003 ipso
3385 3948 3576 4006 gentes

2002 4031 2285 4081 vocantur.

2079 4135 2097 4168 ι
2141 4118 2218 4172 lbi
2253 4118 2618 4172 vocabuntur
2682 4112 2776 4168 ﬁlii
2827 4113 2918 4170 Dei
2978 4116 3106 4172 vivi.
3168 4135 3189 4170 ι
3228 4118 3577 4175 Vocationem

2001 4213 2240 4281 gentium
2269 4211 2558 4281 signiﬁcat.

2079 4321 2096 4354 ι
2145 4303 2317 4358 Isaias
2367 4317 2545 4360 autem
2589 4309 2796 4360 clamat
2843 4319 2943 4375 pro
2979 4303 3167 4359 Israel.
3208 4321 3226 4356 ι
3259 4304 3583 4359 Communi-

2005 4395 2148 4449 catio
2184 4410 2280 4464 pro
2312 4396 2447 4464 ipsis
2479 4412 2605 4451 esse
2638 4407 2990 4452 monstratur.

2082 4504 2101 4536 ‹
2148 4485 2206 4540 Si
2265 4486 2426 4541 fuerit
2477 4502 2734 4540 numerus
2791 4487 3024 4540 ﬁliorum
3076 4485 3267 4550 lsrael,
3321 4495 3578 4556 tanquam

2007 4594 2173 4634 arena
2227 4584 2413 4645 maris,
2439 4582 2681 4652 reliquis:
2745 4581 2910 4636 salvae
2979 4582 3130 4638 ﬁent.
3185 4601 3203 4633 ι
3245 4581 3579 4637 Pauci.atem

2005 4687 2190 4726 eorum
2226 4673 2492 4728 creditam
2527 4689 2649 4728 esse
2678 4673 3037 4729 demonstrat.

2081 4781 2100 4814 ‹
2149 4763 2381 4818 Verbum
2427 4766 2570 4818 enim
2602 4779 3016 4830 consummatis,
3069 4776 3123 4820 et
3169 4766 3492 4820 abbrevians
3528 4767 3578 4818 in

2005 4857 2284 4926 mquitate,
2319 4857 2448 4926 quia
2481 4857 2706 4912 verbum
2765 4857 3077 4912 breviatum
3131 4858 3293 4912 faciet
3324 4859 3581 4913 Dominus

2007 4964 2171 5018 super
2202 4959 2423 5003 terram.
2459 4967 2478 4999 ι
2517 4947 2757 5003 llistoria
2805 4950 2906 5004 hos
2950 4951 3116 5005 habet
3167 4964 3398 5005 sensus:
3429 4949 3583 5006 Sicut

2008 5055 2106 5111 ego
2133 5040 2356 5095 verbum
2393 5039 2647 5096 abhrevio
2671 5048 2727 5096 et
2765 5039 2872 5096 cito
2914 5042 3135 5108 deﬁnio,
3185 5042 3257 5095 ita
3301 5042 3442 5096 Deus
3480 5043 3585 5096 hoc

2009 5136 2154 5190 omni
2184 5136 2471 5191 velocitate
2504 5135 2773 5206 perﬁciet.
2804 5134 2863 5190 ln
2910 5135 3193 5205 prophetia
3241 5143 3423 5188 autem
3458 5150 3580 5189 ver-

2013 5231 2138 5282 hum
2171 5227 2498 5295 breviatum,
2548 5225 2760 5282 Novum
2815 5225 3221 5282 Testamentum
3269 5227 3532 5294 accipitur
3565 5243 3584 5282 :

2014 5321 2138 5390 quia
2173 5322 2223 5375 in
2284 5337 2349 5376 eo
2397 5321 2638 5378 breviter
2695 5322 3092 5390 comprehensa
3151 5329 3278 5374 sunt
3318 5321 3499 5374 omnia
3532 5332 3588 5374 et

2015 5415 2216 5470 clausa.

2094 5531 2110 5559 ι
2163 5509 2225 5562 Et
2261 5509 2401 5563 sicut
2456 5511 2703 5580 prmdixit
2765 5509 2949 5564 Isaias.
3011 5525 3030 5560 ι
3083 5507 3230 5563 Bene
3287 5506 3582 5577 praedixit:

2018 5603 2144 5671 quia
2175 5603 2427 5670 superius
2461 5603 2722 5672 scriptum
2760 5613 2866 5658 est.

2095 5716 2111 5744 ι
2157 5689 2270 5748 Nisi
2301 5694 2559 5749 Dominus
2581 5696 2818 5750 Sabaoth
2856 5695 3166 5765 reliquisset
3198 5695 3354 5750 nobis
3377 5710 3610 5762 sentem,

2023 5789 2162 5842 sicut
2190 5787 2426 5843 Sodoma
2457 5787 2584 5844 facti
2613 5803 2857 5842 essemus
2919 5795 2973 5838 et
3005 5789 3144 5844 sicut
3173 5787 3478 5845 Gomonha
3509 5787 3584 5842 si-
