3946 6206
397 290 502 352 71’)
1137 321 1150 326 ι·
1361 294 1419 354 S.
1465 281 1906 349 liIERONYMI
1951 276 2271 338 ()PEBUM
2315 271 2723 334 MANTISQA.
2803 309 2807 313 «
3531 270 3630 333 720

402 406 554 459 ,ηίιεε
606 403 914 458 fuissemus.
949 423 968 455 ,
999 402 1134 469 Qui“
1205 419 1311 458 ηοη
1368 413 1454 458 εει
1521 415 1714 470 passus
1765 409 1966 466 paucos
1999 403 2042 454 Α
2074 389 2304 442 vertitur
2364 388 2418 441 in
2476 387 2772 442 contraria.
2807 404 2824 436 ι
2862 385 3180 452 lgnorantes
3209 382 3352 437 enim
3374 383 3630 453 justitiam

394 495 576 565 jnstos
608 496 786 562 perire
836 508 958 545 cum
1012 492 1358 546 multitudine
1405 489 1692 558 impiorum
1746 485 1801 540 in
1840 480 1966 547 (ide,

401 587 508 640 nisi
536 600 720 639 sem-en
757 582 1028 636 Abraham
1053 583 1304 637 Christus
1335 582 1528 636 fuisset
1553 579 1760 634 missus
1784 575 1850 630 ad
1882 590 1972 644 po-

317 717 328 734 .
400 679 584 747 pulum
617 677 978 736 liherandut‘n,
1015 677 1105 744 qui
1147 674 1468 729 corruisset.

476 789 494 820 ι
543 768 679 833 Quid
726 782 855 836 ergo
910 768 1174 830 dicemus,
1225 767 1368 834 quod
1423 775 1633 834 gentes,
1691 778 1812 831 quae
1866 775 1970 815 non

399 861 750 915 sectabantur
778 859 1068 929 justitiam,
1104 857 1582 927 apprehenderunt
1615 853 1967 924 justitiam?»

401 953 456 1005 Si
489 952 770 1021 superiora
794 967 856 1005 ex
889 965 1122 1020 persona
1153 950 1395 1018 Apostoli
1425 950 1701 1013 dicuntur,
1746 947 1836 1002 hic
1869 946 1970 1000 sibi

322 1107 324 1110 ,
399 1047 608 1099 iterum
634 1045 883 1114 proponit
918 1059 932 1099 :
970 1045 1096 1113 quia
1137 1053 1384 1112 poterant
1430 1044 1636 1106 dicere,
1661 1042 1703 1096 si
1747 1055 1860 1094 non
1886 1047 1976 1093 est

401 1139 496 1198 ita,
525 1145 583 1188 ut
610 1135 865 1200 dicimus,
892 1137 1018 1205 quia
1047 1152 1151 1190 non
1177 1145 1260 1190 est
1294 1135 1524 1190 volentis
1552 1151 1724 1203 neque
1744 1146 1974 1188 curren-

401 1228 470 1279 tis
503 1228 816 1293 :quomodo
861 1239 1050 1297 gentes
1100 1227 1424 1282 invenerunt
1462 1226 1754 1296 juStitiam,
1811 1237 1972 1292 quam

401 1334 678 1386 nunquam
721 1327 882 1371 antea
935 1319 1273 1386 quaesierunt
1302 1319 1324 1371 τ
1353 1317 1520 1373 Israel
1569 1332 1694 1371 vero
1725 1331 1978 1386 quaerens

400 1425 618 1474 semper
659 1410 950 1478 justitiam,
1009 1425 1114 1464 non
1167 1410 1341 1477 potuit
1412 1408 1703 1464 invenire?
1755 1407 1812 1462 Si
1851 1419 1978 1460 vero

403 1513 546 1557 totus
580 1502 830 1572 superior
859 1517 1054 1557 sensus
1093 1501 1596 1556 contradicentibus
1629 1499 1928 1569 applicatur
1958 1516 1973 1553 :

402 1596 491 1649 hic
524 1597 818 1664 respondet
872 1594 1191 1663 Apostolus,
1256 1603 1310 1649 et
1368 1595 1606 1648 breviter
1659 1590 1979 1661 recapitulat

402 1687 782 1754 qumstiouem,
835 1687 1023 1741 dicens
1057 1702 1073 1739 :
1107 1685 1250 1751 Quid
1310 1701 1437 1756 ergo
1483 1685 1724 1741 dicemus
1775 1685 1842 1738 ad
1891 1696 1976 1746 ea,

2073 478 2168 532 Dei
2205 488 2258 532 et
2315 492 2467 531 suam
2499 486 2805 546 quaerentes
2835 485 3076 529 statuere
3115 473 3378 542 :justitiae
3400 474 3492 528 Dei
3535 492 3633 530 non

2073 577 2200 624 sunt
2224 567 2484 639 subjecti.
2520 585 2540 619 ι
2579 566 2901 637 Ignorantes
2931 568 3072 634 quod
3125 568 3265 621 Deus
3303 581 3372 621 ex
3403 567 3514 621 sola
3535 567 3637 622 ﬁde

2071 661 2336 732 justilicat
2363 674 2378 712 :
2409 669 2462 714 et
2483 659 2664 729 justos
2693 674 2753 714 se
2784 673 2850 712 ex
2882 657 3013 728 legis
3039 658 3315 728 operibus,
3347 674 3511 729 quam
3538 674 3636 712 non

2076 751 2474 814 custodierunt,
2538 764 2661 805 esse
2705 759 2980 818 putantes,
3033 748 3323 803 uoluerunt
3371 764 3430 804 se
3460 750 3642 804 remis-

2079 845 2216 900 sioni
2250 843 2523 912 subjicere
2574 851 2942 916 peccatorum,
3008 855 3074 893 ne
3124 849 3440 909 peccatores
3481 838 3643 894 fuisse

2079 935 2416 1000 riderentur,
2472 934 2614 988 sicut
2675 934 2938 1000 scriptum
2997 941 3116 996 est;
3177 931 3438 986 Pharisaei
3472 940 3644 987 autem

2079 1037 2403 1098 spernentes
2431 1025 2718 1080 consilium
2767 1023 2863 1076 Dei
2907 1024 2958 1076 iu
2995 1024 3326 1092 semetipsis,
3362 1023 3645 1078 uoluerunt

2078 1118 2346 1189 baptizari
2395 1117 2666 1187 baptismo
2725 1115 2968 1169 Joannis.
3031 1115 3166 1169 Item
3218 1118 3347 1184 quia
3383 1115 3648 1168 sacriﬁcia

2079 1209 2236 1278 legis,
2271 1217 2324 1262 et
2351 1215 2570 1270 caetera,
2607 1219 2725 1274 qua:
2781 1204 2974 1258 umbra
3023 1213 3183 1258 erant
3235 1203 3502 1270 veritatis,
3537 1219 3652 1273 quae

2079 1314 2177 1369 per
2198 1297 2475 1354 Christum
2524 1295 2710 1366 perlici
2767 1295 3064 1360 habebant,
3115 1295 3403 1362 prmseutia
3456 1295 3652 1349 Christi

2086 1395 2492 1442 cessaverunt:
2535 1384 2619 1456 cui
2675 1383 2897 1438 credere
2959 1385 3268 1438 noluerunt.
3335 1383 3480 1439 Bene
3531 1386 3660 1440 dicit

2079 1479 2400 1549 Apostolus,
2427 1476 2698 1548 justitiam
2735 1490 2914 1540 suam,
2958 1477 3085 1544 quia
3119 1473 3232 1544 jatn
3269 1491 3375 1530 nou
3407 1477 3501 1531 Dei
3556 1486 3655 1542 est,

2079 1573 2172 1627 sed
2204 1571 2462 1639 ipsorum.

2159 1679 2178 1714 ‹
2208 1661 2357 1716 Finis
2409 1660 2553 1714 enim
2595 1659 2728 1730 legis
2761 1657 3032 1726 Christus,
3064 1660 3130 1714 ad
3175 1659 3448 1729 justitiam
3497 1664 3650 1720 omni

401 1750 525 1847 dum
559 1778 716 1834 nobis
770 1750 988 1848 δωρεαί
1041 1750 1187 1844 sum,
1224 1777 1331 1833 nisi
1373 1750 1503 1847 auia
1555 1785 1747 1846 gemes
1772 1782 1978 1832 γυοειπ
2009 1777 2052 1834 Β
2082 1750 2588 1848 credentiatu'l‘alis
2615 1750 2840 1848 asyli-le,
2879 1753 2968 1848 qui
2993 1751 3265 1806 Christum
3290 1753 3548 1848 credidit,
3578 1753 3660 1807 die

407 1871 754 1925 crediderunt
797 1886 810 1922 :
843 1879 895 1926 et
925 1870 998 1923 illi
1031 1871 1254 1924 credere
1277 1869 1600 1924 noluerunt?

483 1983 501 2014 ε
535 1963 820 2018 Jusutiant
867 1971 1070 2024 autem,
1121 1977 1241 2032 quae
1301 1977 1370 2016 ex
1434 1961 1539 2016 title
1585 1969 1692 2016 est.
1750 1978 1770 2012 ι
1833 1959 1976 2028 Quia

399 2055 610 2125 iustitia
641 2071 705 2108 ex
735 2055 838 2109 fide
867 2064 971 2119 est,
1014 2055 1099 2107 cui
1133 2054 1206 2108 illi
1237 2053 1460 2109 credere
1493 2051 1799 2108 noluerunt.

474 2167 496 2200 ‹
542 2145 707 2202 Israel
756 2160 886 2200 vero
921 2145 1181 2200 sectando
1225 2147 1394 2216 legent
1442 2145 1691 2216 justitiaa,
1725 2145 1778 2200 in
1805 2144 1979 2214 legem

398 2240 621 2309 Iustitiae
675 2253 778 2294 non
844 2239 1110 2308 pervenit.
1163 2237 1380 2304 Quare?
1441 2237 1574 2302 Quia
1608 2252 1716 2292 non
1755 2252 1820 2292 ex
1851 2239 1978 2304 title,

403 2333 499 2388 sed
532 2332 688 2402 quasi
719 2346 781 2386 ex
811 2329 1088 2398 operibus.
1133 2347 1150 2380 ι
1187 2327 1380 2384 Reddit
1411 2344 1628 2395 causas,
1670 2344 1839 2398 quare
1871 2344 1979 2384 non

402 2419 1212 2489 invenerintjustitiam:quia
1273 2417 1409 2472 falso
1459 2419 1509 2472 in
1567 2418 1825 2488 operibus
1864 2421 1982 2492 glo-

407 2517 552 2580 riati,
586 2513 809 2568 credere
863 2513 1174 2574 noluerunt,
1226 2511 1382 2581 quasi
1435 2509 1706 2580 justitiam
1749 2513 1978 2582 gratiam

403 2613 744 2673 reputantes,
782 2605 967 2658 dicens
999 2619 1013 2656 :
1039 2605 1292 2670 quoniam
1325 2602 1550 2672 populus
1579 2602 1887 2658 Judaaoruut
1912 2620 1979 2660 ex

405 2697 660 2767 operibus
694 2693 1132 2765 legisjustiﬁcari
1178 2706 1238 2747 se
1287 2702 1506 2762 putans,
1533 2693 1586 2747 in
1616 2692 1786 2761 legem
1812 2694 1981 2764 juSti-

406 2782 514 2848 tiae,
543 2783 594 2836 id
623 2791 726 2849 est,
753 2784 819 2836 ad
852 2781 1008 2835 ﬁdem
1045 2780 1248 2836 Christi
1299 2780 1635 2851 dedignando
1676 2797 1782 2837 non
1806 2784 1981 2852 potuit

407 2876 716 2942 pervenire.

482 2985 500 3018 ι
549 2966 898 3020 Ollenderunt
923 2965 1070 3044 puim
1101 2965 1160 3022 in
1203 2965 1432 3037 lapidem
1464 2966 1802 3032 oﬂ‘ensionis,
1841 2966 1981 3021 sicut

405 3061 667 3128 Scriptum
709 3065 794 3113 est
826 3071 840 3113 :
885 3059 1026 3114 Ecce
1071 3073 1224 3129 pono
1278 3060 1331 3114 in
1370 3057 1506 3116 .Sion
1543 3059 1776 3131 lapidem
1809 3059 1978 3115 oll'eu-

405 3155 596 3220 sionis,
650 3161 704 3208 et
762 3162 972 3221 petram
1035 3153 1298 3207 scandali.
1335 3171 1354 3205 ι
1394 3152 1498 3220 Qui
1551 3153 1695 3208 videt
1722 3153 1975 3222 lapidem,

407 3265 512 3302 non
553 3244 776 3300 otl'endit
811 3259 824 3296 :
859 3245 951 3316 qui
981 3253 1161 3300 autem
1192 3260 1370 3302 caecus
1401 3254 1506 3311 est,
1530 3246 1802 3316 impingit.
1825 3247 1978 3313 Quod

404 3337 880 3407 contigitludaeis,
933 3351 1074 3406 quos
1125 3352 1226 3392 sua
1287 3337 1491 3392 malitia
1543 3340 1838 3393 excrecavit
1879 3357 1894 3394 :
1931 3348 1986 3395 et

404 3428 688 3497 Christum
749 3442 856 3482 non
913 3437 1272 3498 agnoscentes
1327 3428 1736 3484 cruciﬁxerunt.
1795 3430 1902 3485 Sed
1927 3439 1984 3486 et

405 3518 614 3573 idcirco
655 3517 796 3587 lapis
849 3517 1182 3586 offensionis,
1241 3527 1294 3574 et
1345 3530 1496 3589 petra
1541 3521 1808 3587 scandali,
1844 3537 1986 3591 prte-

407 3607 585 3661 dictus
605 3616 690 3663 est
715 3607 966 3664 Christus
994 3622 1008 3662 :
1049 3609 1179 3678 quia
1217 3607 1366 3662 multi
1392 3609 1446 3663 in
1479 3610 1763 3664 nativitate
1791 3610 1909 3680 ejus
1931 3619 1984 3664 et

407 3699 662 3764 passione
697 3699 1019 3753 scandalum
1052 3699 1353 3768 patiuntur,
1381 3701 1523 3754 sicut
1555 3701 1817 3771 scriptum
1852 3711 1936 3757 est
1969 3718 1982 3755 :

408 3789 547 3853 Quia
577 3791 1092 3845 scandalizabuntur
1140 3793 1195 3845 iu
1226 3807 1286 3845 eo
1311 3790 1510 3860 (Marc.
1540 3809 1618 3859 vt,
1640 3793 1720 3864 3).
1751 3794 1813 3847 Et
1842 3795 1986 3864 Apo-

406 3881 578 3937 stolus
611 3883 707 3949 ait,
735 3881 1012 3936 Christum
1044 3884 1378 3953 cruciﬁxum,
1411 3884 1616 3939 Judwis
1650 3887 1984 3954 scandalum,

404 3975 644 4043 gentibus
679 3975 960 4028 stultitiam
992 3989 1010 4027 :
1042 3977 1171 4043 ipsis
1205 3992 1326 4030 uero
1358 3981 1575 4042 vocalis,
1598 3977 1868 4032 Christum
1893 3979 1988 4032 Dei

406 4070 649 4122 uirtutem
683 4077 731 4121 et
768 4066 863 4121 Dei
893 4069 1212 4136 sapientiam
1237 4068 1290 4140 (1
1321 4069 1444 4123 Cor.
1483 4087 1524 4134 ι,
1564 4070 1656 4138 25,
1680 4072 1796 4141 24).
1836 4071 1988 4128 Unde

409 4170 462 4213 et
485 4160 572 4213 hic
603 4158 849 4224 sequitur
883 4173 898 4211 :
931 4158 1032 4224 Qui
1062 4161 1239 4214 crcdit
1270 4161 1324 4214 in
1355 4175 1442 4227 eo,
1468 4177 1570 4216 non
1599 4162 1984 4218 confundetur.

408 4249 601 4303 Petrus
635 4263 850 4318 quoque
884 4249 1033 4318 dicit,
1062 4251 1206 4318 quod
1237 4251 1586 4306 credentibus
1615 4250 1752 4322 lapis
1781 4253 1990 4309 electus

407 4340 478 4393 sit
530 4337 807 4406 angularis
846 4355 860 4391 :
896 4338 1194 4393 incredulis
1228 4353 1353 4392 vero
1381 4338 1716 4395 oﬂensiouis.

2083 1862 2187 1918 qua
2238 1831 2492 1912 credidit,
2517 1845 2692 1913 qualis
2743 1844 2854 1912 ille,
2881 1845 2971 1914 qui
3024 1847 3332 1901 universam
3356 1847 3531 1917 legem
3571 1849 3663 1900 int-

2087 1942 2278 2012 plevit.
3477 2013 3488 2020 ﬁ

2159 2054 2177 2087 ι
2209 2035 2423 2106 Moyses
2451 2035 2594 2090 enim
2628 2031 2846 2103 scripsit
2881 2047 2896 2087 :
2929 2032 3189 2101 quoniam
3214 2031 3507 2102 justitiam,
3541 2047 3658 2103 qua:

2081 2139 2146 2180 ex
2186 2124 2306 2195 lege
2349 2131 2452 2179 est.
2488 2141 2506 2174 ι
2578 2121 2794 2191 Moyses
2846 2119 3097 2174 distinxit
3137 2121 3190 2174 iu
3224 2120 3467 2174 Levitico
3523 2123 3660 2173 inter

2083 2227 2372 2286 utramque
2394 2215 2692 2287 justitiam,
2768 2213 2889 2268 ﬁdei
2923 2214 3135 2269 scilicet
3175 2223 3336 2282 atque
3369 2212 3657 2278 factormu,

2087 2311 2228 2379 quod
2260 2311 2432 2363 altera
2479 2308 2756 2378 operibus,
2811 2307 2980 2360 altera
3012 2305 3144 2380 sola
3169 2305 3293 2359 tidei
3336 2305 3662 2358 credulitate

2083 2401 2377 2456 accedente
2428 2400 2540 2454 ﬁat.
2592 2399 2725 2452 Item
2771 2397 3065 2466 Apostolus
3109 2397 3402 2451 Ostendere
3467 2399 3657 2452 volens

2083 2493 2452 2547 dili‘ereutiam
2517 2490 2746 2560 justitia:
2793 2490 2926 2558 legis
2969 2503 3032 2543 ac
3072 2477 3220 2553 ﬁdei,
3272 2497 3467 2543 testem
3509 2497 3665 2544 vocat

2083 2585 2329 2654 Moysen.
2392 2582 2525 2636 Item
2559 2583 2844 2636 docentem
2896 2581 2961 2635 de
3014 2581 3233 2649 justitia
3262 2581 3396 2651 legis
3431 2597 3447 2635 :
3503 2599 3526 2634 ι
3562 2582 3660 2648 Qui

2085 2675 2272 2731 fecerit
2310 2675 2494 2741 homo,
2527 2674 2670 2727 vivet
2697 2675 2748 2726 iu
2782 2688 2867 2727 ea.
2896 2691 2912 2723 ι
2946 2672 3255 2742 Dejusritia
3287 2684 3472 2728 autem
3499 2673 3658 2744 ﬁdei:

2089 2785 2107 2820 ι
2140 2767 2216 2822 Ne
2246 2769 2418 2832 dicas,
2445 2768 2643 2834 inquit,
2680 2765 2734 2818 in
2776 2769 2940 2820 corde
2977 2775 3068 2819 tuo
3103 2782 3116 2818 :
3151 2766 3282 2830 Quis
3317 2767 3580 2820 ascendet
3611 2767 3661 2818 in

2083 2861 2322 2914 (telum?
2359 2879 2376 2910 ι
2437 2861 2536 2914 hoc
2577 2869 2681 2924 est,
2722 2873 2790 2912 ne
2834 2859 3050 2914 dubites
3100 2858 3326 2914 credere
3375 2861 3659 2926 ntaudato,

2082 2955 2230 3024 quod
2256 2951 2504 3006 futurum
2535 2961 2619 3006 est
2648 2951 2978 3006 annuntiare
3000 2951 3301 3019 Christum,
3335 2952 3431 3022 qui
3467 2962 3662 3008 ventu-

2084 3055 2179 3098 rus
2205 3052 2290 3097 est
2319 3043 2451 3096 dare
2479 3043 2574 3096 tibi
2602 3043 2872 3112 justitiam
2903 3059 2970 3096 ex
3002 3046 3126 3098 lide.

2163 3152 2181 3186 ι
2213 3134 2312 3201 Qui
2351 3134 2540 3189 fecerit
2593 3136 2780 3201 homo,
2828 3134 2970 3188 vivet
3005 3134 3060 3187 in
3107 3149 3192 3190 ea.
3227 3151 3246 3192 ι
3307 3132 3484 3192 Nemo
3518 3137 3661 3192 enim

2086 3227 2300 3282 illorum
2351 3224 2506 3289 vivit,
2558 3224 2684 3292 quia
2712 3225 2766 3278 in
2803 3225 2905 3279 hoc
2947 3235 3190 3295 tempore
3217 3241 3376 3280 neruo
3422 3229 3660 3296 perlecit

2085 3313 2259 3382 legem
2289 3312 2406 3367 sine
2441 3311 2660 3382 Christo
2690 3330 2704 3365 :
2757 3314 2884 3382 quia
2922 3325 2975 3368 et
3012 3316 3116 3370 hoc
3142 3318 3274 3386 legis
3311 3326 3418 3382 eat,
3477 3328 3538 3372 ut
3563 3317 3665 3388 ipsi

2085 3405 2358 3460 credatur.
2423 3404 2652 3470 Quidam
2717 3421 2786 3460 ex
2833 3407 2935 3462 hoc
2991 3407 3110 3462 loco
3171 3419 3364 3478 putant
3418 3409 3666 3474 Judaeos.

2085 3509 2406 3572 praesentem
2465 3511 2675 3556 tantum
2733 3503 2898 3556 vitam
2955 3517 3021 3556 ex
3075 3502 3208 3573 legis
3257 3505 3522 3574 Operibus
3559 3519 3669 3561 meo

2089 3595 2290 3661 ruisse,
2330 3595 2472 3662 quod
2510 3609 2698 3648 verum
2734 3610 2839 3648 nou
2889 3610 3011 3651 esse
3040 3593 3255 3651 Domini
3284 3599 3451 3653 verba
3487 3599 3669 3655 decla-

2090 3697 2264 3743 rant:
2307 3686 2423 3756 qui,
2473 3685 2540 3741 de
2592 3687 2698 3740 vita
2731 3688 3099 3756 interrogatus
3133 3700 3361 3756 aeterna,
3404 3697 3668 3746 mandata

2089 3780 2223 3851 legis
2251 3779 2472 3849 opponit
2499 3780 2686 3835 dicens
2719 3794 2734 3834 :
2800 3778 2860 3836 Si
2893 3782 2968 3835 vis
3005 3783 3061 3836 in
3099 3783 3263 3836 vitam
3291 3787 3485 3848 pertire,
3514 3803 3670 3849 terra

2090 3873 2338 3926 mandata
2369 3869 2589 3940 (Matth.
2620 3887 2733 3938 xix,
2765 3874 2877 3944 l7).
2913 3871 3070 3929 Unde
3101 3876 3482 3946 intelligimus,
3521 3880 3668 3950 quod

2088 3966 2181 4034 qui
2235 3977 2336 4019 suo
2384 3971 2630 4034 tempore
2685 3964 2856 4044 legem
2915 3967 3175 4034 servavit,
3244 3969 3414 4024 vitam
3473 3970 3670 4028 habuit

2089 4068 2371 4112 attentam.

2165 4168 2184 4202 ι
2216 4149 2346 4216 Quze
2373 4160 2553 4208 autem
2591 4167 2656 4206 ex
2693 4152 2796 4208 title
2841 4162 2926 4208 est
2955 4153 3192 4225 justitia,
3234 4155 3314 4212 sic
3343 4156 3477 4212 dicit
3511 4176 3525 4212 :
3584 4156 3666 4213 Na

2091 4245 2293 4300 dixeris
2325 4245 2376 4301 iu
2407 4248 2570 4303 corde
2605 4255 2721 4302 tuo.
2747 4265 2766 4299 ι
2805 4246 2900 4301 Ille
2920 4251 3135 4317 quidem
3171 4254 3468 4306 secundum
3496 4251 3671 4308 histo-

2090 4338 2229 4391 riam
2283 4342 2347 4393 de
2383 4339 2499 4410 lege
2529 4341 2635 4396 hoc
2670 4341 2837 4407 dixit;
2898 4342 2994 4397 sed
3045 4343 3336 4412 Apostolus
3405 4345 3538 4400 illud
3596 4348 3666 4400 ad

483 4447 503 4481 ι
551 4430 614 4483 Ει
640 4429 818 4486 omnis
845 4430 941 4500 qui
965 4430 1138 4484 credit
1162 4431 1395 4505 ineunt,
1426 4430 1978 4502 noncoulundctnr.»
2013 4452 2064 4513 ι)
2089 4426 2366 4485 Christum
2402 4442 2591 4502 aptat;
2637 4433 2763 4502 quia
2799 4433 2882 4487 lex
2911 4449 3012 4489 nec
3045 4436 3097 4490 in
3139 4437 3279 4492 cmlo
3312 4437 3439 4504 fuit,
3476 4453 3580 4495 nec
3604 4441 3666 4495 iu

407 4517 524 4574 Non
551 4520 774 4575 Judmus
803 4521 972 4587 solus,
1004 4524 1097 4575 sed
1141 4536 1331 4576 omnes
1357 4523 1643 4578 credentes
1676 4523 1728 4577 in
1753 4537 1840 4590 eo,
1877 4538 1981 4580 non

410 4612 814 4669 conluudentur
844 4616 912 4668 de
940 4614 1188 4683 pristinis
1217 4614 1467 4670 delectis.

1019 4772 1252 4829 CAPUT
1311 4773 1378 4827 X.

484 4905 502 4938 ι
547 4887 810 4943 Fratres:
853 4887 1116 4943 Voluntas
1165 4887 1380 4960 quidem
1418 4889 1598 4945 cordis
1633 4889 1762 4960 mei,
1798 4898 1854 4945 et
1881 4891 1984 4946 ob-

409 4982 644 5036 secratio
673 4980 742 5035 ad
775 4979 946 5033 Deum
982 4980 1038 5034 tit
1065 4997 1164 5051 pro
1197 4983 1303 5037 illis
1345 4981 1400 5036 in
1435 4983 1689 5039 salutem.
1737 5001 1754 5034 ι
1792 4982 1892 5038 llic
1925 4997 1984 5040 se

409 5073 661 5139 ostendit,
696 5089 803 5130 nou
830 5074 960 5138 solis
996 5073 1182 5141 labiis,
1234 5076 1330 5131 sed
1377 5084 1432 5130 et
1465 5076 1632 5131 corde
1662 5090 1760 5145 pro
1798 5077 1983 5132 inimi-

405 5176 484 5214 218
519 5177 699 5216 orare.

480 5271 500 5303 ι
547 5251 941 5310 Testimonium
977 5255 1122 5311 ettim
1168 5257 1428 5326 perhibeo
1484 5257 1614 5324 illis,
1644 5259 1786 5330 quod
1810 5275 1981 5315 remu-

425 5345 664 5400 ationem
693 5349 912 5417 quidem
977 5348 1074 5404 Dei
1127 5351 1350 5414 habent,
1415 5352 1508 5405 sed
1537 5367 1642 5406 non
1681 5357 1978 5408 secundum

383 5423 706 5496 scientiam.
740 5461 759 5494 ›
792 5445 1005 5500 Habent
1062 5443 1346 5500 scientiam
1404 5448 1676 5500 sectandae
1703 5446 1860 5516 legis,
1887 5449 1979 5502 sed

402 5551 510 5588 non
571 5535 902 5606 intelligunt,
959 5539 1086 5606 quia
1135 5537 1389 5594 Christus
1447 5542 1744 5594 secundum
1802 5541 1977 5610 legem

401 5627 570 5678 venit.
601 5628 666 5681 Et
696 5631 818 5697 quia
848 5647 944 5700 per
993 5633 1162 5700 legeu:
1215 5634 1504 5701 justilicari
1553 5649 1658 5688 nou
1685 5643 1920 5704 possunt
1959 5652 1973 5690 2

400 5714 778 5784 periclitantur
810 5736 1020 5790 revera,
1051 5725 1092 5779 si
1123 5723 1241 5778 sine
1273 5726 1499 5781 scientia
1530 5725 1642 5794 fiat,
1678 5727 1803 5796 quia
1828 5743 1969 5797 stt-pe

2094 4521 2312 4589 abysso.
2364 4521 2638 4578 Siveideo
2669 4525 2800 4578 illud
2831 4540 3048 4594 semper
3073 4525 3227 4596 jubet
3254 4530 3340 4584 lex
3381 4533 3664 4598 meditari,

2093 4621 2154 4666 ut
2181 4613 2252 4666 ibi
2285 4611 2563 4668 Christum
2591 4615 2805 4669 Valeant
2832 4619 3097 4673 invenire.
3437 4675 3440 4678 .

2168 4721 2187 4754 ‹
2217 4703 2350 4768 Quis
2377 4706 2638 4760 ascendet
2664 4709 2720 4760 in
2742 4707 2960 4774 caelum,
2992 4709 3045 4764 id
3072 4719 3178 4777 est,
3203 4711 3477 4768 Christum
3500 4716 3668 4771 dedu-

2085 4810 2262 4852 cere:
2296 4806 2391 4852 aut
2445 4797 2570 4867 quis
2624 4798 2922 4856 descendet
2979 4802 3034 4855 in
3081 4805 3335 4873 abyssum
3368 4806 3535 4863 :.hoc
3583 4819 3670 4863 est

2089 4889 2370 4946 Christum
2435 4907 2466 4946 a
2516 4895 2745 4948 mortuis
2807 4897 3151 4951 revocare?»
3211 4897 3348 4964 Quia
3416 4899 3668 4956 Christus

2093 4985 2234 5040 Deus
2282 4994 2337 5040 et
2391 4987 2554 5040 homo
2583 4996 2690 5053 est,
2741 4988 2792 5042 in
2822 5003 2888 5044 eo
2914 4993 3055 5059 quod
3087 4991 3232 5048 Deus
3269 4991 3532 5060 Verbum,
3573 4997 3667 5066 qui
3699 5013 3706 5018 π
3773 4978 3778 4982 ’

2089 5087 2212 5128 cum
2264 5075 2318 5130 in
2348 5075 2522 5132 forma
2559 5075 2657 5132 Dei
2709 5087 2852 5144 erat,
2911 5083 3272 5152 semetipsum
3331 5088 3660 5154 exinanirit,

2092 5165 2319 5221 formam
2337 5170 2480 5224 servi
2516 5170 2814 5240 accipiens,
2844 5170 3026 5228 factus
3054 5185 3136 5230 est
3157 5177 3342 5232 homo.
3368 5176 3664 5250 Propterea

2089 5258 2255 5314 dicit:
2289 5277 2307 5310 ‹
2349 5261 2482 5326 Quis
2513 5260 2770 5318 ascenth
2795 5265 2850 5318 in
2881 5267 3101 5332 cretum,
3135 5267 3238 5323 hoc
3267 5280 3354 5325 est
3378 5273 3661 5328 Christum

2089 5353 2378 5410 deducere.
2401 5373 2420 5406 ι
2439 5355 2716 5410 Deducere
2732 5357 2936 5412 dicitur
2948 5361 3247 5416 secundum
3274 5365 3502 5420 formam
3535 5366 3659 5432 Dei;

2088 5449 2352 5504 reducere
2409 5459 2588 5505 autem
2634 5465 2700 5504 ex
2747 5453 3004 5522 mortuis,
3059 5457 3360 5512 secundum
3426 5459 3655 5517 formam

2086 5545 2252 5598 servi.
2654 5604 2656 5606 ν

2162 5656 2180 5687 ι
2208 5637 2312 5692 Sed
2343 5638 2472 5708 quid
2497 5638 2630 5696 dicit
2669 5642 2996 5713 Scriptura?
3025 5644 3203 5719 Prope
3234 5658 3318 5705 est
3342 5650 3568 5708 verbum
3596 5650 3646 5707 in

2087 5747 2180 5788 ore
2216 5743 2323 5798 tuo,
2373 5742 2426 5789 ct
2455 5734 2507 5789 iu
2554 5735 2720 5792 corde
2755 5747 2894 5794 tuo:
2955 5737 3056 5795 hoc
3107 5752 3192 5800 est
3244 5745 3470 5804 verbum
3512 5745 3639 5810 ﬁdei,
