3946 6206
1847 226 1874 245 \

330 345 430 415 721

1350 337 1756 405 EXPOSITIO
1804 341 1881 400 l.\'
1929 341 2174 405 EPIS’I‘.
2219 344 2324 404 AD‘
2363 345 2569 426 non,

3470 340 3579 406 τερ.

327 463 472 546 quod
501 458 882 530 praedicamus.
901 477 918 510 »
948 453 1007 513 In
1038 457 1488 512 Deuleronomio.
1520 455 1731 510 Novum
1752 453 1902 510 scili-
1930 467 1974 522 Α
2008 474 2115 513 non
2145 467 2303 514 erant
2333 469 2519 529 gentes
2553 457 2666 513 Dei.
2704 457 2865 523 Quasi
2887 472 3016 527 ergo
3043 457 3209 522 dicat,
3237 470 3329 512 eos
3357 455 3450 525 qui
3471 471 3577 510 non

327 562 412 610 cet
428 551 862 606 Testamentum.

402 663 421 696 ι
443 641 582 710 Quia
609 643 654 697 si
685 641 999 697 conﬁtearis
1021 624 1074 695 ni
1105 655 1200 694 ore
1219 648 1312 692 tuo
1342 637 1636 691 Dominum
1665 634 1852 690 Iesum
1878 651 1893 689 :

326 743 379 792 et
403 736 455 788 in
488 735 654 788 corde
690 742 780 786 tuo
810 732 1134 796 credideris,
1172 732 1316 800 quod
1350 730 1499 784 Deus
1548 728 1698 781 illum
1727 727 1900 781 susci-

331 828 461 884 tavit
514 841 546 880 a
603 824 854 880 mortuis.
891 840 911 875 »
982 822 1379 879 Testimonium
1429 820 1612 875 cordis
1673 827 1728 873 et
1789 816 1900 872 oris

327 920 622 976 confessio.

403 1030 422 1063 ι
464 1010 661 1065 Salvus
693 1008 827 1064 eris.
866 1024 884 1060 »
943 1007 990 1062 Α
1021 1005 1231 1063 delictis
1258 1003 1556 1076 praeteritis
1584 1016 1710 1058 cum
1744 999 1897 1056 iutu-

331 1106 428 1160 ris.

405 1213 424 1247 ι
471 1193 650 1250 Corde
721 1191 867 1246 enim
943 1189 1187 1246 creditur
1259 1188 1327 1242 ad
1393 1185 1664 1257 justitiam
1721 1200 1736 1237 :
1806 1197 1902 1238 ore

331 1298 511 1344 autem
563 1284 839 1340 confessio
890 1284 950 1338 Iit
998 1282 1067 1338 ad
1113 1281 1366 1338 salutem.
1401 1301 1420 1334 »
1479 1279 1622 1350 Ergo
1670 1281 1718 1335 si
1771 1279 1904 1334 Ildes

331 1379 528 1438 snlllcit
596 1376 664 1431 ad
722 1375 1027 1441 justitiam,
1089 1383 1146 1428 et
1201 1372 1473 1428 confessio
1524 1373 1589 1426 ad
1647 1371 1902 1436 salutem,

331 1474 475 1528 inter
504 1469 749 1528 Judreum
782 1479 836 1526 et
866 1467 1122 1540 gentiletn
1148 1468 1435 1522 credentes
1469 1465 1615 1520 nulla
1646 1463 1906 1519 discretio

330 1577 432 1622 est.

406 1655 594 1710 «Dicit
647 1638 808 1709 enim.
851 1652 1172 1723 Scriptura:
1229 1649 1420 1706 Omnis
1461 1649 1552 1720 qui
1613 1647 1791 1703 credit
1847 1646 1905 1702 in

331 1751 530 1804 illum.»
563 1748 617 1804 In
642 1749 802 1803 lsaia.
835 1746 951 1802 Non
978 1745 1157 1800 solum
1185 1743 1425 1799 Iudaeus.

2002 561 2131 608 sunt
2155 567 2288 621 gens
2319 567 2457 615 mea,
2490 551 2694 606 vocabo
2720 565 2736 605 :
2766 550 3055 605 etcredent
3085 548 3218 604 mihi
3247 547 3316 603 ad
3337 557 3576 602 vestram

2002 643 2385 709 irritationem,
2442 652 2501 696 ut
2557 643 2755 714 quibus
2813 642 3046 712 majores
3108 639 3373 696 debuistis
3430 652 3576 700 esse.

2004 733 2290 806 gaudeatis
2330 734 2531 803 aqutari
2562 751 2577 801 ;
2627 735 2766 789 sicut
2810 735 2855 790 si
2889 734 3012 804 quis
3040 733 3234 788 habeat
3261 732 3428 786 lilium
3458 733 3579 784 ino-

2004 824 2333 890 bedientem,
2365 834 2419 878 et
2452 825 2519 878 ad
2553 825 2929 895 corrigendum
2956 838 3077 877 cum
3097 822 3384 878 dimidium
3415 820 3584 890 patri-

2004 916 2172 972 monii
2208 917 2293 970 sul
2339 915 2427 970 det
2458 931 2618 971 servo
2651 932 2771 981 suo,
2822 925 2877 969 ut
2915 915 3129 971 tandem
3159 915 3249 970 ille
3280 929 3580 968 conversus

2005 1009 2257 1079 gaudeat,
2308 1008 2392 1062 vel
2448 1007 2494 1062 si
2547 1017 2758 1061 tantum
2815 1009 3065 1075 accipere
3102 1013 3400 1061 mereatur.
3455 1005 3580 1080 Sive

2011 1114 2118 1154 non
2151 1115 2372 1154 eramus
2400 1114 2533 1170 gens
2566 1116 2580 1154 :
2614 1100 2740 1168 quia
2767 1099 2966 1153 tnortui
3001 1113 3219 1153 eramus
3249 1099 3298 1150 in
3325 1097 3579 1164 peccatis.

2085 1210 2103 1241 ι
2139 1190 2305 1246 Isaias
2339 1201 2520 1245 autem
2550 1193 2723 1256 audit,
2757 1198 2810 1244 et
2865 1191 2998 1245 dicit
3029 1207 3042 1244 :
3083 1190 3338 1244 Inventus
3386 1204 3510 1242 sum
3552 1206 3580 1242 a

2008 1271 2118 1338 non
2151 1284 2520 1354 quaerentibus
2549 1298 2654 1337 me.
2689 1301 2706 1334 »
2747 1281 3012 1338 Gentibus
3040 1297 3160 1352 qum
3185 1297 3290 1336 non
3321 1281 3494 1335 Deum
3528 1281 3579 1334 in

2011 1377 2149 1446 lege,
2181 1374 2276 1431 scd
2307 1376 2359 1428 in
2390 1375 2532 1429 idolo
2563 1375 2828 1445 ignoranti
2855 1374 3228 1444 requirebant.

2085 1487 2104 1520 ε
2130 1468 2315 1522 Palam
2343 1467 2566 1538 apparui
2599 1467 2681 1522 his
2705 1467 2798 1537 qui
2830 1481 2912 1522 me
2944 1481 3048 1520 non
3091 1464 3522 1535 interrogabant.
3557 1484 3576 1515 »

2010 1561 2129 1616 Non
2198 1561 2409 1626 Deum,
2473 1561 2568 1616 sed
2640 1559 2906 1614 daemonia
2971 1559 3421 1627 interrogabant,
3488 1572 3582 1626 per

2012 1670 2273 1724 augures,
2305 1663 2359 1709 et
2390 1655 2673 1724 aruspices
2722 1654 3014 1718 idolorum,
3047 1662 3210 1722 atque
3262 1653 3581 1722 astrologos.

2093 1767 2112 1798 ι
2140 1749 2220 1803 Ad
2244 1747 2412 1802 Israel
2437 1757 2618 1802 autem
2652 1747 2802 1804 dicit.
2837 1765 2857 1800 »
2889 1748 3009 1816 Ipse
3031 1745 3158 1840 qpia
3187 1744 3310 1798 talia
3334 1745 3585 1812 gentibus

411 1859 430 1892 ι
459 1838 575 1892 Non
609 1836 993 1893 confundetur.
1029 1853 1048 1887 »
1113 1832 1290 1890 Nolite
1319 1848 1450 1902 ergo
1478 1847 1574 1888 vos
1610 1833 1732 1887 illos
1763 1845 1902 1886 con-

2048 1856 2104 1896 m
2133 1840 2404 1911 promisit,
2451 1839 2652 1896 Judaeis
2697 1851 2828 1894 ecce
2865 1837 3048 1908 qualia
3067 1832 3484 1899 ‘comminatur,
3525 1843 3583 1888 ut

334 1931 562 1987 fundere
586 1929 654 1984 de
689 1926 938 1998 pristinis
963 1924 1203 1988 actibus,
1257 1941 1394 1994 quos
1443 1921 1726 1994 Scriptura
1779 1921 1910 1978 dicit

333 2022 593 2079 confundi
628 2036 736 2075 non
768 2033 948 2090 posse.

410 2133 432 2167 ι
462 2114 578 2170 Non
606 2115 750 2168 enim
797 2123 880 2168 est
925 2111 1207 2168 distinctio
1242 2108 1416 2164 Judaei
1443 2117 1498 2164 et
1525 2107 1722 2164 Grreei.
1774 2104 1910 2161 Nam

336 2209 480 2264 idem
551 2208 810 2262 Dominus
862 2205 1106 2260 omnium
1159 2221 1174 2258 :
1231 2203 1384 2258 dives
1435 2203 1491 2256 in
1553 2214 1760 2266 omnes,
1816 2199 1910 2268 qui

337 2301 596 2355 invocant
621 2298 794 2352 illum.
832 2315 850 2349 »
889 2294 1042 2352 Unus
1073 2295 1334 2351 Dominus
1366 2293 1634 2358 omnium,
1659 2301 1714 2346 et
1742 2291 1913 2346 abun-

337 2394 476 2447 dans
508 2389 886 2446 misericordia
921 2395 978 2442 et
1015 2387 1190 2442 salute
1222 2386 1385 2441 habet
1417 2386 1558 2438 unde
1595 2383 1839 2453 largitur.

417 2503 436 2537 ι
461 2482 653 2539 Omnis
682 2482 826 2536 enim
873 2481 1188 2550 quicunque
1221 2478 1552 2533 invocaverit
1583 2490 1776 2530 nomen
1812 2475 1916 2529 Do-

340 2579 496 2643 mini,
534 2575 716 2631 salvus
769 2575 893 2628 erit.
949 2573 1232 2639 Quomodo
1271 2585 1402 2640 ergo
1450 2569 1805 2631 invocabunt,
1859 2568 1910 2621 in

342 2686 502 2740 quem
534 2685 636 2724 non
661 2665 1055 2722 crediderant?
1091 2683 1110 2717 »
1146 2663 1205 2718 In
1235 2662 1406 2718 Joele.
1440 2662 1517 2718 De
1542 2661 1791 2731 gentibus
1813 2661 1912 2714 ob-

339 2763 506 2834 iectio
553 2760 885 2823 Judteorum,
931 2756 1075 2828 quod
1116 2757 1285 2816 Deum
1326 2756 1584 2811 invocare
1635 2769 1742 2808 non
1792 2767 1916 2823 pos-

343 2867 491 2912 sunt.

419 2965 440 3000 ε
466 2947 574 3002 Aut
602 2947 875 3017 quomodo
895 2947 1119 3002 credent
1148 2943 1218 3009 ei,
1255 2956 1416 3013 quem
1450 2956 1556 2996 non
1587 2935 1915 2993 audierunt?

342 3040 628 3107 Quomodo
679 3047 858 3094 autem
912 3037 1136 3091 audient
1169 3035 1292 3089 sine
1325 3031 1708 3105 praedicante?
1761 3027 1916 3093 Quo-

343 3128 507 3181 modo
553 3141 684 3181 vero
743 3125 1131 3195 praedicabunt,
1189 3122 1297 3177 nisi
1360 3119 1720 3176 mittantur?»
1783 3117 1915 3183 Quia

343 3233 622 3288 nunquam
656 3219 720 3271 ad
750 3219 872 3272 illos
900 3217 1174 3286 propheta:
1207 3225 1334 3272 sunt
1367 3215 1538 3269 missi.

421 3331 442 3364 ι
474 3312 630 3365 Sit-ut
657 3312 916 3378 scriptum
944 3318 1026 3364 est
1055 3322 1069 3362 :
1104 3307 1278 3374 Quam
1306 3308 1536 3378 speciosi
1570 3305 1736 3376 pedes
1757 3319 1920 3358 evan-

345 3403 694 3475 gelizantium
715 3416 924 3470 pacem,
944 3399 1430 3470 evangelizantium
1449 3398 1585 3453 bona
1615 3397 1661 3450 ι»
1690 3395 1919 3450 Istorum

345 3495 512 3565 pedes
536 3494 746 3564 pulchri
774 3503 918 3559 sunt,
942 3493 1034 3562 qui
1067 3506 1254 3561 pacem
1281 3492 1612 3544 annuntiant
1649 3505 1665 3544 :
1701 3487 1916 3541 illorum

344 3597 534 3641 autem
564 3585 656 3652 qui
686 3585 1014 3639 annuntiant
1044 3583 1230 3639 saeculi
1269 3597 1518 3648 cursum,
1571 3589 1760 3651 turpes
1789 3587 1920 3635 sunt

344 3692 510 3754 atque
528 3680 817 3740 deformes.

422 3794 444 3826 ι
475 3774 580 3829 Sed
608 3789 715 3827 non
750 3787 943 3828 omnes
973 3771 1232 3828 obediunt
1278 3769 1589 3841 Evangelio.
1627 3787 1645 3820 »
1675 3768 1845 3844 ‘Ergo
1877 3767 1922 3821 si

347 3883 448 3923 nec
471 3867 546 3920 illi
568 3881 757 3922 omnes
787 3865 1170 3930 obaudierunt,
1203 3865 1268 3919 ad
1300 3878 1438 3932 quos
1464 3863 1553 3918 isti
1580 3870 1708 3916 sunt
1733 3859 1922 3915 missi:

349 3968 562 4032 quanto
589 3959 769 4014 minus
796 3959 908 4022 isti,
943 3958 1008 4013 ad
1037 3973 1176 4028 quos
1200 3971 1359 4011 nemo
1386 3965 1471 4011 cst
1501 3954 1812 4010 destinatus
1835 3952 1860 4004 ἲ

429 4072 450 4105 ι
478 4051 649 4106 Isaias
675 4051 818 4106 enim
849 4051 982 4107 dicit
1013 4067 1028 4106 :
1074 4051 1319 4111 Domine,
1351 4050 1472 4120 quis
1499 4046 1732 4103 credidit
1763 4045 1921 4100 audi-

353 4147 429 4200 tui
466 4146 698 4201 nostro?
733 4162 751 4196 »
819 4143 952 4210 Quis
981 4143 1180 4210 credit,
1213 4141 1356 4212 quod
1391 4140 1638 4195 auditum
1685 4153 1718 4194 a
1749 4138 1925 4202 nobis,

351 4237 436 4293 vel
475 4238 617 4305 quod
647 4251 744 4290 nos
777 4249 806 4290 a
839 4246 912 4300 te,
947 4247 1006 4290 ut
1056 4234 1179 4289 aliis
1217 4232 1688 4299 annuntiaremus,
1721 4228 1932 4285 audivi-

353 4327 517 4394 mus?

432 4437 452 4471 ι
485 4417 628 4486 Ergo
659 4417 792 4472 Iides
829 4431 897 4472 ex
921 4415 1110 4470 auditu
1151 4433 1164 4469 :
1215 4414 1434 4469 auditus
1467 4421 1648 4468 autem
1681 4425 1779 4481 per
1801 4425 1926 4466 ver-

353 4511 482 4564 bttm
510 4507 736 4562 Christi.
768 4525 787 4559 »
829 4507 928 4560 Hic
965 4505 1246 4574 responsio
1270 4503 1536 4572 Apostoli.

432 4617 452 4650 ι
487 4598 593 4652 Sed
635 4596 802 4651 dico:
865 4593 1120 4664 Nunquid
1171 4609 1279 4647 non
1326 4593 1664 4648 audierunt?
1699 4591 1764 4646 Et
1804 4589 1927 4661 qui-

357 4687 502 4742 dem.
527 4705 547 4738 »
590 4685 764 4739 Etiam
801 4695 926 4739 ante
961 4686 1080 4740 illos
1112 4685 1326 4739 audisse
1359 4683 1670 4740 confirmat.

436 4797 456 4832 ι
486 4780 545 4833 In
585 4793 804 4833 omnem
873 4787 1073 4833 terram
1121 4778 1289 4832 exivit
1317 4792 1486 4832 sonus
1507 4791 1722 4842 eorum,
1777 4786 1833 4830 et
1873 4774 1931 4830 in

361 4873 497 4928 lines
523 4872 673 4926 orbis
705 4881 866 4927 teme
889 4872 1053 4926 verba
1080 4884 1291 4925 eorum.
1332 4889 1349 4920 »
1392 4869 1515 4924 Vult
1549 4869 1648 4922 hoc
1683 4853 1934 4922 testimo-

360 4966 510 5018 nium
554 4961 1047 5034 per'allegoriam,
1095 4964 1320 5018 vocibus
1369 4962 1596 5032 intelligi
1634 4960 1935 5038 propheta-

364 5072 511 5110 rum.

445 5149 604 5204 «Sed
653 5149 824 5204 dico:
882 5147 1139 5217 Nunquid
1198 5145 1366 5201 Israel
1423 5161 1528 5202 non
1582 5145 1931 5215 cognovit?»

363 5239 568 5295 Gentes
602 5253 728 5296 esse
759 5225 1042 5296 vocandas
1062 5241 1129 5295 ad
1159 5240 1342 5295 iidem.

441 5351 462 5386 ι
487 5333 704 5388 Primus
762 5332 979 5403 Moyses
1013 5333 1168 5388 dicit.
1201 5351 1220 5384 »
1283 5333 1410 5387 Ideo
1461 5333 1672 5402 primus
1705 5332 1936 5402 Moyses,

369 5426 492 5492 quia
519 5439 711 5480 omnes
744 5440 883 5495 pene
909 5426 1185 5496 prophetae
1204 5435 1392 5495 postea
1417 5424 1484 5481 de
1505 5425 1744 5494 gentium
1765 5425 1943 5480 salute

370 5516 651 5571 dixerunt.

448 5608 604 5680 «Ego
647 5607 722 5666 ad
773 5609 1173 5664 aemulationem
1231 5623 1328 5664 vos
1385 5607 1652 5662 adsumam
1718 5611 1771 5662 itt
1833 5624 1944 5664 non

375 5709 588 5768 gentem
621 5700 987 5770 insipientem,
1031 5702 1084 5756 itt
1118 5701 1248 5754 iram
1282 5716 1377 5755 vos
1409 5701 1674 5754 mittam.»
1733 5702 1790 5754 ln
1815 5717 1943 5756 catt-

379 5790 482 5845 tico
517 5789 944 5849 Deuteronomii.
997 5794 1300 5863 Antequam
1352 5793 1696 5849 (rediderunt
1741 5793 1942 5865 .Deum,

2013 1933 2200 1990 sciatis
2229 1942 2520 2002 utrumque
2552 1933 2892 2003 praedictum.

2090 2043 2109 2078 ‹
2142 2024 2278 2080 Tota
2309 2024 2400 2080 die
2435 2025 2726 2096 expandi.»
2753 2024 2894 2082 Toto
2928 2033 3171 2098 tempore
3203 2025 3473 2080 mirabilia
3503 2025 3586 2080 vel

2012 2121 2201 2190 plagas
2229 2117 2469 2174 ostendit
2501 2137 2515 2174 :
2547 2127 2602 2190 et
2633 2132 2736 2174 nec
2766 2119 2846 2174 sic
2872 2119 3096 2174 credere
3129 2118 3442 2174 voluerunt.

2090 2231 2109 2266 r
2147 2212 2338 2268 Manus
2367 2225 2518 2267 meas
2551 2211 2614 2266 ad
2639 2212 2916 2282 "populum
2952 2226 3060 2266 non
3108 2211 3448 2274 credentem,
3493 2209 3586 2263 sed

2014 2306 2481 2361 contradicentem
2508 2305 2663 2360 mibi.
2693 2325 2711 2358 »
2749 2304 3004 2362 Exlensio
3027 2320 3282 2360 manuum
3303 2303 3589 2376 allegorice

2016 2399 2194 2470 signat
2221 2413 2464 2454 crucem.

2605 2557 2833 2614 CAPUT
2896 2555 2988 2612 XI.

2094 2695 2111 2728 ι
2145 2674 2278 2730 Dico
2329 2689 2513 2745 ergo:
2569 2672 2828 2743 Nunquid
2876 2671 3020 2728 Deus
3070 2669 3263 2740 repulit
3333 2667 3590 2738 populum

2017 2785 2171 2824 suum
2196 2770 2219 2823 ?
2244 2769 2454 2824 Absit.»
2483 2768 2618 2834 Quia
2655 2767 2786 2820 satis
2813 2765 2934 2819 illos
2975 2763 3358 2817 Itumiliaverat
3386 2777 3400 2814 :
3435 2759 3593 2819 modo

2017 2861 2170 2931 quasi
2205 2860 2378 2914 bonus
2411 2859 2604 2913 doctor
2637 2855 2952 2912 consolatur
2981 2868 3094 2918 eos,
3128 2866 3197 2906 ne
3219 2851 3338 2905 illos
3367 2849 3591 2903 nimiutn

2019 2952 2350 3006 exacerbare
2377 2951 2675 3004 videretur.
2722 2946 2841 3001 Non
2869 2959 3082 3006 omnes,
3113 2943 3210 3009 ait,
3243 2941 3459 3011 repulit,
3491 2955 3593 2994 nec

2021 3057 2256 3112 semper,
2289 3041 2390 3096 nisi
2424 3040 2662 3109 quandin
2709 3053 2816 3092 non
2867 3035 3121 3090 credunt.

2099 3153 2117 3186 ι
2150 3132 2284 3187 Nam
2322 3143 2377 3186 et
2408 3148 2506 3203 ego
2537 3130 2784 3185 Israelita
2818 3123 2956 3184 snin.
2985 3147 3003 3180 »
3061 3127 3118 3181 Si
3143 3140 3337 3181 omnes
3361 3123 3589 3194 repulis-

1945 3199 1989 3259 Ο
2022 3237 2124 3292 set,
2171 3242 2254 3281 me
2287 3242 2390 3280 non
2423 3227 2778 3294 suscepisset.

2101 3341 2119 3373 ι
2153 3321 2234 3375 Ex
2284 3320 2492 3373 semine
2554 3317 2852 3380 Abraham,
2904 3315 2971 3370 de
3035 3313 3176 3369 tribu
3234 3309 3534 3379 Beniamin.
3573 3329 3590 3360 »

2023 3412 2138 3468 Non
2165 3429 2227 3466 ex
2261 3413 2470 3466 semine
2499 3408 2921 3479 proselytorum.

2103 3523 2118 3558 ι
2151 3504 2268 3559 Non
2303 3503 2497 3572 repulit
2531 3501 2674 3556 Deus
2724 3501 2933 3571 plebem
2966 3515 3142 3562 suam,
3179 3512 3342 3566 quam
3375 3493 3599 3566 priesci-

2023 3597 2120 3652 vit.
2150 3614 2169 3650 »
2201 3596 2351 3650 Illam
2370 3595 2578 3663 plebem
2611 3610 2716 3649 non
2752 3593 2971 3662 repulit,
2998 3607 3157 3661 quatn
3179 3590 3450 3661 praescii/it
3477 3603 3598 3644 esse

2025 3689 2370 3744 credituram.

2107 3801 2124 3834 ι
2168 3782 2249 3836 An
2298 3781 2521 3834 nescitis
2555 3778 2608 3833 in
2657 3778 2796 3842 Elia,
2851 3777 2978 3846 quid
3033 3775 3165 3830 dicit
3221 3771 3543 3840 Scriptura?
3573 3791 3589 3821 »

2025 3873 2084 3931 In
2113 3874 2322 3942 Regum
2350 3873 2510 3939 libro,
2547 3872 2635 3926 ubi
2669 3870 2930 3941 scriptum
2963 3879 3048 3924 est
3075 3868 3142 3924 de
3173 3866 3288 3920 Elia
3321 3864 3439 3937 (III
3475 3862 3595 3934 Reg.

2027 3983 2142 4032 xu,
2170 3967 2283 4036 l8).

2105 4075 2124 4108 ι
2175 4056 2642 4124 Quemadmodum
2713 4051 3027 4123 interpellat
3084 4051 3254 4104 Deum
3311 4049 3594 4102 adversum

2027 4148 2218 4204 Israel.
2256 4166 2274 4200 »
2327 4146 2592 4203 Gentibus
2640 4145 2953 4216 superbiam
2996 4143 3159 4203 tollit.
3201 4155 3266 4194 ne
3297 4139 3598 4208 glorientur

2031 4239 2175 4310 quod
2200 4255 2263 4294 ex
2290 4236 2494 4293 Iudaeis
2526 4234 2840 4306 paucissimi
2875 4234 3252 4298 crediderunt,
3289 4240 3342 4285 et
3377 4230 3473 4297 ipsi
3502 4228 3598 4282 soli

2027 4340 2414 4388 remanserunt
2439 4331 2570 4385 Deo.

2106 4445 2125 4478 ‹
2157 4426 2406 4490 Domine,
2461 4423 2752 4492 prophetas
2806 4430 2928 4475 tuos
2990 4420 3352 4474 occiderunt:
3409 4414 3602 4468 altaria

1958 4540 2002 4595 υ
2034 4529 2124 4574 tua
2149 4518 2512 4582 sulloderunt,
2537 4525 2591 4571 et
2617 4529 2716 4584 ego
2744 4513 2967 4567 relictus
2999 4527 3115 4567 sum
3149 4510 3295 4564 solus
3331 4525 3346 4562 :
3375 4516 3429 4561 et
3461 4501 3606 4575 qdaa-

2035 4622 2164 4666 runt
2187 4609 2424 4664 animam
2450 4624 2680 4663 meam.»
2704 4605 2908 4661 Omnes
2934 4607 3210 4675 prophetae
3235 4603 3325 4656 illa
3360 4609 3604 4655 tanturn-

2037 4705 2199 4758 modo
2216 4702 2480 4768 sciebant,
2509 4717 2626 4771 qum
2649 4700 2756 4754 illis
2782 4699 3016 4752 fuissent
3035 4714 3060 4750 a
3089 4696 3320 4750 Domino
3345 4694 3600 4748 revelata.

2037 4795 2194 4851 Unde
2229 4805 2280 4850 et
2312 4810 2407 4849 rex
2435 4792 2729 4848 Jercmiam
2771 4789 2938 4844 dubie
2967 4791 3262 4857 interrogat
3293 4805 3306 4839 :
3371 4785 3426 4838 Si
3459 4785 3510 4836 in
3543 4797 3605 4836 ea

2037 4890 2198 4952 hora,
2231 4902 2336 4958 qua
2371 4901 2494 4940 cum
2546 4885 2640 4940 illo
2677 4883 3022 4952 loquebatur,
3079 4880 3222 4950 apud
3273 4893 3394 4932 eum
3425 4889 3606 4929 sermo

2038 4980 2271 5037 Domino
2326 4979 2618 5033 haberetur
2678 4976 2891 5045 (Jerent.
2961 4989 3168 5036 xxxv”,
3222 4970 3328 5038 I6).
3404 4967 3509 5022 Sed
3555 4975 3611 5018 ct

2041 5071 2268 5125 Elisaaus
2299 5069 2431 5124 dicit
2462 5087 2475 5125 :
2513 5065 2786 5134 Quomodo
2822 5070 2932 5120 lucc
2971 5066 3227 5118 Dominus
3263 5060 3537 5114 abscondit
3573 5073 3607 5110 a

2042 5179 2124 5216 me
2155 5160 2257 5232 (IV
2304 5159 2429 5231 Reg.
2459 5176 2531 5226 tv,
2565 5159 2695 5230 27)?
2754 5159 2830 5213 Ita
2886 5174 3014 5226 ergo
3066 5165 3118 5209 et
3153 5153 3296 5207 Elias
3339 5153 3439 5205 hoc
3491 5149 3610 5204 loco

2043 5261 2240 5324 praeter
2273 5267 2331 5307 se
2362 5267 2482 5306 esse
2519 5253 2674 5318 alios,
2704 5251 2793 5320 qui
2828 5251 2993 5303 Deum
3020 5247 3279 5309 colerent,
3317 5242 3608 5312 ignoravit.

2120 5343 2278 5398 «Sed
2353 5343 2483 5412 quid
2569 5343 2702 5397 dicit
2781 5341 2859 5396 illi
2925 5341 3168 5395 divinum
3240 5332 3612 5403 responsum?

2049 5434 2263 5502 Reliqui
2291 5434 2418 5486 mihi
2447 5442 2651 5504 septem
2679 5431 2848 5485 millia
2875 5429 3133 5483 virorum.
3159 5446 3176 5478 υ
3212 5427 3266 5479 Si
3294 5423 3608 5493 prophetarit

2049 5526 2186 5578 tanti
2225 5526 2517 5591 latuerunt,
2570 5532 2775 5593 quanto
2829 5521 3001 5590 magis
3034 5535 3130 5574 vos
3162 5518 3406 5579 nescitis,
3453 5529 3612 5584 quam

2049 5619 2200 5672 tnulti
2230 5616 2560 5679 Jndarorum,
2592 5627 2646 5669 et
2677 5616 2865 5668 salvati
2894 5623 3041 5679 sunt,
3094 5620 3146 5664 et
3177 5608 3443 5663 salvandi.

2127 5708 2259 5773 «Qui
2296 5723 2398 5761 non
2443 5695 2825 5761 “curvaverunt
2861 5719 3034 5775 genua
3070 5713 3195 5757 ante
3255 5699 3431 5754 Baal.»
3496 5697 3612 5750 Non

2051 5798 2222 5856 solum
2254 5797 2586 5854 immolando
2641 5796 2800 5853 idolis
2835 5796 3090 5863 servitur,
3125 5793 3219 5849 sed
3247 5793 3408 5848 etiam
3442 5790 3614 5844 delin-
