3934 6200
451 301 566 371 723

1425 305 1488 368 S.
1525 303 1973 365 HIERONYMI
2015 305 2332 368 OPERUM
2370 306 2776 371 MANTISSA.
3561 312 3649 383 724

437 415 700 493 'quendo.
764 419 822 475 Si
873 419 1019 476 enim
1055 417 1196 475 Deus
1253 417 1409 475 factis
1453 429 1705 492 negatur,
1744 421 1931 490 utique
1977 431 2032 475 et
2059 427 2110 488 Α
2136 423 2518 493 prophetatur,
2539 426 2631 494 qui
2657 424 2996 481 Salvatorem
3019 433 3173 480 aceto
3195 435 3248 482 et
3272 425 3383 483 felle
3403 440 3648 504 potarum;

455 517 728 568 daemones
757 513 1101 566 honoramur

534 603 660 658 «Sic
695 617 826 670 ergo
873 610 925 656 et
964 602 1018 655 in
1065 601 1170 656 hoc
1197 610 1499 670 tempore.»
1556 599 1712 657 Sicut
1742 617 1871 673 ergo
1900 610 2031 658 tunc

453 709 563 748 non
595 706 783 748 omnes
811 691 1116 762 perierunt,
1151 691 1223 744 ita
1255 700 1310 746 et
1343 705 1486 747 nunc
1519 692 1781 759 aliquanti
1816 691 2031 746 salvan-

455 799 560 842 IUI'.

531 873 830 942 «Reliquiae
861 874 1161 928 secundum
1193 874 1515 931 electionem
1545 875 1733 947 gratia:
1753 871 1846 932 Dei
1867 876 2032 932 salvae

453 967 611 1021 luctas
643 975 828 1020 sunt.»
864 965 1069 1022 Electio
1105 968 1315 1036 gratiae,
1348 967 1482 1023 fides
1513 975 1637 1032 est;
1669 969 1812 1024 sicut
1840 985 2028 1040 opera,

455 1059 651 1112 electio
679 1058 836 1128 legis.
860 1058 1150 1126 Caeterum,
1180 1076 1302 1132 quae
1331 1060 1548 1129 electio,
1575 1062 1826 1118 ubiuulla
1855 1063 2033 1118 divcrd

455 1152 590 1205 sitas
619 1151 984 1208 meritorum?

531 1243 620 1299 «Si
682 1255 865 1302 autem
923 1248 1122 1317 gratia,
1176 1247 1290 1319 jam
1344 1265 1452 1305 non
1491 1263 1559 1305 ex
1589 1249 1903 1320 operibus.»
1955 1247 2036 1304 Ne

453 1334 698 1392 dicerent
729 1338 827 1402 illi,
867 1338 935 1394 de
963 1340 1160 1410 quibus
1199 1341 1332 1397 Elire
1375 1342 1614 1397 dicitur:
1673 1339 1815 1396 Justi
1850 1350 2031 1409 erant,

453 1427 546 1483 isti
568 1443 696 1482 vero
731 1439 1045 1498 peccatores
1074 1447 1088 1487 :
1151 1433 1428 1502 quomodo
1456 1433 1618 1488 electi
1649 1433 1819 1487 sunt?
1850 1433 2035 1503 subje-

451 1523 525 1575 cit
555 1537 572 1574 :
605 1523 731 1592 quia
763 1533 818 1579 et
854 1526 953 1595 ipsi
983 1527 1152 1596 gratis
1180 1527 1376 1582 salvati
1413 1535 1540 1582 sunt
1569 1527 1711 1582 sicut
1740 1536 1794 1582 et
1823 1535 2032 1596 gentes.

539 1633 558 1665 «
586 1615 841 1686 Alioquin
871 1618 1178 1686 gratiajam
1213 1633 1322 1673 non
1365 1628 1451 1674 est
1479 1618 1709 1690 gratia.»
1741 1617 1875 1686 Quia
1909 1634 2035 1690 gra-

453 1714 648 1760 tuttum
687 1722 884 1762 munus
915 1708 1242 1778 appellatur.

2134 521 2190 564 et
2220 519 2402 568 tamen
2430 515 2566 582 ipsis
2592 515 2726 570 dicit
2758 514 2955 570 Petrus
2996 533 3010 571 :
3053 513 3121 569 Et
3154 531 3286 570 nunc
3312 519 3428 585 scio,
3454 523 3557 589 quia
3575 539 3652 592 per

2134 605 2500 673 ignorantiam
2529 607 2728 677 fecistis
2763 609 2883 662 hoc.
2911 606 3242 664 Pauitemini
3268 627 3420 682 ergo:
3446 623 3488 667 et
3515 616 3654 682 bapti-

2134 708 2285 752 setur
2323 702 2690 771 unusquisque
2733 711 2969 757 vestrum
3031 703 3174 773 (Act.
3211 720 3290 770 tu,
3331 705 3422 769 I7;
3475 724 3529 772 tt,
3557 709 3648 778 38).

2139 787 2204 843 Et
2233 789 2348 860 ipse
2382 790 2587 846 Paulus
2615 801 2738 862 post
2776 793 3055 847 modicum
3092 795 3164 848 ait
3201 810 3216 848 :
3254 813 3272 847 «
3294 795 3358 850 Et
3385 797 3472 860 illi,
3505 799 3544 854 si
3568 815 3650 854 non

2134 882 2543 947 permanserint
2597 884 2653 938 in
2718 883 3125 950 incredulitate,
3187 887 3481 943 inserentur
3534 907 3548 944 :
3605 903 3652 946 ut

2135 971 2379 1028 sciamus
2399 973 2526 1042 quia
2548 974 2774 1044 spiritus
2799 977 3237 1044 compunctionis
3265 977 3544 1034 facultatem
3567 982 3654 1036 illis

2137 1079 2246 1120 non
2294 1067 2518 1122 abstulit
2570 1070 2981 1125 convertendia
3045 1068 3288 1140 Denique
3342 1073 3507 1126 statim
3559 1075 3651 1142 ipse

2137 1157 2300 1211 solvit
2323 1157 2378 1213 in
2405 1161 2763 1230 sequentibus
2802 1161 3009 1217 verbis.
3068 1163 3203 1218 Item
3236 1167 3526 1219 sacerdotes
3551 1183 3649 1221 cum

2139 1248 2476 1305 arbitrantur
2509 1253 2654 1323 quod
2690 1255 2736 1309 si
2791 1252 3068 1310 Christum
3122 1255 3494 1322 interfecerint,
3526 1259 3658 1313 habe-

2145 1352 2269 1395 rent
2301 1355 2523 1412 semper
2559 1359 2804 1401 mensam
2835 1347 3229 1402 sacriﬁciorum
3269 1357 3319 1403 et
3341 1347 3654 1405 decimarum:

2139 1430 2284 1488 facta
2322 1444 2406 1490 est
2439 1437 2547 1492 illis
2577 1438 2630 1494 in
2665 1439 2944 1510 laqueum.
2995 1440 3354 1496 Perdiderunt
3381 1441 3512 1496 enim
3545 1451 3655 1497 tem-

2140 1524 2309 1592 plum,
2349 1529 2404 1581 in
2433 1543 2541 1596 quo
2572 1545 2766 1586 vanam
2793 1548 2948 1604 spem
2985 1533 3313 1597 habuerunt,
3343 1541 3395 1589 et
3421 1541 3660 1589 nuncsunt

2141 1613 2285 1670 inter
2311 1626 2500 1685 gentes
2528 1620 2828 1678 maledicti.

2217 1726 2237 1760 «
2266 1708 2396 1764 Dico
2422 1725 2550 1780 ergo
2584 1728 2602 1770 :
2637 1712 2892 1784 Nunquid
2942 1715 3023 1769 sic
3050 1715 3428 1772 olI’enderunt?
3451 1733 3469 1767 »
3529 1716 3654 1773 IIodo

537 1816 556 1849 ι
581 1796 726 1864 Quid
757 1799 932 1872 ergo?
959 1798 1112 1865 Quod
1148 1801 1424 1870 quaerebat
1458 1801 1648 1870 Israel,
1671 1805 1774 1859 hoc
1808 1818 1915 1858 non
1949 1813 2034 1858 est
2066 1787 2109 1844 Β
2141 1795 2333 1855 iterum
2361 1813 2570 1872 partem
2601 1810 2808 1862 revelat
2843 1806 3184 1863 Iudaeorum.

457 1900 845 1946 consecutus.»
895 1889 1021 1947 Ideo
1049 1891 1212 1948 Israel
1259 1902 1406 1950 totus
1439 1910 1547 1951 non
1593 1906 1676 1950 est
1705 1906 2033 1952 consecutus

453 1983 743 2052 justiiam,
777 1986 906 2053 quia
941 1999 1062 2040 eam
1095 2001 1204 2039 non
1249 2002 1313 2040 ex
1353 1987 1458 2041 {ide
1497 1989 1797 2056 qttzerebat,
1834 1990 1930 2046 sed
1966 2006 2032 2045 ex

455 2073 588 2128 solis
634 2075 890 2144 operibus
947 2076 1083 2147 legis
1140 2094 1198 2133 se
1249 2077 1539 2148 jnslillcari
1591 2082 1820 2148 putabat
1851 2122 1866 2148 ,
1904 2098 2029 2138 cum

455 2167 694 2222 maxime
728 2169 861 2238 legis
893 2171 1145 2225 mandata
1173 2181 1569 2228 contemneret.
1604 2171 1757 2230 Unde
1789 2190 1816 2226 a
1843 2174 2034 2230 Salva-

461 2270 574 2315 tore
635 2272 937 2332 arguuntur
993 2264 1224 2320 culicem
1291 2265 1580 2335 liquantes,
1645 2277 1698 2322 et
1762 2269 2030 2323 camelum

424 2352 750 2419 .glutientes
795 2355 1015 2421 (Matth.
1052 2373 1217 2422 um,
1246 2356 1362 2428 24).
1413 2356 1547 2412 Item
1605 2369 1889 2428 propterea
1927 2360 2032 2414 hoc

456 2445 611 2512 dicit,
645 2447 770 2516 quia
797 2443 1104 2504 Iudaeorum
1131 2459 1291 2504 erant
1319 2451 1736 2520 promissiones,
1768 2468 1864 2521 per
1895 2467 2032 2522 quas

456 2548 721 2593 venturus
748 2549 868 2593 erat
907 2540 1155 2597 Christus
1177 2541 1388 2595 salvarc
1413 2558 1509 2598 eos
1549 2558 1579 2597 a
1609 2544 1724 2598 suis
1755 2546 2028 2613 peccatis;

457 2630 552 2684 sed
612 2631 738 2702 quia
771 2630 953 2696 venit,
1002 2641 1056 2686 et
1107 2649 1213 2688 non
1265 2635 1638 2702 crediderunt,
1698 2636 1819 2693 ideo
1876 2637 2029 2702 dicit,

456 2723 622 2778 Israel
648 2739 751 2780 non
779 2732 861 2778 est
898 2737 1250 2781 consecutus.

536 2836 554 2868 «
589 2817 792 2872 Electio
819 2827 999 2873 autem
1031 2830 1330 2875 consccuta
1365 2831 1470 2876 est.
1509 2841 1529 2875 »
1591 2821 1695 2889 Qui
1734 2839 1829 2895 per
1871 2824 2028 2881 fidem

457 2911 616 2966 electi
645 2920 791 2966 sunt.

538 3023 557 3055 «
593 3003 787 3062 Cameri
819 3020 950 3062 vero
978 3008 1233 3063 excmcati
1270 3017 1454 3064 sunt.»
1517 3008 1708 3066 Caeteri
1754 3025 1853 3080 per
1906 3011 2032 3065 inll-

458 3096 732 3152 delitatem
799 3101 1054 3155 esczccati
1125 3111 1287 3166 snnt,
1344 3104 1490 3158 sicut
1559 3105 1823 3173 scriptum
1892 3115 2106 3200 est:c

461 3188 587 3246 Nisi
618 3193 974 3258 credideritis,
1011 3211 1113 3248 non
1151 3194 1460 3263 intelligetis
1489 3195 1628 3264 (lsa.
1657 3211 1756 3260 vtt,
1779 3196 1858 3264 9).

536 3301 556 3336 «
583 3282 736 3339 Sicut
772 3285 1036 3352 scriptum
1088 3295 1171 3338 est
1205 3285 1260 3338 in
1292 3284 1431 3338 Isaia
1463 3299 1478 3340 ζ
1540 3283 1698 3338 Dedit
1745 3284 1850 3339 illis
1894 3283 2038 3339 Deus

461 3376 714 3445 spiritum
745 3376 1183 3444 compmctionis
1221 3395 1234 3431 :
1271 3378 1481 3439 oculos,
1535 3387 1593 3431 ut
1636 3392 1743 3432 non
1790 3375 2036 3440 videant,

461 3479 518 3524 et
557 3484 742 3537 aures,
776 3479 836 3524 ut
863 3484 970 3525 non
1006 3469 1286 3526 audiant.»
1313 3500 1383 3512 —
1429 3473 1562 3525 Ante
1613 3470 1877 3524 hominem
1931 3471 2040 3525 vita
2073 3488 2082 3492 τ’

462 3571 513 3618 et
541 3579 705 3629 mors,
731 3563 871 3634 quod
915 3563 1178 3634 placuerit
1226 3565 1294 3629 ei,
1325 3563 1542 3618 dabitur
1591 3563 1673 3618 illi
1721 3562 1916 3631 (Eccli.
1947 3579 2038 3628 xv,

462 3653 578 3725 18),
641 3669 710 3708 ne
740 3654 963 3710 libertas
997 3654 1207 3710 scilicet
1249 3654 1469 3708 tollatur
1500 3653 1741 3708 arbitrii.
1776 3651 1872 3707 Dei
1911 3665 2042 3722 ergo

465 3747 619 3812 dare,
649 3746 962 3816 permittere
992 3757 1098 3802 est.
1133 3745 1401 3817 Spiritum
1431 3755 1613 3801 autem
1665 3743 2043 3814 compunctio-

464 3837 575 3901 nis,
617 3851 778 3907 quem
807 3836 1209 3892 desiderabant.
1262 3836 1488 3906 Semper
1519 3836 1663 3891 enim
1713 3835 1899 3890 verbis
1946 3833 2041 3889 Dei

464 3928 684 3985 fuerunt
714 3930 1018 3997 increduli;
1080 3946 1204 3984 nam
1238 3931 1284 3985 si
1321 3930 1624 3985 voluissent
1654 3927 1859 3984 habere
1884 3929 2045 3994 spiri-

463 4033 580 4078 tum
613 4024 760 4088 ildei,
793 4024 1158 4092 accepissent.
1197 4022 1303 4077 Sed
1330 4033 1384 4078 et
1409 4038 1552 4078 nunc
1597 4021 1915 4085 Christiani,
1949 4021 2041 4090 qui

464 4117 532 4170 de
561 4115 968 4170 resurrectione
1001 4113 1276 4179 dubitant,
1311 4125 1367 4170 et
1399 4114 1622 4184 praemio
1670 4130 1734 4169 ac
1771 4114 2040 4185 gehenna,

461 4207 699 4265 similem
735 4207 839 4262 sibi
875 4207 1130 4275 spiritum
1163 4207 1516 4276 qumsierunt.
1588 4205 1700 4260 Iloc
1735 4207 1882 4261 enim
1924 4207 2045 4261 loco

463 4298 732 4369 propheta
783 4298 849 4354 de
885 4297 1196 4352 inlidelibus
1227 4295 1487 4364 loquitur.
1523 4291 1716 4349 Divina
1744 4292 2038 4362 Scriptura

465 4391 574 4446 hoc
603 4389 790 4456 habet,
822 4398 884 4443 ut
936 4403 1059 4443 cum
1096 4387 1478 4455 unusquisque
1510 4383 1706 4442 habeat
1736 4384 2043 4440 libertatem

2219 1891 2321 1947 «Ut
2353 1893 2656 1952 caderent?
2688 1897 2900 1953 Absit.»
2956 1895 3072 1953 Non
3109 1899 3350 1968 penitus,
3400 1907 3450 1955 et
3478 1900 3658 1954 irreue-

2140 1981 2420 2039 diabiliter
2450 1987 2789 2042 ceciderunt.

2220 2074 2367 2132 «Sed
2419 2077 2632 2132 illorum
2689 2079 2976 2146 delictum,
3042 2079 3196 2137 salus
3223 2089 3306 2137 est
3349 2081 3589 2152 gentibus,
3615 2090 3659 2133 ut

2142 2163 2267 2220 illos
2286 2167 2633 2222 aemulentur.
2650 2187 2668 2220 »
2686 2163 2868 2238 Usque
2887 2171 3023 2225 adeo
3047 2172 3170 2227 illos
3190 2172 3392 2238 dilexit,
3416 2181 3467 2226 ut
3483 2181 3660 2240 propter

2141 2258 2372 2313 salutem
2399 2258 2614 2315 illorum
2645 2271 2835 2330 gentes
2861 2271 3221 2328 vocarentur,
3252 2281 3355 2333 quo
3385 2279 3472 2319 eas
3505 2263 3660 2318 viden-

2143 2359 2225 2405 tes
2264 2352 2332 2406 ad
2393 2367 2618 2422 regnum
2671 2354 2764 2410 Dei
2797 2356 3035 2421 admitti,
3081 2355 3169 2410 vel
3201 2359 3279 2411 sic
3312 2356 3511 2411 facilius
3552 2369 3656 2410 con-

2143 2451 2520 2498 verterentur.
2563 2444 2693 2500 Item
2732 2451 2858 2510 quia
2890 2448 3238 2520 dispensatio
3280 2447 3370 2504 Dei
3403 2448 3466 2502 ita
3494 2447 3596 2512 fuit,
3618 2455 3662 2500 ut

2140 2551 2238 2605 per
2271 2547 2501 2592 mortem
2533 2538 2736 2594 Christi
2804 2555 2965 2595 omne
2996 2555 3172 2613 genus
3219 2541 3493 2595 humanum
3521 2539 3662 2594 salva-

2140 2639 2310 2694 retur,
2369 2631 2512 2686 sicut
2572 2631 2685 2701 ipse
2726 2632 2991 2689 Dominus
3029 2633 3212 2689 dicit:
3269 2633 3397 2688 Cum
3443 2632 3662 2686 (saltatus

2142 2719 2314 2789 fuero,
2347 2726 2527 2777 omnia
2559 2725 2628 2778 ad
2655 2741 2734 2778 me
2767 2726 2973 2779 traltam
3006 2727 3197 2796 (Joan.
3255 2742 3353 2789 xu,
3406 2725 3520 2794 32);
3566 2723 3663 2777 ideo

2139 2815 2313 2871 dicit:
2382 2817 2538 2874 «Sed
2604 2819 2818 2875 illorum
2873 2821 3134 2876 delictum
3199 2822 3346 2876 salus
3400 2819 3661 2888 geminum

2139 2908 2338 2965 Dicens
2362 2921 2566 2979 autem,
2658 2913 2725 2969 Ut
2753 2913 2881 2968 illos
2913 2915 3265 2981 aemulentur,
3292 2911 3537 2974 ostendit»
3564 2908 3662 2978 (ιιιῑλ

2139 3001 2243 3055 nisi
2280 3016 2467 3072 gentes
2515 3003 2736 3059 Christo
2787 3006 3176 3073 credidissent,
3227 3005 3458 3076 reliquiae
3491 3003 3663 3058 illorum

2141 3108 2418 3163 nunquam
2455 3095 2677 3150 salvatus
2706 3096 2958 3152 fuissent.

2219 3185 2399 3252 «Quod
2435 3187 2478 3241 si
2516 3188 2772 3242 delictum
2818 3190 3060 3256 illorum,
3103 3191 3316 3245 divitia:
3347 3197 3466 3244 sunt
3498 3184 3665 3248 mundi.

2141 3287 2193 3334 et
2221 3279 2506 3333 diminutio
2529 3294 2740 3347 eorum,
2775 3281 2976 3336 divitiae
3000 3283 3273 3350 gentium,
3330 3290 3520 3349 quanto
3536 3276 3667 3346 magis

2140 3369 2422 3442 plenitudo
2478 3373 2756 3426 eorum?»
2817 3373 2872 3428 Si
2931 3373 3194 3426 delictum
3253 3388 3435 3428 eorum
3497 3376 3665 3424 tantum

2142 3461 2299 3515 vobis
2328 3460 2550 3530 profuit,
2577 3472 2635 3516 ut
2669 3465 2787 3518 sine
2825 3464 3082 3532 operibus
3115 3463 3272 3533 legis,
3312 3477 3405 3518 vos
3430 3460 3526 3515 illis
3551 3458 3666 3512 face-

2143 3561 2225 3607 ret
2253 3553 2530 3609 coiuerere
2564 3571 2577 3608 :
2608 3564 2662 3609 et
2686 3556 2730 3610 si
2760 3555 2914 3626 pauci
2958 3570 3150 3609 eorum
3189 3555 3489 3619 credentes,
3517 3565 3669 3609 omnes

2143 3661 2239 3702 vos
2269 3646 2335 3700 ad
2374 3647 2608 3703 salutem
2647 3659 2909 3704 vocarunt
2949 3665 2960 3701 :
2999 3657 3210 3719 quanto
3240 3649 3410 3722 magis
3449 3647 3491 3703 si
3516 3655 3668 3699 omnes

2144 3738 2514 3804 crediderunt,
2562 3741 2823 3811 prodesse
2864 3749 3121 3812 poterant
3159 3739 3327 3797 vobis
3371 3754 3462 3810 per
3505 3735 3669 3792 doctri-

2143 3848 2293 3889 nam.

2222 3942 2242 3976 «
2279 3923 2448 3981 Vobis
2479 3926 2624 3982 enim
2677 3927 2798 3982 dico
2853 3928 3122 3997 gentibus.
3165 3947 3184 3980 »
3226 3926 3356 3983 Vult
3408 3925 3668 3982 ostendere.

2143 4027 2204 4071 se
2230 4017 2294 4070 ad
2321 4014 2636 4071 Iudaeorum
2667 4017 2901 4072 salutem
2936 4033 3271 4090 magnopere
3299 4017 3560 4073 festinare.

2221 4130 2240 4164 «
2279 4111 2532 4178 Quandiu
2583 4113 2798 4184 quidem
2832 4128 2931 4182 ego
2975 4129 3095 4169 sunt
3126 4116 3368 4185 gentium
3407 4108 3671 4182 Apostolus.

2146 4205 2514 4261 ministerium
2549 4223 2726 4263 meum
2758 4207 3156 4263 honori‘llcabo.
3194 4224 3214 4258 »
3273 4207 3517 4274 Quandiu
3549 4204 3672 4256 fuero

2150 4297 2201 4351 in
2237 4279 2470 4367 c\orpore
2528 4300 2887 4365 constitutus,
2929 4299 3306 4355 honorificabo
3363 4294 3674 4353 ministerium

2149 4398 2396 4444 nostrum
2431 4389 2606 4446 :‘dum
2639 4392 2893 4461 exemplo
2920 4406 3041 4446 meo
3087 4391 3270 4460 plures
3292 4405 3474 4446 eorum
3502 4387 3672 4443 salvere

463 4481 698 4536 faciendi
749 4481 947 4534 bonum
1013 4479 1099 4534 vel
1146 4479 1370 4543 malum,
1407 4479 1574 4534 Deum
1620 4475 1766 4530 dicat
1823 4477 2038 4531 tradere
2074 4479 2117 4534 D
2145 4477 2436 4534 contendo.

464 4581 560 4626 aut
591 4571 720 4626 dare
755 4585 769 4622 :
802 4580 1093 4640 propterea
1127 4569 1254 4638 quia
1291 4567 1408 4638 ipse
1438 4576 1539 4633 est,
1567 4565 1660 4636 qui
1699 4565 1846 4622 dedit
1877 4566 2042 4621 liber-

465 4673 661 4719 tatem.
722 4661 850 4717 Haec
895 4662 1041 4717 enim
1077 4662 1209 4718 facit
1243 4663 1364 4732 ejus
1407 4662 1717 4732 patientia:
1755 4661 1881 4732 quia
1931 4675 2041 4715 non

467 4755 652 4811 statim
714 4753 1072 4824 peccantibus
1132 4753 1298 4808 infert
1359 4753 1680 4814 vindictam.
1739 4765 1840 4806 nec
1887 4751 2043 4806 bonis

465 4844 713 4918 praemia.

549 4957 569 4991 «
607 4937 788 5008 Usque
809 4938 864 4992 in
897 4937 1218 4993 hodiernum
1238 4936 1401 4990 diem.
1442 4953 1461 4986 »
1495 4932 1792 5004 Usqucqno
1822 4948 2043 4996 convcr-

471 5042 696 5088 tantur:
726 5032 868 5087 sicut
908 5032 974 5087 de
1006 5029 1274 5105 velamine
1303 5026 1487 5083 cordis
1515 5027 1582 5081 ad
1617 5027 1931 5082 Corinthios
1963 5026 2046 5080 di-

471 5124 571 5180 cit.

547 5236 564 5268 «
596 5216 662 5272 Et
694 5216 862 5272 David
895 5215 1033 5272 dixit
1061 5232 1077 5270 :
1106 5213 1228 5270 Fiat
1258 5229 1444 5268 mensa
1481 5227 1672 5268 eorum
1698 5226 1884 5266 coram
1911 5212 2044 5281 ipsis

473 5309 525 5362 in
556 5308 836 5380 laqueum,
870 5318 925 5364 et
960 5309 1015 5363 in
1067 5307 1395 5376 captionem,
1429 5315 1482 5359 ct
1508 5304 1562 5359 in
1597 5303 1935 5366 scandalum,
1991 5313 2047 5357 et

475 5403 526 5454 in
563 5402 982 5456 retributionem
1012 5401 1142 5455 illis.
1173 5399 1544 5456 Obscurentnr
1575 5397 1718 5452 oculi
1756 5411 1944 5451 eorum
1981 5412 2048 5452 ne

472 5493 694 5548 videant
727 5513 740 5548 :
773 5505 827 5550 et
849 5495 1065 5550 dorsum
1095 5510 1283 5549 corna»
1299 5507 1514 5561 semper
1541 5491 1816 5544 incurva.»
1841 5489 2045 5546 Aliter:

473 5585 704 5654 Semper
737 5588 965 5642 incurva
997 5603 1162 5642 onera
1208 5597 1585 5656 peccatorum,
1618 5593 1674 5637 ut
1722 5599 1830 5638 non
1862 5582 2048 5638 dimit-

475 5686 659 5730 tantur
695 5680 798 5732 nisi
851 5681 1226 5746 crediderint;
1279 5683 1404 5750 quia
1451 5682 1501 5732 in
1539 5677 1793 5746 passione
1838 5675 2044 5728 Christi

479 5761 628 5823 beati
669 5778 813 5834 sunt,
846 5774 1044 5840 pascha
1085 5775 1455 5830 comedentcs.
1510 5771 1623 5826 lloc
1661 5770 1804 5825 enim
1848 5769 1913 5826 dc
1938 5767 2046 5823 iliis

2225 4611 2244 4644 ι
2277 4593 2331 4648 Si
2364 4608 2474 4664 quo
2508 4595 2670 4649 modo
2699 4595 2766 4650 ad
2799 4593 3158 4650 aemulandum
3184 4609 3471 4666 provocem
3499 4601 3675 4647 carnem

2149 4701 2350 4741 meam.
2399 4705 2418 4739 »
2457 4683 2529 4740 Ut
2581 4689 2731 4742 omni
2769 4689 2930 4744 modo
2984 4687 3144 4746 talem
3202 4703 3291 4744 me
3324 4685 3607 4747 exhibeam,
3633 4686 3679 4733 ul

2148 4794 2232 4834 me
2266 4776 2588 4834 desiderent
2624 4779 2844 4834 imitari.

2224 4910 2242 4942 ι
2291 4891 2357 4946 Et
2381 4889 2560 4946 salvos
2619 4889 2814 4945 faciam
2859 4892 3072 4963 aliquos
3109 4909 3172 4950 ex
3228 4893 3361 4949 illis.
3403 4912 3422 4947 »
3476 4889 3558 4946 Vel
3600 4883 3678 4941 ali-

2147 4992 2403 5054 quantos,
2436 4984 2562 5052 quia
2587 4981 3014 5039 nolunt-omnes.

2225 5119 2246 5154 «
2282 5101 2340 5157 Si
2372 5100 2519 5154 enim
2551 5098 2774 5154 amissio
2801 5112 3015 5166 eorum,
3047 5101 3422 5157 reconciliatio
3455 5105 3530 5154 est
3550 5104 3678 5146 mun-

2152 5194 2228 5250 di.
2278 5212 2297 5246 »
2337 5193 2573 5265 Repetit,
2610 5196 2756 5266 quod
2793 5195 3009 5251 dixerat
3059 5195 3337 5264 superius.

2228 5329 2247 5362 «
2279 5309 2408 5376 Quae
2436 5311 2762 5379 assumptio,
2797 5310 2901 5364 nisi
2938 5308 3048 5363 vita
3082 5324 3148 5363 ex
3192 5306 3466 5362 mortuis?
3500 5321 3518 5356 ι
3556 5297 3676 5355 Unde

2155 5405 2407 5473 gentibus
2444 5403 2768 5471 assumptio,
2803 5402 2909 5458 nisi
2948 5415 3013 5456 ex
3051 5401 3267 5455 illorum
3303 5399 3533 5453 viverent
3560 5401 3671 5445 mor-

2156 5495 2248 5546 te?
2278 5494 2355 5548 Ex
2395 5493 2596 5549 ludatis
2628 5493 2859 5548 mortuis
2904 5478 3174 5557 Christus,
3216 5490 3301 5545 vel
3333 5485 3549 5558 apostoli
3592 5477 3672 5534 vita

2155 5585 2376 5641 fuerunt
2407 5587 2676 5655 gentibus.
2713 5583 2838 5639 Sive
2873 5585 2917 5639 si
2961 5598 3100 5653 quos
3129 5582 3254 5636 inde
3299 5580 3597 5636 liberavero,
3620 5567 3670 5617 ad

2155 5687 2389 5732 vestram
2423 5677 2707 5746 prolicient
2731 5676 2914 5740 vitam,
2956 5676 3087 5729 Item
3120 5673 3219 5730 hoc
3244 5673 3370 5726 dicit
3403 5689 3417 5725 :
3448 5663 3669 5734 Quoniam

2155 5771 2293 5828 sicut
2352 5777 2541 5839 gentes
2591 5783 2684 5838 per
2731 5769 2888 5824 fidem
2920 5773 3207 5836 assumpta
3244 5771 3391 5832 sunt;
3417 5767 3486 5816 ita
3528 5752 3668 5811 etiam
