3946 6206
76 5783 84 5894 ἱ

76 5987 88 6020 ἣ

77 6029 84 6052 l

498 315 605 378 727
711 327 722 332 ’
1441 327 1502 386 S.
1545 313 1986 396 ΠΙἘΒΟΝΥΜΙ
2025 335 2071 397 Ο

2185 339 2344 401 RUM
2385 339 2780 407 MANTISSA.
3598 356 3682 420 72%

497 433 682 490 omnia
745 433 928 491 futura
977 435 1322 496 existimant.
1385 441 1592 506 Quibus
1637 451 2070 517 respondendum

2185 457 2465 528 gloriﬁcet,
2505 463 2603 516 sed
2641 477 2741 517 suo
2801 476 2859 518 se
2911 464 3104 521 merito
3142 467 3403 538 recepisse
3437 471 3684 542 glorietur?

497 534 582 583 est
611 543 625 580 :
657 523 799 596 Ergo
826 537 882 582 et
913 527 1016 583 hoc
1046 528 1420 587 testimonium
1451 548 1470 587 :
1505 533 1694 592 Veniet
1719 552 1786 592 ex
1817 539 1945 594 Sion
1972 544 2066 610 qui

499 619 696 689 eripiat
742 618 924 683 Israel,
969 620 1147 676 adhuc
1175 621 1415 678 futurum
1448 635 1552 691 est,
1581 637 1639 681 ut
1665 645 1880 686 rursum
1909 632 2070 688 Chri-

497 717 618 763 stus
651 707 908 762 adveniat
960 709 1211 776 liberare,
1260 724 1314 768 et
1343 730 1372 768 a
1411 715 1521 770 Deo
1571 733 1668 785 pro
1701 730 1944 790 tempore
1972 738 2068 777 ex-

494 801 682 854 caecati
714 809 861 866 sunt,
893 813 949 857 et
977 819 1086 858 non
1135 807 1442 874 semetipsis
1471 810 1614 879 :quid
1647 809 1715 865 de
1766 811 1896 879 illis,
1931 827 2068 884 quo-

497 893 657 947 modo
699 903 928 962 pereunt
975 910 1084 950 non
1120 897 1428 955 credentes.

573 1005 592 1036 ‹
640 984 705 1038 Ει
735 986 838 1041 hoc
875 987 981 1042 illis
1004 1004 1032 1043 a
1068 978 1155 1044 me
1181 990 1611 1061 Testamentum,
1647 1011 1771 1052 cum
1793 999 2070 1057 abstulero

495 1088 718 1146 peccata
752 1093 964 1133 eorum.
1007 1097 1026 1132 ι
1063 1079 1473 1139 Testamentum
1511 1103 1734 1158 novum,
1765 1093 1908 1162 quod
1939 1109 2068 1164 pro-

496 1169 682 1224 misit:
712 1173 857 1238 quod
907 1171 1126 1228 nonnisi
1181 1175 1327 1240 novi,
1360 1175 1578 1234 abolitis
1637 1183 1898 1251 peccatis,
1929 1187 2072 1242 acci-

497 1263 668 1328 pienl.

575 1372 594 1405 r
635 1353 947 1413 Secundum
979 1359 1331 1432 Evangelium
1359 1365 1576 1434 quidem
1600 1367 1829 1434 inimici,
1853 1380 2074 1441 propter

494 1461 613 1502 vos.
657 1467 676 1500 ι
733 1449 942 1506 lnitnici
975 1453 1108 1508 mihi
1161 1465 1310 1520 sunt,
1338 1467 1562 1527 propter
1593 1475 1711 1529 quae
1748 1461 1902 1517 vobis
1931 1478 2072 1532 pra:-

496 1539 641 1605 dico,
678 1540 956 1597 Christum
1009 1545 1386 1616 prohibentes,
1451 1564 1558 1605 non
1597 1551 1850 1622 gentibus
1899 1553 2070 1623 loqui,

497 1641 556 1686 ut
589 1633 752 1689 salva:
787 1635 939 1691 ﬁant.

575 1741 595 1776 ι
638 1722 949 1781 Secundum
995 1729 1316 1788 electionem
1375 1740 1552 1788 autem
1585 1735 1916 1804 charisslmi,
1947 1753 2075 1808 pro-

2268 592 2286 626 ι
2326 573 2593 640 Quoniam
2623 591 2688 630 ex
2719 577 2856 646 ipso,
2888 586 2942 633 et
2969 595 3062 648 per
3094 584 3290 650 ipsum,
3317 584 3437 637 etin
3465 585 3562 652 ipso
3584 600 3682 642 sunt

2178 667 2382 723 omnia.
2429 686 2447 719 ι
2486 667 2568 723 Ab
2618 669 2735 736 ipso
2765 672 2944 725 omnis
2981 684 3232 728 creatura
3267 675 3462 745 accepit
3490 678 3680 742 initium,

2179 766 2233 812 et
2261 771 2358 825 per
2389 757 2566 829 ipsum
2605 762 2832 827 regitur,
2863 771 2919 817 et
2960 764 3010 817 in
3043 765 3160 830 ipso
3189 765 3366 822 omnia
3397 767 3683 825 concludun-

2181 857 2286 918 tur,
2326 866 2430 908 nec
2461 853 2576 923 ipse
2610 853 2922 912 continuatur
2953 857 3180 931 abgnllo.

2255 988 2276 1023 ι
2319 971 2424 1040 ipsi
2479 973 2655 1030 honor
2713 983 2767 1029 et
2824 975 2993 1044 gloria
3041 979 3092 1032 in
3145 979 3336 1035 saecula
3391 980 3681 1038 szeculorum.

2182 1064 2376 1119 Amen.
2419 1083 2438 1116 ι
2484 1065 2608 1134 Ipse
2645 1067 2794 1123 solus
2849 1069 3239 1139 gloriﬁcandus
3264 1081 3394 1128 est:
3442 1073 3578 1142 cujus
3623 1083 3689 1129 est

2185 1156 2347 1210 etiam
2380 1157 2521 1226 quod
2555 1173 2765 1223 sumus,
2798 1167 2854 1214 et
2877 1159 3131 1224 vivimus,
3165 1176 3228 1216 ac
3255 1176 3530 1217 movemur.
3551 1163 3688 1218 Simul

2182 1247 2346 1302 etiam
2381 1258 2574 1304 contra
2607 1250 2839 1306 Arianos
2888 1253 3019 1308 facit
3067 1253 3156 1308 hic
3181 1253 3352 1321 locus,
3382 1270 3492 1310 cum
3528 1257 3687 1311 dicitur

2183 1339 2328 1396 Deus
2349 1340 2402 1395 id
2431 1356 2553 1398 esse
2577 1357 2641 1398 ex
2674 1359 2781 1414 quo
2807 1345 3012 1409 omnia,
3041 1357 3094 1399 et
3113 1361 3208 1416 per
3227 1362 3380 1416 quem
3402 1347 3562 1404 omnia
3579 1347 3685 1402 facta

2181 1445 2307 1488 esse
2367 1444 2746 1490 monstrantur
2781 1452 2796 1492 :
2831 1435 2875 1491 si
2907 1437 3127 1506 quidem
3157 1437 3336 1493 omnia
3385 1453 3474 1506 per
3500 1437 3688 1492 Verbum

2184 1521 2235 1576 in
2288 1522 2559 1591 principio
2589 1522 2757 1591 facta,
2809 1527 3142 1598 evangelista
3203 1529 3448 1598 signavit.
3493 1529 3548 1584 Et
3573 1528 3690 1598 quod

2181 1613 2249 1669 de
2278 1613 2417 1669 Filio
2468 1617 2802 1687 evangelista
2853 1629 3114 1686 testatur,
3170 1622 3271 1676 hoc
3315 1620 3593 1690 Apostolus,
3617 1635 3692 1690 per

2186 1705 2416 1761 unitatis
2452 1708 2798 1777 mysterium,
2825 1709 2892 1765 de
2927 1706 3091 1767 Patre
3127 1711 3514 1784 intelligendum
3541 1711 3693 1766 edocet

499 1824 623 1884 Ριθτ
652 1827 858 1886 Patres.
900 1838 918 1872 ι
961 1820 1018 1876 Si
1067 1832 1248 1880 autem
1277 1825 1524 1894 credant,
1555 1827 1868 1886 charissiml
1897 1801 2025 1887 sunt
2058 1847 2073 1885 :
2110 1816 2152 1876 Β
2181 1801 2531 1857 credendum-

501 1909 788 1980 dnpliciter
817 1915 1200 1973 commendati.

471 2003 488 2012 ‘
577 2019 598 2053 ι
649 2001 781 2057 Sine
833 2005 1150 2074 ptenitentia
1201 2007 1346 2064 enim
1387 2018 1513 2064 sunt
1568 2010 1728 2078 dona,
1777 2019 1835 2067 et
1864 2013 2076 2076 vocatio

509 2093 624 2147 Dei.
659 2111 678 2146 ι
731 2095 789 2150 Si
825 2097 1180 2166 crediderint,
1227 2116 1336 2157 non
1367 2100 1474 2156 illis
1506 2110 1767 2172 poterunt
1817 2105 2074 2176 imputari

501 2197 748 2253 peccata,
774 2190 900 2258 quia
931 2189 1218 2247 Dominum
1250 2209 1356 2248 non
1388 2194 1868 2264 pmnitetAbraba:
1891 2212 2074 2253 semen

501 2281 840 2346 promisisse.
874 2282 1000 2339 Sive
1029 2283 1128 2340 illi
1163 2287 1280 2343 sine
1311 2287 1605 2344 atﬁictione
1643 2289 2004 2358 pmnitentite,
2032 2293 2074 2347 si

499 2373 851 2442 crediderint,
885 2376 1266 2435 salvabuntnr.

583 2485 601 2518 ι
641 2465 797 2522 Sicut
826 2471 973 2523 enim
1030 2470 1322 2540 aliquando
1354 2485 1410 2529 et
1469 2491 1566 2532 vos
1603 2493 1716 2532 non
1769 2477 2098 2534 credidistis

507 2558 638 2614 Deo.
683 2577 702 2611 ι
738 2559 972 2625 Quando
1009 2563 1192 2616 adhuc
1224 2563 1300 2618 illi
1337 2564 1655 2623 credebant.

583 2669 603 2704 ι
643 2650 798 2708 Nunc
855 2661 1037 2708 autem
1098 2654 1527 2712 misericordiam
1585 2661 1860 2716 consecuti
1923 2663 2078 2728 estis,

505 2751 733 2814 propter
787 2744 1224 2803 incredulitatem
1254 2749 1491 2805 illorum.
1531 2769 1551 2804 ι
1611 2751 1728 2807 Non
1759 2764 1940 2809 vestro
1970 2769 2082 2810 mc-

505 2837 632 2894 rito.
1605 2847 1609 2850 “

578 2945 602 2982 s
639 2927 720 2984 lta
751 2939 806 2984 et
837 2929 924 2985 isti
972 2945 1120 2986 nunc
1165 2947 1270 2987 non
1323 2935 1676 2991 crediderunt
1728 2936 1782 2991 in
1842 2944 2081 2992 vestram

505 3021 956 3080 misericordiam.
979 3042 998 3077 ι
1023 3023 1394 3083 Misericordia
1419 3030 1680 3100 gentium,
1699 3029 1949 3086 Christus
1975 3037 2079 3087 est.

583 3135 601 3168 ι
641 3115 713 3172 Ut
745 3127 802 3172 et
852 3119 951 3188 ipsi
1012 3121 1448 3176 misericordiam
1501 3135 1928 3194 consequantur.
1969 3142 1988 3177 ι
2024 3125 2152 3224 ln.C

433 3239 436 3242 ~
509 3217 719 3264 tantum
753 3225 860 3265 non
917 3213 1289 3279 crediderunt,
1323 3223 1384 3268 ut
1436 3224 1490 3269 et
1539 3216 1639 3285 ipsi
1676 3219 1931 3286 operibus
1965 3218 2082 3272 suis

507 3315 615 3356 non
651 3302 1042 3371 justlliccntur,
1074 3306 1167 3359 sed
1201 3306 1604 3372 misericordia,
1636 3310 1778 3363 sicut
1805 3318 1859 3363 et
1893 3324 2008 3364 vos.

587 3411 608 3445 ο
645 3393 928 3450 Conclusit
962 3397 1107 3450 enim
1152 3397 1294 3451 Deus
1320 3399 1504 3452 omnia
1539 3400 1592 3453 in
1628 3399 2024 3456 incredulitate.
2059 3418 2076 3452 ι

505 3483 627 3540 Non
654 3485 704 3541 vi
735 3486 1030 3549 conclusit,
1061 3487 1155 3542 sed
1193 3488 1412 3544 ratione
1430 3491 1730 3558 conclusit,
1763 3506 1902 3562 quos
1933 3494 2084 3548 inve-

508 3579 588 3633 nit
648 3578 702 3632 in
761 3577 1194 3638 incredulitate:
1247 3581 1351 3636 hoc
1386 3590 1492 3648 est,
1527 3583 1742 3641 Judazos
1793 3600 1985 3640 omnes
2031 3595 2086 3640 et

508 3681 698 3742 gentes
739 3670 828 3726 hic
857 3671 1148 3737 conclusit,
1175 3674 1300 3743 quia
1356 3683 1482 3730 ante
1535 3675 1710 3732 Judaei
1769 3691 2084 3747 peccatores

511 3774 724 3820 tantum
760 3773 944 3832 erant,
977 3781 1083 3822 non
1121 3779 1286 3824 etiam
1311 3771 1544 3839 perﬁdi:
1583 3781 1874 3841 postquam
1905 3781 2084 3827 autem

509 3856 789 3914 Christum
832 3873 944 3914 non
964 3859 1338 3929 crediderunt,
1380 3863 1636 3931 gentibus
1671 3872 1797 3919 sunt
1825 3863 2082 3934 aequales,

507 3961 564 4008 et
593 3967 804 4008 ommes
826 3953 1076 4008 similiter
1111 3935 1540 4010 misericordiam
1585 3967 2012 4026 consequuntur.

584 4065 606 4098 ο
649 4045 719 4101 Ut
749 4045 991 4100 omnium
1019 4047 1364 4102 misereatur.
1405 4065 1423 4100 ι
1459 4046 1572 4102 Hac
1607 4047 1673 4104 de
1693 4063 1878 4105 causa.

585 4157 603 4190 ι
641 4138 686 4194 0
717 4139 947 4193 altitudo
1011 4137 1330 4194 divitiarum
1395 4140 1680 4209 sapientia:
1723 4151 1782 4196 et
1843 4141 2085 4198 scientiae

504 4232 647 4288 Deil
687 4249 706 4282 ι
742 4230 951 4286 Laudat
977 4230 1300 4300 sapientiam
1355 4230 1471 4299 Dei,
1501 4235 1592 4301 qui
1649 4233 1840 4288 tandiu
1891 4248 2085 4303 exspe-

508 4325 678 4380 ctavit
705 4323 1003 4380 secundum
1035 4324 1456 4394 praescientiam,
1485 4325 1660 4380 donec
1707 4340 1897 4381 omnes
1921 4327 2084 4382 mise-

513 4417 804 4473 ricurdiam
831 4417 1177 4486 indigerent:
1209 4424 1269 4472 ut
1289 4417 1546 4474 omnibus
1573 4418 1638 4472 de
1664 4417 1796 4475 falsa
1823 4418 2083 4491 iactantia

511 4525 740 4580 operum
791 4509 964 4579 gloria
999 4509 1302 4565 tolleretur.

588 4620 609 4655 ο
649 4602 825 4668 Quam
879 4601 1446 4670 incomprehensibilia
1506 4610 1633 4658 sunt
1681 4602 1886 4674 judicia
1939 4603 2080 4675 ejus,

509 4703 565 4752 et
597 4693 1012 4764 investigabiles
1045 4695 1147 4750 viae
1184 4694 1323 4766 ejus.
1365 4716 1385 4748 ι
1432 4694 1645 4752 Iudicia
1700 4696 1793 4752 Dei
1851 4697 2082 4768 abyssus

508 4787 700 4844 multa.
739 4789 920 4858 Aliqui
947 4789 1093 4844 enim
1117 4788 1588 4858 comprehendere
1618 4804 1724 4843 non
1757 4799 2009 4860 possunt.

581 4901 600 4935 ι
641 4883 775 4951 Quis
839 4882 985 4938 enim
1044 4883 1296 4954 cognovit
1329 4898 1546 4938 sensum
1581 4882 1845 4938 Domini?
1883 4902 1905 4936 ι
1944 4884 2082 4940 Ante

503 4993 664 5034 nemo
684 4979 938 5046 cognovit
973 4993 987 5031 :
1019 4993 1142 5031 nam
1183 4977 1238 5032 in
1271 4978 1530 5045 praesenti
1596 4976 1713 5048 ipse
1746 4978 1948 5034 Paulus
1978 4978 2084 5032 uti-

501 5086 611 5142 que
639 5071 873 5135 sciebat,
899 5071 993 5141 qui
1028 5070 1152 5124 aliis
1193 5071 1536 5125 ostendebat.
1571 5067 1685 5125 Nos
1728 5079 1908 5124 autem
1967 5086 2084 5125 sen-

503 5177 620 5216 sum
657 5159 874 5215 Domini
927 5161 1177 5215 habemus
1207 5160 1258 5231 (ι
1295 5160 1417 5216 Cor.
1468 5177 1529 5224 ll,
1574 5161 1687 5232 16).
1731 5161 1858 5216 Sive
1909 5162 2082 5232 legem

503 5255 680 5324 ipsius
723 5269 821 5321 per
871 5267 933 5308 se
969 5268 1128 5308 nemo
1176 5254 1430 5323 cogn0vit
1471 5269 1483 5308 :
1521 5263 1575 5308 et
1623 5269 1784 5307 nemo
1817 5255 2080 5324 peculiari

503 5350 622 5404 Deo
646 5348 1100 5404 confabulatione
1133 5348 1458 5415 instructus,
1496 5346 1740 5403 doctrina
1797 5362 1906 5402 non
1939 5348 2084 5404 indi-

503 5451 595 5512 get
628 5442 785 5512 legis.
1421 5462 1425 5465 '

584 5553 603 5586 ι
636 5534 748 5588 Aut
773 5534 896 5605 quis
923 5534 1270 5590 consiliarius
1296 5531 1412 5603 eius
1435 5531 1584 5588 fuit?
1613 5551 1631 5584 ι
1670 5532 1739 5589 Ut
1767 5533 1886 5603 ejus
1919 5549 2084 5591 nove-

505 5623 578 5680 rit
602 5636 971 5680 sacramenta.

581 5717 722 5768 (Aut
740 5718 861 5786 quis
886 5718 1040 5786 prior
1057 5717 1205 5772 dedit
1229 5719 1326 5786 illi,
1350 5727 1403 5772 et
1433 5720 1760 5776 retribuetnr
1792 5722 1839 5776 ei
1858 5723 1910 5775 ?s
1949 5721 2081 5789 Quis

511 5805 667 5876 prior
699 5808 824 5864 fecit
853 5807 1056 5878 aliquid
1085 5809 1232 5874 boni,
1269 5820 1321 5868 et
1347 5826 1455 5867 non
1503 5810 1604 5872 Dei
1647 5813 2076 5869 miscricordiam

2770 1915 3001 1975 CAPUT
3042 1915 3160 1973 ΧΗ.

2261 2065 2281 2098 ι
2321 2044 2566 2103 Obsecro
2621 2047 2804 2120 itaque
2830 2063 2950 2114 vos,
2990 2051 3206 2108 fratres.
3244 2070 3264 2105 ι
3309 2051 3438 2119 Quia
3467 2053 3526 2107 de
3567 2065 3690 2107 sensu

2187 2138 2406 2194 Domini
2468 2139 2725 2198 dixerat:
2763 2145 2922 2199 modo
2963 2144 3122 2208 dicit,
3175 2142 3360 2214 quales
3389 2158 3444 2199 se
3487 2141 3693 2198 exhibere

2182 2233 2437 2297 debeant,
2466 2242 2525 2286 ut
2554 2248 2774 2288 sensum
2807 2235 3018 2290 Domini
3051 2237 3256 2292 habere
3284 2246 3579 2292 mereantur.
3607 2233 3694 2288 lluc

2185 2341 2216 2379 u
2231 2340 2366 2394 sque
2389 2326 2456 2380 de
2477 2325 2822 2396 dogmatibus
2843 2328 2972 2382 dicit
2995 2343 3010 2384 :
3045 2327 3176 2384 binc
3202 2328 3309 2396 jam
3333 2329 3536 2384 moralia
3555 2329 3692 2384 docet.

2155 2441 2158 2444 η
2259 2438 2276 2470 ι
2310 2417 2414 2474 Per
2451 2419 2888 2476 misericordiam
2917 2420 3032 2476 Dei.
3073 2439 3096 2474 ι
3133 2421 3248 2488 Qua
3275 2423 3438 2492 magis
3477 2421 3590 2477 nihil
3613 2429 3691 2484 est,

2182 2526 2282 2581 per
2303 2527 2466 2580 quant
2498 2511 2718 2568 liberati
2753 2526 2964 2569 sumus.

2265 2621 2284 2655 ι
2317 2600 2406 2658 ‘Ut
2435 2603 2746 2658 exhibeatis
2793 2619 3021 2674 corpora
3054 2615 3260 2661 vestra.
3302 2624 3319 2658 ι
3349 2605 3539 2672 Quanto
3559 2602 3694 2672 magis

2183 2695 2444 2760 animam,
2467 2709 2572 2750 non
2595 2695 2934 2765 animalium,
2957 2697 3100 2752 sicut
3131 2699 3183 2752 in
3219 2699 3332 2766 lege
3355 2714 3369 2752 :
3394 2711 3499 2767 quae
3525 2706 3695 2756 tamen,

2185 2785 2310 2840 licet
2361 2785 2414 2840 in
2460 2787 2631 2858 ﬁgura
2679 2786 2908 2856 fuerint,
2983 2791 3332 2846 immaculata
3393 2787 3696 2845 ollcrebautur

2187 2886 2244 2934 et
2264 2878 2407 2934 viva.

2266 2996 2285 3025 ο
2311 2970 2552 3029 Hostiam
2575 2975 2874 3043 viventem,
2900 2986 3174 3034 sanctam.
3207 2995 3226 3030 ι
3257 2975 3367 3034 Hoc
3393 2984 3490 3043 est,
3537 2979 3696 3030 castam

2189 3073 2246 3123 et
2275 3066 2509 3122 alienam
2543 3067 2612 3123 ab
2646 3069 2794 3124 omni
2835 3054 3012 3124 morti:
3043 3071 3283 3138 peccati.

2265 3176 2283 3208 ι
2320 3157 2432 3212 Deo
2459 3158 2786 3227 placentem.
2817 3179 2837 3213 ι
2868 3159 3121 3228 Domino,
3159 3178 3263 3218 non
3285 3161 3566 3216 hominibus
3591 3166 3690 3211 tan-

2191 3257 2306 3306 tum
2338 3251 2568 3321 placete,
2602 3252 2720 3309 sive
2758 3253 2883 3310 talis
2918 3254 2967 3310 ei
2993 3255 3172 3324 placet
3206 3256 3400 3312 lmsria.

2265 3385 2283 3417 ι
2316 3364 2660 3422 Rationabile
2682 3366 3005 3439 obsequium
3035 3381 3302 3427 vestrum.
3345 3389 3364 3424 ι
3401 3370 3555 3424 Omne
3596 3377 3699 3432 opus

2187 3457 2394 3514 bonum
2423 3469 2555 3514 tunc
2583 3459 2760 3527 placet
2797 3461 2927 3526 Deo,
2965 3462 3010 3516 si
3050 3463 3444 3518 rationabiliter
3469 3459 3568 3515 ﬁat.
3595 3456 3695 3511 Nam

2188 3550 2437 3607 mercede
2467 3553 2732 3622 privatur,
2755 3564 2814 3608 ut
2865 3564 2991 3623 puta
3038 3556 3085 3610 si
3116 3557 3240 3624 quis
3277 3555 3536 3612 hominum
3567 3561 3696 3606 causa

2183 3641 2413 3713 jejunat,
2446 3644 3010 3716 bonum.obsequium
3046 3647 3366 3718 insipienter
3398 3646 3550 3703 facit:
3578 3643 3637 3698 ita
3661 3648 3700 3694 et

2190 3732 2256 3789 de
2285 3734 2543 3790 omnibus
2572 3736 2956 3804 adjacentibus
2987 3739 3337 3794 sentiendum
3373 3748 3470 3794 est.
3557 3785 3564 3792 .

2267 3842 2288 3877 ‹
2327 3825 2393 3880 Et
2423 3827 2594 3882 nolite
2633 3828 2967 3884 conformari
2999 3829 3127 3885 huic
3182 3831 3400 3894 saeculo,
3433 3827 3518 3884 sed
3567 3821 3700 3880 refor-

2190 3919 2416 3974 mamini
2451 3921 2506 3975 in
2539 3921 2786 3978 novitate
2814 3937 3008 3978 sensus
3036 3925 3230 3979 vestri.
3292 3943 3310 3976 »
3346 3921 3510 3977 Nolite
3536 3917 3698 3974 similes

2188 4025 2310 4066 esse
2341 4012 2467 4068 ﬁliis
2499 4014 2708 4080 mundi,
2745 4015 2838 4084 qui
2872 4015 2999 4070 facti
3039 4017 3300 4072 estis'lilii
3329 4015 3440 4081 Dei,
3471 4013 3558 4069 sed
3579 4022 3698 4065 reno-

2189 4111 2319 4156 vate
2349 4117 2567 4157 sensum
2603 4115 2868 4170 vestrum,
2903 4121 3000 4175 per
3023 4121 3184 4177 quem
3215 4109 3417 4178 regitur
3449 4116 3638 4172 corpus,
3658 4106 3700 4151 α

2186 4197 2366 4250 omnia
2398 4198 2639 4253 membra
2673 4197 3008 4267 diriguntur,
3040 4209 3100 4253 ut
3131 4199 3297 4255 etiam
3320 4197 3550 4270 corporis
3581 4200 3700 4247 actus

2188 4287 2314 4342 novi
2347 4288 2518 4344 fiant:
2553 4306 2664 4358 quo
2692 4291 2918 4360 possitis
2940 4293 3274 4347 voluntatem
3307 4291 3432 4375 Dei,‘
3453 4300 3502 4345 et
3527 4295 3700 4343 sensum

2189 4377 2308 4446 ejus
2340 4395 2661 4451 agnoscere.
2694 4380 2820 4438 Hanc
2857 4383 3000 4438 enim
3031 4383 3253 4439 nonnisi
3281 4398 3420 4438 novo
3451 4375 3609 4437 sensui
3633 4384 3700 4427 reo

2115 4513 2160 4568 ι)
2189 4472 2455 4530 velantur.
3479 4483 3487 4489 ’

2267 4603 2286 4638 ‹
2333 4585 2407 4642 Ut
2437 4587 2680 4658 probetis
2713 4603 2835 4657 qua:
2866 4589 2936 4643 sit
2965 4590 3227 4645 voluntas
3260 4587 3354 4644 Dei
3387 4587 3536 4648 bona,
3565 4591 3609 4635 et
3630 4577 3702 4632 be-

2189 4679 2502 4744 neplacens,
2536 4689 2590 4734 et
2619 4679 2881 4747 perlecta.
2921 4697 2940 4732 ι
2975 4681 3090 4736 Hoc
3121 4689 3226 4747 est,
3251 4680 3392 4750 quod
3423 4677 3601 4732 bonum
3627 4669 3698 4728 sit.

2190 4780 2244 4826 et
2271 4770 2488 4838 melius,
2521 4781 2576 4825 et
2609 4773 2895 4842 optimum.

2265 4883 2282 4916 ι
2327 4863 2456 4918 Dico
2504 4864 2649 4920 enim
2699 4879 2797 4936 per
2830 4867 3085 4934 gratiam,
3123 4881 3242 4937 quae
3287 4865 3408 4920 data
3437 4855 3698 4917 cstmibi.»

2185 4955 2448 5011 Prohibet
2497 4973 2652 5012 usum
2711 4958 2964 5014 humana:
3004 4959 3284 5029 sapientiae
3317 4997 3331 5022 ,
3382 4970 3492 5026 qua!
3548 4956 3703 5020 lim"

2187 5047 2361 5118 legem
2391 5058 2520 5106 est:
2553 5065 2658 5104 non
2701 5063 2866 5106 sensu
2908 5051 3132 5122 proprio
3176 5049 3322 5120 loqui
3364 5063 3421 5104 se
3469 5043 3600 5107 dicit.
3629 5034 3701 5092 50d

2185 5142 2514 5196 auctoritate
2562 5140 2752 5209 gratiae
2791 5141 2908 5196 Dei.

2211 5248 2218 5254 ’
2270 5275 2289 5308 ε
2343 5253 2612 5311 Omnibus
2643 5256 2733 5325 qui
2759 5266 2884 5311 sunt
2916 5256 3058 5312 inter
3087 5271 3205 5312 vos.
3232 5273 3250 5307 ι
3273 5253 3373 5322 Qui
3411 5259 3527 5308 sunt
3551 5256 3701 5301 sacer-

2188 5351 2365 5416 dotes,
2417 5350 2535 5406 sive
2597 5349 2895 5407 doctores:
2935 5365 3166 5421 quorum
3221 5347 3394 5403 eteteri
3445 5337 3698 5409 exemplum

2185 5450 2508 5512 sequuntur.

2269 5554 2289 5587 ι
2330 5535 2450 5591 Νοη
2485 5535 2603 5605 plus
2630 5550 2822 5604 sapere
2852 5551 3016 5607 quam
3065 5544 3275 5607 oportet
3298 5545 3497 5604 sapere,
3529 5523 3609 5581 sed
3635 5533 3700 5572 sa-

2188 5643 2316 5699 pere
2346 5628 2412 5683 ad
2449 5627 2824 5684 sobrietatem.
2864 5648 2882 5681 ›
2919 5628 3046 5684 Plus
3083 5629 3192 5682 vnlt
3240 5639 3422 5694 sapere
3445 5663 3460 5688 ,
3507 5616 3586 5687 qui
3627 5608 3696 5714 illa

2189 5729 2486 5789 scrutatur,
2523 5735 2643 5790 quae,
2677 5720 2758 5776 lex
2793 5736 2898 5778 non
2925 5723 3076 5778 dicit.
3106 5720 3260 5778 Unde
3289 5727 3338 5773 et
3366 5716 3592 5772 Salomon
3611 5711 3692 5757 ait:

2187 5815 2396 5870 Altiora
2435 5822 2484 5868 te
2515 5829 2577 5869 ne
2611 5817 2904 5886 qumieris,
2941 5825 2989 5871 et
3023 5815 3226 5885 majora
3266 5823 3313 5867 ts
3341 5827 3399 5868 ne
3437 5799 3646 5864 scrutaris
3675 5804 3692 5844 .'
