3946 6206
412 345 516 420 ist
1357 349 1410 414 s.
1455 312 1900 410 IIIERONS'M'I
1943 348 2024 408 0r

2153 346 2264 408 UM
2302 345 2707 411 MANTISSA.
3557 341 3672 408 732

418 472 591 543 partis
642 472 879 529 adversae
920 471 1056 541 :qui
1107 485 1213 525 non
1271 467 1516 524 dolemus
1552 467 1619 522 de
1666 468 1779 522 acie
1814 473 1996 520 nostra
2027 469 2076 528 Α

419 573 570 625 viros
606 570 932 623 fortissimos
979 575 1288 630 currentes,
1350 580 1446 619 nec
1479 563 1799 634 gaudemus,
1841 563 1884 618 si
1917 562 1997 616 vi-

421 663 642 718 deamus
670 669 762 716 eos
792 662 1006 715 fortiter
1039 660 1392 723 dimicantes,
1447 659 1696 726 quamvis
1746 655 1846 724 ipsi
1888 664 1996 709 tam

420 751 583 803 validi
620 766 728 804 non
762 751 937 804 simus
973 749 1039 803 ad
1081 748 1453 819 pugnandum.

500 862 516 892 ι
551 842 784 908 Idipsum
813 844 1040 898 invicem
1075 842 1398 897 sentientes.
1423 858 1446 889 ι
1485 837 1558 894 Ut
1581 838 1656 893 ita
1680 837 1838 893 alteri
1876 852 2002 895 sen-

421 935 590 998 tiatis,
621 936 759 990 sicut
795 935 1219 1004 vobismetipsis.

499 1047 518 1080 ι
557 1026 670 1083 Non
703 1027 808 1082 alta
843 1027 1136 1096 sapientes,
1173 1025 1265 1082 sed
1313 1023 1617 1080 humilibus
1647 1023 2004 1080 consentien-

424 1130 530 1174 tes.
568 1139 588 1173 ι
628 1119 873 1188 Superba
909 1120 1051 1188 sapit
1086 1121 1208 1184 iste,
1239 1118 1329 1188 qui
1383 1133 1537 1174 suam
1571 1131 1666 1187 per
1699 1131 1759 1170 se
1813 1115 2000 1171 ulcisci

423 1215 572 1283 enpit
616 1213 892 1281 injuriam,
949 1224 1002 1267 et
1035 1228 1140 1267 non
1202 1211 1499 1266 humilibus
1556 1209 1757 1278 rebus,
1794 1209 1848 1265 id
1879 1220 2003 1275 est,

423 1305 731 1360 humilitate
777 1307 1071 1360 consentit.

2189 483 2207 516 ι
2250 463 2366 518 Noli
2395 463 2536 518 vinci
2569 477 2597 516 a
2637 461 2797 528 malo,
2833 461 2925 516 sed
2948 459 3116 515 ‘vince
3141 459 3196 513 in
3222 457 3365 514 bono
3393 457 3621 514 malum.
3655 477 3673 508 ι

2106 557 2202 612 Ille
2231 557 2431 611 dicitur
2465 555 2658 610 vicisse
2684 555 2938 620 alterum,
2964 554 3057 624 qui
3091 567 3219 608 eum
3252 553 3318 605 ad
3341 565 3492 606 suam
3516 552 3685 604 duxe-

2103 649 2168 704 rit
2210 658 2415 718 partem
2444 660 2460 700 :
2486 649 2629 704 sicut
2655 647 2970 702 btereticum
3029 645 3115 701 vel
3139 657 3425 715 paganum.
3467 641 3522 698 Si
3551 657 3684 712 ergo

2104 751 2155 796 te
2188 741 2385 795 fecerit
2439 740 2540 796 sibi
2577 739 2751 796 vicem
2789 739 3018 793 reddere
3042 777 3057 804 ,
3092 737 3182 792 ille
3242 744 3296 792 te
3353 735 3522 800 vicit,
3580 733 3682 788 sibi

2102 832 2336 886 similem
2371 840 2424 888 te
2449 831 2746 887 faciendo:
2775 833 2820 885 si
2850 839 3031 884 autem
3066 845 3161 899 per
3188 827 3507 898 patientiam
3539 833 3685 880 tuam

2101 923 2300 980 feceris
2330 939 2456 980 eum
2489 937 2711 980 cessare
2741 921 2808 978 ab
2833 923 3057 992 injuria,
3088 930 3146 976 tu
3173 919 3356 976 vicisti

2700 1083 2932 1141 CAPUT
2961 1082 3104 1138 XIII.

2151 1239 2164 1259 ι
2190 1222 2210 1256 ι
2250 1201 2441 1258 Omnis
2472 1202 2655 1256 anima
2698 1199 3058 1272 potestatibus
3109 1192 3516 1252 sublimioribus
3561 1191 3694 1247 sub-

2107 1295 2222 1351 dita
2253 1295 2346 1350 sit.
2391 1313 2412 1348 ι
2443 1294 2570 1349 Haec
2622 1307 2790 1348 causa
2869 1293 3130 1346 adversus
3172 1289 3294 1342 illos
3343 1285 3554 1354 prolata
3586 1291 3696 1347 cst,

501 1417 520 1450 ι
559 1397 734 1452 Nolite
763 1414 888 1453 esse
921 1400 1221 1467 prudentes
1259 1397 1400 1467 apud
1427 1397 1808 1466 vosmetipsos.
1849 1413 1868 1447 ι
1900 1393 2008 1449 No-
2109 1387 2200 1456 qni
2231 1401 2287 1441 se
2316 1385 2584 1455 putabant
2611 1385 2684 1438 ita
2725 1383 2930 1438 habere
2960 1383 3268 1436 libertatem
3299 1377 3696 1441 Christianam,

427 1487 523 1542 lite
557 1487 610 1542 in
649 1489 886 1542 humana
927 1488 1192 1556 sapientia
1230 1488 1476 1556 gloriari,
1512 1487 1610 1541 sed
1639 1486 1791 1540 stulti
1833 1494 2008 1540 estote

2110 1487 2170 1532 ut
2199 1485 2292 1532 aut
2337 1477 2470 1532 nulli
2505 1477 2764 1532 honorem
2785 1475 3082 1538 deferrent,
3117 1480 3210 1526 aut
3243 1469 3441 1524 tributa
3483 1467 3697 1538 depen-

429 1579 649 1641 SiBCUIO,
687 1587 746 1633 ut
793 1577 916 1632 sitis
954 1578 1180 1632 Domino
1212 1578 1506 1646 sapientes,
1570 1577 1711 1631 sicut
1746 1577 2008 1646 scriptum
2110 1570 2329 1626 dereut.
2363 1569 2704 1637 Quoeunque
2727 1582 2856 1636 ergo
2888 1565 3048 1621 modo
3090 1579 3185 1620 eos
3213 1559 3503 1616 humiliare
3547 1557 3698 1613 desi-

430 1675 516 1721 est
555 1682 569 1720 :
609 1666 802 1719 Beatus
832 1667 986 1718 homo
1009 1683 1158 1733 quem
1191 1677 1246 1718 tu
1272 1667 1552 1729 erttdieris,
1588 1665 1832 1731 Domine,
1867 1676 1916 1719 et
1946 1671 2011 1719 de

436 1764 544 1828 lege
573 1768 664 1811 tua
696 1759 940 1812 docueris
969 1775 1085 1810 eum
1119 1755 1296 1826 (I’sal.
1338 1773 1488 1823 xcm,
1522 1758 1637 1828 12).

2112 1662 2269 1717 derat
2301 1677 2318 1716 :
2352 1677 2420 1714 ne
2461 1655 2600 1714 forte
2635 1669 2858 1727 propter
2911 1653 3220 1724 superbiam
3250 1694 3265 1719 ,
3301 1650 3477 1718 magis
3527 1659 3696 1716 quam

2112 1763 2337 1827 propter
2391 1754 2560 1808 Deum
2592 1793 2607 1817 ,
2659 1749 3046 1806 contumeliam
3102 1746 3397 1817 patiantur.
3455 1739 3698 1806 Ideoque

512 1869 531 1902 ι
575 1849 714 1904 Nulli
762 1851 958 1904 malum
1006 1866 1104 1919 pro
1148 1851 1290 1905 malo
1348 1851 1661 1905 reddentes.
1704 1863 1723 1902 t
1761 1850 2010 1905 Humana
2040 1816 2085 1872 Β
2115 1816 2272 1903 docet
2304 1847 2427 1902 illos
2447 1816 2758 1900 humilitate
2787 1853 2999 1910 tempus
3026 1816 3697 1898 redimere.Aliter,quod

435 1943 698 2011 sapientia
719 1952 826 2004 est,
859 1943 902 1995 si
937 1956 1244 2009 quaaranius
1276 1941 1449 1995 vicem
1488 1943 1714 1996 reddere
1749 1943 2010 1998 inimicis.

437 2035 682 2103 Stultitia
710 2035 856 2088 enim
887 2042 970 2091 est
998 2037 1049 2089 in
1081 2039 1181 2096 hoc
1215 2036 1435 2100 szeculo,
1467 2035 1512 2090 si
1564 2034 1891 2104 percutienti
1959 2041 2014 2086 et

434 2130 596 2183 aliam
648 2129 920 2182 maxillam
980 2130 1220 2198 praebere
1269 2129 1526 2184 volueris.
1566 2127 1724 2194 Quod
1771 2127 1816 2181 si
1855 2137 2014 2181 tantae

435 2223 710 2288 patientiae
759 2229 813 2273 et
859 2219 1188 2273 humilitatis
1233 2218 1439 2285 fueris,
1491 2233 1594 2272 non
1643 2218 1818 2272 solum
1873 2215 2015 2285 apud

433 2313 767 2376 Dominum,
813 2315 905 2367 sed
951 2323 1005 2368 et
1063 2313 1206 2383 apud
1255 2325 1445 2367 omnes
1501 2311 1754 2366 homines
1807 2309 2012 2381 poteris

437 2405 739 2473 probabilis
773 2420 1060 2474 apparere.

515 2517 534 2548 ι
571 2499 926 2553 Providentes
959 2499 1118 2564 bona,
1149 2515 1258 2552 non
1295 2505 1504 2552 tantum
1535 2511 1718 2553 coram
1755 2495 1889 2562 Deo,
1922 2495 2017 2549 sed

439 2592 604 2644 etiam
657 2606 839 2644 coram
872 2591 1126 2645 omnibus
1162 2590 1495 2644 hominibus.
1551 2608 1569 2641 ι
1605 2587 1836 2642 Tantum
1884 2601 2018 2642 cave

440 2694 508 2732 ne
540 2680 658 2732 ideo
700 2678 890 2741 facias,
925 2689 985 2734 ut
1039 2695 1147 2736 non
1187 2680 1332 2746 Deo,
1389 2679 1483 2735 sed
1529 2679 1662 2734 solis
1706 2676 2019 2732 hominibus

443 2771 661 2841 placere
693 2771 988 2828 desideres.

519 2880 541 2914 ι
577 2861 631 2917 Si
663 2864 775 2916 ﬁeri
812 2871 1009 2933 potest,
1044 2862 1186 2932 quod
1237 2876 1302 2917 ex
1343 2861 1497 2917 vobis
1526 2870 1628 2926 est,
1663 2876 1783 2914 cum
1825 2858 2018 2915 omni-—

441 2955 547 3010 bus
602 2955 914 3010 hominibus
964 2970 1152 3026 pacem
1202 2954 1488 3010 habentes.
1527 2971 1546 3005 ι
1589 2951 1742 3019 Quod
1777 2963 2016 3006 vestrum

443 3061 547 3112 est,
585 3064 680 3103 vos
729 3064 853 3102 cum
904 3048 1159 3102 omnibus
1209 3061 1396 3116 pacem
1432 3044 1685 3099 habetote
1717 3060 1730 3096 :
1769 3049 1822 3097 et
1856 3041 2020 3097 dicite

2116 1939 2460 1996 sublimiores
2491 1945 2811 2001 potestates,
2877 1930 3261 1989 ecclesiasticae
3291 1925 3586 1998 dignitates
3618 1921 3700 1976 in-

2117 2031 2455 2101 telligantur.

2193 2164 2213 2200 (
2251 2143 2368 2199 Non
2417 2152 2502 2199 est
2547 2144 2694 2198 enim
2753 2149 2995 2212 potestas
3034 2137 3141 2194 nisi
3187 2151 3217 2205 a
3253 2134 3433 2212 Deo.»
3464 2131 3532 2185 Et
3561 2142 3704 2199 quo-

2117 2243 2282 2295 modo
2314 2237 2456 2293 Deus
2481 2236 2632 2290 dicit
2664 2249 2762 2304 per
2799 2233 3117 2304 prophetam
3156 2245 3173 2287 :
3204 2223 3599 2296 Regnaverant,
3651 2229 3702 2274 et

2120 2350 2223 2388 non
2253 2345 2316 2386 ex
2349 2347 2428 2386 me
2461 2329 2616 2400 (Osee
2641 2344 2764 2394 vttl,
2803 2327 2899 2394 4)?

2197 2445 2214 2478 ι
2247 2426 2376 2492 Quae
2410 2432 2592 2478 autem
2635 2431 2785 2488 sunt,
2820 2435 2852 2473 a
2885 2420 3000 2475 Deo
3027 2416 3277 2472 ordinata
3307 2421 3456 2468 sunt.
3497 2428 3516 2462 ι
3543 2407 3604 2464 Si
3640 2408 3707 2462 de

2120 2519 2302 2574 steculi
2346 2517 2706 2586 potestatibus
2743 2515 2924 2568 dicere
2952 2512 3221 2573 videatur,
3259 2522 3368 2562 non
3397 2506 3520 2560 ideo
3541 2503 3707 2572 justz

2121 2615 2304 2672 erunt,
2331 2605 2550 2662 etiamsi
2579 2619 2608 2659 a
2654 2603 2764 2658 Deo
2797 2599 3080 2656 exordium
3114 2603 3463 2666 acceperunt.
3497 2593 3708 2648 Secun-

2121 2701 2251 2756 dum
2289 2698 2622 2754 desiderium
2659 2693 3100 2762 uniuscujusque
3150 2691 3364 2742 dantur.
3401 2685 3536 2739 Nam
3565 2683 3709 2738 dicit

2121 2791 2375 2848 Salomon
2420 2807 2436 2843 :
2468 2789 2750 2856 Quoniam,
2787 2787 2916 2839 data
2955 2793 3032 2840 est
3082 2782 3230 2836 nobis
3260 2788 3489 2848 potestas
3524 2794 3556 2830 α
3593 2773 3708 2828 Deo

2122 2885 2274 2959 (Sap.
2309 2901 2382 2951 v1,
2410 2884 2490 2954 4).
2544 2883 2650 2938 Sed
2680 2897 2798 2936 cum
2836 2879 3023 2933 essetis
3064 2874 3300 2929 ministri
3351 2870 3500 2940 regni
3529 2869 3706 2932 illius,

2123 2957 2227 3032 non
2257 2985 2392 3031 recte
2446 2973 2759 3044 judicastis.
2827 2969 3104 3024 Horrende
3163 2974 3224 3020 et-
3275 2965 3384 3017 cito
3431 2957 3712 3030 apparebit

2057 3126 2065 3134 ,
2124 3071 2263 3126 vobis
2289 3069 2454 3138 (Ibid.
2486 3068 2520 3122 5
2549 3066 2747 3137 seqq.),
2778 3074 2833 3118 et
2863 3071 3086 3118 caetera.
3112 3057 3475 3115 Constituitur
3509 3053 3657 3108 enim
3681 3067 3713 3105 λ

442 3139 915 3235 θυωμρηψίῖθίθῖ
951 3138 1080 3194 cum
1116 3139 1206 3235 Im
1233 3138 1322 3208 qui
1371 3139 1826 3235 oder“m_”_ace""
1872 3149 2015 3188 eram
2048 3176 2094 3235 ε
2126 3163 2237 3219 Deo
2301 3175 2359 3217 ut
2405 3163 2552 3232 juste
2605 3160 2808 3231 judicet
2835 3199 2853 3223 ,
2908 3164 2964 3212 et
3006 3164 3065 3209 ut
3115 3161 3430 3223 peccatores
3475 3146 3714 3201 habeant

441 3233 695 3304 paciﬁcus
737 3231 906 3302 (Psat.
936 3247 1084 3294 exis,
1116 3231 1169 3298 7)
1206 3246 1220 3284 :
1257 3239 1508 3298 optantes
1545 3229 1756 3283 scilicet
1789 3242 2019 3283 conver-

444 3329 653 3380 sionem
690 3340 875 3379 eorum
907 3332 1074 3394 atque
1105 3322 1360 3385 salutem,
1385 3321 1527 3375 sicut
1552 3335 1671 3390 qute
1715 3321 1870 3376 vobis
1904 3319 2022 3378 ﬁcri

446 3419 640 3488 possit.

523 3528 544 3562 ι
581 3507 700 3563 Non
738 3510 1108 3580 vosmetipsos
1135 3509 1510 3577 defendentes,
1547 3507 1851 3564 cltarissimi
1882 3524 1896 3561 :
1931 3504 2023 3560 sed

446 3603 575 3656 date
611 3604 786 3658 locum
837 3603 949 3658 irae.
984 3621 1003 3654 ι
1040 3605 1144 3656 Aut
1177 3603 1432 3674 fugiendo
1459 3607 1488 3671 ,'
1523 3613 1619 3657 aut
1664 3600 2026 3671 permittendo

449 3711 674 3751 nocere.

528 3807 548 3841 ι
586 3787 862 3858 Scriptum
923 3799 1007 3843 est
1062 3787 1205 3843 enim
1263 3787 1444 3843 :Mibi
1497 3787 1822 3843 vindictam.
1863 3804 1882 3838 ι
1916 3783 2030 3854 Ego

453 3887 607 3953 quasi
663 3883 1038 3948 meam,dicit
1075 3881 1369 3949 Dominus,
1422 3898 1528 3937 non
1581 3881 1738 3951 quasi
1792 3887 2029 3934 vestram

455 3977 710 4048 injuritun
740 3976 1066 4031 vindicabo:
1103 3975 1356 4045 quoniam
1399 3975 1532 4030 dicit
1583 3978 1848 4044 propheta
1878 3991 1892 4028 :
1929 3971 2034 4038 Qui

455 4089 543 4125 t'os
575 4073 764 4139 tangit,
799 4082 1050 4140 tanquam
1090 4072 1180 4140 qui
1209 4073 1380 4140 tangit
1409 4067 1666 4138 pupillam
1694 4068 1834 4120 oculi
1866 4066 2034 4134 ipsius

454 4165 706 4235 (Zucltar.
747 4182 803 4228 Il,
833 4165 911 4234 8).
1331 4145 1344 4158 ’

534 4277 554 4310 ι
591 4257 656 4312 Ει
684 4273 784 4328 ego
833 4258 1153 4323 retribuam,
1216 4255 1348 4312 dicit
1381 4255 1667 4311 Dominus.
1707 4272 1726 4306 ι
1794 4250 2038 4308 Facienti

457 4353 599 4408 bona
633 4353 938 4408 retribuere
967 4351 1258 4422 promittit.

532 4462 554 4498 ι
600 4446 705 4500 Sed
734 4446 857 4501 etsi
892 4446 1062 4499 esurit
1103 4443 1360 4498 inimicus
1393 4450 1540 4506 tuus,
1581 4441 1700 4496 ciba
1745 4439 1893 4494 illum
1941 4438 2034 4494 :si

458 4536 598 4604 sitit,
630 4547 814 4608 polum
852 4537 918 4593 da
963 4537 1062 4590 illi.
1098 4555 1118 4588 ι
1155 4533 1276 4590 Noli
1325 4534 1403 4588 illi
1445 4547 1666 4600 negare,
1698 4531 1844 4602 quod
1896 4529 2038 4585 Deus
2071 4517 2117 4577 Ι)

460 4635 590 4689 nulli
625 4641 788 4704 negat
821 4670 837 4698 ,
875 4631 1126 4700 quamvis
1168 4629 1240 4685 sit
1269 4627 1618 4698 blasphemus
1649 4635 1703 4678 et
1743 4624 1966 4694 impius.

537 4746 558 4780 ι
599 4725 712 4781 Iloc
757 4725 902 4781 enim
957 4723 1205 4804 faciens,
1259 4723 1523 4777 carbones
1575 4720 1718 4788 ignis
1773 4724 2040 4788 congeres

461 4834 627 4890 super
661 4826 823 4888 caput
860 4819 998 4884 ejus.
1041 4835 1059 4868 ι
1096 4815 1172 4872 Ut
1204 4831 1326 4870 cum
1366 4812 1471 4868 sibi
1509 4812 1778 4867 carbones
1829 4808 2043 4864 intelle-

460 4915 604 4969 xerit
628 4927 721 4982 per
750 4927 904 4968 suam
941 4910 1238 4965 indebitam
1272 4907 1708 4964 misericordiam
1743 4917 2043 4974 congrega-

461 5007 534 5072 ri,
566 5006 808 5061 excutiat
844 5019 939 5060 eos
974 5021 986 5058 :
1023 5005 1124 5058 hoc
1159 5012 1264 5067 est,
1299 5008 1686 5066 convertatur,
1741 5007 1795 5052 et
1850 4996 2046 5066 diligat

462 5107 543 5166 te,
579 5112 740 5170 quem
781 5097 1046 5164 habuerat
1109 5093 1404 5164 aliquando
1462 5104 1739 5160 perosum.
1778 5088 2042 5142 Caeterum

465 5206 574 5245 non
620 5199 704 5243 est
737 5186 1142 5250 misericordia,
1172 5184 1265 5238 sed
1299 5181 1600 5238 crudelitas
1630 5194 1644 5232 :
1674 5178 1717 5232 si
1774 5178 1894 5231 ideo
1925 5190 2044 5229 eam

467 5281 658 5342 facias,
696 5289 754 5333 ut
788 5279 864 5333 illi
906 5276 1112 5348 aliquid
1148 5277 1303 5347 pejus
1327 5275 1566 5342 eveniat,
1603 5290 1701 5345 pro
1731 5289 1838 5343 quo
1879 5271 2045 5325 Deum

465 5372 786 5444 prmciperis
819 5369 1122 5440 deprecari.
1158 5369 1292 5423 Item
1330 5368 1430 5422 hoc
1467 5367 1587 5422 loco
1612 5366 1775 5420 docet
1807 5379 1902 5420 nos
1930 5362 2050 5416 imi-

465 5463 572 5518 tari
606 5463 772 5518 Deum
805 5461 1032 5525 debere,
1059 5460 1151 5530 qui
1182 5459 1350 5515 solem
1375 5473 1532 5514 suum
1559 5458 1686 5512 oriri
1721 5455 1858 5510 facit
1889 5467 2050 5524 super

463 5556 640 5610 bonos
675 5564 730 5609 et
759 5555 954 5610 malos.
1003 5553 1247 5608 Cibaudo
1276 5553 1419 5607 enim
1468 5550 1744 5605 inimicum
1781 5556 1836 5605 et
1863 5556 2054 5618 potan-

469 5647 560 5712 do,
597 5661 721 5700 eum
755 5645 824 5700 ad
881 5661 1069 5716 pacem
1114 5645 1197 5699 vel
1248 5643 1747 5700 reconciliationem
1783 5656 2050 5712 provoca-

471 5750 639 5790 mus:
673 5743 732 5790 ut
765 5737 812 5790 si
854 5737 946 5792 ille
995 5737 1049 5792 in
1101 5736 1308 5792 malitia
1369 5733 1684 5806 perstiterit,
1720 5732 1899 5803 ignem
1955 5747 2053 5788 suo

479 5828 728 5896 congerit
763 5827 944 5896 capiti.

2125 3255 2270 3326 quod
2302 3257 2530 3311 timeant
2562 3267 2630 3309 ne
2655 3259 2910 3322 peccent.

2204 3387 2225 3422 ι
2257 3370 2444 3440 Itaque
2492 3367 2589 3439 qui
2643 3365 2851 3422 resistit
2888 3363 3197 3434 potestati,
3233 3352 3326 3414 Dei
3367 3354 3712 3414 ordinationi
3769 3417 3778 3428 D

2129 3462 2356 3518 resistit.
2400 3461 2501 3527 Qui
2552 3469 2734 3514 autem
2771 3457 3073 3520 resistunt,
3105 3454 3209 3524 ipsi
3261 3451 3364 3508 sibi
3401 3448 3714 3505 damnatio-

2132 3568 2254 3610 nem
2303 3551 2618 3622 acquirunt.
2676 3567 2696 3602 ι
2745 3547 2902 3602 Sicut
2953 3545 3022 3600 ad
3071 3545 3226 3599 Raab
3284 3541 3494 3597 dicitur
3548 3555 3565 3596 :
3611 3537 3719 3604 Qui

2131 3646 2317 3700 exierit
2348 3643 2517 3713 foras,
2551 3642 2664 3712 ipse
2689 3639 2792 3696 sibi
2819 3655 2939 3693 reus
2968 3639 3065 3693 erit
3091 3635 3280 3706 (Iosue
3305 3650 3382 3698 vt,
3419 3633 3538 3697 9.3).

2211 3777 2231 3811 e
2267 3757 2404 3813 Nam
2437 3755 2716 3827 principes
2765 3768 2873 3807 non
2908 3759 3036 3807 sunt
3101 3748 3286 3804 timori
3331 3745 3461 3801 boni
3509 3741 3718 3814 operis,

2137 3853 2232 3908 sed
2265 3849 2415 3906 mali.
2443 3866 2462 3901 ι
2501 3846 2672 3902 Malus
2702 3845 2874 3904 debet
2929 3844 3122 3898 timere
3178 3848 3504 3911 potestatem
3538 3853 3554 3891 :
3592 3849 3720 3888 nam

2135 3945 2311 4000 bonus
2344 3957 2448 3996 non
2478 3939 2662 4002 habet,
2685 3935 2830 4007 quod
2868 3933 3054 3990 timeat
3097 3947 3114 3987 ς
3147 3931 3240 4002 qui
3271 3929 3318 3985 si
3347 3928 3551 3999 injuste
3572 3923 3725 3980 occi-

2139 4037 2306 4103 ditur,
2337 4034 2557 4105 gaudet.

2215 4149 2234 4182 ι
2293 4127 2385 4184 Vis
2436 4136 2617 4183 autem
2668 4138 2776 4180 non
2805 4125 3000 4188 timere
3038 4114 3426 4190 potestatem?
3465 4133 3484 4167 ι
3519 4112 3726 4184 Accipe

2139 4220 2428 4278 consilium
2460 4233 2664 4283 meum,
2695 4225 2749 4272 et
2793 4227 3076 4283 nunquam
3123 4209 3363 4266 timebis.

2221 4351 2241 4385 ι
2277 4333 2486 4386 Bonum
2525 4329 2608 4384 fac
2631 4368 2647 4395 ,
2681 4337 2737 4383 et
2775 4325 3002 4382 habebis
3051 4323 3267 4378 laudem
3300 4336 3369 4376 ex
3401 4319 3517 4376 illa.
3555 4335 3575 4370 ι
3601 4315 3727 4388 Ipsa

2145 4425 2422 4481 damnatio
2453 4422 2742 4486 malorum,
2777 4419 2898 4474 laus
2925 4427 3012 4474 est
3034 4417 3332 4471 bonorum.

2223 4538 2241 4572 ι
2287 4517 2380 4573 Dei
2417 4517 2563 4572 enim
2601 4514 2851 4569 minister
2876 4524 2956 4567 est
2987 4509 3082 4565 tibi
3104 4511 3158 4563 in
3191 4510 3418 4563 bonum.
3445 4503 3502 4559 Si
3545 4513 3729 4560 autem

2143 4613 2348 4668 malum
2379 4609 2599 4672 feceris,
2634 4608 2788 4662 time.
2842 4622 2863 4658 ι
2893 4603 2994 4670 Qui
3053 4615 3148 4673 pro
3203 4611 3290 4654 tua
3339 4597 3606 4654 sollicitus
3649 4603 3732 4650 est

2145 4705 2352 4777 quiete.
2411 4702 2547 4757 Item
2603 4701 2694 4756 hic
2751 4697 2985 4755 dicendo
3015 4714 3029 4751 :
3061 4693 3308 4749 Minister
3339 4700 3425 4748 est
3459 4691 3559 4745 tibi
3597 4688 3730 4744 boni

2146 4814 2334 4865 causa,
2369 4795 2612 4852 ostendit
2669 4793 2722 4847 in
2785 4789 2871 4847 his
2917 4804 3041 4860 quas
3093 4795 3241 4843 recta
3296 4794 3424 4840 sunt
3451 4781 3730 4855 judicibus

2147 4888 2509 4947 obediendum
2541 4927 2558 4954 ,
2593 4900 2698 4942 non
2740 4885 2795 4940 iu
2833 4883 2940 4939 illis
2971 4897 3092 4954 quae
3142 4875 3396 4949 religioni
3449 4872 3728 4931 contraria

2148 4991 2295 5040 sunt.

2228 5094 2246 5128 ι
2281 5072 2400 5130 Non
2433 5071 2577 5130 enim
2609 5070 2731 5126 sine
2759 5083 2923 5126 causa
2961 5066 3196 5140 gladium
3232 5071 3433 5136 portat.
3466 5060 3566 5117 Dei
3590 5058 3733 5115 enim

2153 5167 2401 5222 minister
2436 5173 2540 5220 est.
2578 5182 2597 5215 ι
2633 5162 2700 5216 Ει
2731 5162 2782 5216 in
2819 5173 2870 5216 te
2906 5161 3069 5216 habet
3097 5157 3357 5219 oII‘teium,
3385 5155 3429 5210 si
3468 5166 3729 5225 peccave-

2155 5261 2230 5316 ris
2269 5278 2282 5314 :
2319 5275 2421 5315 nec
2457 5259 2552 5314 tibi
2589 5256 2801 5327 prolicit
2855 5254 2923 5310 ad
2960 5253 3290 5310 mercedem.
3324 5249 3454 5304 Sive
3485 5247 3738 5302 sacerdo-

2155 5363 2237 5408 tes
2289 5352 2524 5423 gladium
2606 5347 2945 5420 spiritualem
2999 5353 3219 5418 portant
3273 5360 3288 5397 :
3338 5342 3483 5398 sicut
3541 5341 3735 5394 Petrus

2157 5445 2428 5516 percussit
2462 5443 2755 5508 Ananiam,
2803 5449 2858 5496 et
2897 5440 3223 5510 Sapphiram
3261 5436 3402 5508 (Aet.
3454 5451 3506 5500 v,
3559 5427 3733 5501 i-IO),

2156 5549 2213 5595 et
2244 5537 2445 5594 Paulus
2479 5551 2698 5608 magum
2727 5534 2872 5604 (Act.
2910 5549 3029 5600 χιιι,
3059 5533 3171 5604 11).

2235 5651 2254 5684 ι
2299 5630 2505 5686 Vindex
2535 5631 2587 5684 in
2621 5631 2756 5683 iram
2782 5627 2829 5682 ei
2860 5625 2954 5696 qui
2991 5625 3192 5680 malum
3219 5623 3350 5695 agit.
3381 5641 3399 5674 ι
3437 5619 3570 5685 Quia
3593 5616 3734 5672 Deus

2160 5743 2265 5783 non
2299 5726 2476 5795 diligit
2527 5723 2730 5786 malos,
2779 5721 2872 5792 qui
2925 5720 3042 5776 odit
3092 5733 3284 5776 omnes
3317 5718 3407 5788 qui
3441 5720 3735 5785 operantur

2161 5821 2496 5890 iniquitatem
2536 5817 2708 5887 (l'sal.
2757 5835 2807 5882 ι’,
2850 5815 2925 5884 '7).

3933 33 3935 122 Ι

3933 849 3935 910 l
