3934 6200
216 372 325 443 733

1218 368 1626 438 EXPOSITIO
1669 377 1751 438 IN
1808 378 2051 446 EPIST.
2094 383 2196 444 AD
2233 377 2418 447 ROM.

3361 382 3477 456 ’734

290 513 309 546 ι
344 493 580 561 Ideoque
619 490 943 561 necessitate
967 489 1167 544 subditi
1210 499 1384 544 estote
1407 507 1435 541 .:
1476 505 1581 544 non
1618 489 1795 544 solum
1829 497 1869 551 Α
1903 493 2064 560 facit,
2094 496 2221 563 quia
2257 505 2310 551 et
2343 499 2490 551 circa
2553 510 2611 551 se
2669 505 2960 566 utrumque
3027 499 3179 568 cupit
3233 500 3486 571 impendi.

215 592 442 652 propter
472 580 630 644 iram,
681 579 776 634 sed
825 580 988 632 etiam
1041 586 1264 647 propter
1315 579 1724 634 conscientiam.
1771 598 1789 630 ι

211 675 335 730 Non
366 672 540 727 solum
569 669 695 740 quia
728 680 957 739 possunt
987 678 1281 739 potestates
1306 672 1466 724 etiam
1491 671 1610 726 sine
1630 687 1794 725 causa

217 765 410 827 irasci,
445 763 542 818 sed
567 773 622 818 et
656 777 723 818 ne
752 773 972 830 propter
1005 763 1238 831 alicujus
1269 763 1475 830 peccati
1507 765 1796 817 conscien-

213 859 348 915 tiam
384 855 844 912 condemnemini.
884 853 1010 909 Sive
1053 871 1159 910 non
1189 855 1399 915 solum,
1437 871 1504 908 ne
1548 857 1796 910 irascun-

215 958 315 1004 tur
344 946 683 1010 sacerdOtcs,
712 947 805 1000 sed
841 945 1003 999 etiam
1038 947 1165 1014 quia
1199 949 1402 1001 sanctis
1426 946 1534 1001 illis
1557 957 1608 1000 ct
1634 949 1796 1016 jnstis

215 1043 484 1097 honorem
522 1038 756 1093 debetis.
791 1037 922 1090 Item
981 1038 1181 1092 malum
1246 1047 1488 1104 agentes,
1521 1048 1580 1093 ct
1609 1049 1794 1093 contra

211 1142 489 1204 praecepta
521 1131 787 1194 viventes,
821 1140 1038 1200 propter
1088 1123 1384 1186 vindictam
1440 1133 1640 1187 subditi
1669 1142 1799 1187 sunt

210 1223 573 1294 potestatibus
609 1238 624 1274 :
654 1231 802 1275 recte
851 1230 1032 1275 autem
1093 1222 1360 1286 viventes,
1425 1230 1643 1292 propter
1673 1239 1801 1279 con-

207 1319 499 1374 scientiam
543 1316 744 1372 subditi
800 1323 964 1372 sunt:
997 1316 1124 1386 quia
1179 1317 1317 1373 bona
1369 1328 1420 1373 et
1448 1318 1596 1386 justa
1630 1329 1795 1385 sunt,

205 1425 331 1481 qua:
351 1411 628 1478 jtlhentttl‘.

285 1521 308 1554 r
350 1502 474 1556 Ideo
504 1502 649 1556 enim
697 1510 753 1556 et
799 1503 996 1558 tributa
1029 1501 1321 1572 prtrstatis.
1372 1500 1604 1556 Ministri
1653 1501 1797 1555 enim

210 1592 308 1648 Dei
346 1607 497 1661 sunt,
527 1596 578 1648 in
624 1595 728 1650 huc
778 1596 950 1665 ipsum
999 1595 1319 1650 servientes.
1368 1612 1388 1646 ι
1445 1592 1684 1648 Possunt
1734 1603 1792 1648 et

211 1686 417 1743 tributa
470 1689 818 1744 sacerdotum
855 1688 1107 1757 intelligi,
1135 1703 1255 1757 quae
1302 1688 1408 1743 illis
1443 1703 1473 1742 a
1513 1687 1620 1742 Deo
1669 1695 1796 1741 sunt

209 1781 538 1838 caustitnta.
593 1783 719 1836 Sive
775 1782 897 1835 ideo
949 1781 1168 1849 regibus
1219 1781 1414 1834 tributa
1469 1780 1737 1848 pra'statis
1779 1817 1794 1841 ,

211 1875 345 1941 quia
375 1873 622 1928 voluistis
655 1872 980 1942 possidendo
1016 1871 1214 1926 sacculo
1255 1886 1380 1926 esse
1409 1869 1658 1936 subjecti.
1701 1869 1800 1923 Mi-
1833 1849 1872 1902 Β

205 1969 418 2023 nistro‘s
446 1977 624 2022 autem
661 1967 753 2022 Dei
784 1967 907 2021 illos
935 1965 1194 2036 appellat,
1225 1975 1284 2018 ttt
1311 1960 1398 2019 vel
1426 1965 1505 2019 sic
1551 1965 1630 2018 eis
1664 1964 1792 2018 red-

207 2060 365 2121 dant,
416 2059 558 2128 quod
610 2057 690 2113 eis
741 2055 1051 2114 debebant:
1087 2070 1155 2110 ne
1205 2055 1484 2111 videretur
1539 2039 1793 2110 Christus

208 2151 527 2218 superbiam
560 2151 833 2205 docuisse.

291 2259 313 2292 ι
355 2241 582 2296 Reddite
636 2257 766 2312 ergo
817 2243 1070 2297 omnibus
1104 2241 1305 2296 debita.
1351 2240 1448 2296 Cui
1505 2239 1791 2304 tributum,

212 2334 499 2389 tributum.
541 2352 560 2385 ι
612 2333 796 2390 Potest
839 2334 1000 2388 etiam
1037 2334 1377 2404 eleemosyna
1425 2332 1661 2387 debitum
1697 2347 1793 2399 ap-

214 2425 433 2494 pellari.
468 2423 610 2479 Dicit
672 2424 1006 2494 Scriptura:
1064 2423 1272 2478 Inc/ina
1327 2423 1551 2493 pauperi
1613 2437 1795 2475 aurem

211 2526 383 2578 tuam,
409 2526 454 2569 et
482 2519 638 2570 redde
661 2518 895 2571 debitum
929 2526 1076 2568 tuum
1109 2513 1300 2580 (Eccli.
1334 2530 1402 2577 tv,
1438 2512 1516 2580 8).

290 2622 312 2656 e
351 2603 446 2658 Cui
479 2604 738 2674 vectigal,
765 2595 1017 2670 vectigal.
1049 2622 1067 2653 ›
1099 2600 1340 2671 Vectigal
1394 2608 1639 2655 nostrum
1687 2607 1792 2663 est,

208 2706 275 2750 ut
307 2696 709 2751 transeuntibus
729 2697 1030 2760 donemus,
1081 2695 1166 2748 vel
1196 2709 1296 2748 non
1327 2702 1674 2748 transeuntes
1698 2706 1788 2745 se-

212 2789 472 2843 dentibus
514 2789 581 2842 ad
635 2789 881 2854 viam,et
935 2787 1060 2842 inde
1106 2787 1445 2840 venientibus
1471 2785 1786 2855 largiamur.

294 2899 314 2933 ι
354 2879 452 2936 Cui
481 2882 752 2941 timorem,
778 2881 1052 2934 timorem.
1089 2897 1108 2930 ο
1145 2879 1430 2957 Quomodo
1501 2891 1632 2946 ergo
1664 2873 1800 2929 scri-

205 2983 368 3045 ptum
402 2982 486 3028 est
517 2973 667 3039 alibi,
732 2971 936 3027 Praeter
967 2970 1135 3026 Deum
1163 2971 1431 3025 neminem
1460 2984 1581 3024 esse
1601 2969 1799 3024 timeu-

215 3065 347 3119 dum
368 3063 393 3115 ?
421 3062 525 3118 Sed
558 3064 658 3126 sic,
693 3064 886 3130 inquit,
908 3077 1006 3133 age
1037 3071 1096 3116 ιιι
1129 3062 1401 3116 neminem
1441 3061 1656 3114 timeas.
1704 3059 1797 3112 Ti-

1983 607 2001 639 t
2048 588 2274 642 Dilectio
2306 590 2538 658 proximi
2574 589 2772 645 malum
2806 607 2912 645 non
2947 605 3226 662 operatur.
3265 615 3281 646 ι
3311 595 3486 653 Etiam

1902 679 2105 733 bonum
2130 696 2233 733 non
2270 681 2471 747 facere,
2499 684 2700 736 malum
2731 694 2834 738 est.
2865 686 2998 738 Nam
3027 687 3070 740 si
3101 687 3295 740 viderit
3332 689 3486 742 illum

1904 763 2046 827 fame
2080 775 2378 843 periclitari
2414 791 2429 833 :
2465 791 2646 834 nonne
2696 778 2811 844 ipse
2864 778 3015 833 illum
3056 781 3276 843 occidit,
3300 783 3345 835 si
3395 783 3488 836 ille

1902 873 2022 918 cum
2062 867 2265 930 afﬂuat,
2297 882 2402 920 non
2458 869 2671 923 dederit
2732 871 2953 935 victum,
2982 871 3231 941 quamvis
3269 873 3316 928 ei
3363 889 3487 942 pro-

1903 958 2049 1024 prias
2101 974 2206 1011 non
2269 958 2453 1014 tulerit
2512 959 2856 1014 facultates?
2906 961 3166 1030 Quisquis
3223 963 3368 1018 enim
3430 965 3485 1019 in

1902 1065 2228 1119 quacunque
2276 1052 2608 1106 necessitate
2653 1067 2972 1107 succurrere
2996 1055 3492 1125 morituropotest,

1902 1142 1947 1196 si
1987 1156 2093 1194 non
2131 1141 2343 1206 fecerit,
2380 1141 2600 1195 occidit.

1983 1251 2001 1284 ι
2045 1233 2339 1288 Plenitudo
2392 1247 2521 1303 ergo
2576 1233 2733 1304 legis,
2762 1246 2845 1289 est
2885 1234 3124 1292 dilectio.
3167 1256 3186 1290 ι
3237 1235 3352 1292 Hoc
3402 1235 3488 1293 est

1903 1324 2189 1396 perfectio.

1979 1435 1997 1468 ι
2033 1410 2101 1470 Ει
2149 1417 2252 1470 hoc
2303 1416 2540 1471 scientes
2575 1426 2786 1486 tempus
2822 1425 2846 1476 :'
2875 1420 3001 1488 quia
3053 1420 3187 1476 hora
3237 1429 3322 1475 est
3369 1419 3478 1488 jam

1903 1521 2003 1560 nos
2034 1505 2098 1558 de
2129 1519 2321 1559 somno
2350 1520 2598 1574 surgere.
2635 1525 2652 1558 ι
2691 1506 2804 1561 Hoc
2836 1519 2941 1570 est,
2971 1518 3028 1562 ut
3059 1513 3121 1564 ad
3157 1510 3479 1580 perfectiora

1908 1596 2158 1651 tendatis.
2187 1597 2302 1651 Non
2334 1596 2479 1650 enim
2513 1611 2732 1664 semper
2761 1599 2971 1653 debetis
3004 1612 3124 1654 esse
3167 1601 3379 1668 parvuli
3428 1610 3483 1655 et

1904 1688 2191 1752 lactentes,
2233 1689 2376 1742 sicut
2413 1687 2537 1741 alibi
2577 1687 2709 1741 dicit
2743 1705 2757 1742 :
2793 1688 3004 1742 Etenim
3055 1707 3174 1743 cum
3225 1689 3480 1744 deberetis

1905 1781 2143 1852 magistri
2167 1796 2280 1834 esse
2306 1778 2493 1850 (ﬂeb'r.
2520 1795 2574 1841 v,
2606 1778 2718 1848 η),
2750 1789 2803 1833 et
2833 1789 3053 1835 caetera.
3079 1780 3212 1834 Item
3237 1782 3483 1836 hortatur

1903 1873 2216 1944 Apostolus,
2249 1882 2312 1927 ut
2344 1873 2626 1926 tenebrosa
2662 1881 2722 1927 et-
2763 1873 2939 1927 somni
2975 1883 3196 1944 torpore
3227 1875 3482 1942 depressa

1903 1981 2066 2036 opera
2117 1965 2506 2033 relinquentes,
2556 1953 2610 2017 in
2646 1965 2871 2029 lumine,
2914 1965 3019 2022 hoc
3069 1976 3174 2030 est,
3223 1967 3278 2020 in
3327 1967 3483 2021 bonis

1902 2058 2156 2126 operibus
2211 2055 2571 2111 ambulemus.
2631 2056 2762 2110 Item
2816 2057 2884 2110 de
2922 2070 3114 2112 somno
3164 2058 3374 2113 inertiae
3424 2067 3481 2112 et

1901 2149 2224 2220 ignorantia:
2278 2148 2840 2218 consurgamusJam
2909 2151 3053 2205 enim
3127 2149 3356 2204 scientia
3393 2151 3478 2205 luo

1902 2252 2008 2299 cet.

1975 2354 1994 2387 ι
2037 2333 2194 2389 Nunc
2249 2335 2394 2390 enim
2449 2336 2672 2404 propior
2726 2343 2809 2390 est
2873 2345 3060 2390 nostra
3112 2336 3282 2398 salus,
3315 2351 3476 2404 quam

1899 2443 2020 2482 cum
2057 2427 2409 2482 credidimus.
2451 2447 2470 2479 ι
2504 2427 2746 2484 Scientia
2777 2427 3120 2496 proficiente,
3147 2428 3369 2499 propior
3393 2439 3480 2483 est

1899 2521 2066 2581 Salus,
2101 2535 2262 2589 quam
2297 2520 2788 2588 quandoprimum
2816 2519 3171 2574 credidimus.

1977 2631 1998 2663 ι
2043 2611 2156 2666 Nox
2186 2614 2488 2680 przecessit,
2519 2610 2647 2666 dies
2677 2621 2863 2667 autem
2918 2613 3402 2682 appropinquavit.
3453 2623 3488 2668 ν’

1901 2703 2199 2774 Comparat
2233 2705 2338 2758 diei
2369 2705 2677 2763 scientiam.
2706 2714 2757 2757 et
2793 2704 3160 2774 ignorantiam
3199 2705 3368 2771 nocti,
3394 2721 3483 2762 se-

1900 2799 2134 2854 cundum
2169 2798 2307 2855 Osee
2339 2798 2609 2853 dicentem
2644 2815 2658 2854 :
2695 2797 2858 2851 Nocti
2911 2795 3208 2852 assimilari
3259 2809 3481 2853 matrem

1847 2923 1854 2928 ς
1897 2896 2090 2942 tuam:
2120 2890 2293 2958 {actus
2316 2896 2393 2941 est
2423 2887 2642 2956 populus
2669 2903 2816 2941 meus
2848 2894 3102 2954 tanquam
3156 2903 3259 2942 non
3287 2889 3480 2944 habens

1899 2980 2178 3035 scientiam
2211 2978 2367 3042 (Osee
2403 2987 2475 3041 iv,
2512 2978 2565 3042 5,
2603 2975 2680 3048 6).
3378 3033 3386 3039 ,

1984 3089 2003 3122 t
2040 3070 2374 3137 Abjiciamus
2403 3084 2530 3139 ergo
2564 3084 2727 3136 opera
2761 3069 3134 3134 tenebrarum,
3167 3077 3222 3124 et
3285 3069 3483 3124 indua-

213 3171 342 3212 mor
399 3157 542 3212 enim
601 3155 693 3210 Dei
753 3157 998 3210 timorem
1047 3155 1268 3224 expellit
1322 3156 1638 3208 humanum.
1689 3152 1866 3242 Sedc
1899 3176 2022 3216 mur
2052 3177 2200 3215 arma
2231 3161 2391 3217 lucis,
2431 3179 2449 3212 ι
2485 3159 2621 3238 Cum
2670 3160 3002 3225 ignorantia,
3030 3160 3354 3227 abjiciamus
3405 3161 3481 3216 si-

212 3252 478 3320 quoniam
517 3264 710 3305 causas
739 3249 917 3304 adhuc
947 3248 1161 3304 timoris
1197 3247 1431 3310 habetis,
1463 3260 1685 3302 necesse
1712 3254 1794 3300 est

213 3352 280 3395 ut
310 3342 572 3397 linteatis.

294 3451 314 3482 ι
357 3432 458 3485 Cui
487 3432 772 3495 honorem,
806 3432 1091 3488 honorem.
1134 3449 1154 3484 ι
1190 3429 1365 3485 Etiam
1399 3429 1649 3485 timorem
1683 3442 1797 3482 ma-

201 3521 448 3592 joribus,
477 3523 736 3578 honorem
781 3533 989 3578 tantum
1023 3523 1347 3591 aequalibus.

285 3613 503 3670 Nemini
569 3616 869 3684 quidquam
921 3614 1188 3670 debeatis.
1249 3632 1268 3666 ι
1332 3612 1598 3668 Prteclare
1659 3601 1796 3666 dixit

207 3703 533 3772 Apostolus,
567 3703 839 3760 reddenda
872 3704 1188 3774 unicuique,
1216 3718 1336 3772 quae
1366 3702 1656 3767 debentur,
1679 3702 1794 3758 sola

207 3805 431 3853 tantum
455 3796 745 3852 dilectione
760 3811 861 3867 nos
889 3797 1118 3852 invicem
1141 3796 1407 3852 obnoxios
1427 3809 1550 3850 esse
1576 3795 1794 3848 debere.

207 3889 272 3946 Si
309 3900 495 3944 autem
524 3903 736 3958 seraper
767 3888 1025 3944 fratribus
1054 3889 1422 3953 debuerimus,
1445 3887 1804 3946 dilectionem,

204 3996 528 4047 servemus,
558 3994 611 4035 ut
637 3990 908 4052 perpetua:
941 3981 1198 4037 charitati
1230 3991 1636 4036 connectamur.
1662 3977 1795 4033 Nam

205 4089 328 4128 non
392 4073 746 4138 adulterabis,
779 4089 885 4128 non
932 4075 1173 4137 occides,
1206 4087 1312 4127 non
1365 4071 1658 4137 furaberis,
1689 4085 1797 4124 non

205 4167 599 4234 concupisces,
623 4175 677 4221 et
707 4167 919 4234 si‘quid
951 4175 1035 4222 est
1066 4165 1212 4220 aliud
1246 4166 1584 4229 mandatum,
1610 4165 1666 4218 in
1697 4163 1800 4219 hoc

203 4258 395 4313 verbo
451 4259 809 4314 instauratur.
834 4258 968 4315 Item
999 4257 1204 4314 nemini
1233 4257 1482 4314 debitum
1518 4271 1626 4312 non
1665 4255 1798 4311 red-

203 4351 390 4407 datis.

293 4461 321 4495 e
367 4441 485 4497 Nisi
525 4449 584 4496 ut
615 4441 845 4498 invicem
892 4442 1148 4512 diligatis.
1187 4459 1206 4494 ι
1243 4441 1353 4498 Iloc
1385 4441 1556 4497 solum
1588 4453 1803 4510 semper

201 4536 388 4594 debet
415 4551 657 4602 manere,
681 4537 824 4606 quod
855 4553 1132 4607 nunquam
1169 4536 1398 4606 persolvi
1434 4543 1632 4605 potest.

291 4645 315 4678 ι
372 4625 476 4692 Qui
509 4626 652 4681 enim
685 4627 860 4694 diligit
899 4625 1224 4696 proximum,
1254 4627 1426 4698 legem
1464 4626 1728 4696 implevit.
1777 4642 1797 4677 ι

202 4717 540 4774 Secundum
601 4718 816 4773 Domini
885 4719 1219 4789 parabolam,
1275 4719 1394 4773 siue
1473 4717 1804 4772 discretione

201 4810 443 4866 cunctis
477 4811 906 4866 misericordiam
943 4812 1059 4867 fieri
1092 4811 1371 4883 jubentis:
1405 4811 1584 4866 omnis
1641 4811 1804 4864 homo

199 4900 512 4973 proximus
538 4917 661 4958 esse
686 4905 990 4959 censendus
1015 4912 1116 4960 est.
1153 4901 1282 4958 Item
1307 4903 1655 4958 dilectionem
1682 4903 1804 4956 ideo

199 4994 492 5064 praemisit
525 5010 540 5050 :
578 4997 703 5064 quia
743 4995 995 5051 ﬁdelibus
1046 4995 1340 5061 scribebat,
1374 5003 1428 5050 et
1477 4995 1544 5050 de
1577 4994 1804 5064 iustitiae

199 5088 648 5143 conversatione
681 5089 966 5144 tractabat.

295 5198 324 5230 α
377 5177 513 5233 Nam
549 5194 660 5235 non
692 5169 1043 5244 adulterabis.
1077 5195 1184 5237 non
1218 5180 1457 5246 occides,
1504 5196 1606 5235 non
1657 5180 1807 5234 fura-

195 5273 404 5336 bcris,
435 5285 539 5326 non
589 5271 783 5327 falsum
836 5274 1206 5328 testimonium
1261 5276 1432 5340 dices,
1462 5289 1570 5328 non
1605 5289 1802 5328 concu-

199 5366 440 5438 pisces,
463 5373 516 5417 et
537 5363 584 5418 si
605 5364 752 5434 quod
767 5374 854 5419 est
883 5367 1028 5420 aliud
1057 5367 1395 5430 mandatum,
1421 5366 1474 5420 in
1513 5368 1613 5421 hoc
1639 5365 1805 5422 verbo

195 5461 576 5512 instauratur
619 5473 635 5512 :
686 5456 882 5527 Diliges
947 5457 1252 5526 proximum
1295 5466 1446 5511 tuum
1502 5459 1642 5510 sicut
1705 5457 1804 5510 tei-

190 5559 448 5621 psnma
475 5546 879 5618 Recapitulatnr
912 5549 1091 5604 omnis
1125 5548 1332 5618 iustitia
1365 5551 1418 5602 in
1457 5549 1686 5618 proximi
1723 5548 1806 5603 di-

189 5639 584 5695 lectiortezct
637 5640 898 5708 iujustitia
935 5641 1200 5703 nascitur,
1234 5639 1364 5694 dum
1419 5640 1538 5709 plus
1591 5639 1805 5694 caeteris

191 5745 328 5788 nos
376 5742 646 5784 amamus.
679 5731 778 5796 Qui
816 5731 958 5786 enim
999 5730 1139 5784 sicut
1176 5745 1234 5784 sc
1269 5730 1446 5798 diligit
1476 5731 1802 5798 proximum,

197 5837 343 5880 non
381 5819 555 5875 solum
589 5822 664 5876 illi
698 5821 894 5876 malum
930 5838 1036 5877 non
1093 5820 1238 5886 facit,
1281 5822 1372 5878 sed
1407 5822 1566 5877 etiam
1602 5826 1801 5880 bonum

1900 3255 2010 3312 mul
2049 3263 2104 3311 et
2141 3269 2302 3322 opera
2339 3253 2701 3323 ignorantiae:
2732 3262 2787 3307 et
2828 3267 2978 3305 arma
3017 3253 3178 3314 lucis,
3232 3253 3332 3307 hoc
3367 3260 3477 3314 est,

1901 3349 2122 3404 luminis
2155 3362 2316 3418 opera
2348 3347 2654 3400 induamur.
2685 3344 2788 3410 Qui
2839 3345 2975 3398 enim
3015 3345 3153 3399 male
3206 3346 3337 3415 agit,
3369 3347 3480 3399 adit

1898 3441 2108 3496 lucem:
2144 3440 2236 3511 qui
2293 3455 2410 3493 vero
2473 3439 2602 3508 facit
2653 3437 2951 3502 ceritatem,
2993 3437 3131 3492 venit
3183 3437 3253 3491 ad
3313 3438 3480 3492 lucem

1899 3529 2077 3600 (Joan.
2116 3545 2198 3594 Ill,
2227 3529 2320 3592 ΞΟ,
2349 3527 2468 3596 21).

1972 3641 1992 3675 ‹
2031 3623 2181 3677 Sicut
2222 3623 2274 3675 in
2316 3622 2663 3694 dielioneste
2711 3621 3076 3675 ambulemus.
3119 3638 3137 3671 ι
3195 3619 3351 3676 Sicut
3384 3621 3479 3676 lux

1899 3714 2004 3770 diei
2059 3713 2311 3784 prohibet
2373 3727 2822 3781 unumquemque
2875 3726 3060 3781 agerc,
3109 3711 3256 3781 quod
3318 3721 3478 3766 nocte

1901 3807 2070 3860 libere
2125 3802 2544 3858 committebat:
2595 3803 2669 3857 ita
2725 3810 2780 3856 et
2821 3802 3045 3856 scientia
3087 3817 3186 3856 nos
3225 3801 3483 3870 prohibet

1899 3895 2034 3966 legis
2077 3895 2330 3949 mandata
2364 3903 2736 3960 contemnere,
2763 3891 2907 3964 quod
2939 3892 3179 3949 sciamus
3211 3909 3307 3949 nos
3337 3908 3484 3949 sem-

1901 4003 1999 4057 per
2033 4003 2059 4040 a
2089 3987 2201 4042 Deo
2232 3984 2430 4042 videri.

1978 4095 1996 4128 ι
2041 4077 2158 4131 Non
2195 4077 2249 4131 in
2283 4076 2772 4132 comessationihus
2799 4087 2853 4132 et
2878 4076 3256 4143 ebrietatibus,
3282 4090 3390 4130 non
3423 4075 3477 4128 in

1903 4169 2180 4226 cubilibus
2223 4179 2276 4224 et
2327 4167 2702 4239 impudicitiis.
2743 4187 2762 4220 ι
2795 4167 3134 4224 Comessatio
3165 4179 3249 4224 est
3281 4182 3483 4230 mensa!

1905 4264 2150 4318 collatio.
2186 4261 2296 4316 Nos
2326 4275 2458 4316 vero
2508 4261 2774 4316 habemus
2822 4261 3104 4330 spirituale
3147 4247 3482 4326 convivium,

1905 4357 2188 4411 dicentes:
2223 4355 2358 4410 Cum
2407 4355 2735 4419 convenitis,
2782 4353 3155 4424 unusquisque
3210 4354 3480 4423 psalmum

1905 4448 2124 4515 habeat,
2162 4459 2217 4502 et
2275 4456 2488 4503 caetera.
2543 4446 2876 4502 Ebrietatem
2937 4461 3069 4516 ergo
3125 4446 3480 4516 perniciosam

1834 4541 1883 4600 D
1913 4553 2056 4602 esse,
2105 4547 2158 4592 et
2202 4537 2431 4591 luxurias
2487 4535 2796 4599 materiam,
2825 4549 2890 4587 ex
2923 4533 3049 4588 hinc
3081 4533 3487 4603 cognoScimus,

1907 4631 2032 4698 quia
2090 4629 2478 4699 impudicitiam
2533 4625 2837 4696 subjunxit.
2870 4625 2937 4680 Et
2973 4625 3100 4680 alibi
3155 4627 3270 4680 ait:
3309 4622 3489 4679 Nolite

1906 4721 2164 4774 inebriari
2195 4721 2333 4784 vino,
2364 4719 2420 4773 in
2453 4735 2552 4788 quo
2601 4729 2676 4773 est
2712 4719 2927 4772 luxuria
2968 4717 3186 4788 (Ep/tes.
3221 4733 3274 4783 v,
3303 4713 3415 4786 l8).

1985 4834 2003 4867 t
2049 4813 2164 4868 Non
2218 4814 2270 4868 in
2325 4814 2674 4868 contentione
2723 4824 2779 4867 et
2824 4811 3190 4866 aemulatione.
3239 4830 3257 4864 ι
3311 4810 3488 4863 Etiam

1909 4905 2312 4961 contentionem
2340 4913 2396 4959 et
2427 4901 2688 4959 invidiam
2720 4902 3070 4958 criminosam
3105 4915 3256 4962 esse.
3285 4909 3339 4954 et
3367 4898 3489 4954 aliis

1911 4995 2095 5052 multis
2135 4997 2394 5066 probatur
2419 4995 2706 5065 exemplis,
2728 4995 2940 5049 dicente
2965 4987 3168 5048 Iacobo
3209 5003 3226 5047 :
3257 4991 3319 5046 Si
3349 4992 3495 5044 enim

1909 5088 2077 5141 zelum
2112 5102 2356 5141 amarum
2387 5086 2588 5141 habetis
2626 5079 2769 5155 (Jac.
2796 5078 2879 5149 tit,
2905 5084 3086 5152 Il),et
3120 5092 3339 5136 cattera.

1985 5197 2004 5230 ι
2043 5177 2148 5232 Sed
2203 5177 2490 5232 iuduimini
2541 5177 2828 5232 Dominum
2878 5175 3059 5230 Jesum
3109 5173 3410 5228 Christum.
3458 5191 3477 5225 ι

1911 5268 2069 5324 Solus
2104 5269 2358 5325 Christus
2385 5269 2633 5325 videatur
2670 5271 2726 5325 in
2761 5268 2941 5332 vobis,
2973 5283 3081 5320 non
3119 5276 3272 5321 vetus
3299 5266 3482 5321 homo.

1911 5361 2016 5426 Qui
2056 5362 2194 5416 enim
2248 5360 2372 5414 dicit
2413 5378 2466 5416 se
2517 5362 2572 5415 in
2606 5360 2815 5416 Christo
2860 5375 3094 5422 manere,
3151 5357 3300 5412 debet
3349 5359 3485 5411 sicut

1909 5455 1999 5510 ille
2057 5455 2370 5522 ambulavit,
2397 5465 2444 5509 et
2475 5456 2586 5520 ipse
2619 5454 2892 5509 ambulare
2920 5450 2971 5523 (Ι
3003 5451 3166 5507 Joan.
3202 5451 3340 5521 tt,6)
3375 5467 3388 5516 ;
3428 5451 3482 5505 in

1908 5563 2016 5617 quo
2047 5563 2238 5604 omnes
2274 5557 2401 5602 sunt
2438 5548 2685 5602 virtutes.
2877 5611 2880 5613 Α

1899 5645 1904 5650 ’
1985 5659 2002 5690 ι
2045 5639 2326 5694 Elcaruis
2381 5653 2570 5692 curam
2622 5654 2688 5692 ne
2722 5635 2960 5691 feceritis
3009 5635 3062 5690 in
3117 5633 3420 5689 dusidcriis.
3458 5650 3484 5684 γ

1909 5729 2058 5786 Sicut
2077 5731 2328 5786 Salomon
2358 5731 2434 5784 ait
2461 5747 2472 5780 ε
2507 5730 2631 5784 Post
2657 5727 3104 5793 concupiscentias
3128 5737 3246 5782 tuas
3270 5744 3366 5780 non
3392 5743 3488 5784 ea»

1913 5822 2100 5890 (lfccli.
2133 5837 2282 5887 xvut,
2320 5822 2428 5888 50).
2501 5823 2566 5876 Et
2599 5823 2796 5878 iterum
2830 5841 2840 5875 :
2880 5821 2935 5875 Si
2968 5819 3171 5874 dederis
3239 5821 3494 5888 concupi-
