3934 6200
404 376 513 438 725
589 329 592 332 ’

1347 387 1408 451 8.
1450 383 1890 449 HIERONYMI
1935 381 2246 453 OPERUH
2293 393 2694 463 MANTISSA.

3549 403 3664 468 736

399 497 652 552 arentium
703 495 896 549 animm
930 505 1055 558 tum.
1093 497 1144 552 in
1178 500 1431 566 gaudium
1463 501 1626 570 {acies
1673 513 1721 558 te
1758 504 1984 558 inimicis
2015 513 2058 563 Δ
2089 511 2314 564 moritur
2341 527 2356 566 :
2388 514 2511 580 quia
2544 522 2596 578 et
2631 514 2720 568 ille
2753 526 2972 584 propter
3007 516 3176 573 Dcttm
3200 521 3456 586 abstinet,
3486 531 3542 575 et
3571 521 3668 577 ille

402 590 507 641 tuis
539 587 706 641 venire
744 585 935 656 (Ecclt'.
973 603 1126 650 svnt.
1155 590 1267 658 51).

991 745 1217 800 CAPUT
1256 747 1376 802 XIV

484 881 503 914 ι
549 861 830 916 lnﬁrmum
887 872 1063 917 autem
1103 865 1156 918 in
1191 864 1293 920 ﬁde
1347 868 1630 922 assumite.
1671 886 1691 920 ι
1720 867 1818 921 llic.
1847 869 1982 923 obli-

409 969 516 1022 que
549 955 670 1010 illos
721 956 1004 1024 increpare
1034 957 1243 1027 incipit,
1277 959 1367 1026 qui
1402 973 1461 1014 se
1497 959 1668 1014 fortes
1696 962 1980 1028 putabant,

408 1055 470 1100 ut
496 1045 850 1100 immoderate
875 1047 1133 1101 carnibus
1162 1059 1532 1103 vescerentur.
1555 1049 1686 1103 Item
1713 1049 1801 1103 hic
1831 1051 1980 1103 inﬁr~

410 1150 529 1190 mos
572 1135 759 1192 ﬁdeles
813 1138 966 1200 dicit,
1016 1138 1105 1204 qui
1144 1153 1336 1192 carnes
1366 1154 1486 1208 quae
1521 1141 1572 1192 in
1603 1140 1829 1196 macello
1855 1149 1984 1194 tunc

400 1219 660 1290 temporis
692 1224 1087 1291 vendebantur,
1123 1226 1460 1282 idololatrias
1490 1243 1611 1283 esse
1637 1229 1930 1283 credebant
1964 1247 1979 1294 ;

407 1325 461 1365 (ιι
491 1323 713 1382 pr0pter
762 1314 866 1369 hoc
916 1317 993 1370 sic
1035 1325 1310 1385 putantes,
1339 1333 1404 1371 nc
1439 1320 1836 1388 polluerentur,
1873 1321 1984 1375 ole-

404 1405 559 1458 ribus
581 1407 956 1460 vescebantur.
983 1405 1136 1461 Unde
1159 1409 1470 1478 praacipitur
1491 1410 1558 1464 ab
1580 1412 1862 1480 Apostolo,
1917 1426 1984 1468 ne

406 1496 640 1564 imperiti
681 1496 752 1550 ita
779 1499 1080 1554 sentientes
1111 1499 1374 1566 judicent,
1401 1502 1491 1570 qui
1532 1502 1734 1558 habent
1799 1504 1980 1570 ﬁdem,

409 1587 591 1641 omnia
623 1601 742 1655 quae
771 1587 821 1640 in
870 1590 1101 1644 macello
1152 1602 1407 1657 veneunt,
1439 1595 1555 1647 sine
1588 1593 1985 1663 disceptatione

401 1680 732 1733 manducent
763 1695 777 1734 :
810 1681 1072 1748 quoniam
1104 1683 1282 1737 omnis
1309 1695 1559 1739 creatura
1585 1685 1679 1740 Dei
1714 1688 1852 1742 bona
1878 1697 1981 1756 est,

403 1779 458 1825 et
488 1770 623 1824 nihil
663 1771 1026 1825 damnandum
1063 1783 1144 1827 est
1179 1788 1388 1838 eorum,
1417 1790 1537 1844 quae
1577 1776 1717 1833 Deus
1751 1778 1986 1834 homini-

401 1862 507 1917 bus
537 1863 601 1916 ad
632 1862 900 1917 edendum
927 1866 1133 1917 creavit
1165 1862 1216 1935 (1
1254 1863 1396 1920 Tim.
1433 1881 1509 1931 IV,
1529 1867 1610 1938 4).

489 1972 508 2006 α
555 1955 668 2009 Non
697 1956 751 2009 in
780 1955 1263 2024 disceptationibus
1302 1959 1711 2028 cogitationum.
1749 1981 1768 2016 ι
1805 1961 1983 2020 Nolite

405 2052 700 2104 secundum
731 2061 941 2106 vestras
993 2051 1371 2124 cogitationes,
1392 2069 1553 2124 quem
1585 2055 1672 2110 lex
1703 2069 1809 2110 non
1836 2055 1984 2126 judi-

402 2152 513 2206 cat,
549 2143 821 2213 judicare.
1101 2151 1108 2158 '

483 2251 503 2284 σ
543 2234 693 2289 Alius
738 2237 883 2291 enim
925 2239 1098 2294 credit
1127 2255 1186 2295 se
1215 2241 1545 2297 manducare
1574 2243 1778 2298 omnia.
1823 2261 1843 2296 ι
1879 2241 1982 2308 Qui

404 2334 612 2380 tantam
665 2329 825 2382 ﬁdem
871 2331 1060 2396 habet,
1092 2341 1148 2386 ut
1194 2349 1303 2388 non
1345 2347 1645 2403 moveatur,
1681 2346 1774 2392 aut
1819 2335 1988 2392 absti-

406 2419 592 2473 nentia
623 2419 954 2492 confractus,
989 2433 1085 2477 aut
1115 2424 1290 2480 senio.

481 2529 503 2564 ι
540 2511 642 2576 Qui
669 2521 846 2566 autem
897 2513 1145 2570 inﬁrmus
1179 2525 1300 2582 est,
1327 2518 1450 2574 olus
1487 2519 1797 2578 manducet.
1837 2541 1857 2574 ι
1902 2521 1987 2576 lno

408 2597 618 2663 ﬁrmus,
645 2609 740 2654 aut
797 2612 980 2666 :ctate,
1025 2613 1123 2658 aut
1188 2608 1434 2675 corporis
1489 2609 1692 2665 calore.
1729 2609 1862 2666 ltem
1899 2613 1987 2666 hic

407 2692 669 2759 probatur
691 2729 707 2756 ,
740 2694 864 2762 quia
901 2708 1006 2747 non
1049 2695 1118 2750 de
1157 2694 1360 2752 Judaeis
1414 2699 1648 2768 dicatur,
1677 2711 1735 2755 ut
1768 2703 1984 2772 quidam

408 2789 624 2847 putant,
648 2784 743 2836 sed
779 2785 844 2838 de
874 2784 1299 2843 abstinentibus.
1331 2787 1451 2844 Non
1493 2792 1636 2846 enim
1669 2807 1863 2848 carnes
1898 2809 1988 2849 se-

408 2873 644 2926 cundum
697 2872 867 2943 legem
901 2916 916 2940 ,
942 2877 1036 2932 sed
1085 2878 1200 2933 sola
1234 2881 1382 2936 olera
1424 2885 1841 2940 manducabant.
1875 2885 1993 2940 Ali-

406 2970 530 3018 ter:
566 2963 622 3018 Si
665 2966 866 3022 idcirco
926 2970 1021 3024 tibi
1079 2971 1369 3030 inﬁrmitas
1421 2975 1617 3031 animm
1673 2989 1984 3047 generatur,

412 3057 538 3125 quia
565 3057 730 3112 alium
765 3061 1003 3130 ejusdem
1030 3065 1314 3133 propositi,
1343 3068 1599 3123 carnibus
1631 3085 1726 3138 pro
1755 3085 1854 3125 sua
1885 3071 1988 3126 ﬁde

409 3151 555 3204 vesci
616 3153 1054 3221 perhorrescens,
1112 3157 1255 3213 forte
1311 3161 1595 3228 cognoscis

399 3241 569 3316 ’udex
618 3245 840 3300 alterius
897 3247 1212 3315 voluntatis,
1251 3266 1351 3306 nec
1401 3253 1618 3323 exigere
1667 3254 1736 3308 ab
1784 3255 1984 3325 aliquo.

411 3331 717 3401 Unicuique
767 3336 820 3390 in
859 3337 1133 3394 Voluntate
1187 3342 1468 3397 dimissum
1513 3353 1638 3410 est;
1678 3345 1774 3399 sed
1804 3346 1848 3401 si
1893 3345 1988 3400 tibi

413 3429 726 3482 scandalum
751 3441 855 3492 est.
875 3439 928 3484 et
954 3447 1058 3483 nou
1079 3432 1160 3485 vis
1173 3433 1423 3490 carnibus
1445 3435 1610 3513 vesci,
1639 3437 1734 3492 tibi
1764 3437 1866 3508 ipsi
1891 3439 1990 3493 im-

413 3531 556 3586 pone
591 3517 809 3571 modutn
839 3537 854 3585 ;
909 3531 960 3572 et
1015 3520 1204 3577 melius
1237 3523 1467 3590 laciens,
1499 3525 1610 3581 sola
1644 3527 1790 3582 olera
1829 3544 1989 3583 man-

411 3609 572 3663 duca.
607 3608 773 3678 Magis
801 3613 1172 3682 unusquisque
1219 3630 1313 3684 per
1347 3625 1491 3671 tuam
1526 3620 1986 3689 aequanimitatem

414 3702 480 3754 ad
515 3702 896 3759 abstinentiam
930 3715 1272 3776 provocetur,
1311 3723 1471 3778 quam
1505 3711 1752 3767 irritatus
1789 3713 1855 3768 de
1886 3714 1991 3771 hoc

415 3793 751 3849 scandalizet
775 3801 850 3848 te.
875 3795 1040 3866 Magis
1071 3795 1123 3850 in
1160 3797 1387 3852 edendis
1417 3801 1672 3854 carnibus
1697 3802 1990 3856 conﬁrme-

414 3895 521 3951 tur,
555 3887 696 3955 quod
724 3899 834 3942 tum
871 3904 974 3943 non
1028 3897 1182 3959 potes
1230 3891 1385 3960 quasi
1428 3891 1642 3959 culpam
1674 3894 1727 3948 in
1766 3894 1870 3949 alio
1901 3909 1986 3950 re-

415 3979 774 4046 prehendere,
812 3979 855 4033 si
913 3983 1306 4052 unusquisque,
1335 3995 1427 4037 aut
1461 3983 1693 4040 ﬁdeliter
1722 3985 1827 4040 hoc
1855 4001 1991 4055 prm-

414 4069 603 4132 sumit,
639 4079 732 4123 ant
768 4071 905 4124 forte
945 4074 1234 4139 asperitate
1261 4076 1587 4132 valetudinis
1639 4087 1740 4133 aut
1770 4089 1988 4134 senecta

417 4161 522 4216 hoc
562 4161 725 4216 iaciat
758 4164 1023 4231 exigente.

495 4271 514 4303 ι
554 4253 604 4308 Is
632 4256 723 4324 qui
759 4257 1065 4326 manducet,
1098 4275 1204 4315 non
1251 4263 1668 4317 manducantem
1701 4277 1806 4318 non
1839 4278 1992 4333 sper-

418 4355 533 4402 nat.
577 4365 597 4400 ι
626 4346 909 4403 llabcbant
961 4351 1100 4406 inter
1144 4367 1204 4407 se
1253 4353 1548 4422 scandala;
1583 4354 1662 4408 illi
1691 4354 1810 4409 illos
1837 4353 1989 4423 quasi

417 4439 666 4496 carnales
715 4439 1072 4509 judicabant;
1106 4445 1265 4498 etilli
1327 4446 1447 4500 illos
1500 4456 1758 4515 tanquam
1793 4445 1990 4502 stultos

413 4531 736 4597 irridebant,
766 4544 820 4588 et
847 4537 1258 4605 superstitiosos
1292 4537 1629 4606 judicabant.

498 4641 517 4676 ς
560 4624 625 4677 Ει
655 4626 744 4693 qui
773 4640 877 4679 non
909 4631 1220 4693 manducat,
1254 4631 1670 4686 manducantem
1706 4647 1811 4689 non
1844 4633 1989 4701 judi-

423 4724 532 4770 cet.
578 4715 721 4770 Deus
771 4719 914 4772 enim
965 4719 1112 4773 illum
1161 4723 1480 4794 assumpsit.
1518 4743 1536 4776 ι
1578 4723 1654 4780 lta
1693 4726 1813 4782 illos
1850 4725 1992 4784 Deus

419 4810 636 4865 vocavit
663 4824 721 4866 ut
756 4823 828 4869 te.

503 4923 523 4959 ι
565 4905 646 4962 Tu
701 4908 822 4977 quis
873 4925 950 4974 es,
999 4908 1090 4978 qui
1142 4907 1359 4978 judicas
1391 4910 1628 4967 alienum
1670 4913 1931 4968 servum?
1970 4932 1988 4966 ι

425 4998 590 5067 Cujus
622 5010 678 5056 tu
725 5003 1065 5056 auctoritatis
1103 5019 1184 5066 es,
1208 5012 1262 5056 ut
1305 5004 1522 5074 judices
1557 5021 1678 5060 cum
1713 5023 1871 5074 quem
1910 5008 1997 5062 lex

423 5107 534 5147 non
589 5092 850 5162 judicat?
887 5091 1039 5150 Unde
1094 5103 1150 5151 et
1204 5093 1438 5152 Jacobus
1495 5096 1609 5153 ait:
1651 5097 1754 5162 Qui
1783 5098 1999 5168 judicat

422 5186 666 5256 fratrem,
693 5186 898 5241 scilicet
922 5187 1304 5257 sapientiorem
1329 5203 1409 5255 se,
1428 5189 1642 5257 judicat
1668 5191 1828 5260 legem
1857 5191 1998 5263 (Jac.

426 5297 505 5344 tv,
561 5279 674 5352 ll).
723 5279 991 5335 Caeterum
1030 5282 1145 5351 ipse
1195 5282 1394 5337 Paulus
1444 5291 1630 5338 contra
1689 5286 1999 5341 mandatum

425 5370 1004 5443 facientesjudicavit,
1035 5383 1092 5429 et
1129 5373 1252 5429 aliis
1292 5375 1572 5444 judirandi
1611 5378 1800 5432 tribuit
1834 5378 2003 5434 facul-

427 5475 619 5522 tatem.
649 5467 728 5518 Ad
755 5482 876 5520 cum
913 5469 1001 5536 qui
1047 5467 1152 5522 ﬁde
1202 5468 1446 5523 inﬁrmus
1475 5481 1558 5524 est
1601 5485 1780 5526 sermo
1813 5473 2004 5543 dirigi-

428 5565 540 5623 tur,
577 5574 679 5612 non
719 5573 844 5612 eum
882 5558 1082 5612 debere
1110 5559 1357 5629 judicare
1393 5560 1836 5618 manducantem.
1877 5563 2007 5618 0m-

427 5653 518 5708 nia
554 5666 888 5722 quaecunque
921 5653 972 5705 in
1023 5653 1250 5706 macello
1286 5663 1562 5708 veneunt:
1599 5655 1688 5721 qui
1749 5655 2007 5714 robustus

420 5741 540 5795 'ﬁdc
564 5752 668 5804 est,
694 5744 874 5796 omnia
919 5745 1113 5798 munda
1159 5746 1377 5801 mundis
1407 5761 1528 5802 esse
1559 5749 1862 5818 cognoscit.

514 5848 536 5884 α
579 5832 804 5888 Domino
852 5851 948 5890 suo
998 5846 1240 5906 stat,aut
1269 5839 1436 5918 cadit.
1482 5858 1500 5892 ι
1542 5839 1668 5900 Sive
1707 5843 1861 5912 vivit,
1895 5845 2008 5906 sivc

2084 603 2386 658 secundum
2417 604 2585 658 Deum
2614 607 2928 662 manducat.

2159 717 2178 751 ι
2218 697 2396 756 Stabit
2425 714 2630 758 autem.
2673 706 2874 763 Patcns
2919 718 3002 762 est
3033 708 3176 762 enim
3235 709 3376 765 Deus
3422 722 3666 768 statuere

2084 791 2256 847 illum.
2298 812 2317 846 ι
2359 795 2499 852 Deus
2548 801 2638 868 qui
2689 810 2798 855 tres
2841 815 3039 866 pueros
3070 801 3428 872 leguminibus
3455 815 3662 872 pastos.

2085 887 2339 940 meliores
2371 904 2637 958 apparere
2679 891 2828 955 fecit,
2875 909 3036 960 quam
3071 893 3195 949 illos
3241 896 3333 963 qui
3363 897 3430 950 de
3477 913 3661 950 mensa

2085 978 2229 1043 regis
2263 978 2522 1046 edebant,
2557 992 2733 1051 potest
2761 994 2818 1038 et
2873 983 2994 1038 illos
3026 983 3227 1040 diutius
3253 985 3434 1040 facere
3461 986 3516 1040 in
3543 1001 3666 1041 cor-

2086 1083 2216 1136 pore
2244 1080 2413 1126 stare.

2161 1177 2180 1210 ‹
2219 1159 2353 1213 Nam
2382 1163 2521 1218 alius
2543 1164 2752 1232 judicat
2778 1167 2920 1220 diem
2952 1167 3095 1222 inter
3123 1167 3288 1234 diem,
3315 1169 3456 1224 alius
3481 1181 3664 1225 autem

2081 1249 2291 1320 judicat
2340 1270 2558 1310 omnem
2611 1258 2779 1314 diem.
2811 1257 3195 1328 Unusquisque
3247 1262 3304 1315 in
3351 1276 3454 1317 suo
3491 1278 3666 1319 sensu

2085 1342 2346 1400 abundet.
2386 1364 2406 1398 ι
2439 1344 2609 1403 Judaei
2641 1347 2694 1402 in
2725 1349 2871 1404 escis
2902 1350 3042 1404 diem
3078 1350 3222 1404 inter
3247 1351 3390 1405 diem
3412 1353 3666 1422 judicare

2085 1448 2189 1488 non
2225 1437 2498 1504 poterant.
2522 1441 2662 1510 Ergo
2688 1442 2756 1496 de
2789 1441 3002 1512 jejunio
3055 1451 3114 1497 et
3142 1443 3476 1498 abstinentia
3507 1446 3663 1507 dicit,

2083 1543 2205 1596 quae
2232 1544 2338 1584 non
2369 1541 2496 1585 sunt
2519 1534 2619 1587 sub
2641 1543 2792 1588 certo
2817 1535 2975 1588 modo
2995 1534 3132 1604 legis
3156 1537 3396 1602 redacta,
3415 1546 3476 1591 ut
3496 1553 3668 1596 unus-

2083 1624 2317 1691 quisque
2343 1632 2550 1678 tantum
2610 1624 2801 1692 faciat,
2851 1636 3112 1693 quantum
3149 1637 3368 1695 potest:
3399 1642 3665 1699 quantum

2087 1715 2392 1770 mercedem
2431 1716 2634 1773 habere
2688 1718 2936 1773 voluerit.
2963 1717 3122 1774 Unde
3151 1722 3398 1791 sequitur
3431 1737 3447 1776 :
3481 1720 3667 1777 Unus-

2016 1854 2056 1908 Β
2086 1805 2318 1875 quisque
2353 1805 2408 1859 id
2461 1806 2626 1862 faciat
2657 1807 2710 1862 in
2770 1807 2864 1862 tali
2921 1824 3109 1878 causa,
3140 1813 3283 1882 quod
3327 1814 3524 1868 melius
3549 1829 3670 1870 esse

2083 1900 2308 1970 jmlicat.
2361 1901 2497 1956 item
2544 1903 2649 1958 hoc
2681 1913 2788 1968 est,
2833 1904 2978 1974 quod
3023 1905 3176 1971 dicit,
3248 1907 3461 1977 aliquos
3519 1923 3662 1974 esse,

2085 1993 2180 2063 qui
2239 1995 2428 2048 certis.
2461 1995 2590 2048 anni
2649 1997 3010 2065 temporibus,
3039 1996 3177 2052 alios
3207 2011 3329 2053 esse
3372 1999 3465 2067 qui
3515 2001 3667 2054 omni

2088 2095 2334 2155 tempore
2377 2087 2504 2142 vitae
2553 2102 2666 2142 suae
2717 2089 2786 2144 ab
2843 2105 2942 2146 esu
2999 2092 3250 2146 carnium
3303 2093 3666 2148 decreverunt

2088 2178 2498 2232 abstinendum.

2165 2288 2184 2320 ς
2222 2271 2323 2335 Qui
2353 2271 2495 2340 sapit
2521 2272 2687 2340 diem,
2717 2273 2948 2329 Domino
2982 2276 3142 2346 sapit.
3183 2294 3202 2328 ι
3238 2275 3472 2330 Domino
3500 2277 3664 2343 sapit,

2088 2359 2181 2431 qui
2220 2371 2439 2433 propter
2476 2361 2646 2419 Deum
2691 2364 2924 2436 jejunat,
2953 2377 3008 2422 et
3059 2383 3163 2421 non
3214 2379 3436 2439 prepter
3487 2371 3668 2424 homi-
3707 2397 3710 2400 ~

2091 2469 2206 2510 nes.

2169 2565 2188 2599 ι
2230 2545 2298 2602 Et
2342 2549 2431 2616 qui
2483 2549 2796 2616 manducat,
2850 2549 3080 2606 Domino
3110 2548 3420 2607 manducet.
3449 2550 3669 2607 Gratias

2090 2641 2233 2696 enim
2260 2643 2372 2711 agit
2414 2641 2543 2697 Deo.
2580 2662 2599 2695 ι
2627 2643 2730 2710 Qui
2776 2653 2999 2715 propter
3032 2645 3317 2700 Dominum
3353 2646 3666 2709 manducat,

2091 2741 2147 2787 ut
2181 2731 2534 2802 praedicandi
2567 2733 2920 2806 Evangelium
2953 2736 3122 2804 possit
3165 2737 3364 2791 habere
3386 2736 3665 2800 virtutem,

2091 2839 2201 2880 non
2235 2839 2350 2880 sua:
2390 2826 2530 2896 gulte
2565 2832 2770 2889 studet.
2806 2829 2900 2884 sed
2943 2829 3174 2884 aliorum
3214 2828 3418 2884 saluti:
3449 2837 3673 2898 propter

2093 2918 2236 2986 quod
2267 2919 2544 2984 conversi,
2576 2921 2779 2986 gratias
2811 2922 3050 2976 referant
3085 2922 3216 2976 Deo.

2169 3025 2188 3060 ι
2229 3007 2296 3062 Ει
2329 3008 2421 3077 qui
2455 3025 2560 3064 non
2616 3013 2931 3074 manducet,
2965 3011 3192 3067 Domino
3218 3029 3321 3068 non
3352 3015 3670 3076 mandutat,

2093 3109 2148 3156 et
2187 3102 2392 3170 gratias
2441 3102 2553 3172 agit
2607 3101 2740 3160 Deo.
2778 3121 2797 3156 ι
2834 3104 2971 3170 Quia
3029 3119 3126 3172 per
3167 3106 3470 3176 exemplum
3527 3107 3673 3159 illius

1629 3200 1646 3228 ν
1699 3161 1988 3265 ξ¹⁰¹ίηθ³⁸θ
2015 3190 2058 3248 C
2092 3161 2248 3246 multi
2295 3161 2597 3258 salvantur,
2621 3203 2675 3249 et
2717 3161 2921 3265 gratias
2967 3161 3205 3250 reierunt
3235 3161 3366 3252 Ded.
3394 3196 3496 3263 Qui
3522 3198 3670 3250 enim

2091 3297 2226 3339 voce
2269 3283 2654 3355 agit~gratias.
2693 3285 2840 3341 solus
2866 3287 2978 3358 agit
3012 3304 3027 3352 ;
3072 3287 3161 3356 qui
3195 3296 3378 3344 autem
3413 3289 3578 3342 etiam
3613 3289 3671 3342 in

2090 3391 2276 3446 opere,
2302 3377 2356 3431 in
2393 3376 2581 3432 multis
2615 3377 2747 3447 agit.

2089 3513 2098 3519 ς
2168 3485 2189 3520 ι
2229 3466 2399 3523 Nemo
2450 3469 2598 3524 enim
2639 3479 2882 3526 nostrum
2915 3472 3015 3526 sibi
3067 3472 3223 3537 vivit,
3268 3482 3325 3527 et
3369 3488 3532 3529 nemo
3564 3474 3674 3527 sibi

2091 3558 2342 3613 moritur.
2373 3557 2500 3614 Sive
2531 3561 2676 3626 enim
2703 3561 2953 3626 vivimus,
2989 3563 3213 3618 Domino
3242 3563 3474 3617 vivimus
3505 3581 3521 3628 ;
3555 3565 3676 3619 sive

2090 3649 2380 3715 morimur,
2406 3642 2631 3706 Domino
2682 3654 2966 3707 morimur.
3045 3653 3171 3708 Sive
3223 3669 3358 3726 ergo
3407 3655 3672 3718 'vivimus,

2088 3742 2209 3798 sive
2271 3743 2556 3808 morimur,
2632 3743 2844 3798 Domini
2891 3759 3101 3800 sumus.
3151 3763 3171 3797 ι
3210 3745 3380 3801 Nemo
3431 3745 3675 3802 ﬁdelium

2088 3833 2194 3890 sibi
2230 3833 2382 3896 vivit.
2438 3843 2493 3892 et
2528 3850 2688 3891 nemo
2737 3835 2839 3890 sibi
2896 3837 3170 3893 moritur:
3231 3839 3358 3907 quia
3417 3836 3678 3892 Christus

2090 3940 2188 3995 pro
2219 3926 2474 3982 omnibus
2524 3937 2772 3982 mortuus
2822 3935 2928 3993 est,
2957 3937 3016 3981 ut
3055 3937 3110 3983 et
3154 3929 3245 3998 qui
3293 3930 3506 3992 vivunt,
3558 3929 3676 3996 jam

2089 4033 2199 4074 non
2232 4017 2334 4073 sibi
2361 4017 2568 4083 vivant,
2595 4019 2688 4072 sed
2713 4018 2810 4072 illi.
2840 4017 3157 4073 Cavendum
3211 4021 3544 4083 econtrario,
3601 4037 3676 4076 ne

2090 4122 2192 4164 nos
2225 4117 2320 4164 aut
2349 4109 2505 4164 nobis
2555 4108 2798 4163 vivamus
2845 4109 3244 4177 manducando,
3323 4121 3417 4165 aut
3457 4122 3682 4182 propter

2093 4201 2340 4256 homines
2363 4201 2667 4256 moriamur
2687 4199 3011 4269 jejunando.

2171 4310 2190 4344 ι
2233 4291 2292 4346 ln
2347 4292 2452 4347 hoc
2500 4293 2646 4346 enim
2677 4292 2956 4348 Christus
2992 4304 3244 4352 mortuus
3274 4305 3379 4360 est,
3405 4306 3454 4350 et
3490 4311 3680 4351 resur-

2092 4383 2255 4448 rexit,
2321 4395 2379 4438 ut
2423 4393 2478 4440 et
2520 4386 2762 4439 vivorum
2795 4396 2851 4440 et
2881 4399 3220 4442 mortuorum
3268 4389 3598 4442 dominetur.
3653 4407 3674 4440 ι

2092 4473 2371 4530 Adventus
2397 4475 2599 4530 Christi
2624 4486 2677 4530 et
2717 4478 2870 4532 vivos
2904 4478 3156 4543 inveniet,
3197 4488 3250 4534 et
3285 4491 3530 4534 mortuos
3556 4496 3682 4533 sus-

2017 4538 2065 4596 D
2094 4566 2304 4621 citabit.
2362 4567 2506 4622 Nihil
2553 4584 2680 4637 ergo
2731 4570 2918 4632 refert,
2949 4583 3128 4624 utrum
3166 4579 3217 4624 te
3265 4573 3572 4632 resuscitet,
3606 4588 3677 4624 an

2096 4655 2277 4710 vivum
2310 4657 2548 4713 inveniat
2579 4673 2594 4712 :
2625 4669 2835 4713 tantum
2867 4659 3077 4724 labora,
3099 4667 3156 4714 ut
3183 4675 3366 4716 coram
3401 4675 3466 4715 eo
3491 4662 3680 4730 justus

2095 4761 2381 4818 appareas.

2175 4859 2195 4893 ι
2245 4841 2325 4896 Tu
2359 4851 2540 4896 autem
2575 4841 2706 4912 quid
2743 4840 2956 4910 judicas
3000 4841 3220 4898 fratrem
3279 4844 3476 4898 tuum?
3516 4863 3534 4897 ι
3565 4843 3684 4911 Qua

2097 4936 2428 4990 auctoritate
2457 4937 2612 5005 quasi
2642 4949 2888 4989 voracem
2919 4935 3188 4989 damnas?

2185 5047 2204 5080 ι
2241 5028 2348 5082 Aut
2389 5037 2441 5080 tu
2496 5041 2665 5096 quare
2713 5025 2922 5096 spernis
2955 5026 3178 5080 fratrem
3226 5027 3420 5081 tuum!
3461 5047 3480 5080 ι
3513 5027 3684 5094 Quasi

2102 5121 2383 5177 inﬁrmum
2434 5117 2764 5186 despiciens,
2797 5127 2889 5171 aut
2941 5132 3279 5186 supervacue
3323 5119 3681 5186 jejnnantem.

2185 5229 2204 5264 ι
2240 5210 2440 5268 Omnes
2471 5212 2613 5270 enim
2652 5211 2923 5265 stabimus
2956 5219 3082 5264 ante
3129 5211 3365 5265 tribunal
3393 5211 3623 5268 Christi.
3659 5231 3677 5264 ι

2106 5302 2259 5358 Tunc
2295 5303 2662 5359 conscientias
2699 5314 2911 5358 nostras
2944 5303 3208 5359 Dominus
3233 5303 3520 5373 judicabit,
3550 5305 3683 5374 quid

2108 5402 2164 5448 et
2197 5391 2344 5460 quali
2382 5402 2510 5446 voto
2538 5391 2846 5448 fecerimus.

2185 5502 2204 5536 ι
2245 5483 2515 5550 Scriptum
2545 5492 2629 5539 est
2667 5485 2810 5538 enim
2847 5502 2860 5539 :
2905 5482 3041 5538 Vivo
3072 5501 3172 5552 ego
3213 5486 3346 5540 dicit
3401 5476 3683 5551 Dominus,

2107 5577 2364 5646 quoniam
2399 5575 2528 5631 mihi
2553 5575 2800 5631 ﬂectetur
2829 5592 2986 5630 omne
3015 5594 3176 5647 genu,
3202 5587 3258 5632 ct
3285 5580 3463 5634 omnis
3503 5581 3686 5650 lingua

2109 5667 2460 5724 conﬁtebitur
2518 5669 2648 5725 Deo.
2697 5688 2716 5721 ι
2767 5665 2882 5724 lloc
2930 5669 3245 5725 testimonio
3295 5672 3516 5740 probat,
3559 5670 3684 5740 quia

2109 5770 2300 5811 omnes
2351 5757 2452 5813 soli
2505 5756 2732 5817 Domino
2759 5759 3047 5818 reddemus
3100 5769 3411 5818 nostrorum
3465 5772 3685 5818 actuum

2112 5860 2193 5905 rat
2204 5862 2381 5903 ιοιιοιιι
