3934 6200
196 273 297 335 737

271 410 289 443 ι
330 391 519 459 Itaque
566 389 940 460 unusquisque
987 397 1230 445 nostrum
1261 403 1360 459 pro
1407 404 1466 445 se
1502 390 1768 446 rationem
1802 411 1842 462 Α

194 482 383 538 reddet
419 481 555 536 Deo.
595 499 615 534 ι
652 479 726 536 De
778 480 865 536 his
918 481 1116 551 quibus
1161 481 1246 536 lex
1303 491 1466 536 tacet.
1497 481 1766 536 Caeterum

192 575 242 632 si
266 575 454 630 videns
482 582 822 643 peccantem,
844 587 953 628 non
973 573 1238 644 arguerit,
1267 574 1442 628 reddit
1465 571 1630 627 etiam
1657 571 1770 626 Deo

193 682 298 740 pro
319 681 386 722 eo
410 669 701 722 rationem.
1211 729 1224 744 κ

271 779 290 814 ι
330 757 448 814 Νοιι
479 773 608 829 ergo
657 757 894 828 amplius
941 759 1168 814 invicem
1203 757 1532 830 iudicemus.
1579 775 1598 810 ι
1639 755 1769 812 Suf-

193 851 312 907 ﬁcit
337 853 480 922 quod
533 866 676 906 nunc
715 865 889 922 usque
924 850 1156 906 fecistis.

272 963 290 994 ‹
324 941 429 998 Sed
464 944 564 998 hoc
579 939 789 1012 judicat
815 944 1004 1012 magis,
1036 957 1101 997 ne
1131 942 1344 1012 ponatis
1380 941 1766 996 oll'eudiculum

192 1032 378 1096 fratri,
405 1033 488 1087 vel
543 1018 884 1094 scandalum.
926 1031 1081 1086 illic
1139 1033 1414 1088 subtiliter
1469 1033 1770 1102 ingreditur

189 1127 259 1178 ad
289 1124 672 1179 abstinentiam
696 1124 1207 1187 commendandam,
1235 1133 1289 1178 et
1323 1123 1454 1178 dicit
1482 1124 1606 1178 illos
1637 1124 1766 1178 abs-

194 1219 371 1273 tinere
429 1217 652 1282 debere,
682 1218 930 1286 quamvis
965 1217 1104 1270 firmi
1133 1217 1263 1280 sint,
1290 1233 1356 1272 ne
1380 1218 1629 1286 exemplo
1653 1216 1769 1271 illo-

191 1323 316 1362 rum
368 1307 570 1363 infirmi
599 1307 912 1362 scandalum
939 1309 1240 1379 patiantur.

269 1419 288 1452 ι
330 1399 459 1455 Scio
509 1408 564 1454 et
615 1401 832 1455 confido
883 1401 936 1455 in
986 1399 1216 1454 Domino
1267 1398 1421 1466 Jesu,
1477 1403 1603 1470 quia
1633 1383 1768 1456 nihil

189 1505 480 1545 commune
513 1505 609 1560 per
663 1491 862 1560 ipsum.
903 1509 921 1542 ι
959 1490 1079 1545 Νοιι
1133 1490 1238 1545 hoc
1297 1491 1419 1546 ideo
1470 1493 1616 1555 dico,
1641 1492 1769 1560 quia

189 1591 374 1648 putem
419 1580 622 1648 aliquid
657 1594 949 1634 commune
1003 1593 1145 1634 esse.
1176 1577 1281 1634 Per
1312 1578 1592 1635 Christum
1621 1580 1768 1635 enim

189 1673 312 1727 scio
345 1674 526 1726 omnia
554 1687 676 1728 esse
725 1672 1007 1725 mundata.
1035 1670 1340 1727 Commune
1370 1671 1514 1726 enim
1543 1671 1766 1734 dicitur,

187 1763 452 1834 quidquid
481 1763 815 1817 immundum
846 1763 1059 1817 videtur
1087 1763 1142 1816 in
1177 1777 1302 1817 esca
1358 1761 1695 1816 Judaeorum.

271 1872 290 1906 ι
324 1853 437 1908 Nisi
474 1856 522 1908 ei
550 1856 644 1924 qui
679 1855 958 1908 existimat
989 1853 1117 1922 quid
1166 1868 1456 1908 commune
1495 1866 1619 1908 esse
1670 1853 1767 1916 illi,

187 1962 482 2002 commune
509 1956 615 2002 est.
649 1965 667 1998 ι
709 1946 786 2000 llli
819 1961 913 2016 per
939 1947 1332 2002 conscientiam
1363 1946 1424 1999 fit
1455 1961 1767 2009 commune,

187 2040 285 2109 qui
316 2041 494 2092 adhuc
521 2041 625 2092 ritu
651 2036 905 2104 Judaico,
947 2038 1152 2108 aliquid
1203 2048 1326 2108 post
1358 2038 1559 2092 Christi
1607 2038 1769 2092 iidem

186 2134 245 2184 in
277 2131 474 2184 talibus
504 2131 688 2185 causis
718 2133 1018 2186 arbitratur
1049 2131 1420 2184 immundum.

269 2239 286 2271 ι
326 2219 384 2276 Si
420 2223 564 2277 enim
601 2230 819 2290 propter
869 2223 1051 2276 cibum
1104 2222 1274 2276 frater
1311 2230 1438 2275 tuus
1478 2222 1770 2276 contrista-

187 2321 300 2366 tur.
335 2331 356 2364 υ
385 2314 505 2367 Non
559 2314 714 2378 dixit,
775 2321 1000 2382 prepter
1033 2311 1333 2383 jejunium,
1371 2313 1464 2366 sed
1499 2326 1565 2366 ne
1619 2312 1770 2365 illum

190 2411 284 2456 tuo
315 2405 563 2472 exernplo
623 2412 716 2456 aut
742 2416 1026 2472 provoces,
1048 2411 1142 2455 aut
1172 2400 1485 2471 compellas.

268 2493 441 2547 clam
504 2507 613 2546 non
685 2493 986 2548 secundum
1047 2492 1368 2546 charitatem
1443 2489 1708 2544 ambulas.
1745 2507 1764 2541 ι

188 2585 330 2652 Quia
353 2585 556 2640 invitus
580 2586 892 2651 manducat,
913 2583 1052 2654 quod
1087 2584 1168 2638 illi
1200 2599 1308 2638 non
1337 2584 1575 2652 expedit.
1596 2583 1770 2639 Etiam

186 2694 303 2732 non
340 2677 520 2748 diligis
557 2680 882 2747 proximum,
924 2678 1069 2734 sicut
1117 2687 1190 2744 te,
1219 2679 1266 2732 si
1295 2692 1404 2733 non
1436 2676 1579 2733 illius
1627 2677 1772 2732 utili-

187 2781 356 2825 tatem
391 2772 595 2842 cogitas
628 2771 776 2825 sicut
812 2781 982 2824 tuam.
1042 2840 1056 2853 .

265 2882 285 2914 ι
323 2862 442 2918 Noli
473 2865 595 2918 cibo
621 2873 710 2917 tuo
737 2863 884 2917 illum
917 2863 1168 2933 perdere,
1216 2879 1314 2934 pro
1351 2878 1461 2934 quo
1516 2863 1771 2920 Chrisms

184 2968 440 3010 mortuus
495 2943 610 3009 est:
650 2974 670 3007 ι
716 2953 834 3009 Non
871 2955 1036 3023 dixit,
1068 2957 1398 3012 abstinentia
1454 2965 1565 3022 tua,
1631 2957 1772 3012 sicut

181 3048 409 3116 quidam
438 3048 650 3102 volunt.

273 3156 292 3190 ι
359 3137 477 3192 Non
537 3152 666 3208 ergo
714 3137 1118 3208 blasphematur
1181 3138 1382 3194 bonum
1441 3147 1762 3193 nostrum.»

179 3235 526 3289 Libertatem
586 3247 751 3302 quam
789 3234 1059 3286 habemus
1122 3233 1174 3285 in
1207 3231 1471 3310 Domino,
1505 3240 1564 3285 ut
1590 3232 1770 3286 omnia

177 3329 345 3385 nobis
372 3326 572 3382 munda
603 3328 715 3381 sint
751 3342 894 3384 :non
925 3342 987 3382 ea
1019 3329 1095 3382 ita
1123 3326 1386 3382 debemus
1421 3327 1522 3392 uti,
1577 3336 1632 3382 ut
1687 3326 1772 3384 vi-

176 3423 416 3476 deamur
467 3431 687 3491 propter
739 3421 917 3492 gulam
955 3428 1009 3476 et
1047 3421 1237 3490 epulas
1292 3420 1607 3474 ambulare:
1659 3419 1776 3476 sive

173 3515 621 3582 blasphematur,
654 3513 699 3566 si
733 3523 958 3582 propter
1001 3514 1128 3568 talia
1163 3512 1572 3567 contendimus.

257 3629 275 3659 ι
320 3605 440 3661 Non
498 3615 583 3661 est
628 3606 771 3660 enim
828 3621 1053 3677 regnum
1123 3603 1216 3660 Dei
1261 3620 1388 3660 esca
1419 3614 1474 3660 et
1529 3613 1712 3676 potus.
1749 3621 1768 3654 ι

170 3697 303 3754 Non
337 3713 436 3769 per
474 3697 1066 3764 escamjustificamur.
1094 3696 1199 3752 Sed
1233 3708 1286 3752 et
1314 3698 1418 3752 hoc
1446 3697 1771 3762 notandum,

173 3791 336 3862 quod
374 3805 483 3844 non
523 3789 746 3856 dixerit,
775 3789 1046 3860 jejunium
1082 3799 1136 3844 et
1187 3789 1457 3842 sobrietas
1516 3802 1624 3841 non
1690 3793 1776 3840 est

171 3896 425 3952 regnum
485 3879 578 3935 Dei
614 3895 632 3934 :
667 3882 762 3935 sed
807 3894 935 3935 esca
989 3888 1044 3933 et
1075 3889 1257 3947 potus.
1292 3869 1424 3931 Item
1469 3876 1558 3930 hic
1597 3876 1774 3929 mani-

173 3975 335 4028 feste
365 3983 721 4038 monstratur,
758 3973 1013 4043 quoniam
1044 3985 1270 4040 regnum
1299 3969 1564 4024 caalorum
1593 3969 1773 4023 cibum

170 4077 236 4122 et
273 4075 467 4136 potum
501 4080 612 4118 non
639 4065 797 4120 habet
827 4063 1210 4136 temporalem,
1248 4070 1343 4117 sed
1371 4062 1481 4116 illic
1509 4063 1774 4130 spiritua-

169 4158 322 4211 liter
363 4156 593 4211 vivitur.

259 4265 286 4300 ε
335 4248 443 4301 Sed
474 4246 711 4316 justitia,
762 4256 818 4302 et
849 4263 980 4318 pax,
1031 4257 1088 4302 et
1154 4246 1410 4316 gaudium
1457 4245 1512 4299 in
1571 4244 1776 4314 Spiritu

169 4351 409 4396 sancto.
452 4358 472 4392 ι
516 4341 647 4407 Qua:
677 4357 774 4410 per
802 4342 1188 4396 abstinentiam
1216 4339 1429 4393 facilius
1450 4339 1774 4393 custoditur.

1219 269 1632 333 EXPOSITIO
1685 269 1766 332 ΙΝ
1811 270 2056 332 EI’IST.
2100 270 2198 328 AD
2239 270 2421 331 RDM.

3343 271 3454 339 738

1955 405 1972 438 ι
2005 387 2108 440 Sed
2161 387 2366 441 malum
2401 396 2485 442 est
2524 375 2755 454 homini,
2787 389 2878 459 qui
2917 405 3013 460 per
3061 389 3449 448 oﬂ‘endiculum

1875 481 2186 532 manducat.
2223 497 2242 528 ›
2282 479 2459 548 Ipsum
2518 481 2800 545 mundum,
2850 481 2957 536 illis
3014 479 3073 536 ﬁt
3127 483 3350 549 malum,
3402 487 3447 540 si

1873 585 1968 640 per
1998 570 2125 623 illud
2147 573 2378 626 alterum
2415 569 2669 626 offendat.

1954 681 1972 713 ι
2006 662 2210 718 Bonum
2243 674 2328 718 est
2384 679 2490 717 non
2550 665 2883 718 manducare
2925 679 3168 732 carnem,
3217 678 3273 720 et
3335 683 3443 723 non

1872 751 2060 807 bibere
2094 755 2301 808 vinum.
2337 773 2355 806 ›
2385 752 2620 836 Exponit
2647 757 2776 824 quid
2807 757 2878 810 sit
2916 773 3012 826 per
3040 759 3182 826 quod
3209 757 3450 813 offende-

1875 859 1934 898 re
1966 845 2180 899 dicebat
2215 847 2517 900 infirmum.
2581 845 2711 900 ltem
2745 847 2846 900 hoc
2874 849 2992 903 loco
3019 851 3205 903 laudat
3233 853 3448 917 quidem

1873 935 2261 989 abstinentiam
2298 938 2479 991 carnis
2509 947 2562 992 et
2595 939 2700 991 vini
2731 956 2743 991 :
2789 939 2884 992 sed
2923 942 3093 993 multo
3150 943 3320 1009 magis
3347 942 3450 997 atl-

1873 1039 2075 1091 monet,
2128 1041 2351 1099 propter
2409 1031 2728 1084 scandalum
2792 1031 3004 1085 fratris.
3065 1034 3448 1090 abstinendum

1871 1133 1992 1173 esse
2019 1133 2048 1171 a
2079 1121 2198 1172 cibo
2227 1131 2280 1172 et
2321 1131 2443 1187 potu
2471 1135 2685 1183 eorum,
2715 1137 2836 1190 quae
2873 1121 3032 1177 idolis
3071 1123 3446 1178 immolantur.

1947 1228 1967 1262 ι
2013 1210 2190 1280 Neque
2223 1212 2276 1264 in
2309 1229 2414 1280 quo
2446 1211 2614 1267 frater
2647 1223 2771 1268 tuus
2823 1215 3135 1280 ollenditur,
3170 1227 3265 1269 aut
3293 1233 3451 1271 scan-

1869 1300 2159 1367 dalizatur,
2200 1313 2295 1356 aut
2320 1304 2650 1360 infirmatur.
2684 1325 2705 1358 ι
2741 1305 3078 1375 infirmatur,
3112 1327 3138 1365 a
3161 1313 3441 1378 pudicitia.

1879 1391 2069 1445 Vinum
2095 1394 2233 1446 enim
2296 1404 2341 1448 et
2382 1395 2626 1450 mulieres
2670 1409 2975 1466 apostatare
3025 1403 3232 1472 faciunt
3284 1406 3448 1460 etiam

1868 1487 2136 1554 sapientes
2166 1485 2359 1554 (Eccli.
2392 1503 2504 1553 xix,
2539 1488 2616 1556 2').

1946 1595 1964 1629 ι
2007 1575 2086 1631 Tu
2123 1578 2309 1643 fidem,
2344 1596 2508 1648 quam
2553 1581 2721 1635 habes
2747 1595 2916 1651 penes
2945 1585 3312 1655 temetipsum,
3342 1588 3446 1644 ha-

1871 1665 1937 1721 he
1967 1683 2149 1723 coram
2173 1671 2304 1726 Deo.
2345 1689 2363 1720 ι
2404 1669 2460 1724 Si
2497 1671 2640 1725 enim
2674 1676 2725 1726 in
2762 1674 2867 1728 hoc
2902 1678 3110 1730 fidelem
3169 1689 3220 1732 te
3251 1692 3444 1750 putas,

1800 1763 1845 1818 Β
1871 1759 1951 1812 sic
1982 1765 2270 1824 manduca,
2307 1773 2363 1816 ut
2413 1777 2576 1816 nemo
2605 1773 2697 1817 tuo
2738 1765 3043 1820 infirmetur
3067 1771 3336 1838 exemplo.

1965 1869 1983 1901 ε
2023 1849 2220 1906 Beatus
2248 1853 2340 1920 qui
2366 1870 2468 1906 non
2491 1855 2702 1921 judicat
2737 1855 3091 1926 semetipsum
3125 1863 3176 1916 in
3210 1879 3274 1918 eo
3305 1867 3450 1933 quod

1878 1942 2090 2012 probat.
2133 1961 2152 1994 ι
2185 1945 2319 2008 Quia
2354 1961 2460 2000 non
2521 1963 2675 2001 suam
2747 1950 3118 2005 infirmitatem
3171 1960 3450 2023 probando

1874 2037 2205 2099 considerat,
2233 2038 2327 2092 sed
2355 2039 2581 2094 alterius
2615 2042 2844 2096 salutem
2879 2045 3103 2098 infirmi.

1949 2145 1969 2178 ε
2010 2129 2109 2194 Qui
2163 2141 2345 2185 autem
2399 2131 2694 2197 discernit,
2755 2135 2798 2188 si
2835 2137 3262 2208 manducaverit,
3298 2143 3454 2197 dam-

1875 2222 2083 2274 trandus
2118 2231 2220 2275 est.
2257 2240 2274 2274 ι
2317 2221 2372 2276 Si
2431 2227 2556 2291 quis
2591 2226 2660 2279 de
2697 2228 2806 2282 alio
2839 2230 3114 2286 discernat
3167 2244 3220 2287 et
3255 2237 3397 2291 dicat
3431 2279 3449 2296 .

1873 2308 1978 2365 istc
2015 2319 2058 2366 si
2091 2319 2539 2381 manducavcrit,‘
2575 2319 2734 2388 plane
2794 2322 3133 2380 damnandus
3166 2337 3269 2382 est.
3334 2331 3452 2388 Hoc

1874 2419 1981 2458 non
2007 2405 2168 2458 habet
2208 2407 2438 2473 fides,et
2469 2409 2592 2464 ideo
2626 2411 3020 2482 subsequitur:

1951 2513 1970 2546 ι
2001 2495 2137 2560 Quia
2190 2513 2296 2550 non
2331 2516 2394 2552 ex
2425 2500 2552 2555 fide.
2599 2519 2618 2552 ι
2659 2502 2775 2557 Non
2814 2517 2896 2560 est
2928 2509 3073 2562 enim
3129 2525 3191 2564 ex
3243 2511 3366 2578 fide,
3401 2516 3448 2568 si

1877 2595 1930 2640 tu
1971 2588 2136 2640 alium
2195 2588 2402 2643 idcirco
2459 2593 2810 2663 condemnas,
2855 2598 3002 2665 quia,
3049 2609 3099 2653 te
3142 2601 3449 2671 jejunantc,

1875 2678 1965 2733 ille
1987 2679 2300 2737 manducet.
2327 2682 2503 2738 Aliter
2535 2699 2548 2737 :
2580 2685 2685 2752 Qui
2709 2703 2770 2742 se
2802 2689 2874 2744 ita
2905 2691 3180 2760 dijudicat.
3208 2696 3446 2765 ldipsum

1860 2774 2016 2827 enim
2063 2783 2146 2828 est
2200 2777 2465 2831 discretio
2513 2788 2568 2834 et
2602 2781 2893 2850 judicium,
2927 2789 3056 2854 quia
3094 2797 3148 2840 et
3181 2789 3449 2858 judicium

1876 2865 2240 2922 discernenda
2289 2869 2368 2936 lit,
2411 2879 2464 2923 et
2501 2869 3096 2943 discretiojudicaudo.

1951 2973 1970 3008 ι
2007 2955 2180 3012 Omne
2212 2971 2395 3012 autem
2429 2962 2573 3028 quod
2628 2977 2733 3015 non
2769 2975 2852 3017 est
2887 2980 2953 3020 ex
3011 2968 3136 3035 fide,
3167 2983 3450 3039 peccatum

1874 3060 1977 3105 est.
2013 3067 2032 3100 ι
2065 3051 2184 3104 Non
2221 3067 2288 3106 ex
2318 3051 2442 3117 fide,
2496 3067 2615 3122 quae
2667 3070 2766 3123 per
2799 3058 3119 3114 charitatem
3171 3073 3446 3132 operatur.

1876 3139 2148 3212 Quidquid
2175 3158 2307 3214 ergo
2341 3132 2505 3200 alium
2531 3146 2786 3215 destruit,
2823 3164 2888 3205 ex
2922 3151 3028 3206 fide
3083 3167 3196 3210 non
3222 3167 3304 3211 est
3336 3172 3354 3214 ;
3390 3169 3447 3214 et

1876 3235 2082 3289 idcirco
2113 3248 2415 3304 peccatum.

2458 3393 2636 3452 CAI‘U
2652 3397 2684 3451 Γ
2719 3397 2836 3454 XV.

1951 3523 1970 3557 ι
2006 3503 2276 3562 Debemus
2331 3513 2514 3562 autem
2555 3524 2654 3564 nos
2713 3511 2985 3569 firmiores
3036 3515 3442 3578 imbecillitates

1877 3601 2216 3655 inflrtnorum
2242 3600 2536 3656 sustinere.
2566 3621 2586 3653 ι
2620 3605 2678 3658 Si
2710 3620 2836 3660 vere
2884 3609 3024 3662 firmi
3055 3611 3206 3673 estis.
3237 3613 3318 3666 sic
3364 3613 3450 3667 l'a-

1875 3689 1982 3744 cite
2013 3700 2072 3744 ut
2097 3707 2220 3761 ego,
2250 3691 2346 3761 qui
2381 3692 2561 3748 factus
2605 3710 2726 3749 sum
2777 3697 3046 3766 infirmus,
3109 3711 3166 3754 ut
3205 3701 3448 3760 infirmos

1874 3780 2279 3837 lucrifacerem.

1953 3889 1972 3922 ι
2005 3871 2070 3927 Et
2124 3887 2233 3927 non
2286 3872 2446 3928 nobis
2487 3875 2724 3945 placere.
2781 3875 3167 3949 Unusquisque
3203 3891 3447 3937 vestrum

1875 3967 2122 4033 proximo
2171 3982 2270 4022 suo
2309 3969 2539 4038 placeat.
2574 3987 2591 4018 ι
2626 3967 2741 4022 Non
2772 3985 2801 4023 a
2857 3972 3016 4026 nobis
3066 3973 3218 4041 ipsis,
3259 3975 3354 4029 sed
3416 3993 3450 4031 a

1875 4061 2139 4127 proximis
2173 4061 2552 4114 collaudemur
2586 4079 2600 4116 :
2643 4062 2786 4116 sicut
2844 4073 2898 4116 et
2923 4064 3049 4118 alibi
3079 4081 3234 4118 suum
3292 4069 3450 4124 nobis

1878 4153 2130 4219 proponit
2173 4153 2501 4219 exemplum,
2569 4153 2754 4208 dicens
2785 4171 2798 4207 :
2829 4153 2972 4208 Sicut
3011 4168 3056 4208 et
3087 4175 3180 4228 ego
3210 4163 3451 4213 omnibus

1877 4244 2164 4310 peremnia
2205 4243 2408 4312 placeo,
2450 4260 2552 4296 non
2587 4261 2824 4314 quaerens
2861 4249 2999 4316 quod
3033 4252 3162 4302 milii
3190 4253 3316 4304 utile
3349 4265 3450 4318 est,

1879 4335 1967 4387 sed
1999 4337 2138 4404 quod
2169 4337 2370 4398 multis,
2399 4348 2450 4389 ut
2481 4338 2610 4390 salvi
2642 4339 2778 4407 ﬁant
2811 4339 2859 4410 (Ι
2906 4339 3031 4395 Cor.
3065 4358 3117 4404 κ,
3144 4343 3256 4411 ‘35).
3287 4343 3454 4398 Nemo

170 4431 298 4487 Ubi
351 4431 740 4500 verojustitia,
772 4431 844 4484 ibi
868 4439 922 4484 et
941 4444 1045 4500 pax
1087 4447 1102 4485 :
1139 4429 1228 4482 ubi
1264 4443 1392 4497 pax,
1433 4428 1510 4482 ibi
1541 4435 1598 4480 et
1646 4441 1778 4496 gau-
1811 4458 1854 4515 υ
1883 4429 2026 4480 enim
2059 4437 2237 4496 potest
2263 4431 2532 4482 aedificare
2560 4431 2812 4495 alterum,
2873 4435 2957 4485 cui
3015 4450 3108 4500 per
3138 4435 3335 4488 bonam
3373 4439 3456 4488 vi-

166 4527 350 4582 dium
386 4525 692 4593 spirituale,
728 4525 854 4591 quia
881 4537 953 4578 ex
984 4523 1326 4577 dissensione
1355 4535 1571 4589 semper
1609 4517 1779 4573 tristi-
1886 4529 1995 4572 tam
2050 4536 2154 4573 non
2212 4529 2338 4574 ante
2393 4521 2676 4590 placuerit.
2741 4522 2846 4578 Sed
2908 4536 2962 4578 et
3013 4525 3116 4579 sibi
3173 4529 3452 4594 placentes

163 4619 252 4674 tia
292 4626 359 4671 et
384 4618 630 4670 molestia
660 4626 971 4684 generatur.
1883 4621 2030 4674 sunt,
2062 4613 2154 4680 qui
2189 4615 2404 4679 propria
2460 4615 2744 4668 c0mmoda
2805 4628 3134 4685 quaerentes,
3171 4631 3323 4669 suam
3373 4617 3456 4670 fa-

265 4727 292 4760 c
330 4707 434 4772 Qui
470 4709 526 4760 in
558 4707 702 4760 enim
746 4708 847 4760 hoc
871 4707 1044 4760 servit
1078 4703 1320 4770 Christo,
1357 4703 1533 4772 placet
1562 4701 1692 4766 Deo,
1726 4711 1780 4756 et
1884 4701 2033 4754 ciunt
2072 4703 2425 4756 voluntatem.

160 4802 469 4870 probatus
498 4811 583 4854 eat
650 4800 991 4858 hominibus,
1027 4816 1048 4850 ι
1075 4798 1151 4853 De
1187 4799 1284 4851 tali
1339 4795 1562 4850 homine
1621 4809 1782 4848 nemo
1959 4811 1977 4844 ι
2019 4795 2075 4846 ln
2117 4799 2316 4847 bonum
2345 4795 2411 4847 ad
2434 4793 2868 4850 aedificationem.
2913 4814 2930 4847 ι
2962 4794 3209 4852 Ostendit
3237 4797 3451 4852 modum

157 4902 384 4966 potest
416 4892 688 4957 dubitare,
712 4891 839 4960 quia
873 4901 1092 4946 sanctus
1111 4898 1216 4947 est.
1883 4886 2152 4956 placendi,
2187 4898 2239 4940 et
2266 4902 2512 4952 causam,
2556 4903 2624 4941 ne
2660 4892 2726 4942 ad
2759 4905 2947 4943 vanam
2981 4893 3210 4960 gloriam
3240 4891 3456 4961 placea-

254 5005 282 5040 ι
337 4985 534 5055 Itaque
558 4999 677 5055 qua:
699 4986 847 5052 pacis
880 4994 1029 5050 sunt,
1063 4995 1359 5039 sectemur.
1401 5000 1420 5035 ι
1461 4980 1533 5037 Ut
1561 4995 1666 5036 non
1692 4977 1779 5033 in-
1883 4994 2025 5033 mus.
2060 4977 2233 5032 Simul
2287 4995 2408 5033 cum
2455 4981 2586 5034 dicit
2623 4996 2636 5031 :
2679 4979 2734 5034 ιιι
2781 4981 2976 5035 bonam
3009 4983 3449 5048 aedificationem,

153 5080 378 5135 vicem
411 5092 511 5130 nos
542 5079 608 5130 de
640 5076 948 5144 hujusmodi
969 5076 1303 5145 judieemus.
1881 5072 2144 5133 ostendit,
2175 5081 2227 5124 et
2259 5072 2454 5125 malam
2488 5088 2610 5128 esse
2639 5078 2779 5128 sicut
2814 5083 2898 5128 est
2931 5075 3060 5129 illud
3086 5091 3102 5133 ;
3133 5075 3453 5134 .Edificabi-

252 5189 278 5224 ι
335 5167 410 5222 Et
450 5183 570 5238 qua:
603 5168 979 5222 aadilicatiOnis
1009 5176 1154 5232 sunt,
1203 5166 1436 5220 invicem
1496 5160 1778 5218 custodia-
1883 5171 1971 5216 tur
1993 5165 2058 5216 ad
2092 5165 2518 5216 manducandum
2551 5165 2870 5237 idolotlryta.

150 5281 343 5322 mus.
393 5281 412 5314 ι
467 5263 578 5317 Sed
622 5263 916 5317 aediﬁcatio
967 5269 1050 5314 est
1103 5260 1454 5313 abstinentia.
1512 5256 1778 5310 Cancrum
1960 5271 1979 5304 ‹
2013 5253 2222 5308 Etenim
2257 5254 2506 5309 Christus
2543 5273 2650 5310 non
2700 5258 2803 5311 sibi
2853 5257 3074 5327 placuit.
3119 5278 3137 5311 ι
3198 5258 3449 5318 Imitatur

145 5373 348 5422 esca,
382 5353 601 5408 etiamsi
635 5355 903 5410 neminem
937 5356 1151 5423 perdat,
1192 5352 1403 5404 nullum
1457 5350 1706 5403 aedificat.
1883 5349 1987 5403 hoc
2011 5359 2066 5403 et
2093 5349 2392 5417 discipulus
2430 5351 2634 5404 Christi
2673 5367 2686 5404 :
2721 5367 2826 5404 non
2860 5353 3058 5421 qumrit
3107 5369 3265 5408 suum
3296 5371 3453 5411 corn-

249 5469 278 5501 ι
326 5444 457 5500 Pioli
491 5459 713 5516 propter
743 5461 924 5500 escam
955 5443 1239 5501 destruere
1293 5458 1428 5512 Opus
1461 5441 1574 5494 Dei.
1611 5457 1630 5489 ι
1672 5437 1780 5494 llo—
1883 5445 2128 5496 modum.
2164 5442 2257 5497 llle
2289 5446 2431 5498 enim
2465 5445 2532 5498 ob
2559 5445 2790 5499 aliorum
2817 5446 3071 5512 salutem,
3109 5448 3275 5502 etiam
3305 5465 3456 5505 mor-

145 5539 644 5600 mincmscilicet
675 5554 704 5592 a
744 5537 851 5592 Deo
882 5549 1144 5592 creatum.
1886 5543 2008 5588 tuus
2056 5544 2157 5601 est,
2223 5544 2278 5588 et
2315 5537 2649 5606 improperia
2699 5538 3041 5592 amarissima
3092 5546 3455 5610 supportavit,
3511 5582 3521 5592 .

245 5653 273 5686 ι
339 5631 538 5685 Omnia
597 5633 815 5701 quidem
866 5633 1064 5684 munda
1099 5640 1248 5686 sunt.
1289 5649 1308 5682 ι
1361 5628 1580 5700 Repetit
1631 5626 1778 5699 quod
1883 5627 2223 5684 dicentium:
2281 5628 2381 5683 Vah
2411 5631 2540 5700 !qui
2575 5631 2798 5686 destrui:
2831 5636 3102 5702 templum,
3160 5643 3214 5688 et
3259 5644 3457 5691 cmtcra

131 5723 722 5805 superiusdixerat,
757 5740 823 5780 ne
854 5736 1159 5781 creaturam
1189 5729 1444 5780 damnare
1479 5724 1773 5780 videretur.
1885 5717 2100 5790 (Matth.
2139 5737 2299 5789 xxvn,
2338 5722 2451 5792 40).
