3946 6206
515 317 630 384 ’⁷39
1041 382 1045 386 ,
1471 305 1528 367 s.
1571 304 2012 367 BIERONYMI
2052 301 2374 365 OPERUM
2409 289 2818 367 MANTISSA.
3642 307 3735 371 7.0

584 448 605 482 ι
634 428 741 484 Sed
781 426 924 484 sicut
951 424 1218 492 scriptum
1242 429 1370 476 est:
1409 419 1751 488 lmproperia
1801 417 2078 487 imprOpe-
2109 425 2159 482 Α
2188 415 2296 472 illis
2329 417 2658 485 promiserat
2684 416 2958 482 Christus,
2983 415 3125 472 sicut
3163 415 3278 486 ipse
3305 415 3434 472 dicit
3461 433 3475 476 :
3513 411 3736 473 Nottuni

508 522 748 578 rantium
810 519 902 574 tibi
939 517 1258 572 ceciderunt
1316 529 1481 582 super
1534 527 1642 566 me.
1682 528 1700 562 ι
1735 512 2086 577 Quaecunque

514 626 625 665 non
665 609 836 665 solum
855 607 1102 670 Christo,
1141 607 1233 660 sed
1259 606 1421 660 etiam
1447 601 1656 657 sanctis
1691 600 2088 670 exprobrantur

514 703 607 757 Dei
649 716 837 766 causa,
859 701 969 754 Deo
991 699 1350 770 improperari
1375 698 1630 751 dicuntur
1660 709 1676 749 :
1708 701 1767 748 ut
1795 702 1877 748 est
1909 693 2042 749 illud
2069 711 2083 747 :

517 791 618 848 Ubi
649 803 726 848 est
757 793 898 847 Deus
925 803 1047 846 tuus
1083 791 1260 862 (Psal.
1306 806 1414 855 xu,
1448 790 1503 858 4)
1533 788 1557 841 ?

585 903 604 936 ι
645 885 992 954 Quaecunque
1055 884 1202 938 enim
1259 883 1464 950 scripta
1503 891 1653 948 sunt,
1720 881 1785 935 ad
1844 890 2086 935 nostram

511 977 814 1031 doctrinam
873 977 1081 1045 scripta
1107 985 1258 1030 sunt.
1303 993 1322 1027 ι
1357 975 1506 1030 Nihil
1537 975 1680 1028 enim
1714 975 1978 1042 scriptum
2009 981 2093 1027 est

510 1069 629 1124 sine
663 1084 828 1123 causa
869 1086 882 1123 :
913 1083 1036 1122 nam
1071 1078 1125 1122 et
1158 1069 1350 1121 merita
1423 1067 1506 1120 vel
1545 1068 1869 1120 teutationes
1914 1065 2090 1134 justo-

513 1176 630 1213 rum
697 1160 766 1213 ad
818 1167 1061 1212 nostram
1120 1156 1409 1226 proﬁciunt
1461 1153 1875 1210 aediﬁcationem
1913 1170 1928 1209 :
1960 1153 2088 1222 quia

511 1253 620 1306 Deo
657 1237 1082 1305 manifestissimi
1109 1260 1287 1304 erant.

589 1360 606 1394 t
655 1343 726 1398 Ut
785 1359 880 1411 per
909 1342 1228 1413 patientiam
1267 1351 1319 1394 et
1355 1338 1782 1394 consolationem
1844 1335 2090 1408 Scriptu-

513 1450 696 1487 rarum
737 1449 894 1501 spem
928 1433 1243 1487 habeamus.
1275 1451 1294 1483 ι
1326 1430 1426 1484 Per
1449 1430 1847 1497 Scripturarum
1873 1431 2088 1494 solatia,
2117 1433 2122 1436 ’

511 1543 661 1596 spem
724 1526 964 1580 futuram
1030 1523 1432 1594 patientissime
1481 1535 1906 1592 exspecmmus:
1948 1523 2091 1576 sicut

510 1621 776 1686 scriptum
813 1627 899 1672 est
929 1633 947 1675 :
991 1607 1110 1672 Pas:
1139 1617 1305 1670 multa
1350 1616 1688 1685 diligentibus
1733 1613 1891 1684 legem
1919 1627 2087 1678 tuam,

512 1719 688 1764 etnon
717 1719 794 1763 est
827 1709 938 1762 illis
977 1708 1289 1762 scandalum
1320 1706 1494 1776 (Psal.
1553 1721 1740 1772 cxvttt,
1780 1707 1902 1775 165)
1945 1706 2088 1771 Haec

2190 510 2294 563 nisi
2333 510 2403 562 ad
2433 526 2552 564 oves
2573 511 2806 578 perditas
2830 510 3016 564 domus
3054 507 3232 562 Israel
3281 506 3492 577 (Matth.
3519 521 3608 571 xv,
3635 507 3735 576 24).

2267 619 2286 654 ι
2319 601 2520 658 Gentes
2581 613 2760 656 autem
2823 617 2988 669 super
3043 601 3415 656 misericordia
3497 601 3740 653 honorare

2189 693 2382 748 Deum.
2421 710 2441 745 ι
2471 693 2572 747 Cui
2597 694 2739 758 enim
2768 693 2888 762 plus
2921 692 3238 756 dimittitur,
3264 692 3386 761 plus
3422 691 3617 758 diligit.

2267 803 2285 835 ι
2325 782 2478 837 Sicut
2503 763 2764 852 scriptum
2796 796 2880 839 est
2915 800 2929 837 :
2960 781 3252 850 Propterea
3306 782 3609 836 conﬁtebor
3656 781 3737 836 tibi

2191 875 2246 928 in
2298 873 2574 940 gentibus.
2632 869 2883 938 Domine,
2929 880 2984 926 et
3045 871 3254 925 nomini
3303 883 3394 924 tuo
3449 872 3684 927 cantabo.
3716 891 3733 925 t

2191 959 2566 1017 'l‘nlitludzeis
2614 961 3004 1031 arrogantiam,
3059 962 3187 1014 dum
3239 962 3482 1030 gentium
3536 963 3740 1016 salutem

2193 1057 2350 1111 docet
2385 1070 2508 1110 esse
2533 1055 2846 1124 praedictam
2878 1071 2892 1109 :
2920 1055 3170 1124 quamvis
3207 1071 3312 1108 non
3344 1054 3506 1110 fuerit
3557 1056 3741 1109 nuntia-

2193 1157 2280 1202 tus
2311 1149 2427 1218 ipse
2454 1147 2706 1203 Christus
2752 1149 2806 1201 in
2841 1147 3122 1213 gentibus.
3166 1145 3470 1203 Conﬁtetur
3523 1165 3614 1203 eos
3657 1151 3744 1202 ini-

2191 1242 2546 1297 sericordiatn
2579 1251 2932 1306 consecutos,
2995 1239 3120 1310 quia
3148 1249 3202 1294 et
3238 1238 3341 1308 ipsi
3390 1252 3518 1295 sunt
3548 1240 3601 1294 in
3639 1255 3746 1295 cor-

2187 1346 2322 1402 pore
2357 1333 2497 1401 ejus.

2265 1443 2284 1476 t
2323 1425 2388 1477 Et
2424 1425 2623 1478 iterum
2661 1424 2790 1479 dicit
2824 1403 3152 1482 :Lietamini
3202 1434 3390 1493 gentes
3440 1439 3563 1478 cum
3611 1424 3745 1494 plebe

2191 1515 2331 1586 ejus.
2371 1534 2390 1568 ι
2425 1513 2527 1582 Qui
2556 1533 2677 1570 cum
2710 1517 2843 1586 ipsis
2878 1528 3012 1572 estis
3040 1519 3107 1570 ad
3141 1517 3373 1572 salutem
3408 1517 3646 1570 adducti.

2267 1626 2286 1660 ί
2329 1607 2393 1661 Et
2423 1608 2618 1662 iterum
2653 1625 2667 1663 :
2703 1607 2946 1664 Laudato
2975 1623 3162 1664 omnes
3212 1619 3400 1679 gentes
3447 1608 3741 1672 Dominum,

2191 1710 2243 1755 et
2273 1701 2614 1770 ntagnincate
2654 1717 2776 1756 eum
2805 1718 2995 1758 omnes
3023 1703 3226 1772 populi.
3260 1703 3325 1757 Et
3380 1717 3568 1755 rursus
3597 1702 3743 1755 Isaias

514 1811 620 1866 est,
671 1802 762 1870 qui
817 1801 1191 1856 consolatione
1243 1801 1377 1869 legis
1417 1809 1670 1862 utuntur,
1721 1799 1928 1852 moveri
1979 1799 2087 1852 ulla
2120 1791 2162 1848 Β
2191 1791 2310 1843 ait:
2345 1791 2465 1844 Erit
2491 1793 2641 1846 radix
2669 1792 2848 1848 Jesse.
2891 1812 2909 1845 ι
2951 1795 3099 1850 .lesse
3133 1804 3287 1864 pater
3322 1794 3423 1847 fuit
3451 1791 3636 1858 David,
3685 1793 3742 1849 de

518 1895 814 1949 teutatione
842 1910 948 1948 non
971 1900 1219 1964 possunt,
1292 1903 1350 1947 ut
1404 1908 1501 1962 per
1533 1892 1780 1962 exempla
1817 1891 2091 1961 patientiae

518 1995 573 2040 et
603 1984 998 2040 consolatioois
1023 2000 1234 2050 eorum,
1265 1999 1385 2055 quae
1405 1985 1605 2051 scripta
1641 1993 1787 2046 sunt,
1813 1997 2090 2052 speremus

513 2079 974 2142 consolationem,
1027 2077 1284 2132 etiamin
1352 2076 1713 2146 praesentibus
1775 2075 2091 2130 tentatioui-

513 2175 636 2227 bus.
689 2170 881 2241 Magna
913 2171 1058 2224 enim
1100 2185 1260 2224 causa
1325 2171 1509 2226 solatii
1545 2180 1651 2234 est,
1713 2170 1758 2224 si
1811 2184 1930 2240 qua:
1991 2184 2090 2223 nos

513 2264 806 2332 patiamur,
855 2261 1146 2316 Dominum
1194 2273 1440 2316 nostrum
1486 2259 1668 2317 Jesum
1699 2261 2004 2327 Christum,
2035 2273 2090 2314 et

475 2353 482 2359 ’
515 2367 736 2411 sanctos
767 2359 882 2424 ejus
917 2358 1155 2409 sciamus
1179 2370 1302 2410 esse
1323 2369 1631 2424 perpessos.

589 2465 610 2500 ι
668 2448 810 2502 Deus
856 2457 1034 2502 autem
1083 2448 1362 2516 patientia:
1399 2455 1454 2501 et
1513 2446 1716 2500 solatii.
1753 2465 1772 2498 ›
1810 2447 1922 2504 lloc
1969 2447 2089 2503 loco

515 2540 682 2594 Deum
715 2540 1004 2608 patientiae,
1045 2537 1310 2608 Spiritum
1341 2547 1590 2592 sanctum
1639 2537 1936 2608 signiﬁcat,
1997 2541 2087 2609 qui

517 2632 683 2684 donat
709 2629 866 2683 nobis
901 2635 1198 2684 secundum
1253 2629 1530 2684 Christum
1565 2633 1848 2686 unanimes
1880 2631 2088 2702 glorit‘t-

517 2736 644 2777 care
680 2725 843 2776 Deum
865 2731 917 2776 et
943 2721 1162 2778 Patrem
1220 2722 1435 2777 Domini
1483 2722 1656 2777 nostri
1696 2721 1828 2778 Jesu
1860 2725 2087 2778 Christi.

515 2813 643 2868 item
676 2815 947 2884 patientiae
975 2814 1116 2884 ejus,
1149 2829 1269 2884 qua:
1298 2823 1380 2868 est
1412 2815 1464 2869 in
1510 2815 1870 2870 conversione
1902 2824 1958 2870 et
2005 2833 2090 2871 so-

514 2901 663 2967 latio,
723 2917 832 2956 tton
892 2903 970 2954 ira
995 2918 1168 2971 neque
1205 2904 1455 2958 dissidio.

593 3007 611 3042 t
653 2990 750 3045 Det
784 2990 938 3046 vobis
971 2992 1202 3061 idipsum
1239 3007 1430 3061 sapere
1463 2994 1516 3047 in
1543 2993 1868 3050 alterutrqu
1897 3007 2092 3049 secun-

513 3087 641 3138 dum
670 3082 852 3138 Jestttn
872 3083 1176 3141 Christum.
1203 3103 1228 3138 ι
1271 3086 1338 3142 Ut
1367 3089 1746 3158 unusquisque
1767 3089 1847 3143 sic
1882 3097 2091 3158 quaerat

517 3177 748 3231 salutem
803 3178 1026 3233 alterius
1061 3179 1219 3247 quasi
1275 3196 1456 3246 suam,
1509 3175 1654 3236 sicut
1703 3177 1958 3238 Christus
1991 3197 2088 3236 sua

518 3281 688 3322 morte
717 3285 906 3324 omnes
932 3270 1164 3326 salvavit
1203 3286 1231 3324 τι
1259 3283 1450 3328 morte.

592 3375 612 3410 ι
656 3359 728 3414 Ut
753 3361 1037 3417 unanimes
1078 3377 1184 3416 uno
1236 3377 1334 3417 ore
1383 3363 1756 3420 ltonorilicetis
1786 3364 1977 3431 Deum,
2034 3375 2088 3419 et

514 3448 729 3503 Patrem
761 3451 975 3505 Domini
1030 3455 1204 3507 nostri
1256 3451 1388 3508 Jesu
1435 3455 1659 3510 Christi.
1703 3473 1722 3507 ι
1761 3454 1914 3511 Tune
1964 3473 2092 3512 vere

516 3538 658 3594 Deus
692 3540 1107 3609 honoriﬁcatur,
1137 3543 1184 3596 si
1227 3558 1335 3598 uno
1361 3543 1544 3596 animo
1582 3554 1637 3598 et
1669 3545 1926 3598 concordi
1959 3559 2092 3612 voce

516 3631 788 3687 laudatur.
822 3631 885 3688 Si
911 3635 1056 3688 enim
1082 3636 1186 3689 duo
1216 3638 1571 3690 consenserint
1609 3653 1767 3706 super
1803 3648 1998 3692 terram
2028 3653 2091 3691 ea:

513 3725 659 3778 omni
689 3739 769 3790 re,
835 3741 1158 3798 quwcunque
1205 3728 1469 3796 petierint,
1507 3728 1631 3798 ﬁent
1690 3728 1807 3784 illis
1870 3728 2088 3800 (Matth.

518 3829 677 3883 xvttt,
707 3817 820 3889 19).

593 3927 614 3961 t
647 3908 874 3980 Propter
903 3913 1049 3982 quod
1081 3915 1346 3986 suscipite
1381 3915 1638 3971 invicem.
1673 3932 1692 3966 ι
1727 3915 1955 3986 Propter
1981 3914 2088 3970 bo-

515 4015 705 4057 norem
785 4001 880 4056 Dei
937 4003 1170 4060 invicem
1215 4020 1403 4071 ,onera
1476 4017 1654 4060 vestra
1721 4008 2092 4075 portate:sic

515 4095 879 4164 adimplebitis
905 4095 1078 4166 legem
1108 4098 1311 4154 Christi
1352 4097 1559 4168 (Galat.
1596 4113 1670 4165 vt,
1700 4097 1799 4168 2):
1833 4099 1959 4168 quia
1991 4113 2091 4153 nos

515 4188 752 4257 suscepit
781 4189 836 4241 in
866 4204 926 4244 se
986 4205 1110 4244 eum
1145 4205 1392 4245 essemus
1451 4191 1624 4259 impii.
1681 4191 1896 4256 Quanto
1957 4206 2090 4260 ergo

516 4279 688 4348 magis
718 4294 819 4335 nos
848 4280 1099 4345 invicem,
1131 4289 1188 4334 ut
1215 4281 1446 4344 similes,
1500 4296 1600 4336 nos
1623 4283 1899 4338 sustinere
1927 4282 2090 4337 debe-

520 4384 666 4424 mus.
701 4369 904 4424 lterum
939 4371 1026 4424 hic
1051 4381 1341 4437 utrumque
1384 4369 1644 4440 p0pulum
1702 4371 1770 4426 ad
1822 4373 2088 4427 unitatem

517 4463 786 4518 hortatur.
839 4461 1140 4518 Consentio
1169 4463 1344 4528 vobis,
1371 4477 1404 4516 o
1439 4460 1633 4528 Judaei,
1673 4466 1798 4532 quia
1829 4464 2086 4520 Christus
2119 4499 2163 4554 ι)

515 4553 672 4608 vobis
703 4555 1006 4622 promissus
1033 4556 1099 4608 ad
1127 4569 1222 4608 vos
1280 4554 1495 4608 venerit
1523 4555 1784 4623 primum,
1819 4565 1872 4610 et
1901 4568 2089 4626 gentes

518 4655 740 4717 prOpter
757 4645 1187 4701 misericordiam
1208 4644 1300 4701 Dei
1334 4656 1539 4701 vocata:
1564 4648 1668 4702 sint
1691 4662 1708 4715 ;
1728 4657 2088 4704 tameuunum

517 4754 718 4809 corpus
748 4742 883 4796 estis
909 4739 1108 4795 eﬂ‘eeti.

593 4853 611 4886 t
644 4833 798 4890 Sicut
826 4846 878 4890 et
899 4835 1152 4892 Christus
1167 4837 1407 4906 suscepit
1433 4849 1532 4890 vos
1555 4836 1609 4890 in
1631 4835 1892 4891 honorem
1919 4835 2038 4892 Dei.
2063 4853 2084 4888 ι

518 4923 646 4981 Sive
673 4927 726 4980 in
762 4926 988 4996 gloriam
1018 4926 1349 4994 divinitatis,
1425 4925 1542 4980 sive
1572 4937 1790 4996 propter
1824 4927 2088 4981 honorem

515 5018 633 5075 Dei.

595 5131 612 5164 t
656 5111 786 5167 Dico
819 5112 964 5166 enim
1003 5109 1279 5166 Christum
1333 5110 1518 5166 Jesum
1549 5109 1861 5164 ministrum
1917 5109 2090 5165 fuisse

514 5204 971 5270 circumcisionis,
1001 5214 1222 5273 propter
1253 5205 1538 5257 veritatem
1573 5202 1693 5256 Dci.
1723 5219 1742 5253 ι
1779 5199 1879 5256 llic
1899 5210 2087 5256 osten-

513 5295 615 5364 dit,
679 5287 936 5365 quoniam
996 5294 1294 5351 secundum
1352 5309 1572 5348 carnem
1630 5293 1902 5360 Christus,
1937 5294 2087 5363 juxta

515 5388 907 5458 promissiones
955 5397 1200 5457 patrum,
1231 5400 1295 5440 ex
1333 5385 1463 5455 ipsis
1500 5397 1660 5440 natus
1696 5387 1809 5452 sit;
1846 5397 1902 5440 ut
1948 5403 2090 5456 prte-

515 5492 673 5550 eepta
699 5480 832 5546 legis
864 5481 1135 5550 impleret.
1169 5480 1302 5534 ltem
1347 5496 1450 5532 nou
1485 5489 1710 5533 venerat
1760 5479 2086 5545 ministrari,

429 5573 444 5586 °
518 5576 611 5627 sed
646 5573 961 5628 ministrare
993 5590 1008 5627 :
1037 5581 1090 5628 et
1114 5574 1242 5628 dare
1290 5573 1525 5627 animam
1557 5587 1708 5626 suam
1763 5572 2090 5641 redemptio-

519 5679 641 5716 nem
676 5679 770 5731 pro
802 5665 983 5720 multis
1015 5665 1227 5734 (Matth.
1263 5681 1354 5728 xx,
1381 5663 1496 5734 28).

597 5770 616 5802 ι
647 5753 727 5806 Ad
758 5754 1162 5815 conﬁrmandas
1204 5757 1600 5829 promissiones
1639 5764 1909 5830 palrumd
1951 5757 2085 5824 Ωυία

2191 1881 2344 1950 cujus
2370 1883 2596 1949 semine,
2636 1884 2685 1937 id
2715 1895 2797 1938 est
2833 1884 3022 1949 Maria,
3064 1893 3224 1940 natus
3259 1895 3340 1939 est
3377 1884 3651 1940 Christus.

2269 1991 2286 2024 t
2327 1971 2392 2027 Et
2425 1975 2517 2042 qui
2546 1985 2807 2046 exsurgat
2837 1991 3025 2044 regere
3077 1989 3291 2047 gentes,
3325 1977 3380 2030 in
3413 1991 3537 2030 eum
3575 1987 3738 2045 gentes

2192 2066 2511 2133 Sperabunt,
2553 2084 2573 2119 ›
2603 2066 2718 2122 Non
2749 2071 2816 2123 de
2849 2068 3134 2140 proselytis
3174 2069 3394 2131 asserit,
3427 2067 3524 2122 sed
3556 2069 3738 2122 etillud

2192 2158 2319 2212 huic
2350 2159 2469 2213 loco
2492 2159 2668 2213 simile
2692 2171 2776 2214 est
2805 2177 2820 2213 :
2858 2158 2982 2212 Non
3013 2161 3218 2228 deﬁciet
3247 2160 3486 2227 princeps
3509 2176 3574 2212 ex
3591 2157 3734 2222 Iuda,

2191 2268 2282 2305 nec
2313 2251 2422 2304 dua:
2456 2252 2520 2306 de
2580 2252 2869 2320 femoribus
2919 2254 3034 2320 ejus
3065 2250 3215 2322 (Cen.
3256 2267 3402 2318 χιιι,
3443 2251 3556 2318 10).
3609 2250 3734 2305 Unde

2191 2345 2451 2414 probatur
2478 2361 2604 2402 vere
2619 2345 2732 2416 jam
2769 2348 2983 2400 venisse
3013 2345 3313 2412 Christum,
3352 2348 3404 2400 in
3438 2361 3547 2416 quo
3573 2359 3732 2400 omnes

2191 2449 2380 2508 gentes
2406 2453 2626 2507 sperare
2658 2437 3008 2492 manifestum
3039 2425 3144 2492 est.
3235 2499 3252 2508 ,

2269 2548 2288 2582 ‹
2323 2529 2467 2584 Dens
2500 2539 2682 2583 autem
2736 2529 2874 2599 spei.
2901 2547 2923 2580 ι
2961 2529 3016 2583 1η
3067 2544 3178 2599 quo
3211 2544 3401 2584 omnes
3438 2543 3728 2598 speramus:

2195 2623 2296 2676 hoc
2333 2621 2570 2676 ostendit
2597 2623 2875 2692 quomodo
2905 2621 3046 2675 Deus
3079 2622 3288 2690 absque
3338 2622 3538 2674 virtute
3589 2619 3731 2687 Spiri-

2195 2724 2280 2769 tus
2316 2715 2515 2779 sancti,
2547 2729 2651 2768 non
2685 2714 2856 2783 replet
2888 2714 3185 2782 aliquando
3239 2713 3513 2768 nationem
3559 2711 3730 2782 gratis,

2192 2812 2447 2872 quoniam
2475 2821 2640 2860 unum
2688 2805 2894 2861 donum
2923 2815 3010 2861 est
3043 2804 3216 2861 Patris
3237 2817 3290 2860 et
3307 2804 3538 2874 Spiritus
3566 2802 3730 2858 sancti.

2270 2920 2288 2950 ι
2325 2899 2549 2968 ltepleat
2581 2915 2680 2952 vos
2717 2900 2870 2953 omni
2925 2899 3120 2968 gaudio
3157 2909 3208 2952 et
3241 2912 3390 2967 pace.
3439 2915 3458 2948 ι
3491 2896 3596 2950 Pas
3626 2895 3734 2947 iide-

2197 2993 2325 3046 lium
2386 2993 2436 3046 itt
2459 3007 2560 3062 Spe
2583 2993 2876 3048 debctesse
2900 2993 3098 3046 futura.
3119 2991 3184 3045 Et
3209 2993 3279 3044 ibi
3303 3005 3462 3044 omne
3486 2989 3732 3058 gaudium,

2197 3085 2284 3139 ubi
2318 3100 2418 3154 pax
2452 3095 2555 3139 est.
2596 3084 2815 3139 Nullum
2852 3101 2980 3141 vero
3012 3084 3070 3138 in
3101 3083 3440 3140 dissensione
3470 3084 3732 3152 gaudium.

2194 3180 2288 3234 sed
2317 3179 2568 3234 universa
2599 3179 2884 3234 ιιιωειὶιὶει.

2273 3291 2289 3324 t
2331 3272 2388 3326 ln
2425 3272 2718 3337 credendo,
2779 3280 2837 3326 ut
2877 3271 3168 3326 abundetis
3222 3269 3278 3324 in
3334 3265 3518 3340 speet
3561 3267 3737 3319 virtute

2197 3365 2435 3434 Spiritus
2465 3381 2545 3421 sat
2592 3366 2672 3422 :ti.
2711 3384 2731 3416 ›
2770 3365 3117 3420 Abundantia
3173 3365 3228 3419 in
3276 3377 3390 3432 spe,
3427 3363 3482 3416 in
3533 3359 3736 3429 Spiritu,

2195 3459 2486 3513 virtutibus
2515 3459 2768 3516 consistit
2800 3468 2854 3512 et
2877 3458 3065 3526 signis.

2271 3566 2287 3598 t
2316 3549 2507 3604 Certus
2544 3567 2662 3604 sum
2689 3557 2889 3614 autem,
2926 3549 3120 3602 fratres
3146 3547 3272 3610 mei,
3298 3553 3352 3601 et
3405 3561 3508 3616 ego
3547 3543 3654 3613 ipse
3680 3541 3737 3594 de

2194 3640 2368 3694 vobis.
2408 3659 2427 3694 ι
2463 3641 2640 3696 Bonus
2672 3645 2865 3696 doctor
2888 3641 3164 3699 laudando
3195 3639 3541 3708 provocatad
3577 3634 3736 3704 profe-

2194 3744 2359 3799 ctum,
2403 3743 2461 3788 ut
2484 3734 2808 3789 erubescant
2838 3733 2973 3789 tales
2996 3747 3104 3788 non
3129 3746 3273 3796 esse,
3302 3731 3492 3800 quales
3519 3729 3583 3783 ab
3615 3729 3741 3797 Apo-

2194 3825 2336 3880 stolo
2359 3834 2632 3893 putantur.

2269 3935 2288 3988 ς
2326 3918 2594 3983 Quoniam
2623 3926 2677 3971 et
2703 3916 2806 3987 ipsi
2864 3915 3008 3986 pleni
3041 3915 3176 3970 estis
3233 3913 3542 3969 dilectione.
3578 3930 3594 3962 ι
3626 3909 3745 3964 Pro-

2195 4008 2329 4062 vidit
2371 4022 2435 4060 ne
2495 4023 2734 4076 unquam
2806 4005 3209 4062 contentiosius
3262 4006 3396 4060 dura
3451 4004 3745 4071 increpasse

2193 4098 2466 4153 videatur.
2493 4097 2590 4154 Vel
2620 4097 2951 4153 dissidentes
2983 4097 3287 4152 autstultos
3321 4098 3556 4152 ostendit
3595 4091 3748 4149 Chri-

2195 4191 2402 4246 Stianos
2441 4203 2656 4260 semper
2681 4190 3008 4244 alterutrum
3036 4202 3263 4244 monere
3297 4188 3511 4243 debere.

2269 4301 2290 4334 ι
2337 4280 2552 4352 Repleti
2587 4281 2736 4336 omni
2767 4282 2996 4336 scientia
3033 4297 3050 4336 ς
3084 4282 3156 4334 ita
3193 4290 3250 4334 ttt
3299 4280 3520 4349 possitis
3554 4277 3748 4331 altern-

2194 4381 2338 4426 trtnn
2397 4386 2635 4427 monere.
2671 4389 2690 4424 ι
2747 4370 2860 4427 [loc
2913 4381 2996 4427 est
3027 4372 3177 4427 'novi
3219 4380 3274 4427 et
3305 4371 3504 4426 veteris
3565 4369 3751 4422 Testa-

2195 4464 2384 4519 tuenti.

2271 4572 2290 4605 ι
2337 4553 2609 4609 Audacius
2669 4564 2852 4611 autem
2901 4554 3100 4625 scripsi
3157 4553 3334 4619 vobis,
3411 4553 3627 4619 fratres,
3692 4563 3758 4603 ex

2198 4656 2372 4716 parte.
2413 4665 2430 4697 t
2473 4645 2583 4702 lmo
2649 4648 2768 4703 ideo
2817 4651 2989 4718 magis
3021 4647 3292 4702 scribendi
3354 4646 3601 4703 ﬁduciam
3666 4642 3764 4696 ha-

2196 4739 2306 4803 bui,
2353 4739 2480 4808 quia
2520 4739 2644 4794 novi
2703 4755 2802 4795 vos
2829 4749 2884 4794 ut
2942 4740 3260 4809 prudentes,
3333 4741 3447 4793 cito
3513 4741 3765 4806 accipere

2193 4831 2507 4887 rationem:
2544 4833 2686 4888 sicut
2725 4833 2986 4904 scriptum
3045 4845 3129 4888 est
3161 4849 3178 4888 :
3211 4833 3386 4903 Argue
3443 4834 3763 4902 sapientein,

2193 4935 2239 4976 et
2265 4927 2461 4978 amabit
2488 4935 2536 4979 te
2563 4927 2745 4996 (Prov.
2779 4942 2857 4990 ιι,
2890 4926 2968 4998 8).
3003 4924 3137 4982 Item
3171 4926 3274 4980 hoc
3298 4927 3420 4982 loco
3457 4934 3550 4979 aut
3585 4921 3770 4982 humi-

2194 5017 2328 5072 lians
2397 5033 2455 5072 se
2500 5020 2788 5087 Apostolus
2826 5018 3068 5090 loquitur
3107 5030 3242 5072 :aut
3290 5029 3443 5074 certe
3498 5017 3768 5088 quoniam

2191 5111 2516 5166 habentibus
2577 5112 2687 5182 jam
2723 5114 3163 5183 prmdicationem
3189 5111 3357 5180 Petri,
3401 5113 3519 5181 ipse
3565 5109 3774 5164 audeat

2193 5207 2503 5273 prxdicare.

2270 5315 2288 5348 t
2321 5297 2602 5367 Tanquam
2632 5299 2682 5352 in
2708 5301 3026 5352 memoriam
3059 5315 3154 5354 vos
3185 5299 3477 5355 reducens.
3509 5319 3526 5352 ι
3556 5297 3774 5351 Recor-

2193 5389 2326 5442 daus
2353 5403 2450 5443 vos
2479 5403 2600 5442 esse
2634 5390 2947 5457 prudentes,
2994 5392 3110 5446 sive
3175 5407 3288 5446 non
3351 5391 3590 5463 ignaros,
3657 5399 3774 5439 non

2192 5482 2385 5545 doceo,
2425 5483 2519 5536 sed
2555 5497 2895 5549 commoneo,
2931 5492 2989 5537 ut
3025 5484 3280 5541 scientes.

2269 5591 2287 5624 t
2327 5575 2554 5642 Pr0pter
2587 5575 2838 5643 gratiam,
2901 5591 3022 5644 qua:
3067 5578 3192 5631 data
3226 5588 3310 5633 est
3336 5577 3468 5631 milii
3495 5591 3522 5628 a
3568 5573 3707 5627 Deo.
3741 5581 3765 5617 ι

2194 5665 2310 5718 Non
2348 5677 2566 5736 propter
2601 5682 2828 5721 munera
2879 5677 3093 5724 terrena
3135 5671 3220 5726 vel
3269 5671 3504 5736 laudem,
3548 5663 3642 5722 sed
3707 5667 3768 5713 ιιι

2195 5759 2442 5827 impleam
2484 5757 2715 5815 cilicium
2747 5760 2891 5829 quod
2916 5764 3120 5833 accepi.
