3946 6206
215 254 424 344 ,ιιι-

1295 250 1710 312 EXPOSITIO
1754 249 1830 310 ΙΝ
1879 250 2120 310 EPIST.
2165 251 2267 309 AD
2313 249 2493 309 ROM.

3414 255 3524 320 ’742

340 390 360 423 ιι
395 366 461 425 Ut
491 367 592 422 sim
650 367 892 422 minister
954 367 1155 422 Christi
1207 365 1331 422 Jcsu
1391 369 1444 423 in
1503 368 1778 438 gentibus.
1812 388 1829 420 ι
1865 371 1916 430 Α
1941 366 2106 436 Cupio
2135 369 2368 432 dissolvi,
2403 379 2451 422 et
2483 384 2591 422 esse
2619 384 2734 420 cum
2770 369 2984 426 Cliristo
3017 373 3272 442 (Philipp.
3328 390 3367 435 I,
3406 375 3524 436 25).

266 459 524 516 Servieus
567 459 880 528 Evangelio,
913 459 1015 515 hoc
1059 469 1163 526 est,
1228 476 1495 516 revocans
1550 461 1601 515 ei
1649 475 1839 516 servos

264 555 530 627 quosdam
562 552 843 619 fugitivos.

341 665 361 700 ι
394 645 754 701 Sanctiﬁcatus
779 644 1152 714 .Evangelium
1190 644 1309 699 Dei.
1341 663 1360 697 ι
1413 643 1533 701 Meo
1585 647 1838 718 exemplo

265 749 514 796 sanctum
547 752 668 792 esse
694 738 1096 800 demonstrans.
1125 741 1269 807 quod
1301 753 1425 792 cum
1459 748 1616 794 tanto
1649 741 1846 796 timore

265 831 507 902 perﬁcio.
562 829 794 896 Quidam
822 830 964 883 enim
1017 839 1077 883 ut
1105 831 1403 886 humanum
1457 841 1843 902 contemnunt,

266 924 408 992 quod
446 923 747 993 praedicant
786 930 841 974 ut
873 922 1118 976 divinum
1157 937 1172 976 :
1207 931 1262 977 et
1295 924 1366 977 ita
1397 922 1452 976 ﬁt
1494 932 1552 977 ut
1583 939 1672 978 res
1711 939 1842 979 san-

265 1027 353 1071 eta
405 1016 652 1068 videatur
688 1028 810 1068 esse
870 1028 976 1068 non
1017 1024 1231 1077 sancta,
1262 1027 1384 1068 cum
1417 1031 1527 1069 non
1565 1015 1846 1084 perficitur

266 1117 476 1163 sancte.
519 1107 673 1162 Unde
705 1107 950 1162 dicitur:
996 1105 1343 1171 Sancti/irate
1386 1106 1657 1174 jejunium
1704 1105 1846 1178 (10d

267 1216 306 1265 ι,
333 1201 448 1267 M),
471 1201 524 1252 id
551 1207 659 1261 est,
693 1183 945 1250 sanctum
988 1194 1170 1260 facite,
1198 1195 1314 1248 sive
1346 1204 1670 1249 monstrate.

343 1309 364 1343 ι
406 1289 474 1346 Ut
505 1290 592 1344 ﬁat
624 1289 829 1343 oblatio
863 1289 1108 1358 gentium
1138 1296 1386 1356 accepta,
1423 1295 1478 1340 et
1506 1286 1847 1341 sanctiﬁcata

269 1384 322 1437 in
358 1383 560 1451 Spiritu
612 1391 824 1436 sancto.
857 1398 876 1432 ι
917 1376 988 1434 Ut
1027 1380 1279 1444 exemplo
1320 1393 1444 1432 meo
1495 1387 1686 1448 gentes
1731 1378 1848 1432 eiii-

269 1476 484 1529 ciantur
510 1474 688 1528 hostia
718 1471 826 1527 Deo
857 1480 1102 1539 accepta,
1162 1486 1274 1524 nou-
1344 1470 1456 1541 igni
1509 1470 1850 1525 sanctiﬁcata

266 1570 357 1627 vel
379 1575 656 1634 suscepta,
687 1567 782 1621 sed
833 1559 1042 1634 Spiritu
1079 1571 1276 1618 sancto
1317 1578 1331 1616 :
1369 1564 1515 1616 sicut
1575 1562 1844 1631 scriptum

266 1671 354 1716 est
381 1660 556 1725 :Quia
581 1658 722 1713 sedit
749 1671 914 1724 super
935 1655 1223 1724 Apostolus
1251 1651 1406 1722 quasi
1441 1651 1603 1722 ignis,
1633 1662 1688 1706 et
1719 1652 1852 1708 visze

264 1760 402 1807 sunt
435 1753 513 1806 eis
557 1748 948 1832 varize‘lingua:
980 1746 1122 1815 (Act.
1167 1757 1230 1809 ιι,
1260 1743 1339 1812 5).

349 1865 367 1896 ι
405 1845 589 1899 Habeo
619 1843 784 1912 igitur
799 1839 1026 1910 gloriam
1047 1837 1102 1891 in
1127 1837 1344 1891 Christo
1365 1833 1494 1890 Jesn
1526 1836 1592 1890 ad
1621 1835 1845 1892 Deum.»

269 1938 380 2005 Qui
405 1937 692 2006 gloriatur,
743 1934 799 1986 in
827 1932 1054 1985 Domino
1109 1929 1367 1999 glorietur
1421 1927 1468 2000 (l
1497 1929 1623 1983 Cor.
1655 1932 1693 1993 ι,
1735 1929 1851 2000 3i).

267 2028 515 2084 Gloriam
575 2025 748 2079 habeo
807 2026 949 2091 apud
986 2021 1179 2087 Deum,
1215 2019 1345 2073 licet
1407 2018 1547 2088 apud
1605 2019 1856 2076 homines

268 2120 510 2179 infamer
539 2127 594 2173 et
629 2115 897 2177 maculer.
993 2167 999 2172 ,

352 2236 370 2267 ι
406 2213 526 2269 Νοιι
558 2215 701 2266 enim
735 2213 912 2266 audeo
944 2209 1150 2280 aliquid
1178 2207 1328 2280 loqui
1355 2222 1569 2272 eorum,
1605 2223 1728 2278 quia
1757 2221 1854 2279 per

272 2327 366 2366 me
393 2309 556 2364 efﬁcit
587 2307 862 2372 Christus,
899 2305 952 2358 in
985 2303 1361 2358 obedientiam
1393 2304 1664 2372 gentium.
1698 2319 1716 2353 ι
1757 2301 1857 2356 llic

273 2401 520 2458 ostendit
547 2399 749 2455 Christi
773 2407 830 2463 et
858 2397 1102 2466 Spiritus
1155 2395 1354 2461 sancti,
1397 2412 1558 2450 unam
1587 2410 1712 2450 esse
1765 2409 1861 2462 po-

278 2497 511 2551 tentiam
546 2503 708 2562 atque
737 2492 1022 2544 virtutem.
1068 2487 1200 2542 Item
1240 2503 1346 2542 non
1384 2502 1553 2542 ausus
1581 2503 1700 2541 sunt
1758 2487 1860 2540 ali-

283 2588 419 2657 quid
461 2587 640 2639 dicere
669 2599 753 2638 me
797 2586 852 2636 in
881 2582 970 2637 his
997 2583 1263 2636 duntaxat
1297 2582 1459 2636 rebus
1487 2583 1703 2651 propria
1753 2582 1864 2635 vir-

272 2689 400 2735 tute
423 2677 639 2742 fecisse,
671 2685 861 2731 etnon
893 2675 1078 2729 omnia
1108 2690 1206 2745 per
1231 2689 1317 2730 nte
1349 2688 1472 2728 esse
1499 2673 1666 2728 Deum
1719 2688 1862 2744 .ope-

281 2782 486 2826 ratum.
921 2779 930 2788 ‘

366 2880 384 2912 ι
412 2862 468 2916 lu
496 2863 664 2917 verbo
694 2869 749 2915 et
779 2858 967 2926 factis,
999 2860 1054 2913 in
1083 2857 1285 2913 virtute
1311 2859 1592 2928 signorum
1649 2864 1705 2910 et
1739 2869 1863 2925 pro-

271 2952 580 3023 digiorum.
615 2972 632 3004 ι
666 2953 780 3008 Hoc
810 2963 896 3008 est
920 2951 1172 3007 doctrina
1202 2960 1257 3004 et
1290 2948 1485 3018 signis.
1535 2945 1654 3002 Non
1709 2947 1860 3000 enim

277 3048 353 3102 de
377 3047 632 3118 operibus
671 3048 779 3110 hic,
807 3045 901 3101 sed
941 3044 1006 3098 de
1032 3043 1322 3096 virtutibus
1355 3040 1702 3110 loquebatur.

1951 461 2015 514 Et
2037 479 2050 514 :
2075 460 2380 528 Concupivi!
2415 463 2596 514 anima
2634 478 2748 516 utea
2779 463 3084 518 desiderare
3108 467 3526 535 jnstiﬁcatiunes

1950 562 2071 607 tuas
2107 553 2278 623 (Psal.
2317 569 2503 620 cxvm,
2534 555 2682 623 120).

2025 663 2043 696 ι
2081 645 2160 699 Ex
2213 646 2400 702 multis
2433 647 2546 716 jam
2578 648 3021 717 praicedentihus
3051 652 3228 707 annis.
3264 671 3284 704 ι
3342 652 3528 718 Qualis

1950 739 2247 793 necessitas
2283 738 2448 794 fuerit
2474 742 2736 806 ostendit,
2771 755 2892 812 qua:
2923 741 3074 795 illum
3097 746 3287 798 multis
3317 744 3534 800 detine-

1951 838 2035 884 ret
2063 831 2243 885 annis.

2029 921 2211 974 «Cum
2263 921 2314 974 in
2363 919 2678 990 Hispaniam
2737 921 3008 992 proﬁcisci
3068 939 3305 994 coepero.
3369 941 3533 996 spero

1951 1015 2096 1082 quod
2138 1017 2454 1084 praeteriens
2489 1016 2702 1071 videam
2732 1033 2850 1072 vos.
2886 1036 2906 1068 ›
2969 1017 3158 1072 Utrum
3193 1019 3244 1072 in
3275 1019 3536 1089 lliSpauia

1952 1105 2142 1170 fuerit,
2175 1107 2445 1161 incertum
2472 1107 2724 1162 habetur.

2031 1217 2050 1250 ι
2081 1198 2144 1251 Ει
2187 1214 2216 1252 a
2272 1201 2426 1254 vobis
2467 1200 2704 1255 deducar
2749 1202 2894 1267 illuc,
2944 1203 2987 1258 si
3023 1205 3176 1258 vobis
3210 1204 3440 1274 primttm
3467 1223 3536 1264 ex

1954 1300 2106 1359 parte
2141 1290 2338 1344 fruitus
2373 1291 2545 1346 fuero.
2582 1311 2601 1344 ι
2639 1293 2776 1358 Quia
2801 1295 2871 1348 ita
2902 1311 2998 1349 vos
3024 1297 3318 1363 exhibetis,
3353 1275 3536 1354 utnec

1955 1380 2099 1450 apud
2134 1397 2232 1436 vos
2266 1382 2443 1438 locum
2487 1396 2581 1438 aut
2618 1388 3005 1440 necessitatem
3057 1391 3282 1442 habeam
3331 1391 3537 1445 diutius

1956 1475 2268 1529 remorandi
2293 1475 2317 1530 ἐ
2347 1485 2400 1530 et
2435 1476 2554 1531 ideo
2581 1493 2644 1532 ex
2675 1489 2827 1552 parte
2858 1480 2964 1534 illis
2988 1479 3156 1536 fuisse
3188 1481 3352 1548 dicit,
3410 1483 3538 1552 quia

1961 1583 2066 1621 non
2105 1568 2334 1623 credere
2371 1569 2720 1640 indigebant.
2765 1571 2857 1624 sed
2915 1573 3293 1626 tantummodo
3337 1573 3544 1627 conﬁr-

1960 1658 2095 1712 mari
2143 1675 2156 1712 :
2230 1661 2345 1712 sive
2381 1659 2504 1714 ideo
2547 1675 2612 1714 ex
2660 1671 2836 1729 parte,
2877 1661 3004 1729 quia
3040 1661 3186 1714 nulla
3231 1663 3542 1731 magnitudo

1887 1768 1926 1824 Β
1960 1750 2220 1818 temporis
2250 1750 2416 1805 faciat
2445 1752 2795 1806 charitatem.

2037 1861 2055 1894 ε
2085 1840 2238 1896 Nunc
2289 1843 2452 1914 igitur
2498 1844 2820 1912 proﬁciscar
2879 1843 2933 1898 in
2985 1842 3316 1900 Jerusalem.
3347 1865 3368 1900 ›
3425 1845 3544 1904 Hoc

1959 1933 2093 1988 mihi
2132 1943 2298 1988 restat
2332 1933 2590 2002 deinceps
2617 1943 2674 1988 ut
2707 1935 2942 1990 veniam.

2035 2043 2054 2076 ι
2096 2024 2404 2080 Minislrare
2443 2026 2674 2080 sanctis.
2716 2045 2734 2078 ι
2799 2025 2983 2081 Sancti
3029 2037 3188 2082 erant
3220 2029 3272 2082 in
3323 2029 3546 2086 Jerusa-

1959 2117 2088 2179 lem,
2118 2117 2210 2187 qui
2237 2117 2493 2172 omnibus
2523 2119 2636 2173 suis
2670 2118 2979 2184 distractis,
3009 2134 3062 2175 et
3103 2132 3233 2178 ante
3268 2125 3545 2192 apostolo-

1962 2223 2078 2260 rum
2108 2209 2270 2276 pedes
2299 2206 2585 2276 depositis,
2610 2211 2864 2274 orationi,
2898 2211 3134 2278 lectioni,
3167 2214 3545 2284 doctrinaeque

1963 2299 2244 2354 vacabant.
2300 2297 2500 2365 Quales
2546 2308 2730 2354 autem
2767 2300 2992 2368 fuerint,
3027 2321 3094 2357 cx
3131 2306 3234 2360 hoc
3263 2307 3548 2376 cognosci-

1964 2401 2070 2458 tur,
2114 2401 2170 2447 ut
2217 2393 2330 2461 ipse
2375 2393 2666 2460 Apostolus
2703 2409 2802 2463 per
2850 2409 2909 2449 se
2947 2396 3050 2450 illis
3101 2409 3352 2469 pergeret
3386 2401 3546 2454 mini-

1963 2495 2166 2550 Strare,
2194 2495 2249 2539 et
2279 2485 2479 2555 quibus
2513 2486 2848 2540 oblationem
2885 2503 3038 2542 suam
3063 2505 3183 2544 esse
3207 2501 3359 2559 optat
3390 2507 3548 2546 acce-

1962 2589 2107 2648 ptam
2141 2597 2153 2629 :
2183 2578 2236 2632 id
2264 2589 2368 2642 est,
2407 2587 2462 2630 ut
2487 2593 2604 2631 eam
2634 2577 2922 2648 dignentur
2952 2581 3220 2648 accipere,
3250 2583 3544 2639 Ostendcns

1963 2669 2065 2724 hoc
2101 2684 2206 2723 non
2240 2679 2348 2722 tam
2390 2669 2652 2737 prodesse
2709 2671 3125 2738 accipientibus,
3169 2689 3328 2743 quam
3360 2675 3542 2728 danti-

1964 2762 2084 2816 bus.
2129 2760 2240 2815 Hoc
2268 2770 2459 2815 contra
2492 2761 2617 2816 illos
2651 2759 2807 2828 facit,
2851 2766 2942 2833 qui
2986 2763 3215 2833 gloriam
3246 2765 3546 2836 perfectio-

1966 2855 2052 2908 nis
2085 2853 2428 2924 itnpugnant.

2040 2960 2060 2994 ι
2100 2942 2477 2998 Probaverunt
2514 2944 2662 2998 enim
2710 2944 3025 3001 Macedonia
3052 2957 3106 3003 et
3137 2949 3340 3005 Achaia
3376 2953 3546 3008 colla-

1967 3032 2168 3086 tionem
2227 3032 2463 3101 aliquam
2525 3031 2731 3088 facere.
2768 3053 2788 3087 ι
2849 3035 3225 3094 Probaverunt
3273 3041 3385 3099 hoc
3437 3045 3546 3099 sibi

362 3161 382 3195 t
414 3109 484 3196 uin
510 3142 708 3194 virtute
739 3139 976 3208 Spiritus
1006 3135 1206 3192 sancti.
1244 3154 1263 3187 ι
1291 3134 1466 3191 Unam
1525 3147 1646 3188 esse
1683 3132 1858 3188 virtu-

1987 3124 2102 3178 ttile
2131 3124 2268 3188 fore,
2303 3125 2350 3179 si
2383 3124 2735 3182 collationem
2760 3127 2998 3198 aliquam
3045 3141 3356 3200 sumptuum
3401 3133 3549 3190 face-

279 3247 393 3310 tem
426 3247 589 3304 atque
633 3237 953 3302 potentiam.

363 3346 384 3381 ι
415 3327 490 3380 Ita
517 3326 665 3381 utab
697 3323 1004 3380 Jerusalem
1065 3333 1160 3392 per
1211 3318 1503 3374 circuitum
1560 3333 1734 3388 usque
1791 3317 1860 3372 ad

282 3422 558 3492 Illyricum
592 3418 912 3488 repleverim
945 3413 1301 3484 Evangelium
1331 3411 1559 3467 Christi.
1595 3429 1614 3462 ι
1671 3411 1864 3481 Reple—

287 3527 380 3571 tur
416 3511 796 3582 Evangelium,
824 3524 945 3564 cum
977 3509 1153 3579 etiam
1183 3513 1370 3574 gentes
1401 3504 1649 3557 credunt.

364 3624 386 3658 ι
424 3604 513 3660 Sic
541 3612 721 3657 autem
754 3599 1045 3670 praedicavi
1077 3597 1437 3666 Evangelium
1481 3594 1604 3660 huc,
1641 3608 1746 3647 non
1771 3592 1864 3648 ubi

285 3699 601 3755 nominatus
635 3704 716 3749 est
755 3692 1050 3747 Christus:
1091 3704 1158 3743 ne
1196 3702 1360 3756 super
1399 3686 1634 3740 alienum
1671 3684 1868 3739 funda-

285 3800 533 3846 mentum
564 3788 913 3843 acdilicarem.
945 3801 966 3834 ι
1011 3783 1127 3838 Non
1161 3783 1364 3846 omnis,
1410 3779 1504 3850 qui
1535 3795 1700 3848 super
1731 3779 1867 3832 alie-

285 3899 420 3938 num
455 3881 865 3935 fundamentum
899 3861 1153 3941 aediﬁcat,
1184 3873 1320 3927 male
1351 3871 1502 3938 facit,
1535 3873 1629 3927 sed
1659 3872 1706 3926 si
1734 3871 1868 3925 ardi-

283 3976 418 4031 ticet
455 3987 670 4037 aurum,
709 3981 764 4024 et
796 3981 1016 4024 cetera.
1077 3965 1174 4020 Hic
1221 3962 1714 4034 pseudoapostolos
1749 3971 1868 4015 tau-

279 4070 390 4142 git,
438 4067 528 4137 qui
560 4079 776 4132 semper
805 4066 872 4116 ad
897 4076 1013 4124 eos,
1043 4061 1134 4130 qui
1164 4056 1276 4125 jam
1305 4057 1670 4118 crediderant,
1695 4054 1867 4118 ibant,

284 4172 344 4218 et
379 4172 653 4228 nunquam
693 4155 760 4210 ad
783 4164 974 4224 gentes
1004 4171 1016 4207 :
1054 4151 1181 4222 quia
1209 4164 1316 4204 non
1350 4158 1599 4218 poterant
1636 4146 1868 4200 virtutes

287 4251 530 4322 Operari.
583 4247 649 4302 Et
691 4246 933 4303 ostendit
979 4249 1221 4315 perfecte
1252 4257 1311 4297 se
1347 4241 1645 4303 laborasse,
1685 4237 1780 4307 qui
1813 4246 1871 4291 et

287 4343 712 4401 fundamentum
743 4340 945 4408 posuit.
978 4349 1031 4392 et
1061 4335 1350 4412 aediﬁcium
1375 4330 1768 4402 superstruxit.

371 4455 391 4489 ι
423 4434 532 4492 Sed
592 4435 734 4488 sicut
788 4431 1053 4500 scriptum
1106 4437 1207 4482 est.
1249 4444 1269 4478 ι
1324 4425 1381 4480 lu
1426 4423 1586 4478 lsaia.
1621 4419 1872 4477 Ostendit
1906 4449 1950 4505 ι)

288 4545 454 4587 suum
483 4527 728 4581 laborem
785 4523 896 4592 jam
935 4530 1061 4574 ante
1102 4519 1270 4574 fuisse
1299 4518 1639 4586 praedictum.

375 4637 395 4672 ι
429 4617 698 4684 Quoniam
746 4614 944 4687 quibus
973 4625 1078 4664 non
1132 4619 1217 4663 est
1255 4606 1640 4660 aununtiatum
1689 4603 1754 4656 de
1787 4614 1874 4667 eo,

292 4715 581 4777 videbunt,
618 4718 672 4764 et
697 4709 789 4778 qui
825 4722 929 4759 non
967 4703 1260 4758 audierunt
1293 4701 1358 4753 de
1395 4696 1872 4771 co,liutelligent.r

293 4805 623 4863 Ostenditur
675 4801 932 4855 Christus
991 4799 1053 4850 in
1105 4793 1389 4864 apostolis,
1420 4800 1474 4846 et
1507 4807 1604 4861 per
1648 4791 1879 4844 virtutes

295 4914 424 4972 quae
456 4895 506 4949 itt
539 4895 654 4966 ejus
691 4890 911 4945 nomine
939 4887 1164 4943 ﬁebant.

380 5007 399 5040 ι
452 4985 679 5054 Propter
726 4980 870 5051 quod
933 4994 988 5033 et
1050 4977 1386 5048 itupediebar
1431 4974 1722 5046 plurimum
1781 4986 1880 5027 ve-

299 5083 426 5136 nire
481 5076 550 5130 ad
607 5087 726 5129 vos.
763 5090 782 5124 ι
861 5069 1127 5140 Exposuit
1171 5067 1303 5122 illutl
1376 5066 1520 5135 quod
1586 5065 1641 5118 in
1704 5061 1882 5134 capite

297 5177 542 5230 dixerat.

384 5282 402 5314 ι
443 5262 510 5316 Et
562 5258 867 5330 prohibitus
901 5269 1020 5308 sum
1065 5266 1238 5322 usque
1285 5249 1485 5304 adhuc.
1534 5245 1691 5302 Nunc
1752 5246 1883 5300 vero

300 5354 539 5412 ulterius
569 5354 742 5406 locum
774 5367 881 5405 non
917 5349 1126 5422 habens
1153 5347 1205 5399 in
1232 5345 1316 5399 his
1346 5341 1678 5411 regionibus.
1719 5357 1737 5391 ι
1779 5337 1880 5394 Ubi

296 5452 416 5521 jam
457 5446 556 5500 toti
605 5444 744 5498 lirmi
792 5450 938 5506 sunt,
979 5453 1198 5516 causam
1233 5451 1293 5492 se
1342 5443 1503 5508 negat
1547 5435 1751 5489 habere
1783 5446 1883 5503 po-

302 5540 474 5598 nendi
515 5539 948 5593 fundamentum.

387 5653 408 5688 ι
448 5631 811 5697 Cupiditatetn
853 5638 1038 5683 autem
1079 5626 1289 5682 habens
1320 5620 1572 5676 veniendi
1610 5619 1674 5676 ad
1707 5633 1819 5675 vos.
1860 5636 1878 5669 ι

301 5724 622 5785 Notandum
661 5737 784 5781 esse
837 5722 1190 5794 cupiditatem
1218 5717 1379 5775 etiam
1413 5715 1611 5774 bonam
1663 5730 1680 5772 :
1721 5715 1880 5783 sicut,

1965 3226 2088 3270 rent
2127 3217 2353 3272 sanctis.

2050 3341 2074 3380 ‹
2108 3328 2164 3383 In
2196 3347 2464 3401 pauperes
2493 3341 2830 3400 sanctorum,
2867 3337 2958 3404 qui
2987 3345 3114 3390 sunt
3137 3335 3188 3391 in
3214 3334 3544 3394 Jerusalem.

1962 3417 2180 3488 Placuit
2210 3423 2357 3476 enim
2387 3423 2494 3478 eis.
2531 3441 2552 3474 ι
2605 3423 2742 3490 Quia
2782 3435 3003 3494 propter
3030 3438 3342 3482 sanctorum
3375 3430 3548 3484 aediﬁ-

1967 3514 2239 3568 cationem
2271 3529 2392 3569 esse
2424 3530 2693 3584 pauperes
2725 3517 3037 3573 voluerunt.
3068 3516 3195 3574 Sive
3227 3521 3553 3591 simpliciter

1969 3621 2238 3676 pauperes
2278 3617 2591 3662 sanctorum
2623 3610 2876 3681 intellige.

2047 3743 2066 3776 ι
2105 3724 2168 3778 Et
2209 3724 2483 3778 debitores
2538 3733 2664 3778 sunt
2719 3739 2931 3781 eorum.
2971 3744 2989 3778 ι
3049 3728 3309 3798 Exemplo
3357 3745 3547 3786 eorum

1974 3827 2233 3886 provocat
2279 3819 2552 3871 ltomanos
2595 3819 2664 3870 ad
2709 3819 2886 3872 simile
2921 3835 3080 3890 Opus,
3113 3822 3407 3878 ostendens
3442 3823 3549 3880 hoc

1974 3909 2079 3963 illis
2114 3925 2222 3964 non
2257 3910 2532 3965 immerito
2566 3910 2859 3978 placuisse.

2050 4044 2069 4078 ι
2118 4025 2254 4081 Nam
2303 4026 2347 4081 si
2397 4025 2766 4096 spiritualium
2817 4041 3004 4082 eorum
3065 4027 3362 4098 participes
3421 4030 3552 4086 facti

1974 4129 2101 4174 sunt
2135 4120 2386 4190 gentiles,
2421 4118 2625 4174 debent
2676 4127 2732 4174 et
2785 4119 2838 4172 in
2890 4121 3200 4176 carnalibus
3236 4123 3554 4177 ministrare

1975 4215 2104 4268 eis.»
2134 4213 2271 4279 Quia
2304 4215 2554 4269 doctores
2584 4230 2649 4269 ex
2683 4215 2818 4284 ipsis
2849 4213 3143 4283 habebant,
3177 4225 3232 4272 et
3260 4219 3392 4273 socii
3419 4218 3551 4274 facti

1978 4306 2194 4360 fuerant
2259 4306 2476 4371 radicis,
2538 4316 2593 4361 et
2642 4306 2988 4377 pinguedinis
3036 4310 3252 4367 olivae;
3315 4311 3548 4381 ideoque

1979 4397 2354 4468 unusquisque
2395 4397 2450 4450 iu
2483 4411 2590 4466 quo
2639 4396 2917 4464 abundat,
2961 4400 3122 4456 debet
3155 4402 3312 4456 alteri
3344 4401 3555 4472 imper-

1984 4493 2110 4546 tire.
2189 4546 2192 4549 .

2058 4623 2078 4658 ι
2110 4603 2224 4671 [loc
2255 4607 2419 4674 igitur
2445 4619 2568 4658 cum
2613 4617 3087 4668 consummavero,
3127 4611 3182 4657 et
3206 4602 3557 4672 assignavero

1979 4699 2062 4753 eis
2099 4699 2336 4751 fructum
2376 4697 2543 4760 hunc,
2578 4712 2675 4765 per
2721 4711 2818 4752 vos
2876 4697 3194 4764 proﬁciscar
3246 4698 3298 4750 in
3363 4694 3558 4765 Hispa-

1983 4791 2148 4844 niam.
2190 4808 2208 4841 ι
2247 4789 2301 4842 Si
2335 4804 2429 4842 vos
2477 4789 2616 4842 bene
2646 4788 3026 4854 exhibuet-itis,
3063 4786 3357 4841 abundabit
3401 4787 3558 4858 nobis

1985 4886 2122 4936 bona
2150 4883 2390 4935 doctrina
2430 4882 2483 4934 in
2517 4895 2613 4933 vos
2647 4894 2661 4934 :
2702 4882 2828 4948 quia
2856 4889 3117 4949 quantum
3146 4878 3357 4946 proﬁcit
3386 4877 3555 4930 disci-

1984 4977 2168 5046 pulus.
2207 4984 2418 5027 tantum
2448 4979 2780 5042 provocatur
2809 4972 2875 5025 ad
2927 4970 3228 5025 ducendum
3261 4981 3316 5022 et
3341 4970 3553 5021 doctor.

1987 5065 2142 5118 Sicut
2167 5064 2293 5118 alibi
2326 5065 2401 5117 ait
2426 5079 2442 5119 :
2471 5061 2540 5117 Os
2573 5074 2809 5115 nostrum
2839 5071 2981 5127 patet
3008 5061 3076 5113 ad
3113 5075 3221 5125 vos,
3245 5076 3274 5112 ο
3303 5059 3560 5114 Corinthii

1989 5155 2069 5228 (II
2097 5155 2223 5211 Cor.
2255 5172 2330 5219 vt,
2363 5157 2474 5224 tl).
2534 5153 2678 5220 Sive,
2729 5154 3068 5209 abundanter
3122 5153 3460 5207 benedicitur
3502 5149 3560 5204 in

1987 5251 2221 5304 adventu
2253 5264 2372 5303 meo
2406 5249 2660 5304 Christus
2684 5248 2739 5302 in
2774 5247 2946 5301 vobis.

2064 5361 2082 5392 ε
2121 5340 2246 5395 Scio
2291 5349 2473 5396 autem
2501 5342 2760 5410 quoniam
2789 5339 3014 5393 veniens
3052 5336 3118 5391 ad
3151 5350 3270 5401 vos,
3304 5333 3360 5388 iit
3389 5335 3559 5387 abun-

1987 5433 2175 5488 dantia
2235 5433 2634 5488 benedictionis
2697 5430 2904 5487 Christi
2967 5430 3206 5484 veniam.
3268 5446 3286 5479 ι
3367 5427 3559 5482 Sciens

1985 5527 2301 5598 Apostolus,
2344 5526 2595 5595 quoniam
2642 5532 2862 5594 propter
2892 5521 3330 5591 przcdicationem
3353 5517 3557 5573 Christi

1992 5602 2222 5673 Romam
2287 5618 2494 5672 vinctus
2551 5615 2838 5672 ducendus
2899 5623 3060 5680 erat,
3121 5614 3172 5667 in
3225 5610 3559 5666 abundantia

1991 5712 2385 5769 benedictionis
2410 5711 2668 5780 praedicat
2693 5722 2752 5767 se
2781 5722 2901 5765 esse
2927 5717 3235 5763 venturum.
3262 5703 3358 5762 Vcl
3385 5714 3557 5770 certe,
