3946 6206
532 265 636 328 743
1441 262 1499 322 S.
1547 255 1990 320 HlEBONYMI
2033 255 2125 315 ΟΡ

2234 254 2347 315 UM
2388 247 2798 316 MANTISSA.
3597 239 3687 309 Ἠἑν

535 387 791 452 quoniam
821 384 1070 441 conscius
1100 383 1199 437 sibi
1239 387 1382 444 erat,
1419 376 1778 432 nihilominus
1809 373 2010 428 habere
2039 386 2098 427 se
2129 397 2174 451 Α
2205 371 2317 427 illis
2345 384 2536 425 omnes
2571 363 2828 422 Ecclesiae
2859 359 3066 432 gratias
3092 365 3253 428 agttnt
3280 373 3293 411 :
3331 357 3442 428 quia
3483 373 3563 429 per
3590 360 3688 418 illos

529 478 762 552 gratiam
798 479 863 532 ab
910 476 1030 530 aliis
1063 471 1340 542 apostolis.

605 588 627 624 ι
661 569 901 626 Obsecro
950 582 1077 638 ergo
1121 581 1238 636 vos,
1285 562 1506 628 fratres,
1554 575 1656 629 per
1693 558 1974 612 Dominum
2007 571 2102 608 no-

529 675 706 722 strum
748 663 930 717 Jesum
979 659 1280 715 Christum.
1315 672 1334 707 ι
1407 653 1576 722 Rogat
1620 657 1675 702 ut
1735 663 1832 716 pro
1876 663 1940 699 eo
1989 655 2102 699 tora

531 761 795 814 instanter
833 763 947 807 oret
986 750 1224 805 Ecclesia
1257 763 1273 805 :
1315 747 1439 813 quia
1474 745 1626 796 novit
1663 740 1887 792 multum
1924 736 2102 790 valere

534 863 723 918 preces
758 847 810 899 in
845 843 1114 914 communi
1152 839 1466 894 niuitorum.
1495 832 1698 888 Iacobo
1729 829 1871 884 enim
1899 819 2102 889 occiso',

532 916 723 995 i’etius
773 937 1000 990 fratrum
1033 931 1278 1001 precibus
1313 930 1378 981 de
1409 939 1630 979 carcere
1661 922 1922 975 liberatur
1960 916 2102 986 (Act.

535 1048 632 1097 xu,
674 1030 856 1098 5-1ομ
897 1027 1022 1092 quia
1072 1039 1176 1075 non
1223 1032 1329 1072 tam
1381 1017 1477 1080 illi,
1521 1030 1684 1081 quam
1739 1012 1840 1064 sibi
1894 1009 2106 1062 benefi-

534 1127 675 1178 cium
709 1121 1098 1192 praestiterunt,
1131 1113 1341 1167 scilicet
1386 1118 1442 1162 ut
1472 1110 1586 1178 ejus
1612 1105 1822 1174 possint
1856 1091 2124 1156 doctrina

536 1217 686 1268 firma
697 1217 762 1267 ri.

612 1347 630 1379 ι
669 1329 732 1380 Et
762 1340 856 1394 per
889 1322 1209 1377 charitatcrn
1241 1313 1414 1370 sancti
1443 1309 1680 1378 Spiritus
1708 1323 1724 1366 :
1758 1317 1815 1361 ut
1840 1305 2110 1374 adjuvetis

537 1434 622 1472 me
674 1421 724 1470 in
775 1414 1114 1469 orationibus
1169 1407 1362 1464 vestris
1411 1418 1508 1471 pro
1570 1417 1654 1454 me
1709 1399 1776 1453 ad
1841 1397 2035 1450 Deum.
2085 1413 2103 1447 ι

537 1514 849 1585 Spiritualis
895 1509 1038 1563 enim
1103 1502 1348 1557 charitas
1397 1495 1568 1562 facit,
1621 1503 1679 1548 ut
1731 1505 1830 1561 pro
1879 1490 2110 1544 invicem

536 1606 800 1664 exoretis.

616 1738 635 1770 ι
684 1715 752 1771 Ut
786 1715 987 1768 liberer
1017 1711 1085 1764 ab
1131 1705 1464 1768 infidelibus,
1502 1701 1593 1772 qui
1629 1707 1760 1754 sunt
1788 1699 1840 1751 in
1874 1695 2062 1751 Judma
2092 1709 2108 1747 :

539 1820 596 1864 et
651 1804 900 1872 obscquri
953 1802 1057 1854 mei
1111 1799 1311 1852 oblatio
1345 1804 1563 1862 accepta
1598 1792 1688 1844 fiat
1723 1791 1774 1842 in
1806 1785 2109 1843 Jerusalem

543 1901 770 1956 sanctis.
811 1915 828 1946 ι
891 1895 1016 1948 Sive
1071 1903 1126 1944 ut
1166 1903 1356 1944 omnes
1401 1887 1664 1946 credant,
1707 1884 1822 1937 sive
1870 1877 2116 1932 fidelibus

545 1993 906 2044 ministraus:
948 1985 1000 2038 in
1057 1996 1256 2036 manus
1292 1977 1586 2032 infidelium
1643 1989 1751 2028 non
1811 1973 2114 2032 incurram,

542 2100 608 2137 ne
635 2084 699 2134 ad
735 2095 830 2133 vos
859 2077 1044 2130 venire
1075 2081 1178 2126 non
1217 2071 1442 2140 possim.

619 2191 639 2224 ι
680 2170 745 2227 Ut
800 2170 1016 2221 veniam
1063 2166 1129 2217 ad
1165 2179 1260 2218 vos
1317 2162 1369 2213 in
1420 2156 1617 2229 gaudio
1641 2169 1735 2225 per
1778 2152 2116 2207 voluntatem

547 2264 665 2330 Dei,
732 2271 787 2316 et
841 2259 1133 2326 refrigerer
1185 2253 1488 2308 vobiscum.
1531 2266 1551 2300 ι
1624 2247 1781 2302 Tunc
1815 2245 1868 2298 in
1917 2242 2120 2314 gaudio

546 2356 790 2415 veniam,
834 2352 878 2405 si
919 2347 1118 2403 oblatio
1154 2359 1274 2398 mea
1323 2342 1390 2396 ab
1427 2340 1505 2395 eis
1562 2346 1782 2405 accepta
1827 2335 2015 2398 fuerit,
2067 2340 2123 2386 et

547 2459 775 2500 securus
813 2445 1038 2496 verbum
1072 2437 1166 2492 Dei
1207 2433 1578 2490 abundantius
1618 2431 1832 2497 loquar.
1873 2425 2121 2481 Tristitia

548 2539 693 2592 cnim
729 2535 897 2586 animi
933 2531 1159 2585 multum
1197 2526 1422 2596 impedit
1448 2524 1515 2578 ad
1551 2523 1883 2576 doctrinam.

625 2645 643 2676 ι
689 2624 832 2677 Dens
888 2632 1068 2675 autem
1125 2617 1274 2688 pacis
1331 2616 1403 2668 sit
1461 2627 1582 2666 cum
1636 2609 1892 2664 omnibus
1948 2606 2124 2672 vobis,

549 2717 741 2772 Amen.
782 2733 801 2766 ι
855 2713 997 2767 Deus
1024 2711 1171 2781 pacis
1209 2724 1315 2762 non
1349 2706 1454 2760 nisi
1493 2705 1545 2758 in
1577 2701 1817 2771 pacificis
1845 2709 1950 2756 cst.
1988 2699 2121 2752 Pul-

552 2812 681 2862 chre
717 2815 900 2860 autem
951 2802 1147 2866 finivit,
1194 2799 1406 2855 duobus
1432 2795 1647 2867 populis
1682 2794 1736 2848 in
1769 2790 2121 2848 concordiam

552 2899 846 2955 revocatis.

1141 3006 1368 3065 CAPUT
1393 3006 1537 3063 XVI.

629 3143 650 3179 ι
708 3123 1046 3180 Commendo
1113 3130 1296 3175 autem
1367 3118 1524 3174 vobis
1578 3117 1822 3174 Phoeben
1880 3121 2126 3171 sororem

556 3228 825 3273 nostram.
867 3233 886 3266 ι
947 3213 1067 3268 Jan)
1121 3212 1278 3281 quasi
1333 3209 1490 3265 ﬁnito
1541 3219 1688 3263 textu
1743 3207 2019 3278 Epistolas,
2068 3214 2130 3258 ut

559 3312 716 3378 solet,
772 3304 1263 3365 commendationis
1315 3302 1548 3371 gratiam
1601 3300 1792 3354 subter
1844 3297 2126 3352 annexuit.

557 3400 694 3454 Item
734 3399 823 3452 hic
891 3403 1156 3448 monstrat
1199 3389 1532 3460 Apostolus,
1596 3403 1706 3442 non
1760 3386 2129 3457 accipiendam

567 3500 662 3546 aut
715 3488 1018 3559 eligendam
1061 3497 1373 3558 personam
1430 3496 1551 3536 csse
1584 3481 1686 3534 viri
1760 3479 1844 3536 vel
1893 3479 2130 3544 feminae,

560 3579 775 3652 quando
831 3576 1091 3632 Romanis
1131 3589 1226 3644 per
1282 3573 1568 3627 mulierem
1619 3575 1700 3641 (ut
1737 3569 1933 3641 fertur)
1987 3569 2131 3624 litte-

562 3694 653 3732 ras
682 3676 871 3731 mittit.
920 3672 977 3728 ln
1007 3672 1196 3728 eadem
1225 3669 1474 3740 Epistola
1503 3669 1626 3724 aliis
1663 3667 1881 3722 feminis
1912 3667 2134 3722 mandat

565 3770 819 3826 Salutem.

642 3880 660 3912 ε
700 3861 831 3927 Quae
875 3868 956 3914 est
1012 3860 1066 3914 in
1125 3855 1434 3913 ministerio
1475 3853 1752 3918 Ecclesiae,
1791 3865 1909 3922 quae
1953 3858 2038 3905 est
2082 3849 2134 3903 in

561 3951 893 4008 Cencbraeis.
936 3969 955 4002 ι
1025 3948 1179 4004 Sicut
1242 3949 1406 4002 etiam
1463 3962 1608 4000 nunc
1672 3947 1727 3999 in
1767 3941 2138 3998 Orientalibus

561 4045 888 4100 diaconisste
945 4043 999 4095 in
1041 4057 1141 4096 suo
1202 4055 1337 4096 sexu
1398 4039 1709 4092 ministrare
1767 4035 2017 4110 videntur
2081 4033 2136 4086 in

564 4137 857 4204 baptismo,
908 4135 1024 4188 sive
1078 4133 1132 4186 in
1179 4130 1484 4184 ministerio
1518 4127 1692 4194 verbi,
1723 4128 1848 4196 quia
1883 4124 2138 4195 privatim

565 4228 814 4288 docuisse
844 4225 1072 4280 feminas
1100 4224 1430 4286 invenimus,
1457 4221 1601 4275 sicut
1624 4219 1954 4283 Priscillam,
1985 4219 2142 4287 cujus

565 4321 652 4372 vir
679 4319 874 4387 Aquila
906 4319 1220 4369 vocabatur.

643 4429 663 4463 ι
708 4408 779 4465 Ut
800 4426 917 4464 eam
944 4407 1256 4475 suscipiatis
1289 4406 1344 4458 in
1374 4403 1604 4458 Domino
1629 4403 1792 4472 digne
1823 4402 2050 4470 sanctis,
2085 4410 2139 4457 et

569 4504 836 4558 assistatis
881 4502 928 4554 ei
971 4501 1022 4554 in
1059 4511 1386 4568 quocunque
1422 4496 1642 4564 negotio
1697 4496 1858 4550 vestri
1896 4495 2139 4564 indigue-

568 4599 660 4651 rit.
719 4595 936 4650 Etenim
989 4594 1104 4662 ipsa
1161 4604 1376 4660 quoque
1439 4589 1644 4665 assistit
1691 4589 1876 4644 multis
1903 4597 1960 4643 et
2005 4587 2139 4641 mihi

571 4687 697 4756 ipsi.
738 4705 757 4738 ι
797 4683 866 4739 Ut
919 4685 1185 4752 adiuvetis
1237 4696 1381 4746 eam,
1435 4682 1552 4734 sive
1583 4691 1896 4748 sumptuum
1923 4680 2146 4750 opibus,

571 4780 687 4835 sive
721 4779 912 4833 solatio
947 4793 963 4830 :
1014 4777 1141 4846 quia
1184 4783 1239 4830 et
1286 4777 1400 4843 ipsa
1429 4773 1672 4841 quandiu
1709 4773 1919 4839 habuit,
1961 4772 2144 4842 plures

572 4871 799 4942 adjuvit.

653 4980 672 5013 ι
705 4961 948 5016 Salutate
975 4957 1218 5013 Priscam
1263 4965 1319 5012 et
1355 4957 1631 5028 Aquilam,
1684 4956 1962 5024 adjutores
1998 4968 2146 5009 meos

576 5057 628 5110 in
665 5055 886 5110 Christo
936 5051 1090 5106 Jesu.
1127 5069 1148 5103 ι
1209 5049 1312 5116 Qui
1355 5049 1728 5105 conformasse
1779 5063 1840 5102 se
1890 5048 2150 5116 Apostolo

577 5148 832 5200 dicuntur
867 5145 920 5198 in
952 5142 1058 5196 fide
1089 5158 1104 5196 τ
1145 5155 1280 5210 quos
1313 5149 1368 5194 ct
1427 5139 1548 5194 idco
1589 5139 1865 5208 adjutores
1895 5139 2147 5206 appellat,

575 5240 704 5309 quia
735 5240 791 5294 in
823 5253 986 5308 Opere
1016 5235 1414 5299 doctrinarum,
1454 5233 1546 5287 ubi
1577 5233 1694 5300 ipse
1744 5231 2047 5300 laborabat,
2097 5240 2154 5284 et

575 5333 665 5386 isti
703 5337 982 5402 jchruut.

655 5444 672 5476 ε
712 5425 813 5490 Qui
869 5440 967 5494 pro
1001 5425 1180 5478 anima
1222 5435 1342 5476 mea
1397 5433 1527 5474 suas
1573 5418 1810 5473 cervices
1851 5433 2154 5487 supposue-

583 5529 750 5572 runt:
809 5520 1005 5586 quibus
1058 5532 1164 5569 non
1201 5514 1377 5568 solum
1407 5529 1507 5584 ego
1551 5513 1752 5580 gratias
1801 5526 1922 5580 ago,
1968 5515 2062 5566 sed
2103 5523 2158 5565 et

581 5623 790 5663 uitictte
827 5609 1080 5664 Ecclesiae
1112 5610 1378 5678 gentium.
1415 5625 1434 5657 ι
1499 5603 1784 5658 Probanda
1827 5619 2000 5658 meam
2052 5607 2152 5658 do-

584 5703 844 5768 ctrinam,
900 5716 960 5755 se
1013 5700 1253 5769 periculo
1302 5699 1676 5769 subjcccrunt,
1738 5707 1962 5767 propter
2011 5701 2153 5766 quod

2155 3080 2201 3136 α

2201 478 2304 533 ego
2335 471 2583 518 servatus
2607 471 2750 512 sum.

2281 570 2301 603 ι
2341 551 2406 604 Et
2451 550 2808 604 domesticam
2861 539 3158 596 Ecclesiam
3207 554 3407 594 eorum.
3444 559 3460 591 ι
3499 538 3692 597 0~tendit

2205 642 2678 712 congregationem
2710 635 2972 699 fidelium,
3003 633 3294 687 Ecclesium
3320 635 3571 687 nominari.

2280 753 2299 786 ‹
2335 734 2578 788 Salutate
2633 730 2946 800 Epanetum
2997 727 3246 780 dilectum
3307 726 3462 780 mihi:
3512 727 3584 793 qui
3632 735 3695 780 est
3739 749 3742 752 ’

2207 826 2508 896 primitivus
2548 822 2804 877 Ecclesia:
2839 821 2980 873 Asia:
3007 819 3059 872 in
3094 817 3304 872 Christo
3333 815 3466 870 Jesu.
3505 816 3698 872 Salutate

2210 917 2454 982 Mariam,
2490 932 2610 985 qua:
2643 913 2870 966 multum
2901 911 3164 963 laboravit
3191 908 3240 961 in
3270 909 3432 962 vobis.
3463 927 3479 958 ι
3511 907 3700 961 Primiti-

2210 1025 2303 1063 vos
2337 1008 2592 1063 Ecclesiae
2622 1005 2785 1065 Λεία).
2829 1005 2962 1058 istos
2993 1015 3181 1054 clunes
3211 1015 3338 1069 quos
3367 1001 3557 1064 salutat,
3581 1000 3701 1054 intel-

2211 1102 2430 1168 ligimus
2459 1115 2525 1154 ex
2557 1097 2873 1152 nominibus
2909 1095 3077 1148 fuisse
3108 1094 3414 1163 peregrinos
3443 1107 3456 1146 :
3489 1107 3568 1158 per
3593 1107 3702 1160 quo.

2213 1210 2328 1247 rum
2361 1191 2667 1258 exemplum
2697 1199 2862 1258 atque
2896 1187 3216 1264 doctrinam,
3265 1201 3366 1240 non
3394 1185 3597 1240 absurde
3617 1188 3704 1239 eti-

2212 1287 2498 1342 smnamus
2528 1282 2826 1336 credidisse
2856 1283 3152 1334 flomanos.

2301 1394 2320 1428 ι
2367 1374 2617 1430 Salutate
2648 1372 3017 1428 Andronicum
3073 1378 3128 1426 et
3171 1368 3377 1425 Juniam
3407 1381 3642 1439 cognatos,
3666 1379 3706 1424 et

2213 1466 2564 1532 concaptivos
2611 1479 2762 1519 meos
2796 1479 2814 1520 ξ
2846 1464 2940 1534 qui
2979 1472 3108 1517 sunt
3155 1461 3358 1517 nobiles
3405 1463 3706 1531 ittapOslolis,

2215 1558 2306 1627 qui
2358 1567 2414 1612 et
2453 1566 2579 1611 ante
2612 1571 2698 1610 me
2748 1555 2967 1609 fuerunt
3011 1554 3066 1609 in
3103 1554 3315 1609 Christo
3345 1553 3484 1610 Jesu.
3519 1556 3710 1608 Salutate

2217 1648 2571 1717 Ampliatum,
2603 1644 3022 1700 dilectissimum
3074 1645 3206 1699 milii
3251 1645 3303 1698 in
3337 1645 3557 1698 Domino.
3592 1643 3710 1696 Salu-

2145 1737 2186 1790 Β
2219 1745 2327 1792 tate
2357 1735 2662 1803 Urbanum,
2687 1736 2990 1805 adjutorem
3020 1747 3267 1790 nostrum
3297 1737 3348 1791 in
3377 1735 3569 1790 Christo
3585 1734 3711 1790 Jesu:

2219 1839 2274 1884 et
2331 1831 2608 1900 Stachyn,
2671 1829 2934 1884 dilectum
2995 1843 3199 1884 meum.
3251 1827 3477 1885 Salutate
3521 1830 3710 1898 Apellen,

2217 1919 2446 1988 probum
2485 1920 2537 1972 in
2587 1919 2824 1974 Christo.
2877 1918 3123 1974 Salutate
3153 1934 3268 1984 eos,
3297 1920 3383 1990 qui
3413 1931 3598 1974 suntex
3625 1920 3715 1974 Ari-

2221 2011 2420 2064 stobuli
2475 2013 2657 2072 domo.
2714 2011 2961 2067 Salutate
3019 2011 3373 2067 Herodionem
3407 2052 3421 2077 ,
3486 2024 3712 2082 cognatum

2224 2118 2426 2158 meum.
2463 2103 2706 2160 Salutate
2729 2121 2824 2160 eos
2849 2108 2940 2176 qui
2977 2117 3110 2162 sunt
3143 2123 3206 2162 ex
3235 2106 3446 2160 Narcisii
3477 2108 3624 2170 domo,
3649 2106 3712 2172 qui

2222 2205 2348 2248 sunt
2381 2194 2431 2248 in
2467 2194 2716 2253 Domino.
2768 2197 3013 2252 Salutate
3096 2197 3419 2268 Triphzenam
3456 2208 3501 2252 et
3527 2196 3717 2266 Trypho-

2223 2301 2363 2352 sam,
2399 2301 2519 2355 quae
2567 2289 2816 2343 laborant
2847 2291 2899 2345 in
2924 2289 3204 2346 'Domino.
3235 2291 3460 2346 Salutate
3497 2289 3716 2343 Persidem

2225 2379 2624 2446 charissimam,
2675 2397 2795 2452 qua:
2855 2383 3085 2438 multum
3135 2383 3392 2438 laboravit
3427 2383 3475 2437 in
3522 2380 3716 2434 Domino.

2229 2468 2475 2528 Salutate
2509 2472 2734 2542 Rufum,
2779 2474 3014 2529 electum
3050 2477 3104 2530 in
3149 2475 3410 2530 Domino:
3455 2481 3504 2528 et
3542 2483 3718 2526 matri-nt

2225 2563 2344 2634 ejus
2383 2573 2437 2618 et
2475 2573 2677 2620 ineant.
2711 2583 2731 2617 ι
2796 2565 3000 2632 Ᾱιὶιειιε,
3040 2583 3149 2622 non
3183 2578 3336 2636 partu
3386 2577 3580 2620 matrem
3609 2561 3719 2616 salua

2231 2663 2360 2710 tate.
2397 2653 2464 2709 Hi
2491 2670 2558 2711 ex
2591 2655 2798 2713 Iudaeis
2828 2670 3008 2722 erant,
3047 2670 3104 2716 et
3137 2661 3260 2730 quia
3291 2659 3441 2714 simul
3464 2673 3568 2713 cum
3593 2652 3718 2708 Paulo

2228 2749 2444 2805 fuerant
2499 2751 2758 2820 tribulati,
2821 2768 2919 2808 nec
2963 2755 3188 2808 territi:
3247 2753 3366 2807 ideo
3419 2750 3595 2806 nobiles
3645 2748 3721 2800 hoc

2229 2843 2424 2896 merito
2457 2843 2814 2908 habebantur,
2867 2845 2962 2913 qui
2991 2845 3060 2898 ad
3093 2843 3388 2914 profectum
3417 2840 3722 2895 RontanOtutu

2230 2933 2373 2989 inter
2437 2944 2663 2990 caeteros
2708 2935 2930 2990 fuerant
2984 2937 3286 3003 destinati,
3338 2937 3523 3007 quique
3567 2935 3724 3004 priores

2235 3027 2402 3082 Paulo
2430 3027 2752 3093 credidisse,
2785 3029 2955 3098 ipsius
2987 3030 3298 3084 testimonio
3331 3028 3621 3083 referuntur.

2309 3135 2328 3167 ι
2371 3116 2612 3172 Salutate
2658 3119 3034 3184 Asynoritum,
3089 3118 3458 3188 Phlegontem,
3509 3114 3723 3174 llermam,

2230 3209 2542 3277 Patrobam,
2599 3207 2858 3276 Hermen,
2919 3220 2974 3267 et
3003 3211 3096 3280 qui
3141 3227 3261 3266 cum
3291 3213 3368 3265 eis
3411 3217 3526 3263 sunt
3561 3209 3725 3260 fratres.

2233 3299 2478 3356 Salutate
2508 3295 2842 3373 l’ﬁilologttm
2867 3311 2922 3358 et
2947 3302 3178 3368 Juliam,
3219 3302 3440 3359 Nereum
3467 3313 3515 3357 et
3539 3311 3725 3355 sororem

2233 3392 2368 3461 ejus.
2401 3401 2455 3447 et
2499 3391 2876 3466 Olympiadem
2906 3411 2922 3452 ξ
2976 3405 3031 3451 et
3069 3411 3261 3452 omnes
3288 3398 3377 3466 qui
3417 3410 3527 3450 cum
3550 3394 3616 3447 eis
3637 3399 3729 3445 sunt

2235 3493 2474 3540 sanctos.
2513 3502 2533 3536 ι
2569 3483 2680 3540 Suo
2714 3488 2962 3558 exemplo
3011 3504 3114 3544 nos
3163 3488 3323 3544 docet
3376 3487 3545 3558 quales
3573 3484 3728 3538 amicos

2233 3577 2526 3633 debeamus
2576 3581 2630 3634 in
2663 3583 2868 3636 nostris
2901 3582 3101 3637 litteris
3135 3584 3369 3639 salutare
3401 3601 3415 3638 :
3465 3596 3559 3636 non
3589 3577 3730 3632 divites

2235 3669 2439 3740 saeculi,
2488 3669 2864 3739 facultatibus,
2951 3671 3037 3727 vel
3085 3672 3438 3744 dignitatibus
3482 3671 3732 3726 honoratos.

2235 3760 2328 3814 sed
2359 3765 2530 3831 gratia
2565 3778 2630 3818 ac
2652 3763 2755 3818 fide
2782 3765 3098 3834 locupletes.

2314 3871 2334 3904 ι
2373 3853 2616 3911 Salutate
2671 3857 2904 3911 invicem
2962 3857 3012 3911 in
3069 3859 3261 3915 osculo
3309 3866 3509 3914 sancto.
3539 3852 3735 3910 Salutant

2238 3957 2338 3998 vos
2371 3957 2564 3999 omnes
2609 3944 2870 4001 Ecclesiae
2900 3948 3129 4003 Christi.
3169 3967 3189 4002 θ
3240 3948 3355 4004 Non
3386 3949 3518 4010 ﬁcte,
3547 3943 3614 3999 vel
3638 3941 3736 3996 sub-

2239 4035 2384 4102 dole,
2431 4038 2592 4105 quale
2630 4035 2798 4092 Judas
2835 4041 3055 4095 tradidit
3081 4041 3373 4098 Salvatori.
3420 4041 3533 4095 ideo
3557 4037 3672 4092 enim
3698 4033 3736 4084 in

2243 4127 2487 4184 Ecclesia
2535 4145 2643 4200 pax
2690 4131 2866 4199 primo
2922 4136 3324 4188 annnntiatur:
3368 4144 3422 4188 ut
3451 4129 3661 4186 ostendat
3697 4135 3738 4175 se

2245 4237 2367 4276 cum
2401 4223 2653 4280 omnibus
2689 4239 2812 4280 esse
2839 4227 3144 4293 pacificum,
3187 4229 3280 4298 qui
3329 4226 3531 4298 corpori
3555 4229 3744 4279 commil-

2247 4315 2527 4370 nicaturus
2557 4325 2642 4372 est
2677 4317 2905 4373 Christi.

2175 4415 2216 4470 ι)
2323 4425 2342 4459 ι
2373 4406 2522 4476 Rogo
2550 4419 2732 4465 autem
2761 4423 2884 4475 vos,
2907 4409 3126 4478 fratres,
3150 4420 3210 4467 ut
3236 4410 3523 4467 observetis
3551 4420 3650 4470 eos,
3675 4397 3744 4468 qui

2248 4499 2655 4567 dissensiones,
2712 4513 2768 4557 et
2838 4490 3164 4558 offendicula
3235 4514 3428 4574 prater
3480 4498 3744 4558 doetrinam.

2251 4606 2413 4656 quam
2448 4609 2542 4648 vos
2569 4595 2863 4660 didicistis,
2913 4597 3145 4662 faciunt,
3183 4608 3241 4652 et
3285 4597 3536 4654 declinate
3573 4588 3744 4646 abillis.

2255 4681 2642 4752 Huiuscemodi
2711 4687 2858 4741 enim
2911 4686 3132 4743 Christo
3187 4689 3414 4743 Domino
3459 4695 3626 4740 nostro
3667 4689 3748 4732 non

2254 4774 2521 4838 serviunt,
2568 4777 2662 4830 sed
2726 4792 2826 4832 suo
2883 4780 3076 4834 ventri.
3109 4795 3127 4830 ι
3168 4776 3245 4835 De
3296 4778 3398 4835 illis
3437 4778 3574 4838 dicit,
3603 4770 3675 4840 qui
3700 4779 3747 4820 ex

2257 4867 2676 4922 circumcisione
2724 4870 2817 4924 illo
2873 4880 3117 4940 tempore
3174 4881 3456 4937 venerunt,
3501 4864 3670 4938 jejuni:
3710 4865 3752 4911 ct

2257 4959 2643 5014 abstinentiam
2675 4963 3046 5028 deSIruentes,
3097 4965 3426 5028 ncomenias,
3464 4972 3514 5016 et
3548 4955 3750 5012 Sabbatas

2259 5060 2314 5106 et
2341 5061 2564 5106 caeteras
2597 5052 2786 5116 ferias,
2835 5056 3044 5108 ventris
3089 5057 3261 5125 gratia
3295 5051 3650 5124 praedicabant,
3673 5042 3754 5094 dis-

2261 5135 2556 5200 sentientes
2624 5145 2692 5199 ab
2752 5140 3048 5215 apostolica
3105 5148 3390 5214 doctrina,
3449 5155 3501 5201 et
3547 5135 3754 5197 fratribus

2261 5239 2583 5294 offendicula
2614 5249 3005 5309 prmparantes.

2339 5347 2358 5380 ι
2375 5401 2378 5406 _
2397 5328 2462 5384 Et
2488 5345 2581 5400 per
2605 5331 2786 5385 dulces
2812 5347 3090 5387 sermones
3144 5340 3199 5386 et
3223 5331 3606 5389 benedictiones
3630 5319 3754 5376 sedu-

2265 5429 2395 5475 cunt
2451 5422 2615 5476 corda
2665 5423 3061 5478 innocentium.
3096 5443 3116 5476 ι
3187 5423 3291 5480 Per
3356 5423 3676 5478 blandiitietita
3717 5413 3761 5458 cf

2267 5513 2606 5568 adulationes
2635 5528 2855 5584 compto
2881 5532 3135 5571 sermone
3165 5517 3505 5585 compositas.

2344 5623 2364 5656 ι
2413 5603 2601 5688 Vestra
2631 5609 2774 5661 enim
2817 5608 3125 5664 obedientia
3157 5616 3207 5662 in
3239 5609 3384 5664 omni
3418 5607 3523 5659 loco
3547 5597 3757 5663 divulsa“

2267 5706 2374 5754 est.
2408 5717 2426 5751 υ
2494 5699 2550 5755 Si
2609 5699 2716 5756 illis
2781 5702 3050 5758 obedistis
3107 5701 3304 5772 quibus
3388 5715 3487 5755 non
3531 5689 3757 5750 debuistis.
