3934 6200
217 349 316 417 745
1205 342 1626 415 EXPOSITIO-
1650 354 1731 414 1N
1761 352 1785 412 1

1906 353 2002 415 ΞΤ.
2038 353 2064 412 Ι
2116 353 2213 414 AD
2241 349 2407 413 COB.
3324 336 3433 408 7-46

209 473 406 538 quanto
451 463 619 534 magis
667 463 819 519 nobis
854 462 1074 519 obedire
1127 464 1380 519 debetis!
1432 465 1562 520 Nam
1598 475 1653 520 et
1691 466 1764 520 illi
1795 476 1842 530 Α
1872 469 2011 522 rium
2067 465 2253 522 :eterni
2317 462 2410 519 Dei
2451 480 2462 516 :
2530 457 2789 531 Spiritum
2845 469 3091 513 sanctum
3143 458 3431 527 signiﬁcat.

205 567 484 630 propterea
514 558 580 609 ad
617 571 712 611 vos
746 567 1032 620 venerunt,
1078 559 1202 626 quia
1247 557 1492 611 sciebant
1539 573 1634 614 vos
1668 574 1765 630 per
1869 557 2001 614 Item
2061 556 2268 612 inl‘ert:
2305 553 2591 626 COgnitum
2628 560 2713 608 est
2754 551 2854 608 soli
2907 552 3137 620 sapienti
3180 550 3290 605 Deo
3343 567 3437 619 per

207 648 560 704 obedientiam
588 646 885 711 simplicem
917 647 1026 700 cito
1046 661 1203 715 posse
1229 647 1438 702 seduci.
1869 651 2147 705 Christum
2179 647 2387 714 .lesum,
2432 646 2521 701 cui
2561 644 2730 714 gloria
2771 645 2824 699 in
2879 642 3096 700 szecula.
3153 642 3268 696 Hoc
3320 645 3438 696 loco

276 759 295 792 ι
329 739 554 796 Gaudeo
585 739 746 807 igitur
784 739 835 792 in
865 739 1018 793 vobis
1049 756 1062 793 :
1095 740 1186 794 sed
1218 740 1338 794 volo
1367 754 1462 796 vos
1490 741 1767 810 sapientes
1803 761 1805 764 ‘
1869 741 2083 796 Patrem
2117 748 2170 793 et
2203 737 2399 792 Filium
2432 735 2717 790 manifeste
2755 736 3012 804 loquitur.
3055 733 3210 800 Quod
3257 744 3436 787 autem

203 833 394 888 essein
430 831 600 892 bono,
650 839 703 882 et
754 830 1036 896 simplices
1094 831 1145 884 in
1194 832 1356 886 tnalo.
1407 831 1548 886 Dens
1585 838 1765 888 autem
1873 829 2056 884 dicit:
2098 828 2384 898 Cognitum
2420 835 2503 882 est
2548 825 2648 879 soli
2702 824 2936 894 Sapienti
2999 823 3150 879 Deo:
3186 823 3240 876 in
3293 837 3440 876 cont-

204 921 347 990 pacis
390 929 637 975 conterat
680 918 936 984 Satanam
960 923 1061 974 sub
1088 920 1311 990 pedibus
1344 922 1540 976 vestris
1573 921 1770 976 veloci-
1874 920 2020 974 muni
2054 934 2304 984 munere,
2339 917 2580 989 mysterii
2611 915 2886 986 significat
2925 915 3240 970 trinitatem.

209 1019 304 1064 ter.
355 1009 537 1064 Gratia
590 1009 807 1062 Domini
867 1010 1037 1063 nostri
1085 1008 1212 1064 Jesu
1237 1010 1438 1065 Christi
1465 1010 1767 1064 vobiscum.
1949 1030 1967 1064 ι
2000 1011 2158 1067 Juxta
2207 1010 2558 1079 Evangelium
2614 1024 2832 1072 meum,
2894 1017 2949 1063 et
2995 1008 3438 1080 prmdicationem

141 1143 146 1148 .
209 1102 414 1156 Salutat
465 1115 560 1155 vos
598 1101 946 1165 Timotheus,
995 1102 1210 1170 adiutor
1261 1115 1434 1162 meus.
1466 1112 1518 1156 et
1547 1101 1768 1166 Lucius,
1871 1101 1996 1158 Iesu
2023 1103 2249 1160 Christi.
2285 1121 2304 1154 ι
2341 1101 2412 1158 Ut
2443 1100 2521 1156 sic
2551 1101 2768 1162 vivatis.
2812 1100 3086 1169 'quomodo
3113 1115 3211 1170 ego
3237 1099 3441 1156 Christi

207 1208 258 1252 et
286 1198 473 1253 .lason.
517 1205 570 1250 et
595 1195 896 1266 Sosipater,
926 1198 1141 1265 cognati
1169 1195 1295 1248 mei.
1338 1194 1523 1248 Saluto
1549 1209 1644 1248 vos
1673 1208 1772 1264 ego
1873 1196 2120 1262 exemplo
2167 1204 2221 1250 et
2243 1193 2559 1250 auctoritate
2596 1192 2846 1265 gentibus
2875 1194 3193 1263 praedicavi.

209 1287 448 1352 Tertius,
496 1291 589 1354 qui
634 1288 824 1358 scripsi
876 1289 1170 1357 Epistolam
1217 1287 1375 1351 hanc,
1424 1288 1476 1338 in
1520 1286 1770 1339 Domino.
1954 1307 1970 1338 ι
2008 1289 2318 1343 Secundum
2354 1287 2735 1342 revelationem
2767 1287 3035 1357 mysterii.
3071 1305 3090 1338 ι
3127 1285 3444 1355 Mysterium

210 1380 416 1435 Salutat
445 1395 539 1434 vos
571 1378 760 1442 Caius,
794 1381 986 1448 hospes
1017 1391 1192 1443 mens,
1225 1388 1278 1433 et
1309 1378 1560 1432 universa
1595 1376 1775 1430 Erclc-
1877 1381 1944 1434 de
1994 1381 2276 1435 vocatione
2342 1379 2719 1433 universarum
2769 1379 3013 1448 gentium
3081 1379 3132 1430 in
3194 1377 3312 1448 lege
3353 1378 3445 1432 ditt

206 1469 303 1523 sia.
337 1488 354 1520 ι
389 1469 522 1534 Quia
565 1472 700 1523 bona
725 1478 809 1522 est
835 1468 1165 1530 obcdientia,
1200 1468 1294 1522 sed
1347 1469 1390 1522 si
1435 1465 1774 1519 rationabilis
1881 1471 2057 1526 fuerat
2089 1473 2439 1536 occultatum,
2483 1469 2626 1537 quod
2664 1484 2806 1524 nunc
2841 1484 2934 1538 per
2965 1469 3191 1530 Paulum
3225 1471 3448 1524 evideno

205 1560 309 1613 sit:
364 1571 417 1613 et
475 1561 594 1613 ideo
640 1560 763 1614 volo
811 1574 906 1613 vos
943 1559 1215 1628 sapientes
1244 1573 1362 1613 esse
1409 1559 1461 1610 in
1510 1556 1674 1620 boiio,
1718 1563 1776 1609 ιιι
1881 1574 1962 1618 ter
2022 1562 2350 1633 patefactum
2413 1572 2496 1618 est
2553 1562 2903 1632 Erangeliutn
2969 1562 3023 1616 in
3076 1560 3297 1618 Christo
3354 1577 3448 1632 per

205 1652 402 1704 malum
449 1651 771 1715 nescientes,
809 1653 907 1706 sub
960 1653 1191 1719 pedibus
1244 1651 1570 1705 innocentia:
1614 1648 1777 1718 depo—
1879 1656 2186 1710 testimonia
2236 1653 2625 1725 praphetarum
2675 1669 2691 1710 :
2731 1654 2854 1723 quia
2903 1654 3154 1722 quamvis
3183 1646 3252 1708 de
3279 1658 3450 1722 genti-

208 1743 351 1796 natis
408 1743 710 1798 inimicum.
771 1743 846 1796 Ita
898 1744 1049 1798 enim
1105 1744 1252 1797 dedit
1305 1744 1467 1797 nobis
1515 1743 1777 1798 DOtttinllS
1879 1745 1980 1800 bus
2018 1755 2145 1800 ante
2195 1745 2358 1799 multa
2399 1746 2655 1810 dixisset,
2746 1755 2925 1800 tamen
2971 1743 3244 1812 quomodo
3289 1752 3350 1809 ,ει
3396 1745 3448 1795 in

209 1841 532 1897 petestatem
583 1832 829 1886 calcandl
874 1847 1037 1901 super
1093 1833 1411 1902 scorpiones
1459 1843 1624 1900 atque
1657 1849 1773 1886 ser-
1810 1818 1848 1872 Β
1877 1837 2098 1893 Christo
2128 1851 2291 1890 unum
2331 1837 2542 1899 ﬁerent,
2593 1845 2648 1890 et
2687 1834 2876 1903 Judrei,
2917 1849 3074 1890 nemo
3115 1845 3222 1887 tam
3263 1847 3452 1904 aperto

209 1933 418 1990 pentes,
451 1933 505 1976 et
530 1938 747 1977 omnem
795 1924 1049 1977 virtutem
1092 1923 1294 1978 inimici
1344 1923 1494 1995 (Luc.
1546 1940 1600 1986 ι,
1651 1923 1773 1990 l9);

211 2014 261 2066 id
312 2028 434 2077 est,
489 2030 556 2069 ne
615 2017 772 2069 nobis
819 2017 1150 2085 prcevaleat,
1204 2024 1260 2070 et
1319 2016 1572 2071 omnibus
1617 2031 1777 2084 super

205 2113 331 2160 eum
392 2106 652 2162 membris
707 2107 892 2163 liberis
956 2124 1018 2163 ac
1079 2109 1271 2164 solutis
1316 2109 1590 2163 ambulare
1652 2124 1776 2179 pos-

205 2197 401 2252 simus.

283 2306 305 2340 ι
344 2288 553 2344 Salutat
577 2305 671 2344 vos
696 2291 919 2348 Erastus
950 2294 1194 2348 arcarins
1222 2294 1477 2358 civitatis,
1529 2303 1583 2348 et
1607 2293 1778 2360 Quar-

206 2387 294 2432 tus
331 2379 517 2434 frater.
554 2399 572 2432 ι
626 2381 724 2436 llic
750 2384 1018 2438 arcarium
1058 2401 1121 2438 ex
1177 2387 1388 2439 arcario
1420 2386 1590 2440 dicit:
1641 2387 1780 2439 sicut

206 2481 398 2538 gentes
431 2471 714 2526 credentes
741 2489 804 2527 ex
841 2476 1092 2542 gentibus
1124 2491 1269 2541 sape
1307 2479 1542 2542 vocavit,
1587 2491 1778 2531 sectiu-

207 2562 342 2612 dum
394 2564 847 2616 consuetudinem
889 2565 1036 2634 legis,
1095 2581 1214 2634 qua:
1263 2568 1498 2637 Abigail,
1551 2585 1776 2641 uxorem

206 2647 378 2704 Nabal
434 2654 607 2707 adhuc
661 2655 896 2723 appellat
943 2654 1025 2726 (ll
1047 2655 1173 2725 Reg.
1203 2673 1260 2720 tt,
1282 2658 1360 2726 Ξ),
1389 2662 1509 2711 cum
1547 2658 1658 2728 jam
1691 2659 1780 2715 illo

213 2753 436 2796 mortuo
461 2743 514 2797 in
549 2743 713 2797 David
746 2747 1150 2802 matrimonium
1193 2751 1498 2804 transisset.

287 2849 308 2882 ι
345 2831 529 2887 Gratia
571 2833 779 2888 Domini
825 2836 991 2889 nostri
1044 2833 1170 2889 .lesn
1202 2837 1403 2892 Christi
1458 2855 1577 2894 cum
1608 2840 1782 2894 omni-

170 2926 318 2981 .bus
351 2927 525 2982 vobis.
572 2928 770 2982 Amen.
814 2945 832 2978 ι
895 2927 1020 2983 [ire
1078 2938 1160 2983 est
1199 2931 1529 2998 subscriptio
1588 2948 1780 2986 manus

203 3016 329 3086 ejus
368 3019 420 3072 in
450 3019 700 3073 omnibus
736 3019 1010 3087 Epistolis,
1062 3029 1117 3071 ut
1160 3019 1210 3071 in
1245 3035 1304 3073 ea
1337 3022 1501 3074 etiam
1536 3036 1780 3077 commo-

204 3118 368 3164 neret
401 3110 658 3165 beneﬁcia
697 3110 925 3166 Christi.

290 3218 310 3252 ι
353 3201 414 3254 Ei
457 3211 636 3256 autem
687 3202 778 3270 qui
833 3213 1024 3269 potens
1067 3212 1149 3256 est
1209 3217 1306 3256 vos
1371 3203 1713 3259 conﬁrmare.
1756 3222 1774 3255 ι

204 3291 400 3363 Signis
435 3300 604 3363 atque
632 3293 916 3350 doctrinis.
958 3295 1090 3348 ltcm
1144 3294 1228 3349 bic
1282 3295 1460 3349 l'atris
1501 3312 1782 3364 personam

205 3393 507 3440 monstrat.
566 3387 904 3442 Descendens
943 3395 1124 3441 autem
1177 3387 1327 3448 dicit,
1379 3389 1784 3443 maniI‘eStatum

201 3475 364 3531 hunc
417 3492 516 3547 per
566 3477 878 3547 Scripturas
909 3477 1254 3548 propheticas
1284 3478 1580 3533 secundum
1615 3481 1787 3548 impe-

1883 1935 2230 1997 cognoverat.
2272 1925 2599 1982 Existimarc
2625 1927 2769 1980 enim
2802 1935 3051 1996 poterant
3082 1927 3347 1994 quos-dam
3382 1926 3448 1978 ad

1885 2019 2045 2074 ﬁdem
2085 2019 2239 2088 quasi
2268 2017 2570 2088 prosclytos
2597 2016 2983 2072 admittendos.

1959 2127 1977 2160 ι
2013 2108 2370 2179 Temporibus
2414 2107 2634 2162 aeternis
2679 2107 2851 2172 taciti,
2899 2108 3044 2178 quod
3079 2125 3218 2164 nunc
3241 2111 3451 2180 paterno

1883 2211 2030 2256 ctum
2059 2209 2144 2256 est
2181 2213 2278 2267 per
2311 2198 2629 2267 Scripturas
2694 2199 3098 2268 prophetarum.
3141 2220 3158 2252 ι
3222 2204 3452 2256 Descen-

1884 2292 2020 2346 dens
2047 2298 2225 2344 antem
2257 2289 2408 2355 dicit,
2447 2288 2575 2358 quid
2605 2298 2690 2343 est
2718 2289 3072 2358 patefactum.

1962 2400 1979 2434 t
2015 2381 2325 2437 Secundum
2375 2392 2698 2451 praeceptum
2749 2380 2935 2435 πιετηί
2977 2380 3089 2435 Dei.
3129 2399 3148 2432 ι
3183 2381 3450 2447 Praecepit

1888 2470 2048 2536 Deus,
2073 2480 2132 2524 ut
2179 2484 2371 2524 omnes
2399 2479 2588 2540 gentes
2647 2469 2926 2535 obediant,
2953 2478 3008 2524 et
3059 2468 3230 2524 Deum
3283 2485 3452 2539 agno-

1885 2573 2059 2626 scant,
2085 2563 2234 2632 quod
2266 2562 2508 2616 futurum
2534 2563 2860 2631 quandoque
2887 2561 3037 2615 solus
3074 2572 3199 2616 ante
3222 2561 3451 2622 sciebat,

1887 2655 2149 2724 quisolus
2185 2656 2505 2709 naturaliter
2556 2654 2793 2721 sapiens,
2824 2651 2966 2706 sicut
2993 2655 3312 2708 naturaliter
3358 2653 3454 2707 bo«-

1877 2761 1991 2807 .nus
2021 2763 2038 2804 :
2067 2763 2186 2802 cum
2219 2757 2398 2802 tamen
2461 2759 2514 2801 et
2543 2747 2703 2800 homo
2734 2748 2946 2800 dicatur
2978 2747 3170 2811 bonus,
3222 2747 3316 2801 sed
3357 2760 3458 2800 nos

1889 2839 2234 2892 institutione
2297 2837 2419 2890 boni
2487 2836 2567 2889 vel
2620 2837 2894 2902 sapientes
2942 2850 3062 2890 esse
3119 2851 3455 2904 possumus:

1889 2930 1980 2984 ille
2001 2941 2215 2983 natura.
2247 2928 2343 2983 Cui
2376 2944 2468 2996 per
2489 2929 2674 2982 Jesum
2701 2927 2978 2984 Christum
3006 2927 3176 2996 gloria
3207 2935 3260 2982 et
3289 2927 3460 2980 honor

1892 3023 1944 3074 in
1970 3025 2162 3078 sa’cula
2195 3021 2538 3078 saeculorum.

1966 3134 1985 3167 ι
2027 3115 2108 3168 Ad
2158 3113 2526 3168 obeditionetn
2580 3113 2699 3166 ﬁdei
2770 3113 2822 3166 in
2865 3111 3072 3165 cunctis
3126 3111 3397 3178 gentibus.
3436 3127 3454 3161 ι

1889 3206 2146 3277 Spiritum
2181 3213 2427 3260 sanctum
2483 3201 2769 3272 signiﬁcat.
2808 3201 2938 3257 Item
2976 3203 3180 3256 intcrt:

1969 3317 1987 3350 ι
2020 3296 2228 3366 Cogniti
2266 3295 2362 3350 soli
2398 3295 2631 3364 sapienti
2666 3294 2777 3350 Deo
2804 3309 2897 3364 per
2920 3291 3102 3348 Jesum
3146 3291 3458 3346 Christum:

1895 3393 1978 3446 cui
2013 3393 2183 3445 honor
2214 3398 2270 3444 et
2297 3389 2461 3458 gloria
2501 3389 2550 3440 in
2597 3388 2790 3443 saecula
2835 3386 3180 3442 saeculorum.
3213 3390 3406 3440 Amen.
3437 3402 3455 3436 ι

217 3673 3430 3697 ww

577 3851 702 3941 IN
781 3846 1248 3940 PRIMAM
1329 3842 2019 3936 EPISTOLAM
2105 3843 2253 3930 AD
2329 3837 3121 3932 CORINTHIOS.

711 4193 938 4252 CAPUT
1005 4191 1294 4252 PRIMUM.

287 4299 314 4338 ι
361 4283 574 4341 Paulus.
611 4301 632 4336 ι
693 4284 917 4346 Paulus,
976 4285 1119 4353 quod
1177 4299 1371 4338 nomen
1412 4282 1680 4354 praeponit
1737 4284 1792 4338 in

192 4375 502 4446 Epistolis,
530 4375 874 4431 auctoritatis
902 4389 1022 4429 esse
1042 4375 1394 4428 noscendum.
1429 4375 1556 4429 Item
1592 4375 1750 4429 aliter
1775 4391 1790 4429 :

189 4466 422 4521 Paulus
444 4464 740 4533 apostolus,
772 4471 1107 4519 eonnectens
1156 4463 1209 4516 ln
1261 4462 1497 4533 Epistola
1559 4463 1792 4518 fratrum
1827 4490 1872 4545 υ

189 4556 462 4620 nomine,
489 4559 568 4610 vel
607 4557 964 4610 humilitatem
1000 4567 1150 4609 suam
1173 4554 1459 4625 signiﬁcat,
1487 4555 1572 4608 vel
1602 4568 1796 4623 coope-

185 4658 460 4704 ratorcm
482 4663 600 4700 esse
627 4661 750 4700 eum
781 4644 1091 4716 apostolica:
1116 4645 1514 4714 praedicationis
1537 4645 1792 4720 ostendit.

295 4758 320 4792 ι
367 4739 599 4792 Vocatus
619 4739 897 4808 apostolus
936 4736 1064 4791 Jesu
1086 4735 1310 4803 Christi,
1339 4751 1434 4804 per
1465 4737 1794 4790 voluntatem

185 4834 344 4888 Dei.
377 4847 396 4881 ι
430 4828 719 4883 Voluntate
745 4828 836 4883 Dei
877 4841 1098 4883 vocatur
1125 4829 1354 4897 quisque
1391 4831 1456 4882 ad
1489 4825 1667 4890 ﬁdem,
1701 4827 1795 4881 sed

183 4941 319 4980 sua
347 4932 560 4988 Sponte,
582 4927 637 4974 et
654 4935 752 4974 suo
769 4920 999 4974 arbitrio
1023 4921 1197 4973 credit
1227 4933 1244 4972 :
1281 4919 1526 4972 sicut’ait
1555 4919 1607 4970 in
1652 4917 1800 4971 Aetl-

181 5021 327 5071 bus
357 5028 373 5066 :
405 5011 528 5065 Non
558 5011 638 5081 fui
665 5009 966 5064 incredulus
1009 5009 1205 5063 cwlestt'
1235 5008 1424 5062 visioni
1473 5009 1613 5079 (Act.
1646 5023 1794 5072 xxt't,

187 5107 348 5175 ιθ).

287 5219 317 5249 ο
363 5195 426 5251 Ει
483 5195 802 5259 Sosthenes,
843 5195 1014 5249 frater
1066 5193 1319 5248 Ecclesiae
1378 5190 1492 5247 Dei.
1531 5210 1556 5247 ν
1583 5191 1793 5255 Frater,

1895 4190 2197 4260 scribitqui
2229 4191 2490 4260 integram
2524 4190 2700 4246 adhuc
2739 4190 3050 4256 servabant,
3089 4207 3192 4244 non
3225 4191 3317 4260 qui
3345 4206 3472 4262 per.

1894 4273 2153 4330 dideruut
2181 4280 2550 4334 sanctitatem.
2597 4275 2726 4330 Nam
2781 4279 2914 4332 istos
2967 4279 3195 4336 honorat
3256 4281 3470 4350 litteris,

1903 4369 2024 4423 illos
2049 4369 2372 4423 auctoritate
2400 4371 2764 4424 commendat.

1975 4475 1996 4509 ι
2037 4458 2400 4515 Sanctiﬁcatis
2451 4460 2504 4512 in
2555 4458 2774 4514 Christo
2811 4456 2962 4524 Jesu,
2990 4461 3193 4516 vocatis
3244 4465 3469 4517 sanctis.

1901 4547 2004 4604 Per
2038 4549 2368 4621 baptismum
2403 4550 2782 4606 sanctilicatis.
2809 4549 2943 4604 Cuttt
2974 4553 3226 4607 omnibus
3259 4553 3352 4622 qui
3387 4555 3470 4608 in-

1867 4653 2096 4695 -vocant
2125 4657 2320 4696 nntnen
2350 4642 2558 4696 Domini
2595 4640 2724 4696 Jesu
2770 4641 2997 4699 Christi.
3035 4663 3054 4697 ι
3091 4644 3338 4715 Proprie:
3378 4663 3467 4702 saa

1901 4737 2178 4789 cerdotum
2215 4744 2298 4789 est
2357 4734 2611 4790 invocare
2637 4736 2946 4792 Dominum.
2985 4737 3196 4805 Quibus
3229 4740 3468 4795 dicitur:

1903 4825 1994 4882 Sic
2025 4827 2309 4882 benedicite
2339 4828 2466 4896 ﬁliis
2502 4827 2698 4894 Israel,
2730 4831 3032 4886 invocantes
3079 4849 3265 4886 nomen
3301 4848 3471 4888 meum

1900 4938 2057 4991 super
2086 4921 2206 4974 illos
2237 4920 2430 4990 (Num.
2463 4937 2536 4986 vr,
2563 4921 2676 4992 25).
2729 4922 2793 4975 Et
2849 4919 3136 4980 Psaltnista
3182 4927 3312 4978 dicit
3345 4942 3358 4978 :
3407 4921 3474 4974 Et

1902 5014 2114 5069 Samuel
2150 5016 2287 5068 inter
2311 5031 2397 5068 eos
2444 5015 2532 5086 qui
2585 5016 2830 5071 invocant
2887 5033 3074 5071 nomen
3132 5017 3246 5085 ejus
3297 5016 3473 5087 (Psal.

1905 5122 2090 5174 xcutt,
2119 5107 2194 5174 ϐ).
2221 5106 2394 5176 Quem
2425 5109 2764 5164 sacerdotem
2801 5109 2966 5166 fuisse
3001 5109 3089 5164 illa
3135 5123 3222 5164 res
3266 5109 3474 5176 probat,

1904 5201 2030 5267 quia
2060 5209 2114 5254 et
2153 5199 2422 5254 sacerdoti
2452 5201 2742 5263 successit,
2770 5208 2823 5253 et
2854 5199 3060 5253 hostias
3089 5197 3369 5254 offerebat.
3406 5198 3480 5251 De

173 5291 425 5360 inquit,
459 5304 565 5343 non
611 5288 908 5357 apostolus.
949 5285 1103 5340 llunc
1154 5295 1333 5339 autent
1372 5285 1574 5339 idcirco
1615 5298 1797 5338 secum

167 5384 556 5443 scribentem
579 5382 804 5446 inducit,
861 5381 984 5450 quia
1013 5395 1080 5433 cx
1111 5379 1242 5448 ipsis
1275 5380 1463 5432 doctor
1487 5389 1593 5440 est,
1619 5387 1673 5430 ct
1702 5391 1800 5448 pro

169 5477 298 5532 his
339 5472 496 5524 valde
522 5472 812 5533 sollicitus.

279 5583 312 5618 ε
355 5567 484 5630 Quae
515 5574 597 5616 est
622 5564 892 5617 Corinthi.
925 5580 944 5612 ι
975 5560 1251 5625 Ostendit,
1287 5561 1378 5630 qui
1407 5570 1532 5614 sunt
1559 5545 1797 5614 Ecclesia

1904 5307 2010 5354 quo
2069 5294 2230 5348 etiam
2280 5294 2574 5348 secundum
2599 5292 2878 5346 historiam
2903 5291 3103 5346 dietum
3135 5301 3258 5345 est:
3297 5289 3483 5344 Susci«

1904 5382 2027 5438 tabo
2063 5383 2190 5434 mihi
2226 5383 2550 5435 sacerdotem
2589 5381 2798 5450 ﬁdelem
2845 5379 2909 5447 (I
2943 5380 3064 5450 Reg.
3097 5398 3156 5446 tt,
3189 5383 3302 5451 55).
3354 5380 3482 5449 Qui,

1882 5473 2152 5542 .qnamvis
2179 5489 2284 5530 non
2320 5474 2388 5529 sit
2418 5488 2479 5529 ex
2509 5489 2711 5544 genere
2760 5475 2967 5536 Aaron,
3017 5485 3192 5528 tamen
3233 5477 3312 5528 de,
3342 5475 3482 5526 tribu

1906 5563 2032 5618 Levi
2059 5580 2180 5620 esse
2211 5566 2262 5619 in
2298 5565 2741 5636 Paralipomenon
2777 5564 2971 5635 legitur
3005 5585 3018 5618 :
3047 5565 3170 5635 quia
3197 5566 3311 5634 ipse
3343 5567 3485 5618 hunc

165 5657 346 5718 Dei,
373 5656 547 5710 sancti
592 5656 805 5708 scilicet
847 5665 902 5707 et
951 5653 1286 5708 innnaculati
1329 5654 1501 5722 :quia
1557 5651 1801 5706 Ecclesia
1906 5657 2212 5723 constituit,
2245 5658 2338 5728 qui
2376 5668 2430 5711 et
2459 5657 2633 5712 illum.
2674 5658 2752 5712 Ita
2806 5657 2951 5712 enim
3003 5657 3184 5712 Aaron
3215 5656 3398 5727 elegit,
3430 5662 3487 5709 nt

159 5763 401 5820 neque
455 5747 724 5801 maculam
777 5746 960 5810 habet,
991 5761 1169 5816 neque
1209 5762 1416 5815 rugam,
1452 5757 1505 5800 et
1553 5746 1671 5801 idco
1719 5746 1802 5800 his
1907 5750 2044 5804 alios
2075 5759 2255 5817 postea
2289 5748 2518 5826 eligendi
2550 5765 2655 5804 non
2687 5749 2930 5804 amiserit
2965 5759 3310 5818 potestatem.

549 5845 816 5902 PnnOL.
899 5843 1104 5904 XXX.
3096 5838 3170 5896 2's
