3946 6206
457 327 566 393 ’14⁸1

1415 323 1476 382 S.
1510 317 1953 381 ’llIERONYMl
1990 318 2304 380 Ol‘ERUM
2348 312 2748 378 MANTISSA.
3572 314 3644 375 73

542 459 562 493 ι
594 440 650 494 In
681 436 824 494 omni
854 437 972 490 loco
1011 435 1245 503 ipsorum
1281 441 1335 488 et
1355 440 1557 488 nostro.
1598 451 1617 485 ι
1644 432 1778 499 Quia
1837 440 2091 499 sacer-3
2120 432 2287 499 ipsum
2314 433 2457 499 [acta
2487 440 2603 482 sunt
2637 426 2818 498 (Joan.
2841 441 2877 491 t,
2912 425 2989 493 '5).
3026 424 3122 479 llic
3153 432 3330 478 autem
3358 423 3682 490 05teoditur,

462 530 614 586 dotes
634 536 686 582 et
714 542 813 581 suo
853 534 905 578 et
956 522 1323 592 apostolorum
1356 520 1472 575 loco
1528 520 1845 589 funguntur.
1889 518 2022 569 Pro-

461 632 583 690 pter
605 620 744 687 quod
773 615 931 669 etiam
970 612 1330 667 Eeclesiarum
1387 611 1614 681 apostoli
1647 610 2015 664 nominantur.

462 709 591 764 Item
621 710 774 763 aliter
807 725 820 763 ;
861 703 1142 759 Universis
1178 703 1428 757 Ecclesiis
1459 700 1747 771 provincim
1804 698 2021 752 Achaia)

460 800 700 856 ostendit
735 812 794 851 se
831 798 925 850 has
956 796 1160 849 litteras
1187 794 1421 848 mittere.

539 911 557 941 ι
582 891 764 945 Gratia
798 887 967 951 vobis,
995 895 1049 939 et
1074 901 1173 954 pax
1206 900 1234 938 a
1262 883 1372 938 Deo
1401 882 1559 937 Patre
1604 891 1809 943 nostro,
1834 887 1887 932 et
1918 878 2021 931 Do-

462 983 608 1036 mino
645 979 773 1034 Jesu
826 978 1062 1031 Christo.
1111 996 1128 1027 ι
1163 976 1270 1030 Pax
1324 978 1553 1044 gratiam
1608 980 1809 1035 servat,
1861 985 2021 1039 quam

461 1072 674 1141 quidam
705 1069 905 1122 habere
935 1067 1204 1119 nolebant.

537 1174 554 1205 ι
585 1154 797 1207 Gratius
834 1170 933 1217 ago
958 1151 1065 1206 Deo
1088 1166 1204 1205 meo
1234 1167 1447 1220 semper
1481 1167 1578 1221 pro
1608 1156 1781 1217 vobis,
1816 1154 1868 1207 in
1896 1165 2019 1219 gra-

464 1243 534 1296 tia
560 1243 675 1305 Dei,
701 1258 819 1310 quae
841 1242 965 1297 data
994 1251 1076 1297 est
1108 1242 1260 1297 vobis
1300 1242 1350 1296 in
1390 1242 1608 1298 Christo
1661 1242 1808 1298 Jesu.
1846 1261 1863 1293 ι
1902 1242 2023 1296 Pri-

464 1351 606 1388 mum
659 1334 821 1389 solito
876 1334 1141 1387 laudando
1195 1346 1453 1402 provocat
1494 1338 1559 1389 ad
1618 1335 1939 1403 profectum,
1969 1344 2023 1387 et

458 1421 587 1475 dicit
638 1436 696 1476 se
732 1421 949 1490 quidem
1007 1422 1244 1488 gaudere
1288 1424 1352 1477 de
1396 1438 1580 1477 eorum
1629 1424 1854 1479 scientia
1886 1440 1899 1478 :
1928 1423 2021 1477 sed

456 1513 595 1569 scire
623 1515 744 1567 illos
772 1514 985 1578 debere,
1022 1512 1148 1582 quia
1192 1528 1320 1569 vera
1367 1514 1628 1584 sapientia
1679 1529 1786 1569 non
1847 1514 2019 1581 inﬂat,

457 1619 632 1674 neque
678 1605 950 1659 dissentit.

533 1711 550 1743 ι
581 1690 718 1756 Quia
744 1691 796 1744 in
831 1692 1084 1748 omnibus
1120 1694 1312 1748 divites
1346 1694 1470 1748 facti
1510 1694 1639 1748 estis
1669 1694 1718 1749 iit
1755 1694 1865 1749 illo.
1917 1714 1933 1747 ι
1964 1694 2020 1747 in

2122 522 2243 589 quia
2270 538 2362 588 per
2391 520 2555 573 Deum
2582 517 2795 571 Patrem
2824 517 3001 572 vocati
3029 524 3156 570 sunt
3179 515 3232 568 in
3255 514 3691 569 communionem

2122 612 2243 667 Jesu
2279 611 2480 667 Clu-isti
2526 608 2736 663 Domini
2764 607 2959 662 nostri.
3029 605 3323 675 Hucusque
3352 619 3474 659 cum
3525 604 3693 657 laude

2123 702 2390 773 praelatio.

2200 811 2217 843 ι
2244 793 2483 845 Obsecro
2541 798 2720 843 autem
2769 802 2886 848 vos.
2933 786 3145 841 fratres.
3183 803 3201 836 ι
3235 785 3317 839 Ad
3366 799 3525 838 unam
3561 798 3693 836 sen-

2127 882 2287 936 tiendi
2337 882 2679 936 concordiam
2713 885 2949 942 revocat,
2998 885 3135 931 etut
3173 876 3272 942 ipsi
3315 891 3504 931 omnes
3545 876 3693 929 idem

2128 974 2442 1041 loquantur,
2484 972 2754 1024 hortatur.
2789 968 2918 1023 ltem
2950 967 3108 1021 aliter
3139 986 3155 1022 :
3186 966 3281 1019 llic
3315 966 3424 1035 jam
3467 981 3692 1021 causam

2126 1075 2313 1122 contra
2345 1064 2743 1120 dissensionem
2801 1061 3130 1132 aggreditur.

2202 1176 2220 1209 ι
2264 1155 2367 1211 Ρει·
2394 1170 2588 1209 nomen
2642 1153 2857 1207 Domini
2921 1151 3090 1206 nostri
3138 1149 3264 1205 Jesu
3309 1148 3531 1204 Christi.
3575 1166 3593 1199 ι
3631 1150 3696 1202 In

2124 1263 2229 1317 quo
2262 1247 2476 1300 nomine
2504 1244 2696 1300 salvati
2724 1243 2874 1308 estis,
2908 1252 2962 1296 et
2983 1242 3136 1311 signa
3165 1240 3281 1294 ﬁeri
3310 1238 3692 1309 conspexistis.

2200 1357 2217 1389 ι
2257 1337 2330 1393 Ut
2367 1337 2597 1406 idipsutn
2631 1334 2823 1391 dicatis
2851 1348 3061 1388 omnes.
3104 1352 3123 1383 ι
3159 1330 3231 1386 Ut
3260 1347 3421 1387 unum
3446 1330 3698 1386 sentiatis

2123 1438 2285 1498 atque
2318 1427 2529 1482 dicatis.

2201 1540 2218 1573 ι
2251 1518 2316 1572 Ει
2369 1534 2474 1572 non
2522 1517 2629 1570 sint
2678 1518 2731 1570 in
2789 1517 2941 1571 vobis
2980 1515 3297 1570 schismata.
3339 1532 3358 1565 ι
3387 1511 3699 1568 διιιίειιιειιι

2125 1623 2336 1676 semper
2363 1622 2430 1662 ex
2460 1605 2807 1661 contentione
2846 1614 3165 1663 nascuntur.

2204 1713 2223 1746 ι
2255 1696 2387 1763 Sitis
2419 1703 2596 1748 autem
2648 1692 2874 1761 perfecti
2909 1693 2962 1747 in
3016 1696 3204 1748 eodem
3235 1708 3419 1757 sensu.
3443 1703 3497 1748 et
3527 1697 3579 1746 in
3604 1709 3703 1747 ea-

457 1788 706 1842 omnilms
728 1788 1032 1850 virtutibus,
1056 1800 1148 1854 per
1175 1783 1653 1853 sapientiam,qu:e
1679 1782 1883 1836 amicos
1927 1780 2020 1833 Dei
2056 1768 2098 1823 Β
2130 1785 2250 1838 dem
2284 1785 2527 1838 scicntia.
2571 1802 2588 1834 ι
2637 1782 2692 1836 Si
2754 1799 2921 1837 unum
2982 1784 3227 1839 sentiatis
3278 1794 3331 1839 et
3382 1784 3699 1854 proferatis,

457 1886 511 1931 rt
545 1880 833 1948 prophetas
875 1877 1176 1932 coiistituit.
1207 1876 1336 1928 Item
1370 1874 1524 1929 aliter
1557 1891 1571 1928 :
1609 1872 1720 1927 lloc
1770 1871 2021 1936 dicendo,

457 1974 745 2041 Apostolus
775 1970 1005 2025 ostendit
1039 1984 1152 2032 eos,
1179 1969 1395 2035 quando
1423 1965 1486 2016 ad
1519 1963 1673 2017 fidem
1707 1963 1903 2016 Christi
1937 1977 2027 2016 ac—

458 2072 759 2124 cesserunt,
790 2062 937 2115 omni
985 2059 1159 2130 gratia
1205 2067 1329 2111 tunc
1379 2056 1575 2109 ditatos
1603 2070 1618 2107 :
1647 2068 1786 2107 nunc
1844 2063 2023 2106 autem

458 2168 566 2208 non
595 2152 750 2223 juxta
796 2152 954 2205 fidem
1003 2156 1411 2209 conversantes,
1450 2144 1816 2198 vacuefactam
1878 2156 2026 2195 mon-

455 2253 596 2299 strat
624 2247 871 2315 gratiam,
898 2258 1057 2311 quam
1088 2248 1463 2308 perceperunt.

535 2353 555 2387 ι
592 2336 650 2390 ln
687 2338 829 2389 omni
867 2335 1032 2388 verbo
1082 2344 1134 2385 et
1187 2331 1237 2383 in
1291 2328 1435 2382 onmi
1478 2326 1723 2382 scientia.
1766 2345 1784 2378 ι
1820 2325 1875 2381 ιιι
1920 2333 2025 2390 est,

461 2441 567 2481 non
602 2439 706 2479 tam
737 2427 871 2480 Novi
906 2438 1066 2494 quam
1096 2420 1305 2476 Veteris
1325 2418 1675 2472 Testamenti.

546 2537 565 2570 s
603 2518 756 2571 Sicut
792 2513 1160 2570 testimonium
1193 2510 1394 2565 Christi
1444 2508 1817 2563 conﬁrmatum
1854 2514 1937 2559 est
1973 2506 2024 2557 in

459 2612 632 2668 vobis.
670 2629 688 2661 ι
711 2604 1104 2661 Testimonium
1135 2604 1241 2670 quo
1269 2602 1383 2654 ait:
1412 2598 1593 2654 Omnis
1642 2598 1812 2651 scriba
1843 2595 2027 2649 doctus

460 2710 514 2761 in
539 2718 696 2772 regno
723 2700 968 2753 caelorum
1028 2693 1217 2748 similis
1267 2704 1338 2747 est
1388 2691 1588 2744 homini
1625 2688 2024 2758 patrifamilias,

458 2798 550 2868 qui
584 2793 779 2864 profert
810 2791 872 2842 de
925 2788 1164 2840 thesauro
1194 2801 1287 2838 suo
1340 2800 1467 2836 nova
1522 2792 1571 2835 et
1617 2790 1785 2834 cetera
1810 2778 2025 2851 (Haut.

460 2901 583 2953 xm,
610 2886 723 2955 52).

535 2996 555 3031 ι
592 2976 668 3031 lta
700 2983 757 3028 ut
790 2972 919 3026 nihil
957 2968 1109 3024 vobis
1139 2968 1273 3023 desit
1323 2967 1372 3018 in
1435 2963 1538 3018 ulla
1590 2964 1781 3033 gratia.
1825 2983 1841 3014 ι
1878 2964 2031 3019 Unde

459 3070 536 3125 ait
563 3067 816 3123 Salomon
853 3080 868 3117 :
910 3059 1168 3115 Venerunt
1190 3058 1313 3111 mihi
1338 3057 1514 3110 omnia
1539 3056 1671 3109 bona
1688 3058 1885 3123 pariter
1910 3072 2027 3109 cum

459 3162 553 3217 illa
581 3158 733 3227 (δίῳ.
766 3171 856 3220 vn,
891 3152 999 3225 Η),
1028 3154 1078 3206 id
1099 3162 1180 3206 est
1214 3165 1335 3204 cum
1363 3151 1647 3217 sapientia.

538 3268 555 3300 ι
591 3242 1046 3315 Exspectantibus
1078 3238 1459 3292 rcvelationem
1497 3236 1710 3289 Domini
1746 3238 1908 3289 nostri
1941 3233 2028 3288 Je-

467 3355 529 3394 su
555 3338 779 3392 Christi.
813 3351 833 3385 ι
870 3332 963 3386 Ille
997 3344 1122 3384 vere
1154 3337 1435 3398 exspectat
1485 3328 1770 3381 adventum
1804 3326 2028 3390 Christi,

467 3427 556 3496 qui
587 3427 640 3480 in
668 3423 920 3478 omnibus
969 3430 1302 3489 praeparatus
1362 3425 1462 3470 est.
1515 3416 1796 3470 Revelatio
1852 3428 2030 3469 autem

469 3518 663 3573 dicitur
694 3514 905 3570 Domini
933 3512 1195 3566 adventus
1232 3525 1247 3562 :
1300 3512 1426 3578 quia
1458 3511 1616 3563 modo
1657 3524 1687 3563 a
1723 3508 1876 3563 nobis
1900 3507 2031 3561 abs-

470 3608 677 3665 condita
710 3615 811 3660 est.

543 3719 561 3752 ι
592 3700 689 3767 Qui
721 3707 774 3752 et
798 3694 1138 3751 confirmabit
1173 3708 1265 3747 vos
1298 3707 1468 3762 usque
1499 3693 1549 3744 in
1591 3695 1750 3745 tinem
1785 3691 1902 3745 sine
1927 3689 2033 3743 cri-

469 3794 632 3856 mine,
659 3792 709 3845 in
740 3790 827 3844 die
863 3790 1124 3841 adventus
1153 3784 1364 3838 Domini
1398 3785 1564 3838 nostri
1600 3781 1726 3837 Jesu
1756 3782 1980 3837 Christi.
2008 3800 2028 3835 ι

470 3882 571 3937 Ρει·
599 3882 921 3944 doctrinam,
971 3878 1112 3931 sicut
1160 3875 1235 3929 ait
1288 3875 1453 3928 David
1496 3892 1508 3927 :
1556 3872 1822 3941 Conﬁrma
1868 3888 1949 3925 me
1981 3875 2035 3927 in

471 3971 632 4029 verbis
670 3971 772 4024 tuis
803 3966 976 4041 (Psal.
997 3980 1183 4025 cxvm.
1215 3964 1326 4033 28).
1358 3963 1424 4018 Ει
1450 3965 1683 4019 iterum:
1718 3962 1840 4016 Pas:
1868 3961 2037 4015 multa

471 4063 806 4133 diligentibus
834 4060 997 4128 legem
1023 4066 1213 4121 tuam,
1237 4065 1285 4107 et
1316 4070 1415 4107 non
1445 4063 1519 4108 est
1562 4053 1671 4107 illis
1726 4053 2037 4108 scandalum

473 4153 647 4227 (Psal.
676 4164 863 4215 cxvnt,
899 4146 1047 4217 165).
1079 4144 1209 4200 ltem
1239 4144 1400 4199 aliter
1429 4160 1444 4201 :
1483 4144 1613 4199 Orat
1660 4159 1759 4214 pro
1788 4144 1943 4214 ipsis.
1980 4154 2037 4198 ut

474 4261 643 4315 usque
667 4245 731 4297 ad
769 4244 929 4294 linem
975 4239 1098 4291 vita:
1131 4251 1245 4291 suae
1295 4237 1789 4304 irrepreheusibiles
1834 4237 1890 4290 in
1935 4234 2039 4289 ad-

475 4345 692 4390 ventum
750 4330 959 4386 Domini
1014 4328 1188 4384 nostti
1232 4323 1359 4381 Jesu
1407 4326 1613 4381 Christi
1666 4337 2036 4396 permaneant.

475 4429 522 4500 (Ι
544 4427 680 4481 Tim.
706 4441 780 4493 v1,
812 4424 920 4493 14).

481 4623 587 4668 ιειιι
612 4609 729 4663 Filii
761 4608 879 4677 ejus
898 4604 1124 4668 Christi,
1156 4600 1365 4656 Domini
1406 4599 1604 4654 nostri.
1639 4617 1657 4652 ι
1684 4596 1853 4664 Quam
1880 4598 2050 4651 socie-

466 4684 642 4757 tatem
663 4698 905 4753 Joannes
946 4694 1185 4764 exponit,
1213 4693 1399 4747 dicens
1428 4710 1443 4745 :
1470 4690 1730 4755 Quoniam
1769 4689 1912 4743 Deus
1957 4688 2050 4742 tua:

478 4806 575 4861 est,
601 4802 650 4850 et
710 4790 933 4846 tenebris
972 4790 1025 4841 in
1055 4803 1113 4841 eo
1164 4801 1265 4840 non
1303 4793 1422 4839 sunt
1474 4783 1619 4838 ulla.
1653 4782 1715 4838 Si
1758 4783 2047 4836 dixerimus

478 4889 601 4952 quia
629 4886 929 4941 societatem
955 4879 1207 4933 habemus
1234 4893 1354 4930 eum
1380 4891 1460 4942 eo,
1486 4885 1537 4928 et
1577 4874 1632 4927 in
1669 4872 1891 4928 tenebris
1937 4890 2051 4926 ant-

479 4981 741 5046 bulamus,
779 4974 1062 5030 mentimur
1078 4969 1131 5043 (Ι
1163 4969 1325 5024 Joan.
1356 4985 1398 5033 ι,
1428 4968 1483 5034 5,
1511 4967 1587 5035 6).
1607 4965 1672 5020 Et
1702 4964 1900 5021 Paulus
1930 4967 2003 5020 ait
2034 4984 2048 5021 :

482 5072 544 5129 Si
571 5068 881 5125 commortui
899 5078 1103 5128 sumus,
1166 5069 1215 5114 et
1237 5060 1560 5113 convivemus
1589 5073 1610 5111 .°
1638 5060 1685 5113 si
1710 5058 2047 5122 sustinemus,

480 5176 527 5218 et
560 5158 991 5230 conregnabimus
1024 5151 1108 5225 (11
1140 5151 1277 5205 Tim.
1306 5167 1366 5213 ιι,
1397 5150 1510 5220 Η).
1542 5149 1639 5205 Hic
1683 5149 1839 5205 locus
1860 5158 2049 5204 contra

480 5255 710 5307 Arianos
732 5249 880 5312 facit,
911 5247 1003 5318 qui
1035 5247 1089 5299 in
1114 5245 1216 5298 hoc
1246 5243 1511 5297 minorem
1563 5256 1685 5296 esse
1711 5239 1907 5296 Filium
1949 5255 2040 5296 vo-

481 5347 621 5406 lunt,
651 5354 760 5411 quo
805 5353 900 5410 per
928 5338 1102 5407 ipsum
1131 5333 1311 5390 omnia
1358 5333 1499 5387 facta
1555 5331 1886 5398 referuntur,
1928 5347 2048 5388 cum

481 5441 584 5491 hoc
612 5434 775 5488 etiam
798 5432 850 5484 in
873 5428 1086 5482 Patrem
1109 5427 1284 5489 cadat,
1337 5437 1434 5494 per
1463 5438 1621 5491 quem
1655 5423 1706 5476 in
1732 5426 2046 5478 societatem

486 5525 611 5580 Filii
635 5522 751 5591 ejus
793 5522 1074 5574 credentes
1105 5524 1282 5571 vocat.
1313 5514 1448 5569 Item
1480 5514 1637 5569 aliter
1671 5532 1683 5569 :
1722 5513 1835 5571 Hoc
1861 5527 2046 5571 contra

484 5617 719 5669 Arianos
749 5610 917 5675 valet,
941 5608 1033 5678 qui
1085 5605 1393 5662 ministrum
1426 5610 1818 5673 praeceptorum
1869 5604 2049 5661 Patris

487 5705 684 5758 Filium
711 5702 939 5758 dicunt:
972 5681 1229 5769 quoniam
1280 5696 1541 5764 scriptum
1571 5705 1652 5751 est
1680 5711 1696 5751 :
1729 5694 1919 5751 Omnia
1953 5713 2047 5765 per

2128 1886 2256 1931 tunc
2283 1891 2405 1931 vere
2437 1878 2665 1944 potestis
2698 1891 2819 1930 esse
2851 1875 3102 1945 perfecti.

2203 1987 2220 2019 ι
2249 1966 2620 2034 Sigttilicatum
2678 1978 2761 2019 est
2808 1967 2950 2020 enim
3005 1967 3140 2021 mihi
3191 1967 3257 2022 de
3303 1968 3479 2031 vobis,
3505 1965 3639 2022 fratr
3676 1984 3706 2023 s

2130 2060 2255 2124 mei,
2287 2061 2355 2113 ab
2389 2059 2471 2114 his
2504 2060 2592 2127 qui
2652 2067 2779 2112 sunt
2853 2058 3074 2124 Chloes,
3139 2060 3265 2128 quia
3327 2060 3706 2115 contentiones

2127 2159 2255 2204 sunt
2307 2152 2447 2204 inter
2499 2164 2615 2203 vos.
2673 2168 2691 2201 ι
2753 2149 3028 2215 Qumritur
3086 2152 3353 2218 quomodo
3404 2151 3705 2221 Apostolus

2127 2242 2415 2297 crediderit
2461 2240 2663 2309 aliquid
2716 2241 2781 2293 de
2841 2240 3188 2305 absentibus,
3250 2257 3374 2296 cum
3436 2244 3704 2313 scriptum

2126 2338 2237 2389 sit:
2275 2333 2397 2387 Non
2449 2338 2625 2388 credes
2683 2334 2893 2388 auditui
2940 2350 3072 2387 cano
3104 2332 3294 2405 (Eccli.
3365 2350 3441 2398 xt,
3486 2334 3598 2402 16).
3634 2334 3708 2389 Et

2130 2424 2324 2475 iterum
2356 2420 2521 2485 :Quw
2552 2421 2777 2475 viderint
2808 2421 2948 2475 oculi
2984 2423 3080 2486 lui,
3136 2423 3363 2491 loquere,
3421 2435 3469 2476 et
3504 2436 3703 2481 ca-tera

2130 2513 2311 2581 (Prov.
2347 2528 2472 2574 xxv,
2505 2512 2583 2575 8).
2610 2512 2713 2568 Sed
2747 2514 2887 2567 hanc
2922 2515 3149 2583 gratiam
3177 2514 3427 2581 habebat,
3457 2532 3617 2573 nosse
3643 2528 3709 2573 ut

2130 2603 2324 2655 absens
2349 2602 2476 2667 quid
2507 2603 2558 2654 in
2586 2602 2815 2671 singulis
2847 2602 3103 2657 Ecclesiis
3130 2613 3398 2673 ageretur.
3435 2604 3590 2660 Sicut
3613 2608 3705 2659 di-

2129 2692 2201 2745 cit
2237 2692 2303 2746 ad
2343 2692 2694 2747 Colossenses
2727 2709 2740 2747 :
2778 2692 2845 2746 Et
2894 2695 2939 2747 si
2971 2711 3185 2761 corpore
3225 2694 3408 2749 absens
3433 2713 3571 2761 sum,
3607 2700 3706 2751 sed

2127 2784 2319 2851 spiritu
2343 2799 2594 2852 pra'sens,
2613 2784 2867 2853 gaudens,
2896 2794 2946 2839 et
2977 2787 3152 2840 ridens
3189 2789 3421 2841 ordinent
3449 2801 3705 2857 oestrum,

2131 2873 2473 2942 etc.(Coloss.
2516 2889 2575 2937 ιι,
2601 2874 2679 2941 5).
2714 2873 2850 2942 Quia
2877 2889 3004 2940 ergo
3054 2876 3255 2930 sciebat
3285 2876 3597 2933 Corinthios
3626 2880 3706 2933 ita

2132 2979 2311 3032 agerc,
2354 2974 2414 3017 ut
2449 2965 2725 3031 audiebat,
2762 2981 2870 3019 non
2907 2966 3131 3021 credidit
3168 2968 3287 3023 sine
3326 2984 3494 3024 causa
3542 2972 3705 3040 quasi

2133 3056 2197 3109 de
2226 3056 2561 3117 absentibus,
2593 3070 2820 3126 quorum
2874 3058 3340 3115 conversationem
3400 3061 3453 3115 in
3505 3062 3706 3130 spiritu

2132 3152 2507 3215 cognoscebat.

2210 3257 2227 3289 ι
2263 3236 2377 3293 Hoc
2400 3250 2577 3293 autem
2612 3238 2925 3308 dico,’quod
2953 3242 3323 3311 unusquisque
3352 3252 3591 3299 vestrum
3619 3244 3708 3299 di-

2133 3330 2206 3382 cit
2238 3331 2386 3398 :Ego
2415 3332 2628 3398 quidem
2675 3346 2792 3385 sum
2819 3329 2991 3396 Pauli,
3017 3346 3118 3401 ego
3164 3342 3343 3388 autem
3374 3335 3587 3405 Apollo,
3606 3351 3708 3405 ego

2132 3438 2263 3475 vero
2325 3421 2542 3490 Cephae,
2584 3436 2685 3491 ego
2742 3432 2923 3477 autem
2988 3424 3215 3480 Christi.
3257 3443 3276 3476 ι
3315 3424 3427 3479 Sub
3486 3428 3708 3484 nomine

2136 3509 2529 3579 apoStolorum,
2562 3511 3039 3579 pseudoapostolos
3090 3515 3280 3583 tangit,
3309 3515 3402 3582 qui
3460 3529 3558 3571 eos
3612 3530 3709 3585 per

2135 3600 2453 3669 sapientiam
2486 3601 2959 3655 circumvenerant
2988 3604 3201 3667 mundi,
3238 3614 3300 3659 ut
3334 3606 3711 3675 unusquisque

2135 3692 2252 3762 ejus
2289 3707 2346 3744 se
2373 3692 2574 3746 diceret
2599 3706 2741 3756 esse,
2774 3690 2928 3760 cujus
2960 3694 3260 3759 doctrinam
3316 3694 3587 3762 elegisset,
3616 3696 3708 3765 qui

2136 3783 2361 3836 adversa
2393 3782 2676 3837 docebant.
2704 3781 2759 3836 Si
2779 3797 2905 3851 ergo
2937 3798 3037 3838 nec
3058 3784 3125 3838 de
3157 3786 3297 3839 veris
3327 3787 3589 3854 apostolis
3606 3788 3709 3843 hoc

2138 3874 2242 3927 dici
2277 3873 2562 3941 permittit,
2598 3882 2799 3942 quanto
2842 3873 3011 3942 magis
3040 3875 3107 3928 de
3144 3875 3297 3930 falsis
3336 3891 3443 3931 non
3475 3877 3659 3934 licebit
3688 3880 3704 3932 l

2215 3980 2236 4014 ι
2261 3962 2475 4017 Divisus
2502 3972 2586 4017 est
2617 3962 2912 4019 Christus?
2951 3981 2970 4014 ι
3007 3963 3278 4019 Dividitur
3335 3981 3551 4035 corpus,
3585 3984 3710 4023 cum

2140 4053 2382 4123 membra
2411 4052 2759 4107 dissentiunt.

2216 4162 2234 4195 ι
2270 4141 2525 4213 Nunquid
2567 4143 2766 4199 Paulus
2816 4145 3106 4202 crucifixus
3147 4156 3229 4203 est
3272 4164 3369 4218 pro
3403 4150 3575 4215 vobis,
3618 4164 3714 4208 aut

2142 4236 2194 4289 in
2227 4236 2443 4289 nomine
2471 4233 2625 4290 Pauli
2651 4236 2910 4305 baptizati
2940 4239 3113 4301 estis?
3154 4258 3173 4293 ι
3208 4239 3396 4298 Potest
3428 4246 3569 4299 istud
3598 4245 3706 4301 dici

2145 4326 2229 4379 his
2279 4324 2391 4395 qui,
2431 4325 2619 4380 relicto
2670 4326 2874 4381 Christi
2933 4330 3203 4401 exemplo,
3238 4342 3456 4389 sanctos
3504 4335 3714 4392 Veteris

2073 4433 2117 4488 ῃ
2147 4417 2474 4474 Testamenti
2511 4419 2565 4473 in
2595 4420 2726 4476 solis
2760 4421 2963 4479 divitiis
3002 4425 3228 4492 cupiunt
3277 4428 3503 4484 imitari.
3568 4428 3714 4481 Nun-

555 4540 574 4573 ι
625 4519 822 4573 Fidelis
849 4517 1009 4583 Deus,
1037 4530 1131 4586 per
1152 4528 1312 4584 quem
1346 4511 1519 4567 vocati
1548 4511 1679 4567 estis
1719 4510 1771 4564 in
1818 4510 2049 4567 societa—
2076 4560 2077 4563 η

2153 4512 2286 4581 quid
2316 4510 2592 4567 Abraham
2618 4511 2910 4568 cruciﬁxus
2940 4524 3023 4568 est
3061 4529 3158 4583 pro
3190 4513 3361 4579 vobis,
3404 4524 3497 4571 aut
3526 4516 3580 4571 in
3612 4532 3716 4572 no-

2152 4604 2296 4656 mine
2325 4600 2427 4657 Job
2449 4602 2705 4672 baptizati
2753 4602 2925 4658 estis?
2950 4601 3019 4658 Et
3056 4604 3187 4659 illud
3221 4606 3451 4672 Domini,
3484 4609 3575 4661 ubi
3616 4609 3713 4663 do-

2149 4709 2337 4749 cemur
2369 4709 2473 4748 non
2512 4708 2751 4763 quaerere
2800 4693 2929 4762 quid
2966 4694 3058 4749 alii
3116 4697 3382 4766 discipulo
3440 4700 3709 4767 iubeatur,

2149 4787 2379 4843 dicentis
2425 4786 2589 4841 Petro
2622 4801 2639 4843 :
2675 4785 2819 4852 Quid
2846 4787 2914 4840 ad
2945 4786 3036 4841 te?
3076 4796 3131 4840 tu
3160 4804 3242 4841 me
3287 4804 3498 4859 sequere
3528 4789 3709 4860 (locu.

2152 4896 2265 4946 xxi,
2286 4881 2402 4949 22).

2168 4982 2177 4987 ν
2226 4987 2245 5020 ι
2278 4969 2492 5025 Gratias
2526 4984 2627 5039 ago
2656 4968 2767 5025 Deo
2798 4985 2938 5036 meo,
2965 4972 3107 5041 quod
3158 4972 3429 5027 neminem
3478 4983 3715 5029 vestrqu

2152 5058 2443 5130 baptizavi,
2476 5060 2578 5115 nisi
2637 5060 2886 5128 Crispum
2917 5070 2972 5116 et
3009 5062 3237 5117 Caium:
3268 5078 3337 5118 ne
3380 5064 3505 5133 quis
3550 5065 3710 5128 dicat,

2151 5149 2295 5218 quod
2328 5150 2384 5204 in
2418 5136 2641 5205 nomine
2677 5164 2797 5206 meo
2825 5150 3083 5218 baptizati
3116 5152 3261 5208 sitis.
3289 5152 3564 5222 Baptizavi
3614 5169 3713 5207 au-

2150 5250 2260 5297 tem
2288 5250 2344 5297 ει
2373 5240 2658 5310 Stephana:
2682 5241 2898 5296 domum
2928 5258 2944 5296 :
2978 5252 3230 5299 caeterum
3259 5246 3462 5311 nescio,
3487 5246 3534 5301 si
3553 5261 3709 5315 quem

2151 5332 2314 5386 alium
2350 5338 2589 5386 vestrum
2636 5330 3047 5401 baptizaverim.
3085 5352 3105 5386 ι
3131 5333 3285 5399 Quod
3344 5335 3416 5388 ita
3466 5335 3709 5405 contigit,

2150 5433 2209 5477 ut
2235 5422 2353 5477 illos
2386 5437 2586 5492 paucos
2615 5422 2968 5491 baptizarem,
3014 5428 3107 5494 qui
3163 5440 3224 5481 se
3267 5440 3379 5481 non
3432 5426 3617 5481 dicunt
3655 5428 3709 5479 in

2150 5528 2273 5569 meo
2315 5513 2534 5569 nomine
2565 5512 2890 5582 baptizatos.
2920 5513 3051 5570 Item
3085 5516 3241 5571 aliter
3275 5533 3290 5570 :
3329 5514 3541 5571 illorum
3571 5516 3711 5585 ipso-

2149 5620 2268 5660 rum
2301 5604 2601 5671 neminem,
2631 5605 2732 5661 nisi
2757 5621 2896 5677 quos
2927 5609 3227 5663 numeravi.

2228 5716 2248 5748 ι
2285 5696 2404 5752 Non
2447 5697 2590 5753 enim
2639 5697 2787 5754 misit
2838 5713 2926 5755 me
2984 5696 3233 5756 Christus
3287 5699 3578 5770 baptizare,
3616 5699 3709 5754 sed
