3934 6200
243 240 341 301 749

1209 231 1610 307 hxrosrrro
1647 229 2001 307 rn'Evtsi‘.
2049 235 2070 304 'r
2115 249 2212 306 AD
2272 231 2443 304 cori.

3357 231 3460 296 75‘)

233 350 618 420 evangelizare.
654 374 670 404 ι
709 355 823 409 Non
887 357 1166 425 uSurpavit
1223 356 1428 412 minora
1477 357 1676 422 facere,
1704 359 1794 426 qui
1828 365 1873 422 Α
1904 356 2128 412 Multum
2155 373 2310 412 suam
2361 353 2664 410 doctrinam
2703 351 2770 406 ab
2819 349 3028 404 illorum
3057 362 3216 403 sensu
3251 347 3462 404 discre-

236 452 442 513 poterat
475 444 647 498 ofﬁcia
675 445 902 516 implere
955 448 1180 516 majora.
1222 448 1372 503 Sicut
1411 447 1570 503 hodie
1599 459 1653 502 et
1680 449 1796 516 epi-

234 548 431 602 scopus
486 537 568 589 vel
609 539 886 600 sacerdos,
913 539 956 592 si
1023 539 1273 604 voluerit,
1335 539 1549 593 diaconi
1599 539 1796 608 poterit

236 624 460 694 implere
507 627 887 684 ministerium.

316 733 336 766 ι
373 714 490 769 Non
527 719 578 770 in
609 719 874 787 sapientia
906 722 1074 776 verbi.
1114 737 1132 774 ι
1171 721 1303 776 Cum
1333 722 1544 791 possint
1567 722 1796 792 apostoli

231 807 394 860 etiam
447 823 729 864 sermones
781 814 1062 880 sapientiae
1106 814 1400 882 praedicare
1435 831 1451 871 :
1482 814 1798 884 simpliciter

233 898 450 960 docent,
480 913 548 954 ne
571 900 785 955 astutiae
815 903 1216 970 prtedicetionis
1233 903 1538 958 ascribatrrr
1563 906 1798 974 pruden-

232 989 326 1054 tia,
349 997 397 1040 el
422 999 715 1044 evacrretur
739 1007 868 1048 crux
901 991 1127 1048 Christi.

304 1097 326 1132 ι
367 1077 438 1134 Ut
485 1095 591 1134 non
646 1091 943 1138 evacuetur
997 1099 1130 1140 crux
1191 1085 1414 1142 Christi.
1460 1105 1479 1138 ι
1522 1087 1802 1142 Evacuant

230 1171 373 1226 enim
399 1171 506 1226 vim
543 1175 740 1238 crucis,
768 1176 858 1244 qui
911 1191 1071 1232 aures
1128 1179 1516 1233 declamatione
1563 1177 1806 1246 permul-

205 1301 210 1306 ς
230 1272 376 1318 cent.

304 1374 326 1409 α
363 1355 595 1413 Verbum
625 1361 768 1415 enim
807 1362 989 1416 crucis
1021 1363 1370 1432 pereuntibus
1413 1361 1632 1431 quidem
1663 1359 1803 1414 strii-

232 1447 348 1501 titia
404 1459 507 1504 est.
542 1467 562 1502 ι
603 1450 917 1506 Praedicatio
971 1457 1150 1508 crucis
1209 1471 1316 1508 non
1372 1452 1799 1523 intelligentibus

230 1539 481 1594 virtutem
503 1539 619 1606 Dei,
646 1543 873 1596 stultitia
903 1545 1115 1597 videtur
1144 1543 1234 1599 Dei
1261 1544 1460 1600 Filium
1479 1545 1657 1598 dicere
1679 1558 1802 1597 errr-

229 1629 446 1684 ciﬁxum
480 1647 495 1686 :
527 1631 710 1688 ﬁdeles
747 1641 926 1689 autem
983 1635 1288 1706 intelligunt
1339 1636 1432 1690 Dei
1467 1649 1588 1690 esse
1635 1636 1802 1688 virtu-

1903 463 2032 517 pare
2064 449 2417 502 demonstrat.

1978 557 1998 590 ο
2037 538 2234 592 Judteis
2264 539 2478 607 quidem
2511 536 2843 590 scandalum.
2875 553 2892 586 ι
2924 533 3376 588 Scarrdaiizantur
3417 534 3460 586 si

1903 631 2130 684 anditrnt
2151 631 2424 684 Christum
2467 645 2494 681 a
2528 644 2586 682 se
2613 629 2953 682 cruciﬁxum.
2993 625 3117 680 Sive
3143 626 3460 680 scandalum

1903 723 2008 778 illis
2029 734 2106 778 εει
2139 723 2324 776 audire
2363 722 2631 778 Christum
2677 723 2812 775 mori
2867 721 3127 789 potuisse,
3174 735 3330 788 quem
3389 720 3465 774 illi

1902 816 2056 882 qtrasi
2101 814 2457 868 immortalem
2501 821 2834 882 exspectant.
2861 812 2989 866 In-zle
3019 813 3282 881 est,quod
3310 811 3464 865 dice-

1904 907 2068 960 hant:
2108 904 2220 958 Nos
2247 907 2546 960 audivimus
2580 921 2643 958 ea:
2689 905 2820 973 lege,
2853 906 2978 974 quia
3013 903 3252 959 Christus
3297 914 3466 957 manet

1904 998 1956 1049 in
1997 1007 2245 1050 attentum
2273 995 2454 1064 (Joart.
2489 997 2695 1062 xrt,54)
2727 1013 2740 1048 :
2781 1011 2884 1052 non
2925 997 3304 1063 intelligentes,
3339 999 3464 1066 quia

1905 1088 2136 1157 primum
2163 1089 2274 1156 pali
2295 1087 2441 1141 illum
2465 1089 2768 1156 oportebat,
2795 1099 2844 1144 et
2866 1089 2944 1143 sic
2971 1088 3027 1142 in
3057 1088 3280 1158 gloriam
3312 1103 3466 1144 Suam

1905 1179 2154 1232 Introire.
3069 1177 3080 1185 ’

1981 1287 1999 1319 i
2037 1268 2299 1324 Gentibus
2335 1279 2512 1323 autem
2563 1270 2872 1324 stultitiam.
2911 1291 2930 1322 ι
2968 1270 3274 1326 Secundum
3309 1287 3470 1327 mnu-

1905 1361 2101 1415 dananr
2137 1361 2483 1431 sapientiam,
2518 1362 2747 1417 stultitia
2783 1363 2995 1418 videtur
3037 1362 3199 1417 Deum
3243 1368 3468 1420 credere

1907 1452 2246 1508 cruciﬁxum.

1981 1543 2165 1612 «Ipsis
2211 1551 2394 1597 autem
2464 1546 2694 1612 vocatis,
2761 1543 2958 1599 Judwis
3024 1554 3185 1614 atque
3248 1544 3472 1610 Graecis.

1904 1634 2182 1690 Christum
2221 1634 2312 1688 Dei
2369 1635 2640 1701 virtutem,
2692 1646 2744 1689 et
2801 1636 2892 1689 Dei
2941 1638 3287 1703 sapientiam.
3322 1658 3340 1691 ι
3374 1640 3472 1691 Hic

233 1730 364 1786 tem,
389 1736 494 1791 qua
527 1739 672 1779 rrrors
704 1726 813 1778 vita
847 1737 950 1789 est,
981 1737 1037 1778 et
1070 1726 1319 1781 diabolus
1345 1735 1633 1796 superatus
1659 1738 1761 1780 est.
1836 1713 1876 1767 Β
1910 1743 2011 1781 non
2045 1727 2382 1782 divinitatem
2413 1727 2644 1794 Christi,
2688 1731 2819 1784 dicit
2851 1728 2945 1784 Dei
2997 1729 3250 1784 virtutem
3285 1737 3338 1784 et
3387 1747 3476 1784 sa-

311 1831 331 1860 ι
365 1812 456 1868 His
484 1824 666 1869 autem
694 1815 786 1884 qui
819 1819 954 1872 salvi
989 1821 1140 1877 liunt,
1175 1818 1226 1872 id
1251 1827 1334 1872 est
1364 1817 1539 1882 nobis,
1573 1816 1666 1870 Dei
1693 1816 1802 1869 vir-

231 1914 318 1956 tus
348 1913 448 1959 est.
482 1923 500 1956 ι
530 1905 691 1961 Fides
721 1907 864 1962 enim
901 1924 1088 1963 eorum
1120 1925 1214 1964 eos
1271 1909 1450 1964 salvos
1477 1907 1628 1963 facit.

307 2011 326 2042 ς
369 1993 642 2063 Scriptum
701 2005 787 2051 est
839 1997 982 2050 enim
1027 1997 1301 2050 :Perdarn
1351 1995 1665 2065 sapientiam
1720 2008 1806 2048 sa-

233 2086 515 2154 pientium.
553 2104 572 2138 ι
606 2087 718 2142 Hoc
747 2089 798 2142 in
823 2089 1056 2142 adventu
1082 2088 1383 2143 Salvatoris
1405 2089 1603 2144 asserit
1632 2086 1804 2142 adirn-
1856 2125 1858 2127 μ

195 2197 202 2200 ·
233 2178 457 2246 pictum,
481 2177 534 2232 id
556 2189 657 2243 est,
681 2179 750 2233 ad
774 2179 996 2233 nihilum
1055 2182 1312 2249 redigam.

315 2289 337 2322 ι
386 2269 452 2323 Ει
482 2270 823 2356 prudentiam
882 2273 1226 2342 prudentium
1279 2271 1599 2340 reprohabo.
1640 2290 1658 2324 ι
1695 2271 1805 2326 Eli-

233 2365 410 2436 gendo
439 2362 761 2430 piscatores,
791 2373 962 2417 artem
996 2363 1321 2417 rhetoricam
1381 2375 1434 2417 et
1471 2363 1806 2433 philosophi-

234 2472 356 2510 carn
389 2457 722 2524 reprobavit.
750 2457 1023 2522 Quaaritur
1045 2457 1222 2526 plane,
1258 2458 1397 2510 unde
1431 2459 1498 2511 sit
1555 2459 1668 2511 inec
1722 2472 1828 2530 sa-_

235 2550 462 2615 pientia,
504 2563 664 2615 quam
715 2552 965 2616 reprobat
1015 2547 1180 2617 Dens.
1223 2549 1488 2614 Scriptum
1523 2561 1598 2601 est
1650 2551 1805 2611 enim,

233 2644 373 2710 quod
400 2644 567 2695 omnis
596 2643 855 2709 rapientia
880 2660 910 2695 a
943 2641 1162 2696 Domino
1199 2639 1304 2698 Deo
1332 2643 1398 2694 sit
1432 2641 1619 2712 (Eccii.
1652 2658 1687 2706 r,
1719 2643 1805 2710 i):

239 2729 416 2796 idest,
451 2734 514 2786 de
565 2733 707 2786 bona
741 2742 933 2785 natura
981 2733 1131 2785 ducit
1171 2732 1478 2785 exordium.
1511 2730 1627 2786 Hoc
1665 2747 1826 2784 enim

236 2826 399 2878 habet
447 2839 642 2879 sensus
672 2825 960 2891 humanus,
997 2832 1055 2878 ut
1105 2837 1429 2893 qnownqne
1463 2837 1586 2877 eum
1638 2830 1813 2876 lett-ri~

235 2915 405 2979 detis,
428 2925 810 2985 consequatur,
829 2926 879 2969 et
913 2915 1166 2980 paulatim
1201 2915 1507 2968 meditando
1540 2915 1808 2984 proﬁciat.

237 3009 366 3063 Inde
403 3017 510 3073 est,
542 3011 685 3076 qrrod
719 3009 871 3062 mtrlti
907 3008 1171 3062 illitterati
1203 3016 1448 3076 poemata
1483 3016 1812 3074 componunt

237 3113 346 3153 tam
378 3100 673 3169 exquisita,
722 3113 840 3168 quae
888 3099 988 3152 viri
1050 3096 1402 3152 eruditissimi
1453 3095 1804 3149 admirentur.

235 3192 394 3248 Hunc
425 3207 556 3263 ergo
585 3207 830 3253 sensum,
854 3206 1011 3260 quem
1048 3191 1187 3245 Deus
1245 3191 1308 3243 ad
1359 3203 1417 3244 se
1447 3203 1511 3243 ex
1547 3187 1812 3242 creaturis

231 3283 777 3354 wgnoscendum,et
837 3296 990 3337 suam
1045 3281 1376 3334 voluntatem
1435 3279 1810 3348 inquirendam

233 3376 461 3436 dederat
497 3390 512 3428 :
544 3373 621 3428 illi
650 3375 719 3428 ad
746 3373 1063 3444 inquirenda
1093 3369 1361 3440 superﬂua
1381 3380 1433 3424 et
1461 3370 1670 3424 curiosa
1690 3378 1810 3424 vcr-

231 3478 446 3522 terunt.
475 3465 742 3521 Similiter
788 3473 856 3520 de
901 3464 1119 3520 divitiis.
1160 3477 1224 3518 ac
1285 3461 1624 3525 fortitudine,
1659 3471 1711 3515 et
1745 3460 1812 3514 de

232 3560 494 3614 omnibus
527 3556 723 3625 quibus
754 3556 894 3610 male
917 3556 1137 3621 utimur,
1161 3566 1447 3623 possumus
1471 3552 1810 3606 existimare.

310 3668 330 3703 ι
373 3648 475 3704 Ubi
508 3651 745 3718 sapiens.
781 3648 867 3702 tibi
899 3645 1112 3701 scriba?
1145 3663 1164 3697 ι
1208 3644 1261 3698 Id
1293 3654 1377 3699 est
1399 3644 1610 3698 doctor.

316 3760 335 3792 ι
374 3739 478 3795 Ubi
513 3740 799 3808 inquisitor
829 3739 988 3804 hujus
1012 3737 1192 3790 saeculi
1215 3736 1238 3788 τ
1265 3733 1456 3789 Nonne
1485 3733 1706 3789 stultam
1743 3733 1819 3788 ie-

239 3833 319 3887 cit
353 3832 496 3886 Deus
535 3832 850 3900 sapientiam
887 3830 1052 3898 hujus
1087 3827 1320 3882 mundi?
1362 3845 1381 3877 ›
1418 3826 1520 3892 Qui
1582 3825 1818 3894 acquirit

233 3924 562 3992 sapientiam
595 3920 1036 3984 saecularem,vel
1064 3921 1376 3988 quicunque
1409 3919 1530 3976 alis
1561 3919 1638 3972 de.
1656 3919 1816 3972 rebus

235 4018 500 4075 obscuris
525 4015 764 4084 inquirit.

321 4129 342 4163 ε
381 4109 515 4162 Nam
547 4109 672 4176 quia
710 4107 766 4160 in
797 4106 888 4160 Dei
924 4106 1189 4176 sapientia
1226 4120 1332 4158 non
1369 4102 1623 4172 cognovit
1657 4115 1817 4155 mun-

231 4205 344 4258 dus
399 4217 494 4270 per
523 4201 843 4269 sapientiam
901 4196 1094 4252 Deum.
1137 4215 1156 4247 ι
1195 4195 1426 4252 Factura
1472 4193 1680 4256 mutrdi,
1725 4193 1816 4246 Dei

233 4293 509 4363 sapientia
548 4301 632 4344 est
665 4289 928 4343 fabricata
957 4306 971 4342 :
1002 4288 1057 4340 in
1098 4302 1200 4356 qua
1247 4302 1342 4355 per
1365 4287 1689 4353 sapientiam
1720 4298 1819 4337 na-

1908 1820 2194 1888 pientiarn,
2255 1815 2348 1874 sed
2383 1819 2783 1875 ordinationem
2837 1823 3036 1877 crucis.
3084 1819 3214 1876 ltctn
3266 1821 3468 1876 aliter:

1907 1911 2012 1982 ipsi
2060 1910 2232 1966 Judaei
2287 1923 2342 1967 et
2386 1921 2576 1981 gentes
2605 1925 2727 1968 cum
2762 1914 3110 1979 crediderint,
3167 1915 3476 1983 intelligant

1909 2001 2163 2055 virtutem
2203 1999 2298 2056 Dei
2355 2017 2496 2067 esse,
2550 2013 2668 2070 qua!
2706 2002 2916 2056 devicta
2973 2012 3146 2057 πηοί-ιε
3204 2005 3474 2058 hominem

1911 2094 2187 2147 revocavit
2213 2092 2278 2146 ad
2312 2093 2498 2157 vitam,
2531 2103 2584 2146 et
2613 2093 2933 2160 sapientiam
2958 2109 3076 2162 qua:
3113 2111 3208 2148 nos
3236 2110 3264 2146 a
3302 2097 3371 2150 do
3395 2098 3478 2150 ri-

1911 2186 2129 2240 natione
2160 2186 2357 2240 diaboli
2400 2186 2667 2249 liberavit,
2711 2186 2855 2255 quod
2888 2196 3014 2241 ante
3043 2203 3139 2258 per
3186 2189 3477 2244 increduli-

1912 2286 2072 2331 tatem
2109 2277 2408 2347 intelligere
2439 2293 2544 2332 non
2576 2276 2846 2333 valebant.

1988 2389 2006 2421 ι
2049 2370 2182 2435 Quia
2217 2371 2357 2439 quod
2392 2370 2619 2425 stuitunr
2648 2381 2729 2425 est
2763 2371 2881 2432 Dei.
2928 2371 3228 2440 sapientius
3258 2382 3342 2428 est
3381 2374 3479 2428 ho-

1911 2459 2174 2514 minibus.
2197 2476 2214 2508 ν
2233 2457 2382 2522 Quod
2403 2459 2628 2512 stultum
2663 2467 2881 2527 putatur
2905 2459 3018 2522 Dei,
3042 2476 3255 2515 omnem
3289 2464 3481 2517 huma-

1914 2566 2035 2603 nam
2099 2551 2422 2620 sapientiam
2487 2547 2760 2606 an‘tecedit
2803 2567 2821 2608 :
2862 2555 2988 2621 quia
3055 2553 3322 2623 sapientia
3378 2568 3478 2608 sua

1914 2641 2130 2694 liberari
2183 2655 2289 2694 non
2326 2647 2636 2709 potuerant,
2669 2641 2763 2712 qui
2794 2656 2890 2711 per
2938 2643 3116 2698 crucis
3164 2644 3482 2712 mysterium

1884 2745 1889 2750 '
1913 2741 2038 2785 sunt
2073 2733 2285 2786 salvati.

1991 2846 2006 2874 ι
2050 2825 2282 2896 thuod
2323 2827 2594 2881 inﬁrmum
2621 2839 2703 2882 est
2737 2827 2850 2891 Dei,
2881 2819 3070 2880 fortius
3127 2837 3210 2880 est
3252 2827 3485 2885 homini-

1913 2917 2036 2971 bus.
2083 2936 2100 2968 ι
2138 2917 2361 2971 Mortem
2417 2929 2576 2987 quam
2621 2933 2720 2972 nec
2750 2919 2994 2988 gigantes
3028 2919 3262 2973 evadere
3292 2929 3483 2988 potue-

1919 3017 2062 3068 rrrnt,
2097 3007 2341 3060 cruciliti
2377 3008 2662 3061 intlrrnitas
2688 3007 2984 3074 superavit.

1991 3117 2008 3147 i
2052 3096 2244 3152 Videte
2291 3099 2434 3152 enim
2493 3100 2831 3154 vocationem
2896 3110 3155 3162 vestram,
3197 3100 3422 3160 fratres.
3453 3119 3475 3156 ι

1917 3187 2232 3257 Exemplum
2263 3192 2470 3258 accepit
2502 3204 2563 3242 ex
2588 3188 2673 3242 his
2705 3189 2792 3258 qui
2827 3190 3194 3254 crediderant,
3227 3202 3486 3249 utosten-

1916 3279 2024 3340 dat,
2065 3278 2189 3348 quia
2225 3294 2332 3334 non
2365 3278 2583 3349 prodest
2635 3280 2886 3349 gloriatio
2916 3283 3152 3335 carnalis
3197 3283 3261 3336 ad
3295 3283 3477 3348 ﬁdem,

1915 3373 2008 3424 sed
2043 3371 2216 3439 magis
2243 3371 2419 3436 obest,
2455 3373 2604 3435 dum,
2638 3370 2886 3440 superbia
2920 3372 3204 3440 sapientia:
3233 3381 3288 3426 et
3336 3375 3489 3430 nobi-

1917 3463 2085 3516 litatis
2111 3463 2304 3526 inﬂati,
2335 3463 2580 3517 homines
2615 3464 2705 3516 Dei
2737 3461 3015 3530 sapientia:
3069 3466 3352 3532 sulvjacerc
3389 3480 3487 3521 noc-

1917 3554 2157 3608 inerunt.
2971 3566 2980 3573 '

1993 3662 2010 3694 ι
2053 3642 2186 3710 Quia
2224 3659 2326 3700 non
2367 3645 2521 3699 multi
2552 3644 2827 3714 sapientes
2875 3644 3170 3700 secundum
3205 3659 3427 3699 carnem
3465 3659 3483 3709 ;

1919 3753 2024 3789 non
2059 3735 2211 3789 multi
2247 3741 2516 3804 potentes,
2547 3749 2649 3790 non
2693 3735 2846 3790 rmrlti
2879 3735 3108 3789 nobiles.
3149 3752 3166 3784 ι
3225 3733 3318 3786 llic
3349 3750 3485 3789 con-

1918 3839 1998 3882 tra
2025 3827 2146 3899 illos
2182 3825 2290 3897 agit
2313 3827 2550 3895 oblique,
2576 3828 2665 3895 qui
2697 3841 2756 3881 se
2781 3826 2916 3896 legis
2953 3826 3178 3896 peritos,
3212 3835 3267 3879 et
3293 3825 3487 3881 [οι-εἰο-

1922 3931 2008 3974 res
2054 3916 2338 3988 apostolis,
2372 3928 2426 3971 et
2481 3917 2779 3972 nobiliores
2819 3933 2885 3972 ex
2943 3918 3270 3974 sacerdotali
3310 3921 3481 3990 stirpe

1920 4011 2253 4074 descendere
2279 4009 2581 4079 iaetabaat.

1997 4122 2014 4155 ς
2057 4103 2159 4159 Sed
2211 4118 2330 4172 quae
2381 4103 2541 4157 stulta
2593 4113 2721 4157 sunt
2774 4104 2961 4158 rnuudi
3014 4104 3174 4174 elegit
3228 4102 3388 4171 Deus,
3426 4115 3487 4159 ut

1919 4192 2210 4247 Confundet
2241 4193 2533 4261 sapientes,
2565 4201 2618 4247 et
2651 4191 2864 4248 inﬁrma
2903 4195 3084 4249 mundi
3119 4195 3280 4262 elegit
3320 4194 3485 4264 Deus,

1923 4293 1984 4338 ut
2019 4283 2314 4338 confundat
2365 4283 2528 4340 fortia
2562 4301 2576 4338 :
2611 4296 2665 4339 et
2691 4279 2969 4354 ignobilia
3028 4288 3236 4352 mundi,
3270 4293 3324 4342 et
3350 4302 3486 4342 con-

231 4385 494 4449 turalem,
523 4399 642 4452 qua:
675 4381 740 4435 ad
779 4382 881 4436 hoc
917 4381 1040 4434 data
1095 4389 1148 4434 et
1183 4388 1362 4432 creata
1401 4377 1600 4441 fuerat,
1625 4376 1812 4430 debuit
1837 4385 1892 4447 ι)
1921 4376 2240 4444 temptibilia
2277 4377 2438 4448 elegit
2473 4377 2636 4432 Dens.
2674 4397 2692 4430 ι
2731 4377 2868 4443 Quia
2900 4378 3027 4432 dum
3063 4380 3116 4432 in
3171 4379 3487 4449 semetipsis

230 4478 499 4549 cognosci
545 4479 655 4544 ipse
681 4477 773 4545 qui
800 4475 998 4528 ficerat
1030 4489 1044 4525 :
1077 4472 1172 4526 sed
1203 4469 1459 4540 quoniam
1509 4484 1618 4522 non
1649 4481 1816 4534 agno-

233 4578 441 4625 verunt
494 4567 766 4630 homines,
799 4565 902 4620 alia
969 4563 1075 4618 illis
1133 4562 1400 4616 medicina
1453 4561 1810 4614 succurritur.

231 4659 376 4714 Item
409 4659 566 4711 aliter
599 4674 612 4711 :
649 4657 761 4710 l-loc
809 4657 930 4710 loco
964 4652 1290 4722 sapientiam
1324 4650 1440 4715 Dei,
1472 4649 1816 4704 ordinatione

229 4761 645 4811 creaturarum,
704 4761 823 4815 qua:
870 4747 1143 4810 videntur,
1188 4739 1427 4797 osten'dit
1459 4754 1564 4794 :ex
1619 4741 1816 4808 quibus

232 4844 416 4896 Deum
451 4850 730 4894 auctorem
759 4836 1002 4892 venerari
1033 4846 1088 4890 et
1133 4847 1430 4904 agnoscere
1453 4833 1782 4886 debuerunt.

317 4953 340 4986 ι
375 4933 584 4987 Placuit
608 4933 717 4986 Deo
742 4946 838 5001 per
864 4929 1147 4984 stultitiam
1203 4925 1604 4996 pradicationis
1635 4925 1815 4977 salvos

221 5027 424 5081 facere
449 5026 749 5078 credentes.
785 5039 802 5073 ι
824 5019 942 5075 Non
973 5019 1113 5088 quod
1148 5033 1274 5072 vere
1321 5015 1550 5070 stultitia
1586 5015 1657 5068 sit
1679 5028 1816 5082 prte-

223 5118 446 5173 dicatio
474 5117 684 5179 crucis,
729 5116 822 5169 sed
852 5114 976 5182 quia
1015 5111 1156 5179 aprrd
1181 5110 1306 5162 illos
1331 5109 1401 5161 ita
1437 5107 1748 5160 haberetur.

313 5230 341 5261 σ
375 5207 640 5275 Quoniam
666 5219 720 5260 et
748 5203 916 5259 Judaei
946 5203 1097 5270 signa
1123 5208 1330 5270 petunt.
1357 5215 1376 5249 ι
1407 5195 1579 5252 Judiei
1597 5210 1665 5249 ex
1690 5208 1820 5249 con-

217 5301 529 5358 suetudine
569 5301 948 5368 prophetarum
977 5296 1128 5366 signa
1157 5300 1366 5364 petunt,
1393 5305 1514 5361 quae
1536 5289 1700 5344 etiam
1731 5288 1814 5342 vi-

215 5401 436 5450 dentes
470 5392 696 5446 credere
723 5390 1038 5446 noluerunt.

313 5501 337 5534 ι
373 5485 438 5538 Et
463 5483 636 5540 Graeci
667 5482 987 5552 sapientiam
1013 5490 1284 5551 quaerunt.
1337 5496 1355 5529 ι
1394 5475 1542 5530 Artis
1568 5473 1816 5529 dialecti-

213 5595 316 5633 ca:
337 5589 392 5628 et
424 5577 668 5632 humane
695 5575 974 5645 sapientia:
1003 5573 1291 5628 rationem.

319 5685 343 5719 ε
374 5665 486 5722 Nos
520 5679 698 5723 autent
728 5666 1086 5736 pradicamus
1109 5665 1383 5720 Christum
1417 5661 1759 5718 cruciﬁxum.
1791 5680 1809 5712 ι

1920 4483 2029 4520 non
2097 4466 2473 4532 c'oniidebant,
2535 4469 2772 4523 celerius
2832 4469 3202 4524 crediderunt.
3265 4471 3489 4540 Semper

1917 4558 2060 4610 enim
2113 4558 2462 4626 sapientium,
2511 4565 2565 4611 et
2619 4558 2874 4623 divitum,
2930 4568 2983 4612 et
3046 4559 3268 4612 fortium
3315 4559 3490 4630 gloria

1919 4649 2256 4716 ittcrrpatur,
2312 4649 2454 4701 sicut
2485 4647 2566 4702 ait
2599 4651 2861 4718 prepireta
2898 4665 2913 4703 :
2947 4646 3068 4702 Non
3099 4649 3359 4715 glorietur
3390 4666 3486 4705 aa-

1915 4742 2059 4807 piens
2113 4740 2166 4793 in
2217 4739 2476 4808 sapientia
2508 4759 2633 4808 sua,
2671 4758 2832 4811 neque
2881 4743 3037 4810 fortis
3085 4743 3136 4794 irt
3167 4741 3491 4811 fortitudine

1917 4849 2032 4891 tua.
2074 4849 2233 4898 neque
2259 4835 2400 4888 dives
2438 4835 2491 4887 in
2520 4835 2716 4908 divitiis
2742 4835 2854 4889 suis
2885 4834 3101 4904 (Jeretrt.
3135 4850 3212 4895 rx,
3239 4833 3330 4902 23)
3359 4850 3372 4886 ;
3396 4834 3489 4889 sed

1921 4925 2036 4992 ipse
2072 4923 2334 4978 Dominus
2387 4925 2531 4994 quod
2568 4909 2661 4994 per
2721 4927 3040 4995 prophetam
3093 4926 3327 4986 dixerat,
3371 4924 3490 4994 ipse

1921 5014 1986 5066 ad
2021 5024 2266 5068 nostrum
2295 5015 2590 5086 complevit
2635 5016 2972 5086 exemplum.
3025 5012 3316 5070 Naseendo
3345 5017 3488 5069 enim

1919 5107 1986 5158 de
2017 5115 2188 5160 matre
2234 5117 2489 5178 paupere,
2515 5107 2747 5164 divitias
2777 5107 3116 5178 reprobavit.
3147 5105 3286 5162 Dum
3310 5117 3488 5162 autem

1921 5197 2129 5250 litteras
2177 5213 2285 5252 non
2331 5199 2515 5263 discit,
2559 5198 2756 5255 refutat
2797 5199 3120 5269 sapientiam
3149 5199 3485 5258 sacularem.

1919 5291 2056 5346 Cum
2086 5305 2216 5346 vero
2259 5292 2490 5348 traditus
2511 5307 2617 5348 non
2648 5292 2875 5358 resistit,
2901 5291 2997 5348 sed
3025 5291 3296 5358 patienter
3327 5291 3494 5346 susti-

1922 5394 2012 5438 net
2047 5400 2286 5447 (rncem,
2335 5385 2388 5439 in
2420 5385 2660 5440 humana
2707 5383 3031 5440 fortitudine
3095 5383 3344 5452 prohibet
3373 5382 3492 5452 glo-

1921 5476 2072 5531 riari.
2113 5474 2409 5530 iiuniilient
2441 5491 2570 5546 ergo
2601 5491 2660 5531 se
2708 5464 2815 5529 Deo
2856 5472 3190 5544 hujusmodi,
3225 5471 3268 5526 si
3301 5472 3495 5527 volunt

1921 5581 1976 5624 et
2013 5570 2112 5640 ipsi
2146 5583 2268 5624 eum
2303 5571 2515 5624 ueteris
2552 5569 2796 5624 liberari.

1996 5681 2012 5712 i
2052 5659 2114 5715 Et
2152 5677 2212 5716 ea
2242 5676 2362 5731 qum
2405 5678 2508 5718 rtorr
2553 5670 2702 5728 sunt,
2731 5670 2793 5716 ut
2824 5676 2886 5717 ea
2931 5675 3052 5730 quae
3081 5667 3206 5715 sunt
3233 5656 3495 5712 destrua-
