3946 6206
507 251 610 314 751

505 376 612 421 ret.
651 382 670 418 ι
707 362 838 431 Quae
888 376 994 416 non
1028 368 1155 413 sunt
1189 357 1475 430 sapientia,
1520 357 1708 425 fortia,
1733 356 1932 412 nobilia
1962 373 1976 421 ;
2014 364 2073 411 ut
2102 344 2144 419 Α

503 469 628 529 quae
647 461 777 509 sunt
802 451 927 505 talia
960 449 1269 518 dissiparet.

579 565 599 600 ι
636 544 705 601 Ut
756 557 864 597 non
922 540 1184 611 glorietur
1240 541 1418 596 omnis
1472 554 1603 595 caro
1663 541 1715 594 in
1765 547 2063 611 conSpectu

504 638 649 707 ejus.
683 652 702 687 s
736 634 926 690 Omnis
958 646 1107 699 caro,
1132 646 1238 686 non
1269 632 1495 701 spiritus
1528 648 1543 685 :
1575 632 1700 701 quia
1730 630 1963 685 carnalis
1987 637 2071 685 est

504 730 608 785 ista
634 725 904 797 gloriatio.

578 837 597 871 ι
637 819 718 875 Ex
752 818 868 887 ipso
899 826 1079 873 autem
1123 831 1221 872 vos
1249 816 1382 872 estis
1434 815 1486 869 in
1523 815 1741 871 Christo
1771 813 1921 869 Jesu.
1964 834 1981 867 ι
2015 812 2070 867 Si

503 924 631 981 ergo
662 923 727 964 ex
757 908 879 979 ipso
921 908 1075 973 estis,
1103 907 1269 978 nolite
1320 922 1384 962 ea
1418 921 1537 975 quae
1573 906 1660 961 ille
1696 904 1953 975 reprohat
1979 905 2078 957 ad-

504 1016 712 1057 intrari.

580 1116 599 1149 ι
631 1095 733 1163 Qui
788 1095 964 1150 lactus
994 1105 1077 1149 eat
1109 1095 1267 1150 nobis
1308 1095 1574 1164 sapientia
1609 1109 1636 1147 a
1669 1093 1798 1158 Deo,
1835 1100 1887 1145 et
1910 1089 2072 1158 justi.

505 1189 601 1243 tia.
643 1206 661 1238 ι
696 1186 862 1241 Nobis
900 1187 1075 1241 factus
1110 1195 1214 1251 est,
1248 1186 1353 1241 sibi
1387 1201 1599 1253 semper
1643 1184 1744 1237 fuit
1784 1204 1796 1237 :
1829 1192 1890 1236 ut
1920 1180 2072 1235 scili-

506 1286 592 1333 cet
626 1294 725 1333 nos
778 1278 983 1332 faceret
1039 1280 1330 1345 sapientes,
1398 1277 1664 1346 etjustos,
1722 1284 1777 1329 et
1830 1280 2070 1327 sanctos.

502 1370 630 1423 item
693 1369 796 1421 alia
850 1368 1115 1434 expositio
1145 1366 1315 1422 :Cum
1348 1366 1420 1419 sit
1457 1366 1705 1420 Christus
1755 1363 1850 1417 Dei
1889 1361 2070 1415 Patris

503 1454 793 1521 sapientia,
828 1462 961 1506 tunc
991 1463 1170 1506 tamen
1224 1467 1345 1505 cum
1379 1453 1499 1521 quis
1550 1453 1601 1506 in
1638 1452 1789 1506 illum
1825 1449 2072 1506 credide-

503 1547 593 1612 rit,
638 1544 903 1613 sapientia
936 1544 985 1597 ei
1024 1542 1274 1598 Christus
1305 1543 1558 1598 edicitur.

578 1656 597 1689 ε
636 1637 700 1691 Et
742 1635 1103 1690 sanctiﬁcatio
1152 1642 1206 1689 et
1269 1635 1597 1705 redemptio.
1660 1654 1697 1715 ιΙ
1738 1630 2069 1700 Redemptio

507 1735 710 1781 nostra:
746 1726 955 1783 salutis.

582 1834 601 1868 ι
637 1814 707 1870 Ut
743 1814 1193 1884 quemadmodum
1245 1815 1505 1882 scriptum
1568 1821 1697 1870 est:
1733 1814 1838 1880 Qui
1871 1815 2075 1884 gloria-

509 1917 616 1972 tur,
647 1908 702 1960 in
730 1906 962 1959 Domino
991 1906 1276 1973 glorietur.
1318 1925 1335 1957 ›
1371 1903 1490 1958 Non
1543 1903 1597 1957 in
1629 1906 1949 1974 semetipso,
1980 1914 2075 1960 aut

508 1999 560 2051 in
594 1998 840 2066 superius
868 1997 1296 2065 comprehensis.

1119 2150 1347 2207 CAPUT
1380 2152 1445 2204 ll.

584 2278 603 2314 ι
643 2261 707 2316 Ει
732 2273 829 2329 ego
860 2274 982 2314 cum
1017 2259 1284 2313 venissem
1341 2261 1405 2312 ad
1447 2275 1562 2327 vos,
1616 2259 1835 2317 fratres.
1878 2282 1896 2315 ι
1935 2262 2074 2330 Quia

509 2352 824 2409 ostenderat
870 2367 976 2409 non
1021 2351 1140 2404 illos
1179 2351 1375 2404 debere
1421 2352 1711 2407 humanam
1746 2355 2072 2424 sapientiam

510 2443 789 2505 admirari,
823 2455 923 2494 suo
954 2455 1173 2509 quoque
1228 2441 1330 2494 hoc
1361 2443 1611 2511 exemplo
1642 2444 1950 2511 conﬁrmat,
2006 2462 2071 2502 eo

509 2533 654 2603 quod
708 2533 822 2601 ipse
866 2546 975 2585 non
1035 2546 1129 2600 per
1167 2530 1462 2584 humanam
1511 2533 1836 2601 sapientiam
1878 2538 2074 2605 prmdi-

510 2630 706 2677 casset.

585 2732 603 2765 ι
642 2710 761 2766 Non
790 2710 912 2765 veni
943 2724 1037 2779 per
1081 2710 1466 2764 sublimitatem
1518 2714 1784 2767 sermonis
1837 2725 1929 2769 aut
1985 2732 2071 2769 sa-

510 2803 746 2871 pientia),
794 2803 1122 2855 annuntians
1176 2801 1325 2856 vobis
1360 2803 1730 2857 testimonium
1781 2802 2003 2884 Christi.
2045 2824 2066 2858 ι

511 2893 669 2949 Nolui
702 2895 1067 2967 pompaticum
1104 2892 1429 2961 eloquentiae
1448 2893 1657 2963 jactare
1686 2909 1989 2950 sermonem
2018 2897 2070 2950 in

509 2984 893 3055 praedicatione
919 2982 1125 3037 divina.

583 3092 602 3127 ι
631 3073 745 3128 Non
780 3073 921 3126 enim
954 3071 1189 3138 judicavi
1228 3088 1312 3127 me
1358 3072 1499 3128 scire
1530 3075 1729 3146 aliquid
1768 3078 1909 3130 inter
1948 3094 2063 3144 vos,

507 3166 609 3222 nisi
640 3164 824 3219 Jesum
858 3165 1154 3218 Christum.
1193 3181 1212 3214 ι
1248 3162 1303 3216 Id
1333 3172 1436 3230 est,
1480 3180 1585 3219 ttOn
1639 3181 1758 3220 sum
1808 3169 2069 3236 gloriatus

504 3257 560 3312 in
591 3254 791 3323 aliquo,
827 3253 928 3307 nisi
966 3252 1019 3305 in
1044 3252 1284 3307 Christo.

581 3364 601 3398 ι
637 3343 705 3398 Ει
728 3345 871 3398 hunc
905 3342 1249 3397 cruciﬁxum.
1287 3360 1308 3396 s
1342 3342 1495 3411 Quod
1535 3346 1759 3402 stultum
1795 3348 1933 3417 apud
1970 3348 2069 3403 ho-

505 3437 679 3493 mines
708 3448 830 3490 esse
863 3434 1097 3488 videtur.

579 3545 600 3581 ι
638 3525 701 3581 Et
716 3540 815 3596 ego
838 3526 891 3579 in
914 3526 1249 3593 inﬁrmitate,
1271 3536 1320 3581 et
1344 3528 1555 3596 timore,
1572 3539 1627 3585 et
1653 3540 1884 3585 tremore
1901 3531 2071 3587 multo

503 3618 582 3674 lui
612 3619 752 3686 apud
778 3631 892 3672 vos.
930 3634 949 3668 ι
978 3615 1167 3686 Neque
1219 3619 1363 3673 enim
1411 3621 1516 3677 alio
1548 3622 1708 3676 modo
1742 3623 1908 3676 Deum
1941 3638 2071 3677 con-

501 3717 725 3767 venerat
773 3708 1053 3779 praedicari
1102 3727 1117 3766 :
1166 3725 1270 3766 non
1320 3710 1606 3781 jactantia,
1670 3728 1842 3783 neque
1893 3716 2065 3785 gloria

504 3798 734 3857 carnali.

578 3908 599 3944 s
634 3889 703 3945 Et
753 3906 937 3947 sermo
983 3906 1159 3954 meus,
1215 3902 1268 3946 et
1317 3893 1631 3963 praedicatio
1688 3911 1828 3950 mea.
1863 3918 1882 3948 ι
1922 3896 2067 3963 Quia

502 3981 773 4038 dialectici
827 3992 982 4037 erant
1011 3982 1299 4051 Corinthii,
1334 3986 1507 4040 noluit
1556 3989 1697 4058 apud
1732 3988 1851 4044 illos
1880 3989 2070 4059 dispu-

502 4071 705 4126 tatione
733 4072 834 4134 uti,
872 4086 940 4125 ne
990 4071 1093 4125 hoc
1131 4088 1347 4140 quoque
1371 4075 1475 4129 illis
1510 4091 1646 4130 nova
1680 4077 1859 4147 aliqua
1889 4082 2069 4149 philo-:

501 4159 689 4229 sophia
726 4162 1020 4227 videretur,
1051 4164 1143 4215 sed
1176 4164 1345 4232 magis
1378 4166 1484 4220 illis
1514 4167 1746 4222 virtutes
1800 4180 1853 4225 et
1899 4172 2065 4226 mira-

501 4250 624 4304 cula
645 4249 1061 4305 demonstravit.

578 4360 599 4394 s
635 4341 755 4397 Non
788 4343 844 4397 in
874 4343 1319 4413 persuasibilibus
1351 4325 1914 4421 humartze‘sapientia:
1948 4375 2065 4414 ver-
2098 4362 2141 4415 ι)

500 4434 609 4502 bis,
638 4435 731 4515 sed
777 4433 830 4488 in
861 4436 1170 4491 ostensione
1223 4437 1451 4507 spiritus
1503 4452 1558 4497 et
1592 4444 1831 4501 virtutis.
1875 4468 1895 4501 ι
1929 4452 2065 4517 Quia

498 4524 773 4581 rhetorica
798 4525 958 4580 habet
984 4524 1196 4583 colores
1220 4533 1600 4598 persuasorios
1654 4536 1705 4591 in
1736 4532 2067 4612 unaquaque

498 4615 749 4671 materia.

575 4723 599 4757 ι
642 4703 712 4761 Ut
742 4705 875 4763 ﬁdes
905 4719 1087 4765 vestra
1117 4726 1223 4767 non
1258 4713 1329 4770 sit
1359 4714 1411 4769 in
1450 4718 1718 4787 sapientia
1764 4721 2062 4791 hominum,

498 4796 597 4852 sed
625 4795 681 4851 in
704 4795 903 4852 virtute
931 4797 1052 4854 Dei.
1098 4819 1119 4854 ι
1154 4803 1428 4873 Sapientia
1462 4807 1693 4866 hominis
1724 4817 2063 4883 temporalis,

497 4883 568 4940 ad
591 4884 755 4941 breve
780 4887 1022 4955 prodest.
1061 4887 1240 4948 Virtus
1266 4903 1446 4950 autem
1481 4896 1598 4964 Dei,
1634 4907 1939 4969 utaeterna,
1975 4906 2067 4960 dat

491 4977 610 5033 sine
635 4977 741 5033 ﬁne
771 4978 1094 5047 protectum.

564 5086 588 5121 ε
626 5068 960 5138 Sapientiam
1001 5084 1179 5130 autem
1206 5075 1478 5147 loquimur
1529 5079 1673 5136 inter
1702 5085 1995 5154 perfectos.
2034 5106 2053 5139 ι

489 5157 569 5214 Ne
595 5162 794 5230 putetis
821 5172 874 5218 et
902 5179 999 5220 nos
1031 5167 1353 5236 sapientiam
1382 5187 1492 5227 non
1520 5173 1724 5231 habere
1751 5193 1766 5230 :
1796 5177 2060 5235 habemus

490 5250 754 5317 divinam,
784 5253 880 5308 sed
911 5269 1008 5310 vos
1034 5257 1142 5325 jam
1181 5270 1307 5315 tunc
1349 5276 1543 5331 capere
1576 5267 1797 5323 minime
1835 5280 2058 5340 potera-

491 5342 561 5396 tis
591 5357 606 5395 :
637 5356 758 5411 qua:
774 5343 885 5414 jam
919 5350 1265 5406 credentibus
1300 5354 1565 5422 aperitur.

557 5543 1034 5629 {Rescrihendum
1065 5552 1290 5629 omnino
1326 5564 1490 5629 estea
1546 5574 1644 5629 pro
1683 5571 1820 5629 erat,
1848 5566 1939 5621 cui
1970 5581 2056 5623 re-

484 5616 717 5682 spondet
773 5630 933 5686 neque
962 5619 1087 5676 ista.
1118 5624 1186 5679 At
1212 5628 1429 5693 quando
1456 5629 1528 5683 ita
1547 5616 2050 5707 'prazt‘erunt'vul'go

1432 245 1493 307 S.
1533 245 1977 306 IllERONYMi
2021 244 2341 305 OPERUM
2383 241 2778 303 MANTISSA.

3622 232 3729 296 752

2250 374 2268 407 ι
2312 354 2639 424 Sapientiam
2696 367 2825 408 vero
2890 366 2995 407 non
3062 350 3222 421 lmjus
3290 349 3490 413 saeculi,
3559 363 3739 413 neque

2173 444 2475 514 principum
2524 442 2682 511 hujus
2734 442 2936 510 saeculi,
2977 443 3067 511 qui
3124 443 3489 498 destruuntur.
3534 458 3553 492 ι
3613 438 3740 494 Sive

2173 550 2381 603 regum,
2436 533 2553 589 sive
2615 532 3081 602 philosophorum,
3112 534 3206 600 qui
3273 532 3324 585 in
3385 530 3486 585 hoc
3533 532 3740 587 saculo

2172 627 2461 695 primatum
2489 627 2765 693 sapientiae
2790 633 2972 680 tenere
3006 624 3287 679 videntur.
3330 622 3435 687 Qui
3488 637 3610 676 cum
3645 635 3738 676 sa-

2172 718 2374 789 pientia
2424 732 2519 771 sua
2579 732 2673 786 per
2732 725 2973 771 nostrum
3029 713 3383 784 Evangelium
3442 712 3735 768 destruun-

2173 823 2280 869 tur.

2251 924 2269 957 ι
2305 902 2409 959 Sed
2443 903 2714 971 loquimur
2752 902 2841 956 Dei
2869 901 3187 971 sapientiam
3220 901 3274 954 in
3300 902 3590 972 mysterio,
3623 916 3736 969 qua

2175 992 2490 1047 abscondita
2519 1001 2623 1045 est.
2659 1009 2678 1042 ι
2719 990 2773 1043 ln
2799 989 3094 1058 Evangelia
3116 1003 3133 1042 :
3156 987 3297 1055 quod
3333 986 3576 1041 continet
3609 989 3740 1039 nati-

2174 1084 2396 1138 vitatem
2429 1082 2656 1145 Christi,
2692 1081 3022 1151 passionem,
3053 1090 3109 1136 et
3142 1090 3339 1137 caetera

2252 1192 2271 1223 ι
2311 1174 2480 1239 Quam
2514 1171 2915 1240 przedestinavit
2957 1169 3100 1225 Deus
3131 1180 3258 1225 ante
3302 1171 3520 1225 saecula.
3565 1189 3586 1223 ι
3623 1169 3744 1226 Sive

2176 1262 2228 1317 in
2274 1263 2595 1332 praesentia,
2653 1262 2769 1316 sive
2820 1263 2872 1314 iu
2933 1262 3048 1331 lege
3095 1270 3221 1316 ante
3288 1270 3551 1330 tempora.
3594 1261 3742 1316 Multi

2173 1354 2318 1408 enim
2362 1354 2637 1423 prophetze
2692 1354 2979 1423 cupierunt
3036 1353 3243 1418 videre,
3307 1362 3361 1407 et
3427 1367 3531 1406 non
3603 1352 3742 1406 vide-

2176 1456 2321 1499 l‘llttl.

2251 1556 2270 1588 ι
2308 1537 2363 1593 In
2397 1539 2619 1609 gloriam
2669 1550 2937 1594 nostram.
2982 1558 3000 1591 ι
3034 1536 3138 1604 Qui
3193 1538 3470 1594 credimus
3496 1537 3741 1594 Christo.

2253 1642 2271 1675 ι
2307 1618 2478 1691 Quam
2506 1641 2667 1682 nemo
2700 1629 3001 1698 principum
3035 1628 3195 1696 hujus
3218 1627 3688 1695 sa‘culicomovit.
3720 1646 3740 1680 ι

2099 1703 2143 1762 Β
2172 1712 2394 1781 Pilatus,
2426 1716 2680 1787 Caiphas,
2715 1728 2777 1772 et
2800 1756 2807 1761 ρ
2832 1718 3033 1780 caeteri,
3064 1731 3292 1785 quorum
3345 1718 3510 1771 etiam
3579 1717 3737 1783 igno-

2179 1808 2351 1863 rantia
2405 1810 2699 1864 damnatur
2738 1827 2750 1863 :
2799 1811 2921 1876 quia
2968 1824 3073 1863 non
3124 1809 3425 1864 debuerant
3474 1810 3740 1876 ignorare.

2256 1916 2274 1948 ι
2314 1897 2370 1952 Si
2430 1901 2573 1954 enim
2635 1903 3053 1967 cognovissent,
3113 1914 3391 1968 nunquam
3456 1898 3741 1952 Dominum

2174 1989 2362 2061 gloriae
2417 1990 2713 2071 majestatis
2773 1992 3191 2055 cruciﬁxisseut.
3246 2009 3265 2041 ι
3316 1989 3430 2046 Hoc
3500 1991 3629 2043 loco
3683 1990 3741 2042 ad

2174 2076 2546 2132 defensionem
2579 2080 2817 2147 perversi
2860 2081 3147 2150 dogmatis,
3185 2083 3302 2134 dure
3356 2082 3595 2143 haereses
3620 2081 3745 2131 abuo

2175 2177 2385 2233 tuntur,
2433 2169 2749 2236 Apollinarii
2785 2171 2991 2225 scilicet
3024 2181 3077 2225 ct
3123 2170 3257 2224 Arii.
3294 2169 3432 2231 Una,
3472 2181 3526 2223 ut
3569 2170 3742 2239 perie-

2174 2268 2315 2313 ctam
2345 2261 2611 2327 assumpti
2647 2262 2886 2335 hominis
2916 2273 3162 2316 naturam
3194 2262 3439 2317 destruat
3469 2280 3485 2317 :
3521 2263 3652 2327 alia,
3693 2272 3746 2316 ut

2174 2348 2267 2402 Dei
2322 2347 2557 2404 Verbum
2628 2363 2837 2407 asserat
2888 2368 3009 2408 esse
3044 2354 3340 2421 passibile;
3375 2368 3555 2423 neque
3591 2352 3745 2410 erat|

2175 2440 2501 2510 intelligens,
2536 2444 2836 2512 majestatis
2877 2445 3165 2507 Dominum
3211 2449 3376 2499 etiam
3404 2455 3742 2514 assumptum

2175 2530 2443 2586 hominem
2478 2533 2680 2586 dietum
2720 2551 2734 2587 :
2769 2550 2946 2604 neque
2977 2535 3051 2589 ita
3102 2537 3302 2603 sciens,
3339 2552 3445 2590 non
3485 2536 3744 2590 divinita-

2173 2618 2264 2679 tis,
2298 2619 2389 2671 sed
2428 2618 2785 2674 humanitatis
2820 2624 3128 2693 passibilem
3154 2640 3275 2679 esse
3308 2639 3587 2685 naturam.
3618 2624 3742 2679 Item

2174 2711 2279 2765 alia
2312 2715 2578 2782 expositio
2613 2732 2626 2769 :
2677 2717 2936 2772 Dominus
2970 2719 3273 2789 majestatis
3303 2735 3470 2775 carne
3519 2721 3743 2789 patitur,
3834 2770 3853 2792 ,

2171 2819 2338 2857 carne
2365 2806 2720 2877 cruciﬁgitur,
2760 2824 2921 2862 carne
2955 2811 3198 2876 moritur,
3227 2811 3532 2873 substantia
3562 2822 3742 2867 autem

2171 2895 2386 2950 deitatis
2446 2899 2797 2966 impassibilis
2850 2911 2953 2954 est.
3006 2901 3074 2957 Et
3140 2903 3305 2957 simili
3360 2904 3526 2959 modo
3579 2906 3741 2959 etiam

2172 2988 2446 3051 apostolus
2473 2987 2662 3043 Petrus
2708 3002 2939 3045 testatur
2970 2992 3022 3046 in
3055 2992 3289 3061 Epistola
3332 3011 3426 3048 sua
3460 2995 3739 3050 Christqu

2170 3092 2269 3145 pro
2298 3079 2452 3134 nobis
2506 3081 2557 3134 in
2613 3098 2779 3138 carne
2825 3101 3069 3153 passum,
3103 3087 3338 3142 dicens:
3376 3087 3483 3152 Qui
3531 3102 3740 3155 peccato

2171 3180 2347 3223 nostra
2378 3173 2487 3239 ipse
2540 3177 2771 3240 portavit
2824 3177 2877 3231 in
2935 3195 3148 3247 corpore
3187 3195 3281 3233 suo
3334 3197 3495 3248 super
3544 3181 3742 3251 lignum

2171 3261 2225 3332 (I
2258 3263 2403 3317 Petr.
2435 3279 2497 3328 ιι,
2522 3265 2634 3335 24).
2676 3266 2805 3321 item
2838 3269 2943 3324 alio
2974 3270 3089 3327 loco
3125 3286 3140 3326 :
3171 3270 3381 3326 Chris'o
3402 3274 3573 3342 igitur
3591 3288 3744 3344 posse

2168 3355 2221 3415 in
2243 3370 2399 3418 carne
2415 3355 2465 3426 (1
2493 3357 2641 3425 Petr.
2670 3375 2745 3428 tv,
2776 3361 2856 3432 l).

2249 3483 2267 3521 ι
2305 3467 2457 3525 Sicut
2486 3471 2755 3540 scriptum
2778 3484 2886 3539 est,
2921 3478 3060 3546 quod
3097 3479 3286 3534 oculus
3310 3495 3420 3535 non
3457 3482 3622 3547 vidit,
3649 3497 3743 3537 nec

2173 3558 2322 3612 auris
2369 3562 2598 3625 audivit,
2652 3578 2752 3617 nec
2795 3566 2849 3619 in
2899 3582 2995 3621 cor
3038 3570 3276 3625 hominis
3303 3574 3579 3639 ascendit,
3629 3589 3744 3644 qn:

2169 3652 2497 3718 praeparavit
2534 3652 2671 3708 Deus
2704 3656 2786 3709 his
2834 3659 2926 3727 qui
2979 3660 3209 3729 diligunt
3259 3663 3434 3717 illum.
3480 3681 3499 3715 ι
3539 3664 3743 3719 Memo-

2172 3748 2412 3801 ratorum
2466 3744 2677 3800 scilicet
2696 3749 2998 3818 principum
3037 3766 3189 3807 mens
3249 3754 3363 3809 hac
3414 3754 3605 3810 videre
3638 3772 3742 3810 non

2168 3835 2362 3901 potuit,
2423 3836 2547 3902 quia
2601 3841 2824 3894 credere
2872 3842 3181 3897 uoluerunt.
3214 3844 3444 3909 Quidam
3477 3860 3614 3901 sane
3666 3848 3741 3900 tli~

2167 3933 2317 3985 cunt.
2352 3921 2550 3987 Oculus
2603 3943 2709 3995 non
2768 3930 2901 3985 vidit
2956 3933 3223 4003 virginem
3277 3935 3580 4004 peperisse,
3648 3952 3743 3991 nec

2169 4013 2316 4069 auris
2340 4016 2546 4071 audivit
2578 4033 2597 4074 :
2632 4018 2777 4073 Tum:
2789 4022 2931 4090 justi
2952 4025 3084 4076 sicut
3113 4024 3193 4078 sol
3218 4026 3495 4095 fulgebunt
3522 4027 3740 4098 (Matth.
3816 4016 3819 4017 ν

2169 4118 2289 4168 xm.
2320 4106 2438 4176 45).
2474 4107 2577 4172 Qui
2605 4111 2759 4166 habet
2793 4130 2972 4178 aures,
3008 4115 3204 4184 inquit,
3231 4119 3507 4182 audiendi,
3552 4120 3741 4173 audiat

2167 4195 2383 4265 (Matth.
2413 4215 2488 4261 si.
2523 4202 2611 4269 15)
2648 4218 2665 4271 ;
2695 4214 2750 4259 et
2809 4206 2862 4259 in
2916 4223 3011 4269 ροι-
3071 4210 3308 4266 hominis
3342 4226 3455 4271 non
3490 4217 3743 4269 ascendo

2168 4288 2414 4353 homines
2451 4292 2759 4349 cohaaredes
2824 4297 3044 4353 Christo
3106 4298 3341 4356 futuros.

2246 4420 2268 4455 ι
2300 4401 2463 4461 Nobis
2477 4418 2656 4464 autem
2687 4416 2944 4469 revetavit
2967 4414 3106 4472 Deus
3123 4433 3216 4489 per
3233 4421 3485 4491 spiritum
3505 4439 3691 4478 suum.
3718 4444 3739 4476 ι

2167 4493 2356 4564 Nobis,
2397 4502 2486 4569 qui
2534 4500 2637 4558 ﬁde
2680 4506 2981 4561 meruimus
3027 4509 3273 4579 spiritum
3327 4510 3419 4567 Dei
3464 4514 3742 4584 accipere.

2168 4588 2261 4656 qui
2298 4592 2454 4646 nobis
2480 4593 2812 4650 voluntatem
2849 4597 2967 4667 ejus
2995 4602 3256 4656 ostendit.

2245 4720 2265 4753 ο
2298 4703 2533 4773 Spiritus
2558 4707 2701 4760 enim
2730 4698 2909 4763 omnia
2951 4721 3247 4780 Scrutatur,
3282 4717 3446 4772 etiam
3472 4720 3741 4788 profunda

2168 4792 2286 4849 Dei.
2325 4813 2345 4847 ι
2382 4794 2557 4851 Etiam
2584 4814 2702 4868 quae
2737 4801 2788 4854 in
2814 4814 3025 4858 secreto
3052 4804 3147 4859 Dei
3203 4809 3431 4863 consilio
3479 4815 3744 4882 conquie—

2167 4897 2349 4942 scunt.

2241 5018 2259 5051 ι
2302 5000 2433 5073 Quis
2455 5004 2597 5077 enim
2634 5007 2740 5060 scit
2780 5008 3083 5079 hominum,
3123 4986 3243 5082 qua:
3305 5026 3432 5082 sntit
3477 5018 3739 5083 hominis,

2165 5091 2269 5155 nisi
2305 5092 2527 5162 Spiritus
2560 5097 2814 5163 hominis,
2842 5102 2934 5171 qui
2985 5104 3038 5159 in
3096 5105 3213 5173 ipso
3241 5117 3327 5161 est
3350 5108 3371 5161 2
3396 5107 3479 5169 Ita
3531 5117 3584 5163 et
3616 5125 3739 5178 quae

2164 5182 2258 5239 Dei
2289 5195 2433 5251 sunt,
2463 5201 2622 5255 nemo
2654 5193 2907 5259 cognovit
2951 5195 3056 5248 nisi
3111 5198 3338 5265 spiritus
3371 5197 3501 5259 Dei':
3548 5219 3566 5252 ι
3616 5217 3739 5271 quae

2162 5276 2515 5349 cogitationes
2553 5292 2840 5357 verseuttir
2897 5287 2951 5340 in
3017 5291 3255 5355 homine.
3290 5291 3426 5349 item
3484 5294 3590 5351 alia
3637 5309 3734 5348 ex-

2162 5368 2360 5435 positio
2392 5388 2405 5423 :
2438 5369 2762 5429 Praeclarum
2808 5377 2914 5433 hoc
2947 5380 3215 5447 adversus
3273 5385 3575 5449 haereticos.
3636 5390 3731 5455 qui

2120 5580 2123 5583 ί
2158 5566 2523 5649 libri,__neq_ue
2546 5574 2713 5637 ullum
2748 5591 2985 5639 veterum
3018 5586 3318 5646 editionum
3348 5605 3583 5649 errorem
3609 5607 3730 5648 sus-

2163 5638 2284 5696 tulit
2308 5637 2672 5714 Martianaeus,
2711 5637 3488 5727 lectorem—monuisse:-satis.
