3946 6206
182 377 298 439 753

178 496 497 543 creaturam
569 489 835 561 Spiritum
885 505 1136 554 sanctum
1195 504 1422 564 dicunt.

178 581 493 638 ostenditur
540 599 646 638 non
669 587 845 641 solum
876 602 1180 649 creaturam
1246 614 1352 655 non
1386 617 1529 672 esse,
1577 622 1765 664 verum

165 683 372 736 etiam,
397 671 542 742 quod
594 672 710 745 ipse
745 678 892 734 solus
931 681 1198 743 interiora
1249 689 1344 746 Dei
1409 705 1464 749 et
1485 671 1763 766 profunda

175 763 414 817 rimetur
445 785 458 820 :
489 767 692 837 quippe
723 777 782 823 ut
809 771 1058 841 ejusdem
1084 788 1296 838 natura:
1324 795 1484 856 tque
1497 763 1759 848 substan-

174 855 278 910 tia:
313 857 386 911 sit
415 867 541 912 cum
570 858 815 917 Christo.

259 965 282 998 ε
315 946 425 1003 Nos
468 959 650 1005 autem
687 968 794 1008 non
833 955 1086 1025 spiritum
1120 963 1282 1034 hujus
1327 971 1512 1026 mundi
1544 975 1758 1044 accepi-

171 1049 324 1105 mus,
373 1040 466 1094 sed
526 1043 780 1110 spiritum
831 1048 926 1117 qui
967 1063 1036 1106 ex
1091 1051 1204 1109 Deo
1243 1067 1346 1112 est.
1385 1079 1405 1111 ι
1437 1040 1758 1136 Quicunque

173 1134 449 1209 mundana
490 1136 656 1203 sapit,
692 1152 799 1192 non
849 1143 1101 1210 spiritum
1145 1146 1242 1205 Dei
1282 1153 1493 1210 videtur
1526 1134 1752 1226 habere,

170 1222 272 1276 sed
301 1225 515 1279 mundi.
875 1274 892 1283 -

251 1331 274 1365 ι
312 1313 382 1370 Ut
412 1318 650 1375 sciamus
677 1335 796 1392 quas
828 1338 859 1379 a
881 1323 994 1384 Deo
1027 1328 1226 1389 donata
1257 1345 1387 1393 sunt
1414 1341 1589 1398 nobis.
1631 1362 1650 1396 ι
1685 1344 1754 1402 Ut

168 1404 416 1462 sciamus
439 1421 641 1479 quanta
674 1413 831 1473 nobis
854 1433 885 1472 a
908 1417 1020 1475 Deo
1045 1422 1241 1480 collata
1279 1441 1406 1484 sunt
1431 1446 1528 1502 per
1549 1433 1750 1493 Christi

167 1494 490 1554 adventurm.

241 1605 264 1640 α
304 1590 437 1655 Quae
489 1601 545 1648 et
584 1593 860 1665 loquimur
913 1615 1020 1658 non
1057 1605 1112 1660 in
1164 1609 1340 1668 doctis
1371 1613 1621 1676 humana:
1662 1633 1748 1677 sa-

165 1676 386 1743 pientiae
443 1682 647 1749 verbis,
711 1687 806 1743 sed
867 1689 922 1746 in
975 1694 1229 1754 doctrina
1272 1704 1517 1771 spiritus.
1562 1727 1582 1760 ι
1616 1709 1748 1778 Quae

163 1767 327 1822 etiam
366 1771 517 1828 vobis
560 1780 975 1849 annuutiamus,
1019 1803 1128 1842 non
1164 1805 1194 1844 a
1247 1767 1594 1866 philosophis
1625 1767 1744 1860 *νει

160 1863 560 1932 grammaticis,
589 1871 683 1922 sed
708 1879 736 1924 a
776 1871 870 1928 Dei
903 1878 1101 1946 spiritu
1125 1884 1346 1943 eruditi.

237 1965 256 1998 r
297 1947 686 2018 Spiritnalibus
722 1961 1024 2030 spiritualia
1053 1979 1453 2041 conparantes.
1494 1998 1513 2033 ι
1545 1981 1738 2041 lllisea‘

158 2039 426 2105 dicentes,
483 2048 574 2114 qui
628 2062 853 2117 possunt
901 2059 1092 2116 audire
1129 2079 1145 2116 :
1180 2039 1292 2121 non
1320 2072 1464 2126 enim
1507 2086 1736 2144 possunt

159 2130 261 2184 nisi
297 2146 325 2183 a
348 2133 451 2188 sibi
485 2139 718 2206 cognitis
745 2151 796 2196 et
828 2145 1098 2207 similibus
1120 2130 1537 2225 comprehendi.

231 2240 251 2274 ι
287 2227 556 2285 Animalis
607 2243 790 2290 autem
850 2238 1016 2298 homo
1065 2259 1172 2300 non
1212 2253 1445 2322 percipit
1487 2272 1548 2312 ea
1611 2275 1734 2329 quae

153 2325 280 2367 sunt
317 2319 550 2384 spiritus
593 2321 710 2382 Dei.
757 2346 776 2380 ι
825 2329 928 2396 Qui
964 2335 1215 2402 spiritum
1261 2319 1495 2402 Dei—non
1545 2319 1727 2421 habet,

151 2405 410 2463 animalis
453 2423 536 2466 est
572 2432 585 2469 :
619 2419 745 2486 quia
797 2423 1110 2483 animalium
1175 2433 1276 2488 ritu
1329 2451 1601 2510 versatur,
1637 2447 1727 2516 qui

148 2507 306 2562 putat
351 2502 484 2557 nihil
536 2520 658 2562 esse
691 2521 815 2578 post
867 2527 1120 2575 mortem.
1160 2523 1224 2578 Et
1282 2529 1404 2584 ideo
1438 2543 1496 2586 ut
1525 2502 1726 2595 animal

147 2591 332 2645 ventri
365 2591 685 2669 libidinique
730 2609 1018 2663 committit
1075 2629 1153 2678 se,
1184 2627 1387 2674 retenta
1418 2639 1592 2682 tuorte
1627 2646 1724 2699 pe-

143 2679 379 2737 riturus.

220 2810 241 2844 ι
281 2792 525 2852 Stultitia
560 2800 704 2855 enim
745 2816 828 2860 est
859 2806 957 2875 illi,
995 2822 1047 2864 et
1072 2829 1176 2869 non
1203 2828 1377 2886 potest
1401 2823 1716 2897 intelligere,

137 2883 268 2952 quia
308 2886 672 2953 spiritualiter
721 2901 1085 2958 exatninatur.
1125 2923 1143 2956 ι
1187 2883 1425 2966 Stultitia
1465 2916 1540 2969 illi
1569 2883 1720 2973 :ide:

135 2979 230 3024 tur
285 2977 490 3044 primo,
525 2983 668 3049 quod
706 2982 817 3052 ille,
879 2989 969 3057 qui
1027 3003 1081 3047 et
1120 3012 1334 3065 passus,
1372 3011 1423 3055 et.
1468 3019 1717 3063 mortuus

134 3073 240 3126 est,
265 3075 321 3118 et
361 3073 678 3138 resurrexit,
750 3080 915 3134 totius
966 3095 1230 3142 creatura:
1263 3107 1404 3148 nunc
1450 3095 1714 3156 Dominus

134 3157 483 3223 praedicetur.
542 3159 794 3222 Secundo
842 3182 1190 3233 contemnere
1243 3186 1461 3254 propria
1533 3190 1708 3255 bona,

130 3246 291 3304 alteri
348 3254 590 3321 praebere
650 3262 950 3330 maxillam,
985 3277 1040 3322 et
1107 3284 1304 3330 caetera
1366 3278 1454 3334 bis
1511 3284 1708 3340 similia

128 3338 340 3398 Christi
372 3351 649 3404 mandata.

205 3469 228 3508 ι
261 3456 580 3526 Spiritualis
629 3477 813 3522 autem
870 3470 1084 3541 judicat
1137 3482 1344 3548 omnia,
1397 3495 1451 3542 et
1508 3488 1627 3557 ipse
1677 3509 1706 3546 a

126 3547 348 3605 nemine
373 3550 650 3622 judicatur
670 3560 839 3616 :sicut
867 3566 1128 3634 scriptum
1153 3583 1293 3628 est.»
1324 3574 1544 3635 iudicat
1569 3600 1704 3638 vana

122 3654 271 3707 esse,
308 3641 364 3698 in
404 3647 601 3716 quibus
648 3655 900 3712 carnales
936 3658 1184 3720 homines
1233 3667 1592 3728 delectantur.
1639 3675 1704 3730 Et

124 3727 241 3799 ipse
270 3734 346 3788 ita
379 3751 439 3791 se
473 3739 602 3808 agit,
631 3753 687 3795 ut
719 3759 748 3798 a
779 3747 998 3804 nemine
1032 3753 1326 3822 judicetur.
1363 3761 1492 3818 Sive
1515 3769 1698 3821 omnia

122 3825 426 3891 spiritualis
453 3832 716 3892 discernit
779 3851 836 3894 et
885 3844 1136 3915 intelligit
1173 3867 1187 3905 :
1226 3863 1280 3906 et
1313 3870 1510 3914 sensus
1556 3861 1698 3918 illius

117 3917 188 3969 ab
214 3916 449 3975 homine
481 3939 586 3979 non
644 3925 966 4002 intelligitur
996 3938 1241 3997 animali.
1272 3945 1403 4000 ltem
1446 3951 1551 4004 alia
1606 3969 1700 4007 ex-

116 4008 318 4076 positio
346 4033 357 4066 :
386 4009 578 4070 Omnia
601 4015 734 4074 dicit
758 4036 879 4090 qua:
909 4036 1038 4096 sunt
1063 4030 1385 4099 spiritualia.
1411 4037 1527 4095 Non
1549 4045 1693 4099 enim

113 4109 262 4154 artes
291 4111 348 4156 et
377 4103 698 4174 disciplinas
741 4115 902 4183 hujus
958 4123 1168 4188 mundi,
1228 4128 1481 4186 animalis
1531 4135 1693 4192 homo

111 4191 218 4244 nisi
257 4194 621 4261 spiritualiter
649 4201 938 4274 intelligat,
964 4209 1106 4266 scire
1137 4219 1336 4282 potest.

185 4322 206 4356 ι
246 4305 382 4370 Quis
407 4311 551 4364 enim
587 4318 840 4384 cognovit
884 4336 1107 4378 sensum
1169 4327 1409 4398 Dmnini,
1441 4346 1537 4392 aut
1566 4340 1688 4408 quis

108 4392 368 4452 instruxit
399 4402 565 4455 eum?
610 4423 630 4455 ι
665 4407 900 4464 Sensum
935 4413 1174 4482 Domini,
1209 4422 1303 4489 qui
1339 4435 1423 4478 est
1472 4427 1523 4480 in
1554 4431 1687 4486 viris

102 4483 508 4556 spiritualibus,
540 4493 659 4548 sine
682 4497 880 4565 spiritu
914 4501 1204 4564 Deinemo
1231 4483 1510 4580 cognovit.
1551 4515 1682 4577 ltem

100 4592 301 4634 sensus
354 4583 445 4636 hic
474 4585 887 4659 intelligentiam
918 4597 1214 4666 significat.

178 4710 200 4742 ι
239 4692 353 4747 Nos
390 4708 573 4753 autem
627 4719 845 4759 sensum
903 4709 1104 4768 Christi
1171 4715 1461 4777 habemus.
1504 4744 1524 4778 ι
1575 4729 1680 4794 Qui

99 4777 366 4849 Spiritum
394 4800 648 4845 sanctum
673 4798 1008 4866 accepimus.

702 4952 934 5012 CAPUT
987 4961 1074 5017 Ill.

173 5074 192 5107 ι
226 5060 294 5112 Et
329 5073 452 5130 ego,
509 5061 732 5132 fratres,
774 5085 881 5125 non
913 5078 1063 5142 potui
1119 5082 1274 5136 vobis
1320 5085 1462 5155 loqui
1517 5097 1675 5158 quasi

86 5149 493 5219 spiritualibus,
535 5159 628 5210 sed
663 5163 824 5228 quasi
847 5168 1178 5227 carnalibus.
1219 5192 1239 5226 ι
1270 5149 1431 5234 Μοίίο
1457 5184 1672 5251 timens,

89 5255 158 5294 re
186 5249 384 5308 putent
419 5243 522 5299 hoc
551 5248 730 5304 solum
761 5254 966 5312 habere
995 5274 1214 5317 sensum
1265 5265 1503 5336 Domini,
1531 5276 1674 5342 quod

87 5333 192 5400 ipsi
245 5345 310 5390 ut
377 5341 590 5406 parvuli
644 5346 932 5403 audierant
965 5366 982 5405 :
1015 5368 1146 5420 non,
1203 5358 1408 5428 inquit,
1471 5333 1674 5424 in'me

86 5437 290 5478 sensus
335 5426 550 5482 Domini
582 5432 802 5498 defecit,
835 5440 930 5494 sed
971 5443 1126 5500 vobis
1154 5426 1329 5505 vinas
1361 5426 1532 5510 defuit
1567 5473 1670 5512 au-

85 5515 294 5572 diendi.
347 5519 482 5575 Item
516 5525 618 5579 alia
650 5532 918 5597 expositio
949 5552 964 5590 :
994 5536 1190 5608 Arguit
1221 5541 1515 5613 Apostolus
1561 5553 1670 5609 Co-

91 5609 346 5679 rinthios,
376 5619 523 5684 quod
573 5624 828 5690 gratiam,
853 5631 1088 5697 quamin
1123 5636 1393 5710 principio
1445 5647 1670 5702 creden-

95 5711 172 5755 tes
233 5720 582 5778 acceperant,
620 5718 978 5782 perdiderint.
1043 5722 1271 5785 Videtur
1330 5744 1513 5791 autem
1567 5740 1670 5797 hoc

87 5789 210 5850 loco
276 5799 561 5859 universos
626 5807 678 5861 in
727 5823 1009 5871 commune
1051 5817 1354 5892 increpare.
1417 5829 1549 5886 Cant
1609 5832 1664 5888 hi

1214 394 1630 463 EXPOSITIO
1673 405 1756 467 lN
1800 405 2042 474 EPIST.
2087 408 2244 479 [AD
2284 417 2453 482 COR.
3273 535 3277 540 ι

1214 504 1379 540 linun-
1419 517 1422 520 ’
1475 510 1629 540 Π...ι,.
1678 516 1765 540 |_:_
1815 524 1836 540 Α
1920 539 1923 540 ,
1967 535 1972 540 .
2033 525 2095 540 ..,
2165 527 2182 540 .
2262 537 2270 540 .
2497 533 2510 540 -
2696 531 2710 540 .
2914 533 2975 540 --

1475 510 1630 567 Unde
1678 516 1770 572 hic
1801 524 1845 579 ,ι
1877 525 2368 596 reprehendantur,
2417 533 2512 602 qui
2553 545 2661 589 non
2689 531 2846 604 juxta
2905 533 3064 591 ﬁdem
3115 535 3454 595 conversan-

3345 429 3454 493 ’154

1873 623 2278 783 llut".'l‘athiam
2328 716 2576 786 parvulis
2637 717 2695 773 in
2754 719 2996 776 Christo.
3053 737 3074 773 ι
3108 718 3227 777 Νοη
3287 730 3446 778 atate

1863 801 2099 868 carnali,
2137 804 2234 859 sed
2265 805 2320 860 in
2344 807 2589 864 Christo.
2975 877 2983 886 ,

1938 910 1957 944 t
2001 892 2111 950 Lac
2146 898 2298 952 vobis
2345 908 2532 968 potum
2583 901 2733 966 dedi.
2777 917 2886 958 non
2946 917 3152 962 escam.
3187 902 3438 958 Nondum

1858 983 2002 1037 enim
2051 989 2332 1056 poteratis,
2379 993 2474 1047 sed
2538 1007 2639 1048 nec
2670 1009 2844 1049 .nune
2889 997 3110 1066 quidem
3155 996 3384 1066 potestis
3423 1011 3438 1048 :
3539 1070 3544 1076 ι

1843 1074 2037 1131 adhuc
2071 1081 2215 1133 enim
2248 1082 2498 1138 carnales
2532 1085 2682 1140 estis.
2720 1103 2739 1136 ι
2784 1086 2898 1142 Hoc
2931 1096 2990 1143 et
3033 1089 3220 1143 beatus
3246 1088 3439 1142 Petrus

1857 1164 1931 1216 ait
1961 1181 1976 1221 :
2009 1165 2332 1236 Deponentes
2380 1173 2544 1242 igitur
2567 1191 2773 1228 omnem
2821 1177 3084 1231 malitiam
3129 1188 3178 1232 et
3211 1177 3439 1230 simula-

1855 1254 2070 1320 tionem,
2115 1269 2373 1329 tanquam
2406 1267 2558 1320 modo
2586 1268 2749 1336 geniti
2780 1268 3010 1337 infantes
3069 1269 3434 1332 rationabiles,

1852 1351 1902 1397 et
1932 1347 2044 1402 sine
2073 1349 2197 1404 dolo
2227 1350 2312 1407 lac
2362 1358 2736 1424 concupiscite,
2770 1367 2828 1412 ut
2867 1361 2923 1414 in
2969 1377 3029 1415 eo
3078 1362 3328 1417 crescatis
3380 1363 3436 1416 in

1848 1435 2073 1492 salutem
2105 1440 2154 1509 (I
2177 1439 2322 1498 Patr.
2357 1459 2418 1512 tt,
2449 1446 2529 1517 9).
2595 1447 2651 1503 Si
2711 1465 2838 1518 ergo
2884 1452 3061 1508 adhuc
3111 1451 3188 1507 illi
3219 1453 3432 1523 parvuli

1849 1538 1980 1584 sunt
2013 1532 2105 1599 qui
2137 1547 2355 1591 omnem
2390 1538 2653 1594 malitiam
2687 1541 3028 1611 abiecerunt,
3076 1553 3130 1598 et
3161 1547 3251 1615 qui
3291 1561 3430 1599 non-

1848 1618 1975 1673 dum
2011 1631 2140 1677 sunt
2189 1623 2245 1678 in
2279 1626 2481 1684 virtute
2514 1631 2765 1700 perfecti,
2797 1635 2928 1702 quid
2959 1634 3028 1689 de
3062 1634 3170 1690 illis
3195 1649 3429 1691 censen-
3481 1659 3492 1665 ί

1847 1701 1973 1764 dum
2006 1720 2113 1778 est,
2146 1717 2345 1784 quibus
2369 1719 2548 1774 omnis
2581 1722 2786 1778 malitia
2817 1701 3185 1779 dominatur?
3319 1731 3324 1735 ’
3525 1738 3532 1745 ·

1921 1819 1940 1852 ι
1981 1802 2116 1856 Cum
2158 1805 2304 1860 enim
2353 1807 2427 1862 sit
2468 1809 2611 1866 inter
2668 1829 2765 1869 vos
2817 1815 2969 1870 zelus
3028 1824 3082 1871 et
3123 1813 3422 1877 contentio,

1769 1910 1817 1971 Β
1846 1905 2022 1946 nonne
2046 1900 2291 1949 carnales
2321 1897 2452 1953 estis
2481 1899 2506 1955 ?
2539 1919 2558 1954 ι
2603 1901 2740 1958 Ecce
2791 1905 2858 1960 de
2893 1905 3091 1974 quibus
3122 1905 3268 1960 vitiis
3299 1919 3423 1958 car-

1843 1983 1993 2038 nales
2047 1981 2368 2053 judicantur
2402 2007 2416 2044 :
2450 2007 2572 2060 quae
2618 2009 2724 2050 non
2771 1996 2989 2066 proprie
3043 2011 3141 2065 per
3201 2009 3420 2049 carnem

1840 2067 2013 2140 lium;
2045 2074 2139 2128 sed
2166 2074 2234 2129 de
2265 2079 2470 2132 carnali
2500 2095 2666 2136 sensu
2709 2081 2838 2136 talia
2867 2083 3231 2140 descendunt.

1913 2178 1932 2211 ί
1965 2157 2034 2215 Et
2082 2165 2384 2220 secundum
2421 2167 2698 2225 hominem
2733 2171 3061 2238 ambulatis?
3092 2191 3112 2224 ι
3147 2171 3249 2239 Qui
3281 2173 3416 2227 niliii

1833 2253 2066 2320 amplius
2101 2255 2284 2322 habet,
2326 2273 2490 2330 quam
2551 2262 2732 2317 caeteri
2793 2261 3062 2327 homines,
3113 2264 3411 2320 secundum
3449 2325 3451 2330 η

1834 2347 2106 2404 hominem
2160 2349 2361 2406 dicitur
2402 2353 2848 2410 ambularezsed
2903 2355 2956 2408 in
3010 2355 3114 2411 hoc
3167 2355 3285 2410 loco
3339 2357 3410 2409 ob

1831 2437 2196 2497 defensionem
2226 2443 2563 2513 singulorum
2595 2445 2905 2514 hominum,
2939 2446 3187 2502 homines
3209 2446 3409 2518 appel-

1828 2529 2097 2677 latus-um
2123 2623 2266 2678 enim
2305 2624 2426 2693 quis
2462 2625 2625 2691 dicat,
2661 2641 2761 2696 ego
2790 2628 3014 2698 quidem
3046 2641 3165 2684 sum
3193 2619 3344 2685 Pauli
3386 2647 3401 2685 :

1824 2709 1964 2766 alius
1996 2720 2202 2780 autem,
2230 2729 2330 2788 ego
2361 2715 2554 2786 Apollo
2588 2734 2602 2772 :
2637 2734 2814 2774 nonne
2857 2722 3108 2777 homines
3153 2723 3331 2778 estis?
3374 2740 3394 2773 ι

1826 2803 1948 2859 Vult
1974 2821 2075 2863 nos
2103 2809 2223 2879 plus
2249 2824 2396 2876 esse,
2429 2825 2590 2878 quam
2627 2810 2904 2868 homines.

1899 2915 1917 2947 ι
1953 2898 2093 2963 Quid
2138 2900 2302 2970 igitur
2329 2911 2412 2955 est
2441 2901 2673 2969 Apollo?
2710 2903 2840 2971 quid
2875 2918 3003 2959 vero
3037 2903 3278 2962 Paulus?
3300 2909 3400 2964 mi-

1817 2989 1972 3043 nistri
2009 2991 2122 3059 ejus
2156 2995 2242 3046 cui
2297 2991 2634 3047 credidistis.
2671 3013 2690 3045 ›
2731 2993 2788 3048 Si
2838 3009 2938 3049 nos
2984 2997 3118 3050 nihil
3181 3013 3395 3064 sumus,

1814 3094 1950 3148 quos
2008 3081 2290 3137 ministros
2351 3084 2466 3153 ipse
2503 3084 2816 3152 constituit,
2852 3096 3060 3156 quanto
3095 3090 3268 3160 magis
3315 3091 3394 3145 illi

1813 3171 1904 3239 qui
1943 3171 1994 3226 in
2037 3154 2350 3229 carnalibus
2398 3173 2730 3244 glorianturl

1739 3245 1782 3303 (ἶ
1835 3259 1842 3266 ’
1901 3283 1918 3315 ι
1961 3265 2023 3318 Et
2057 3266 2356 3335 unicuique
2406 3267 2549 3322 sicut
2597 3262 2862 3325 Dominus
2890 3271 3065 3327 dedit.
3101 3273 3210 3340 Ego
3236 3274 3394 3344 plan-

1815 3358 1951 3424 tavi,
1984 3359 2171 3428 Apollo
2205 3359 2423 3428 rigavit,
2479 3361 2571 3415 sed
2615 3360 2754 3416 Deus
2797 3373 2944 3418 nunc
2993 3365 3389 3421 incrementqu

1810 3449 1980 3504 dedit.
2019 3470 2036 3500 ι
2077 3449 2188 3503 lloc
2223 3452 2394 3520 ipsum
2439 3467 2546 3506 non
2601 3468 2668 3508 ex
2705 3454 2862 3509 nobis
2906 3462 3010 3520 est,
3039 3456 3134 3512 sed
3167 3456 3258 3512 Dei
3292 3459 3390 3514 do-

1809 3558 1935 3596 num
1977 3551 2082 3607 est,
2114 3551 2168 3594 ut
2194 3557 2288 3608 per
2318 3558 2513 3598 manus
2545 3559 2692 3600 meas
2719 3545 2876 3615 signa
2911 3549 3123 3612 tierent,
3150 3564 3267 3619 qua:
3291 3564 3388 3606 vos

1805 3635 2111 3688 excitarent
2171 3634 2236 3686 ad
2273 3633 2458 3698 fideiu,
2535 3645 2592 3690 et
2623 3636 2814 3704 Apollo
2863 3653 2962 3693 sua
2991 3653 3087 3694 vos
3137 3641 3384 3696 doctrina

1806 3724 2044 3779 lirmarct
2072 3743 2086 3780 :
2110 3725 2236 3792 quia
2270 3727 2412 3780 sicut
2442 3726 2626 3796 planta
2657 3727 2778 3782 sine
2807 3742 2968 3797 aqua,
2996 3730 3075 3784 sic
3106 3729 3239 3785 ﬁdes
3263 3731 3384 3786 sine

1801 3815 2400 3886 doctrina_marcescit.
2438 3817 2495 3872 Si
2550 3831 2678 3886 ergo
2713 3827 2768 3872 et
2820 3819 3107 3886 plantatio,
3143 3831 3198 3876 et
3261 3821 3382 3878 fons

1804 3906 1894 3961 Dei
1927 3915 2032 3972 est,
2056 3879 2224 3978 -quid
2258 3909 2416 3966 nobis
2449 3879 2726 3965 inscribitis
2757 3911 2914 3980 quasi
2955 3910 3158 3980 aliquid
3194 3923 3378 3969 nostra

1801 3999 1998 4052 virtute
2031 3997 2373 4055 fecerimus?

1875 4109 1894 4141 ι
1932 4089 2119 4160 Itaque
2154 4105 2329 4159 neque
2360 4091 2451 4160 qui
2482 4091 2689 4161 plantat
2714 4100 2797 4148 est
2830 4093 3052 4170 aliquid,
3084 4111 3259 4167 neque
3281 4098 3376 4168 qui

1797 4179 1956 4249 rigat,
1993 4182 2088 4236 sed
2128 4181 2221 4251 qui
2256 4183 2654 4237 incrementum
2703 4184 2818 4240 dat.
2861 4186 3025 4243 Deus.
3059 4187 3160 4254 Qui
3191 4199 3373 4242 autem

1795 4273 2027 4340 plantat,
2062 4281 2114 4327 et
2155 4275 2246 4342 qui
2284 4273 2444 4344 rigat,
2481 4289 2645 4328 unum
2681 4286 2826 4332 sunt.
2862 4277 3246 4350 Unusquisque
3273 4298 3374 4334 διες

1795 4372 1898 4417 teni
1937 4365 2212 4434 propriam
2251 4365 2555 4420 mercedem
2590 4367 2842 4437 accipiet,
2885 4373 3180 4426 secundum
3211 4388 3372 4427 suum

1791 4456 2049 4510 laborem.
2087 4474 2106 4507 ι
2149 4455 2261 4511 Nisi
2288 4458 2445 4530 enim
2505 4456 2647 4512 Deus
2700 4459 3094 4518 incrementum
3135 4465 3367 4530 dederit,

1719 4575 1763 4633 υ
1791 4541 1909 4598 sine
1942 4558 2106 4598 causa
2162 4546 2494 4601 laboramus.
2534 4546 2643 4604 Nos
2707 4553 3030 4607 mercenarii
3081 4570 3269 4609 sumus
3313 4557 3367 4609 in

1788 4635 1966 4690 alieno
2033 4652 2182 4706 agro.
2237 4639 2446 4695 Alienis
2503 4641 2708 4695 utimur
2766 4644 3177 4701 ferramentis:
3230 4647 3366 4703 nihil

1786 4728 2054 4783 habemus
2116 4733 2398 4800 proprium
2461 4732 2565 4788 nisi
2624 4737 2927 4792 mercedem
2985 4740 3160 4793 nostri
3210 4739 3366 4795 labo-

1785 4817 1884 4875 ris.

1858 4932 1878 4965 ‹
1924 4915 2016 4970 Dei
2060 4913 2213 4969 enim
2269 4929 2461 4971 sumus
2515 4917 2790 4986 adjutores
2833 4938 2846 4976 :
2888 4921 2981 4976 Dei
3031 4923 3358 4994 agricultura

1780 5009 1912 5061 estis
1943 5023 1958 5064 :
1994 5006 2084 5062 Dei
2116 5006 2405 5062 aedificatio
2438 5011 2592 5064 estis.
2635 5030 2654 5063 ι
2691 5009 2809 5066 Non
2856 5013 2909 5067 in
2959 5018 3220 5084 potentia,
3265 5015 3357 5068 sed

1782 5101 1832 5153 in
1887 5101 2052 5156 verbo
2086 5100 2406 5168 adjuvatnus
2459 5103 2561 5160 coli
2617 5103 2710 5158 Dei
2777 5120 2983 5177 agrum,
3033 5117 3088 5162 et
3147 5109 3355 5162 exstrui

1780 5192 2057 5261 templum.

1854 5303 1874 5336 r
1912 5285 2222 5342 Secundum
2278 5290 2508 5359 gratiam
2545 5292 2662 5358 Dei,
2704 5309 2825 5363 quae
2855 5294 2979 5347 data
3011 5299 3096 5348 est
3131 5291 3283 5346 mihi.
3326 5309 3350 5342 ι

1774 5376 1892 5432 Νοη
1924 5380 2226 5436 secundum
2254 5397 2428 5439 meam
2463 5387 2743 5442 virtutem.
2775 5385 2901 5441 Sive
2942 5384 3175 5456 ponendi
3225 5383 3351 5438 fun-

1775 5468 2093 5525 damentum
2123 5475 2349 5543 gratiam
2383 5477 2571 5548 accepi
2602 5495 2617 5534 ε
2647 5489 2706 5532 ιιι
2738 5479 2812 5533 ibi
2853 5478 3228 5547 praedicarem,
3260 5476 3351 5531 ubi

1772 5559 2026 5617 Christus
2055 5580 2160 5619 non
2187 5565 2368 5622 fuerat
2400 5572 2700 5627 nuntiatus.

1852 5671 1871 5704 ι
1909 5645 1978 5710 Ut
2017 5658 2232 5727 sapiens
2280 5661 2610 5720 architectus
2647 5665 3056 5722 fundamentum
3101 5662 3280 5736 posui.
3322 5680 3344 5717 ι

1772 5745 1892 5802 Non
1932 5759 2111 5816 potest
2163 5751 2451 5824 imperitus
2503 5758 2835 5815 architectus
2889 5772 3096 5829 ponere
3151 5756 3349 5813 funda-

1773 5848 2037 5896 mentum.
