3956 6196
187 375 300 436 757

185 577 258 629 de
281 574 566 628 divinitate
594 573 1007 643 velis’intelligi.
1046 573 1314 630 Creterum
1349 576 1435 631 hic
1466 578 1530 632 de
1553 592 1768 630 assunt.

189 669 268 736 pti
305 667 542 722 hominis
592 665 764 721 forma
811 677 1095 733 tractatur,
1149 670 1455 722 secundum
1512 683 1674 738 quam
1712 677 1768 721 et

187 761 394 814 dicitur
424 769 640 814 unctus.

183 846 206 878 "
271 871 290 904 ι
323 852 567 908 Christus
601 863 779 908 autem
812 851 928 906 Dei.
969 835 1011 905 Γ
1033 853 1200 919 Quasi
1234 855 1426 908 homo.

801 1009 1032 1064 CAPUT
1079 961 1198 1063 IV.‘

272 1146 290 1180 ι
327 1121 421 1179 Sic
447 1140 544 1179 nos
579 1123 855 1178 existimet
898 1125 1082 1188 homo,
1140 1133 1198 1178 ut
1228 1121 1510 1176 ministros
1538 1117 1766 1182 Christi,

187 1229 248 1274 et
309 1218 714 1286 diSpeusatores
805 1217 1192 1287 mysteriorum
1252 1211 1369 1267 Dei.
1431 1230 1448 1264 ι
1512 1210 1630 1266 Νοη
1711 1217 1772 1263 ut

189 1308 432 1379 aequales
454 1307 531 1361 Cb
543 1306 696 1362 risto.

273 1377 293 1453 .
332 1401 556 1464 Hicjam
588 1396 848 1469 quaeritur
876 1397 1020 1452 inter
1046 1377 1476 1466 dispensatores,
1514 1392 1770 1452 utfidelis

187 1492 320 1562 quis
378 1491 707 1546 inveniatur.
756 1507 776 1542 ι
815 1488 1210 1559 lnterrogantis
1265 1502 1366 1542 vox
1401 1495 1486 1543 est
1520 1504 1534 1540 :
1569 1485 1623 1541 id
1662 1495 1769 1552 est,

188 1587 304 1654 jam
335 1583 427 1638 hic
464 1599 561 1640 vos
590 1582 796 1655 putatis
828 1581 1195 1657 coyscientias
1213 1580 1469 1652 judicari.

273 1695 293 1728 ι
330 1675 460 1730 Mihi
489 1685 668 1731 autem
699 1691 798 1746 pro
831 1675 1054 1730 minimo
1085 1686 1188 1739 est,
1221 1683 1278 1729 ut
1310 1689 1338 1726 a
1363 1671 1514 1728 vobis
1536 1671 1768 1740 judicer,

188 1779 293 1824 aut
334 1769 403 1823 ah
455 1769 691 1822 humano
730 1769 836 1824 die.
875 1787 894 1820 ι
931 1767 1233 1822 Humanum
1271 1765 1534 1834 judicium
1569 1761 1772 1817 nullius

1223 372 1632 433 EXPOSITIO
1667 372 1748 432 IN
1785 375 2022 436 EPlST.
2068 375 2094 433 Ι
2136 375 2236 436 AD
2271 373 2442 434 COR.

186 485 336 538 sicut
365 481 494 537 alibi
528 480 666 538 Deus
693 481 893 538 dicitur
941 483 1167 548 Christi,
1193 492 1247 538 et
1289 485 1393 540 hoc
1425 485 1468 539 si
1502 483 1609 557 [ΑΙ.
1647 483 1774 557 fide]
1803 495 1854 556 Α

3342 369 3449 432 758

1958 507 1976 538 ι
2012 486 2131 542 Jam
2192 485 2421 542 saturati
2475 483 2629 549 estis,
2659 483 2772 556 jam
2803 481 2997 538 divites
3053 480 3179 538 facti
3221 479 3374 536 estis.
3421 502 3441 534 ο

1874 578 1991 635 Hoc
2034 577 2376 648 increpativo
2419 576 2582 632 modo
2616 575 2923 648 legendum,
2963 573 3046 631 vel
3093 573 3447 644 pronuntian-

1871 675 2019 728 dum.
2864 726 2875 737 κ

1948 787 1968 820 ‹
2011 765 2143 821 Sine
2171 764 2326 820 nobis
2356 765 2621 834 regnatis.
2671 783 2689 816 ›
2730 762 2788 819 1η
2826 762 2974 820 nullo
2999 762 3169 818 nostri
3194 759 3444 828 indigen-

1873 869 1973 915 tes.

1947 969 1966 1001 ι
2004 951 2069 1006 Et
2101 950 2306 1006 utinam
2349 949 2609 1018 regnetis,
2637 958 2776 1004 utet
2812 962 2913 1002 nos
2941 946 3223 1026 vobiscum
3257 955 3447 1014 regne-

1873 1043 2034 1097 mus!
2071 1061 2090 1094 ι
2132 1041 2352 1097 Utinam
2387 1057 2494 1096 non
2551 1039 2744 1096 essetis
2770 1038 2905 1094 falsa
2939 1038 3262 1109 gloriatione
3291 1035 3448 1090 dece-

1873 1133 1982 1204 ptil
2018 1133 2248 1189 forsitan
2283 1134 2448 1189 simul
2483 1147 2850 1211 regnaremus.
3247 1151 3252 1156 ε

1949 1244 1968 1278 ι
2004 1225 2139 1280 Puto
2187 1226 2356 1290 enim,
2396 1229 2539 1294 quod
2572 1225 2714 1280 Deus
2776 1238 2875 1278 nos
2906 1222 3179 1292 apostolos
3217 1217 3450 1276 novissi-

1872 1331 1990 1370 mos
2041 1317 2300 1380 ostendtt,
2367 1325 2628 1385 tanquam
2688 1316 2852 1370 morti
2906 1315 3229 1370 destinatos.
3279 1331 3299 1363 ι
3334 1310 3446 1367 Nos

1871 1407 2112 1462 omnium
2167 1407 2389 1463 ultimos
2435 1409 2503 1462 ad
2547 1417 2738 1479 gentes
2785 1413 3041 1477 tanquam
3096 1405 3162 1459 ad
3215 1413 3443 1460 mortem

1873 1498 2104 1554 direxit.

1950 1607 1972 1641 ι
2005 1587 2144 1656 Quia
2171 1586 2542 1659 spectaculum
2575 1586 2707 1642 facti
2741 1601 2930 1642 sumus
2985 1587 3210 1651 mundo,
3247 1595 3301 1643 et
3345 1602 3446 1640 an-

1873 1681 2032 1752 gelis,
2064 1691 2120 1736 et
2149 1679 2478 1735 hominibus.
2512 1697 2532 1734 l
2571 1679 2774 1734 Omnes
2815 1688 3030 1734 nostras
3061 1679 3277 1749 publice
3327 1692 3452 1748 spes

1874 1780 2025 1826 ctant
2075 1770 2326 1840 injurias.
2377 1769 2491 1824 sive
2538 1784 2665 1824 vere
2694 1769 2871 1839 angeli
2915 1775 2970 1824 et
3017 1759 3286 1830 homines,
3335 1765 3450 1825 sive

191 1865 320 1920 dico
369 1863 653 1928 momenti,
696 1863 748 1918 in
781 1879 888 1933 quo
921 1878 1082 1932 saepe
1097 1861 1296 1916 veritas
1328 1870 1379 1914 et
1405 1857 1614 1930 justitia
1649 1854 1764 1909 fru-
1799 1854 1840 1910 Β
1871 1862 2042 1919 sancti
2078 1863 2330 1918 homines
2388 1872 2443 1917 ει
2471 1871 2811 1929 peccatores.

190 1965 422 2011 stratur.
457 1954 606 2008 Diem
635 1955 771 2009 enim
819 1955 1049 2008 hominis
1109 1970 1209 2006 non
1263 1951 1558 2020 concupiui,
1620 1945 1771 2002 Jereo

193 2049 336 2103 tuias
361 2049 434 2101 ait
467 2053 609 2118 (cap.
640 2063 768 2111 xm,
800 2062 936 2101 vers.
972 2047 1086 2115 16).

270 2159 291 2194 ι
327 2139 434 2195 Sed
485 2154 663 2210 neque
697 2141 963 2208 meipsum
1016 2137 1222 2208 judico.
1268 2154 1285 2188 ι
1323 2133 1435 2204 Ego
1481 2125 1766 2202 qui“con-

192 2232 484 2288 scientiam
510 2246 682 2286 meam
715 2233 918 2300 optime
951 2230 1094 2296 novi,
1119 2229 1253 2283 nihil
1285 2242 1406 2283 esse
1437 2241 1522 2282 me
1558 2223 1768 2295 judico.

192 2323 381 2392 Neque
403 2339 488 2376 me
531 2324 704 2392 ipsum
735 2323 939 2393 judico.

271 2431 290 2464 ι
335 2411 479 2466 Nihil
515 2413 657 2467 enim
711 2414 840 2466 mihi
904 2412 1160 2468 COilSCitls
1219 2425 1364 2466 sum.
1398 2428 1417 2462 ι
1453 2407 1602 2464 Male
1645 2422 1772 2464 sen-

194 2507 360 2570 tiutrt,
402 2506 492 2572 qui
558 2505 784 2559 dicunt:
816 2504 987 2560 Nemo
1047 2515 1222 2575 potest
1250 2504 1421 2557 vitare
1453 2510 1759 2572 peccatum.

272 2619 291 2650 ι
327 2598 433 2652 Sed
473 2613 577 2652 non
637 2597 691 2651 in
744 2599 844 2652 hoc
878 2597 1207 2667 juStilicatus
1246 2613 1387 2651 sum.
1432 2614 1448 2645 ι
1505 2594 1618 2649 Hoc
1673 2607 1771 2664 pro

191 2691 499 2747 humilitate
557 2691 687 2744 dicit
720 2707 734 2746 :
766 2690 909 2744 Nihil
939 2691 1080 2745 enim
1132 2692 1258 2744 mihi
1322 2705 1442 2745 smn
1497 2689 1768 2752 conscius,

197 2781 342 2833 unde
359 2796 531 2848 super
574 2783 820 2836 homines
851 2781 1078 2836 debeam
1125 2781 1366 2852 gloriari.
1403 2779 1457 2834 Si
1491 2779 1593 2833 hoc
1627 2781 1772 2834 Pau-

193 2874 285 2927 lus
341 2872 494 2932 dicit.
553 2873 678 2942 quid
728 2887 754 2923 a
807 2873 964 2927 nobis
1017 2874 1129 2928 dici
1167 2874 1385 2936 debeat;
1424 2871 1768 2942 cogitandum

189 2977 300 3022 est.
333 2963 439 3020 Sed
470 2982 577 3019 nun
609 2965 661 3018 in
700 2967 802 3020 hoc
826 2965 1154 3036 justificatus
1184 2981 1326 3020 sum.

275 3075 295 3108 ι
331 3055 432 3122 Qui
459 3067 639 3110 autem
668 3056 875 3126 judicat
907 3071 1012 3124 me,
1060 3057 1320 3111 Dominus
1358 3065 1460 3111 est.
1505 3075 1523 3108 ι
1562 3054 1676 3109 Non
1720 3056 1771 3109 in

191 3163 306 3217 quo
359 3164 444 3203 me
497 3150 717 3218 quidatn
783 3149 853 3204 ita
896 3149 1176 3204 laudant:
1225 3151 1350 3220 quia
1405 3151 1478 3203 ita
1540 3148 1772 3218 quisque

190 3238 372 3296 aliena
404 3239 561 3294 laude
595 3255 698 3294 non
730 3237 1083 3307 justilicatur,
1113 3248 1174 3292 ut
1233 3254 1302 3292 ne
1341 3237 1641 3292 maculetur
1683 3239 1770 3290 in-

189 3330 386 3388 famia.
425 3328 728 3400 Unicuique
779 3333 924 3386 enim
958 3332 1099 3402 apud
1134 3331 1304 3386 Deum
1341 3330 1484 3401 quod
1521 3340 1632 3398 est,
1662 3345 1776 3385 non

188 3425 342 3492 quod
378 3422 596 3488 dicitur,
633 3423 954 3491 imputatur.

277 3531 297 3565 ι
337 3513 546 3582 itaque,
599 3513 814 3579 fratres,
854 3513 1022 3569 nolite
1069 3521 1200 3568 ante
1244 3523 1458 3584 tempus
1499 3513 1771 3584 judicare,

188 3621 481 3676 quousque
515 3607 697 3661 veniat
733 3607 995 3662 Dominus
1029 3624 1045 3662 :
1077 3608 1168 3677 qui
1204 3617 1258 3662 et
1287 3607 1614 3662 illuminabit
1641 3608 1773 3681 abs-

187 3699 417 3756 cOndila
454 3699 820 3767 tenebrarum,
868 3709 923 3754 et
957 3700 1324 3756 manifestabit
1350 3698 1580 3755 consilia
1649 3714 1772 3754 cor-

190 3793 370 3846 dinm.
430 3811 449 3844 ι
501 3791 673 3848 Homo
737 3792 879 3848 videt
938 3793 999 3848 in
1050 3792 1212 3860 faeie,
1274 3793 1417 3849 Deus
1475 3802 1656 3846 autem
1716 3791 1770 3846 in

187 3883 385 3939 corde.

276 3996 297 4030 ι
329 3977 396 4032 Et
429 3987 553 4034 tunc
589 3979 704 4034 laus
729 3979 836 4035 erit
871 3981 1168 4052 unicuique
1206 3995 1234 4034 a
1286 3979 1415 4035 Deo.
1453 3998 1472 4033 ι
1505 3981 1598 4036 llle
1643 3995 1773 4036 vero

189 4069 490 4124 laudabilis
523 4077 626 4135 est,
679 4073 770 4139 qui
820 4069 914 4126 Dei
965 4074 1276 4129 testimonio
1325 4074 1596 4140 laudatur,
1629 4075 1773 4144 apud

187 4176 361 4232 quem
393 4161 576 4218 omnia
610 4163 846 4229 oceulta,
874 4173 930 4219 et
970 4164 1142 4220 invisa
1173 4175 1299 4219 sunt
1335 4167 1575 4236 cognita.

271 4271 291 4304 ι
333 4250 461 4307 ΙΙωο
490 4264 696 4321 autem,
753 4254 972 4322 fratres,
1037 4259 1416 4327 transﬁguravi
1469 4257 1524 4312 iu
1583 4272 1687 4320 me,
1719 4264 1775 4311 et

188 4344 414 4414 Apollo,
445 4355 665 4416 propter
698 4362 814 4404 vos.
847 4366 866 4398 ι
901 4346 968 4403 Ut
997 4363 1026 4402 a
1061 4349 1220 4404 nobis
1241 4349 1565 4405 humilitatis
1593 4366 1775 4404 suma-

194 4440 270 4490 tis
322 4437 695 4505 exemplum:
748 4454 814 4492 ne
870 4455 1028 4508 supra
1081 4440 1420 4510 disciplinam
1480 4440 1775 4508 Scriptura

189 4527 400 4581 audeat
431 4528 806 4597 unusquisque
833 4532 1095 4585 adversus
1145 4531 1377 4584 alterum
1426 4548 1525 4601 pro
1551 4533 1658 4587 alio
1693 4533 1775 4586 in-
1806 4536 1852 4594 υ

187 4615 340 4680 ﬂari,
365 4618 584 4670 doetore
611 4617 765 4672 mala:
799 4619 1165 4674 contentionis
1193 4635 1403 4675 everso.

275 4724 294 4758 ι
337 4705 482 4760 litin
523 4708 681 4763 nobis
719 4707 965 4778 discetis,
993 4725 1062 4765 ne
1107 4726 1272 4782 supra
1315 4728 1480 4782 quam
1513 4712 1775 4782 scriptum

187 4807 305 4861 est,
340 4813 480 4852 unus
503 4801 762 4854 adversus
793 4801 1021 4856 alterum
1055 4803 1277 4857 infletur
1305 4821 1400 4874 pro
1437 4805 1566 4859 alio.
1606 4825 1624 4857 ο
1663 4804 1778 4860 Hoc

185 4901 303 4952 est,
340 4890 481 4960 quod
529 4891 680 4956 dicit,
733 4906 801 4946 ne
859 4894 1233 4963 unusquisque
1283 4896 1600 4966 magistrum
1658 4911 1781 4965 pro.-

185 4983 380 5051 prium
423 4984 749 5052 praedicans,
793 4985 932 5040 alter
978 4988 1240 5043 adversus
1293 4989 1524 5044 alterum
1580 4989 1782 5046 incite-

185 5083 310 5127 llll‘.
769 5087 810 5094 "

274 5181 296 5214 ι
336 5159 470 5227 Quis
499 5163 644 5217 enim
677 5174 730 5220 te
754 5164 1056 5221 discernit?
1092 5186 1110 5220 ι
1151 5167 1250 5223 llic
1279 5171 1344 5224 ad
1396 5170 1540 5242 ipsos
1569 5173 1782 5229 inﬂatos

186 5271 296 5327 per
323 5256 712 5334 eloquentiam,
739 5257 899 5313 verba
927 5262 1197 5314 convertit
1221 5277 1236 5314 :
1265 5261 1397 5328 Quis
1418 5273 1472 5318 te
1495 5266 1780 5330 discernit,

185 5347 362 5416 cujus
391 5349 649 5402 momenti
678 5351 790 5405 sis?

273 5456 295 5491 ι
339 5437 478 5505 Quid
509 5451 688 5497 autem
722 5443 912 5509 habes.
936 5447 1079 5517 quod
1112 5462 1216 5502 non
1247 5447 1546 5515 accepisti?
1585 5465 1604 5498 ›
1635 5445 1778 5512 Quid

185 5532 348 5588 enim
388 5534 511 5585 boni
552 5550 618 5588 ex
654 5538 936 5605 temetipso
975 5539 1164 5604 habes,
1197 5539 1342 5610 quod
1385 5555 1412 5593 a
1455 5538 1606 5594 nullo
1639 5538 1782 5594 didi-

186 5623 374 5685 ceris,
409 5625 490 5678 vel
523 5625 615 5680 Dei
643 5625 790 5681 dono.
818 5627 1039 5683 minime
1070 5639 1395 5684 consecutus
1427 5628 1538 5684 sis?

279 5733 299 5766 ι
336 5714 394 5766 Si
429 5727 609 5771 autem
660 5722 933 5787 accepisti,
989 5721 1118 5788 quid
1168 5721 1418 5790 gloriaris
1466 5721 1622 5790 quasi
1678 5737 1783 5778 non

183 5807 522 5879 acceperis?
559 5829 577 5862 ι
609 5810 773 5876 Quasi
799 5811 851 5866 in
889 5811 1108 5883 proprio
1129 5812 1404 5884 gloriaris.

1951 1975 1969 2008 ι
2010 1955 2118 2015 Nos
2147 1956 2297 2028 stulti
2355 1965 2574 2025 propter
2604 1953 2880 2014 Christum
2915 1971 2927 2010 :
2958 1967 3054 2009 vos
3107 1963 3286 2008 autem
3320 1968 3450 2023 pru-

1871 2050 2062 2103 dentes
2107 2049 2160 2102 in
2209 2047 2448 2102 Christo.
2482 2045 2592 2100 Nos
2621 2044 2824 2098 infirmi
2863 2059 3002 2120 avos
3037 2054 3218 2098 autem
3253 2043 3444 2098 fortes.

1872 2139 1982 2195 Vos
2018 2139 2264 2196 nobiles:
2293 2153 2391 2194 nos
2424 2147 2606 2193 autem
2642 2137 2928 2209 ignobiles.
2972 2154 2998 2188 ι
3031 2134 3142 2189 Nos
3191 2145 3447 2204 tanquam

1871 2233 2021 2288 stulti
2066 2239 2286 2302 propter
2339 2229 2622 2286 Christum
2686 2230 2869 2285 omnia
2933 2229 3319 2286 sustinemus:
3355 2240 3454 2282 vos

1872 2332 2054 2378 autem
2103 2323 2179 2378 ita
2237 2323 2408 2377 vultis
2467 2337 2588 2378 esse
2622 2321 2947 2388 Christiani,
3011 2329 3068 2376 ut
3104 2321 3446 2392 prudentiam

1871 2415 2056 2472 saeculi
2115 2415 2359 2470 teneatis.
2395 2415 2506 2470 Nos
2561 2414 2785 2479 infirmi,
2834 2416 2959 2484 quia
3020 2415 3190 2468 vicem
3223 2413 3461 2470 reddere.

1874 2507 2124 2563 nolumus
2159 2524 2174 2562 ;
2213 2521 2311 2562 vos
2344 2517 2522 2562 autem
2583 2507 2882 2570 reddendo,
2940 2506 3109 2563 fortes
3173 2522 3285 2562 vos.
3329 2520 3452 2561 esse

1874 2600 2205 2672 gloriamini.
2250 2599 2359 2656 Nos
2393 2599 2526 2655 nihil
2560 2599 2826 2655 habentes
2865 2600 3169 2655 voluntaria
3221 2614 3453 2670 pauper-

1876 2701 1984 2746 tate
2021 2691 2217 2761 dcjecti
2248 2710 2263 2748 :
2295 2707 2389 2746 vos
2447 2689 2605 2746 vobis
2661 2691 2824 2745 etiam
2861 2689 3202 2745 nobilitatem
3251 2687 3453 2744 terreni

1873 2784 2090 2854 generis
2119 2783 2430 2839 vindicatis.

1951 2892 1972 2927 ι
2016 2873 2198 2945 Usque
2227 2875 2277 2928 in
2314 2875 2451 2928 hanc
2483 2875 2697 2930 horam.
2738 2894 2759 2930 ι»
2803 2877 2884 2931 Ab
2922 2875 3077 2930 initio
3111 2871 3454 2943 praedicatio-

1875 2965 1959 3020 nis
1985 2974 2182 3021 nostra:
2206 2979 2380 3032 usque
2417 2964 2470 3018 in
2505 2979 2751 3036 praesens
2787 2975 3018 3030 tempus.
3209 2963 3222 2980 '

1951 3075 1970 3108 ι
2007 3057 2071 3112 Et
2101 3056 2396 3122 esurimus,
2429 3067 2484 3112 ct
2514 3057 2831 3123 sitin;us,,et
2866 3056 2990 3110 nudi
3037 3069 3248 3120 sumus,
3279 3063 3331 3108 et
3355 3068 3452 3109 co-

1876 3151 2048 3222 laphis
2079 3150 2357 3216 caedimur,
2391 3160 2444 3204 et
2473 3149 2751 3205 instabiles
2790 3164 2999 3205 sumus.
3041 3168 3058 3201 ι
3094 3147 3209 3204 Non
3244 3157 3450 3201 stamus

1825 3227 1836 3241 ’
1875 3246 1933 3299 in
1961 3245 2182 3299 sedibus
2217 3243 2402 3304 cortis.
2433 3244 2636 3315 ubique
2680 3243 2960 3313 Evangelii
2995 3240 3325 3299 necessitate
3365 3239 3448 3308 ja-

1879 3347 2110 3393 Clllllllll‘.

1951 3449 1970 3482 ‹
2008 3430 2075 3484 Et
2099 3431 2412 3486 laboramus
2454 3439 2745 3501 operantes
2776 3430 3022 3486 manibus
3054 3429 3274 3484 nostris.
3307 3446 3325 3480 ι
3358 3426 3450 3482 Sic

1876 3529 2056 3574 tamen
2107 3520 2496 3590 operabantur,
2553 3528 2613 3574 ut
2669 3519 2934 3575 doctrinae
2990 3518 3222 3573 ollicium
3282 3515 3452 3585 magis

1877 3611 2187 3678 implerent.
2915 3619 2928 3629 ‘

1949 3716 1969 3751 ι
2007 3697 2378 3754 Maledicimur
2428 3707 2483 3754 et
2537 3697 2933 3754 benedicimus.
3005 3695 3448 3770 Dersecutioneut

1876 3791 2111 3859 patimur
2161 3799 2215 3845 et
2269 3789 2624 3844 sustinemus.
2685 3788 3134 3858 Blasphemamur
3191 3799 3244 3844 et
3289 3790 3450 3843 obse-

1875 3895 2114 3936 cramus.
2147 3900 2164 3932 ο
2199 3879 2470 3952 Rogamus
2498 3880 2662 3935 Deum
2695 3895 2796 3952 pro
2819 3880 2902 3934 his
2955 3881 3044 3949 qui
3075 3895 3172 3935 nos
3199 3879 3449 3950 blasphe-

1877 3983 2047 4029 mant.
3263 3951 3270 3966 ’

1952 4085 1971 4120 ι
2011 4064 2292 4136 Tanquam
2338 4074 2692 4136 purgamenta
2743 4065 2906 4132 hujus
2937 4065 3147 4120 'mundi
3205 4065 3330 4120 facti
3361 4081 3452 4120 su-

1879 4171 2018 4210 mus.
2058 4175 2076 4209 ι
2116 4154 2272 4211 Sicut
2305 4158 2572 4228 scriptum
2627 4165 2714 4213 est
2746 4173 2770 4218 ζ,
2789 4154 2978 4213 Justus
3019 4156 3333 4212 immundus
3369 4166 3454 4212 est

1877 4247 2020 4318 apud
2057 4247 2249 4303 malos.

1955 4360 1975 4393 ‹
2010 4340 2260 4396 Omnium
2314 4342 2619 4412 peripsema
2671 4356 2848 4409 usque
2896 4341 3094 4395 adhuc.
3144 4357 3163 4392 ι
3197 4338 3451 4396 Omnium

1881 4433 2170 4488 humillimi
2203 4445 2367 4504 atque
2390 4435 2640 4505 subjecti.

1956 4545 1974 4577 ι
2017 4527 2133 4582 Νοιι
2166 4539 2223 4581 ιιι
2255 4527 2581 4582 confundam
2644 4543 2763 4591 vos,
2817 4527 2934 4582 haec
2989 4528 3172 4583 scribo
3206 4543 3222 4594 ;
3254 4528 3348 4582 sed
3402 4536 3458 4579 ut

1883 4617 2026 4672 filios
2087 4634 2237 4674 meos
2293 4619 2646 4674 charissimos
2694 4633 2908 4676 moueo.
2954 4637 2973 4670 ι
3015 4619 3276 4674 Poterant
3330 4632 3458 4672 cou-

1884 4707 2033 4763 fundi
2068 4710 2135 4764 de
2188 4726 2288 4764 sua
2357 4709 2549 4779 gloria,
2609 4710 2653 4765 si
2714 4725 2809 4765 eos
2844 4726 2953 4764 non
3017 4709 3301 4765 relevaret.
3342 4707 3458 4765 Non

1884 4801 2032 4856 enim
2061 4801 2312 4856 ruborem
2346 4801 2560 4855 illorum
2585 4801 2862 4871 cupiebat,
2891 4803 2985 4856 sed
3017 4801 3344 4872 profectum.

1959 4911 1979 4944 ι
2023 4891 2156 4947 Nam
2189 4894 2234 4948 si
2275 4893 2465 4948 decem
2520 4893 2690 4948 millia
2746 4894 3158 4966 paedagogorum
3212 4891 3458 4946 habeatis

1886 4987 1938 5039 in
1970 4986 2208 5052 Christo,
2237 4985 2330 5040 sed
2378 5001 2486 5040 non
2535 4985 2734 5042 multos
2794 4998 3000 5056 patres.
3047 5004 3068 5038 ι
3101 4982 3305 5040 Omnes
3364 4984 3459 5052 qui

1883 5078 1953 5132 ab
2017 5077 2124 5132 alio
2163 5077 2276 5148 jam
2327 5077 2521 5148 genitis
2564 5078 2897 5145 ministrant,
2953 5088 3133 5147 patres
3186 5076 3292 5130 dici
3352 5091 3457 5129 non

1884 5180 2127 5240 possunt.

1965 5263 2127 5316 «Nam
2167 5264 2218 5316 in
2249 5265 2468 5320 Christo
2497 5263 2749 5337 .lesuper
2791 5265 3166 5334 Evangeliutn,
3207 5278 3307 5334 ego
3363 5277 3455 5317 vos

1886 5356 2103 5425 genui.)
2165 5357 2224 5410 lu
2258 5371 2452 5410 novam
2501 5359 2666 5412 vitam
2720 5375 2804 5412 tne
2839 5360 3072 5427 primum
3107 5356 3454 5426 praedicante,

1887 5446 2215 5502 reformatus
2251 5463 2346 5504 vos
2381 5464 2502 5504 esse
2535 5449 2891 5505 meministis.

1965 5537 2148 5608 «Rogo
2186 5555 2316 5612 ergo
2365 5555 2483 5604 vos,
2517 5541 2822 5596 imitatores
2855 5541 2958 5596 mei
3003 5550 3196 5607 estote,
3230 5538 3372 5598 sicut
3405 5549 3460 5593 et

1885 5648 1985 5703 ego
2015 5634 2276 5688 Christi.»
2344 5634 2616 5689 Bonorum
2676 5633 2912 5689 filiorum
2961 5644 3068 5698 est,
3121 5636 3172 5688 in
3205 5633 3460 5688 omnibus

1887 5726 2060 5782 bonos
2096 5725 2297 5780 imitari
2338 5742 2612 5796 parentes.

1969 5835 1988 5869 ι
2029 5817 2148 5874 Ideo
2179 5820 2302 5876 misi
2334 5821 2400 5877 ad
2455 5836 2550 5878 vos
2601 5820 2968 5890 Timotheum,
3028 5821 3123 5894 qui
3177 5830 3261 5882 est
3316 5821 3460 5879 titius
3539 5891 3558 5896 ν
