3956 6196
543 264 650 335 759

539 469 751 532 ﬁdelior
779 479 858 525 est
889 471 1120 536 caeteris,
1154 479 1304 527 tanto
1331 472 1555 528 eharior
1587 474 1824 530 cunctis.

614 561 744 627 «Qui
777 576 870 615 vos
901 561 1360 617 cummonefaciat
1384 563 1503 618 vias
1537 579 1708 631 meas,
1753 579 1872 634 qua:
1903 569 2030 620 sunt
2056 565 2110 619 ln

537 652 760 706 Chrism
811 650 992 706 Iesu.»
1061 653 1163 718 Qui
1209 669 1306 709 vos
1357 663 1414 710 et
1448 657 1584 710 meis
1645 656 1864 719 litteris,
1923 665 1978 710 et
2014 671 2115 711 suo

538 753 914 801 commoneret
936 746 1184 817 exemplo
1209 761 1224 806 :
1246 748 1392 803 aliud
1421 749 1566 804 enim
1599 747 1719 804 sine
1737 749 1841 804 alio
1861 751 2116 819 prodesse

541 849 650 890 non
684 845 920 902 poterat.

565 941 568 944 ’
617 945 634 978 ι
662 926 815 983 Sicut
857 930 1057 1000 ubique
1087 931 1139 991 in
1189 932 1339 988 omni
1375 930 1617 986 Ecclesia
1663 931 1853 985 doceo.
1883 949 1902 982 ι
1969 930 2115 996 Quo-

540 1020 702 1073 modo
746 1035 965 1090 semper
1024 1033 1080 1078 et
1138 1023 1340 1094 ubique
1397 1039 1576 1079 meum
1633 1025 1940 1093 exemplum
1994 1040 2115 1078 cum

540 1109 788 1162 doctrina
826 1113 1143 1169 concordat.

549 1269 554 1274 ‘
624 1219 642 1251 ι
671 1200 952 1270 Tanquam
996 1220 1101 1259 nou
1135 1217 1394 1261 venturus
1427 1207 1526 1260 sim
1560 1208 1626 1261 ad
1659 1221 1773 1262 vos.
1810 1226 1826 1257 ι
1863 1206 1960 1262 llic
1988 1209 2121 1264 inci-

549 1296 625 1362 pit
664 1310 886 1350 causam
921 1295 1302 1353 fornicationis
1340 1314 1589 1369 arguere.

627 1401 647 1434 ο
675 1383 767 1438 Sic
804 1384 971 1439 inﬂati
1003 1398 1126 1440 sunt
1153 1389 1399 1457 quidam.
1442 1387 1667 1443 Veniam
1709 1400 1887 1444 autem
1929 1393 1994 1444 ad
2027 1405 2122 1444 vos

551 1476 684 1541 cito,
749 1477 793 1530 si
863 1477 1126 1534 Dominus
1185 1481 1486 1534 voluerit.»
1548 1479 1759 1543 Tandiu
1813 1481 2011 1552 aliquis
2058 1483 2124 1536 de

549 1568 778 1623 scientia
834 1570 966 1625 falsa
1017 1586 1075 1626 se
1110 1571 1306 1638 iactat,
1356 1588 1638 1644 usquean
1685 1587 1830 1630 vera:
1885 1576 2126 1631 scientia:

552 1660 877 1731 praedicator
910 1663 1151 1719 advenit.

1495 271 1557 330 S.
1598 270 2040 333 HIERONYMI
2083 273 2398 337 OPERUM
2441 279 2840 344 MANTISSA.

538 389 695 433 meus
730 374 1108 442 charissimus,
1145 387 1201 432 et
1248 378 1419 435 fidelis
1457 380 1510 434 in
1567 379 1849 437 Domino.»
1899 379 2114 449 Quanto
2146 392 2186 448 Α
2221 390 2389 442 nostri
2445 388 2575 446 Jcsu
2609 392 2813 447 Christi

3621 284 3704 346 760

2870 407 2884 445 :
2933 390 3269 460 congregatis
3328 390 3484 454 vobis,
3534 401 3580 446 et
3618 408 3712 448 meo

2217 479 2415 548 spiritu
2467 495 2591 536 cum
2647 482 2852 537 virtute
2905 482 3116 536 Domini
3147 481 3341 538 Jesu.»
3403 480 3494 547 Qui
3521 497 3604 551 pro
3645 498 3711 536 me

2217 580 2334 624 erat
2353 587 2616 640 praesens,
2631 574 2748 628 sive
2769 574 2823 628 in
2848 574 3153 629 litterarqu
3171 587 3402 626 mearum
3427 573 3711 639 auctoritate,

2217 677 2312 730 per
2348 679 2508 730 quam
2550 665 2764 720 Domini
2796 679 3011 734 quoque
3035 667 3214 720 virtus
3231 665 3453 720 assistit.

2295 773 2313 804 ι
2341 753 2580 810 Tradere
2609 756 3215 826 hujusmodlSatanaain
3238 757 3499 811 interitum
3525 759 3708 814 cat-nisu

2220 846 2292 902 Ut
2322 843 2619 916 arripiendi
2641 849 2793 903 illum
2819 849 3182 920 corporaliter
3211 847 3401 904 habeat
3423 858 3710 916 potestatem.

2223 935 2373 1000 Quod
2401 951 2524 991 cum
2569 937 2767 992 viderit
2805 953 2866 994 se
2899 953 2996 993 nec
3023 939 3209 994 carnis
3239 939 3346 1002 hic,
3384 953 3475 994 nec
3508 939 3554 992 in
3575 939 3714 997 futuro

2223 1028 2452 1094 spiritus
2489 1029 2731 1098 requiem
2774 1027 3089 1084 habiturum
3129 1029 3236 1085 :de
3272 1028 3410 1084 facto
3432 1031 3713 1098 pceniteatnt

2158 1118 2165 1124 ’
2225 1117 2488 1170 salvetur.
2555 1116 2678 1172 Sive
2738 1118 2818 1173 sic
2849 1119 3080 1189 quisque
3129 1134 3237 1186 pro
3291 1119 3486 1172 meritis
3531 1121 3628 1173 suis
3665 1120 3714 1173 de

2226 1207 2467 1262 Ecclesia
2500 1207 2736 1277 pellitur,
2758 1209 2973 1264 Satanm
2999 1210 3234 1264 traditur
3264 1211 3524 1277 potestati:
3545 1220 3594 1262 ut
3619 1211 3714 1266 dum

2225 1316 2352 1355 caro
2385 1300 2504 1370 ejus
2539 1316 2632 1370 per
2671 1301 3047 1370 paenitentiam
3074 1300 3294 1368 amicta,
3327 1303 3581 1371 quemdam
3613 1302 3716 1356 inte-

2229 1391 2392 1445 ritum
2447 1393 2669 1460 patitur,
2713 1391 2940 1461 spiritus
2992 1404 3368 1448 conservetur.
3423 1389 3570 1446 Habet
3605 1394 3715 1446 enim

2227 1481 2678 1536 consuetudinem
2730 1465 3033 1551 Scriptura,
3093 1491 3152 1534 ut
3183 1479 3445 1535 hominem
3493 1480 3539 1534 in
3581 1493 3714 1550 parte,

2231 1581 2402 1626 totum
2434 1571 2725 1640 intelligat.
2773 1570 2901 1628 Sive
2949 1577 3045 1638 ita,
3101 1572 3232 1643 quia
3273 1581 3326 1627 et
3361 1571 3445 1627 hic
3487 1568 3718 1640 Scriptura!

2232 1679 2350 1719 mos
2385 1671 2489 1728 est,
2525 1672 2583 1717 ut
2613 1663 2664 1717 in
2710 1677 2876 1718 carne
2918 1664 3170 1718 carnales
3239 1672 3390 1719 actus
3436 1663 3638 1727 interire,
3679 1664 3717 1717 iu

630 1769 648 1801 ι
683 1750 747 1805 Ει.
813 1768 1139 1822 cognoscam
1220 1772 1327 1814 non
1361 1773 1667 1812 sermonem
1731 1773 1960 1821 eorum,
2031 1761 2124 1829 qui
2161 1742 2422 1823 Bspiritu
2483 1769 2614 1810 vero
2670 1755 2976 1832 spiritualis
3052 1757 3397 1810 conversatio
3458 1754 3584 1809 salva
3635 1754 3717 1808 ﬁeri

556 1842 726 1897 irﬂati
784 1853 935 1909 sunt,
985 1849 1080 1900 sed
1120 1847 1399 1902 virtutem.
1432 1867 1449 1898 ι
1491 1849 1832 1904 Evamiuabo
1869 1867 1975 1904 non
2011 1852 2125 1904 elu-

554 1934 790 2000 quentiaa
850 1951 1126 2004 pompam,
1191 1940 1286 1994 sed
1341 1943 1781 1999 COIIt'et‘saliOHiS
1843 1942 2124 2009 ellectum,

561 2023 649 2080 ubi
679 2025 850 2081 virtus
885 2027 1005 2082 tidei
1029 2045 1150 2083 esse
1183 2031 1466 2100 probatur.

635 2133 655 2167 ι
684 2115 802 2170 Non
835 2118 980 2172 enim
1021 2120 1074 2173 in
1122 2136 1375 2176 sermone
1405 2132 1490 2179 est
1520 2137 1746 2192 regnum
1783 2125 1900 2189 Dei,
1932 2126 2026 2182 sed
2076 2126 2130 2180 in

562 2210 828 2265 virtutea
890 2212 992 2271 Hie
1038 2217 1298 2278 ostendit,
1347 2216 1484 2271 nihil
1539 2219 1796 2287 prodesse
1827 2213 2134 2273 doctrinam

561 2303 771 2374 absque
809 2302 1037 2372 justitia:
1073 2308 1353 2376 operibus,
1406 2309 1455 2364 ei
1497 2310 1589 2378 qui
1626 2322 1733 2364 non
1775 2310 1961 2375 iaciat,
2012 2324 2136 2378 qua:

561 2397 813 2452 facienda
846 2401 1165 2470 persuadet.

639 2489 825 2558 «Quid
863 2489 1066 2545 vultis?
1091 2511 1108 2544 ι
1149 2491 1421 2562 Bcniguus
1459 2493 1720 2564 magister
1748 2493 2136 2562 discipulorum

567 2582 974 2650 correptionem
1008 2582 1061 2636 in
1103 2599 1292 2638 eorum
1353 2595 1619 2652 potestate
1669 2586 1944 2640 dimittit:
1993 2593 2050 2639 ut
2091 2585 2136 2639 si

568 2673 836 2744 poenitere
880 2675 1073 2740 velint,
1121 2675 1582 2732 clementissimus
1617 2677 1936 2733 consolator
1980 2679 2141 2732 ades-

569 2775 671 2820 set.
700 2765 756 2822 Si
787 2777 965 2826 autem
1003 2770 1231 2833 nollent,
1267 2769 1435 2830 durus
1465 2770 1608 2834 ultor
1632 2771 1915 2827 assisteret
1951 2779 2143 2838 pecca-

571 2868 768 2916 torum.

647 2971 665 3004 ι
699 2952 754 3012 ιιι
818 2954 964 3024 virga
1015 2957 1230 3010 veniam
1268 2958 1334 3010 ad
1392 2973 1510 3025 vos,
1555 2974 1623 3012 an
1670 2961 1722 3014 in
1782 2960 2052 3014 cbaritate
2091 2970 2144 3015 et

575 3047 766 3115 spiritu
802 3050 1305 3122 mansuetudinisu
1333 3049 1460 3106 Cor.
1482 3067 1554 3117 tv,
1588 3051 1758 3121 ‘21)?»
1801 3051 1958 3118 Quali
1989 3053 2141 3122 virga
2173 3087 2218 3148 Ο

573 3140 718 3191 venit
747 3138 940 3195 Petrus
971 3142 1038 3194 ad
1070 3143 1336 3196 Ananiatn
1372 3153 1424 3198 et
1475 3144 1806 3213 Sapphiram
1843 3142 1986 3214 (Act.
2027 3159 2143 3212 siti,

573 3230 748 3298 842},
783 3241 837 3287 et
871 3235 986 3302 ipse
1022 3233 1222 3290 Paulus
1251 3237 1318 3299 ad
1345 3251 1587 3306 magum.

1179 3391 1409 3466 CAPUT
1477 3392 1543 3448 v.

657 3504 942 3566 coninino
987 3505 1226 3566 auditur.
1258 3525 1277 3557 ι
1337 3504 1594 3562 Ostendit
1645 3522 1814 3577 quare
1865 3509 2150 3578 superiora

575 3601 816 3660 minatus
845 3601 938 3658 sit.
1901 3587 1910 3593 ’

654 3712 674 3744 ι
707 3693 855 3748 Inter
901 3709 995 3748 vos
1031 3691 1345 3759 fornicatio,
1375 3701 1432 3746 et
1461 3694 1586 3751 talis
1620 3693 1932 3760 fornicatio,
1979 3693 2154 3763 qualis

583 3802 685 3848 nec
733 3788 877 3850 inter
913 3796 1102 3855 gentes
1133 3803 1146 3840 :
1185 3787 1258 3841 ita
1291 3794 1349 3842 ut
1379 3802 1600 3842 uxorem
1640 3789 1810 3856 patris
1835 3788 1920 3841 sui
1958 3788 2155 3856 aliquis

584 3877 802 3934 habeat.
829 3895 848 3928 ›
891 3875 945 3930 ln
982 3877 1251 3944 Ecclesia,
1289 3877 1376 3931 cui
1408 3893 1503 3932 vos
1535 3891 1770 3944 praeesse
1800 3877 2082 3931 videmini.

659 3988 679 4026 ι
709 3969 775 4024 Ει
807 3985 906 4024 vos
941 3967 1108 4024 inﬂati
1148 3969 1306 4034 estis,
1365 3977 1420 4022 et
1467 3967 1573 4023 non
1626 3969 1799 4036 magis
1830 3969 2032 4023 luctum
2061 3970 2158 4023 ha-

583 4063 799 4117 buistis.
831 4080 850 4112 »
889 4059 1036 4116 Vana
1066 4059 1606 4124 scientiainﬂamini,
1639 4070 1689 4114 et
1722 4075 1912 4116 curam
1942 4062 2009 4116 de
2070 4063 2156 4116 his

527 4216 536 4226 ,
586 4156 678 4224 qui
712 4159 944 4223 pereunt
990 4168 1095 4208 non
1140 4152 1351 4207 habetis
1386 4169 1400 4206 :
1433 4161 1490 4206 ut
1521 4162 1618 4206 aut
1652 4153 2024 4223 corrigantur,
2063 4167 2160 4210 aut

585 4246 654 4307 ab
677 4244 917 4310 Ecclesia
941 4254 1284 4314 separentur.
1342 4243 1474 4298 Cum
1504 4244 1676 4300 bonus
1733 4259 1978 4315 pastores
2008 4264 2158 4302 sem-

589 4354 680 4409 per
717 4337 980 4408 legamus,
1005 4337 1189 4404 p0puli
1213 4336 1444 4394 deﬂesse
1467 4347 1692 4405 peccata
1720 4360 1734 4396 :
1774 4348 1836 4392 ut
1859 4337 2157 4394 .leremiam

2231 1846 2684 1902 demonstretur.”
2731 1846 2860 1904 Item
2925 1835 3012 1903 hic
3063 1849 3305 1904 ostendit
3357 1845 3567 1916 ejectum
3609 1855 3721 1900 extra

2247 1927 2545 1991 Ecclesiam
2591 1939 2780 1993 rabido
2832 1955 2926 1995 ore
2966 1940 3274 1994 dwmonum
3327 1936 3650 1998 lacerandum,
3688 1933 3721 1991 sl

2236 2030 2602 2096 permanserit
2655 2031 2849 2085 nolens
2909 2033 3091 2086 carnis
3152 2032 3278 2086 vitia
3336 2029 3640 2095 mortiﬁcare,
3683 2037 3724 2084 ut

2237 2120 2410 2192 possit
2439 2121 2608 2176 vitam
2644 2133 2887 2178 sanctam
2922 2137 3271 2194 recuperare.

2313 2233 2332 2266 ι
2365 2214 2436 2271 Ut
2458 2215 2688 2285 spiritus
2710 2214 2897 2270 salvus
2926 2216 2998 2270 sit
3028 2218 3083 2270 in
3111 2217 3204 2273 die
3236 2216 3435 2270 Domini
3469 2212 3612 2268 nostri
3633 2209 3726 2268 lesu

2237 2307 2464 2363 Christi.
2497 2325 2516 2358 ι
2555 2306 2820 2374 Quoniam
2860 2307 2913 2362 in
2961 2307 3219 2378 Spiritum
3275 2307 3489 2362 Satanas
3538 2303 3728 2372 accipere

2241 2417 2346 2454 non
2385 2411 2558 2470 potest
2598 2409 2944 2470 potestatem,
2985 2413 3043 2454 ut
3080 2399 3302 2458 Domini
3329 2397 3514 2468 judicio
3541 2407 3730 2452 reservo-

2243 2501 2350 2547 lUl‘.

2320 2605 2338 2638 ι
2370 2584 2484 2642 Νοιι
2523 2597 2607 2642 est
2636 2587 2774 2642 bona
2829 2587 3084 2657 gloriatio
3115 2597 3300 2642 vestra
3331 2605 3344 2640 :
3381 2582 3597 2648 nescitis,
3640 2577 3732 2648 quia

2245 2681 2516 2734 modicum
2552 2683 2879 2735 fermentum
2929 2689 3097 2734 totam
3139 2693 3372 2736 massam
3414 2669 3726 2740 corrumpitii

2246 2773 2539 2842 ignoratis.
2563 2777 2690 2841 quia
2726 2774 2868 2828 malo
2897 2772 3152 2841 exemplo
3182 2781 3402 2842 possunt
3422 2767 3608 2840 plurimi
3635 2765 3736 2818 intc-

2249 2865 2394 2918 rire?
2430 2863 2538 2920 Sed
2579 2875 2632 2919 et
2663 2881 2758 2933 per
2783 2867 2945 2919 ttnius
2972 2863 3260 2930 delictum,
3304 2863 3354 2917 in
3387 2873 3578 2916 omnem
3604 2868 3732 2927 popu-

2250 2957 2356 3010 lum
2385 2954 2694 3012 Judmorum
2730 2959 2864 3010 iram
2896 2955 2987 3012 Dei
3017 2957 3252 3026 legimus
3295 2953 3572 3009 advenisse.

2329 3065 2348 3098 ι
2377 3044 2688 3116 Expurgate
2711 3055 2866 3100 vetus
2889 3044 3251 3111 fermentum,
3283 3052 3340 3097 ut
3369 3043 3482 3097 sitis
3505 3052 3617 3095 nova
3644 3049 3738 3090 con-

2253 3141 2486 3209 spersio,
2511 3140 2656 3193 sicut
2689 3137 2824 3192 estis
2846 3139 3046 3207 azymi.
3080 3154 3098 3188 ι
3138 3135 3294 3191 Nihil
3326 3135 3378 3190 in
3411 3133 3550 3188 vobis
3570 3142 3740 3184 conver-

2253 3232 2485 3288 sationis
2550 3231 2792 3300 pristiua:
2847 3229 3198 3300 relinquatis,
3252 3227 3393 3298 quod
3441 3221 3738 3282 sinceritatem

2254 3325 2426 3395 possit
2455 3333 2663 3380 naturae
2687 3337 3062 3394 corrumpere.

2332 3436 2351 3468 ι
2380 3415 2593 3478 Etenim
2614 3415 2814 3484 pascha
2832 3423 3076 3468 nostrum
3118 3411 3426 3467 immolatus
3440 3418 3515 3464 est
3532 3403 3740 3462 Christus.

2254 3507 2437 3576 itaque
2459 3505 2764 3576 epulemur,
2813 3520 2920 3559 non
2948 3505 2999 3559 in
3031 3503 3304 3558 fermento
3339 3501 3516 3564 veteri,
3546 3508 3683 3562 neque
3705 3492 3741 3543 in

2255 3597 2526 3654 fermento
2563 3597 2778 3652 malitia-
2811 3607 2868 3652 et
2902 3595 3160 3666 nequitiae
3197 3613 3213 3653 :
3256 3597 3349 3650 sed
3398 3595 3447 3646 in
3472 3588 3644 3663 azymis
3665 3583 3744 3636 sin-

2256 3690 2502 3746 ceritatis
2553 3699 2606 3743 et
2638 3690 2907 3744 veritatis.
2955 3707 2972 3740 ι
3020 3687 3137 3744 Non
3213 3688 3404 3756 ﬁgura,
3459 3681 3545 3739 sed
3579 3678 3742 3732 mimo

2261 3781 2325 3837 Et
2351 3782 2519 3838 Judzei
2541 3782 2758 3852 quidem
2780 3792 2985 3852 septem
3011 3782 3202 3836 diebus
3223 3793 3409 3851 azyma
3431 3771 3746 3832 comedebant:

2261 3893 2362 3932 nos
2411 3891 2542 3931 vero
2570 3889 2810 3946 semper,
2846 3875 2890 3928 si
2924 3869 3252 3943 simpliciter
3284 3885 3334 3926 et
3366 3885 3490 3940 pure
3517 3871 3746 3920 versemur.

2259 3972 2396 4046 Quia
2434 3972 2490 4028 in
2545 3982 2756 4039 septem
2824 3970 3014 4024 diebus
3071 3968 3306 4023 mundus
3349 3974 3431 4020 est
3475 3960 3643 4020 factus,

2261 4043 2477 4136 setuper
2507 4066 2562 4120 in
2595 4079 2692 4118 suo
2717 4062 2908 4118 ordine
2931 4059 3258 4116 revolvitur.
3293 4058 3360 4111 Et
3395 4049 3609 4124 quotidie
3636 4043 3752 4136 nobis

2266 4174 2438 4229 agnus
2470 4157 2757 4222 occiditur,
2785 4165 2834 4208 ct
2864 4158 3063 4225 pascha
3094 4151 3337 4222 quotidie
3366 4147 3691 4236 celebramus“:

2262 4225 2590 4304 fermentum
2627 4249 2845 4302 malitiae
2871 4257 2923 4320 et
2945 4246 3197 4314 nequitiae
3238 4259 3344 4297 non
3375 4241 3626 4294 habemus.
3649 4225 3752 4294 Quid

2266 4353 2352 4397 est
2381 4341 2528 4396 enim
2559 4339 2708 4394 aliud
2754 4340 2864 4394 nisi
2912 4340 3190 4408 corruptio
3213 4348 3438 4399 natura‘,
3477 4330 3753 4384 fermentum.

588 4433 680 4500 qui
734 4430 854 4486 ait:
891 4431 1022 4495 Quis
1069 4429 1218 4483 dabit
1273 4431 1438 4498 capiti
1488 4446 1600 4484 meo
1650 4447 1866 4500 aquam,
1907 4442 1956 4486 et
1998 4432 2163 4486 oculis
2197 4423 2240 4477 ί)
2270 4433 2414 4504 quod
2438 4443 2491 4488 et
2519 4433 2696 4502 ipsum
2723 4431 2872 4501 prius
2901 4447 2931 4485 a
2977 4429 3213 4484 naturali
3245 4425 3518 4482 dulcedine
3537 4414 3754 4474 recedens.

589 4523 718 4585 meis
747 4521 942 4590 {autem
979 4521 1340 4591 lacrgmarum
1373 4519 1596 4590 (Jerem.
1651 4537 1730 4587 Ix,
1769 4521 1866 4590 l)?
1899 4533 1955 4574 ut
1981 4535 2165 4577 osten-

591 4621 766 4680 deret,
820 4615 922 4670 sibi
969 4627 1075 4668 non
1135 4612 1394 4674 affectum
1459 4613 1684 4678 doloris,
1737 4615 1832 4669 sed
1894 4615 2167 4686 lacrymas

593 4709 885 4767 defecisse.

670 4801 782 4860 «Ut
837 4801 1058 4856 tollatur
1105 4801 1171 4854 de
1212 4799 1389 4854 medio
1440 4813 1705 4868 vestrum,
1744 4801 1838 4870 qui
1877 4802 1979 4855 hoc
2031 4816 2169 4871 Opus

599 4897 750 4951 fecit.
797 4913 816 4947 ι
881 4893 1008 4948 Sive
1066 4894 1226 4948 homo
1277 4895 1368 4962 qui
1425 4894 1670 4962 peccavit
1727 4895 1991 4960 tollatur,
2058 4898 2172 4949 sive

599 4989 834 5044 Satanas
861 4988 1143 5059 ejiciatur,
1174 4986 1302 5042 dum
1334 5001 1440 5040 nou
1489 4987 1651 5040 habet
1689 5002 1786 5056 per
1832 5001 1991 5057 quem
2043 5002 2170 5056 ope-

600 5093 716 5136 ιὀιιι
729 5097 772 5137 l'.

679 5177 834 5245 «Ego
883 5175 1100 5244 quidem
1143 5175 1340 5230 absens
1386 5188 1645 5244 corpore,
1694 5186 1938 5244 praiscns
1993 5183 2173 5235 autem

604 5272 823 5335 spiritu,
878 5269 990 5334 jam
1014 5266 1254 5335 judicavi
1291 5273 1348 5320 ut
1385 5280 1686 5336 praesens;
1739 5263 2068 5319 Praesentem
2117 5279 2178 5320 se

607 5375 730 5414 esse
763 5361 895 5414 dicit
922 5359 976 5413 in
1013 5359 1233 5429 Spiritu,
1277 5373 1345 5413 ne
1395 5374 1461 5412 ex
1503 5359 1618 5412 solo
1659 5359 1853 5410 auditu
1895 5358 2177 5412 absentem

608 5453 900 5508 damnasse
927 5459 1212 5518 putaretur
1242 5465 1261 5504 :
1295 5447 1596 5503 secundum
1625 5448 1758 5502 illud
1783 5443 1957 5502 Eliszei
1997 5447 2183 5502 dicen-

607 5545 680 5600 tis
715 5542 784 5598 ad
813 5543 965 5598 Giezi
1000 5562 1013 5597 :
1054 5541 1244 5610 Nonne
1263 5542 1480 5611 spiritus
1508 5557 1652 5594 meus
1685 5549 1856 5594 tecum
1883 5551 1994 5593 erat
2024 5539 2080 5593 in
2099 5542 2182 5595 via

611 5637 731 5716 (III
767 5637 894 5708 Reg.
935 5653 1070 5705 χχιι,
1097 5636 1226 5706 24η

688 5733 867 5796 (Eum
907 5733 998 5808 qui
1046 5735 1126 5788 sic
1158 5742 1417 5802 operatus
1465 5742 1566 5799 cst,
1613 5731 1668 5786 in
1709 5729 1928 5787 nomine
1974 5728 2186 5790 Domini

2274 4525 2771 4599 adulter-iiiooacore
2807 4531 3124 4592 corruptum
3159 4518 3281 4575 est?
3705 4595 3714 4606 .
3747 4589 3755 4602 ι

2349 4637 2370 4671 ι
2401 4617 2610 4684 Scripsi
2669 4617 2824 4670 vobis
2869 4615 2918 4668 in
2969 4614 3236 4684 Epismla,
3289 4627 3354 4666 ne
3377 4605 3758 4684 cornmisceamtnl

2275 4682 2612 4762 lornicuriis.
2669 4705 2787 4762 Non
2822 4682 3030 4772 utique
3060 4702 3370 4758 fornicariis
3412 4699 3560 4767 hujus
3604 4682 3758 4745 mundi.

2275 4811 2371 4858 aut
2397 4804 2598 4866 avaris,
2631 4806 2724 4854 aut
2754 4799 3068 4870 rapacibus,
3093 4808 3185 4853 aut
3214 4798 3375 4854 idolis
3401 4785 3758 4850 servientibus!

2280 4893 2394 4950 Hoc
2424 4895 2598 4962 iPsum
2632 4893 2688 4948 in
2747 4893 2849 4948 hac
2901 4891 3144 4964 Epistola
3189 4893 3262 4945 ita
3308 4884 3514 4954 scripsi,
3557 4891 3646 4932 non
3678 4877 3762 4924 lita

2276 4987 2554 5058 gentibus,
2586 4985 2680 5041 sed
2705 4984 2774 5039 ab
2805 4985 2892 5050 his
2923 4985 3017 5054 qui
3044 4990 3278 5052 peccant
3308 4980 3362 5033 in
3392 4971 3628 5064 Ecclesia.
3648 4973 3764 5064 setia-

2278 5078 2477 5134 remini
2517 5095 2532 5132 :
2570 5078 2655 5134 sin
2683 5084 2890 5140 autem,
2920 5078 3056 5132 mori
3088 5073 3400 5130 debueratis
3433 5082 3447 5123 :
3474 5079 3592 5137 quos
3616 5059 3766 5149 idcitto

2272 5165 2554 5240 praecipue
2597 5171 2782 5226 vivere
2816 5170 3034 5224 interim
3070 5169 3214 5225 Deus
3250 5165 3434 5230 voluit,
3463 5174 3560 5231 quo
3599 5147 3769 5209 cohabi-

2283 5263 2490 5320 tatione
2520 5273 2699 5318 vestra
2743 5263 3068 5333 proﬁcerent
3091 5260 3355 5318 inﬁdeles.

2361 5355 2659 5426 (Alioquin
2711 5355 3028 5415 debueratis
3090 5354 3158 5411 de
3215 5355 3320 5408 hoc
3351 5346 3537 5404 mundo
3581 5339 3766 5426 exisset

2289 5445 2418 5502 Sive
2458 5447 2527 5500 ita
2547 5424 2578 5500 -ε
2629 5447 2714 5502 sin
2753 5456 2960 5512 autem,
3017 5447 3212 5502 melius
3265 5443 3416 5498 vobis
3444 5430 3678 5492 fueratdc
3699 5424 3772 5477 hac

2285 5543 2411 5596 luce
2447 5541 2738 5610 migrasse,
2785 5555 2948 5608 quam
2981 5539 3227 5611 indigere
3252 5552 3346 5612 [ιρι-
3377 5523 3773 5590 commonitionem

2291 5651 2319 5688 ει
2352 5633 2596 5704 gentium
2642 5634 2924 5688 consortio
2955 5633 3220 5701 separari.
3269 5628 3280 5636 “
3701 5697 3712 5710 ⁸

2367 5724 2568 5788 (Nunc
2603 5737 2783 5782 autem
2828 5726 3026 5795 scripsi
3077 5725 3247 5790 vobis,
3284 5737 3386 5778 non
3429 5711 3769 5775 commiserim

3865 5573 3867 5664 1
