3934 6200
285 312 385 375 761

1289 320 1693 382 EXPUSITIO
1733 323 1813 384 ΙΝ
1857 324 2083 384 EPIST
2164 327 2182 383 l
2221 328 2322 388 AD
2354 327 2523 389 COR.

3428 337 3537 400 ’162

285 425 394 483 Sed
453 425 627 493 magis
661 425 805 495 quod
845 428 1066 500 scripsi,
1103 430 1203 487 hoc
1258 443 1364 498 est,
1397 448 1464 490 ne
1492 434 1694 491 talibus
1720 449 1855 492 con-
1887 453 1928 508 Α
1962 439 2107 495 inter
2139 440 2361 496 fratrem
2388 457 2570 497 suum.
2609 460 2629 494 »
2683 440 3021 498 Erubescere
3049 441 3278 504 debetis,
3305 458 3370 498 eo
3394 449 3538 514 quod

283 534 609 590 iungamtm.

362 631 382 665 ι
408 610 464 670 Si
489 612 534 666 is
563 612 655 680 qui
689 609 860 666 fratcr'
889 611 1222 678 nominatur,
1253 615 1396 668 inter
1429 629 1524 670 vos
1570 625 1654 670 est
1690 616 1861 672 forni-

283 720 466 773 cator,
506 715 602 758 aut
645 719 867 768 avarus,
919 715 1014 759 aut
1055 705 1212 761 idolis
1255 707 1526 771 serviens,
1564 717 1659 763 aut
1693 708 1862 764 male-

283 802 458 862 dicus,
495 807 588 850 aut
617 797 894 859 ebriosus,
925 804 1019 849 aut
1063 813 1250 867 rapax.
1291 817 1308 850 »
1342 798 1459 852 Non
1491 814 1558 854 ex
1587 799 1705 855 sola
1739 801 1858 869 Opi-

283 890 447 944 nione
469 887 726 940 vitandus
763 895 870 940 est.
901 885 1006 940 Sed
1043 887 1089 942 si
1130 888 1256 955 quis
1289 889 1458 942 frater
1486 889 1603 944 solo
1637 894 1860 946 nomine

287 979 619 1050 appellatur.
667 992 788 1031 cum
823 978 1122 1033 fornicator
1158 981 1468 1048 detegatur,
1516 993 1608 1035 aut
1639 983 1744 1047 fnr,
1791 985 1862 1040 ab

285 1075 388 1124 hoc
415 1067 663 1140 separari
688 1067 946 1137 iubemur
981 1083 994 1119 :
1029 1072 1166 1123 sicut
1193 1069 1460 1139 scriptum
1489 1083 1572 1127 est
1603 1084 1618 1126 :
1665 1072 1768 1140 Qui
1802 1089 1861 1128 se

278 1161 460 1232 jungit
487 1159 879 1223 fornicatoriis,
901 1174 1132 1228 nequam
1163 1171 1245 1216 εει
1273 1177 1290 1218 :
1324 1163 1550 1230 putredo
1581 1175 1634 1218 et
1659 1165 1860 1218 vermis

284 1253 684 1308 haereditabunt
721 1265 865 1305 eum.

361 1366 379 1398 ι
409 1346 546 1400 Cum
575 1343 882 1412 huiusmodi
903 1358 1004 1400 nec
1033 1345 1214 1399 cibum
1249 1360 1488 1401 sumere.
1512 1366 1532 1399 »
1571 1345 1684 1403 Nec
1707 1362 1858 1401 com-

285 1452 510 1493 munem
543 1436 762 1507 quidem
807 1437 988 1490 cibum
1021 1453 1147 1492 cum
1188 1438 1385 1494 talibus
1421 1438 1857 1509 participandnm

282 1543 409 1582 esse
439 1527 734 1582 concessit.

365 1639 383 1669 ι
407 1617 548 1684 Quid
576 1619 723 1672 enim
749 1619 877 1674 mihi
901 1619 970 1676 de
997 1619 1080 1676 bis
1103 1621 1196 1691 qui
1216 1619 1353 1679 foris
1371 1633 1500 1679 sunt
1510 1622 1762 1694 iudicare
1783 1623 1806 1676 ἵ
1832 1640 1852 1674 »

286 1709 401 1764 lloc
427 1719 529 1778 est,
563 1711 628 1766 de
659 1710 990 1781 infidelibus.

1967 543 2126 584 ιιι-ιιιο
2171 530 2239 584 sit
2266 531 2406 585 inter
2441 547 2536 586 vos
2569 540 2675 585 tam
2707 531 2949 602 sapiens,
2981 533 3072 602 qui
3101 533 3316 587 noverit
3343 547 3538 588 causas

1967 621 2108 676 inter
2145 621 2343 679 fratres
2364 623 2675 680 discernere
2705 641 2722 683 :
2751 634 2810 680 ut
2839 640 2948 680 non
2981 639 3202 680 necesse
3229 626 3300 682 sit
3324 625 3538 694 publice

1966 709 2198 780 litigare.

2037 818 2057 852 ι
2092 800 2200 857 Sed
2232 803 2405 857 frater
2432 819 2554 858 cum
2595 804 2767 859 fratre
2791 804 2999 875 judicio
3029 805 3334 870 contendit,
3357 805 3536 860 ethoc

1963 893 2108 963 apud
2164 894 2472 950 inﬁdeles.»
2533 895 2742 966 Duplex
2801 905 3082 965 peccatum
3134 905 3237 962 est,
3296 907 3351 950 et
3390 896 3532 966 quod

1956 986 2166 1056 judicio
2199 989 2554 1056 contenditis,
2599 1000 2654 1044 et
2697 989 2827 1059 quia
2867 991 3008 1059 apud
3052 987 3298 1044 infideles
3339 1002 3436 1044 vos
3464 989 3533 1044 ad

1957 1077 2137 1147 iurgia
2169 1081 2500 1149 provocatis.

1931 1165 1940 1170 “
2041 1188 2060 1220 ‹
2089 1168 2207 1224 Jam
2252 1171 2470 1240 quidem
2521 1173 2742 1228 omnino
2794 1172 3049 1228 delictum
3099 1170 3264 1226 estin
3301 1171 3474 1226 vobis.
3508 1188 3528 1224 »

1960 1259 2078 1317 Jam
2113 1266 2215 1318 hoc
2246 1265 2424 1319 solum
2461 1266 2717 1321 delictum
2751 1276 2855 1332 est,
2907 1265 3056 1336 quod
3114 1274 3301 1320 contra
3331 1278 3535 1333 praece-

1964 1363 2126 1422 ptum-
2143 1352 2322 1409 facitis
2345 1354 2571 1411 Christi.

2036 1463 2054 1496 ι
2088 1445 2240 1510 Quod
2263 1445 2468 1516 iudicia
2503 1448 2716 1504 habetis
2769 1449 2910 1503 inter
2940 1463 3054 1502 vos.
3088 1466 3106 1499 »
3169 1445 3268 1513 Qui
3319 1461 3532 1516 semper

1961 1550 2147 1604 pacem
2185 1536 2386 1594 habere
2415 1538 2707 1605 deberetis,
2742 1539 2904 1593 etiam
2938 1553 3062 1593 cum
3097 1551 3277 1591 rerum
3310 1547 3533 1606 tempo-

1964 1625 2162 1678 ralium
2195 1625 2524 1682 detrimento
2547 1637 2846 1682 servatam.

2037 1715 2265 1784 «Quare
2314 1733 2422 1772 non
2483 1720 2658 1787 magis
2710 1719 2960 1784 iniuriam
3009 1719 3300 1790 accipitis?
3353 1719 3536 1786 Quare

358 1819 378 1854 ι
408 1799 598 1856 Nonne
654 1801 723 1855 de
757 1801 844 1856 his
879 1801 969 1869 qui
1029 1804 1176 1858 intus
1220 1815 1366 1872 sunt,
1416 1819 1513 1860 vos
1561 1801 1862 1875 iudicatis?
1893 1791 1938 1852 Β
1969 1823 2074 1863 non
2107 1809 2278 1875 magis
2335 1809 2578 1863 fraudem
2633 1812 2931 1878 patimini?
2971 1813 3076 1867 Sed
3131 1827 3226 1866 vos
3279 1811 3531 1878 iniuriam

279 1889 414 1947 Nam
453 1907 549 1948 eos
590 1895 678 1960 qui
708 1891 840 1949 foris
870 1907 995 1950 sunt
1029 1896 1172 1950 Deus
1218 1896 1511 1966 iudicabit.
1536 1914 1556 1948 ι
1607 1896 1858 1965 Nunquid

279 2000 388 2040 non
425 1998 524 2038 vos
559 1985 626 2039 de
659 1985 746 2038 bis
771 1986 900 2041 solis
921 1989 1011 2056 qui
1047 1996 1178 2043 sunt
1213 1989 1358 2043 intra
1390 1985 1694 2044 Ecclesium
1710 1988 1857 2057 iudi-

281 2077 470 2132 catis?
1223 2137 1228 2145 ‘

359 2189 378 2222 ι
406 2169 633 2228 Auferte
691 2175 892 2228 malum
943 2189 1006 2227 ex
1045 2173 1199 2228 vobis
1232 2173 1382 2242 ipsis.
1419 2192 1438 2224 »
1499 2171 1618 2240 Quo
1650 2173 1859 2229 facilius

278 2278 375 2318 eos
392 2265 615 2334 possitis
641 2265 834 2319 docere
867 2265 961 2334 qui
994 2265 1129 2320 foris
1165 2276 1323 2321 sunt.

883 2421 1114 2478 CAPUT
1179 2422 1270 2479 Vl.

361 2556 379 2588 ι
411 2537 588 2592 Audet
618 2536 814 2606 aliquis
848 2547 1084 2591 vestrum
1123 2537 1328 2590 habens
1360 2536 1630 2607 negotium
1663 2535 1858 2590 adver-

286 2645 382 2684 sus
413 2629 668 2683 alterum.
701 2645 721 2680 »
792 2627 976 2684 Audet
1029 2628 1228 2697 aliquis
1273 2640 1466 2683 eontra
1529 2636 1856 2697 praeceptum

287 2721 499 2776 Domini
539 2722 749 2785 venire,
785 2721 1059 2780 dicentis;
1094 2719 1154 2774 Si
1178 2721 1295 2790 quis
1327 2718 1435 2774 uult
1460 2729 1630 2773 tecum
1653 2719 1858 2787 judicio

282 2815 612 2877 contendere,
664 2822 720 2868 et
757 2825 962 2868 caetera
1015 2812 1236 2881 (Matth.
1291 2828 1344 2875 v,
1376 2813 1491 2882 40).
1544 2809 1879 2866 Notandum

285 2904 431 2970 quod
459 2904 750 2972 aliquando
803 2905 1102 2973 Apostolus
1156 2905 1208 2957 in
1251 2902 1432 2957 medio
1465 2917 1642 2957 causa:
1691 2917 1854 2970 quam

283 2998 400 3066 agit
445 2996 711 3064 quosdam
767 3011 960 3050 sensus
997 2996 1222 3058 inserat,
1256 2994 1410 3062 etde
1449 2994 1620 3047 latere
1659 2994 1854 3064 jactet,

281 3087 485 3160 quibus
511 3086 804 3156 explicitis,
838 3101 1026 3140 rursus
1054 3095 1364 3140 revertatur
1397 3083 1464 3137 ad
1495 3099 1744 3138 causam.

1969 1901 2167 1964 facitis,
2194 1911 2248 1954 et
2267 1901 2588 1955 fraudatis.»
2611 1899 2742 1956 Cum
2767 1899 2912 1957 illata
2930 1906 3230 1958 secundum
3255 1902 3532 1972 Evangelii

1961 2001 2312 2062 prmceptum,
2344 2003 2398 2046 et
2434 1993 2650 2046 Domini
2697 1995 3007 2063 exemplum
3061 1995 3334 2064 patienter
3361 1995 3534 2049 susti-

1959 2098 2089 2138 nere
2139 2083 2450 2140 deberetis:
2506 2099 2607 2140 vos
2637 2098 2668 2139 ο
2719 2086 3000 2139 contrario
3063 2101 3168 2138 non
3201 2087 3376 2140 solum
3423 2101 3532 2140 non

1959 2175 2220 2240 suﬂ'ertis,
2251 2178 2346 2231 sed
2377 2178 2542 2232 etiam
2571 2192 2676 2232 non
2714 2177 3046 2234 facientibus
3071 2180 3352 2249 irrogatis.

2034 2286 2052 2318 ι
2084 2265 2148 2320 Ει
2180 2267 2282 2320 hoc
2311 2268 2596 2324 fratribus.
2627 2289 2648 2322 »
2692 2271 2845 2337 Quod
2882 2285 2979 2325 nec
3023 2270 3259 2326 inimicis
3302 2273 3533 2327 reddere

1961 2355 2256 2424 deberetis,
2282 2357 2541 2415 fratribus
2569 2359 2749 2416 facere
2783 2375 2887 2414 non
2921 2363 3146 2416 timetis.

2035 2465 2054 2498 ι
2087 2448 2169 2501 An
2206 2451 2426 2506 nescitis
2457 2453 2580 2520 quia
2617 2453 2787 2521 iniqui
2823 2465 3047 2522 regnum
3079 2452 3177 2506 Dei
3212 2468 3316 2507 non
3351 2454 3525 2523 possi-

1959 2538 2202 2593 debunt?
2235 2557 2255 2592 »
2290 2541 2442 2606 Quod
2477 2557 2703 2612 regnum
2733 2542 2827 2596 Dei
2858 2557 2965 2596 non
3009 2541 3387 2611 possidebunt,
3426 2542 3528 2596 nisi

1959 2630 2138 2680 omnia
2178 2641 2396 2696 peccata
2429 2630 2687 2700 baptismi
2715 2633 2890 2700 gratia
2928 2631 3246 2685 diluantur?

2035 2735 2054 2770 ι
2083 2719 2264 2773 Nolite
2289 2735 2475 2773 errare
2505 2737 2516 2772 :
2554 2737 2730 2787 neque
2759 2721 3122 2786 fornicatorii,
3161 2735 3336 2790 neque
3371 2722 3529 2775 idolis

1959 2809 2284 2871 servientes,
2341 2825 2520 2880 neque
2565 2812 2819 2874 adulteri,
2876 2827 3050 2880 neque
3089 2812 3300 2876 molles,
3350 2826 3529 2880 neque

1958 2901 2321 2955 masculorum
2377 2903 2795 2966 concubitores,
2859 2919 3032 2970 neque
3091 2902 3280 2966 fures,
3351 2917 3528 2970 neque

1958 2993 2132 3058 avari,
2163 3008 2337 3060 neque
2367 2992 2592 3059 cbriOsi,
2631 3009 2804 3064 neque
2852 2994 3126 3062 maledici,
3156 3008 3334 3063 neque
3370 3009 3530 3062 rapa-

1962 3097 2072 3148 ces,
2151 3099 2374 3152 regnum
2435 3084 2528 3138 Dei
2585 3086 3014 3153 possidebunt.»
3075 3086 3249 3142 Nolite
3316 3101 3526 3152 errare,

362 3195 381 3229 ι
408 3151 650 3231 Judicari
681 3151 830 3245 apud
865 3176 1103 3246 iniquos,
1133 3185 1188 3232 et
1215 3191 1322 3229 non
1349 3175 1490 3244 apud
1531 3174 1796 3230 sanctos?
1828 3191 1847 3225 »
1881 3151 1924 3213 ο
1963 3151 2234 3245 putantes
2257 3176 2414 3230 vobis
2447 3151 2614 3231 solam
2664 3176 2823 3231 fidem
2879 3177 3128 3233 snﬂicere
3161 3181 3226 3231 ad
3275 3178 3530 3240 salutem,

279 3269 383 3332 llic
418 3270 678 3338 probatur
714 3268 1059 3324 Christianos
1094 3276 1224 3322 tunc
1249 3259 1463 3340 iudices
1510 3281 1616 3321 non
1657 3267 1848 3330 fuisse,

275 3359 410 3431 quia
433 3359 605 3430 iniqui
630 3359 913 3415 dicuntur.

356 3450 490 3504 «An
544 3450 774 3505 nescitis
836 3452 1096 3520 quoniam
1153 3453 1330 3508 sancti
1388 3454 1454 3506 de
1487 3452 1590 3506 hoc
1647 3448 1854 3504 mundo

271 3539 649 3612 iudicabunt?
679 3559 700 3593 »
739 3540 898 3608 Quod
923 3542 1186 3608 Dominus
1207 3544 1520 3614 repromisit
1547 3542 1854 3611 discipulis,

273 3617 517 3690 dicens:
557 3631 812 3688 Sedebitis
859 3645 906 3688 et
938 3651 1025 3689 vos
1072 3635 1376 3702 jndicantes
1429 3634 1704 3689 duodecim
1757 3633 1853 3686 tri-

273 3726 376 3782 bus
407 3722 582 3780 Israel
637 3724 861 3792 (Matth.
892 3742 1008 3788 XIX.
1037 3726 1134 3798 ³28)
1166 3741 1186 3784 :
1239 3727 1404 3783 etiam
1457 3725 1711 3780 omnibus
1749 3725 1852 3779 hoc

272 3817 624 3884 promittens,
684 3817 778 3886 qui
817 3832 912 3880 eos
965 3816 1169 3872 fuerint
1195 3817 1412 3872 imitati.
1462 3815 1596 3870 Nam
1623 3831 1689 3869 ex
1724 3815 1854 3884 ipsis

274 3923 436 3971 unus,
468 3908 649 3976 periit,
706 3909 862 3978 cuius
916 3909 1036 3964 loco
1069 3909 1214 3966 alius
1249 3907 1518 3964 successit
1550 3924 1566 3961 :
1598 3909 1684 3962 cui
1715 3909 1854 3964 nihil

267 3999 463 4056 fuerat
493 3999 903 4070 repromissum.
959 3999 1159 4055 Paulus
1218 4014 1434 4070 quoque
1474 4012 1529 4054 et
1575 3999 1855 4058 Barnabas

268 4090 511 4163 apostoli
540 4101 666 4147 sunt
702 4091 936 4147 ordinati
973 4109 1000 4145 a
1029 4101 1218 4148 sancto
1259 4092 1488 4163 Spiritu.

357 4197 376 4230 ι
405 4177 547 4233 Etsi
591 4178 644 4232 in
674 4179 826 4234 vobis
856 4180 1186 4247 iudicabitur
1232 4182 1493 4238 mundus.
1520 4203 1540 4235 »
1584 4182 1716 4239 Sive
1758 4197 1854 4254 per

267 4284 398 4336 vos,
434 4269 520 4324 vel
551 4280 736 4326 vestro
770 4273 1046 4342 exemplo.

358 4380 378 4414 ι
409 4360 621 4433 lndigni
649 4363 803 4429 estis,
840 4365 935 4434 qui
957 4365 1026 4420 de
1052 4365 1294 4422 minimis
1321 4365 1601 4436 iudicetis.
1621 4364 1855 4421 Nescitis

268 4455 540 4523 quoniam
599 4455 827 4524 angelos
885 4454 1261 4520 iudicabimus
1323 4473 1340 4511 ;

267 4545 588 4602 saecularia.
626 4563 647 4596 »
703 4544 848 4614 Ergo
904 4546 1114 4618 indigni
1154 4557 1282 4601 sunt
1332 4548 1399 4602 de
1443 4548 1610 4602 rebus
1643 4547 1856 4616 exiguis

261 4635 547 4706 judicare,
576 4634 669 4704 qui
701 4647 757 4690 et
781 4635 1039 4689 mundum
1077 4647 1248 4690 totum
1288 4647 1343 4691 et
1374 4636 1600 4704 angelos
1626 4637 1854 4708 judica-

268 4731 437 4782 bunt.
463 4725 590 4782 llius
619 4727 838 4797 angelos
861 4729 980 4798 qui,
999 4743 1124 4782 cum
1147 4744 1369 4784 carnem
1404 4746 1509 4784 non
1541 4729 1854 4794 habuerint,

269 4833 509 4892 peccare
557 4821 868 4886 voluerunt,
926 4822 979 4876 hi
1028 4824 1120 4892 qui
1170 4823 1222 4878 iu
1279 4837 1444 4878 carne
1505 4811 1702 4880 sancti“
1731 4839 1856 4878 esse

267 4911 575 4967 voluerunt
593 4914 924 4983 iudicabunt

361 5023 380 5055 ι
405 5003 700 5061 ὃωευιιιιῖιι
736 5009 901 5078 igitur
937 5008 1145 5078 judicia
1180 5013 1226 5066 si
1279 5011 1654 5068 habueritis!»
1723 5011 1856 5079 Quae

269 5099 353 5155 de
383 5103 552 5158 rebus
572 5104 756 5158 saeculi
783 5105 1052 5160 oriuntur.

359 5191 850 5266 cContemptibiles
919 5199 1015 5267 qui
1073 5209 1199 5255 sunt
1274 5201 1330 5255 in
1399 5199 1666 5270 Ecclesia,
1735 5203 1856 5259 illos

265 5286 604 5343 constituite
651 5289 716 5343 ad
740 5290 1119 5358 iudicandum.
1179 5290 1416 5348 Possunt
1457 5294 1525 5350 de
1575 5295 1660 5350 his
1688 5295 1854 5350 etiam

267 5377 360 5434 illi
392 5378 484 5448 qui
511 5380 720 5435 minimi
747 5393 874 5437 sunt
900 5383 954 5436 in
985 5383 1228 5440 Ecclesia
1255 5382 1524 5452 iudicare.
1554 5386 1686 5442 ltem
1718 5402 1852 5442 cou-

268 5471 613 5538 tcmptibiles
637 5473 689 5526 in
714 5470 960 5529 Ecclesia
986 5490 1082 5530 eos
1109 5476 1322 5545 iudices
1350 5477 1481 5532 dicit
1507 5493 1644 5547 quos
1667 5479 1854 5548 appel-

267 5561 355 5618 lat
384 5561 440 5616 in
478 5563 832 5620 inferioribus
867 5566 1142 5626 inﬁdeles.

356 5651 488 5706 «Ad
547 5655 929 5710 verecundiam
991 5668 1226 5712 vestram
1287 5657 1436 5713 dico.
1510 5658 1604 5714 Sic
1635 5670 1853 5716 nonest

275 5742 433 5805 inter
486 5759 577 5802 vos
624 5748 840 5816 sapiens
882 5751 1187 5820 quisquam,
1240 5752 1328 5824 qui
1375 5754 1544 5824 possit
1601 5753 1847 5826 judicare

1957 3283 2080 3322 cum
2115 3279 2273 3321 omne
2298 3279 2580 3334 peccatum
2614 3283 2966 3336 permanens,
2996 3269 3249 3323 excludat
3278 3285 3308 3322 a
3329 3283 3526 3337 regno:

1955 3360 2097 3413 sicut
2125 3360 2191 3413 ad
2222 3356 2442 3414 Galatas
2470 3357 2546 3412 ait
2576 3376 2590 3412 :
2653 3359 2945 3428 Manifesta
2977 3369 3102 3414 sunt
3143 3376 3300 3428 opera
3327 3364 3530 3422 carnis,

1955 3465 2072 3522 qua:
2086 3461 2232 3514 sunt,
2257 3449 2958 3519 fornicatio,immunditi¢e,
2993 3454 3376 3516 contentiones,
3408 3453 3530 3515 irae,

1955 3551 2005 3596 et
2036 3542 2116 3595 his
2169 3543 2387 3604 similia,
2443 3556 2560 3610 qua:
2601 3543 2836 3605 prwdico
2891 3544 3080 3598 vobis:
3131 3545 3380 3613 quoniam
3437 3543 3530 3612 qui

1956 3635 2090 3690 talia
2119 3644 2302 3705 agunt,
2345 3651 2560 3704 regnum
2608 3635 2702 3689 Dei
2751 3651 2854 3688 non
2894 3646 3272 3704 consequentur
3327 3632 3529 3702 (Colat.

1955 3742 2009 3791 ν,
2047 3726 2260 3797 19-21).
2310 3726 2439 3781 Ideo
2467 3737 2649 3782 autem
2709 3726 2942 3792 addidit,
2993 3726 3061 3778 Et
3097 3726 3178 3778 his
3205 3723 3423 3789 similia,
3461 3739 3531 3776 ne

1953 3819 2078 3888 quis
2115 3827 2359 3888 negaret,
2419 3831 2618 3886 praeter
2663 3825 2786 3874 haec
2817 3817 2923 3870 alia
2957 3829 3080 3870 esse
3125 3823 3372 3884 peccata,
3409 3829 3530 3883 quae

1955 3926 2177 3982 regnum
2212 3911 2307 3965 Dei
2335 3910 2687 3980 prohiberent
2717 3910 2948 3965 intrare.

2034 4020 2053 4054 ι
2087 4000 2154 4055 Ει
2182 4000 2302 4056 haec
2346 4001 2639 4070 aliquando
2687 4001 2909 4070 quidam
2955 3998 3158 4062 fuistis,
3221 4001 3314 4054 sed
3354 3997 3528 4052 abluti

1953 4095 2108 4160 estis,
2139 4095 2232 4150 sed
2277 4093 2598 4149 sanetiticati
2650 4093 2808 4160 estis,
2852 4095 2946 4148 sed
2989 4092 3276 4162 iustiﬁcati
3309 4091 3468 4146 estis.
3501 4109 3522 4142 »

1953 4187 2133 4243 Nolite
2163 4187 2231 4242 de
2262 4187 2554 4257 praeteritis
2585 4188 2776 4241 timere
2793 4186 3052 4255 peccatis,
3073 4195 3280 4238 tantum
3309 4199 3377 4237 ne
3407 4191 3534 4253 post

1955 4277 2283 4348 baptismum
2340 4279 2701 4348 delinquatis.
2764 4277 2870 4331 Aut
2911 4279 3002 4346 qui
3041 4286 3098 4329 ut
3145 4276 3348 4330 assolet
3395 4290 3533 4342 prtu-

1955 4381 2154 4428 ventus
2199 4370 2388 4438 fuerit,
2427 4373 2493 4425 ad
2549 4369 2921 4439 pmuitentiam
2962 4378 3339 4422 convertatur.
3391 4365 3532 4426 lieni

1408 4467 1611 4526 quam"
1674 4456 1851 4526 ωθείε
1889 4491 1934 4545 υ
1957 4466 2137 4521 omnia
2168 4473 2391 4534 peccata
2424 4463 2680 4533 baptismi
2717 4462 2889 4532 gratia
2920 4460 3223 4515 diluuntur.
3258 4459 3390 4516 Item
3424 4459 3534 4514 alia

1961 4559 2231 4628 expositio
2257 4573 2272 4613 :
2298 4557 2410 4612 lloc
2425 4569 2616 4612 contra
2636 4556 2921 4610 haereticos
2940 4554 3090 4621 dicit,
3135 4555 3228 4623 qui
3249 4551 3532 4606 Christum

1959 4659 2014 4706 et
2052 4650 2316 4721 Spiritum
2347 4658 2600 4704 sanctum
2627 4664 2656 4701 a
2697 4647 2806 4702 Deo
2848 4645 3009 4700 Patre
3040 4660 3294 4713 separare
3323 4659 3526 4697 conan-

1959 4749 2069 4796 tur.
2100 4740 2197 4794 llic
2227 4741 2370 4794 enim
2397 4739 2702 4795 ostenditur
2733 4738 2989 4808 qnoniam
3021 4737 3165 4791 sicut
3216 4733 3394 4797 Pater,
3454 4732 3529 4786 ita

1957 4843 2014 4888 et
2073 4830 2327 4887 Christus
2377 4842 2432 4886 et
2492 4830 2733 4900 Spiritus
2791 4836 3014 4884 sanctus
3063 4833 3283 4896 peccata
3336 4821 3526 4886 abluti,

1955 4925 2245 4995 iustificat,
2278 4930 2445 4992 atque
2467 4923 2793 4976 sanctificat.

2035 5032 2056 5066 ι
2080 5012 2136 5066 In
2169 5013 2389 5066 nomine
2421 5011 2633 5065 Domini
2663 5011 2834 5066 nostri
2858 5009 2986 5064 Jesu
3009 5006 3210 5064 Christi
3241 5016 3295 5060 ct
3327 5004 3378 5058 in
3413 5004 3527 5070 spi-

1965 5105 2072 5159 ritu
2107 5103 2205 5158 Dci
2233 5104 2429 5159 n0stri.
2465 5121 2483 5155 »
2519 5104 2703 5158 Abluti
2742 5103 2795 5157 in
2823 5101 3041 5157 nomine
3062 5096 3284 5160 Chrisvi,
3319 5099 3529 5150 sancti».-

1959 5195 2104 5251 licati
2132 5211 2230 5266 per
2252 5197 2504 5266 spiritun»
2541 5196 2658 5250 Dei.

2034 5311 2054 5340 ι
2081 5287 2276 5342 Omnia
2313 5288 2446 5343 mihi
2473 5289 2662 5356 licent,
2691 5287 2785 5342 sed
2821 5303 2927 5342 non
2966 5286 3147 5340 omnia
3174 5284 3523 5352 expediunt.»

1961 5381 2067 5452 Qui
2087 5383 2154 5437 de
2177 5381 2541 5438 fornicatione
2559 5382 2847 5444 tractabat,
2876 5381 3040 5435 voluit
3061 5379 3238 5451 gulam
3263 5388 3319 5432 et
3334 5378 3531 5432 intem-

1957 5475 2282 5544 perantiam,
2337 5476 2625 5529 materiam
2681 5471 3061 5527 fornicationis
3104 5471 3414 5533 ostendere,
3471 5477 3528 5522 et

1955 5568 2116 5624 simul
2151 5568 2453 5624 destruere.
2507 5568 2640 5622 ltem
2677 5567 2780 5623 hoc
2809 5566 2940 5620 dicit
2972 5581 2989 5622 :
3017 5563 3156 5632 Quia
3197 5561 3354 5618 liberi
3409 5576 3529 5617 sum

1956 5662 2192 5728 arbitrii,
2245 5671 2299 5716 et
2353 5661 2478 5718 licet
2525 5660 2663 5716 mihi
2715 5675 2876 5729 agere
2943 5659 3087 5728 quod
3141 5655 3350 5711 velim:
3417 5668 3526 5708 non

1960 5765 2140 5812 tamen
2173 5754 2341 5811 debeo
2371 5756 2483 5823 ipse
2514 5755 2694 5824 aliquo
2723 5761 2946 5823 peccato
2979 5765 3101 5811 csse
3129 5749 3430 5821 subjectus.
