3946 6206
429 285 530 348 Τ(ιὸ

1378 301 1437 362 S.
1483 303 1924 366 HIERONYMI
1967 307 2284 373 OPERUM
2324 315 2727 379 MANTiSSA.

3545 329 3652 394 πει

502 421 520 454 ι
547 402 737 458 Omnia
773 405 900 461 mihi
933 407 1114 470 licent,
1154 411 1246 466 sed
1279 428 1376 482 ego
1400 415 1504 470 sub
1537 416 1734 472 nullius
1771 419 1987 490 redigar
2015 425 2058 484 Α
2091 436 2330 494 peccata,
2361 431 2614 497 specialia
2648 430 3068 505 uniuscujusque
3099 445 3262 494 sunt:
3299 453 3396 496 nec
3423 439 3652 498 alterum

427 503 712 559 potestate.
776 496 909 550 Esca
965 500 1162 564 ventri,
1217 511 1271 556 et
1313 513 1502 558 venter
1551 507 1711 562 escis.
1743 527 1762 560 ι
1833 509 2020 564 Licet.

428 582 581 649 nobis
605 585 952 652 manducare
997 598 1051 642 et
1085 590 1292 652 bibere,
1343 594 1435 648 sed
1465 594 1509 649 si
1544 595 1772 652 nimium
1810 602 1984 655 ventri

427 674 625 728 subditi
689 675 776 730 fue
810 678 972 744 imus,
1033 682 1206 749 ipsum
1266 685 1469 739 licitum
1529 689 1694 742 trahit
1757 706 1856 746 nos
1919 693 1984 747 ad

426 761 634 826 illicita,
672 766 772 819 hoc
800 777 884 821 est
918 770 984 823 ad
1041 771 1494 832 fornicationem:
1533 779 1604 830 ita
1638 788 1690 832 et
1718 780 1786 835 de
1815 784 1986 836 omni-

425 852 524 906 bus
559 855 587 906 i.
617 856 981 925 telligendum,
1018 878 1140 930 quae
1172 879 1291 917 cum
1336 881 1616 932 peccatum
1669 881 1776 924 nun
1835 881 1984 942 sunt,

425 946 742 1000 Occasioncs
771 958 947 1003 tamen
976 963 1202 1017 possunt
1233 970 1429 1022 capere
1459 957 1808 1015 delictorum.
1885 1009 1890 1011 _

500 1051 519 1084 ι
569 1035 706 1090 Dens
727 1048 906 1093 autem
943 1041 1086 1096 hunc
1137 1052 1188 1096 et
1236 1043 1376 1098 hunc
1406 1048 1669 1103 destruet.
1711 1069 1729 1101 ι
1773 1053 1836 1104 Et
1871 1052 1986 1106 hate

423 1125 547 1188 duo,
583 1127 632 1178 id
684 1139 767 1182 est
816 1145 996 1185 escam
1047 1147 1100 1189 et
1157 1146 1423 1199 ventrem,
1475 1149 1525 1194 et
1571 1139 1865 1204 hominem,
1901 1144 1986 1198 his

423 1217 722 1282 subditum,
763 1231 819 1274 et
870 1225 1236 1293 voluptatibus
1271 1227 1618 1282 servientem.
1647 1229 1781 1284 Item
1817 1232 1869 1284 in
1903 1247 1988 1286 re-

422 1309 762 1362 surrectione
847 1323 1182 1369 mortuorum
1249 1333 1353 1371 non
1416 1321 1728 1373 destruetur
1785 1323 1988 1375 ventris

341 1397 346 1400 ’
421 1399 746 1462 substantia.
779 1405 872 1458 sed
899 1421 1025 1460 esus
1055 1409 1325 1472 ciborum,
1371 1421 1426 1466 et
1457 1415 1656 1468 ventris
1681 1429 1841 1482 opera
1872 1430 1989 1470 ces-

419 1493 632 1546 sabunt.
697 1493 961 1560 Quoniam
1025 1514 1244 1568 regnum
1295 1507 1580 1571 caelorum,
1650 1507 1791 1560 sicut
1844 1507 1984 1560 idem

357 1629 360 1632 .
419 1584 708 1650 Apostolus
773 1589 838 1641 ad
897 1589 1172 1646 Romanos
1233 1593 1384 1661 dicit,
1433 1611 1592 1664 neque
1639 1612 1778 1662 esca,
1827 1615 1988 1670 neque

418 1684 571 1740 potus
604 1685 680 1728 est
710 1677 883 1747 (Rom.
923 1696 1036 1748 xlv,
1083 1683 1192 1752 17).
1643 1675 1679 1697 ⁶

1694 1732 1724 1740 με

497 1782 517 1814 ι
563 1764 768 1833 Corpus
801 1781 984 1823 autem
1027 1786 1136 1827 non
1169 1773 1534 1840 fornicationi,
1569 1781 1662 1832 sed
1715 1778 1939 1834 Domino
1971 1799 1985 1834 :
2022 1793 2061 1847 Β

419 1869 468 1908 et
502 1856 758 1910 Dominus
809 1863 1041 1930 corpori.
1085 1882 1104 1914 ι
1145 1862 1260 1918 Non
1311 1866 1691 1935 fornicationi,
1739 1873 1832 1924 sed
1876 1873 1982 1925 Do‘

420 1949 564 1999 mino
595 1949 914 2004 exhibentur
951 1968 966 2007 :
998 1963 1046 2006 et
1078 1953 1338 2011 Dominus
1367 1959 1580 2027 corpori
1629 1964 1986 2027 COplllabiitlr.

418 2037 683 2092 Dominus
743 2045 884 2095 enim
948 2045 1231 2101 nobiscum
1296 2056 1384 2104 est
1436 2055 1672 2118 quandiu
1723 2052 1989 2110 fuerimus

417 2144 538 2181 cum
576 2130 666 2184 illo
709 2147 724 2187 :
764 2135 806 2185 si
843 2134 1294 2206 dereliquerimus
1321 2154 1465 2208 etnn,
1496 2151 1550 2196 et
1581 2144 1669 2199 ille
1699 2159 1799 2200 nos
1829 2147 1986 2204 dere-

418 2219 640 2290 linquet.

492 2331 510 2364 ‹
550 2313 689 2368 Deus
726 2331 852 2372 vero
883 2329 936 2372 et
961 2319 1240 2376 Dominum
1277 2325 1582 2392 suscitavit,
1605 2334 1659 2380 et
1692 2341 1790 2384 nos
1815 2329 1989 2384 susei-

419 2406 552 2458 tabit
596 2421 692 2476 per
767 2411 1019 2466 virtutem
1073 2429 1252 2470 suam.
1287 2433 1307 2466 ι
1363 2417 1504 2483 Quia
1548 2426 1712 2485 caput
1741 2428 1986 2472 nostrum
2061 2482 2064 2484 γ

418 2499 700 2560 suscitavit
731 2509 784 2554 et
810 2517 913 2557 nos
932 2506 1240 2571 suscitabit,
1297 2508 1343 2562 si
1374 2517 1552 2562 tamen
1603 2510 1718 2579 ejus
1749 2511 1986 2564 membra

420 2605 514 2658 per
540 2595 882 2648 sanctitatem
916 2611 1035 2652 esse
1068 2614 1390 2654 mereamur.

497 2702 516 2733 ι
563 2683 791 2738 Nescitis
813 2690 1066 2756 quoniam
1103 2705 1334 2759 corpora
1368 2702 1546 2746 vesua
1586 2694 1826 2747 membra
1859 2703 1987 2749 sunt

419 2771 664 2829 Christi?
697 2795 716 2828 ι
753 2775 943 2833 Omnis
972 2779 1232 2846 Ecclesia,
1259 2796 1458 2854 corpus
1486 2783 1685 2840 Christi
1714 2797 1798 2840 est
1829 2801 1842 2841 :
1879 2787 1987 2842 sin-

419 2864 528 2933 guli
565 2875 749 2921 autem
781 2871 1041 2926 membra.

495 2974 516 3010 ι
559 2956 778 3015 Tollens
807 2977 938 3033 ergo
975 2963 1211 3019 membra
1255 2965 1482 3022 Christi.
1521 2985 1540 3020 ι
1581 2968 1742 3023 Tollit
1784 2970 1982 3025 Christi

421 3051 688 3114 membra,
725 3053 774 3108 id
809 3063 912 3122 est,
957 3057 1226 3112 abscindit
1286 3074 1344 3114 se
1395 3075 1423 3113 a
1485 3075 1713 3130 corpore
1759 3062 1981 3128 Christi,

419 3145 508 3212 qui
535 3146 748 3212 iunctus
777 3158 859 3204 est
891 3150 1182 3204 metetrici.

494 3271 513 3303 ι
561 3253 780 3310 Faciam
843 3262 1084 3314 membra
1143 3263 1504 3316 meretricis?
1551 3264 1723 3320 Absit.
1786 3284 1805 3317 ι
1868 3266 1982 3321 Νοη

420 3341 560 3398 dixit
587 3346 862 3402 fornicarii
889 3368 904 3401 :
930 3358 988 3403 ut
1013 3353 1318 3406 ostenderet
1347 3369 1468 3407 eum
1507 3354 1750 3423 ejusdem
1789 3363 1844 3412 ei.
1883 3359 1989 3414 cri-

421 3435 583 3487 minis
615 3451 756 3500 esse,
791 3448 845 3492 et
872 3440 1131 3504 nominis,
1163 3441 1320 3508 cujus
1367 3441 1455 3496 illa
1489 3453 1590 3497 est.
1624 3443 1779 3514 Apud
1813 3446 1988 3503 homi-

421 3538 520 3578 nes
543 3525 684 3579 enim
715 3526 894 3582 minus
919 3527 1132 3583 videtur
1161 3531 1287 3595 viri,
1318 3545 1476 3601 quam
1507 3534 1750 3590 mulieris
1785 3537 1986 3593 admis-

419 3632 562 3672 sum.

491 3728 512 3761 ι
561 3710 640 3764 An
701 3713 921 3767 nescitis
963 3713 1218 3782 quoniam
1259 3714 1349 3784 qui
1397 3717 1637 3772 adhmret
1690 3720 1986 3787 meretrici,

419 3816 583 3856 unum
613 3817 809 3870 corpus
845 3802 1112 3858 efficitur?
1145 3816 1303 3859 erunt
1347 3809 1513 3872 enim,
1565 3809 1756 3880 inquit,
1791 3813 1898 3866 duo
1931 3813 1984 3867 itt

419 3907 584 3947 carne
607 3909 733 3949 una.
775 3915 794 3948 ι
825 3897 1104 3963 Quomodo
1134 3913 1254 3951 cum
1289 3915 1459 3954 uxore
1495 3901 1658 3966 licite,
1693 3904 1765 3958 ita
1790 3913 1845 3958 et
1884 3904 1986 3959 illi-

416 3985 524 4039 cite
569 4000 688 4040 cum
724 3989 1006 4043 meretrice
1029 4005 1133 4044 una
1163 4005 1289 4046 caro
1341 3991 1572 4046 efﬁcitur
1597 4006 1692 4061 per
1714 4007 1978 4050 amorem.

493 4113 514 4146 ι
553 4093 652 4159 Qui
684 4105 861 4150 autem
912 4096 1150 4150 adhaeret
1203 4095 1334 4162 Deo,
1385 4111 1526 4151 unus
1572 4097 1795 4165 spiritus
1817 4105 1920 4152 est.
1961 4117 1979 4149 ι

416 4185 696 4252 Quomodo
729 4203 822 4256 per
851 4187 1030 4242 carnis
1056 4202 1243 4256 opera,
1275 4202 1404 4242 caro
1435 4189 1492 4241 llt
1525 4199 1543 4241 :
1584 4187 1656 4241 ita
1692 4203 1788 4257 per
1819 4189 1982 4258 opera

419 4279 537 4345 Dei,
569 4281 791 4346 spiritus
831 4278 1080 4334 eiiicitur.

493 4389 511 4422 ι
557 4369 748 4440 Fugite
794 4369 1231 4425 fornicationem.
1270 4387 1289 4421 ι
1327 4367 1493 4437 Cujus
1541 4367 1744 4422 crimen
1781 4367 1996 4424 videtis’

398 4469 537 4516 ’esse
568 4462 975 4530 gravissimum.
1653 4453 1660 4458 ’

491 4574 508 4604 ι
539 4552 711 4608 Omne
734 4556 876 4607 enim
896 4560 1171 4621 peccatum
1199 4553 1558 4621 quodcunque
1584 4549 1773 4605 fecerit
1799 4550 1980 4616 homo,

417 4655 568 4699 extra
605 4661 798 4712 corpus
828 4654 910 4699 est
941 4660 958 4699 :
999 4646 1087 4713 qui
1119 4655 1298 4700 autem
1353 4642 1678 4708 forniCatur,
1707 4643 1758 4696 in
1789 4657 1984 4712 corpus

420 4754 571 4791 suum
607 4747 812 4805 peccat.
855 4757 872 4789 ι
907 4735 1076 4791 Omne
1109 4747 1389 4806 peccatum
1446 4745 1620 4805 potest
1663 4747 1717 4790 et
1761 4736 1830 4788 ab
1877 4751 1984 4788 uno

420 4832 682 4884 committi
721 4847 735 4886 :
771 4833 861 4900 qui
901 4832 1198 4884 membrum
1250 4830 1354 4884 dici
1414 4839 1610 4895 potest,
1669 4843 1772 4882 non
1803 4837 1980 4882 tamen

419 4937 632 4986 corpus.
665 4923 721 4974 in
754 4921 1114 4976 fornicatione
1165 4930 1344 4974 autem
1395 4920 1500 4974 dno
1541 4929 1784 4990 pereunt.
1819 4918 1980 4972 etiam

415 5030 630 5080 corpus.
700 5013 928 5067 Gravius
947 5028 1074 5080 ergo
1102 5014 1298 5066 malum
1327 5021 1429 5071 est,
1458 5013 1509 5066 in
1529 5027 1633 5080 quo
1656 5013 1771 5065 dum
1791 5012 1984 5063 anima:

417 5109 742 5157 ’noriuntur.
806 5104 1045 5158 Gravare
1111 5101 1222 5155 vult
1289 5101 1671 5155 fornicationis
1732 5115 1978 5164 causam,

414 5212 530 5260 que
570 5197 674 5249 illis
711 5211 805 5264 per
845 5193 1292 5249 consuetudinem
1343 5194 1618 5272 levissima
1673 5192 1977 5245 videbatur.

413 5289 541 5342 item
578 5289 678 5338 alia
736 5286 1049 5354 expositio:
1089 5285 1163 5338 De
1195 5285 1279 5337 his
1333 5282 1424 5352 qui
1465 5291 1593 5336 sunt
1647 5283 1698 5335 in
1731 5281 1981 5352 conjugio

414 5379 712 5442 constituti,
749 5377 1056 5446 Apostolus
1118 5376 1284 5431 sumit
1315 5375 1642 5442 exemplum.
1677 5372 1975 5438 Quomodo,

415 5473 607 5540 inquit,
644 5447 906 5538 scriptum
938 5479 1020 5524 est
1047 5485 1062 5526 :
1092 5468 1262 5522 Erunt
1297 5468 1398 5519 duo
1426 5468 1480 5521 in
1505 5482 1663 5518 carne
1693 5482 1797 5518 una
1829 5462 1978 5533 (Gen.

415 5579 474 5621 ll,
506 5563 619 5629 24),
682 5564 731 5614 id
763 5571 865 5625 est,
892 5563 976 5615 vir
1007 5570 1059 5614 et
1108 5575 1243 5614 uxor
1289 5574 1452 5612 unum
1487 5572 1684 5627 corpus
1729 5556 1980 5609 ellicitur.

421 5653 570 5707 Unde
599 5657 642 5709 si
675 5656 870 5722 aliquis
919 5649 1156 5725 ipsorum
1219 5655 1382 5708 fuerit
1433 5653 1756 5715 fornicatus,
1796 5660 1982 5720 peccat

421 5746 474 5806 in
510 5745 691 5809 alium,
721 5748 878 5814 quasi
908 5747 960 5799 in
993 5747 1268 5818 proprium
1303 5761 1518 5817 corpus.
1543 5745 1770 5800 Rcsidna
1803 5753 1978 5799 autem

2095 521 2479 576 condemnant.

2172 630 2190 664 ‹
2237 612 2318 668 An
2351 615 2574 671 nescitis
2626 616 2878 682 quoniam
2903 619 3144 675 membra
3172 630 3348 677 vestra
3400 626 3653 696 templum

2092 713 2218 756 sunt
2255 705 2492 773 Spiritus
2521 708 2716 774 sancti,
2780 711 2870 778 qni
2920 709 2973 764 in
3015 712 3169 766 vobis
3199 714 3319 768 est?
3357 731 3514 782 quem
3554 718 3654 772 hac

2091 795 2285 849 betisa
2324 797 2452 852 Deo.
2517 817 2536 850 ι
2587 799 2683 854 Cui
2737 801 3113 872 gravissimam
3165 805 3422 875 injuriam
3479 809 3658 866 facitis

2092 883 2434 944 fornicando.
3596 963 3602 972 .

2170 995 2188 1027 ι
2236 979 2298 1032 Et
2328 995 2430 1034 non
2461 982 2592 1037 estis
2639 983 2826 1039 vestri.
2886 983 3064 1054 Empti
3109 987 3253 1042 enim
3289 989 3423 1044 estis
3474 991 3652 1059 pretio

2092 1082 2308 1138 magno.
2343 1089 2362 1122 ι
2392 1071 2492 1138 Qui
2517 1088 2622 1126 non
2653 1085 2735 1129 est
2785 1088 2936 1138 suus,
2999 1093 3100 1130 non
3139 1078 3296 1132 debet
3321 1095 3434 1134 suae
3462 1081 3652 1133 volun-

2092 1157 2187 1211 tati
2215 1159 2440 1227 servire,
2492 1163 2586 1217 sed
2644 1164 2786 1218 illius
2824 1180 2853 1218 a
2899 1181 3008 1234 quo
3046 1178 3256 1233 emptus
3299 1179 3402 1233 est,
3461 1186 3651 1224 secun-

2089 1247 2213 1300 dum
2246 1251 2414 1318 ipsius
2451 1254 2684 1320 jussum,
2717 1256 2947 1310 dicentis
2979 1273 2993 1310 :
3029 1257 3136 1323 Qui
3167 1261 3274 1312 vult
3319 1270 3432 1329 post
3461 1278 3542 1315 me
3568 1279 3650 1315 ve-

2091 1342 2223 1402 nire,
2283 1344 2502 1412 abneget
2556 1350 2888 1417 semetipsum
2951 1352 3053 1404 sibi
3112 1353 3262 1420 (Luc.
3321 1369 3397 1418 tx,
3450 1355 3565 1423 23).
3597 1357 3653 1408 Si

2089 1433 2234 1485 enim
2270 1434 2431 1490 homo
2464 1452 2491 1488 a
2527 1453 2685 1493 servo
2722 1456 2888 1508 pauca
2937 1443 3162 1511 pecunia
3192 1455 3488 1512 comparat,
3519 1461 3655 1500 con-

2091 1521 2303 1578 tinuam
2339 1526 2504 1595 exigit
2538 1530 2886 1596 servitutem,
2939 1542 3142 1602 quanto
3195 1535 3368 1602 magis
3424 1535 3510 1588 ille
3561 1536 3656 1603 qui

2091 1628 2190 1667 nos
2221 1631 2317 1669 sua
2353 1629 2524 1673 morte
2559 1621 2822 1675 redemit!
2871 1621 3020 1678 Sicut
3059 1625 3135 1678 ait
3185 1626 3381 1682 Petrus
3420 1645 3434 1682 :
3470 1628 3658 1684 Scien-

2091 1713 2164 1757 tes
2191 1711 2330 1772 quod
2389 1726 2492 1764 non
2549 1714 2998 1783 corruptibilibus,
3027 1727 3243 1786 argento
3284 1719 3362 1774 vel
3386 1735 3540 1785 auro,
3573 1737 3655 1776 re-

2091 1797 2288 1864 dempti
2311 1802 2434 1871 estis
2456 1803 2519 1856 de
2569 1821 2702 1858 vana
2767 1819 2937 1861 uestra
2991 1813 3391 1866 conuersatione
3420 1822 3656 1881 paterna:

2089 1891 2415 1958 traditionis,
2474 1897 2563 1948 sed
2624 1898 2856 1965 pretioso
2907 1901 3184 1969 sanguine,
3211 1903 3366 1970 quasi
3396 1906 3518 1972 agni
3556 1905 3658 1958 im-

2087 1984 2343 2038 maculati
2371 1996 2418 2040 et
2447 1987 2853 2044 incontaminati
2879 1991 3072 2046 Christi
3103 1991 3158 2060 (Ι
3177 1991 3322 2048 Petr.
3363 2009 3399 2058 t,
3428 1995 3651 2066 18,19).

2087 2075 2301 2131 Aliter:
2339 2075 2618 2134 Rescindit
2673 2081 2966 2151 emptionis
3033 2092 3252 2154 pactum
3298 2086 3543 2157 quisquis
3575 2089 3657 2142 in-

2087 2167 2498 2238 culcaveritjus
2535 2174 2890 2228 testamenti:
2920 2183 2975 2230 et
3031 2190 3061 2228 a
3112 2177 3298 2232 servili
3345 2180 3654 2238 conditione

2091 2259 2304 2315 alienus
2329 2269 2434 2329 est,
2473 2262 2568 2333 qui
2627 2263 2880 2322 libertate
2929 2283 3043 2323 sua:
3078 2269 3371 2326 voluntatis
3410 2287 3514 2326 uou
3548 2273 3652 2327 im-

2087 2352 2324 2418 peditur.

2165 2459 2184 2492 ι
2226 2440 2553 2506 Gloriiicate,
2575 2454 2629 2499 et
2661 2456 2873 2515 portate
2893 2447 3064 2502 Deum
3090 2449 3141 2502 in
3172 2464 3397 2518 corpore
3415 2460 3646 2505 vestro.»

2089 2525 2397 2584 Gloriiicate
2427 2531 2592 2586 Deum
2651 2536 2868 2590 actibus
2918 2537 3140 2601 vestris,
3171 2545 3226 2592 et
3258 2550 3471 2606 portate
3505 2555 3650 2604 eum,

2047 2685 2049 2694 Ι
2087 2620 2207 2688 ejus
2239 2621 2528 2689 imaginem
2561 2627 2940 2684 conservando
2975 2642 2988 2681 :
3023 2629 3160 2685 sicut
3191 2633 3268 2683 ait
3292 2630 3418 2685 alibi
3453 2647 3467 2683 :
3503 2631 3654 2686 Sicut

2087 2712 2419 2780 portavimus
2451 2716 2730 2787 imaginem
2766 2721 2984 2785 terreni,
3051 2721 3124 2775 ita
3147 2731 3411 2792 portemus
3461 2725 3650 2794 imagi-

2085 2817 2200 2855 nem
2225 2804 2446 2859 cwlestis
2485 2805 2538 2877 (1
2579 2805 2700 2863 Cor.
2731 2825 2823 2875 xv,
2845 2811 2960 2882 49).

2673 2902 2902 2959 CAPUT
2945 2904 3054 2959 Vll.

2163 3007 2182 3040 ‹
2231 2987 2306 3044 De
2339 2990 2535 3059 quibus
2573 3004 2757 3050 autem
2790 2997 3091 3066 scripsistis
3124 2998 3274 3053 mihi.
3315 3017 3334 3050 ι
3367 2999 3561 3071 Incipit
3582 3000 3655 3056 de

2087 3083 2356 3153 conjugiis
2391 3098 2406 3139 :
2451 3096 2578 3142 ante
2612 3089 2760 3144 enim
2795 3093 3121 3161 expugnavit
3149 3091 3365 3159 illicita,
3400 3108 3561 3164 quam
3584 3095 3649 3150 de

2089 3171 2250 3229 licitis
2273 3176 2602 3246 loqueretur.

2163 3279 2182 3311 ι
2226 3260 2431 3318 Bonum
2489 3275 2572 3320 est
2633 3268 2842 3326 homini
2905 3271 3186 3327 mulierem
3239 3288 3348 3328 non
3411 3284 3646 3344 tangere.

2087 3350 2315 3420 Propter
2367 3354 2783 3415 fornicationem
2840 3372 3052 3430 autem__
3077 3367 3454 3435 unusquisque
3497 3383 3646 3423 suam

2087 3457 2312 3500 uxorem
2346 3446 2541 3502 habeat
2566 3466 2580 3503 :
2605 3463 2658 3505 et
2684 3468 3017 3524 unaquaeque
3044 3470 3196 3510 suum
3226 3459 3401 3513 virum
3436 3459 3646 3514 habeat.

2089 3530 2254 3589 Uxori
2283 3536 2365 3589 vir
2395 3537 2636 3592 debitum
2677 3542 2914 3596 reddat‘:
2942 3544 3194 3599 similiter
3225 3556 3408 3600 autem
3439 3557 3494 3602 et
3518 3563 3649 3603 uxor

2084 3625 2225 3682 viro.
2266 3647 2286 3680 ι
2321 3628 2528 3696 Bonum
2566 3631 2744 3687 fuerat
2780 3635 2935 3703 illud,
2978 3640 3120 3706 quod
3149 3641 3300 3696 vobis
3337 3641 3392 3695 in
3421 3643 3647 3711 primor-

2085 3715 2176 3770 dio
2202 3717 2532 3788 praedicavi;
2587 3722 2687 3778 hoc
2726 3735 2830 3788 est,
2861 3730 3159 3784 secundum
3195 3731 3436 3803 coniugii
3467 3749 3642 3802 usum,

2086 3821 2194 3862 non
2225 3818 2444 3880 tangere
2508 3815 2814 3872 mulierem.
2877 3818 2984 3874 Sed
3021 3823 3275 3889 quoniam
3319 3826 3520 3882 multos
3564 3828 3644 3881 in-

2085 3900 2430 3958 continentes
2490 3903 2618 3960 huic
2668 3907 2930 3965 doctrina:
2983 3913 3281 3981 scripsistis
3337 3917 3637 3986 refragari:

2085 3992 2416 4047 concedatur
2450 3997 2776 4062 remedium,
2833 4017 2899 4056 ne
2945 4002 3268 4061 fornicando
3319 4011 3635 4065 moriantur.

2085 4081 2227 4154 Ergo
2258 4090 2358 4140 hoc
2385 4087 2628 4158 Apostoli
2657 4094 2930 4162 exemplo,
2957 4095 3009 4149 in
3055 4097 3246 4166 primis
3281 4101 3562 4172 virginitas
3586 4111 3636 4156 et

2086 4177 2414 4230 continentia
2473 4181 2818 4248 prmdicatnr.
2861 4183 2925 4236 Et
2957 4188 3003 4240 si
3048 4189 3168 4257 quis
3203 4204 3264 4244 se
3310 4190 3636 4246 incontinen-

2087 4273 2190 4320 tem
2221 4283 2328 4324 nun
2361 4273 2640 4328 erubuerit
2672 4277 2942 4342 conﬁteri,
2978 4279 3027 4332 in
3069 4279 3380 4350 languorem
3419 4284 3638 4338 inconti-

2086 4360 2283 4412 nentia:
2313 4362 2651 4430 reclamanti,
2717 4381 2821 4420 non
2883 4370 3175 4440 denegetur
3219 4374 3514 4426 remedium
3547 4388 3638 4426 nu-

2012 4451 2347 4521 Dptiarum.
2394 4453 2675 4519 Quotnodo
2737 4459 2782 4510 si
2855 4458 3062 4526 peritus
3119 4461 3360 4516 medicus
3411 4462 3640 4530 inquieto

2035 4595 2042 4600 .
2087 4559 2254 4612 aegro,
2286 4555 2339 4600 et
2374 4549 2590 4618 neganti
2623 4564 2681 4601 se
2717 4565 2876 4619 posse
2906 4567 2933 4605 a
2977 4554 3149 4620 pomis
3188 4556 3442 4611 omnibus
3475 4557 3640 4610 absti-

1999 5851 2046 5874 α

2086 4650 2250 4701 nere,
2312 4638 2576 4693 concedat
2639 4639 3016 4710 aliquantum,
3080 4659 3147 4698 ue
3203 4645 3290 4699 ille
3344 4648 3638 4714 perniciosa

2086 4739 2401 4796 praasumat.
2445 4728 2855 4787 lncontinentiu:
2907 4751 3091 4789 revera
3140 4753 3269 4792 usus
3300 4749 3350 4794 et
3383 4749 3637 4810 tempore,

2085 4831 2138 4870 et
2162 4829 2344 4884 aetate,
2377 4827 2433 4873 et
2459 4821 2600 4884 loco,
2625 4829 2682 4876 et
2711 4823 3026 4884 infirmitate
3055 4827 3391 4894 prohibetur.
3418 4830 3642 4885 Castitas

2083 4925 2215 4963 vero
2273 4921 2451 4978 potest
2500 4915 2702 4982 iugiter
2731 4915 3014 4972 custodiri.
3056 4916 3186 4972 Illud
3232 4935 3362 4990 ergo
3387 4921 3643 4978 debemus

2084 5011 2364 5069 appetere,
2397 5007 2540 5072 quod
2572 5007 2787 5061 facilius
2817 5015 3088 5064 custodire
3115 5013 3234 5066 sine
3258 5013 3642 5083 impedimento

2088 5093 2201 5145 ullo
2237 5109 2550 5163 possumus,
2581 5105 2636 5150 et
2672 5099 2724 5151 in
2761 5111 3020 5167 perpetuo
3045 5101 3347 5168 possidere.
3378 5102 3485 5157 Sed
3508 5102 3642 5173 obji-

2086 5200 2210 5239 cere
2240 5198 2516 5242 amatores
2544 5187 2772 5242 luxuria:
2797 5191 2975 5250 solent
2999 5203 3015 5245 :
3057 5192 3126 5246 Ut
3155 5195 3280 5262 quid
3315 5209 3448 5264 ergo
3473 5196 3638 5265 prima

2085 5277 2176 5330 Dei
2213 5278 2540 5344 benedicdo,
2575 5296 2823 5336 crescere
2847 5291 2900 5338 et
2937 5286 3297 5353 multiplicare
3335 5283 3642 5343 concessit?

2086 5369 2158 5424 Ut
2219 5381 2360 5424 terra
2410 5374 2622 5427 scilicet
2671 5375 2970 5442 repleretur
3013 5395 3026 5428 :
3084 5394 3186 5446 qua
3231 5375 3344 5447 jam
3396 5380 3636 5448 impleta,

2085 5462 2346 5516 debemus
2374 5465 2442 5518 ab
2494 5467 2891 5522 incontinentia
2950 5481 3274 5538 tettzperure.
3309 5473 3416 5527 Sed
3448 5473 3637 5543 potuit,

2087 5553 2320 5623 inquies,
2352 5570 2543 5612 omnes
2572 5558 2816 5612 homines
2849 5560 2913 5613 de
2955 5571 3094 5612 terra
3144 5562 3401 5629 formare,
3431 5565 3478 5618 si
3503 5578 3640 5618 sem-

2088 5663 2183 5716 per
2212 5647 2288 5700 illi
2331 5663 2461 5704 usns
2512 5650 2745 5720 coniugii
2802 5667 2907 5706 non
2955 5653 3132 5707 fuerat
3171 5654 3489 5724 placiturus.
3539 5655 3637 5710 Sed

2085 5757 2193 5796 non
2247 5742 2510 5812 quarritur
2567 5745 2696 5814 quid
2756 5747 2948 5814 potuit,
3002 5749 3094 5802 sed
3155 5751 3284 5816 quid
3341 5751 3468 5807 fecit
3502 5770 3515 5806 :
3548 5748 3626 5805 cui
