3934 6200
355 339 468 406 765

1367 337 1903 400 ΕΧΡΟΞΙΤΙΟιῙΝ
1945 339 2181 402 ΕΡῐδΤ.
2226 341 2252 401 Ι
2291 343 2392 402 AD
2429 342 2595 404 COB.

3469 344 3580 407 766

350 448 533 504 omnia
567 445 844 518 possibilia
897 455 1044 503 sunt.
1074 446 1254 517 Ipsam
1291 447 1527 516 denique
1554 447 1717 502 Evam
1748 447 1920 502 noluit
1947 470 1997 527 Δ
2024 451 2222 508 duana.
2259 452 2414 510 Unde
2441 463 2495 508 et
2544 455 2598 508 in
2633 452 2940 524 Regnorum
2975 451 3116 509 libro
3168 466 3358 523 panem
3401 469 3590 509 sacer-

349 539 421 594 de
444 549 589 594 terra
619 537 822 604 facere,
854 541 948 595 sed
977 541 1043 596 de
1073 548 1248 594 costa.
1280 538 1338 594 Si
1357 549 1536 594 autem
1567 549 1728 609 putas
1759 539 1915 594 nobis

349 631 573 700 antiqua
631 639 873 701 tempora
930 631 983 686 iu
1031 631 1288 687 omnibus
1335 632 1646 696 convenire,
1703 632 1917 687 imitare

353 723 546 788 Adam,
591 722 682 792 qui
741 721 904 776 ﬁliam
953 723 1037 792 (ιιι
1080 723 1153 778 ita
1205 724 1458 794 dixerim)
1522 739 1672 779 suam
1709 725 1916 792 accepit

351 829 605 868 uxorem.
630 814 764 868 Cain
804 815 1078 880 similiter,
1114 815 1157 869 si
1194 831 1300 870 non
1337 817 1520 884 pttdet,
1569 826 1625 869 et
1671 825 1914 879 caeteros,

347 907 442 974 qni
499 907 750 975 proprias
799 907 852 959 in
887 908 1290 961 matrimonium
1349 921 1611 974 accepere
1668 921 1912 960 sorores.

351 998 506 1064 Quod
536 998 578 1051 si
606 996 722 1051 ﬁeri
754 1011 862 1052 non
898 999 1082 1064 debet,
1103 998 1286 1053 omnia
1314 997 1596 1052 Dominum
1619 997 1914 1050 secundum

353 1087 751 1156 praescieutiam
777 1089 894 1143 suis
923 1088 1259 1158 temporibus
1287 1087 1567 1141 ordinasse
1601 1088 1914 1141 credamus:

350 1190 412 1232 ot
442 1179 533 1247 qui
567 1189 695 1232 tunc
729 1188 932 1232 terram
990 1179 1203 1248 impleri
1258 1179 1450 1242 voluit,
1479 1179 1642 1232 modo
1681 1179 1800 1248 plus
1832 1179 1914 1232 di-

349 1271 466 1338 ligit
501 1271 832 1335 castitatem,
866 1276 952 1324 cui
989 1282 1044 1326 et
1074 1272 1279 1339 grande
1309 1272 1590 1337 pramiutn
1630 1271 1918 1340 repromit-

353 1363 436 1414 tit.
475 1360 612 1414 Illud
638 1361 800 1414 etiam
835 1363 1120 1416 dicendum
1161 1372 1266 1425 est,
1312 1363 1454 1431 quod
1487 1377 1586 1418 nec
1619 1364 1916 1419 secundum

352 1452 520 1506 Vetus
545 1451 977 1518 Testamentum,
997 1453 1294 1522 "quosdam
1324 1469 1520 1509 uxores
1546 1454 1798 1510 habuisse
1836 1455 1917 1509 vi-

352 1546 598 1600 deamus.
630 1546 765 1613 Quia
796 1546 870 1600 ibi
935 1561 1131 1601 uxores
1179 1547 1482 1602 liberorum
1517 1563 1679 1603 causa
1720 1547 1917 1601 habere

352 1634 679 1703 permissum
736 1646 869 1689 est:
906 1651 1013 1690 non
1073 1648 1296 1706 propter
1349 1637 1572 1690 nimiam
1634 1637 1916 1692 libidinem

351 1727 708 1779 exercendam
743 1743 758 1781 :
797 1727 886 1794 qui
941 1729 994 1780 in
1057 1727 1158 1783 hoc
1203 1730 1365 1783 etiam
1412 1729 1739 1784 animalibus
1771 1730 1920 1784 dete-

2019 545 2260 600 dotalem
2313 561 2423 600 non
2485 547 2593 600 nisi
2645 545 2986 602 continentes
3033 544 3306 614 accipiunt
3355 543 3405 614 (1
3460 544 3587 614 Reg.

2023 652 2138 695 ut.
2176 637 2253 706 4).
2289 636 2459 704 Quam
2491 637 2564 692 ob
2591 651 2813 692 causam
2848 636 3146 690 necessitas
3175 635 3346 703 legem
3380 636 3589 690 solvere

2020 727 2306 781 venialiter
2333 730 2512 796 potuit
2559 728 2820 796 suffragio
2859 727 3158 782 charitatis.
3199 725 3351 780 Unde
3399 736 3451 780 et
3488 725 3591 779 Pe-

2023 827 2140 872 trus
2177 822 2443 885 hortatur,
2478 833 2695 874 nostras
2742 821 3020 874 orationes
3072 818 3296 872 minime
3337 817 3588 887 impediri
3667 855 3672 860 -

2021 908 2215 962 debere
2257 907 2310 978 (Ι
2343 908 2490 964 Petr.
2520 925 2598 975 Ill,
2635 910 2711 978 7).

2099 1016 2118 1046 ι
2169 999 2246 1054 Ne
2277 1010 2449 1054 tentet
2475 1016 2571 1055 vos
2595 1000 2828 1055 Satanas
2871 1006 3093 1069 prepter
3133 997 3585 1052 incontinentiam

2023 1099 2281 1144 vestram.
2319 1110 2338 1142 ι
2379 1091 2689 1145 Notandum
2719 1093 2865 1162 quod
2900 1090 2966 1144 ad
3002 1090 3140 1144 duos
3181 1089 3478 1157 respiciens
3509 1089 3591 1140 in-

2020 1179 2384 1246 continentes,
2421 1182 2510 1235 uni
2573 1197 2676 1235 non
2739 1181 3049 1250 praiudicet
3095 1179 3420 1233 continenti.
3455 1177 3586 1230 item

2024 1287 2093 1324 ne
2132 1287 2240 1324 uno
2266 1288 2325 1327 se
2357 1276 2686 1336 retrahente,
2719 1275 2855 1328 alios
2886 1273 3206 1328 fornicetnr.

2102 1383 2120 1414 ι
2168 1364 2280 1418 Hoc
2332 1373 2514 1418 autem
2573 1366 2693 1418 dico
2741 1367 3038 1420 secundum
3088 1364 3499 1434 indulgentiam,
3535 1370 3590 1414 et

2023 1471 2130 1510 non
2169 1458 2468 1511 secundum
2521 1457 2828 1526 imperium.
2880 1456 3016 1511 Volo
3054 1465 3231 1509 autem
3273 1470 3463 1508 omnes
3493 1469 3588 1506 vos

2020 1563 2144 1604 esse
2176 1548 2319 1602 sicut
2372 1549 2657 1616 mcipsum.
2695 1566 2714 1599 ι
2767 1546 2879 1602 lloc
2924 1555 2982 1600 ut
3037 1547 3270 1616 parvulis
3313 1545 3586 1615 indulgeo,

2023 1655 2130 1695 non
2161 1642 2416 1709 praecipio
2463 1650 2520 1693 ut
2573 1639 2881 1708 perfectis:
2924 1654 3046 1692 nam
3097 1653 3286 1692 omnes
3343 1637 3590 1691 homines

2023 1731 2181 1798 cupio
2242 1732 2371 1785 mihi
2420 1731 2626 1786 similes
2679 1731 2934 1786 inveniri.
2995 1727 3126 1783 Novi
3188 1729 3331 1783 enim
3387 1737 3587 1796 quanta

354 1817 528 1871 riores
565 1831 686 1871 esse
733 1828 1034 1872 noscuntur
1073 1835 1088 1874 :
1123 1834 1232 1888 quo
1290 1820 1534 1875 necando
1595 1819 1757 1884 ﬁlios,
1791 1835 1911 1889 pro-
1950 1846 1989 1900 Β
2023 1823 2245 1876 castitas
2278 1824 2527 1876 mercede
2565 1832 2840 1890 peusetur.
2900 1821 3186 1890 Nunquam
3231 1821 3332 1873 hoc
3390 1818 3594 1872 voluis-

351 1905 561 1961 bantse
595 1923 702 1961 non
746 1909 976 1963 ﬁliorum
1016 1924 1178 1965 causa
1209 1910 1478 1980 nupsisse.
1513 1912 1612 1978 Qui
1643 1923 1821 1966 autent
1853 1929 1914 1964 ea

349 2012 515 2052 causa
564 1999 934 2069 coniungitur,
981 2003 1168 2055 statim
1222 2017 1282 2058 se
1338 2004 1574 2058 abstinet
1613 2013 1733 2072 post
1789 2019 1919 2057 cou-

350 2097 590 2155 ceptum.
623 2088 688 2143 Et
732 2102 988 2147 cessante
1010 2093 1122 2162 iam
1153 2109 1250 2162 per
1289 2105 1503 2150 atatem
1539 2107 1715 2164 partu,
1745 2106 1918 2151 cessat

347 2191 405 2236 et
442 2197 594 2238 usus.

427 2290 448 2328 ι
491 2271 685 2330 Mulier
748 2277 832 2332 sui
895 2278 1143 2346 corporis
1197 2288 1518 2348 potestatem
1579 2296 1682 2334 non
1735 2280 1915 2346 habet,

351 2367 447 2419 sed
477 2367 578 2423 vir.
623 2369 891 2424 Similiter
929 2383 1109 2424 autem
1163 2382 1219 2426 et
1265 2373 1352 2425 vir
1399 2372 1481 2426 sui
1533 2372 1776 2440 corporis
1825 2389 1920 2441 po-

354 2469 598 2516 testatem
630 2477 737 2517 non
786 2463 970 2528 habet,
1016 2466 1108 2518 sed
1149 2465 1362 2520 mulier.
1401 2484 1420 2514 ι
1462 2463 1674 2532 Corpus
1705 2465 1916 2518 dicitur

352 2563 515 2604 omne
545 2553 691 2619 quod
721 2553 983 2623 tangitur.
1031 2553 1180 2608 Sicut
1217 2569 1345 2624 ergo
1383 2556 1575 2609 mulier
1613 2569 1810 2620 corpus
1840 2554 1920 2607 di-

355 2639 497 2694 citur
517 2643 644 2707 viri,
697 2644 768 2698 ita
825 2655 880 2700 et
931 2645 1014 2700 vir
1061 2661 1259 2716 corpus
1314 2648 1559 2701 mulieris
1594 2648 1915 2716 appellatur.

354 2729 481 2788 Ideo
514 2750 687 2803 neque
731 2738 774 2791 si
811 2738 1041 2793 voluerit
1102 2739 1296 2794 mulier
1349 2740 1645 2802 contraire,
1711 2740 1762 2792 in
1798 2753 1920 2794 cor-

353 2841 482 2892 pore
511 2843 630 2890 suo,
664 2829 714 2882 id
777 2841 862 2884 est
912 2831 967 2884 in
1025 2847 1213 2895 uxore,
1266 2831 1350 2885 vir
1401 2833 1600 2900 poterit
1628 2813 1927 2885 dominari.

357 2919 583 2974 Dubium
617 2935 794 2976 autem
831 2939 937 2978 non
968 2934 1067 2986 est,
1114 2925 1282 2978 multo
1331 2925 1504 2995 magis
1538 2925 1755 2979 uolente
1781 2927 1917 2984 viro,

355 3027 532 3081 neque
566 3013 620 3066 in
665 3015 841 3068 virum
884 3015 1162 3070 mulierem
1221 3031 1379 3086 posse
1427 3017 1744 3085 praevalere.
1781 3014 1922 3080 Quo-

359 3104 504 3158 niam
539 3120 667 3174 ergo
691 3107 759 3159 de
795 3106 1009 3160 duobus
1040 3105 1508 3161 incontinentibus
1541 3107 1695 3168 dicit,
1723 3121 1922 3161 conce-

354 3195 529 3247 diter
565 3197 892 3251 necessitate
942 3196 1256 3266 Apostolus,
1305 3205 1364 3249 ut
1409 3198 1463 3248 in
1495 3196 1752 3265 idipsum,
1791 3197 1918 3264 quia

355 3286 574 3353 utrique
605 3286 1005 3342 incontinentes
1054 3295 1202 3352 sunt,
1254 3295 1599 3340 revertantur
1639 3302 1654 3342 :
1687 3287 1921 3344 interce-

351 3378 518 3431 dente
565 3391 890 3448 quacunque
934 3369 1290 3434 dissensionis
1338 3392 1523 3441 causa,
1561 3380 1722 3432 ambo
1751 3378 1925 3433 forni-

349 3471 580 3524 cationis
615 3471 818 3526 crimen
871 3471 1185 3535 admittant,
1235 3471 1361 3541 quia
1410 3472 1628 3540 utrique
1677 3479 1804 3524 sunt
1845 3472 1926 3525 iu-

350 3563 724 3618 contineutes.
749 3563 1021 3619 Caeterum
1053 3575 1233 3620 autem
1261 3565 1306 3620 si
1335 3579 1474 3620 unus
1505 3579 1536 3619 e
1567 3563 1774 3618 duobus
1797 3579 1926 3618 con-

351 3655 604 3709 siderans
665 3657 948 3724 praemium
1005 3657 1292 3718 castitatis,
1353 3655 1583 3709 voluerit
1621 3655 1923 3722 cootinere,

354 3745 718 3809 incontiueuti
775 3748 1047 3803 assentire
1095 3764 1202 3803 non
1262 3747 1445 3814 debet,
1491 3747 1585 3802 sed
1625 3749 1696 3802 ita
1735 3764 1922 3818 agere,

356 3845 422 3890 ut
471 3835 705 3892 videndo
743 3837 1130 3894 continentiam
1193 3839 1337 3894 illius
1380 3850 1704 3908 provocetur
1733 3842 1926 3895 incon-

355 3926 541 3984 tinens
604 3941 621 3979 :
683 3926 775 3996 qui
831 3925 1044 3982 luxuria
1109 3929 1176 3983 ad
1242 3929 1634 3983 continentiam
1695 3931 1927 3985 transire

352 4017 537 4084 debet,
588 4031 694 4071 non
754 4019 821 4072 ad
884 4019 1150 4074 luxuriam
1210 4020 1541 4076 continentia
1608 4021 1921 4075 declinare:

353 4110 612 4178 quamvis
650 4110 904 4178 plurima:
950 4113 1209 4167 mulieres
1238 4111 1476 4170 castitati
1522 4113 1923 4181 contradicant,

355 4202 436 4264 ita
463 4202 610 4255 illum
651 4204 742 4272 qui
781 4203 1014 4258 voluerit
1069 4205 1371 4269 continere,
1420 4221 1582 4276 agere
1628 4207 1845 4271 debere,
1871 4217 1928 4260 ut

357 4295 760 4350 incontinentis
815 4298 1078 4352 assentiat
1121 4299 1174 4352 in
1220 4299 1450 4367 idipsum
1484 4313 1500 4352 :
1536 4315 1603 4354 ne
1663 4300 1791 4354 dum
1838 4299 1929 4356 ille

353 4388 622 4447 continet,
657 4387 747 4443 illa
781 4397 991 4458 peccet.
1032 4387 1228 4443 Anima
1272 4405 1393 4459 quae
1439 4391 1774 4458 peccaverit,
1811 4391 1926 4460 ipsa

2020 1924 2104 1967 set
2133 1914 2444 1979 Apostolus,
2475 1914 2521 1967 si
2565 1914 2678 1966 ﬁeri
2710 1914 2929 1968 omnino
2959 1929 3063 1966 non
3097 1921 3300 1979 posset.

2099 2025 2117 2057 ι
2165 2006 2270 2062 Sed
2321 2008 2692 2075 unusquisque
2753 2009 3029 2074 proprium
3081 2005 3280 2058 donum
3337 2003 3495 2056 habet
3523 2016 3590 2055 ex

2023 2096 2134 2152 Deo
2173 2115 2186 2151 :
2217 2097 2360 2152 alius
2395 2098 2615 2168 quidem
2650 2097 2750 2162 sic,
2801 2098 2938 2151 alius
2974 2109 3104 2150 vero
3154 2095 3253 2148 sic.
3289 2112 3307 2144 ι
3336 2093 3450 2147 Hoc
3485 2101 3590 2156 est,

2020 2189 2251 2258 propriae
2279 2189 2574 2243 voluntatis
2617 2189 2830 2258 accepit
2859 2188 3198 2242 donativum.

2094 2297 2112 2329 ι
2166 2278 2295 2334 Dico
2343 2289 2524 2334 autem
2586 2295 2690 2334 non
2744 2279 2927 2348 nuptis
2973 2287 3028 2332 et
3085 2276 3282 2331 viduis.
3325 2294 3344 2328 ι
3399 2273 3592 2344 incipit

2021 2368 2182 2422 aliam
2208 2385 2429 2424 causam
2457 2372 2521 2425 de
2550 2371 2812 2440 innuptis.

2102 2481 2120 2514 ι
2164 2463 2374 2516 Βοηιιιιι
2407 2472 2492 2517 est
2520 2463 2647 2528 illis,
2703 2461 2749 2516 si
2799 2462 2880 2515 sic
2928 2457 3332 2528 permanserint
3378 2455 3512 2509 sicut
3535 2460 3593 2507 et

1985 2569 2142 2622 rgo.
2181 2573 2200 2606 ι
2232 2553 2560 2622 Magnopere
2615 2551 2976 2622 appetendum
3032 2558 3138 2614 est,
3182 2548 3325 2616 quod
3380 2561 3411 2600 a
3441 2556 3591 2600 tanto

2024 2648 2246 2701 doctore
2277 2645 2552 2699 laudatur.

2101 2754 2118 2787 ι
2163 2735 2319 2801 Quod
2351 2735 2395 2788 si
2447 2749 2551 2787 non
2610 2732 2914 2795 continent,
2945 2730 3173 2786 nubant.
3215 2746 3234 2780 ι
3285 2726 3590 2781 Notandum

2021 2827 2162 2897 quod
2195 2825 2664 2881 incontinentibus
2697 2826 2900 2891 nuptiae
2929 2823 3316 2877 concedantur.

2100 2938 2117 2970 ι
2162 2919 2356 2974 Melius
2379 2927 2462 2973 est
2488 2918 2631 2972 enim
2675 2918 2882 2972 nubere
2916 2931 3076 2986 quam
3111 2916 3216 2970 uri.
3251 2932 3270 2965 ι
3311 2912 3448 2966 Malo
3479 2911 3592 2965 for-

2024 3011 2312 3065 nicationis
2362 3011 2556 3064 melius
2605 3020 2708 3072 est,
2781 3009 2925 3078 quod
2982 3008 3105 3078 igne
3149 3007 3369 3074 punitur
3402 3021 3416 3057 :
3447 3005 3593 3058 sicut

2022 3102 2190 3156 Judas
2223 3104 2275 3156 in
2308 3102 2500 3158 Genesi
2535 3103 2600 3155 de
2623 3114 2719 3154 sua
2742 3116 2879 3154 nuru
2919 3098 3252 3169 pronuntiat.

2102 3213 2120 3245 ι
2169 3193 2266 3248 llis
2309 3205 2508 3254 autem,
2539 3194 2628 3262 qui
2666 3192 3013 3246 matrimonio
3035 3191 3206 3256 juncti
3237 3195 3382 3241 sunt.
3412 3205 3432 3239 ι
3460 3185 3590 3240 Item

2026 3288 2092 3340 de
2115 3286 2383 3356 coniugiis
2413 3287 2636 3340 minime
2662 3300 2831 3340 causa
2874 3285 3052 3354 aliqua
3090 3283 3446 3337 dimittendis.

2102 3397 2120 3429 ι
2167 3379 2448 3448 Prmcipio,
2495 3394 2598 3433 non
2639 3393 2762 3450 ego,
2827 3379 2920 3431 sed
2969 3375 3248 3438 Dominus,
3300 3389 3524 3429 uxorem
3561 3388 3592 3427 a

2026 3469 2145 3524 viro
2171 3486 2276 3524 non
2308 3470 2609 3526 discedere.
2656 3487 2675 3522 ι
2734 3467 2994 3523 Prohibet
3034 3465 3226 3520 dimitti
3274 3479 3596 3536 quacunque

2025 3580 2090 3617 ex
2129 3578 2316 3628 causa,
2346 3579 2411 3616 ne
2433 3561 2557 3617 aliis
2596 3562 2995 3631 coniungantur
3027 3557 3325 3612 secundum
3359 3571 3594 3612 consue-

2029 3657 2273 3710 tudinem
2305 3654 2640 3720 Iudaeorum,
2683 3667 2842 3722 quam
2867 3651 3128 3706 Dominus
3171 3648 3469 3711 interdixit,
3504 3648 3591 3701 di-

2028 3763 2194 3804 cens:
2226 3749 2534 3816 Quicunque
2580 3747 2837 3800 dimiserit
2885 3759 3099 3797 uxorem
3151 3757 3327 3806 suam,
3379 3750 3592 3806 excepto

2027 3857 2189 3896 causa
2255 3839 2644 3908 fornicationis,
2704 3849 2752 3890 et
2806 3837 2968 3890 alium
3019 3833 3248 3898 duxerit,
3308 3831 3594 3884 uttzchatur

2031 3933 2246 4004 (Matth.
2279 3947 2332 3997 v,
2359 3930 2473 3998 52).
2515 3931 2686 3982 Aliter
2716 3944 2731 3982 :
2769 3927 3030 3994 Prtecipio
3068 3941 3171 3978 non
3208 3940 3323 3992 ego,
3353 3924 3442 3978 sed
3484 3922 3592 3974 Do-

2029 4023 2224 4086 minus,
2275 4037 2487 4074 uxorem
2515 4037 2548 4072 a
2581 4021 2693 4073 uiro
2738 4034 2840 4072 non
2869 4018 3154 4071 discedere.
3210 4014 3325 4070 Non
3357 4016 3482 4084 quia
3536 4014 3590 4066 in

2031 4130 2090 4169 se
2129 4129 2235 4167 non
2285 4113 2520 4166 habebat
2550 4112 2827 4166 Christum
2885 4111 3216 4177 loquentem,
3272 4107 3387 4161 haec
3435 4107 3588 4169 dicit,

2029 4206 2120 4260 sed
2158 4219 2214 4259 ut
2239 4204 2512 4269 ostendat,
2545 4203 2670 4272 quia
2691 4205 2801 4271 ipse
2823 4200 3080 4255 Dominus
3108 4214 3202 4269 per
3237 4197 3586 4267 semetipsum

2029 4299 2094 4353 de
2115 4297 2218 4351 hoc
2247 4297 2300 4352 iu
2334 4295 2628 4363 Evangelio
2657 4293 2816 4348 dixit.

2105 4408 2124 4441 ι
2172 4389 2327 4456 Quod
2372 4389 2416 4442 si
2474 4388 2809 4450 discesserit,
2868 4399 3091 4438 manere
3145 4385 3590 4452 inuuptaunaut

355 4484 647 4562 morietur.
681 4482 787 4537 Nec
817 4485 963 4536 enim
997 4484 1248 4537 servituti
1304 4485 1584 4562 subjectus
1621 4496 1703 4539 est
1733 4485 1920 4552 frater,
1957 4497 2002 4554 υ
2030 4482 2148 4536 viro
2183 4496 2282 4535 suo
2319 4478 2683 4534 reconciliari.
2715 4477 2782 4530 Et
2800 4479 2879 4530 vir
2907 4491 3130 4530 uxorem
3164 4491 3267 4528 non
3295 4475 3580 4528 dimittam

353 4578 454 4623 aut
482 4557 639 4625 soror
695 4573 748 4626 in
803 4573 1095 4642 ejusmodi.
1153 4572 1340 4642 Neque
1383 4557 1528 4630 enim
1582 4577 1792 4630 vocavit
1825 4591 1922 4630 nos

357 4662 500 4714 Deus
526 4665 576 4714 in
606 4663 972 4728 immunditia,
1009 4663 1106 4718 sed
1140 4666 1192 4718 iu
1230 4664 1683 4725 sanctificatione.
1716 4667 1918 4720 Aliter:

351 4753 492 4819 Quia
519 4756 690 4808 voluit
715 4757 831 4810 viro
862 4770 985 4812 esse
1005 4756 1325 4826 subiectam,
1357 4758 1529 4813 solam
1569 4759 1675 4814 sibi
1730 4762 1921 4816 abstu-

353 4848 421 4898 lit
448 4845 775 4901 libertatem.

431 4953 451 4987 ι
496 4937 677 4994 Nolite
731 4938 988 4994 fraudare
1041 4941 1272 4997 invicem
1309 4959 1323 4998 :
1358 4943 1461 4997 nisi
1517 4943 1656 4998 forte
1691 4956 1756 4996 ex
1789 4955 1924 4995 con-

349 5045 520 5086 sensu
551 5033 618 5086 ad
655 5042 896 5104 tetnpns,
959 5043 1018 5089 ut
1071 5036 1273 5090 vacetis
1336 5035 1594 5101 orationi,
1627 5044 1682 5090 et
1726 5035 1922 5090 iterum

351 5127 690 5180 revertimini
743 5128 794 5180 in
839 5129 1094 5194 idipsum.
1141 5147 1160 5180 ι
1196 5126 1402 5199 Negare
1442 5131 1655 5184 videtur
1698 5129 1928 5183 inconti-

355 5223 548 5270 nentes
574 5217 806 5273 orationi
863 5233 1022 5287 posse
1068 5233 1267 5274 vacare
1305 5234 1469 5288 :qom
1521 5220 1572 5272 iu
1620 5233 1687 5273 eo
1744 5220 1926 5288 utique

357 5308 538 5363 minor
565 5319 651 5363 est
676 5311 1076 5376 communione,
1118 5326 1223 5380 qua
1253 5311 1635 5366 catechumeni
1668 5319 1723 5366 et
1751 5310 1926 5380 paeni-

358 5409 533 5454 tentes
563 5410 744 5465 orant,
775 5403 864 5470 qui
919 5403 1322 5457 communicare
1372 5418 1474 5456 non
1524 5412 1772 5472 possunt.
1805 5403 1922 5457 Non

355 5490 530 5544 solum
563 5493 665 5548 hoc
686 5494 739 5547 in
773 5491 946 5555 Novo,
979 5494 1070 5546 sed
1105 5493 1266 5548 etiam
1296 5495 1347 5547 in
1383 5493 1925 5549 Vcteri'l‘estauteuto

359 5584 832 5641 sanctiﬁcantura
890 5585 1137 5651 muliere,
1195 5597 1251 5639 ιιι
1311 5585 1664 5640 descendenti
1695 5587 1924 5640 Domino

357 5673 412 5727 in
448 5687 709 5742 montem,
741 5680 996 5734 assistere
1023 5687 1352 5734 mercantur.
1383 5677 1482 5733 ilic
1515 5680 1772 5748 probatur
1795 5679 1923 5750 quid

363 5766 531 5842 possit
560 5781 816 5841 perpetua
871 5772 1223 5838 continentia,
1286 5771 1330 5826 si
1381 5779 1602 5828 tantum
1635 5769 1802 5826 valuit
1829 5773 1925 5828 tri-

2027 4574 2085 4627 Si
2113 4573 2183 4628 ob
2217 4573 2450 4641 aliquam
2493 4586 2711 4626 causam
2764 4569 3098 4630 discesserit,
3137 4567 3226 4619 alii
3264 4579 3370 4618 non
3401 4567 3588 4631 nubat,

2024 4675 2116 4722 aut
2149 4684 2250 4724 suo
2288 4669 2428 4730 viro,
2467 4667 2512 4721 si
2563 4665 2822 4728 voluerit,
2865 4661 3238 4716 reconcilietur
3272 4675 3287 4712 :
3330 4659 3450 4727 quia
3488 4661 3591 4712 hoc

2024 4775 2186 4829 quam
2265 4759 2424 4815 alteri
2492 4761 2726 4823 nubere,
2791 4755 2986 4810 melius
3045 4768 3164 4807 esse
3242 4749 3583 4804 manifestum

2023 4861 2126 4906 est.

2103 4962 2121 4994 ι
2169 4940 2306 4996 Nam
2341 4941 2553 4997 caeteris
2579 4941 2697 4996 dico
2738 4953 2857 5009 ego,
2900 4953 3002 4992 non
3041 4933 3316 4990 Dominus.
3345 4949 3365 4983 ι
3400 4930 3588 4986 Consi-

2025 5033 2151 5086 lium
2177 5033 2268 5098 do,
2299 5032 2442 5102 quod
2475 5031 2606 5086 mihi
2655 5030 2782 5084 utile
2813 5043 2935 5084 esse
2969 5026 3200 5080 videtur.

2103 5142 2122 5175 ι
2173 5122 2229 5177 Si
2265 5124 2390 5193 quis
2416 5122 2584 5176 frater
2622 5136 2843 5176 uxorem
2869 5119 3026 5174 habet
3059 5116 3353 5180 infidelem,
3385 5127 3440 5171 et
3471 5116 3586 5170 hac

2023 5218 2292 5272 consentit
2327 5217 2572 5271 habitare
2605 5230 2725 5270 cum
2765 5213 2876 5278 illo,
2920 5226 3026 5266 non
3067 5209 3299 5263 dimittat
3323 5207 3487 5261 illatn.
3521 5208 3587 5262 Et

2026 5313 2069 5364 si
2102 5325 2206 5378 qua
2247 5309 2440 5364 mulier
2472 5307 2647 5364 ﬁdelis
2678 5308 2838 5362 habet
2883 5311 3055 5360 virum
3093 5300 3386 5367 inﬁdelem,
3417 5311 3470 5355 et
3495 5300 3587 5355 hic

2023 5403 2299 5458 consentit
2330 5402 2574 5457 habitare
2612 5416 2733 5456 cum
2765 5399 2875 5462 illa,
2913 5411 3018 5451 non
3047 5395 3284 5448 dimittat
3323 5396 3524 5448 virum.
3563 5412 3580 5443 ι

2024 5495 2079 5546 Si
2109 5494 2233 5562 quis
2261 5493 2412 5549 solus
2461 5492 2754 5547 crediderit
2805 5504 2835 5546 e
2894 5489 3101 5542 duobus
3134 5505 3148 5541 :
3186 5501 3288 5540 non
3322 5500 3428 5554 quo
3461 5501 3585 5554 per.

2024 5586 2234 5640 miserit
2263 5585 2474 5640 ﬁdelem
2535 5583 2735 5639 infideli
2793 5579 3060 5650 conjungi.
3097 5576 3211 5632 Non
3243 5576 3388 5631 enim
3424 5577 3581 5641 dixit,

2023 5679 2065 5732 si
2090 5678 2211 5748 quis
2235 5680 2404 5744 ducit,
2435 5679 2554 5744 sed,
2586 5677 2630 5732 si
2662 5676 2784 5746 quis
2816 5673 2976 5729 habet
3010 5670 3301 5726 inﬁdelem.

2102 5789 2119 5825 t
2168 5771 2547 5831 Sanctiﬁcatus
2595 5779 2679 5828 est
2724 5773 2868 5829 enim
2907 5770 2989 5826 vir
3032 5760 3265 5821 inﬁdelis
3319 5774 3417 5829 per
3465 5772 3546 5816 m"
