3956 6196
429 261 458 316 Ἷ
471 257 536 316 (i7

1383 258 1450 318 s.
1488 259 1932 323 HlEllONYMI
1967 262 2289 322 OI’ERUM
2335 239 2736 324 MANTISSA.

3537 265 3628 330 768

419 373 602 426 lierem
633 370 868 435 ﬁdelem,
925 381 980 426 et
1011 371 1348 424 sanctiﬁcata
1385 383 1469 426 est
1512 375 1708 428 mulier
1764 375 2000 431 inﬁdelis
2029 383 2071 438 Α
2099 375 2389 444 conjugem
2435 387 2539 429 non
2595 373 2758 430 debet
2816 375 3084 445 accipere.
3147 375 3206 430 Si
3257 384 3427 430 autem
3473 377 3519 431 in
3549 382 3628 434 tali

419 480 516 532 per
543 463 718 516 virum
752 462 985 516 ﬁdelem.
1027 481 1046 514 t
1090 461 1409 530 Exemplum
1439 464 1668 528 refert‘,
1700 467 1825 534 quia
1851 480 1992 533 saepe

337 631 344 640 ’
419 555 712 624 contigerit
778 561 838 608 u‘t
864 555 1160 609 lucriﬁeret
1191 557 1274 609 vir
1304 571 1398 626 per
1427 557 1722 612 mulierem.
1758 559 1913 614 Unde
1940 567 1996 612 et

421 649 614 702 beatus
647 647 842 700 Petrus
867 647 943 700 ait
971 663 984 700 :
1017 645 1086 700 Ut
1117 649 1168 702 si
1193 649 1284 714 qui
1313 661 1416 702 non
1448 652 1666 704 credunt
1693 651 1866 709 verba.
1901 667 1994 719 per

424 738 702 791 mulierum
787 723 1230 790 conuersationem
1313 739 1427 792 sine
1492 738 1644 792 verba
1727 739 1993 803 lucri/iant

422 828 475 896 (1
511 826 656 882 Petr.
684 843 766 889 tu,
803 826 855 898 1)
893 842 908 883 :
938 827 988 880 id
1020 837 1125 893 est,
1160 845 1281 881 cum
1330 829 1568 884 viderint
1591 843 1684 884 eas
1720 829 1772 883 in
1801 830 1996 884 melius

421 929 825 987 commutatus,
879 929 1214 987 cognoscant
1267 933 1498 983 omnes,
1556 921 1649 974 Dei
1695 921 1864 989 legem
1925 922 1998 975 ita

423 1012 819 1066 consuetudine
852 1011 1149 1065 inveterata
1169 1014 1410 1080 potuisse
1440 1013 1635 1066 mutari
1665 1030 1679 1067 :
1717 1015 1843 1066 item
1873 1013 1996 1066 ideo

425 1105 506 1156 vir
544 1113 594 1156 et
627 1118 764 1158 uxor
794 1102 1026 1156 invicem
1060 1103 1478 1158 sanctiﬁcantur
1509 1143 1524 1168 ,
1584 1105 1708 1174 quia
1734 1118 1799 1156 ex
1831 1104 1998 1158 tradi-

427 1195 570 1246 tione
595 1192 687 1245 Dei
737 1202 952 1258 -sanctze
986 1203 1114 1247 sunt
1143 1194 1364 1262 nuptiae.

501 1300 522 1334 ι
559 1282 814 1350 Alioquin
870 1283 963 1338 ﬁlii
1013 1285 1180 1338 vestri
1220 1284 1482 1338 immundi
1545 1293 1732 1339 essent
1792 1301 1808 1339 ι
1857 1300 1998 1339 nunc

428 1384 608 1426 autem
649 1375 827 1428 sancti
879 1383 1031 1428 sunt.
1091 1391 1109 1426 ι
1163 1373 1220 1429 Si
1275 1391 1382 1428 non
1426 1375 1494 1428 ita
1539 1385 1711 1438 esset,
1767 1385 1827 1429 ut
1853 1375 1998 1436 dico,

433 1465 530 1517 ﬁlii
555 1467 716 1518 vestri
754 1467 930 1519 adhuc
959 1464 1204 1519 inﬁdeles
1231 1477 1618 1534 permanerent
1645 1484 1658 1519 :
1687 1481 1828 1533 saepe
1852 1467 1999 1519 enim

431 1556 794 1627 contingeret,
830 1569 891 1611 ut
925 1557 1017 1611 ﬁlii
1047 1555 1169 1612 illos
1200 1567 1484 1626 parentes,
1512 1558 1604 1627 qui
1634 1559 2003 1618 crediderant,

433 1661 808 1721 sequerentur.
859 1650 972 1704 Sub
1016 1649 1121 1719 qua
1179 1666 1275 1719 spe
1333 1653 1481 1704 credi
1532 1653 1725 1715 voluit,
1769 1651 2000 1704 alterunt

2096 466 2306 533 capulo.
2333 467 2680 532 constitutus,
2727 465 2792 520 ad
2847 466 3004 520 ﬁdem
3054 465 3224 520 fuerit
3269 472 3499 532 vocatus,
3542 479 3630 523 non

2101 559 2296 612 debere
2331 575 2453 614 eum
2480 559 2770 630 conjugale
2809 559 3084 614 vinculum
3127 559 3360 614 solvere.

2179 668 2198 700 ι
2225 649 2584 706 Circumcisio
2630 649 2764 705 nihil
2799 660 2902 717 est,
2937 658 2994 706 et
3031 650 3356 719 praeputium
3387 651 3512 705 nihil
3545 661 3630 719 est,

2102 741 2198 794 sed
2245 741 2554 795 observatio
2608 743 2989 796 mandaturum
3023 740 3139 796 Dei.
3189 761 3208 794 ι
3259 740 3371 796 lloc
3421 750 3634 810 tempore

2105 843 2204 883 uec
2235 832 2492 898 prodesse
2523 832 2740 899 poterit,
2776 845 2874 885 nec
2899 835 3112 887 obesse.

2180 937 2198 970 ι
2245 919 2628 989 Unusquisque
2657 917 2708 974 iu
2747 937 2850 989 qua
2885 923 3176 978 vocatione
3226 927 3448 976 vocatus
3473 930 3567 986 est,
3591 921 3635 977 in

2104 1023 2167 1062 ea
2228 1020 2560 1075 permaneat.
2623 1010 2828 1064 Servus
2891 1019 3112 1065 vocatus
3171 1025 3252 1072 es,
3295 1023 3401 1064 nou
3444 1011 3510 1063 sit
3559 1011 3636 1063 tibi

2106 1117 2280 1156 curm.
2323 1119 2341 1151 ι
2373 1100 2696 1156 Christianae
2753 1101 2997 1172 religioni
3054 1101 3301 1158 conditio
3335 1111 3439 1156 non
3489 1112 3638 1170 potest

2105 1195 2298 1248 obesse
2333 1196 2565 1249 servilis.
2605 1195 2683 1250 Ne
2727 1195 2918 1250 dicas:
2953 1196 3091 1264 Ergo
3117 1197 3390 1266 quomodo
3419 1195 3515 1250 Deo
3539 1211 3639 1265 pos-

2107 1296 2226 1335 sum
2283 1283 2513 1349 placere,
2556 1285 2650 1354 qui
2713 1299 2904 1338 servus
2963 1282 3126 1338 sum?
3174 1285 3314 1340 Deus
3364 1285 3500 1340 enim
3550 1300 3636 1338 non

2109 1373 2474 1428 conditionem
2535 1376 2746 1444 aspicit,
2809 1376 2904 1433 sed
2962 1376 3301 1432 voluntatem
3363 1375 3636 1446 quaeritet

2113 1453 2367 1517 tuentem.

2195 1574 2214 1605 ι
2274 1555 2382 1610 Sed
2431 1563 2488 1610 et
2534 1558 2578 1610 si
2613 1567 2768 1627 potes
2818 1560 2933 1614 ﬁeri
2995 1561 3154 1622 liber,
3206 1561 3379 1629 magis
3426 1567 3572 1613 utere.
3618 1577 3632 1608 ι

2113 1645 2294 1718 Usque
2348 1650 2647 1703 adeonon
2711 1651 2935 1720 prodest
2991 1652 3239 1714 libertas,
3303 1666 3400 1704 nec
3441 1651 3638 1704 servitus

433 1743 632 1798 salvari
665 1755 843 1810 posse,
887 1748 994 1795 tam
1033 1741 1336 1796 liberorum
1367 1741 1637 1812 exemplo,
1688 1731 1848 1812 quain
1881 1757 2009 1796 con-
2042 1741 2084 1794 Β
2114 1751 2289 1795 nocet.
2323 1740 2452 1797 item
2479 1742 2734 1810 similiter
2773 1745 2838 1796 ad
2868 1756 2962 1798 eos
2991 1745 3082 1814 qui
3133 1742 3467 1798 matrimonio
3492 1741 3638 1811 juncti

431 1847 600 1903 jugts.

513 1942 533 1975 ι
567 1923 721 1990 Quod
765 1923 809 1976 si
843 1922 1078 1977 inﬁdelis
1109 1923 1364 1989 discedit,
1420 1922 1687 1976 discedat.
1728 1941 1746 1974 t
1786 1922 2010 1976 Maritus

437 2015 582 2068 enim
614 2014 696 2068 vel
724 2029 863 2068 uxor
894 2028 1002 2068 non
1034 2024 1163 2067 sunt
1199 2013 1429 2067 Domino
1461 2014 1805 2082 prteferendi.

516 2124 535 2158 ι
582 2104 702 2160 Non
743 2105 888 2158 enim
934 2103 1186 2158 servituti
1239 2105 1518 2173 subjectus
1569 2116 1656 2159 est
1693 2106 1881 2169 frater,
1925 2107 2010 2160 vel

441 2211 598 2252 soror
629 2197 681 2250 in
731 2196 1022 2266 ejusmodi.
1063 2215 1082 2248 ι
1118 2196 1236 2251 Νοιι
1289 2199 1434 2250 enim
1487 2199 1558 2250 ita
1592 2198 1788 2265 ligatus
1843 2198 2012 2252 estin

441 2288 703 2358 ejusmodi
739 2300 926 2351 causa,
960 2287 1111 2355 quasi
1144 2302 1270 2342 vere
1309 2288 1385 2342 illi
1415 2289 1621 2342 servire
1654 2303 1878 2344 necesse
1918 2289 2009 2355 sit,

443 2389 498 2434 et
529 2389 752 2448 pr0pter
780 2378 1011 2434 alterum
1039 2379 1286 2434 interire.

517 2487 536 2521 ι
577 2471 632 2522 lu
676 2485 859 2538 pacem
883 2479 1066 2525 autem
1097 2472 1310 2524 vocavit
1340 2486 1434 2525 vos
1463 2471 1624 2526 Deus.
1653 2480 1698 2522 ἰ
1741 2472 2013 2527 Οεηιθνῠιη

449 2578 554 2616 non
589 2563 653 2616 ad
693 2563 978 2614 dissidium
1003 2577 1194 2617 sumus
1226 2564 1403 2618 vocati
1437 2579 1458 2621 ι
1486 2567 1628 2618 ultro
1667 2579 1796 2630 ergo
1832 2565 2012 2618 disce-

447 2654 576 2706 dere
610 2665 714 2705 non
737 2650 1017 2706 debemus.

527 2763 544 2794 ι
608 2742 762 2798 Unde
811 2743 958 2798 enim
1013 2743 1146 2810 scis,
1200 2744 1417 2810 mulier,
1475 2745 1520 2799 si
1575 2745 1746 2800 virum
1803 2745 2013 2798 salvum

449 2836 653 2891 facies?
687 2855 707 2890 ι
743 2837 799 2891 In
833 2835 1059 2891 dubium
1109 2837 1324 2906 quidem
1378 2838 1560 2906 posuit
1617 2853 1632 2894 :
1681 2839 1774 2892 sed
1801 2852 2017 2905 semper

445 2928 692 2997 ambigua
734 2931 787 2981 itt
825 2929 1016 2982 melius
1049 2929 1273 2984 evenire
1325 2929 1602 2983 credenda
1638 2939 1785 2983 sunt.
1835 2929 2014 2983 Simul

445 3022 821 3092 qumrendutn,
881 3024 1156 3092 quomodo
1205 3023 1456 3091 superius
1511 3023 1881 3077 sanctilicatus
1937 3020 2017 3075 di-

447 3123 626 3177 catur,
650 3113 716 3166 de
746 3112 902 3180 cujus
926 3112 1012 3167 hic
1035 3113 1211 3168 salute
1232 3113 1512 3166 dubitatur
1539 3127 1556 3167 :
1583 3111 1686 3166 nisi
1714 3111 2014 3166 secundum

451 3205 592 3258 hunc
622 3220 782 3273 quem
817 3206 1170 3273 exposuimus
1201 3205 1558 3260 intellectum.

523 3315 542 3348 ‹
573 3297 682 3350 Aut
700 3297 844 3350 unde
869 3300 1000 3362 scis,
1029 3298 1136 3360 vir,
1166 3296 1212 3350 si
1240 3298 1520 3350 mulierem
1546 3295 1752 3351 salvam
1781 3295 2012 3352 facies?)

449 3386 507 3440 Si
530 3402 628 3455 per
659 3395 711 3440 te
741 3377 948 3452 credat,
976 3396 1031 3441 et
1061 3387 1212 3442 salva
1241 3387 1354 3442 sit?

523 3497 548 3530 ι
602 3479 719 3533 Nisi
774 3479 1064 3548 unicuique
1101 3479 1244 3534 sicut
1277 3480 1466 3533 divisit
1496 3479 1776 3536 Dominus.
1809 3480 2018 3536 Unum-

449 3584 722 3640 quemque
755 3570 896 3624 sicut
925 3572 1144 3626 vocavit
1181 3573 1345 3634 Deus,
1375 3573 1448 3626 ita
1471 3572 1714 3627 ambulet
1743 3593 1757 3628 :
1793 3582 1848 3628 et
1877 3575 2022 3628 sicut

453 3663 508 3715 in
559 3662 816 3716 omnibus
870 3662 1128 3718 Ecclesiis
1185 3664 1379 3717 doceo.
1417 3683 1436 3714 ι
1490 3662 1584 3716 Vel
1647 3679 1769 3716 cunt
1818 3665 2022 3720 inﬁdeli

453 3751 704 3821 conjuge,
732 3751 815 3806 vel
837 3753 998 3806 etiam
1031 3767 1154 3807 cum
1179 3753 1318 3806 lideli
1355 3748 1546 3823 [κατι.
1588 3750 1818 3822 inﬁdeli]
1854 3769 1866 3804 :
1901 3751 2020 3806 sive

455 3846 512 3900 in
529 3847 812 3917 prmputio,
846 3845 962 3900 sive
990 3845 1349 3900 circumcisus
1383 3859 1608 3900 :servus
1639 3854 1736 3898 aut
1758 3848 1914 3900 liber.

530 3955 550 3990 ι
589 3936 958 3992 Circumcisus
988 3935 1187 4005 aliquis
1237 3946 1462 3991 vocatus
1491 3947 1596 4002 est,
1641 3951 1748 3991 non
1791 3936 2026 3992 adducat

459 4031 802 4099 praeputium.
837 4027 894 4082 lo
925 4029 1188 4098 praeputio
1222 4037 1402 4082 autem
1439 4029 1638 4097 aliquis
1663 4039 1890 4083 vocatus
1918 4037 2021 4094 est,

459 4136 569 4174 non
597 4119 1041 4174 circumcidatur.
1085 4137 1104 4170 ι
1147 4116 1264 4171 Non
1314 4128 1464 4186 putet
1502 4134 1561 4174 se
1595 4117 1871 4186 superﬂue
1913 4118 2024 4172 cir-

459 4211 796 4264 cumcisum:
848 4223 948 4263 nec
989 4208 1054 4262 de
1103 4209 1206 4264 hoc
1238 4209 1500 4278 poeniteat
1533 4226 1548 4265 :
1584 4209 1685 4264 fuit
1727 4209 1874 4263 enim
1927 4223 2026 4262 suo

464 4313 704 4368 tempore
737 4301 1122 4356 necessarium.
1150 4300 1279 4356 Sive
1308 4303 1410 4358 hoc
1439 4304 1599 4358 modo
1645 4319 1660 4358 :
1701 4317 1809 4356 non
1854 4301 2024 4356 addu-

462 4401 553 4447 cat
582 4392 924 4462 praaputium,
968 4407 1075 4462 quo
1111 4395 1230 4448 sine
1283 4395 1417 4464 legis
1463 4394 1802 4448 caeremoniis
1835 4395 1979 4448 vivat
2009 4413 2023 4448 :
2059 4397 2106 4452 D

463 4487 591 4553 quia
641 4498 767 4540 tunc
803 4486 1124 4554 quibusdam
1153 4486 1385 4554 apostoli
1421 4485 1813 4554 permittebant
1865 4499 2030 4554 opera

465 4578 656 4648 legalis
687 4579 981 4642 cusmdire,
1014 4595 1081 4633 ne
1106 4580 1287 4634 subito
1315 4595 1344 4632 a
1375 4580 1492 4647 lege
1527 4579 1770 4644 retracti,
1801 4577 2029 4632 scanda-

465 4671 578 4727 lum
617 4661 950 4739 paterentur.
983 4670 1114 4725 Item
1158 4673 1262 4726 alia
1303 4671 1576 4739 expositio
1615 4690 1628 4726 :
1667 4671 1900 4724 Evidens
1950 4678 2034 4723 cst

468 4763 573 4816 hoc
631 4762 769 4839 loco,
829 4777 932 4816 non
990 4761 1075 4815 hic
1107 4763 1175 4816 de
1223 4763 1644 4816 circumcisione
1693 4763 1896 4824 carnis,
1940 4769 2036 4814 aut

471 4854 734 4922 praeputio
754 4851 1068 4919 Apostolum
1096 4853 1236 4922 loqui
1272 4869 1285 4907 :
1318 4870 1494 4923 neque
1517 4854 1661 4908 enim
1684 4853 1800 4908 ﬁeri
1833 4860 2034 4920 potest,

471 4943 852 4998 i-ircumcisum
885 4943 1117 5010 aliquem
1169 4959 1330 5013 posse
1370 4945 1687 5013 praeputium
1725 4945 2032 5005 adducere;

470 5038 564 5091 sed
597 5035 664 5089 ad
687 5051 780 5090 eos
814 5051 994 5090 sermo
1024 5047 1128 5100 εει,
1163 5037 1255 5105 qui
1289 5050 1413 5090 sunt
1443 5037 1496 5090 in
1537 5037 1793 5106 ceiijugio
1829 5035 2036 5090 consti-

474 5129 616 5194 tuti;
648 5127 750 5181 ltoc
781 5128 924 5181 enim
953 5119 1084 5181 dicii
1120 5143 1136 5183 :
1173 5125 1228 5180 Si
1259 5128 1383 5196 quis
1413 5127 1477 5182 ad
1519 5128 1678 5181 ﬁdem
1721 5126 1815 5180 Dei
1849 5141 2040 5180 acces-

473 5221 632 5285 serit,
686 5234 910 5273 uxorem
960 5235 1066 5272 non
1116 5219 1326 5274 habens
1365 5221 1754 5288 :postutodutn
1784 5219 2037 5287 gentilem

549 5399 566 5430 ¹
611 5399 669 5455 S.
705 5400 1044 5468 Augustinus
1069 5402 1164 5456 lib.
1205 5417 1259 5455 ιιι
1285 5402 1350 5454 de
1377 5399 1722 5454 Peccatorum
1747 5396 2043 5468 Meritiset

486 5469 713 5523 Remiss.
744 5466 846 5524 sub
875 5471 1060 5532 linem,
1089 5474 1229 5526 hunc
1254 5473 1402 5525 Pauli
1440 5471 1616 5523 locum
1643 5484 1762 5521 cum
1794 5466 2044 5520 adduxis-

484 5549 590 5602 set,
627 5543 782 5605 tAut,
813 5541 1011 5609 inquit,
1036 5542 1116 5596 sic
1145 5551 1228 5596 est
1260 5539 1655 5609 accipiendum,
1689 5536 2044 5609 quemadmo-

487 5610 612 5677 dum
639 5621 692 5662 et
725 5625 822 5664 nos
847 5607 974 5665 alibi
1000 5611 1057 5677 (Ι.
1084 5626 1119 5675 t,
1157 5613 1218 5664 de
1249 5607 1418 5665 Serui.
1451 5609 1662 5664 Domini
1686 5609 1740 5659 in
1767 5607 1959 5672 monte)
1991 5616 2046 5660 et

487 5675 758 5750 Pelagius,
807 5696 931 5736 cum
993 5675 1234 5737 eamdem
1277 5683 1344 5736 ad
1393 5679 1711 5736 Corinthios
1745 5677 2042 5748 Epistulam

2111 1841 2253 1896 sunt,
2302 1834 2589 1902 Apostolus
2621 1833 2882 1902 loquitur,
2914 1837 3101 1891 dicens
3149 1853 3164 1889 :
3203 1833 3308 1888 Sed
3345 1843 3396 1887 et
3427 1833 3467 1887 si
3511 1842 3640 1900 potes

2113 1922 2248 1976 liber
2280 1921 2420 1986 ﬁeri,
2478 1923 2650 1992 magis
2678 1936 2830 1979 utere
2867 1941 2882 1978 τ
2914 1925 2960 1980 si
2996 1937 3179 1978 tamen
3219 1923 3311 1979 tibi
3345 1923 3445 1978 Deo
3476 1922 3639 1991 pudice

2111 2015 2310 2068 volenti
2350 2015 2554 2070 servire
2613 2031 2720 2070 non
2779 2017 2944 2072 fuerit.
2979 2017 3235 2081 molesta,
3287 2012 3492 2084 quando
3518 2005 3639 2068 lorte

2115 2116 2205 2161 tuo
2232 2108 2530 2167 consortio.
2569 2109 2731 2161 etiam
2771 2109 2886 2176 ipsa
2921 2109 2986 2162 ad
3021 2107 3193 2163 Deum
3227 2107 3390 2176 possit
3413 2104 3638 2159 contlerti.

2189 2218 2206 2249 ι
2245 2196 2345 2262 Qui
2395 2200 2538 2251 enim
2583 2200 2636 2252 in
2690 2199 2925 2253 Domino
2978 2207 3208 2253 vocatus
3242 2208 3325 2252 est
3371 2194 3640 2260 servus,li~

2117 2290 2297 2344 bertus
2323 2300 2406 2343 est
2442 2289 2674 2344 Domini.
2709 2289 2972 2344 Similiter
3005 2291 3095 2359 qui
3131 2289 3274 2344 liber
3313 2294 3518 2342 vocatus
3555 2294 3638 2348 est,

2115 2397 2304 2436 servus
2328 2391 2414 2436 est
2439 2380 2668 2436 Christi.
2712 2400 2732 2434 ι
2763 2381 2866 2448 Qui
2920 2381 3158 2438 hominis
3195 2395 3388 2438 servus
3413 2389 3505 2441 est,
3531 2377 3640 2432 liber

2113 2480 2197 2524 est
2237 2473 2376 2537 Deo;
2433 2481 2490 2526 et
2522 2473 2612 2540 qui
2661 2473 2975 2528 hominibus
3026 2473 3165 2528 liber
3212 2481 3317 2536 est,
3366 2483 3536 2527 servus
3575 2477 3641 2521 est

2113 2563 2336 2618 Christi.
2367 2566 2538 2618 Ambo
2569 2579 2696 2634 ergo
2728 2580 2890 2619 utrum
2931 2574 3058 2620 sunt
3087 2581 3104 2618 :
3141 2564 3274 2619 Non
3303 2573 3375 2618 est
3401 2563 3522 2618 enim
3549 2575 3642 2628 per-

2118 2672 2366 2710 sonarum
2395 2657 2626 2721 acceptio
2651 2657 2796 2724 apud
2828 2655 2992 2711 Deum
3017 2654 3110 2727 (II
3142 2657 3334 2711 Parol.
3376 2669 3432 2720 tt,
3458 2653 3524 2722 7).

2193 2763 2212 2796 ι
2252 2743 2434 2798 Pretio
2459 2746 2624 2815 empti
2652 2747 2786 2800 estis
2820 2761 2836 2803 ς
2866 2746 3034 2802 nolite
3058 2746 3185 2801 ﬁeri
3211 2746 3353 2803 servi
3383 2743 3640 2800 hominum.

2121 2836 2500 2906 Unusquisque
2550 2851 2679 2906 ergo
2723 2837 2778 2892 in
2818 2853 2927 2908 quo
2981 2847 3220 2893 vocatus
3275 2845 3357 2891 est
3403 2833 3568 2899 frater,
3597 2830 3642 2885 in

2121 2931 2221 2980 hoc
2249 2935 2563 2994 permaneat
2597 2928 2740 2996 apud
2804 2927 2998 2983 Deum.
3037 2947 3056 2980 ι
3089 2927 3278 2984 Pretio
3315 2925 3472 2996 empti
3514 2921 3639 2984 estis,

2121 3019 2224 3073 hoc
2255 3028 2360 3082 est,
2393 3018 2602 3074 Christi
2652 3021 2917 3088 sanguine
2972 3019 3276 3090 comparati
3329 3033 3346 3072 :
3391 3015 3510 3071 nihil
3539 3027 3642 3081 ergo

2119 3122 2337 3180 propter
2371 3111 2616 3166 homines
2645 3110 2860 3166 faciatis
2896 3125 2913 3176 ;
2943 3113 3086 3166 sicut
3129 3111 3262 3166 alibi
3291 3109 3366 3164 ait
3401 3129 3414 3164 ε
3451 3106 3554 3161 Non
3586 3103 3642 3156 ad

2119 3203 2331 3257 oculum
2376 3206 2686 3270 seruientes,
2727 3204 2880 3276 quasi
2917 3203 3220 3258 hominibus
3262 3194 3644 3272 placenterned

2119 3297 2269 3362 quasi
2283 3297 2416 3350 servi
2437 3295 2652 3364 Christi,
2675 3299 2928 3365 facientes
2948 3296 3274 3351 uoluntatem
3293 3293 3384 3349 Dei
3401 3308 3459 3346 ex
3477 3289 3642 3346 animo.

2119 3400 2173 3442 et
2207 3398 2402 3441 caetera
2440 3388 2656 3458 (Ephes.
2700 3403 2768 3454 Vl,
2801 3389 2879 3453 6).

2197 3494 2215 3528 t
2259 3479 2330 3531 De
2356 3479 2661 3546 virginibus
2685 3488 2889 3534 autem.
2921 3496 2940 3529 ι
2969 3476 3119 3530 Etde
3153 3476 3260 3530 hoc
3282 3471 3644 3529 consuluerunt.

2123 3567 2210 3622 ubi
2233 3579 2376 3622 esset
2406 3580 2672 3638 praecepta
2698 3569 3003 3636 virginitas.

2199 3699 2216 3732 ι
2257 3680 2592 3750 Ρι-ωεοριιιιιι
2646 3681 2853 3737 Doinini
2913 3695 3018 3734 non
3065 3680 3263 3734 habeo.
3321 3695 3341 3729 ι
3390 3673 3530 3741 Quod
3567 3670 3646 3725 sub

2125 3783 2393 3841 praecepto
2439 3783 2542 3840 est,
2595 3774 2640 3828 si
2673 3785 2782 3828 non
2831 3774 3137 3844 impleatur,
3192 3769 3369 3840 punit.
3406 3765 3644 3836 lmpletum

2127 3874 2300 3918 morte
2334 3875 2540 3917 tantum
2594 3875 2763 3928 caret,
2819 3867 2940 3932 quis
3007 3862 3144 3917 nihil
3187 3875 3256 3916 ex
3287 3868 3345 3915 se
3381 3860 3467 3912 dat
3516 3872 3531 3910 :
3572 3849 3647 3906 sed

2123 3956 2266 4026 quod
2317 3957 2494 4020 debet,
2545 3956 2795 4012 exsolvit.

2198 4045 2520 4101 «Consilium
2553 4055 2730 4102 autem
2765 4049 2886 4102 do.»
2921 4047 3220 4106 Consilium
3257 4063 3338 4108 est
3367 4057 3528 4105 autem
3553 4042 3648 4099 Sal-

2129 4141 2332 4195 vatoris
2362 4140 2590 4194 dicentis
2626 4159 2641 4193 :
2684 4141 2818 4195 Sunt
2843 4145 2932 4212 qui
2961 4159 3015 4195 se
3058 4153 3428 4199 castraverunt
3475 4147 3648 4210 prop!"

2129 4246 2341 4301 regnum
2375 4229 2618 4284 coriorum
2657 4229 2872 4300 (Matth.
2904 4248 3015 4299 χιι,
3065 4233 3175 4302 12).

2210 4364 2227 4397 ι
2253 4345 2534 4415 Tanquam
2554 4345 2982 4401 misericordiam
3001 4359 3326 4403 consecutus
3340 4363 3370 4401 a
3391 4335 3609 4400 Domino.
3631 4357 3645 4389 ι

2137 4439 2244 4492 Suo
2267 4437 2514 4506 exeti‘tplo
2535 4438 2713 4501 docet,
2739 4453 2844 4491 non
2874 4438 2975 4491 nisi
3001 4439 3055 4492 in
3085 4437 3313 4494 Domino
3334 4434 3648 4508 gloriandum.

2211 4545 2229 4578 ι
2291 4526 2357 4582 Ut
2395 4529 2498 4581 sim
2553 4527 2749 4582 ﬁdelis.
2794 4547 2812 4580 ι
2853 4528 3062 4584 Domini
3097 4529 3200 4584 mei
3233 4543 3439 4600 semper
3463 4521 3651 4581 servitio

2133 4630 2448 4686 occupatus.

2211 4752 2230 4786 ι
2263 4733 2526 4788 Existimo
2555 4748 2685 4804 ergo
2713 4734 2815 4788 hoc
2840 4733 3040 4788 bonum
3069 4749 3211 4792 esse.
3259 4754 3278 4788 ι
3315 4734 3410 4789 llic
3439 4726 3651 4787 existimo

2140 4841 2242 4880 non
2295 4837 2393 4894 pro
2445 4825 2610 4878 dubio
2661 4825 2858 4894 posuit,
2917 4827 3009 4880 sed
3063 4841 3163 4896 pro
3216 4837 3365 4882 certo
3397 4841 3412 4880 :
3447 4821 3570 4877 sicut
3609 4823 3654 4868 et

2140 4916 2267 4972 illud
2300 4931 2314 4972 :
2342 4913 2482 4970 Puto
2519 4917 2657 4969 enim
2708 4916 2847 4985 quod
2884 4925 2932 4971 et
2979 4933 3072 4988 ego
3117 4919 3356 4988 spiritum
3391 4915 3474 4971 Dei
3521 4907 3652 4964 Ιιαόιο

2141 5005 2188 5078 (ι
2225 5003 2350 5060 Cor.
2379 5019 2471 5070 vtt,
2499 5004 2613 5076 40).

2217 5137 2236 5170 ι
2269 5118 2498 5189 Propter
2528 5121 2820 5176 instantem
2854 5129 3261 5181 necessitatem.
3300 5140 3320 5174 ι
3354 5120 3406 5175 ld
3430 5125 3522 5182 est,
3545 5123 3652 5184 pm

2142 5212 2312 5268 sentis
2339 5211 2463 5267 vitae
2496 5213 3004 5285 solitudinem,quae
3043 5215 3272 5272 multum
3308 5219 3472 5285 potest
3495 5207 3652 5262 obesse
3705 5287 3717 5308 '

2148 5395 2490 5468 retractaret,
2521 5397 2793 5464 exposuit.
2821 5395 2975 5462 Quod
3006 5394 3378 5468 exemplajam
3409 5394 3648 5468 praeesse:

2147 5473 2294 5534 rant,
2325 5477 2379 5518 et
2412 5463 2675 5532 virorum,
2707 5481 2842 5534 quos
2876 5482 3091 5534 uxores,
3115 5463 3649 5534 etl”etitinarutt_l,_q"as

2146 5526 2326 5587 mariti
2383 5526 2763 5588 lucrifecerant
2805 5537 3043 5603 Christo,
3077 5526 3123 5588 ἰ
3172 5547 3278 5592 etc.
3329 5534 3432 5587 Nec
3471 5526 3648 5603 dubium

2147 5605 2382 5671 videtur,
2416 5606 2545 5674 quin
2573 5603 2719 5659 hunc
2747 5605 2923 5662 locum
2954 5599 3063 5677 prie
3084 5608 3256 5663 oculis
3294 5599 3537 5660 habuerit.
