3956 6196
290 313 396 379 ῗΰξ)

289 428 517 498 iustitia:
560 439 656 484 :et
683 444 789 500 qua
821 429 1090 499 praecipue
1117 431 1296 500 juncti
1347 433 1710 490 matrimoniis
1765 436 1864 489 im-
1897 452 1940 505 Α

293 521 586 588 plicantur.

369 626 390 662 ι
435 609 702 675 Quoniam
736 609 931 664 bonum
958 620 1040 666 est
1071 611 1278 666 homini
1315 614 1394 668 sic
1419 627 1565 670 esse.
1605 633 1624 666 ι
1663 616 1866 683 Duplex

293 703 496 755 bonum
522 710 606 753 est
643 715 659 755 ς
683 709 732 753 et
760 699 1218 755 sollicitudinibus
1241 701 1648 768 mundioarere,
1679 713 1734 758 et
1763 707 1869 758 vir-

291 789 540 859 ginitatis
576 791 858 855 praemium
885 800 1230 858 exspectare.

372 899 392 932 ι
434 881 704 948 Alligatus
757 895 814 935 es
869 881 1202 948 uxori,,noli
1242 896 1484 949 quazrere
1517 881 1862 938 solutionem.

291 973 514 1027 Solutus
542 988 602 1026 es
651 974 718 1025 ab
765 987 952 1036 uxore,
1004 973 1112 1028 noli
1152 990 1400 1044 quaerere
1439 989 1685 1038 uxorem.
1721 993 1739 1024 ι
1784 976 1864 1029 Ita

253 1129 256 1132 ἢ
288 1063 406 1117 vult
442 1047 649 1118 solutos
684 1079 788 1118 non
820 1063 998 1134 ligari,
1053 1069 1324 1133 quomodo
1352 1083 1452 1122 nec
1481 1067 1615 1127 solvi
1640 1067 1864 1120 dissidio

288 1158 491 1223 ligatos
518 1156 758 1209 admittit

369 1266 388 1300 ι
427 1247 483 1299 Si
509 1262 688 1300 autem
715 1247 993 1316 acceperis
1017 1261 1267 1312 uxorem,
1297 1262 1400 1301 non
1427 1251 1663 1317 peccasti
1694 1265 1709 1313 ;
1741 1255 1796 1301 et
1817 1245 1863 1310 si

289 1341 540 1411 nupserit
567 1339 744 1409 virgo,
771 1353 878 1394 non
918 1339 1183 1407 peccavit.
1218 1357 1238 1390 ›
1277 1339 1413 1406 Quia
1440 1339 1625 1393 liberae
1660 1339 1864 1394 volun-

290 1435 421 1488 tatis
447 1447 528 1494 es,
563 1432 606 1485 si
660 1447 768 1492 non
827 1430 910 1486 vis
955 1445 1076 1486 esse
1109 1431 1298 1498 major,
1354 1443 1472 1486 esto
1521 1432 1604 1486 vel
1664 1432 1858 1497 minor.

286 1524 504 1594 Nuptias
535 1523 680 1579 enim
717 1531 1001 1590 peccatum
1035 1536 1140 1574 non
1170 1532 1300 1576 sunt
1336 1541 1352 1578 :
1399 1524 1496 1578 sed
1529 1539 1624 1592 per
1664 1524 1864 1577 sollici-

287 1616 532 1671 tudinem
579 1613 788 1678 mundl,
836 1612 930 1682 qui
983 1613 1214 1678 nubunt,
1274 1615 1442 1684 legem
1492 1630 1710 1670 servare
1773 1615 1858 1668 vix

286 1715 537 1776 possunt.
559 1704 927 1760 Aliter:lllos
971 1703 1103 1757 dicit
1129 1718 1232 1758 nou
1270 1719 1504 1774 peccare
1531 1706 1576 1759 si
1625 1705 1857 1768 nubant,

1283 316 1695 380 EXPOSlTlO
1731 320 1808 378 1N
1853 317 2090 378 EPIST.
2127 317 2154 376 Ι
2207 316 2302 375 ΑΙ)
2348 315 2513 376 (ΖΟΒο

3429 324 3534 388 ττο

2049 449 2067 482 ι
2100 430 2231 484 Volo
2261 439 2439 484 autem
2476 443 2573 483 vos
2595 428 2712 483 sine
2734 428 3102 486 sollicitudine
3124 446 3264 486 esse.
3310 451 3328 483 ι
3371 434 3535 488 Debe-

1969 538 2090 578 mus
2115 531 2170 574 et
2204 536 2305 575 nos
2331 519 2491 586 velle,
2522 519 2664 588 quod
2690 519 2980 588 Apostolus
3002 521 3140 574 velle
3169 537 3227 576 se
3255 521 3409 587 dicit,
3468 538 3536 577 ne

1971 613 2391 675 incontinentes,
2427 625 2616 666 contra
2649 613 2767 680 ejus
2808 613 3086 668 videamur
3143 613 3324 668 facere
3349 616 3540 669 volun-

1972 716 2156 760 tatem.

2047 815 2065 847 ι
2102 797 2202 864 Qui
2227 799 2342 852 sine
2373 810 2544 852 uxore
2575 802 2682 860 est,
2720 794 2990 849 sollicitus
3017 803 3099 850 est
3171 809 3290 862 qua:
3323 793 3534 848 Domini

1967 899 2116 953 sunt,
2149 887 2424 956 quomodo
2456 887 2665 953 placeat
2696 887 2824 940 Deo.
2868 884 2968 950 Qui
3002 897 3182 939 autem
3211 901 3337 939 cum
3372 901 3538 940 uxore

1967 990 2072 1042 est,
2109 978 2375 1034 sollicitus
2400 989 2482 1032 est
2507 993 2626 1046 qua:
2657 989 2780 1032 sunt
2816 977 3023 1033 mundi.
3055 996 3073 1028 ι
3118 977 3538 1064 Μυιιιιιιιιιιοῡιε

1967 1067 2184 1133 expedit
2247 1066 2610 1121 sollicitudine
2664 1080 2852 1119 carere
2917 1064 3215 1130 mundana,
3276 1081 3342 1120 ne
3397 1064 3537 1120 forte

1967 1159 2136 1226 spinae
2193 1156 2457 1214 suﬂ'occnt
2517 1170 2727 1220 semen,
2788 1165 2844 1210 et
2900 1154 3082 1210 dicere
3135 1155 3460 1224 incipiamus
3519 1172 3533 1207 :

1977 1245 2175 1301 Villam
2227 1249 2552 1315 comparavi,
2608 1247 2760 1300 boves
2812 1250 2937 1308 emi,
2990 1262 3204 1299 uxorem
3252 1248 3398 1309 duxi,
3469 1248 3536 1300 ad

1965 1353 2164 1392 mnam
2190 1342 2362 1392 venire
2391 1354 2492 1391 non
2513 1354 2726 1406 possunt
2757 1335 2906 1401 (Luc.
2938 1353 3045 1400 Juv,
3075 1337 3140 1391 l8
3169 1339 3354 1406 seqq.).

2041 1448 2060 1480 σ
2093 1429 2372 1495 Quomodo
2394 1430 2606 1498 placeat
2630 1429 2803 1488 uxori.
2835 1445 2856 1478 ι
2883 1429 3052 1494 Quale
3081 1439 3161 1483 est
3184 1434 3338 1484 uxori
3370 1431 3540 1499 magis

1963 1520 2102 1580 velle
2131 1522 2366 1590 placere,
2410 1535 2574 1590 quam
2607 1520 2760 1574 Deo?

2041 1630 2059 1663 r
2100 1609 2167 1664 Et
2201 1613 2407 1666 divisus
2433 1619 2536 1665 est.
2572 1629 2591 1662 ι
2632 1609 2784 1677 Quod
2817 1611 3049 1664 divismn
3078 1622 3180 1674 est,
3225 1628 3390 1666 unttm
3433 1629 3538 1666 non

1964 1712 2144 1772 potest
2195 1719 2317 1758 esse
2356 1741 2372 1768 ,
2416 1706 2539 1770 quia
2573 1705 2752 1759 unitas
2802 1704 3123 1759 divisionem
3150 1705 3386 1764 .omnino
3433 1721 3538 1758 non

282 1797 380 1866 qui
437 1798 675 1858 nondum
727 1793 840 1849 Deo
894 1793 1144 1850 voveriut
1200 1796 1527 1850 castitatem.
1568 1797 1856 1858 Caeterum,
1890 1823 1934 1882 Β
1975 1794 2194 1861 accipit.

284 1889 379 1958 qui
425 1889 510 1944 vel
559 1889 611 1942 in
664 1885 829 1948 corde
895 1901 996 1944 suo
1045 1886 1315 1954 promisit,
1353 1887 1398 1939 si
1450 1887 1594 1940 aliud
1645 1888 1857 1954 fecerit,

286 1981 454 2034 habet
481 1979 885 2036 danmationem
933 1993 950 2036 :
987 1979 1116 2048 quia
1153 1978 1384 2049 primam
1423 1979 1584 2032 tidem
1644 1980 1860 2036 irritam

285 2071 440 2125 fecit.
471 2071 622 2134 Quod
652 2069 798 2123 enim
821 2065 936 2123 erat
965 2070 1194 2136 licitum,
1223 2083 1324 2138 per
1367 2079 1552 2124 votum
1586 2070 1687 2124 sibi
1722 2069 1853 2126 fecit

283 2161 532 2215 illicitum
595 2177 608 2212 :
658 2161 797 2214 sicut
835 2158 1059 2213 Ananize
1095 2167 1151 2212 et
1192 2157 1494 2226 Sapphirae,
1543 2159 1742 2227 quibus
1791 2160 1860 2214 de

283 2254 462 2322 pretio
515 2251 874 2320 possessionis
923 2265 1035 2304 sua:
1085 2237 1320 2304 retinere
1371 2251 1505 2306 nihil
1555 2251 1705 2305 licuit
1745 2254 1859 2310 :ob

281 2357 452 2412 quam
476 2358 692 2398 causam
717 2353 770 2396 et
795 2342 972 2397 subita
995 2351 1168 2396 morte
1193 2344 1451 2411 prostrati
1474 2352 1600 2400 sunt
1624 2343 1769 2412 (Act.
1800 2360 1854 2409 v,

291 2434 469 2501 ι-ιι).

367 2541 386 2574 ε
424 2521 848 2577 Τι-ἰιιιιιειιῑοιιιιιι
882 2532 1060 2578 tamen
1120 2523 1304 2577 carnis
1334 2522 1615 2578 habebunt
1665 2525 1854 2592 hujuse

287 2616 459 2669 modi.
499 2637 516 2665 ι
573 2613 857 2668 Maledicto
892 2628 949 2668 se
988 2615 1115 2670 Erae
1158 2615 1536 2682 subjicientes,
1563 2615 1675 2671 sive
1707 2616 1855 2676 solli-

288 2703 586 2759 citudinem
637 2705 914 2760 siccularis
967 2703 1336 2762 tribulationis
1390 2717 1444 2761 et
1498 2708 1731 2770 tristitia:
1770 2724 1860 2778 pa-

291 2795 516 2850 ticntur.

371 2904 388 2936 ι
421 2885 534 2952 Ego
563 2895 740 2940 autem
775 2887 928 2940 vobis
964 2900 1145 2956 parco.
1184 2903 1201 2936 ι
1237 2883 1403 2940 Vobis
1440 2886 1766 2950 virginibus,
1803 2896 1858 2946 ut

289 2979 490 3032 minori
533 2979 716 3032 labore
750 2977 1007 3044 majorem
1047 2958 1268 3044 possitis
1299 2977 1523 3044 implere
1555 2976 1854 3044 justitiam.

367 3088 386 3123 ι
430 3069 540 3124 Hoc
575 3072 754 3138 itaque
783 3068 929 3133 dico,
962 3067 1174 3122 fratres.
1208 3085 1227 3118 ι
1263 3065 1361 3121 Hic
1385 3068 1528 3121 omni
1561 3067 1856 3126 intentione

1968 1901 1987 1940 ς
2044 1882 2107 1938 Et
2145 1885 2335 1938 mulier
2367 1885 2592 1953 innupta
2628 1886 2706 1957 et}
2733 1888 2910 1958 virgo,
2943 1888 3142 1958 cogitat
3177 1903 3298 1956 qua
3326 1886 3542 1942 Domini

1961 1984 2111 2040 sunt,
2163 1984 2222 2028 ut
2271 1976 2342 2036 sit
2380 1985 2568 2036 sancta
2620 1992 2847 2047 corpore
2907 1990 2961 2036 et
3000 1981 3221 2048 spiritu.
3251 1997 3269 2030 ι
3302 1979 3541 2047 Corpore

1963 2069 2031 2120 ab
2071 2083 2173 2126 usu
2210 2067 2528 2136 conjugali;
2601 2073 2818 2139 spiritu,
2864 2087 2894 2126 a
2927 2087 3104 2128 rerum
3144 2071 3538 2126 mundauarum

1962 2157 2358 2221 sollicitudine;
2395 2163 2520 2214 dum
2558 2171 2666 2215 tcta
2697 2163 2880 2216 divino
2908 2165 3133 2216 servitio
3175 2163 3536 2232 mancipatur.

2039 2267 2058 2300 ε
2088 2250 2216 2314 Quae
2242 2259 2422 2304 autem
2450 2263 2620 2322 nupta
2652 2265 2758 2316 est,
2788 2253 2992 2320 cogitat
3022 2269 3141 2322 qua:
3171 2267 3298 2310 sunt
3327 2255 3536 2318 mundi,

1961 2343 2230 2409 quomodo
2279 2342 2493 2411 placeat
2550 2344 2690 2400 viro.
2762 2363 2780 2395 ι
2838 2345 3070 2412 Nuptam
3141 2345 3259 2398 viro
3313 2345 3534 2414 placere

1960 2433 2181 2495 asserit,
2230 2433 2514 2503 cogitando
2569 2451 2689 2504 qua:
2747 2437 2934 2489 mundi
2998 2445 3123 2489 sunt
3179 2451 3192 2488 :
3249 2438 3536 2504 innuptam

1960 2535 2092 2576 vero
2123 2522 2252 2587 Deo,
2292 2528 2435 2595 quod
2464 2526 2536 2578 illi
2565 2526 2710 2578 nulla
2741 2541 2870 2578 cura
2907 2528 2976 2578 sit
3005 2530 3203 2580 saaculi.
3240 2529 3370 2591 Quae
3406 2543 3532 2594 ergo

1963 2611 2136 2666 virum
2194 2628 2301 2668 non
2354 2615 2535 2678 habet,
2570 2624 2626 2666 et
2658 2624 2835 2668 tamen
2869 2630 2988 2682 quae
3026 2616 3210 2668 mundi
3262 2627 3390 2670 sunt
3439 2631 3532 2669 co-

1962 2705 2116 2773 gitat,
2163 2703 2280 2760 'cui
2317 2706 2532 2774 placere
2577 2706 2886 2760 desiderat?
2943 2706 3135 2763 Nonne
3192 2708 3412 2777 incipiet
3457 2710 3532 2762 illi

1963 2805 2126 2861 nupta
2149 2797 2411 2863 praeponi,
2439 2811 2558 2863 qua:
2582 2796 2868 2866 cngitando
2893 2800 3183 2860 mundana,
3211 2800 3533 2867 complacet,

1962 2883 2046 2934 vel
2083 2885 2302 2948 marito,
2335 2900 2458 2936 cum
2491 2886 2603 2936 haec
2636 2899 2738 2938 nec
2773 2886 2970 2946 marito
2996 2888 3174 2954 (quem
3209 2902 3314 2942 non
3349 2887 3531 2956 habet)

1962 2973 2131 3042 possit
2153 2975 2391 3040 placere,
2416 2988 2513 3026 nec
2541 2975 2686 3027 Deo?

2041 3079 2060 3114 ι
2101 3063 2270 3114 Porro
2299 3065 2398 3120 hoc
2429 3061 2496 3116 ad
2524 3063 2814 3116 utilitatem
2851 3074 3082 3116 vestram
3126 3064 3272 3130 dico,
3338 3079 3442 3118 non
3474 3075 3534 3120 ut

284 3162 452 3217 etiam
495 3162 756 3216 habentes
780 3175 978 3214 uxores
1009 3159 1072 3211 ad
1103 3159 1493 3218 continentiam
1521 3161 1854 3221 cohortatur,
1885 3159 1927 3210 C
1962 3156 2205 3222 laqueum
2250 3156 2400 3207 vobis
2448 3154 2710 3221 injiciam,
2749 3156 2845 3206 sed
2877 3155 2942 3208 ad
2975 3155 3024 3208 id
3059 3157 3201 3223 quod
3238 3158 3530 3210 honestum

285 3266 349 3309 ut
379 3256 546 3308 multo
579 3253 745 3321 magis
773 3251 996 3306 suadeat
1033 3265 1138 3314 non
1173 3249 1372 3308 nubere
1431 3266 1534 3304 non
1572 3249 1855 3304 habentes.

364 3365 384 3398 ι
443 3345 676 3414 Tempus
713 3345 871 3398 breve
904 3355 988 3398 est
1038 3360 1056 3404 ;
1113 3345 1380 3411 reliquum
1425 3352 1530 3408 est,
1578 3353 1638 3402 ut
1679 3352 1732 3394 et
1765 3343 1856 3408 qui

288 3437 490 3492 habent
519 3450 732 3498 uxores,
765 3447 1021 3502 tanquam
1069 3447 1172 3486 non
1205 3432 1467 3484 habentes
1489 3433 1619 3486 sint.
1652 3447 1671 3480 ι
1702 3429 1859 3482 Tem-

287 3543 392 3598 pus
450 3531 571 3580 vitae
629 3537 825 3580 nostras
881 3523 1148 3589 modicum
1219 3523 1416 3584 asserit
1478 3539 1495 3578 :
1547 3530 1606 3578 ut
1668 3523 1860 3575 doceat

288 3621 639 3689 voluptatem,
680 3613 800 3690 quae
823 3619 929 3671 cito
957 3615 1287 3684 linitur,non
1326 3628 1656 3682 magnopere
1691 3627 1858 3684 appe-

293 3714 539 3776 tendam,
605 3711 697 3766 sed
731 3710 902 3786 magis
933 3707 1421 3776 concupiscendum
1447 3721 1570 3762 esse
1594 3715 1856 3760 aeternum

291 3806 576 3875 praemium
615 3801 900 3856 castitatis.

369 3912 388 3945 ι
431 3893 496 3947 Et
523 3893 613 3963 qui
646 3893 794 3959 neut,
832 3903 1088 3960 tanquam
1125 3905 1228 3949 non
1255 3887 1486 3956 ﬂentes;
1513 3898 1568 3942 et
1598 3888 1688 3956 qui
1723 3901 1856 3956 gau-

289 3989 445 4051 dent,
504 3995 760 4054 tanquam
824 3999 928 4038 non
991 3983 1319 4054 gaudentes;
1379 3990 1434 4034 et
1499 3983 1590 4046 qui
1644 3987 1854 4048 emunt,

291 4089 547 4146 tanquam
607 4093 714 4131 non
768 4076 1144 4145 possidentes;
1205 4084 1259 4128 et
1319 4074 1411 4142 qui
1483 4081 1706 4125 utuntur
1755 4074 1857 4132 hoc

295 4170 518 4236 mundo,
555 4181 806 4237 tanquam
839 4182 943 4220 non
979 4175 1221 4219 utantur.
1262 4181 1281 4214 ι
1325 4163 1466 4229 Quia
1509 4173 1563 4216 et
1611 4164 1754 4218 istud
1802 4166 1854 4216 in

290 4261 442 4330 brevi
478 4261 728 4314 transibit
764 4267 1012 4328 :tempus
1045 4259 1186 4312 enim
1222 4259 1401 4318 omnis
1451 4256 1528 4310 rei
1567 4256 1666 4309 sub
1690 4255 1805 4312 sole
1841 4270 1858 4308 :

291 4363 506 4423 tempus
527 4353 840 4423 plaugendi,
866 4359 920 4405 et
938 4359 1156 4424 caetera.
1205 4359 1208 4364 '

1962 3258 2064 3308 est,
2095 3254 2147 3297 et
2172 3246 2315 3313 quod
2350 3243 2659 3298 facultatem
2697 3251 2932 3312 praebeat
2990 3247 3106 3300 sine
3147 3248 3532 3316 impedimento

1964 3337 2248 3392 Dominum
2282 3338 2625 3400 obSecrandi.
2690 3355 2709 3387 ι
2747 3339 3134 3392 Necessitatem
3186 3341 3289 3395 illis
3322 3341 3531 3406 videtur

1961 3429 2240 3500 imponere
2274 3446 2288 3483 :
2318 3431 2453 3486 dicit
2487 3445 2545 3488 se
2605 3431 2733 3500 quid
2776 3430 2879 3484 illis
2905 3436 3156 3499 expediat
3183 3449 3534 3489 commonere

1961 3535 2078 3574 eos.
2105 3522 2280 3575 Simul
2312 3521 2550 3584 attende,
2576 3522 2701 3589 quia
2725 3524 2770 3576 si
2798 3524 2898 3576 hoc
2928 3522 3032 3578 illis
3059 3524 3186 3578 utile
3217 3534 3358 3589 erat,
3387 3513 3532 3594 quod

1959 3611 2247 3680 Apostolus
2281 3612 2544 3672 suadebat
2571 3653 2588 3676 ,
2640 3613 2770 3667 illud
2821 3616 3001 3668 minus
3047 3615 3176 3669 utile
3213 3626 3350 3682 erat,
3383 3619 3532 3686 quod

1962 3704 2038 3756 illi
2063 3704 2336 3763 volebant.

2036 3811 2055 3846 ι
2091 3793 2144 3848 Si
2175 3795 2301 3863 quis
2329 3804 2512 3848 autem
2545 3805 2754 3865 turpem
2789 3811 2851 3852 se
2874 3797 3044 3852 videri
3073 3797 3345 3852 existimat
3369 3812 3532 3867 super

1960 3887 2167 3955 virgine
2205 3900 2323 3950 sua,
2360 3886 2502 3952 quod
2535 3886 2606 3942 sit
2654 3890 3027 3956 superadulta.
3071 3905 3090 3942 ι
3132 3887 3329 3958 Turpis
3359 3889 3532 3944 videri

1960 3977 2158 4052 peterit
2207 3973 2254 4028 si
2308 3976 2616 4042 cupientem
2652 3977 2919 4045 virginem
2955 3992 3108 4032 suam
3163 3981 3365 4032 nubere
3420 3994 3526 4031 non

1960 4067 2253 4146 permittat,
2309 4075 2364 4120 et
2423 4066 2511 4118 illa
2565 4066 2729 4122 fuerit
2765 4065 3057 4134 fornicata.
3099 4069 3230 4124 item
3268 4072 3371 4125 hoc
3409 4070 3532 4126 loco

1959 4172 2070 4218 non
2109 4168 2360 4226 parentes
2389 4156 2520 4210 dicit
2550 4159 2818 4228 virginum
2858 4159 3090 4214 filiarum
3121 4177 3136 4225 ;
3179 4176 3355 4229 neque
3383 4164 3528 4215 enim

1960 4249 2240 4324 potestatis
2289 4249 2501 4304 illorum
2552 4258 2734 4318 potest
2777 4265 2898 4304 esse
2949 4254 3285 4321 propositum
3338 4253 3534 4307 aliena:

1959 4341 2305 4398 continentiae
2352 4356 2372 4407 3
2423 4342 2519 4395 sed
2554 4356 2993 4412 unumquemque
3048 4344 3248 4399 habere
3299 4347 3530 4414 proprias.

351 4465 391 4508 ,ι
447 4445 699 4499 Praeterit
764 4444 906 4512 enim
959 4445 1128 4514 ﬁgura
1175 4441 1340 4510 hujus
1395 4443 1601 4494 mundi.
1665 4459 1682 4492 ι
1739 4437 1857 4494 Hoc
1891 4481 1933 4534 Β
1965 4434 2143 4486 carnis
2177 4433 2482 4499 arbitrium,
2510 4450 2629 4488 eam
2654 4434 3028 4505 incorruptam
3055 4451 3295 4492 servare.

289 4541 545 4604 seruiunt
575 4531 727 4607 q'uasi
768 4536 955 4589 umbra
985 4535 1300 4608 pertransit.
1338 4532 1513 4588 Nolite
1542 4548 1671 4603 ergo
1700 4531 1767 4588 de
1791 4547 1857 4586 eo

291 4632 518 4698 multum
542 4644 660 4683 esse
686 4628 926 4691 solliciti,
955 4642 1020 4680 ne
1049 4627 1208 4694 hujus
1237 4625 1588 4694 possessione
1618 4623 1858 4694 perdatis

285 4731 568 4778 aternam.
607 4720 670 4773 Et
705 4721 926 4788 figuram
975 4727 1308 4788 quaerentes,
1370 4717 1642 4785 incipiatis
1697 4725 1856 4768 armt-

291 4825 407 4870 tere
455 4815 760 4868 veritatem.
807 4811 904 4868 llic
952 4813 1097 4867 enim
1149 4809 1402 4876 mundus,
1456 4813 1633 4878 imago
1687 4809 1853 4863 futuri

284 4916 396 4962 est.
431 4907 486 4959 Si
517 4921 647 4976 ergo
675 4905 797 4960 talis
829 4913 914 4960 est
947 4905 1143 4974 imago,
1171 4903 1286 4972 ipsa
1316 4903 1513 4955 veritas
1536 4902 1712 4970 qualis
1736 4900 1856 4954 est?

289 4995 444 5052 Unde
490 4997 536 5050 si
591 4995 695 5050 hoc
721 5003 830 5046 tam
881 4992 1125 5059 impense
1163 4991 1407 5062 diligitis,
1439 5005 1644 5060 quanto
1685 4993 1854 5063 magis

285 5085 420 5141 illud
455 5085 754 5156 impensius
793 5098 978 5137 amare
1009 5083 1257 5138 debetis!
1287 5084 1422 5138 Nam
1456 5088 1710 5140 saeculum
1751 5089 1854 5139 hoc

283 5195 388 5234 nos
421 5182 746 5235 dimissuros
776 5219 793 5245 ,
839 5179 1151 5260 qluotidiana
1214 5179 1557 5242 morientium
1611 5178 1851 5248 exempla

286 5280 579 5326 testantur.
605 5271 689 5328 An
717 5267 856 5322 forte
883 5282 982 5322 nos
1011 5269 1282 5324 credimus
1306 5268 1660 5332 immortales.
1697 5269 1850 5338 quasi

282 5380 394 5417 non
425 5365 597 5414 simus
630 5377 692 5416 ex
761 5359 1070 5414 hominibus
1103 5360 1383 5429 generati?
1444 5359 1595 5415 Unde
1639 5363 1851 5430 sapiens

281 5471 498 5524 semper
532 5457 755 5506 aliorum
789 5453 1010 5505 casibus
1049 5453 1372 5506 emendatur
1404 5465 1421 5505 :
1452 5451 1666 5504 dicente
1703 5453 1850 5504 Scri-

279 5525 476 5617 ptura:
505 5545 605 5601 Cor
639 5545 888 5614 sapientis
929 5543 985 5598 in
1012 5542 1165 5597 domo
1199 5542 1373 5595 luctus
1408 5542 1606 5615 (liccle.
1648 5558 1743 5609 vit,
1769 5542 1847 5610 5).

281 5640 384 5697 llic
415 5641 556 5693 enim
592 5639 712 5694 linis
759 5637 908 5692 omni
966 5635 1221 5704 homini;
1277 5646 1332 5691 et
1365 5638 1449 5691 cui
1508 5637 1638 5701 vult,
1700 5635 1849 5689 dabit

277 5736 492 5790 bonum
519 5733 574 5788 in
608 5733 768 5788 corde
800 5746 917 5787 suo.

2042 4544 2061 4578 ι
2105 4524 2170 4580 Ει
2225 4527 2298 4580 ita
2342 4537 2560 4596 oportet
2612 4529 2754 4590 ﬁeri,
2806 4530 2948 4598 quod
2985 4530 3116 4594 vult,
3154 4531 3369 4600 faciat;
3423 4548 3530 4588 non

1961 4629 2172 4690 peccat,
2221 4621 2266 4674 si
2303 4623 2491 4674 nubat.
2555 4640 2574 4672 ι
2611 4622 2665 4674 Si
2699 4622 2771 4676 ita
2819 4637 3043 4678 necesse
3094 4624 3257 4678 fuerit
3310 4636 3532 4694 prapter

1961 4715 2084 4768 tiliae
2136 4718 2510 4778 voluntatem;
2570 4733 2690 4768 nam
2727 4728 2978 4784 parentes
3009 4721 3223 4787 quidem
3263 4735 3433 4787 usque
3462 4722 3530 4772 ad

1959 4807 2253 4874 legitimam
2313 4817 2527 4862 tet-atem
2579 4812 2854 4870 custodire
2917 4813 3132 4875 debent,
3201 4823 3256 4868 et
3306 4816 3526 4873 docere,

1959 4903 2100 4968 quod
2133 4900 2328 4953 melius
2356 4908 2474 4966 est;
2514 4900 2558 4954 si
2593 4910 2771 4960 autem
2807 4903 2893 4968 illa
2944 4903 3201 4967 noluerit,
3249 4903 3342 4957 ﬁat
3381 4895 3528 4972 quod

1957 5007 2181 5047 necesse
2206 5002 2308 5044 ρει.

2033 5102 2051 5135 ι
2111 5083 2248 5138 Nam
2309 5084 2404 5154 qui
2467 5085 2658 5138 statuit
2714 5086 2767 5139 in
2807 5087 2972 5141 corde
3016 5102 3114 5142 suo
3169 5087 3380 5152 ﬁrmus,
3417 5103 3523 5140 non

1955 5175 2165 5234 habens
2223 5176 2608 5230 necessitatem
2658 5187 3030 5246 :potestatem
3083 5189 3263 5234 autem
3319 5179 3524 5232 habens

1954 5282 2065 5322 sua:
2097 5266 2409 5330 voluntatis,
2441 5277 2495 5320 et
2527 5265 2628 5320 hoc
2657 5267 2922 5335 judicavit
2957 5268 3008 5319 in
3037 5272 3204 5321 corde
3241 5283 3363 5331 suo,
3403 5282 3522 5320 ser-

1955 5373 2082 5412 vare
2133 5358 2400 5426 virginem
2454 5373 2634 5421 suam,
2690 5361 2826 5414 bene
2867 5358 3014 5413 facit.
3079 5377 3100 5410 ι
3166 5359 3261 5413 llle
3333 5361 3525 5414 ﬁrmus

1955 5450 2164 5512 statuit,
2192 5451 2350 5519 cujus
2406 5451 2596 5518 puella:
2637 5466 2934 5516 consensus
3006 5453 3176 5520 patris
3224 5451 3526 5512 ﬁrmaverit

1954 5543 2307 5596 voluntatem.
2346 5543 2411 5597 Et
2447 5559 2555 5599 non
2585 5544 2731 5599 illum
2767 5545 3043 5616 compellit
3071 5547 3194 5600 filiae
3224 5545 3524 5600 necessitas

1951 5631 2155 5698 facere,
2192 5635 2332 5701 qttod
2362 5635 2601 5704 nolebat,
2637 5637 2780 5694 sicut
2823 5639 2970 5694 illum
3003 5639 3072 5694 de
3115 5653 3223 5709 quo
3251 5653 3411 5708 supra
3441 5638 3518 5692 lo-

1951 5735 2106 5782 cutus
2136 5735 2239 5780 cst.
