3956 6196
70 5571 80 5658 ἐ

466 330 569 393 ’ΠΙ

2183 163 2240 188 --ιο

1442 315 1500 376 S.
1541 310 1978 371 IllEliONi’Ml
2023 305 2343 368 Ui‘EiiUM
2389 295 2793 364 MAN'i‘lSSA.
3575 284 3665 352 772

543 465 562 497 ‹
629 443 796 514 igitur
854 450 908 493 et
967 438 1057 506 qui
1125 434 1474 489 matrimonio
1550 430 1732 499 jungit
1788 427 2048 498 virginem
2081 434 2121 485 Α
2151 440 2236 477 eo.
2282 442 2299 473 s
2345 422 2432 474 Ille
2488 417 2660 484 diligit
2691 415 2886 472 Deum,
2923 408 3011 478 qui
3052 407 3281 460 a‘dilitat
3326 404 3523 471 it'atrcs,
3553 409 3672 462 sicut

468 554 644 598 suam,
679 539 814 590 bene
841 533 1006 595 facit;
1041 539 1095 582 et
1123 529 1212 598 qui
1245 541 1349 580 non
1374 524 1570 594 jungit,
1597 523 1796 576 melius
1825 518 1976 574 facit.
2018 537 2035 569 ι

469 629 547 684 Ita
586 627 860 684 concludit
911 623 1180 692 virginum
1229 632 1474 680 causam,
1538 626 1596 670 ut
1648 628 1741 668 eas
1793 612 1960 666 faciat
1993 611 2044 664 in

470 720 716 773 omnibus
740 715 1004 769 meliores.
1035 709 1189 766 Unde
1212 707 1567 779 prudentibus
1585 718 1800 773 semper
1823 703 2044 756 meliora

472 825 522 868 et
560 810 883 881 perfectiora
915 815 1101 861 sectau
1126 807 1172 854 ta
1205 810 1330 857 sunt
1360 814 1375 852 :
1404 799 1530 867 quia
1575 809 1675 849 nec
1737 797 1788 848 in
1819 793 2046 848 stecula-

475 905 622 958 rihus
649 911 704 954 et
732 899 952 953 caducis
1004 903 1205 949 norunt
1247 890 1607 944 mediocribus
1639 901 1758 941 esse
1783 883 2048 938 contenti.

550 1015 568 1048 ‹
630 994 822 1046 Mulier
875 990 1090 1059 alligata
1126 994 1209 1039 est
1257 983 1392 1049 legi,
1444 989 1648 1050 quanto
1687 990 1930 1044 tempore
1970 975 2053 1028 vit‘

475 1088 590 1156 ejus
627 1085 776 1136 vivit.
821 1101 839 1132 ι
877 1077 1195 1146 iiicincipit
1227 1076 1291 1128 de
1325 1073 1556 1141 bigantis
1585 1081 1638 1123 et
1677 1067 1875 1121 viduis.

553 1197 570 1229 ‹
615 1174 768 1243 Quod
792 1177 835 1228 si
869 1169 1156 1228 dormierit
1187 1168 1268 1221 vir
1302 1165 1437 1230 eius,
1482 1163 1708 1216 liberata
1739 1169 1820 1214 est
1860 1173 1889 1212 a
1915 1157 2054 1224 lege.

477 1268 576 1322 Cui
629 1279 807 1320 autem
841 1263 976 1324 vult,
1030 1261 1217 1323 nubat,
1260 1267 1467 1310 tantum
1521 1253 1574 1306 in
1624 1249 1874 1304 Domino.
1905 1244 2058 1299 »δε-

483 1355 720 1409 cundum
750 1354 920 1420 legent
959 1351 1124 1404 libera
1162 1347 1300 1401 facta
1331 1351 1415 1399 est
1449 1357 1477 1394 a
1513 1341 1737 1394 vinculo
1761 1335 2054 1406 coniugali.

481 1447 636 1514 Quod
681 1447 725 1500 si
762 1461 860 1500 nec
889 1454 1018 1498 tunc
1058 1441 1340 1496 continere
1378 1433 1636 1494 voluerit,
1685 1432 2062 1487 conceduntur

487 1539 559 1591 illi
591 1539 754 1591 etiam
813 1532 1065 1588 secundae
1105 1529 1327 1598 nuptiae,
1383 1532 1594 1578 tantum
1651 1530 1709 1576 ut
1759 1519 2060 1575 inﬁdelium

487 1632 591 1682 ritu
623 1643 727 1680 non
751 1629 941 1678 nubat.

564 1740 582 1772 ι
618 1719 839 1772 Beatior
867 1724 1048 1768 autem
1077 1711 1203 1776 erit,
1241 1708 1286 1764 si
1329 1709 1410 1764 sic
1441 1702 1824 1774 permanserit,
1867 1713 2066 1756 secun-

2151 515 2348 568 dicitnr
2409 511 2569 565 Petro
2616 527 2629 562 :
2680 505 2740 560 Si
2801 518 2949 557 amas
3013 515 3124 560 me,
3188 513 3340 565 pasce
3397 512 3504 550 oves
3555 513 3674 552 meas

2154 604 2338 676 (Joan.
2377 618 2489 666 XXI,
2525 599 2637 669 16).

2229 716 2246 748 ι
2286 697 2360 750 De
2387 696 2528 750 escis
2553 701 2760 753 autem,
2783 702 2902 757 qua:
2926 682 3084 738 idolis
3109 680 3466 743 immolantur,
3491 681 3674 744 srimns,

2154 791 2278 857 quia
2315 785 2450 841 nihil
2479 794 2561 840 est
2590 782 2794 837 idolum
2827 779 2880 832 in
2913 777 3135 841 tnundo,
3167 783 3222 828 et
3255 774 3393 842 quod
3427 772 3583 826 nullus
3615 784 3680 825 est

2155 885 2319 941 Deus.
2351 879 2452 932 nisi
2482 893 2638 930 unus.
2675 893 2694 926 ο
2727 871 2966 942 Repetit,
2991 867 3134 939 quod
3161 866 3404 935 superius
3430 865 3613 920 dixerat
3635 881 3682 920 se

2157 976 2318 1032 scire,
2351 983 2404 1024 et
2436 968 2564 1038 quid
2595 966 2687 1032 sit,
2717 961 3034 1028 evidentius
3054 960 3313 1014 ostendit.

2233 1082 2252 1114 ι
2293 1062 2426 1116 Nam
2456 1061 2560 1115 etsi
2596 1066 2746 1121 sunt,
2791 1056 2884 1125 qui
2919 1053 3172 1108 dicantur
3203 1051 3298 1113 dii,
3329 1048 3437 1104 sive
3465 1048 3512 1102 in
3551 1048 3683 1112 ctelo,

2159 1157 2274 1212 sive
2323 1155 2376 1207 in
2431 1162 2574 1206 terra
2613 1166 2627 1205 :
2659 1147 2928 1217 siquidem
2963 1151 3088 1200 sunt
3135 1142 3210 1196 dii
3247 1140 3395 1196 multi
3440 1148 3491 1194 et
3520 1140 3687 1194 domini

2165 1246 2342 1302 multi.
2389 1264 2406 1293 ι
2444 1244 2500 1299 1η
2535 1243 2674 1298 οωιο
2703 1239 2907 1310 angeli,
2942 1247 2996 1292 et
3035 1237 3211 1290 sancti
3248 1234 3300 1288 itt
3333 1243 3489 1296 terra,
3517 1233 3573 1287 de
3597 1233 3690 1302 qui-

2163 1340 2264 1394 bus
2292 1337 2489 1392 dicitur
2520 1351 2537 1388 :
2569 1333 2680 1404 Ego
2707 1333 2843 1395 dixi,
2875 1330 2954 1383 dii
2981 1327 3107 1383 estis
3142 1325 3315 1398 (Psal.
3345 1339 3514 1389 Lxxxt,
3539 1323 3584 1390 8)
3610 1341 3622 1376 :
3648 1330 3692 1377 ct

2165 1430 2368 1485 domini
2399 1436 2527 1481 sunt
2555 1424 2730 1480 sancti
2759 1437 2969 1484 eorum,
2998 1435 3138 1488 quos
3162 1418 3495 1490 iudicabunt,
3521 1416 3579 1470 de
3598 1415 3692 1484 qui-

2166 1524 2268 1579 bus
2299 1521 2500 1575 dicitur
2528 1536 2543 1574 :
2574 1517 2904 1572 Judicabunt
2951 1513 3214 1574 nationes,
3250 1520 3297 1564 el
3340 1509 3693 1562 dominabuntur

2167 1613 2373 1686 papulis
2409 1613 2563 1682 (Sap.
2603 1626 2686 1675 tn,
2717 1607 2794 1678 8).

2247 1726 2266 1759 ε
2302 1705 2468 1760 Nobis
2501 1714 2683 1758 tamen
2717 1715 2854 1756 unus
2899 1698 3041 1752 Deus
3073 1694 3260 1750 Pater.
3299 1713 3318 1746 ›
3355 1692 3512 1760 Cujus
3537 1689 3696 1743 virtute

489 1812 617 1864 dum
653 1823 827 1862 meum
856 1805 1169 1859 consilium.
1207 1818 1228 1852 ι
1266 1798 1430 1852 Beata
1467 1795 1672 1849 habens
1714 1792 1990 1853 maritum,
2015 1788 2062 1842 εἰ
2097 1773 2138 1827 Β
2169 1815 2237 1855 ex
2263 1797 2432 1852 ῃὶιιίιο
2465 1795 2648 1850 omnia
2683 1802 2811 1847 sum
2841 1798 3044 1846 creata.
3081 1787 3217 1842 ιιρηι
3249 1787 3392 1841 hunc
3423 1785 3578 1839 locum
3605 1782 3690 1835 hac

491 1900 761 1956 custodiat
813 1897 1143 1951 castitatem.
1175 1890 1394 1945 Beatior
1433 1887 1618 1948 vidua.
1674 1885 1800 1955 quia
1856 1884 2068 1937 minore

497 1994 682 2047 labore
739 1989 998 2058 majorem
1062 1985 1301 2039 inveniet
1349 1981 1681 2036 castitatem.
1747 1972 2068 2029 Beatissima

495 2084 668 2155 virgo,
700 2096 818 2150 qua:
849 2079 968 2132 sine
989 2077 1174 2130 labore
1192 2075 1258 2128 ad
1288 2086 1560 2129 sumntum
1590 2067 1874 2139 praemium
1901 2065 2072 2134 possit

497 2174 802 2244 pervenire.
1540 2219 1547 2226 ,

573 2285 593 2319 ι
631 2266 767 2321 Ριιιο
785 2272 965 2318 autem
991 2260 1134 2332 quod
1161 2268 1214 2315 et
1243 2273 1343 2329 ego
1364 2255 1617 2328 spiritum
1645 2253 1736 2308 Dei
1765 2253 2014 2306 habeam.
2051 2268 2070 2301 ι

500 2359 580 2414 Ne
627 2372 804 2412 meum
839 2355 1128 2410 consilium
1176 2361 1436 2422 tanquam
1473 2348 1772 2401 humanum
1831 2353 2079 2398 content-

505 2450 666 2504 natis.

1094 2603 1320 2659 eam
1360 2599 1495 2653 vut.

585 2739 605 2774 t
672 2719 748 2773 De
807 2719 890 2773 his
947 2725 1146 2782 autem,
1195 2731 1314 2786 quae
1368 2713 1528 2769 idolis
1589 2712 1993 2767 sacriﬁcantnr.
2061 2727 2079 2760 s

510 2813 708 2882 incipit
757 2813 824 2866 de
881 2809 1218 2880 idolothytis,
1255 2809 1321 2863 de
1376 2808 1575 2874 quibus
1629 2805 1789 2860 etiam
1851 2805 2085 2858 dixerat.

513 2909 650 2972 Quia
679 2905 896 2972 quidam
926 2905 978 2954 in
1011 2901 1228 2968 templis
1262 2899 1521 2960 edebant,
1557 2896 1758 2950 idolum
1793 2894 1924 2948 nihil
1969 2907 2092 2947 esse

511 3001 776 3060 dicentes,
814 3007 866 3050 et
887 3005 1138 3050 creatura
1168 2992 1262 3046 Dei
1291 3006 1349 3046 se
1373 2991 1570 3045 debere
1595 2988 1670 3042 uti
1699 3005 1714 3042 :
1759 2997 1812 3042 et
1838 2985 2093 3040 errabant

515 3088 794 3144 VCI‘iSimlll
829 3089 1036 3140 ratione
1067 3085 1302 3154 decepti.
1345 3081 1457 3136 lloc
1509 3079 1899 3149 increpantium
1945 3079 2090 3146 Apo-
2117 3114 2164 3176 ο

514 3183 685 3235 atolus
708 3180 838 3235 dicit
859 3179 924 3232 ad
954 3193 1048 3231 eos
1074 3178 1163 3245 qui
1193 3177 1391 3229 habent
1414 3172 1702 3228 scientiam
1735 3161 2086 3236 diiudicandi;

517 3276 650 3328 nihil
680 3288 821 3334 esse,
853 3271 995 3340 quod
1023 3269 1182 3324 idolis
1210 3266 1545 3321 immolatur.
1571 3262 1684 3318 iloc
1704 3275 1835 3332 ergo
1860 3261 1936 3314 ait
1970 3277 1986 3317 :

591 3383 612 3417 ι
653 3364 868 3418 Scimus
914 3363 1037 3430 quia
1086 3373 1274 3414 omnes
1315 3357 1598 3411 scientiam
1649 3355 1934 3408 habemus.
1981 3368 2000 3402 ι
2037 3348 2095 3403 id

518 3467 621 3523 est,
668 3471 773 3508 non
807 3455 1060 3508 omnibus
1097 3461 1182 3504 est
1229 3449 1436 3504 notitia.
1473 3447 1540 3500 Et
1573 3461 1671 3499 nos
1721 3458 1908 3498 omnes
1947 3441 2100 3496 novi-

523 3565 643 3604 mus
675 3549 810 3602 sicut
849 3560 962 3608 vos,
993 3543 1090 3598 sed
1121 3551 1250 3596 sunt
1283 3540 1450 3609 aliqui
1483 3539 1572 3608 qui
1611 3538 1884 3608 ignorant.

597 3655 618 3690 ‹
658 3636 900 3691 Scientia
950 3633 1122 3688 inﬂat.
1158 3650 1177 3683 ι
1215 3631 1306 3685 Illa
1353 3631 1604 3694 scientia,
1653 3641 1774 3697 quae
1821 3642 1887 3680 ex
1937 3639 2097 3682 sensu

524 3732 741 3799 proprio
784 3739 841 3782 et
879 3728 1120 3781 humano
1163 3725 1465 3785 descendit,
1504 3735 1597 3776 eos
1627 3721 1717 3791 qui
1758 3728 1954 3788 praeter
1981 3732 2100 3773 eam

521 3821 760 3876 divinam
791 3835 900 3873 nou
936 3817 1246 3882 habuerint,
1294 3813 1466 3876 iullat,
1515 3823 1568 3866 et
1613 3827 1736 3881 qua:
1769 3809 2105 3880 coniecturis

526 3912 696 3982 magis
731 3912 945 3972 nititur,
975 3922 1137 3978 quant
1189 3904 1468 3975 exemplis.
1507 3903 1774 3958 Cancrum
1829 3902 1872 3955 si
1923 3900 2106 3954 divina

525 4003 698 4069 inllat,
736 4014 793 4058 ut
829 4004 1045 4069 quidam
1083 4008 1294 4067 putant,
1330 4009 1498 4066 quare
1544 3994 1664 4049 illos
1714 3992 1945 4063 amplius
1993 3990 2108 4045 vult

528 4094 770 4146 docendo
817 4088 1045 4144 inﬂare?
1097 4088 1162 4140 Et
1219 4087 1272 4139 itt
1323 4084 1590 4154 principio
1627 4083 1794 4150 ipsius
1828 4077 2107 4150 Epistolas,

528 4183 732 4252 gratias
761 4196 818 4234 se
849 4181 978 4234 dicit
1013 4179 1122 4232 Deo
1165 4190 1346 4245 agere,
1401 4175 1542 4238 quod
1576 4174 1721 4226 omni
1752 4172 1977 4227 scientia
2003 4171 2113 4226 siut

534 4273 741 4343 repleti.
797 4273 966 4326 Suum
1024 4283 1240 4338 quoque
1294 4267 1420 4320 alibi
1473 4268 1725 4336 proponit
1778 4263 2108 4331 exemplum,

530 4367 717 4420 dicens
757 4381 770 4418 :
817 4362 882 4416 Et
917 4364 962 4416 si
1005 4362 1281 4427 imperitus
1324 4373 1584 4423 sermone,
1619 4357 1706 4409 sed
1754 4371 1854 4407 non
1888 4354 2110 4407 scientia

2177 1891 2331 1946 retici
2365 1889 2437 1942 ita
2469 1886 2766 1956 accipiunt,
2803 1896 3090 1951 personam
3131 1877 3309 1934 Patris
3341 1875 3552 1944 Filiique
3577 1885 3700 1940 sepse

2175 1990 2380 2040 rantes,
2415 1985 2472 2030 ut
2505 1978 2694 2032 dicant
2735 1989 2900 2028 unum
2941 1971 3106 2025 Deum
3161 1979 3213 2024 et
3260 1968 3485 2028 Patrem,
3529 1977 3586 2017 ex
3621 1975 3702 2030 quo

2177 2069 2356 2125 omnia
2389 2083 2402 2121 :
2431 2076 2488 2122 et
2513 2065 2702 2121 dicunt
2732 2062 2982 2122 Domino.
3013 2060 3065 2114 id
3092 2067 3182 2113 est
3241 2057 3470 2118 Christo,
3495 2068 3598 2108 esse
3620 2067 3704 2102 tua-

2174 2163 2371 2232 jurem,
2406 2175 2502 2228 per
2545 2171 2706 2228 quem
2755 2153 2961 2209 omnia.
2991 2149 3335 2208 Haec’autem
3369 2157 3419 2204 et
3447 2145 3567 2201 Filio
3593 2143 3706 2198 sicut

2180 2253 2323 2309 Pa'ri
2352 2267 2472 2307 esse
2503 2247 2838 2311 communia,
2870 2245 3012 2301 idem
3041 2241 3339 2312 Apostolus
3373 2240 3436 2293 ad
3479 2239 3705 2292 lloutanos

2181 2346 2356 2407 docet,
2393 2343 2586 2397 dicens
2615 2350 2630 2396 ε
2659 2339 2791 2404 Quis
2842 2339 2977 2392 enim
3024 2335 3267 2404 cognovit
3314 2345 3509 2386 sensum
3541 2325 3709 2381 Domini

2183 2437 2366 2513 (Rom.
2411 2451 2492 2500 xt,
2524 2431 2651 2503 5‘)?
2680 2432 2732 2486 id
2765 2441 2850 2484 est
2913 2427 3140 2492 Christi,
3182 2441 3288 2480 non
3327 2423 3412 2476 Dei
3444 2419 3709 2474 Patris:si—

2187 2538 2276 2583 cut
2307 2527 2395 2581 ille
2423 2526 2572 2591 dicit,
2603 2534 2657 2578 et
2698 2523 2862 2578 infert
2892 2521 3077 2576 dicens
3110 2534 3124 2573 :
3161 2517 3300 2582 Quia
3328 2529 3390 2568 ex
3431 2514 3549 2582 ipso,
3577 2520 3616 2563 et
3640 2522 3710 2577 per

2186 2622 2380 2690 ipsum,
2418 2629 2464 2672 et
2500 2619 2551 2671 in
2587 2618 2700 2684 ipso
2752 2622 2874 2668 sunt
2910 2609 3085 2665 omnia
3117 2608 3292 2680 (Ibid.
3327 2604 3434 2674 36).
3479 2605 3610 2662 item,
3640 2611 3712 2667 per

2188 2727 2348 2782 quem
2389 2712 2552 2765 etiam
2606 2708 2714 2763 Deo
2772 2704 2918 2760 Patri
2953 2702 3186 2757 ascribit
3217 2701 3355 2754 idem
3399 2692 3648 2765 Apostolus
3672 2689 3712 2742 in

2193 2807 2294 2860 hac
2325 2805 2512 2858 eadem
2545 2800 2778 2869 Epistola
2805 2799 2992 2852 dicens
3022 2812 3036 2850 :
3065 2793 3270 2848 Fidelis
3297 2793 3453 2854 Deus,
3480 2801 3564 2858 per
3585 2794 3709 2852 qnem

2193 2897 2369 2953 vocati
2402 2897 2536 2949 estis
2561 2895 2615 2946 in
2647 2889 3084 2945 communionem
3117 2883 3244 2939 Filii
3269 2884 3382 2952 ejus
3409 2875 3526 2936 Jesu
3554 2871 3716 2932 Christi

2197 2988 2404 3045 Domini
2441 2987 2642 3040 nostri.

2270 3097 2290 3134 ‹
2335 3082 2408 3134 Ex
2445 3093 2554 3148 quo
2580 3075 2786 3141 omnia,
2814 3084 2868 3128 et
2902 3087 3002 3127 nos
3029 3071 3081 3124 in
3115 3069 3234 3133 illo,
3263 3080 3316 3122 ct
3345 3080 3475 3120 unus
3508 3059 3720 3117 Dominus

2195 3165 2354 3232 Jesus
2395 3173 2666 3226 Christus.
2708 3186 2726 3219 ι
2763 3165 3106 3222 Calumniaut
3142 3177 3212 3216 cx
3251 3163 3350 3216 hoc
3391 3159 3499 3212 loco
3523 3158 3720 3210 commo-

2201 3277 2328 3322 vent
2357 3265 2568 3328 Ariani,
2605 3260 2750 3331 quod
2781 3275 2904 3315 cum
2951 3271 3095 3312 unus
3146 3264 3360 3308 tantum
3412 3251 3537 3304 Deus
3568 3243 3722 3300 dicitur

2202 3361 2384 3424 Pater,
2414 3355 2585 3412 Filius
2624 3369 2655 3408 a
2702 3351 2903 3407 deitate
2949 3349 3236 3420 sejunctas
3297 3346 3389 3400 sit.
3435 3340 3624 3408 Quibus
3657 3345 3726 3388 re.

2202 3448 2578 3520 spondendum
2602 3464 2616 3499 :
2641 3445 2686 3498 si
2714 3443 2839 3497 ideo
2861 3456 2970 3496 non
3001 3451 3084 3496 εει
3113 3438 3287 3493 Filius
3307 3437 3467 3497 Deus,
3491 3431 3598 3501 quia
3622 3439 3727 3482 unus

2204 3552 2288 3598 est
2321 3541 2463 3596 Deus
2492 3538 2672 3602 Pater,
2736 3549 2867 3604 ergo
2912 3543 2964 3586 et
3003 3530 3165 3585 Pater
3217 3546 3322 3584 non
3368 3527 3468 3582 erit
3502 3521 3756 3580 Dominus,.

2207 3635 2335 3703 quia
2379 3646 2516 3684 unus
2561 3639 2644 3682 est
2680 3627 2942 3681 Dominus
2972 3622 3248 3678 Christus.
3303 3621 3360 3675 Si
3407 3626 3569 3672 autent
3608 3611 3728 3666 Pater

2209 3737 2316 3777 non
2344 3720 2650 3775 excluditur
2675 3733 2704 3771 a
2731 3713 3098 3771 dominatione
3127 3728 3142 3764 :
3173 3725 3275 3765 nec
3304 3709 3468 3764 Filius
3487 3721 3514 3758 a
3537 3703 3728 3757 ἀυίικιοι

2208 3816 2302 3872 sed
2333 3823 2625 3880 utrumque
2659 3809 2880 3876 utrique
2911 3817 3203 3860 commune
3235 3811 3341 3858 est.

2285 3924 2306 3957 ι
2333 3905 2437 3960 Per
2459 3919 2619 3973 quem
2645 3901 2922 3967 omnia,et
2950 3913 3052 3952 nos
3075 3913 3169 3966 per
3193 3898 3391 3964 ipsum.
3424 3912 3442 3946 ι
3469 3891 3561 3946 Per
3578 3884 3730 3942 Filium

2211 3997 2396 4054 omnia
2425 3997 2567 4051 facta
2595 4005 2725 4050 sunt
2753 4009 2768 4046 :
2801 3991 2897 4048 sed
2923 3999 2976 4046 et
3007 4003 3106 4052 nos
3137 4003 3232 4058 per
3265 3990 3438 4058 ipsum
3469 3994 3632 4040 sumus
3655 3973 3736 4032 sal-

2212 4091 2348 4146 vati.

2289 4202 2308 4236 ς
2352 4183 2458 4238 Sed
2493 4197 2598 4236 non
2631 4181 2687 4235 in
2718 4180 2970 4237 omnibus
3001 4188 3084 4234 est
3117 4176 3370 4232 scientia.
3405 4193 3423 4226 ι
3455 4170 3563 4227 Non
3593 4175 3740 4222 omnes

2214 4280 2417 4342 sciunt,
2443 4277 2564 4344 quia
2594 4289 2688 4344 per
2713 4283 3085 4342 contemptum
3118 4270 3388 4324 idolorum
3417 4275 3468 4322 et
3495 4279 3586 4320 non
3611 4256 3741 4327 magis

2218 4367 2587 4423 venerationis
2622 4369 2793 4438 gratia
2834 4363 3197 4419 manducetis.

530 4457 612 4528 (Η
652 4456 773 4512 Cor.
823 4471 897 4522 xt,
931 4455 1008 4523 ϐ).
1043 4455 1196 4523 Saepe
1243 4451 1409 4506 etiam
1445 4449 1626 4516 arguit
1671 4446 2005 4518 ignorantes.
2051 4445 2088 4499 Ε

2295 4477 2314 4511 ε
2365 4457 2592 4525 Quidam
2639 4467 2820 4510 autem
2873 4471 2995 4510 cum
3053 4452 3386 4510 conscientia
3443 4461 3596 4519 usque
3637 4450 3744 4496 nunc

532 4551 886 4619 ignorantiam
956 4545 1194 4600 tenebris
1267 4541 1622 4610 comparavit.
1681 4539 1906 4592 Galatas
1960 4551 2113 4605 mque

532 4644 776 4698 stultitiae
825 4650 995 4706 notat,
1049 4651 1257 4692 necnon
1311 4633 1561 4704 Ephesiis
1610 4633 1788 4685 lumen
1838 4631 2114 4698 sapientiae

532 4735 850 4805 suppliciter
884 4735 1228 4802 deprecatur.

611 4845 630 4878 ι
670 4827 917 4880 Charitas
951 4840 1076 4878 vero
1101 4823 1356 4877 aedilieat.
1395 4838 1412 4870 ι
1445 4817 1580 4886 Quia
1615 4831 1721 4872 non
1753 4817 1946 4886 quat-rit
1995 4827 2116 4882 qua:

535 4933 632 4974 sua
676 4927 801 4973 sunt
832 4917 879 4988 (1
921 4915 1047 4970 Cor.
1101 4929 1224 4980 xtn,
1261 4912 1340 4982 5),
1388 4911 1484 4965 sed
1528 4923 1648 4979 quae
1692 4907 1960 4961 tedittceut
2005 4903 2116 4958 ira-

539 5024 671 5068 tres.

614 5125 632 5159 ι
677 5107 732 5161 Si
776 5106 896 5176 quis
929 5116 1110 5159 autem
1145 5118 1203 5158 se
1234 5100 1514 5156 existimat
1546 5098 1686 5152 scire
1719 5098 1946 5167 aliquid,
1985 5113 2120 5151 uou-

540 5202 666 5256 dum
698 5202 943 5269 cognovit
973 5194 1436 5268 quemadmodum
1464 5201 1712 5262 oporteat
1742 5207 1867 5245 eum
1896 5194 2061 5245 scire.
2094 5207 2112 5242 ι

539 5291 596 5346 Si
629 5293 751 5361 quis
785 5291 888 5346 sibi
921 5290 1134 5344 videtur
1176 5286 1416 5354 sapiens,
1452 5282 1651 5339 stultus
1699 5294 1817 5350 est;
1850 5282 1940 5351 qui
1973 5283 2117 5335 eniut

541 5401 666 5440 vere
696 5387 911 5453 sapiens
956 5393 1062 5448 est,
1097 5379 1530 5448 insipientioretn
1575 5391 1635 5429 se
1679 5376 1935 5429 oumibus
1975 5373 2123 5426 arbi-

539 5487 735 5532 tratur.
769 5477 926 5533 Unde
955 5474 1209 5529 Salomon
1254 5471 1329 5526 ait
1358 5487 1371 5524 :
1415 5467 1533 5522 Vidi
1565 5468 1759 5531 virum,
1788 5469 1876 5536 qui
1907 5468 2006 5520 sibi
2035 5483 2121 5520 sa-

538 5573 686 5638 piens
714 5585 822 5624 esse
853 5568 1147 5632 videbatur,
1177 5576 1225 5619 et
1263 5578 1406 5633 spent
1454 5561 1634 5612 habuit
1666 5559 1920 5628 insipiens
1952 5562 2120 5629 magis

539 5680 696 5733 quant
729 5662 821 5716 ille
864 5662 1043 5732 (Prov.
1081 5674 1228 5722 xxvr,
1263 5657 1374 5728 12).

617 5776 634 5805 ι
676 5755 730 5808 Si
755 5755 879 5824 quis
905 5763 1082 5807 autem
1109 5751 1276 5820 diligit
1314 5747 1506 5813 Deum,
1546 5745 1635 5824 hic
1663 5744 1916 5815 cognitus
1940 5754 2026 5800 est
2058 5745 2123 5800 ab
2151 5811 2154 5814 ,

2222 4545 2374 4616 idoli,
2409 4549 2564 4619 quasi
2603 4546 2958 4617 idolothytuut
2997 4545 3354 4611 manducauit,
3381 4551 3436 4598 et
3468 4531 3742 4596 conscientia

2223 4617 2466 4712 ipsorum
2492 4655 2614 4694 cum
2641 4641 2712 4692 sit
2739 4639 2976 4702 inﬁrma,
3005 4636 3284 4705 polluitur.
3319 4653 3337 4687 ι
3369 4633 3587 4712 Quidam
3610 4617 3744 4695 ignari

2225 4735 2305 4788 sic
2337 4733 2560 4801 habent,
2597 4730 2777 4785 adhuc
2825 4731 2878 4783 iu
2911 4729 3243 4782 coascieutia
3278 4741 3378 4782 sua
3410 4707 3651 4795 quomodo
3673 4724 3746 4766 an-

2227 4837 2442 4898 tequam
2478 4824 2789 4888 crederent,
2823 4821 3240 4873 tuanducabaut.

2301 4939 2318 4970 ι
2362 4917 2499 4973 Esca
2550 4925 2731 4970 autem
2786 4928 2885 4968 nos
2932 4929 3038 4968 non
3090 4915 3434 4967 commendat
3479 4905 3598 4960 Deo.
3637 4901 3752 4953 Sicut

2227 5017 2358 5072 dicit
2401 5017 2628 5084 Aggaeus
2663 5011 2921 5080 propheta
2957 5009 3090 5081 (imo
3112 5007 3351 5062 Zachar.
3390 5021 3481 5070 vn,
3516 5003 3568 5073 6)
3593 5017 3605 5054 :
3629 4995 3684 5051 Et
3716 4991 3750 5043 εὶ

2226 5107 2595 5162 manducustis
2644 5114 2692 5157 et
2727 5103 2955 5165 bibistis.
3019 5116 3187 5156 nonne
3236 5101 3384 5155 uobis
3443 5084 3754 5152 manducauit

2233 5209 2280 5253 et
2312 5198 2512 5252 bibistis
2540 5197 2566 5250 Ρ

2303 5277 2325 5341 ‹⁴
2357 5287 2546 5359 Neque
2569 5290 2714 5344 enim
2740 5289 2784 5343 si
2810 5285 3347 5350 manducaverimus,
3372 5277 3754 5338 abundabimus:

2233 5395 2406 5449 neque
2457 5383 2500 5435 si
2557 5396 2663 5435 non
2717 5381 3252 5441 tttanducaveritnus,
3289 5375 3604 5432 deﬁciemus.
3636 5386 3653 5420 ι
3681 5359 3756 5418 Cui

2230 5474 2374 5527 enim
2402 5471 2627 5527 dubium
2661 5481 2765 5538 est,
2797 5472 3003 5526 nullum
3032 5483 3206 5539 neque
3239 5463 3601 5522 manducando
3621 5456 3755 5511 abun-

2231 5564 2384 5628 dare,
2417 5577 2588 5632 neqne
2622 5577 2729 5616 non
2764 5562 3142 5617 manducando
3177 5557 3382 5630 egere?
3411 5571 3524 5612 eum
3553 5553 3754 5607 econtra-

2236 5657 2315 5710 rio
2344 5654 2452 5709 illis
2481 5655 2654 5724 magis
2682 5654 3027 5708 formidanda
3057 5653 3234 5722 inopia
3269 5651 3363 5715 sit,
3390 5647 3476 5718 qui
3509 5642 3667 5714 gulam
3690 5645 3757 5687 κ·

2236 5748 2410 5801 tincrc
2438 5763 2543 5801 non
2583 5757 2799 5802 norunt.
2838 5745 2941 5801 Sed
2971 5748 3100 5816 quia
3150 5740 3496 5815 magnitudini
3527 5733 3629 5792 lidei
3653 5740 3755 5786 sur.
