3956 6196
512 354 630 418 775
1452 344 1516 402 s.
1559 340 2008 402 tllERONYMI
2047 343 2364 407 OPERUM
2404 343 2806 408 MANTISSA.‘
3585 341 3670 411 77.;

515 455 644 518 Non‘
665 460 780 514 haec
809 455 1008 512 idcirco
1038 453 1238 517 scribo,
1267 462 1328 505 ut
1358 453 1437 506 vel
1484 455 1642 507 modo
1669 453 1758 508 ﬁat
1787 454 1927 524 quod
1958 463 2080 509 ante
2110 458 2152 516 Α
2272 478 2288 507 ι
2319 455 2583 513 Omnibus
2613 457 2792 511 omnia
2819 454 2994 512 factus
3025 469 3164 520 Sum,
3195 465 3252 508 ut
3285 470 3457 511 omnes
3487 457 3676 513 facerem

517 555 720 609 factum
769 563 875 603 non
920 545 1023 610 sit;
1077 544 1167 599 sed
1217 544 1370 599 vobis
1416 545 1660 613 esetnpla
1709 549 1920 614 praebeo
1972 558 2078 600 tam
2187 550 2382 603 salvos.
2415 568 2432 600 s
2466 548 2578 602 Non
2606 548 2807 616 aliquid
2836 547 2990 612 mihi,
3015 561 3114 601 nec
3137 562 3395 614 quzerens,
3419 549 3544 616 quod
3571 551 3682 604 mihi

516 643 740 714 proprii,
771 653 932 710 quam
963 635 1122 690 alieni
1154 633 1522 701 discriminis;
1555 637 1746 692 saltem
1783 636 1852 689 ab
1884 637 2086 690 illicitis
2189 642 2318 697 utile
2348 649 2453 706 est,
2488 640 2582 696 sed
2618 639 2761 710 quod
2805 640 3007 694 multis.
3039 637 3348 715 itemaliter
3375 658 3388 693 :
3423 641 3472 693 In
3499 640 3572 694 his
3596 657 3690 709 qua

519 735 814 795 abstinere.
851 744 974 784 cum
1007 726 1238 781 νῖάεείίε
1283 740 1368 779 ιιιθ
1413 725 1643 782 aliorum
1676 740 1836 780 causa
1871 725 2085 787 salutis.
2188 731 2436 801 superius
2457 732 2903 796 memoravimus;
2929 745 3061 796 non,
3100 731 3388 799 utquidam
3413 731 3534 784 male
3549 733 3694 786 existi-

519 825 699 880 debita
736 834 845 876 non
883 819 1060 872 minus
1091 832 1250 886 quam
1287 816 1430 869 licita
1463 817 1874 885 contempsisse.
2189 833 2358 888 mani,
2391 823 2537 878 illum
2570 824 2732 877 etiam
2765 822 2970 877 illicitis
3005 821 3361 876 consensisse,

597 933 616 966 ι
657 914 859 969 Bonum
897 919 988 964 .est
1037 909 1181 963 enim
1233 907 1362 960 mihi
1413 907 1580 974 magis
1617 907 1776 970 mori,
1817 921 1977 977 quam
2033 915 2090 960 ut

2267 932 2286 965 ι
2325 913 2518 967 Omnia
2569 924 2748 967 autem
2804 913 2942 966 facio
2997 921 3215 980 propter
3267 909 3613 977 Evangelium,
3647 919 3694 963 ut

519 1009 746 1077 gloriam
782 1018 957 1060 meam
990 1000 1113 1072 quis
1145 1006 1391 1053 evacuet.
1433 1017 1451 1050 ι
1491 999 1554 1054 Et
1583 997 1626 1052 si
1657 997 1796 1052 fame
1828 1013 2087 1058 morerer,
2190 1007 2463 1075 particeps
2511 1004 2630 1073 ejus
2668 1003 2888 1058 emciar,
2927 1021 2944 1054 ι
2987 1000 3055 1056 Ui
3089 1003 3143 1056 in
3186 1016 3252 1058 eo
3297 1012 3486 1071 partem
3519 1016 3691 1054 mero“

523 1097 854 1170 propositum
885 1107 1084 1156 meum,
1110 1091 1176 1145 de
1206 1104 1311 1158 quo
1341 1099 1466 1143 ante
1500 1086 1667 1143 Deum
1697 1090 1919 1157 glorior,
1949 1104 2087 1144 nun-
2194 1099 2392 1152 habere
2420 1111 2540 1149 cum
2570 1098 2802 1150 sanctis,

522 1204 682 1260 quam
717 1195 891 1256 potest
921 1183 1215 1239 immutari.

2271 1205 2289 1238 s
2332 1187 2562 1244 Nescitis
2603 1187 2746 1256 quod
2781 1186 2832 1242 hi
2874 1186 2966 1256 qui
2997 1186 3050 1240 in
3084 1185 3260 1240 stadio
3288 1194 3518 1246 currunt,
3541 1197 3692 1238 omnes

597 1298 618 1332 s
655 1277 785 1332 Nam
812 1286 866 1331 et
894 1275 940 1331 si
968 1272 1430 1342 evangelizavero,
1467 1285 1572 1324 non
1605 1281 1686 1326 est
1717 1271 1844 1325 mihi
1877 1271 2046 1341 gloria
2075 1286 2093 1326 :

2193 1279 2411 1351 quidem
2462 1289 2709 1343 currunt,
2760 1278 2858 1332 sed
2913 1292 3050 1332 unus
3099 1275 3296 1342 accipit
3341 1275 3589 1329 bravium?
3623 1274 3693 1328 Sic

524 1373 820 1426 necessitas
852 1368 997 1423 enim
1031 1367 1164 1446 mihi
1199 1364 1486 1420 incumbit.
1524 1381 1544 1415 ι
1579 1363 1713 1418 Cum
1746 1367 1922 1417 omnia
1955 1363 2086 1430 fece-

2193 1371 2418 1434 currite,
2453 1377 2510 1422 ut
2547 1367 3041 1436 comprehendatis.
3086 1384 3104 1416 ι
3155 1365 3252 1418 Hic
3300 1364 3452 1418 stadii
3495 1378 3695 1425 cursum.

524 1462 644 1517 ritis
685 1467 972 1530 praecepta,
1010 1453 1185 1512 debita
1235 1470 1328 1510 vos
1372 1453 1540 1508 dicite
1581 1454 1904 1522 persolvisse
1935 1451 2086 1524 (Luc.

2191 1461 2440 1530 iustitiae,
2472 1459 2557 1514 vel
2597 1458 2725 1514 ﬁdei
2778 1457 3134 1525 comparavit,
3179 1457 3302 1525 quia
3345 1459 3586 1524 quomodo
3611 1455 3697 1510 illic

527 1570 657 1617 xvii,
687 1553 796 1623 10).
840 1553 956 1607 Non
1006 1550 1151 1606 enim
1199 1547 1396 1616 aliquid
1429 1547 1662 1615 amplius
1690 1545 1920 1613 fecistis,
1955 1545 2097 1600 unde
2199 1567 2323 1608 cum
2369 1567 2556 1606 omnes
2606 1552 2747 1606 intra
2801 1549 3038 1605 stadium
3084 1559 3328 1613 cun-um,
3366 1563 3464 1601 ηοιι
3510 1545 3599 1600 nisi
3631 1547 3702 1614 qui

437 1697 457 1740 ι
526 1646 744 1718 gloriari
788 1643 1028 1712 possitis.
1101 1689 1124 1740 -.
1346 1728 1358 1740 ο
1783 1726 1814 1740 μ
2201 1647 2336 1699 bene
2375 1643 2702 1706 cucurrerit,
2737 1641 2934 1711 dignus
2982 1641 3206 1709 praemio
3250 1640 3538 1709 iudicatur;
3571 1637 3632 1693 its
3662 1645 3702 1691 et

604 1755 623 1789 s
665 1735 758 1790 Vas
789 1735 936 1790 enim
985 1731 1114 1785 mihi
1163 1739 1269 1794 est,
1316 1728 1360 1782 si
1411 1742 1519 1782 non
1569 1726 2034 1795 evangelizavero.
2073 1743 2092 1776 ι

2202 1734 2314 1797 hic,
2349 1732 2598 1803 quamvis
2655 1732 2796 1784 intra
2848 1731 2970 1784 lidei
3029 1737 3201 1784 metas
3247 1731 3419 1783 cuncti
3466 1728 3701 1782 credentes

528 1826 940 1882 Damnationem
979 1823 1174 1876 habeo.
2131 1834 2170 1889 Β
2201 1823 2601 1885 contineantur,
2635 1819 2734 1873 soli
2783 1829 2960 1872 tamen
3008 1817 3100 1886 qui
3145 1818 3290 1888 juste
3335 1819 3564 1879 vixerint,
3594 1829 3700 1885 pre-

603 1937 621 1970 s
664 1918 718 1972 Si
752 1917 893 1972 enim
926 1916 1113 1970 volens
1150 1916 1249 1969 hoc
1283 1929 1413 1984 ago,
1452 1917 1752 1967 mercedem
1801 1911 1972 1967 habeo
2007 1910 2094 1965 :si
2201 1911 2366 1966 mium
2396 1911 2620 1965 caeleste
2663 1909 2981 1979 percipient.
3019 1909 3150 1964 ltem
3196 1909 3300 1964 hoc
3328 1909 3440 1962 loco
3471 1911 3593 1961 inter
3628 1918 3702 1959 eos

529 2019 708 2065 autem
742 2008 966 2069 invitus,
998 2007 1328 2075 dispensatio
1361 2005 1491 2059 mihi
1521 2003 1728 2059 credita
1756 2013 1857 2057 est.
1898 2019 1918 2053 ι
1948 2001 2100 2055 Tunc
2200 2005 2293 2074 qui
2328 2004 2384 2060 in
2425 2006 2599 2084 stadio
2631 2013 2883 2068 currunt,
2913 2019 3076 2057 unum
3108 2004 3452 2073 accipientem
3494 2001 3702 2072 palmam,

531 2101 707 2172 magis
743 2101 1014 2154 videbitur
1043 2098 1432 2165 voluntarium,
1469 2097 1514 2152 si
1561 2110 1744 2150 amore
1790 2095 1908 2165 ejus
1953 2093 2098 2148 licita
2199 2095 2470 2165 signiﬁcat
2513 2109 2727 2150 omnem
2777 2104 2924 2149 recte
2973 2093 3132 2148 ﬁdem
3184 2105 3471 2160 tenentem,
3510 2103 3558 2148 et
3595 2107 3702 2161 prat-

529 2198 972 2247 contemnantur.
2200 2195 2356 2254 cepta
2383 2195 2712 2240 servantem.

605 2303 623 2336 ε
659 2283 790 2351 Quae
816 2292 901 2338 est
926 2297 1052 2352 ergo
1079 2296 1290 2336 merces
1320 2279 1472 2334 mea?
1497 2285 1560 2332 ut“
1584 2277 1931 2348 Evangelium
1965 2289 2102 2345 praa-
2276 2293 2294 2326 ι
2331 2273 2519 2350 Omnis
2548 2275 2692 2334 enim
2720 2275 2810 2346 qui
2837 2275 2891 2330 in
2945 2289 3121 2343 agone
3149 2275 3446 2338 contendit,
3473 2275 3532 2328 ab
3560 2269 3701 2328 omni-

529 2375 716 2430 dicans
766 2373 884 2428 sine
917 2380 1151 2440 ,sumptu
1203 2385 1396 2437 ponam
1447 2368 1832 2436 Evangelium,
1891 2373 1950 2418 ut
1995 2379 2100 2418 non
2203 2365 2302 2420 bus
2337 2381 2394 2421 se
2425 2367 2688 2424 abstinet.
2718 2385 2738 2418 ι
2776 2367 2858 2421 Ab
2894 2367 3150 2422 omnibus
3193 2369 3336 2423 escis
3396 2380 3504 2436 quae
3533 2379 3705 2420 cursum

529 2468 722 2518 abutar
756 2471 1027 2532 potestate
1072 2477 1191 2515 mea
1241 2463 1292 2512 in
1323 2458 1639 2526 Evangelia.
1679 2477 1698 2509 ι
1737 2456 1898 2522 Quasi
1931 2457 2102 2509 inter-
2204 2473 2388 2514 eorum
2430 2460 2688 2528 impedire
2723 2469 3134 2517 consueverunt.

533 2561 685 2622 roget
719 2553 864 2606 unde
899 2551 1158 2620 majorem
1211 2551 1380 2618 possit
1427 2549 1626 2602 habere
1673 2546 2001 2611 mercedem,
2049 2552 2104 2598 et
2279 2569 2298 2602 ς
2337 2551 2403 2605 Et
2437 2551 2513 2605 illi
2545 2551 2758 2621 quidem
2787 2560 2846 2606 ut
2905 2553 3311 2620 corruptibilem
3342 2565 3570 2606 coronam
3598 2547 3709 2602 acci-

533 2647 646 2714 ipse
679 2643 992 2712 respondet,
1028 2643 1070 2696 si
1120 2642 1288 2710 gratis
1319 2640 1658 2702 annuntiem,
1692 2652 1787 2692 nec
1821 2645 2100 2706 acceptam
2207 2641 2377 2708 piant,
2401 2649 2695 2710 nosoautem
2730 2641 3120 2709 incorruptam.
3155 2642 3273 2713 Ego
3304 2642 3455 2713 igitur
3479 2641 3550 2695 sic
3573 2651 3714 2693 curro.

531 2749 814 2790 exerceam
853 2741 1192 2802 potestatem.
1875 2726 1882 2733 ’
2207 2748 2312 2785 non
2351 2733 2504 2800 quasi
2541 2733 2594 2786 in
2633 2734 2897 2788 incertum
2929 2751 2945 2794 ;
2981 2734 3063 2788 sic
3094 2747 3301 2803 pugno,
3332 2747 3434 2788 non
3472 2730 3605 2800 quasi
3637 2739 3710 2781 ae-

608 2844 627 2879 ι
656 2825 788 2880 Nam
817 2839 940 2879 eum
974 2826 1108 2878 liber
1141 2837 1312 2878 essem
1345 2837 1409 2876 ex
1447 2821 1724 2884 omnibus,
1751 2823 1990 2874 omnium
2023 2833 2106 2871 me
2206 2836 2319 2874 rem
2370 2824 2698 2887 verberans;
2753 2823 2846 2877 sed
2892 2822 3097 2892 castigo
3141 2836 3343 2892 corpus
3373 2835 3563 2883 meum,
3603 2828 3646 2870 et
3679 2821 3716 2867 in

533 2934 746 2991 servum
764 2915 890 2982 feci,
911 2914 1577 2986 utplureslucrifacerem.
1604 2933 1620 2963 ι
1645 2913 1778 2966 Cum
1799 2926 2007 2980 possem
2031 2910 2103 2962 uti
2210 2923 2528 2967 servatutem
2563 2915 2766 2983 redigo.
2800 2931 2821 2968 s
2857 2913 2975 2970 Non
3008 2916 3060 2968 in
3089 2929 3288 2968 vanum
3321 2929 3492 2977 curro,
3519 2910 3588 2965 vel
3611 2911 3718 2976 linso

535 3009 783 3065 libertate
819 3023 958 3073 mea,
1003 3015 1057 3060 et
1099 3005 1164 3060 de
1199 3006 1410 3059 caeteris
1443 3019 1550 3058 non
1581 3018 1773 3060 eurare
1807 3021 1821 3056 :
1856 3001 2108 3055 omnibus
2209 3014 2507 3067 certamen,
2544 3005 2640 3061 sed
2687 3005 2890 3076 castigo
2937 3020 3132 3074 corpus
3185 3021 3384 3070 meum,
3421 3016 3468 3058 et
3513 2999 3712 3056 servituti

533 3110 712 3154 tamen
753 3114 1070 3168 compassus
1103 3114 1245 3162 sum,
1282 3107 1340 3152 ut
1371 3113 1465 3151 eos
1503 3097 1730 3150 facerem
1763 3096 1961 3150 salvos.
2139 3153 2178 3168 Α
2211 3097 2444 3164 subjicio
2482 3109 2575 3166 per
2620 3096 3007 3156 abstinentiam
3041 3107 3094 3150 et
3125 3095 3462 3154 aﬁlictionem
3493 3101 3631 3164 atque
3658 3092 3715 3146 is-

609 3211 628 3244 s
673 3191 736 3246 Et
765 3153 938 3246 factus
967 3206 1086 3245 sum
1119 3189 1321 3244 Judaeis
1366 3197 1619 3258 tanquam
1651 3187 1890 3249 Judaeus,
1926 3194 1982 3242 ut
2007 3185 2103 3240 ιιι-
2135 3153 2180 3213 c
2201 3153 2391 3252 bores,
2422 3153 2563 3242 sicut
2591 3186 2717 3241 alibi
2751 3187 2828 3242 ait
2857 3201 2873 3242 :
2899 3185 2959 3240 In
2983 3153 3207 3257 jejuniis
3251 3153 3444 3247 multis,
3472 3188 3521 3240 in
3549 3153 3718 3252 uigiliis,

535 3282 680 3336 dmos
726 3283 986 3334 lucrarer.
1024 3298 1044 3333 ι
1077 3279 1303 3346 Quando
1351 3293 1410 3333 se
1457 3279 1762 3347 puriﬁcavit
1795 3277 1850 3330 in
1882 3277 2103 3356 templo,
2212 3281 2266 3333 in
2301 3279 2440 3348 {ame
2471 3288 2520 3330 et
2550 3279 2664 3342 siti,
2701 3280 2755 3331 in
2803 3278 2999 3349 frigore
3031 3287 3079 3332 et
3113 3279 3376 3343 nuditate,
3406 3277 3456 3330 in
3487 3273 3721 3331 laboribus.

534 3373 677 3444 quod
708 3382 946 3440 tempore
973 3371 1158 3439 gratiae
1189 3369 1394 3422 sciebat
1420 3383 1542 3423 esse
1569 3367 1926 3436 superﬂuum.
2212 3372 2269 3424 in
2313 3371 2612 3426 carceribus
2636 3409 2652 3433 .
2704 3379 2811 3426 etc.
2859 3368 2946 3442 (11
2996 3369 3120 3424 Cor.
3159 3385 3239 3436 st,
3273 3368 3482 3437 23-28).
3509 3366 3638 3422 Sicut
3674 3363 3722 3415 ad

610 3478 632 3515 s
671 3461 766 3515 His
794 3461 887 3531 qui
917 3463 1016 3515 sub
1048 3461 1164 3530 lege
1199 3469 1342 3523 sunt,
1379 3459 1532 3527 quasi
1564 3459 1666 3511 sub
1696 3458 1815 3526 lege
1847 3471 2042 3512 essem.
2083 3474 2101 3508 ι
2215 3463 2490 3528 ιιυιπθεοθ,
2523 3465 2836 3534 prophetas,
2868 3470 2921 3518 et
2958 3464 3092 3518 alios
3139 3473 3363 3537 sanctos
3394 3474 3564 3533 passos
3592 3457 3721 3513 multa

540 3551 784 3611 Ostendit
811 3555 1081 3621 quomodo
1113 3551 1278 3605 fuerit
1311 3566 1431 3606 cum
1463 3551 1596 3620 ipsis
1630 3559 1685 3606 et
1721 3551 1834 3618 ipse
1866 3547 2101 3604 Judaeus.
2215 3555 2338 3608 talia
2371 3555 2690 3610 memoravit
2717 3553 2896 3625 (Hebr.
2929 3571 3002 3624 si,
3029 3555 3098 3610 56
3127 3554 3242 3624 38).

538 3643 723 3698 Potest
767 3652 824 3696 et
867 3642 941 3694 ita
991 3641 1252 3710 intelligi,
1293 3641 1436 3710 quod
1489 3639 1864 3694 Samaritanus
1913 3639 2110 3692 dixerit
2290 3663 2308 3695 ‹
2344 3645 2420 3700 Ne
2449 3645 2588 3700 forte
2613 3660 2740 3701 cum
2766 3646 2896 3709 aliis,
2929 3645 3363 3714 prmdicaverim,
3390 3642 3496 3712 ipse
3522 3634 3728 3708 reprobus

536 3743 659 3789 esse
706 3733 806 3788 sub
861 3731 1008 3801 lege;
1041 3732 1132 3800 qui
1189 3731 1362 3801 legem
1416 3739 1620 3786 tantum
1671 3729 1808 3784 Mosi
1856 3730 2110 3790 videntur
2215 3733 2437 3789 eﬁiciar.
2476 3755 2495 3787 ι
2533 3736 2648 3789 Non
2682 3735 2932 3792 faciendo
2963 3752 3081 3806 qua:
3113 3737 3262 3792 dico.

540 3834 807 3890 accipere.

614 3931 634 3966 s
659 3889 810 3967 Cum
839 3913 954 3982 ipse
984 3927 1095 3968 non
1130 3926 1307 3968 essem
1353 3912 1455 3968 sub
1490 3912 1624 3984 lege,
1661 3921 1719 3968 ut
1751 3928 1844 3970 eos
1887 3913 1977 3985 qui
2008 3912 2110 3968 sub
2668 3968 2674 3972 _
2829 3889 3063 3948 CAPUT
3102 3892 3174 3948 Χο

537 4005 654 4074 lege
677 4011 834 4056 erant
861 3999 1258 4056 lucrifacerem.
1301 4018 1319 4052 ι
1355 3999 1474 4056 Non
1506 4011 1588 4056 est
1618 4004 1720 4057 sub
1747 4004 1862 4074 lege
1893 4003 2108 4066 litteras,
2289 4020 2306 4052 ι
2348 3999 2482 4056 Nolo
2515 4001 2660 4057 enim
2692 4017 2790 4060 vos
2838 4003 3109 4075 ignorare,
3145 4004 3370 4073 fratres,
3403 4005 3630 4080 quoniam
3656 4013 3725 4070 pa-

537 4109 655 4162 qure
688 4092 1066 4162 peccatoribus
1099 4092 1222 4146 data
1257 4105 1400 4146 esse
1413 4093 1792 4160 perscribitur.
2216 4099 2327 4148 tres
2353 4094 2521 4148 nostri
2549 4109 2739 4150 omnes
2767 4096 2869 4150 sub
2894 4098 3035 4153 nube
3063 4097 3308 4164 fuerunt,
3341 4111 3395 4154 et
3425 4109 3590 4152 omnes
3614 4102 3726 4147 mare

610 4203 630 4236 s
673 4183 766 4238 llis
811 4183 906 4252 qui
951 4183 1069 4236 sine
1117 4181 1232 4252 lege
1279 4194 1469 4248 erant,
1520 4191 1778 4254 tanquam
1828 4183 1946 4238 sine
1997 4184 2111 4252 lege
2218 4184 2576 4240 transierunt.
2613 4203 2632 4238 ι
2675 4183 2753 4241 Ne
2779 4187 2900 4256 quis
2939 4188 3217 4243 conﬁdens
3251 4189 3305 4244 in
3334 4202 3400 4243 eo
3427 4177 3732 4250 soluatur“)d

537 4290 736 4330 essem.
773 4294 792 4327 ι
826 4275 957 4329 Sine
982 4274 1098 4344 lege
1125 4275 1320 4329 littera:
1353 4291 1368 4328 :
1398 4285 1456 4329 et
1493 4291 1520 4328 a
1548 4275 1803 4346 gentibus
1837 4278 1886 4330 in
1917 4277 2108 4347 primis
2217 4272 2523 4339 baptizatus
2571 4286 2684 4344 est,
2754 4287 2848 4330 aut
2895 4277 2952 4332 in
3003 4293 3126 4333 esca
3177 4280 3466 4350 spirituali,
3501 4276 3574 4330 vel
3611 4278 3726 4343 potu.

538 4369 708 4423 solam
744 4367 900 4421 ﬁdem
929 4367 1224 4436 quaerebat,
1261 4367 1416 4436 quasi
1444 4381 1550 4421 non
1584 4367 1809 4422 haberet
1843 4378 2107 4437 praecepta
2217 4375 2369 4434 putet
2415 4366 2516 4420 sibi
2561 4365 2728 4422 Deum
2772 4383 3019 4438 parcere,
3056 4369 3100 4422 si
3145 4371 3487 4439 peccaverit;
3524 4366 3619 4422 tale
3653 4375 3726 4433 pa-

538 4458 673 4526 legis
700 4456 924 4523 Christi,
956 4471 1075 4525 qua:
1108 4458 1230 4510 illos
1261 4456 1554 4510 observare
1603 4458 1842 4521 doceret,
1889 4457 2006 4514 sive
2053 4459 2106 4514 in
2141 4498 2189 4555 η
2219 4465 2360 4510 trum
2397 4458 2648 4526 proponit
2692 4462 3022 4529 exemplum,
3057 4476 3164 4530 quo
3199 4461 3470 4526 Ostendat,
3503 4468 3613 4512 tunc
3649 4456 3727 4507 ista

536 4565 600 4604 eo
627 4563 732 4618 quo
761 4549 880 4603 illos
907 4549 973 4601 ad
1003 4549 1125 4602 ﬁdei
1153 4549 1532 4604 credulitatem
1565 4564 1674 4604 non
1711 4558 1816 4602 tam
1851 4551 2112 4620 legalibus
2141 4548 2179 4555 ”
2217 4548 2413 4602 merito
2445 4549 2749 4616 profutura,
2781 4549 2826 4603 si
2859 4561 3124 4621 praecepta
3157 4564 3464 4614 serventur.

539 4642 820 4706 doctrinis,
849 4655 1011 4710 quam
1065 4640 1476 4695 rationabilibus
1527 4645 1860 4712 argumentis
1909 4660 2110 4715 provo-
2291 4659 2310 4693 s
2343 4643 2410 4697 Et
2437 4657 2628 4697 omnes
2660 4642 2715 4700 iu
2743 4641 2930 4714 Moyse
2959 4643 3218 4714 baptizati
3251 4654 3401 4700 sunt.
3433 4661 3451 4694 ι
3486 4640 3538 4694 lu
3567 4635 3727 4702 ηοιεο.

538 4733 716 4788 cabat.
771 4731 921 4786 Sicut
977 4731 1205 4784 Athenis
1255 4731 1454 4785 fecisse
1500 4731 1835 4801 perhibetur,
1873 4733 2112 4804 philoso-
2213 4732 2304 4804 qui
2339 4731 2540 4785 Christi
2588 4741 2772 4800 typum
2817 4731 3059 4801 gerebat.
3096 4731 3254 4800 fletu,
3289 4733 3400 4788 hac
3433 4733 3482 4784 iu
3516 4727 3594 4780 illo
3625 4735 3729 4775 tern-

533 4829 670 4895 pbos
703 4834 758 4879 et
801 4839 1040 4894 paganos
1077 4838 1168 4892 per
1196 4823 1590 4893 philosophiam
1626 4835 1682 4878 et
1737 4840 1954 4881 ararum
1989 4829 2115 4881 titu—
2216 4839 2346 4892 pore
2383 4822 2540 4891 quasi
2585 4823 2638 4891 in
2684 4821 2872 4875 umbra
2909 4835 2964 4875 et
3005 4834 3128 4891 typo
3169 4823 3386 4885 ﬁebant.
3422 4834 3520 4874 non
3551 4821 3595 4869 in
3623 4809 3730 4864 veri-

533 4918 642 4969 Ium
688 4915 1048 4979 exhortando,
1085 4917 1212 4988 dum
1248 4911 1376 4969 dicit
1404 4931 1419 4972 :
1452 4916 1680 4970 Circuivi
1719 4933 1842 4970 aras
1890 4927 2110 4986 vestras,
2217 4925 2326 4970 tate
2351 4932 2366 4970 :
2391 4924 2577 4983 postea
2607 4928 2733 4968 vero
2761 4915 3045 4982 praesentia
3071 4913 3279 4972 Christi
3306 4916 3644 4983 complentur.

431 5081 441 5086 1
531 5017 580 5062 et
610 5017 666 5060 ut
696 5007 911 5077 quidam
939 5016 1168 5060 vestrum
1194 5007 1440 5060 dixerunt
1468 5007 1606 5078 (Act.
1637 5024 1769 5072 xvu,
1798 5010 1892 5076 25,
1921 5009 2040 5080 28).
2294 5025 2312 5058 ι
2352 5008 2409 5061 lu
2441 5005 2580 5066 nubo
2641 5017 2696 5060 et
2728 5005 2784 5060 in
2815 5006 2974 5067 mari.
3009 5023 3029 5059 ι
3064 5006 3202 5078 Quia
3230 5016 3286 5062 et
3316 5007 3481 5062 nubes
3506 4995 3731 5073 propri!"ll

607 5117 626 5150 s
665 5100 802 5154 Cum
836 5099 953 5153 sine
985 5099 1101 5168 lege
1132 5097 1226 5152 Dei
1260 5113 1368 5152 non
1405 5113 1604 5166 essem,
1636 5099 1731 5154 sed
1767 5103 1818 5154 in
1855 5101 1974 5170 lege
2016 5117 2102 5156 es—
2219 5102 2503 5158 humorem
2536 5108 2744 5167 portat.

533 5206 643 5246 sem
687 5192 914 5257 Christi,
965 5201 1024 5244 ut
1075 5189 1452 5244 lucrifacerem
1501 5206 1596 5245 eos
1664 5193 1754 5262 qui
1832 5196 1953 5248 sine
1997 5194 2116 5264 lege
2295 5207 2314 5241 r
2352 5190 2416 5252 Et
2447 5204 2638 5250 omnes
2681 5192 2926 5244 eamdem
2971 5189 3304 5260 spiritualem
3339 5205 3510 5247 escam
3543 5181 3728 5240 mandu-

531 5292 704 5337 erant.
745 5301 764 5334 ι
800 5283 1003 5337 Contra
1035 5284 1265 5336 Arianos
1293 5293 1348 5338 et
1379 5282 1758 5346 Photiuianos.
1791 5288 1933 5354 quod
1971 5288 2114 5340 Deus
2221 5290 2514 5345 caverunt,
2560 5292 2614 5334 et
2661 5297 2851 5336 omnes
2903 5282 3154 5340 eumdem
3211 5294 3396 5354 potum
3447 5277 3733 5352 spiritualem

533 5376 604 5428 sit
648 5373 922 5428 Christus.
969 5371 1140 5426 Etiam
1197 5374 1298 5426 hoc
1346 5376 1664 5440 notandum,
1719 5379 1863 5445 quod
1908 5374 2117 5436 Novum
2220 5375 2495 5430 biberunt.
2529 5392 2547 5425 ι
2587 5372 2807 5440 Manna,
2840 5376 3008 5443 ﬁgura
3038 5377 3284 5446 corporis
3313 5375 3514 5432 Christi
3541 5373 3648 5426 fuit.

532 5467 942 5521 Testamentum
979 5474 1063 5518 lex
1097 5465 1424 5540 appellatur.
1865 5461 1870 5472 ’
2297 5485 2316 5518 ‹
2362 5467 2622 5521 Bibebaut
2664 5475 2843 5521 autem
2883 5467 2952 5522 de
2993 5469 3264 5537 spirituali
3298 5472 3641 5535 consequente
3665 5469 3736 5512 eos

606 5578 625 5611 ι
657 5559 853 5614 Factus
880 5573 999 5613 sum
1024 5559 1254 5612 inﬁrmis
1282 5557 1554 5621 inﬁrmus,
1583 5567 1642 5614 ut
1667 5559 1913 5616 inﬁrmos
1947 5562 2119 5616 lucri-
2224 5570 2394 5630 petra.
2429 5577 2448 5611 ι
2479 5557 2727 5614 Ostendit
2755 5559 3066 5630 Apostolus,
3085 5563 3340 5636 quoniam
3366 5560 3573 5632 populus
3590 5553 3734 5610 lsncl.

531 5648 790 5704 facerem.
827 5668 845 5700 ι
886 5647 1114 5718 Propter
1145 5649 1391 5704 intirmos
1420 5648 1568 5703 olera
1605 5649 1960 5722 manducavi,
1990 5668 2112 5708 cum
2221 5653 2460 5722 quandiu
2505 5653 2557 5705 iu
2597 5650 2814 5706 deserto
2854 5651 2981 5718 fuit,
3012 5667 3108 5722 per
3155 5668 3315 5708 omne
3345 5653 3443 5706 iter
3475 5657 3637 5704 eorum
3659 5655 3728 5692 κ’

532 5752 762 5795 securus
795 5755 1009 5809 possem
1043 5742 1306 5795 carnibus
1343 5741 1488 5796 vesci
1525 5743 1877 5810 promiscuis.
2225 5747 2495 5810 quebatur
2536 5758 2632 5798 eos
2683 5754 2857 5813 petra.
2903 5745 3058 5800 Unde
3098 5725 3292 5814 populo
3331 5758 3450 5800 cum
3483 5736 3610 5796 omni
3635 5731 3736 5786 sub'
3867 5725 3869 5828 ξ
