3954 6194
238 342 341 414 777

1232 357 1639 426 EXPOSITIO
1677 366 1759 429 IN
1803 369 2047 433 EPIST.
2104 371 2123 430 I
2160 370 2260 431 AD
2292 368 2455 433 (10R.

3361 381 3473 453 778

233 458 555 516 stantia'sna
585 458 785 516 fluenta
817 462 1148 523 sttl‘l‘ecerunt
1182 471 1396 529 :donec
1421 479 1798 547 pervenientes
1828 494 1872 547 Α
1902 479 2143 546 parvulis
2168 493 2222 535 et
2253 484 2476 538 rudibus
2510 497 2618 538 non
2648 488 2905 556 pepercit,
2937 499 3142 559 quanto
3177 496 3347 563 magis
3375 514 3471 552 no.

230 554 281 605 in
306 563 507 607 terram
535 555 715 621 Moab,
742 569 960 626 puteum
993 562 1299 622 elfoderunt
1327 583 1614 640 aquarum,
1653 583 1796 627 terra

230 641 690 712 Repromissionis
721 649 772 702 in
801 653 1052 719 proximo
1081 657 1397 714 constituat.

307 753 328 787 ι
353 734 511 789 Petra
538 749 719 795 autem
750 751 868 796 erat
893 740 1163 799 Christus.
1191 764 1208 799 ι
1238 747 1375 814 Quia
1400 750 1654 809 Christus
1681 766 1800 812 erat

228 829 572 895 postmodum
612 840 898 886 secuturus
934 850 949 887 :
985 834 1144 904 cujus
1188 838 1414 909 figuram
1470 853 1597 900 tunc
1647 857 1800 915 petra

228 920 466 986 gerebat.
521 921 730 977 Idcirco
778 924 1001 992 pulchre
1059 929 1230 994 dixit,
1287 946 1652 1004 consequente
1703 954 1798 996 eos

226 1020 398 1079 petra.

301 1118 320 1149 ι
358 1099 460 1154 Sed
503 1116 613 1156 non
660 1104 710 1157 in
761 1107 1009 1175 pluribus
1048 1129 1237 1169 eorum
1282 1115 1678 1187 beneplacitum
1710 1130 1796 1174 est

226 1193 351 1248 Deo.
382 1193 517 1250 Nam
547 1203 805 1266 prostrati
828 1216 952 1258 sunt
978 1207 1031 1260 in
1057 1208 1291 1265 deserto.
1318 1230 1338 1263 ι
1372 1213 1450 1266 ita
1476 1228 1605 1285 ergo
1625 1223 1676 1269 et
1700 1230 1795 1269 vo-

223 1282 306 1337 bis
334 1276 458 1351 erit,
483 1287 528 1340 si
558 1302 654 1341 eos
680 1290 960 1348 volueritis
990 1300 1261 1360 peccando
1290 1300 1513 1357 imitari.

293 1392 314 1425 ι
357 1372 481 1430 Haec
513 1387 696 1434 autem
737 1381 788 1435 in
826 1383 992 1451 figura
1029 1385 1168 1441 facta
1205 1400 1332 1445 sunt
1363 1394 1558 1458 nostri,
1590 1403 1650 1449 ut
1682 1411 1787 1450 non

218 1466 391 1520 simus
433 1471 879 1537 concupiscentes
922 1476 1213 1545 malorum,
1254 1481 1398 1536 sicut
1444 1492 1499 1536 et
1547 1485 1625 1539 illi
1666 1501 1793 1542 con-

218 1559 525 1626 cupierunt.
559 1577 580 1612 ι
618 1558 755 1630 Ipsis
800 1579 926 1620 vere
973 1565 1111 1622 facta
1158 1581 1308 1638 sunt,
1344 1589 1463 1644 quae
1515 1575 1570 1629 in
1619 1578 1788 1646 ligura

216 1658 373 1702 erant
404 1657 610 1716 nostra,
654 1662 711 1706 ut
748 1654 1037 1712 timeamus
1069 1659 1192 1714 talia
1226 1677 1403 1730 agere,
1443 1681 1512 1721 ne
1544 1667 1673 1722 talia
1705 1668 1789 1724 in-

216 1752 522 1793 curramus.
552 1740 745 1797 Omnia
786 1745 951 1812 enim,
995 1763 1115 1817 quae
1157 1752 1211 1805 iit
1256 1755 1452 1822 populo
1486 1754 1652 1812 Israel
1695 1757 1786 1812 illo

1904 571 2009 635 bis,
2035 573 2127 640 qui
2165 573 2332 642 legem
2367 574 2713 643 perfectionis
2741 582 3070 651 accepimus,
3118 599 3222 639 non
3255 599 3467 657 parcet,

1902 660 1947 715 si
1982 661 2110 716 talia
2139 662 2462 720 fecerimus!

1974 769 1995 804 ι
2030 752 2087 807 ln
2117 769 2252 824 quos
2280 759 2414 812 lines
2444 760 2764 815 saeculorum
2801 762 3152 823 devenerunt.
3189 787 3207 820 ι
3242 770 3299 824 lu
3326 788 3466 842 quos

1902 850 2012 898 tota
2044 853 2343 913 temporum
2378 850 2636 918 perfectio
2666 855 2995 911 decucurrit.

1975 952 1994 984 ι
2028 933 2213 1004 Itaque
2242 938 2333 1006 qui
2357 952 2415 992 se
2444 940 2716 995 existimat
2738 954 2903 1009 stare,
2926 948 3104 1005 vldeat
3127 966 3199 1008 ne
3226 957 3407 1009 cadat.
3440 976 3460 1009 ι

1898 1020 2091 1078 Videat
2154 1042 2221 1082 ne
2270 1043 2365 1097 per
2412 1032 2513 1086 hoc
2564 1034 2739 1101 ipsum
2791 1037 2982 1102 cadat,
3027 1046 3172 1110 quod
3210 1059 3270 1100 se
3317 1056 3467 1103 stare

1898 1114 2126 1170 firmiter
2152 1120 2457 1186 gloriatur;
2489 1127 2625 1191 sive,
2660 1128 2837 1183 videat
2863 1146 2932 1184 ne
2960 1132 3196 1189 fallatur.

1970 1224 1989 1256 ι
2025 1207 2272 1265 Tcntatio
2306 1229 2398 1268 vos
2429 1232 2534 1269 non
2567 1222 2959 1288 apprehendat,
3000 1226 3100 1279 nisi
3141 1230 3395 1284 humana.
3438 1251 3458 1283 ι

1894 1294 2010 1352 Non
2061 1302 2213 1355 vobis
2266 1306 2410 1358 venit
2462 1310 2806 1367 extrinsecus
2856 1313 2957 1368 ista
3010 1319 3260 1384 tentatio,
3301 1338 3461 1391 quant

1892 1388 2047 1445 vobis
2082 1400 2273 1458 sponte
2310 1401 2616 1464 generatis;
2663 1416 2823 1470 quam
2870 1406 3033 1459 etiam
3081 1410 3125 1462 si
3176 1416 3460 1467 tormentis

1891 1482 2253 1551 cogeremini,
2308 1489 2595 1543 admittere
2654 1507 2758 1546 non
2820 1494 3113 1555 deberetis.
3175 1502 3287 1559 Hoc
3338 1505 3463 1559 ideo

1888 1570 2040 1637 dicit,
2085 1576 2211 1643 quia
2261 1588 2562 1647 spontanea
2620 1582 2918 1654 voluntate,
2965 1588 3240 1648 immolata
3295 1596 3457 1651 idolis

1889 1666 2307 1723 manducahant.

1962 1774 1982 1808 ι
2025 1755 2223 1814 Fidelis
2271 1769 2448 1816 autem
2492 1761 2632 1818 Deus
2677 1774 2783 1833 est,
2818 1771 2911 1839 qui
2951 1786 3056 1828 non
3092 1776 3328 1842 patietur
3362 1795 3458 1835 vos

218 1836 455 1896 tempore
492 1829 634 1886 facta
677 1843 806 1889 sunt
840 1836 894 1890 in
929 1839 1123 1908 lignra,
1152 1859 1295 1899 nunc
1324 1845 1379 1899 in
1416 1846 1575 1903 nobis
1604 1849 1656 1903 in
1689 1863 1783 1903 ve-
1815 1847 1857 1903 Β
1887 1849 2080 1902 tentari
2117 1864 2279 1920 supra
2320 1851 2371 1906 id
2415 1853 2560 1922 quod
2604 1861 2854 1922 potestis.
2892 1880 2911 1913 ι
2950 1863 3050 1929 Qui
3084 1880 3145 1920 se
3183 1869 3460 1938 pollicitus

215 1919 377 1973 ritate
426 1922 793 1980 celebrantur.
842 1925 994 1984 Sient
1035 1933 1185 1986 enim
1222 1934 1297 1989 illi
1331 1950 1427 2004 per
1460 1937 1677 2017 Moysen
1713 1955 1780 1996 ea

213 2002 446 2075 Egypto
478 2008 689 2064 liberati
719 2021 887 2069 sunt:
912 2016 994 2072 sic
1022 2033 1123 2075 nos
1154 2036 1249 2090 per
1273 2002 1577 2093 quemlibet
1599 2044 1780 2084 sacer-

214 2096 415 2162 dotem,
450 2100 531 2152 vel
571 2103 844 2160 doctorem
878 2109 945 2163 de
977 2113 1176 2167 saeculo
1223 2112 1547 2172 liberamur.
1581 2118 1784 2178 Deinde

210 2184 505 2243 Christiani
538 2190 688 2262 facti,
717 2194 969 2256 ducimur
1001 2212 1096 2268 per
1123 2203 1335 2258 deserta
1361 2220 1378 2271 ;
1413 2214 1472 2260 ut
1501 2221 1594 2276 per
1619 2223 1780 2265 exer-

210 2279 399 2332 citium
430 2292 770 2353 contemptus
798 2290 982 2344 mundi
1007 2300 1061 2345 et
1086 2275 1450 2364 abstinentia),
1476 2275 1528 2355 in
1553 2300 1784 2357 obllvio-

212 2384 337 2423 nem
370 2374 528 2428 nobis
557 2386 712 2430 erant
738 2376 957 2450 IEgypti
993 2384 1290 2455 voluptates
1318 2403 1334 2443 :
1368 2390 1438 2442 ita
1476 2398 1533 2444 ut
1566 2393 1778 2448 nescia-

211 2476 334 2514 mus
357 2463 422 2515 ad
444 2464 697 2520 saeculum
727 2472 1007 2538 repedare.
1032 2472 1166 2530 Cum
1190 2492 1321 2533 vero
1345 2479 1599 2551 baptismi
1629 2499 1780 2540 mare

211 2552 528 2619 transimus,
560 2564 690 2610 tunc
719 2560 877 2615 nobis
919 2562 1168 2621 diabolus
1210 2583 1335 2623 cum
1377 2585 1476 2625 suo
1510 2575 1775 2643 exercitu,

210 2648 467 2711 tanquam
507 2645 719 2703 Pharao
760 2651 1111 2723 demergitur.
1152 2657 1355 2716 Deinde
1395 2679 1589 2719 manna
1623 2667 1776 2723 ciba-

206 2749 353 2803 umr,
376 2747 429 2790 et
460 2747 640 2807 potum
668 2743 966 2814 accipimus
995 2749 1061 2803 de
1085 2749 1288 2808 Christi
1316 2754 1484 2812 latere
1515 2772 1779 2817 emanan-

204 2834 337 2879 tem.
379 2828 610 2886 Claritas
658 2847 874 2905 quoque
920 2840 1166 2898 scientia:
1212 2851 1471 2918 tanquam
1517 2851 1774 2909 columna

202 2916 367 2983 ignis,
406 2920 460 2973 in
496 2932 652 2977 nocte
681 2928 863 2983 saeculi
903 2916 1341 3004 demonstratur,
1360 2948 1415 2995 et
1446 2941 1501 2995 in
1549 2944 1776 3000 tribula-

200 3006 369 3063 tionis
400 3023 557 3078 a'stu,
589 3015 788 3070 divina:
821 3022 1212 3081 consolationis
1239 3029 1379 3083 nube
1409 3036 1771 3102 protegimur.

196 3095 332 3154 Post
376 3117 495 3170 qua:
536 3107 715 3161 omnia
756 3109 804 3163 si
848 3117 1279 3182 peccaverimus.
1311 3119 1415 3176 ista
1456 3126 1611 3183 nobis
1656 3127 1770 3183 sola

196 3191 485 3261 sullragari
516 3211 621 3250 non
649 3211 946 3269 poterunt;
977 3205 1118 3261 sicut
1145 3217 1199 3263 et
1230 3211 1297 3265 ad
1334 3211 1593 3273 Hebraeos
1635 3218 1773 3274 dici-

196 3288 288 3332 tur
318 3298 337 3337 :
365 3282 587 3340 Irritam
614 3293 730 3354 quis
763 3291 965 3361 faciens
1005 3295 1170 3366 legem
1204 3300 1401 3373 Moysi,
1433 3306 1637 3362 duobus
1674 3321 1769 3364 aut

192 3374 365 3425 tribus
388 3379 627 3443 testibus,
646 3381 758 3435 sine
779 3382 890 3438 ulla
910 3387 1246 3445 miseratione
1262 3396 1488 3461 punitur
1505 3411 1525 3450 :
1550 3396 1769 3463 Quanto

189 3466 364 3534 magis
390 3470 587 3536 putatis
621 3472 882 3528 deteriora
909 3480 1096 3534 mereri
1129 3483 1408 3553 supplicia,
1436 3491 1526 3558 qui
1560 3488 1765 3546 Filium

191 3553 294 3608 Dei
321 3562 698 3615 conculcaverit
718 3563 745 3616 ?
770 3575 824 3618 et
854 3581 1048 3622 caetera
1073 3570 1255 3640 (Hebr.
1287 3591 1343 3640 ι,
1368 3553 1460 3642 28,
1486 3579 1605 3650 29).

268 3664 289 3696 ι
330 3648 511 3717 Neque
556 3654 856 3711 idololatrae
899 3658 1230 3731 eﬂiciamini,
1269 3668 1411 3723 sicut
1440 3648 1657 3739 quidam
1698 3689 1766 3729 ex

186 3737 369 3804 ipsis;
403 3744 857 3808 quemadmodum
887 3749 1151 3820 scriptum
1188 3764 1274 3810 est
1304 3769 1324 3810 :
1353 3737 1507 3813 Sedit
1537 3764 1767 3831 populus

183 3832 524 3887 manducare
554 3845 609 3889 ct
643 3836 852 3905 bibere,
887 3851 943 3895 et
989 3854 1346 3901 surrexerunt
1390 3848 1599 3907 ludere.
1634 3869 1655 3903 ι
1705 3853 1761 3906 ln

182 3920 362 3978 idolio
389 3927 819 3984 recumbentium
842 3945 1014 4001 usque
1037 3934 1174 3991 adeo
1197 3937 1472 4007 negotium
1500 3956 1759 4013 aggrava-

178 4014 288 4080 vit,
323 4025 381 4070 ut
406 4018 524 4072 illos
555 4020 864 4079 idololatras
890 4024 1061 4082 fuisse
1087 4028 1331 4087 deﬁniat.
1656 4096 1673 4121 I

258 4124 282 4157 ι
326 4103 507 4175 Neque
535 4108 891 4179 fornicemur,
919 4115 1060 4171 sicut
1088 4120 1308 4187 quidam
1337 4135 1404 4177 ex
1431 4123 1567 4194 ipsis
1588 4103 1761 4181 forni-

175 4196 296 4250 cati
330 4207 478 4263 sunt,
500 4210 553 4254 et
573 4201 887 4258 ceciderunt
916 4220 1026 4262 una
1046 4208 1135 4265 die
1160 4212 1350 4280 viginti
1377 4215 1483 4269 tria
1512 4217 1701 4271 millia.
1736 4239 1756 4272 ι

174 4285 496 4346 Notandum
532 4291 677 4362 quod
729 4310 835 4351 non
882 4298 1063 4355 solum
1107 4301 1408 4362 idololatraa
1451 4310 1634 4378 perire
1679 4313 1761 4365 di-

172 4389 354 4437 cantu
363 4397 409 4440 Ιό

252 4489 277 4523 ι
325 4470 509 4542 Neque
556 4482 829 4533 tentemns
866 4479 1165 4551 Christum,
1206 4484 1352 4543 sicut
1393 4491 1611 4560 quidam
1655 4510 1753 4550 eo-

163 4577 331 4618 rum.
355 4582 375 4615 ι
405 4565 473 4619 Ει
497 4566 585 4622 hic
608 4569 859 4627 Christus
885 4573 1032 4629 Deus
1054 4578 1401 4647 ostenditur;
1425 4584 1554 4652 quia
1582 4586 1753 4643 Deum

161 4656 388 4711 dixisse
412 4655 641 4726 legimus
672 4677 687 4715 :
720 4659 1072 4721 Tentaverunt
1101 4684 1183 4723 me
1208 4666 1379 4726 decies
1407 4672 1605 4745 (Nunt.
1638 4692 1751 4744 XIV,

159 4748 300 4817 22}.

254 4858 276 4890 ι
315 4837 708 4911 Tentaverunt,
745 4855 800 4901 et
830 4860 861 4901 a
892 4850 1242 4920 serpentibus
1270 4854 1566 4923 perierunt.
1605 4877 1625 4911 ι
1666 4859 1755 4915 Di-

156 4940 369 4986 centes
396 4949 411 4986 :
444 4932 700 5005 Nunquid
732 4948 899 5006 potest
924 4938 1069 4995 Deus
1092 4956 1289 5010 parare
1316 4961 1549 5003 mensam
1579 4952 1633 5005 in
1661 4952 1753 5006 de-

153 5035 321 5078 serto
345 5021 520 5093 (Psal.
548 5041 756 5094 sum,
791 5029 921 5100 l9)?

246 5133 271 5165 ι
302 5112 489 5183 Neque
536 5124 1038 5190 murmuraveritis,
1086 5127 1228 5182 sicut
1275 5130 1497 5199 quidam
1553 5148 1746 5189 eorum

150 5215 659 5261 murmur-atterunt
685 5223 702 5261 :
730 5218 789 5264 et
835 5212 1117 5278 perierunt
1145 5218 1213 5271 ab
1242 5221 1687 5278 exterminatore.
1721 5243 1742 5277 ι

148 5293 221 5349 In
264 5293 715 5355 tribulationibus
740 5313 962 5372 propter
990 5305 1289 5386 Christum.

236 5402 263 5439 ι
308 5384 436 5442 llaec
461 5399 642 5447 autem
668 5395 852 5448 omnia
879 5396 933 5452 in
964 5384 1136 5469 ﬁgura
1170 5403 1559 5475 contingebant
1587 5406 1691 5463 illis
1724 5423 1739 5462 :

143 5478 379 5548 scripta
430 5492 557 5538 sunt
602 5495 783 5542 autem
831 5489 899 5544 ad
948 5495 1344 5563 correptionem
1404 5494 1667 5557 nostram.
1718 5519 1737 5552 ι

137 5572 365 5628 Omnia
404 5587 524 5642 qua
567 5576 675 5632 illis
718 5581 1087 5652 contigerunt,
1124 5588 1421 5645 secundum
1459 5590 1602 5647 l‘acta
1642 5610 1740 5651 sna

138 5665 388 5736 quidem
435 5679 799 5738 receperunt;
850 5676 944 5728 sed
977 5685 1158 5733 tamen
1201 5680 1322 5737 ideo
1355 5686 1558 5754 scripta
1592 5699 1739 5753 sunt,

133 5770 221 5812 ne
280 5769 383 5811 nos
422 5766 675 5828 putemus
723 5764 939 5831 impune
987 5781 1241 5834 peccare.
1281 5770 1337 5827 Si
1370 5775 1513 5831 enim
1557 5780 1737 5836 adhuc

567 5856 837 5922 PATROL.
894 5864 939 5923 Χ
954 5863 1097 5925 XX.

1883 1946 1968 1993 est
2017 1941 2100 1996 sui
2158 1943 2393 2000 nominis
2441 1960 2604 2003 causa
2667 1951 3067 2012 tribulationem
3120 1961 3459 2029 patientibus

1884 2027 2196 2097 affuturum,
2227 2043 2286 2088 ut
2316 2034 2387 2088 ibi
2419 2052 2434 2089 :
2464 2035 2649 2093 Multa:
2686 2043 3047 2102 tribulationes
3070 2027 3368 2120 fastorum,
3406 2068 3460 2111 et

1883 2129 2073 2175 cmtera
2107 2122 2275 2192 (Psal.
2310 2141 2501 2195 sunt,
2530 2128 2647 2200 20).

1957 2230 1976 2263 ι
2019 2211 2127 2268 Sed
2159 2215 2320 2271 faciet
2349 2222 2667 2279 etiam'cum
2698 2229 2994 2285 tentatione
3019 2242 3371 2302 proventum,
3398 2249 3458 2291 ut

1881 2303 2104 2371 possitis
2137 2308 2426 2365 sustinere.
2466 2329 2487 2364 ι
2526 2310 2643 2369 Non
2675 2318 2992 2388 ampliorem
3037 2324 3188 2379 vobis
3223 2326 3457 2381 tribula-

1881 2395 2080 2450 tionem
2111 2397 2296 2453 venire
2326 2401 2584 2470 patietur,
2614 2421 2779 2475 quam
2809 2414 3083 2470 sustinere
3111 2416 3359 2486 possitis.

1953 2499 1975 2535 ι
2015 2483 2243 2557 Propter
2283 2493 2447 2557 quod,
2480 2495 2783 2553 charissimi
2834 2504 2988 2569 mihi,
3017 2483 3188 2577 fugite
3223 2511 3301 2565 ab
3337 2511 3453 2566 ido-

1880 2572 2054 2631 lorum
2111 2580 2342 2637 cultura.
2402 2583 2472 2640 Ut
2529 2591 2886 2656 prudentibus
2944 2572 3160 2668 loquor,
3195 2615 3293 2658 vos
3346 2603 3452 2673 ipsi

1874 2665 2134 2736 judicate,
2157 2673 2298 2741 quod
2323 2672 2465 2730 dico.
2504 2696 2523 2729 ι
2559 2676 2786 2751 Propter
2808 2665 3167 2763 omnia,’qua
3195 2665 3453 2765 superius

1878 2764 2285 2830 comprehendi.

1953 2872 1973 2905 ι
2012 2852 2164 2910 Calix
2211 2858 2638 2928 benedictionis,
2689 2867 2776 2921 cui
2829 2868 3220 2933 benedicimus.
3255 2895 3278 2932 ι
3319 2879 3448 2941 Ideo

1880 2947 2112 3014 primum
2142 2950 2365 3006 calicem
2393 2955 2711 3025 nominavit,
2740 2957 2797 3014 ut
2823 2965 2994 3030 possit
3019 2967 3087 3023 de
3112 2983 3251 3037 pane
3278 2972 3450 3032 latius

1878 3039 2172 3107 disputare.
2786 3109 2797 3121 ,

1952 3147 1971 3182 ι
2007 3129 2197 3188 Nonne
2236 3139 2661 3196 communicatio
2699 3150 2978 3216 sanguinis
3013 3150 3216 3209 Christi
3257 3159 3383 3213 est?
3419 3179 3441 3214 ο

1879 3218 2033 3277 Sicut
2078 3224 2191 3294 ipse
2238 3227 2488 3285 Salvator
2533 3233 2712 3293 dicit:
2750 3239 2856 3303 Qui
2902 3242 3187 3299 manducet
3231 3252 3445 3304 corneus

1873 3330 2062 3380 meam,
2100 3328 2147 3370 et
2192 3317 2321 3373 bibit
2368 3324 2678 3393 sanguinem
2723 3342 2914 3397 meum,
2949 3335 3004 3387 in
3048 3349 3129 3390 me
3164 3350 3362 3406 manet,
3390 3351 3443 3397 et

1870 3420 1964 3477 ego
1991 3409 2043 3461 in
2066 3424 2124 3463 eo
2158 3409 2339 3482 (Joan.
2374 3430 2445 3481 vt,
2475 3416 2589 3489 57).

1946 3516 1967 3551 ι
2005 3497 2072 3553 Et
2114 3503 2271 3570 panis
2310 3520 2473 3575 quem
2515 3509 2837 3584 frangimus,
2875 3531 3053 3575 nonne
3096 3521 3443 3594 participatio

1869 3592 2114 3660 corporis
2150 3594 2361 3652 Domini
2387 3602 2512 3655 est?
2539 3601 2804 3669 Quoniam
2835 3616 2971 3664 unus
3002 3613 3160 3679 panis
3187 3623 3247 3669 et
3275 3592 3441 3671 unum

1868 3696 2066 3753 corpus
2123 3687 2276 3742 multi
2327 3704 2536 3748 sumus.
2579 3713 2599 3747 ι
2654 3696 2730 3751 lta
2785 3712 2839 3754 et
2889 3703 3045 3771 panis
3097 3705 3439 3775 idololatriae,

1867 3773 2171 3833 daemonum
2200 3782 2546 3853 participatio
2577 3802 2699 3844 esse
2727 3803 3080 3850 monstratur.

1942 3885 1962 3919 ι
2000 3868 2202 3925 Omnes
2240 3874 2459 3943 quidem
2492 3878 2560 3933 de
2588 3894 2697 3935 uno
2739 3896 2877 3951 pane
2932 3895 2987 3939 et
3024 3889 3091 3942 de
3124 3904 3232 3943 uno
3266 3891 3440 3948 calice

1865 3959 2274 4029 participamus.
2308 3984 2326 4017 ι
2366 3966 2445 4022 lta
2478 3970 2523 4024 si
2557 3985 2676 4024 cum
2722 3972 3029 4033 idololatria
3058 3978 3126 4035 de
3156 3997 3267 4037 uno
3299 3998 3442 4055 pane

1864 4055 2216 4123 comedimus,
2246 4074 2412 4115 unum
2442 4077 2564 4117 cum
2599 4063 2709 4121 illis
2739 4082 2935 4138 corpus
2966 4069 3258 4130 efﬁcimur.

1940 4165 1961 4200 ι
2010 4146 2195 4206 Videte
2240 4150 2408 4209 Israel
2458 4157 2757 4212 secundum
2816 4176 3060 4219 carnem.
3109 4183 3131 4219 ι
3189 4166 3440 4226 Carnalis

1861 4236 2048 4308 Israel,
2079 4242 2322 4298 carnales
2361 4244 2570 4303 hostias
2599 4245 2858 4307 oll'erebat
2890 4269 2905 4308 :
2936 4254 3077 4310 sicut
3109 4257 3436 4328 spiritualts,

1861 4331 2131 4389 sacriﬁcia
2179 4336 2483 4407 spiritualia
2522 4336 2680 4398 oﬂert
2725 4344 2960 4405 Christo.
3009 4349 3145 4406 Item
3186 4352 3309 4409 ideo
3346 4370 3435 4411 sec

1861 4426 2098 4478 cundum
2132 4439 2374 4495 carnem,
2403 4432 2546 4502 quod
2574 4433 2726 4504 juxta
2759 4436 2993 4494 litteram
3026 4456 3133 4498 non
3172 4445 3436 4513 spiritua-

1785 4508 1831 4568 D
1855 4511 1983 4568 liter
2016 4517 2345 4575 servierunt.
2629 4538 2633 4543 '

1938 4625 1960 4660 ι
1993 4606 2185 4666 Nonne
2208 4613 2299 4681 qui
2337 4615 2506 4669 edunt
2537 4614 2766 4684 hostias,
2801 4623 3095 4697 participes
3127 4643 3256 4684 sunt
3289 4631 3431 4687 alta-

1862 4698 2007 4755 ιὶεἳι
2062 4699 2216 4755 Sicut
2266 4703 2341 4757 illi
2371 4705 2595 4764 edentes
2631 4711 2850 4780 hostias,
2892 4718 3185 4789 participes
3231 4724 3431 4779 fiebant

1855 4786 2024 4842 divini
2054 4788 2241 4846 altaris
2269 4808 2283 4845 :
2320 4793 2392 4847 ita
2428 4794 2514 4849 isti
2549 4789 2804 4855 similiter
2836 4786 3130 4862 idolorum.

1933 4896 1951 4930 ι
1988 4878 2129 4946 Quid
2183 4884 2350 4952 ergo?
2397 4883 2528 4940 Dico
2572 4889 2713 4954 quod
2768 4891 2923 4948 idolis
2976 4895 3312 4953 immolatum
3358 4900 3430 4954 sit

1853 4971 2078 5040 aliquid,
2114 4986 2207 5029 aut
2243 4977 2388 5045 quod
2422 4977 2623 5033 idolum
2658 4981 2727 5033 sit
2757 4982 3000 5054 aliquid?
3031 4988 3137 5043 Sed
3171 5004 3293 5057 qua:
3329 4988 3434 5044 int--

1852 5058 2058 5114 molaut
2102 5073 2311 5130 gentes,
2350 5066 2632 5124 daemoniis
2685 5069 2997 5141 immolant,
3031 5085 3087 5132 et
3133 5094 3241 5134 non
3294 5078 3425 5135 Der.

1851 5144 1985 5203 Nolo
2023 5161 2201 5205 autem
2247 5169 2344 5209 vos
2385 5157 2564 5213 socios
2608 5159 2722 5215 ﬂeri
2768 5163 3177 5222 daemoniorum.
3216 5188 3236 5221 ι
3276 5170 3426 5225 Prec-

1848 5238 2015 5305 venit,
2057 5256 2123 5295 ne
2173 5245 2295 5311 quis
2349 5245 2601 5315 diceret:
2640 5249 2783 5322 Ergo
2834 5254 2972 5308 dicis
3021 5257 3129 5311 vim
3184 5259 3422 5331 aliquam

1850 5327 2049 5384 habere
2089 5331 2313 5400 idolum,
2358 5337 2440 5392 vel
2489 5354 2648 5409 posse
2705 5344 2986 5412 polluere?
3031 5346 3174 5419 Non,
3223 5327 3423 5424 inquit,

1847 5420 2049 5475 idolum
2083 5423 2403 5483 insensibile
2439 5431 2652 5499 polluit,
2685 5436 2779 5489 sed
2820 5435 3116 5506 daemones,
3149 5443 3241 5513 qui
3286 5420 3427 5501 ίθιιιέ

1847 5512 1949 5581 plis
2002 5517 2293 5584 prmaident
2347 5522 2417 5575 ad
2475 5526 2719 5582 homines
2778 5528 3177 5602 depravandos,
3229 5548 3284 5592 et
3320 5554 3424 5595 sua

1844 5605 2070 5660 servitio
2114 5612 2289 5664 manci
2298 5614 2526 5681 pandos.

1917 5709 1938 5744 ι
1974 5694 2089 5750 Νοιι
2118 5702 2345 5768 pateStis
2368 5706 2591 5761 calicem
2624 5709 2834 5768 Domini
2866 5714 3078 5783 bibere,
3107 5730 3159 5774 et
3192 5722 3421 5777 calicem

1843 5781 2254 5844 dtemoniorum.
2296 5789 2412 5847 Non
2464 5800 2691 5865 potestis
2741 5818 2944 5860 menste
2998 5807 3206 5864 [lumini
3252 5821 3425 5881 paru-

3049 5905 3123 5966 ‘23
