3956 6196
243 380 348 446 781

1254 377 1665 439 EXPOSITIO
1705 375 1783 435 ΙΝ
1822 372 2063 435 EPIS’I‘.
2110 373 2135 433 Ι
2179 365 2279 433 AD
2317 368 2487 431 COR.

3396 357 3502 423 782

245 506 389 562 erat,
417 494 510 555 sed
540 493 702 553 etiam
735 492 1186 561 concupiscentia:
1231 491 1470 549 fomenta
1502 490 1816 563 praestabat.
1849 494 1896 552 Α
1924 486 2190 543 Ραενειιὶι
2218 484 2369 547 illos,
2424 496 2494 537 ne
2527 481 2650 550 quis
2671 478 2878 535 diceret
2914 491 2929 532 :
2962 475 3052 531 ubi
3082 473 3343 547 scripturn
3373 486 3457 533 est
3479 475 3505 528 2

247 590 346 645 \‘ir
372 602 504 659 ergo
539 596 596 643 ut
622 587 778 651 liber,
809 600 917 639 non
948 584 1113 640 debet
1141 585 1345 641 habere
1376 582 1818 652 velatnen,cujus

242 689 409 749 caput
442 689 525 732 est
553 675 827 735 Christus.
862 674 1053 730 Mulier
1085 689 1216 737 vero
1268 674 1432 733 debet
1471 690 1593 729 esse
1620 672 1822 735 velata.

244 784 305 823 ut
328 770 644 825 ostendatur
691 767 817 836 quia
839 768 999 827 debet
1044 779 1165 822 esse
1214 766 1437 822 humilis
1466 773 1520 820 et
1552 764 1818 832 subjecta.

323 880 344 915 ι
389 861 576 917 Omnis
606 874 785 913 autem
834 858 1028 913 mulier
1092 872 1283 922 orans,
1332 864 1427 915 ant
1485 855 1824 927 prophetaus

246 971 358 1010 non
408 956 586 1009 velato
643 952 841 1021 capite,
889 952 1146 1021 deturpat
1197 957 1363 1019 caput
1411 962 1594 1005 suum.
1639 943 1819 1005 Unum

243 1049 392 1102 enim
412 1056 516 1109 est,
551 1060 615 1109 ac
640 1043 683 1099 si
721 1041 1048 1105 deralvetnr.
1083 1040 1215 1097 Nam
1253 1041 1297 1095 si
1332 1054 1438 1099 non
1467 1038 1679 1093 velatur
1705 1051 1823 1091 mu-

247 1139 369 1202 lier,
399 1137 707 1193 tondeatur.
739 1131 794 1187 Si
854 1147 985 1186 vero
1016 1140 1174 1202 turpe
1202 1136 1285 1189 est
1339 1127 1551 1182 mulieri
1585 1123 1821 1191 tonderi,

245 1224 651 1288 autdet-aimri,
676 1222 818 1276 velet
863 1230 1024 1291 eaput
1047 1235 1226 1275 suum.
1262 1237 1281 1272 ι
1319 1216 1375 1272 In
1409 1232 1508 1273 suo
1531 1230 1687 1282 sexu,
1722 1222 1822 1269 aut

248 1318 303 1371 in
331 1320 512 1371 domo.

326 1426 347 1459 ι
387 1408 476 1460 Vir
503 1405 721 1474 quidem
774 1419 881 1457 non
942 1403 1099 1459 debet
1129 1401 1308 1456 velare
1364 1409 1529 1475 caput
1583 1413 1765 1454 suum.
1798 1414 1816 1447 ι

252 1500 397 1571 Ergo
431 1513 533 1554 nec
560 1512 769 1552 contain
813 1494 1043 1549 nutrire.

328 1613 347 1645 ι
380 1591 642 1659 Quoniam
666 1590 844 1655 imago
868 1596 922 1643 et
950 1586 1120 1655 gloria
1150 1585 1242 1640 Dei
1266 1595 1347 1638 est
1376 1601 1390 1638 :
1421 1582 1618 1639 Mulier
1643 1593 1822 1637 autem

247 1686 419 1760 gleria
455 1684 553 1739 viri
581 1690 684 1751 est.
723 1700 743 1734 ι
782 1678 878 1734 Vir
904 1680 969 1741 ad
1011 1678 1301 1750 imaginem
1335 1676 1431 1733 Dei
1469 1678 1648 1733 factus
1695 1684 1777 1731 est
1807 1690 1824 1729 :

248 1793 304 1836 et
336 1779 538 1835 idcirco
570 1777 708 1841 liber
742 1782 847 1828 est.
902 1770 1096 1825 Mulier
1128 1785 1257 1827 vero
1290 1771 1357 1824 ad
1394 1770 1494 1827 viri
1528 1766 1825 1824 simiitudi-

252 1889 375 1929 nem
404 1883 485 1925 est
516 1870 742 1925 formata
774 1884 788 1920 :
819 1864 961 1920 unde
996 1862 1220 1934 jubetur
1252 1854 1373 1918 esse
1417 1862 1680 1933 subjecta.

332 1984 352 2019 ι
392 1962 507 2019 Non
565 1959 709 2019 enim
744 1961 824 2013 vir
884 1973 950 2012 ex
977 1958 1203 2017 muliere
1257 1966 1360 2019 est,
1391 1956 1483 2010 sed
1539 1954 1734 2008 mulier
1759 1969 1825 2009 ex

251 2058 389 2113 viro.
431 2074 449 2107 ι
487 2052 561 2107 Ex
596 2060 744 2107 costa
776 2049 980 2104 scilicet
1030 2048 1154 2101 viri.

331 2168 352 2199 s
399 2144 607 2201 Etenim
634 2157 740 2196 non
772 2150 857 2195 est
880 2146 1096 2194 creatus
1131 2137 1211 2190 vir
1243 2145 1466 2206 propter
1520 2133 1826 2195 mulierem,

254 2242 351 2299 sed
381 2240 573 2296 mulier
616 2244 835 2307 prapter
864 2232 1062 2286 virum.
1101 2248 1120 2283 ι
1156 2227 1250 2284 Vir
1306 2237 1529 2298 propter
1588 2227 1826 2299 seipsum

258 2336 433 2390 tactus
471 2339 572 2401 est,
606 2328 802 2391 mulier
836 2341 963 2382 vero
989 2326 1054 2378 ad
1092 2324 1191 2383 viri
1255 2323 1589 2392 adiutorium
1646 2329 1826 2375 errata

254 2440 363 2485 εει.

330 2533 350 2569 ι
386 2515 510 2570 ideo
533 2512 694 2569 debet
726 2501 918 2564 mtilier
968 2504 1217 2562 velamen
1244 2504 1449 2559 habere
1481 2515 1644 2573 super
1667 2509 1830 2570 caput

255 2626 439 2667 suum.
476 2626 499 2662 ι
526 2605 785 2665 Velamen
818 2601 1029 2672 signum
1056 2596 1348 2675 potestatis
1380 2609 1504 2652 esse
1565 2594 1827 2648 declarat.

333 2719 354 2753 ι
388 2699 454 2753 Et
474 2706 691 2769 propter
750 2693 988 2764 angelos.
1029 2709 1048 2743 ι
1082 2690 1219 2745 item
1276 2687 1516 2747 bocloco
1578 2684 1823 2753 angelos,

254 2793 514 2850 Ecclesiis
567 2789 918 2861 praesidentes
1003 2783 1181 2839 dicit:
1236 2782 1381 2838 sicut
1419 2788 1473 2834 ct
1531 2778 1828 2833 llalacltias

250 2886 517 2957 propheta
537 2890 785 2942 testatur,
805 2874 1139 2931 sacerdotem
1160 2874 1411 2947 angelum
1431 2886 1573 2939 esse,
1596 2872 1786 2927 dicens
1810 2888 1824 2926 :

250 2979 422 3036 Labia
464 2978 602 3032 enim
650 2973 933 3028 sacerdotis
956 2971 1261 3025 custodiunt
1316 2970 1614 3022 scientiam.
1652 2965 1719 3021 Et
1752 2968 1828 3025 le-

250 3087 366 3144 gent
398 3069 657 3139 requirent
687 3079 751 3118 ea:
771 3079 861 3117 ore
882 3062 1017 3131 ejus,
1043 3062 1169 3131 quia
1193 3058 1414 3130 angelus
1444 3058 1655 3112 Domini
1680 3075 1832 3113 exer-

256 3168 458 3220 cituum
505 3171 603 3215 est.
663 3158 923 3229 (Malarlt.
957 3172 1015 3225 It,
1047 3155 1128 3225 7).
1161 3153 1287 3209 Sive
1323 3168 1448 3209 vere
1483 3165 1699 3225 propter
1733 3155 1829 3208 ho-

256 3271 446 3312 norem
483 3253 819 3325 angclorutn,
845 3249 936 3319 qui
963 3246 1218 3302 Ecclesiae.
1246 3245 1504 3299 assistere
1531 3246 1820 3315 perhiben-

255 3358 366 3404 tur.
642 3334 649 3339 ’

328 3459 350 3493 s
391 3437 768 3493 Verumtamen
821 3446 996 3502 neque
1053 3446 1137 3484 vtr
1197 3446 1317 3484 stne
1351 3444 1601 3493 munere,
1643 3441 1824 3498 neque

254 3532 447 3588 mulier
467 3531 583 3587 sine
620 3529 736 3582 viro
796 3527 849 3582 in
889 3523 1141 3579 Domino.
1180 3542 1199 3575 ι
1231 3523 1552 3578 Consolatur
1585 3523 1728 3588 illas,
1756 3537 1826 3578 ne

253 3626 483 3681 nimium
511 3635 603 3677 eas
628 3630 888 3692 gravasse
909 3615 1161 3670 videatur
1195 3630 1211 3670 :
1239 3623 1294 3669 et
1324 3627 1425 3668 nec
1452 3611 1533 3665 vir
1562 3612 1681 3667 sine
1704 3627 1826 3679 mu-

254 3721 387 3773 lsere
419 3722 595 3783 potest
631 3708 799 3775 nasci,
832 3722 933 3764 nec
964 3705 1159 3761 mulier
1193 3703 1313 3759 sine
1347 3705 1484 3757 viro.

346 3827 368 3861 ι
389 3806 521 3862 Nam
574 3804 715 3861 sicut
737 3800 928 3856 mulier
959 3801 1025 3855 de
1062 3798 1199 3865 viro,
1234 3798 1308 3852 ita
1329 3806 1385 3851 et
1409 3797 1491 3850 vir
1521 3808 1619 3864 per
1643 3792 1830 3848 mulie-

255 3918 394 3959 rem.
438 3919 459 3953 ι
492 3897 607 3953 Hoc
633 3905 717 3952 est
762 3896 818 3949 iu
871 3892 1163 3964 principio.
1191 3890 1378 3945 Potest
1435 3896 1492 3944 et
1532 3887 1608 3942 ita
1668 3885 1778 3942 dici
1812 3902 1828 3942 ι

255 3993 413 4047 Sicut
436 3989 546 4044 Eva
581 4004 646 4044 es
682 3987 881 4054 Adam,
913 3986 988 4040 ita
1014 3983 1313 4039 secundum
1350 3982 1647 4049 hominem,
1672 3981 1831 4039 Chri-

251 4096 376 4141 stus
406 4099 472 4138 ει
505 4081 696 4139 Maria.

331 4196 353 4228 s
387 4175 583 4231 Omnia
611 4184 792 4227 autem
820 4186 887 4228 ex
920 4169 1050 4226 Deo.
1086 4189 1105 4224 ι
1136 4168 1340 4227 Contra
1362 4167 1715 4236 Manichaes,
1740 4170 1829 4241 qui

254 4278 460 4341 negant
490 4281 710 4324 carnem
747 4263 943 4320 factam
976 4278 1006 4317 a
1031 4262 1159 4318 Deo.

334 4378 359 4414 ι
397 4360 502 4415 Vos
526 4358 629 4429 ipsi
668 4357 907 4427 jndicate
932 4372 948 4409 :
974 4356 1126 4409 decet
1154 4352 1437 4409 mulierem
1463 4371 1572 4417 non
1599 4357 1831 4419 velatam

253 4467 418 4511 orare
444 4451 637 4506 Deum.
680 4467 698 4500 ι
729 4449 783 4502 tn
806 4448 1049 4513 ipsorum
1071 4444 1278 4519 judicio
1292 4448 1466 4518 ponit,
1496 4457 1557 4503 ut
1587 4464 1686 4505 sua
1707 4464 1837 4506 con-

253 4542 487 4601 scientia
518 4542 941 4596 convincuntur.

334 4651 357 4686 ι
396 4632 505 4688 Nec
538 4634 649 4703 ipsa
672 4644 861 4687 natura
889 4634 1045 4689 docet
1068 4647 1184 4688 vos.
1227 4650 1247 4684 ι
1279 4632 1465 4691 Potest
1494 4633 1625 4699 dici,
1647 4634 1693 4689 si
1728 4634 1832 4688 hoc

255 4738 455 4783 natura
499 4736 581 4783 est
602 4742 615 4778 :
637 4740 807 4796 quare
831 4740 936 4778 non
966 4725 1033 4778 ab
1052 4723 1305 4779 omnibus
1318 4725 1569 4795 gentibus
1589 4725 1832 4783 custodi-

254 4818 397 4874 tur?
430 4817 556 4886 quia
580 4815 653 4871 illi
686 4832 717 4869 a
749 4826 940 4875 natura
963 4816 1284 4871 deciderunt
1321 4833 1339 4877 ;
1368 4817 1509 4872 sicut
1550 4831 1613 4872 ex
1646 4816 1828 4873 multis

252 4912 381 4967 aliis
406 4910 805 4979 comprobatur.
838 4909 1074 4979 Denique
1112 4911 1231 4965 sine
1272 4909 1391 4981 lege
1437 4909 1646 4975 vivunt,
1672 4920 1728 4965 et
1780 4911 1826 4965 si

253 5004 404 5072 apud
459 5003 576 5057 illos
638 5001 950 5072 loqueretur
994 5000 1308 5071 Apostolus.
1353 4999 1477 5054 aliis
1519 5002 1830 5057 rationibus

254 5107 527 5154 tueretur.

337 5205 359 5237 s
396 5186 547 5251 Quod
579 5184 663 5241 vir
688 5184 904 5255 quidem
932 5185 976 5238 si
1024 5197 1232 5239 comam
1272 5186 1498 5248 nutriat,
1531 5182 1828 5254 ignominia

254 5290 348 5335 est
381 5278 457 5333 illi
492 5292 509 5336 :
569 5276 763 5331 mulier
794 5292 919 5332 vero
951 5275 995 5330 si
1030 5290 1242 5331 comam
1277 5274 1511 5341 nutriat,
1540 5276 1711 5347 gloria
1742 5284 1828 5331 est

252 5372 361 5427 illi.
400 5387 419 5421 ι
455 5366 692 5422 Naaaraei
724 5376 784 5423 ut
840 5382 1051 5422 comam
1078 5366 1370 5434 nutrirent,
1401 5381 1466 5422 ex
1496 5366 1590 5422 Dei
1617 5379 1828 5437 praece-

246 5477 355 5543 pto
382 5463 729 5518 devotissime
761 5460 1050 5516 faciebant.

334 5571 359 5606 ι
399 5552 664 5619 Quoniam
694 5552 872 5622 capilli
905 5567 1001 5621 pro
1055 5552 1318 5609 velamine
1366 5550 1475 5605 dati
1509 5562 1645 5607 sunt
1700 5551 1772 5605 ei.
1807 5568 1826 5601 ο
1868 5540 1875 5547 ’

253 5645 546 5716 Exposuit,
598 5645 742 5715 quod
774 5644 1005 5709 dixerat,
1037 5644 1081 5701 si
1113 5658 1223 5699 non
1269 5643 1475 5703 velatur
1504 5653 1559 5699 et
1607 5641 1833 5701 tondea-

258 5751 377 5795 tur.

340 5848 361 5883 ι
397 5827 453 5885 Si
516 5827 636 5900 quis
680 5839 862 5885 autent
896 5827 1108 5886 videtur
1162 5827 1538 5884 contentiosus
1610 5842 1750 5884 esse.
1796 5846 1814 5878 ι

1926 579 2011 635 vel
2040 578 2164 633 aliis
2190 574 2529 648 argumentis
2560 572 2685 629 huic
2722 570 3003 625 resisteret
3032 567 3251 623 rationi.

2000 689 2020 723 ι
2054 669 2164 724 Nos
2186 669 2346 723 talem
2373 664 2826 727 consuetudinem
2871 676 2976 717 non
3014 660 3333 743 Itabcmus._s
3375 657 3505 715 Sive

1924 761 2308 825 contendendi,
2339 760 2453 814 sive
2480 757 2607 812 talin
2639 754 2896 815 faciendi.

1944 880 1947 881 ν
2005 856 2219 926 «Neque
2242 854 2483 909 Ecclesia
2509 850 2623 907 Dei.
2662 868 2682 911 ι
2712 849 2840 915 Qua:
2864 843 3268 905 mansuetudini
3294 844 3498 915 potius,

1925 960 2088 1018 quam
2120 943 2564 1001 contentionibus
2591 940 2795 999 studet.

2002 1054 2022 1086 ι
2048 1034 2159 1091 tloc
2179 1046 2361 1089 autem
2388 1033 2664 1103 pratctnio.
2719 1050 2737 1083 ι
2765 1027 3229 1091 Considerandum
3250 1034 3355 1093 est,
3375 1026 3505 1095 quid

1926 1127 2163 1183 audierit
2193 1143 2221 1179 a
2249 1125 2481 1180 Domino
2502 1125 2595 1178 ille
2625 1138 2839 1189 servos,
2878 1122 2970 1191 qui
3015 1120 3191 1177 solum
3213 1128 3498 1188 acceptum

1929 1221 2199 1277 talentum
2223 1219 2538 1275 custodivit.
2572 1215 2726 1275 Unde
2750 1231 2856 1277 non
2915 1226 2997 1269 est
3057 1212 3382 1278 laudandus,
3408 1209 3505 1283 qui

1928 1328 2034 1366 non
2058 1326 2277 1382 seraper
2320 1310 2519 1369 crescit
2552 1308 2604 1362 in
2659 1308 2897 1370 melius;
2932 1306 3058 1375 quia
3094 1305 3227 1361 ﬁdes
3256 1318 3323 1358 eo
3383 1317 3508 1375 per-

1928 1404 2120 1457 fectior
2139 1417 2262 1457 esse
2285 1402 2466 1471 debet,
2498 1415 2611 1470 quo
2632 1400 2837 1461 senior.
2867 1396 3120 1455 Miserum
3147 1406 3326 1459 autem
3344 1393 3504 1460 est,si

1929 1509 2145 1565 semper
2164 1493 2342 1548 iulans
2370 1491 2509 1549 laete
2536 1499 2756 1561 potetur
2780 1507 2794 1557 ς
2823 1500 2916 1544 aut
2942 1490 3039 1560 qui
3072 1488 3273 1547 littoris
3290 1487 3499 1549 studet,

1931 1587 2035 1641 hoc
2056 1587 2231 1641 solum
2253 1584 2620 1659 babeat,quod
2647 1583 2699 1641 in
2717 1582 2906 1650 primis
2929 1580 3253 1637 rudimentis
3273 1578 3505 1649 accepit.

1930 1677 2142 1746 Quanto
2199 1677 2358 1747 igitur
2412 1678 2587 1743 magis
2617 1674 2709 1731 ille
2735 1675 2852 1729 sine
2886 1688 2984 1743 spe
3015 1684 3120 1736 est,
3150 1674 3244 1749 qui
3275 1685 3380 1731 non
3411 1685 3507 1725 so-

1932 1773 2040 1827 lum
2072 1784 2178 1825 non
2214 1767 2449 1838 prolicit,
2488 1766 2587 1822 scd
2641 1767 2804 1844 etiam
2836 1765 3048 1829 detieit,
3078 1772 3135 1823 et
3172 1762 3302 1819 illud
3334 1762 3508 1833 ipsum

1856 1867 1901 1927 Β
1933 1865 2145 1937 penitus
2185 1860 2528 1917 obliviscitur
2554 1859 2695 1929 quod
2727 1875 2777 1911 at
2791 1858 2938 1931 cepit
2968 1858 2982 1911 ι

2009 1972 2028 2005 t
2066 1951 2184 2007 Non
2216 1952 2442 2009 laudans
2475 1949 2623 2020 quod
2653 1964 2760 2002 non
2788 1947 2844 2001 in
2881 1946 3097 2015 melius,
3138 1946 3233 2003 sed
3264 1945 3320 2000 in
3345 1944 3502 2000 dete-

1932 2045 2045 2099 rius
2108 2042 2432 2099 convenitis.
2478 2059 2497 2091 ι
2535 2040 2894 2102 Subauditur,
2950 2039 3198 2111 vitupero
3247 2037 3391 2109 quod
3452 2035 3506 2091 in

1930 2133 2172 2190 deterius
2202 2133 2485 2205 protlcitis.

2008 2245 2027 2277 ι
2062 2225 2301 2281 l'rimunt
2325 2224 2543 2297 quidem
2575 2223 3022 2279 convenientibus
3056 2223 3209 2279 vobis
3231 2225 3285 2277 in
3314 2222 3507 2280 Eeclro

1932 2320 2095 2375 siam.
2136 2339 2153 2368 ι
2196 2317 2402 2385 lucipit
2431 2319 2496 2375 de
2519 2317 2900 2372 sacramentis.

2008 2430 2027 2464 ι
2064 2411 2236 2467 Audio
2314 2413 2583 2467 scissuras
2639 2423 2761 2465 esse
2790 2409 2934 2465 inter
2982 2425 3098 2475 vos,
3154 2419 3208 2465 et
3236 2424 3302 2467 ex
3358 2420 3510 2481 parte

1931 2504 2118 2560 credo.
2152 2523 2172 2557 s
2209 2503 2521 2561 Secundum
2551 2505 2694 2573 quod
2714 2503 2843 2559 mihi
2880 2519 2909 2556 a
2950 2503 3175 2559 Domino
3209 2504 3507 2563 revelatum

1931 2614 2015 2659 εει
2044 2619 2057 2656 :
2084 2601 2200 2656 sive
2225 2600 2351 2671 quia
2379 2601 2494 2657 scio
2527 2600 2902 2657 contentiosos
2934 2615 3028 2655 vos
3051 2615 3199 2659 esse.
3326 2582 3339 2595 ’

2009 2712 2028 2745 ι
2064 2694 2197 2749 Nam
2218 2705 2435 2764 oportet
2475 2706 2529 2747 et
2556 2696 2791 2749 haereses
2814 2708 2966 2758 esse,
2997 2702 3129 2749 utet
3169 2697 3261 2763 qui
3294 2693 3508 2761 probati

1935 2798 2083 2853 sunt,
2110 2787 2378 2842 manilesti
2405 2788 2535 2841 ﬁant
2566 2786 2619 2840 in
2654 2787 2860 2841 vobis.»
2893 2784 3031 2852 Quia
3055 2785 3189 2841 tales
3208 2785 3516 2843 contentio-

1936 2895 2033 2933 nes
2062 2879 2300 2946 habetis,
2331 2892 2556 2933 necesse
2579 2887 2661 2932 est
2693 2878 2853 2932 etiam
2877 2892 2975 2933 vos
2992 2891 3164 2948 usque
3187 2877 3253 2933 ad
3273 2878 3511 2933 hereses

1942 2972 2249 3043 pervenire.
2280 2972 2434 3027 Sicut
2458 2971 2503 3031 si
2524 2972 2675 3029 dicas
2702 2986 2718 3026 :
2744 2970 2836 3029 ille
2860 2969 2954 3040 qui
2984 2979 3195 3027 tantum
3221 2970 3380 3036 bibit,
3413 2986 3509 3029 ne-

1932 3079 2086 3121 cesso
2108 3064 2270 3127 habet
2296 3061 2579 3125 inebriari.
2610 3062 2745 3121 item
2772 3077 2879 3117 non
2908 3064 3012 3119 hoc
3032 3062 3168 3119 dicit
3190 3062 3507 3132 Apostolus,

1933 3158 2061 3226 quia
2091 3156 2290 3215 debent
2318 3170 2440 3211 esse
2494 3156 2728 3219 haereses
2757 3172 2773 3221 ;
2802 3157 2899 3213 sed
2924 3158 3052 3224 quia
3084 3158 3226 3212 inter
3256 3171 3318 3213 se
3362 3157 3509 3214 scis-

1932 3264 2093 3305 snras
2122 3249 2416 3315 habebant,
2444 3250 2567 3304 ideo
2592 3249 2745 3315 dicit,
2768 3259 2980 3317 oportet
3009 3248 3113 3305 hoc
3130 3264 3287 3311 esse:
3316 3262 3370 3308 et
3398 3264 3498 3311 ne-

1922 3353 2075 3395 cesse
2104 3350 2187 3394 est
2208 3341 2444 3403 haereses
2468 3354 2610 3397 esse.

2000 3451 2019 3483 ι
2053 3431 2514 3491 Conrcnieutibus
2571 3447 2703 3503 ergo
2734 3433 2889 3488 vobis
2914 3434 2967 3489 iu
3001 3448 3196 3500 unum,
3246 3433 3356 3503 jam
3388 3447 3494 3488 non

1924 3532 2009 3576 est
2068 3523 2404 3577 Dotninicatn
2463 3537 2675 3579 coenant
2731 3526 3081 3581 manducare.
3116 3525 3500 3599 Unusquisque

1925 3615 2068 3673 enim
2102 3630 2256 3673 suam
2298 3630 2512 3671 comam
2550 3618 2829 3685 prasutnit
2866 3617 2935 3671 ad
2968 3621 3432 3683 tuanducaudum.
3476 3642 3497 3674 ι

1925 3707 2045 3763 Jatn
2070 3722 2183 3765 non
2212 3715 2296 3765 est
2319 3706 2626 3772 DOtninica,
2655 3713 2751 3765 sed
2776 3712 3014 3767 humana
3038 3729 3056 3765 :
3085 3712 3306 3780 quando
3336 3729 3509 3769 unus-

1928 3801 2159 3869 quisque
2189 3813 2447 3870 tanquam
2497 3815 2710 3859 cauam
2772 3803 3044 3870 prepriam
3097 3805 3247 3863 solus
3282 3805 3489 3865 invadit

1929 3902 1987 3951 et
2043 3894 2158 3959 alii,
2192 3896 2283 3964 qui
2342 3909 2452 3949 non
2485 3884 2768 3959 obtulerit,
2832 3910 2942 3951 non
3004 3897 3282 3966 impertit:
3318 3898 3392 3952 ita
3452 3908 3514 3953 ut

1932 3986 2099 4052 magis
2128 3994 2346 4055 propter
2370 3986 2712 4043 saturitatem
2734 4001 2894 4056 quam
2920 3998 3142 4057 propter
3190 3990 3509 4058 mysterium

1933 4078 2230 4137 videamini
2259 4078 2575 4136 convenire.
2603 4076 2855 4135 Ceterum
2892 4079 3169 4137 Dominics
3205 4096 3363 4139 omna
3388 4097 3510 4139 οιιιο

1935 4172 2098 4233 nibus
2128 4171 2296 4229 debet
2329 4184 2452 4227 esse
2479 4170 2830 4226 communis:
2863 4172 2989 4239 quia
3017 4172 3107 4229 ille
3137 4175 3392 4233 omnibus
3424 4177 3509 4231 di-

1934 4261 2162 4332 scipulis
2192 4265 2307 4319 suis
2345 4264 2439 4332 qui
2473 4265 2722 4329 aderant,
2760 4265 3044 4333 wq'lniitct‘
3071 4267 3290 4323 tradidit
3317 4284 3510 4323 saera-

1938 4364 2144 4412 menta.
2178 4356 2348 4415 Cinna
2382 4366 2562 4415 autem
2619 4358 2739 4413 ideo
2761 4357 2984 4424 dicitur,
3016 4360 3141 4428 quia
3170 4359 3429 4417 Dominus
3456 4363 3508 4417 in

1937 4464 2097 4507 emus
2161 4448 2386 4505 tradidit
2416 4460 2782 4505 sacramenta.
2822 4452 2952 4507 ltetu
3014 4454 3117 4509 hoc
3176 4453 3299 4509 ideo
3353 4456 3507 4520 dicit,

1865 4553 1908 4608 ι)
1938 4545 2063 4608 quia
2090 4541 2143 4597 in
2174 4540 2416 4604 Ecclesia
2463 4544 2877 4605 convenientes.
2913 4544 3217 4601 oblationes
3267 4562 3395 4601 suas
3421 4563 3511 4603 se-

1942 4635 2175 4702 paratim
2227 4633 2532 4689 oﬂ'erebant
2564 4650 2580 4691 ι
2619 4645 2675 4689 ει
2727 4646 2849 4703 post
2890 4638 3331 4693 communionem
3363 4656 3511 4709 qua:-

1940 4741 2158 4796 cunque
2235 4727 2317 4782 eis
2371 4730 2438 4781 de
2504 4727 2793 4783 sacriﬁciis
2857 4730 3280 4797 superfuissent,
3328 4730 3405 4783 illi
3453 4732 3505 4784 in

1941 4816 2184 4875 Ecclesia
2234 4832 2580 4875 communem
2630 4830 2843 4877 orenam
2880 4824 3253 4884 contedentes,
3308 4821 3510 4888 pariter

1941 4910 2362 4967 consumebant.

2017 5021 2037 5054 ι
2073 5002 2136 5056 Et
2157 5003 2296 5057 alius
2318 5002 2537 5072 quidem
2561 5002 2755 5069 esurit,
2782 5003 2922 5058 alius
2947 5014 3127 5058 autem
3145 5003 3328 5061 ebrius
3348 5010 3448 5057 est.
3474 5017 3497 5055 ι

1832 5127 1848 5145 .
1941 5094 2256 5164 Quicunque
2329 5109 2435 5150 non
2493 5094 2812 5161 obtulisset,
2857 5111 2964 5155 non
3013 5094 3501 5155 communicabat:

1939 5186 2067 5255 quia
2098 5185 2279 5239 omnia
2309 5186 2438 5251 soli,
2462 5186 2556 5255 qui
2590 5187 2923 5251 obtulerant,
2959 5185 3325 5243 insumebant.
3364 5186 3507 5254 Qui-

1941 5277 2062 5329 dam
2093 5277 2238 5330 hunc
2271 5275 2446 5333 locum
2476 5278 2541 5331 ad
2594 5277 2715 5333 illos
2772 5277 3041 5345 referunt,
3074 5278 3166 5347 qui
3214 5281 3403 5350 epulas
3448 5284 3503 5338 in

1940 5363 2179 5420 Ecclesia
2213 5365 2506 5423 faciebant.
2541 5367 2714 5425 Aliter
2757 5383 2774 5423 :
2805 5369 3036 5434 Quidam
3066 5371 3260 5436 esurit,
3285 5373 3503 5438 quidam

1939 5460 2255 5516 cbrinsest:
2283 5460 2406 5516 ideo
2434 5459 2588 5526 dicit,
2614 5463 2741 5531 quia
2766 5463 3278 5532 supervenientibus
3303 5467 3507 5525 medio-

1940 5550 2148 5616 cribus,
2175 5558 2231 5607 et
2293 5552 2603 5609 volentibus
2619 5567 2841 5611 sumere
2862 5566 3225 5620 sacramenta,
3247 5558 3501 5624 dcerant;

1939 5644 2194 5712 quoniam
2218 5642 2287 5701 ab
2314 5642 2439 5709 illis,
2468 5645 2558 5713 qui
2583 5643 2892 5700 obtulerant
2911 5645 3238 5712 oblationes,
3272 5650 3326 5705 in
3356 5666 3509 5707 come

1942 5734 2088 5790 muni
2120 5735 2371 5790 convivio
2398 5737 2618 5792 fuerant
2649 5748 2845 5795 cuncta
2879 5751 3221 5809 consumpta.

2019 5846 2036 5877 ι
2078 5828 2326 5897 Nunquid
2359 5828 2547 5883 domos
2588 5846 2692 5886 non
2724 5834 2934 5889 habetis
2960 5836 3023 5889 ad
3063 5852 3185 5890 ιιιειιι
3212 5840 3507 5896 iucundum
