3956 6196
212 6084 463 6125 λᾹ-ι

552 290 663 353 783

1505 281 1562 345 S.
1605 279 2045 344 EIERONYMI
2093 278 2403 341 OI‘ERUM
2444 281 2852 343 MANTISSA.
3639 278 3730 347 781

548 417 603 463 et
628 402 959 461 bibendum?
1021 420 1039 453 ι
1086 398 1139 453 Si
1203 398 1369 453 vultis
1401 397 1661 462 saturari,
1695 398 1837 450 domi
1896 397 2125 451 mandu-
2153 409 2197 461 Α
2227 398 2379 450 habet
2404 396 2571 467 frater
2596 408 2716 451 tuus
2751 396 2955 462 aliquid
2979 396 3257 448 aduersum
3279 402 3328 449 te
3356 410 3373 449 :
3405 394 3614 465 relinque
3640 415 3739 463 mu-I

550 511 690 557 cate.
725 495 1097 551 Sanctiﬁcatio
1139 491 1283 546 enim
1309 491 1471 546 etiam
1502 490 1554 544 in
1592 506 1758 558 parvo
1785 489 2052 546 consistit.

629 612 648 644 ι
706 592 812 643 Aut
845 586 1143 648 Ecclesiam
1198 584 1289 639 Dei
1342 583 1694 638 contemnitis
1717 582 1750 661 ?.
1783 602 1800 634 ι
1840 583 2129 639 Faciemus

552 699 669 738 cam
705 679 996 735 triclinium
1028 676 1339 747 epularum.

628 793 647 826 ι
674 769 1089 827 Etcoufunditis
1116 782 1213 823 eos
1243 764 1336 839 qui
1367 779 1474 820 non
1504 764 1746 827 habent?
1773 783 1792 817 ι
1818 763 2132 820 Confunde-

558 868 779 928 bautur,
812 861 879 917 ab
935 858 1192 916 omnibus
1258 857 1556 914 denotati:
1607 873 1732 913 cum
1784 857 1854 910 ita
1901 855 2133 909 debeant

560 955 985 1017 communicare,
1007 961 1065 1006 ut
1087 966 1209 1006 cum
1233 951 1329 1017 qui
1348 948 1609 1003 obtulerit
1636 962 1797 1003 nemo
1814 954 2130 1017 COguoscat.

635 1065 652 1099 ‹
694 1046 833 1113 Quid
862 1044 1039 1097 dicam
1073 1040 1268 1097 vobis?
1298 1040 1458 1095 laudo
1487 1054 1607 1102 vos.
1638 1038 1691 1093 in
1724 1038 1825 1093 hoc
1870 1052 1977 1091 non
2014 1036 2131 1089 lau-

556 1142 647 1196 do.
680 1157 698 1190 ι
738 1138 889 1193 Sicut
913 1137 964 1190 in
992 1134 1112 1189 aliis
1149 1133 1386 1198 laudavi,
1418 1131 1510 1186 ubi
1542 1129 1898 1186 laudabiliter
1921 1128 2129 1198 egistis,

558 1237 610 1289 in
640 1232 745 1287 hoc
773 1229 997 1286 omnino
1050 1241 1155 1280 non
1196 1225 1382 1280 laudo.

635 1343 654 1375 ι
717 1321 832 1392 Ego
870 1322 1014 1374 enim
1065 1317 1253 1387 accepi
1312 1331 1342 1369 a
1377 1314 1628 1379 Domino,
1661 1313 1884 1384 quodet
1933 1311 2132 1367 tradidi

560 1416 738 1472 vohis.
778 1433 797 1465 ι
834 1414 948 1468 Non
983 1419 1066 1466 est
1112 1422 1290 1464 meum
1328 1407 1482 1476 quod
1517 1406 1670 1460 vobis
1698 1403 1921 1471 tradidi,
1967 1404 2061 1457 sed
2104 1417 2132 1454 a

566 1506 793 1563 Domino
824 1503 950 1558 illud
978 1502 1187 1570 accepi,
1214 1499 1356 1555 sicut
1401 1498 1520 1568 ipse
1570 1495 1698 1550 alibi
1745 1493 1899 1558 dicit,
1936 1509 2044 1548 nou
2078 1506 2138 1548 se

564 1599 631 1654 ab
662 1597 997 1662 hominilms,
1030 1592 1125 1649 sed
1155 1591 1345 1647 omnia
1376 1604 1406 1644 a
1433 1588 1542 1644 Deo
1575 1587 1854 1643 didicisse.

607 1707 660 1752 ,ι
718 1687 983 1755 Quoniam
1053 1683 1310 1738 Dominus
1359 1678 1586 1735 Iesus.»
1643 1676 1759 1733 Jam
1816 1676 1947 1732 hinc
1979 1675 2135 1747 quasi

566 1779 751 1835 oblitis
782 1784 1194 1838 commemorat,
1225 1786 1389 1843 quam
1424 1785 1680 1841 maguum
1722 1769 1793 1824 sit
1829 1768 1990 1840 hujus
2020 1783 2137 1839 my-
2169 1757 2212 1812 Β

570 1872 718 1926 sterii
750 1878 1173 1925 sacramentum.

646 1983 665 2015 σ
708 1964 765 2018 in
805 1977 910 2032 qua
947 1969 1106 2014 nocte
1134 1958 1469 2014 tradebatur.
1506 1975 1525 2010 ι
1558 1956 1614 2011 Id
1639 1963 1743 2019 est,
1778 1969 1805 2006 a
1834 1951 1992 2007 Juda.

645 2076 665 2111 ι
703 2055 926 2126 Accepit
957 2067 1174 2124 panem,
1201 2062 1257 2107 et
1290 2051 1494 2120 gratias
1523 2064 1692 2120 agens
1726 2046 1911 2117 fregit,
1965 2054 2018 2100 et
2063 2043 2143 2099 di-

571 2153 690 2207 xit:
719 2147 982 2216 Accipite,
1008 2158 1064 2201 et
1090 2143 1429 2199 manducate.
1459 2161 1478 2194 ι
1510 2139 1627 2195 Hoc
1649 2150 1758 2202 est,
1787 2137 2139 2201 benedicens,

571 2246 733 2299 etiam
766 2253 1051 2310 passurus,
1070 2236 1322 2292 ultimam
1354 2235 1510 2288 nobts
1536 2228 2144 2294 commemorationem,

571 2338 685 2392 sive
715 2333 1030 2388 memoriam
1063 2326 1377 2397 dereliquit.
1405 2321 1876 2390 Quemadmodum
1923 2319 1968 2375 si
2022 2319 2147 2388 quis

570 2440 797 2500 peregre
828 2422 1182 2494 proﬁciscens
1218 2416 1441 2488 aliquod
1475 2415 1670 2486 pignus
1699 2416 1771 2478 ei,
1820 2427 1980 2482 quem
2024 2411 2149 2467 dili-

576 2523 675 2591 git,
705 2518 1102 2584 derelinquat:
1160 2519 1220 2564 ut
1251 2509 1686 2578 quotiescunque
1738 2505 1868 2559 illud
1926 2503 2142 2568 viderit,

576 2611 749 2683 possit
777 2607 892 2676 ejus
914 2604 1181 2662 beneﬁcia
1209 2610 1267 2657 et
1300 2598 1576 2655 amicitias
1625 2595 1917 2652 memorari
1955 2613 1969 2651 :
2005 2593 2147 2663 quod

576 2707 667 2759 ille
689 2702 735 2757 si
764 2699 1006 2771 perfecte
1052 2694 1263 2762 dilexit,
1294 2696 1414 2749 sine
1464 2691 1668 2759 ingenti
1707 2687 1981 2744 desiderio
2042 2702 2145 2741 non

575 2803 756 2865 potest
784 2793 991 2853 videre.
1024 2788 1107 2844 vel
1134 2786 1287 2843 ﬁetu.

650 2908 670 2939 ι
715 2884 827 2941 Hoc
849 2894 930 2938 est
964 2894 1167 2951 corpus
1202 2890 1406 2942 meum,
1440 2873 1587 2944 quod
1617 2886 1713 2941 pro
1762 2870 1916 2925 vobis
1965 2869 2148 2925 trade-

577 2991 685 3033 tur.
716 2975 828 3029 Hoc
860 2971 1027 3028 facile
1057 2972 1109 3024 in
1142 2981 1319 3022 meam
1352 2961 1955 3031 commemoratiopem.
1987 2960 2151 3016 Simi-

572 3071 696 3126 liter
724 3078 778 3122 et
814 3065 1063 3127 culicem,
1094 3069 1381 3132 postquam
1414 3055 1671 3121 coenavit,
1705 3054 1893 3110 dicens
1925 3068 1943 3111 ς
1983 3072 2003 3105 ι
2045 3052 2147 3118 Qui

574 3164 859 3219 manducet
907 3174 1098 3228 corpus
1129 3169 1323 3217 meum,
1351 3161 1403 3206 et
1434 3149 1559 3204 bibit
1596 3163 1770 3202 meum
1804 3148 2143 3218 sanguinem,

572 3263 629 3313 in
693 3272 775 3309 me
807 3261 1004 3316 manet,
1042 3258 1095 3304 et
1119 3263 1211 3317 ego
1265 3247 1320 3300 in
1348 3259 1408 3298 eo
1436 3244 1621 3314 (Joan.
1654 3256 1728 3307 tv,
1772 3240 1889 3311 57).
1932 3257 1951 3291 ι
1996 3239 2149 3295 Unde

575 3361 874 3422 agnoscere
931 3358 989 3398 se
1023 3340 1203 3405 debet,
1246 3337 1501 3407 quisquis
1557 3333 1765 3389 Christi
1800 3341 1895 3386 aut
1948 3346 2149 3401 corpus

576 3421 706 3503 odit,
734 3447 825 3492 aut
853 3421 1173 3503 sanguinem
1229 3430 1387 3495 bibit,
1456 3443 1524 3481 ne
1575 3426 1706 3497 quid
1764 3422 2042 3494 indignum
2097 3424 2149 3480 ei

577 3532 768 3593 faciat,
808 3527 962 3595 cujus
984 3537 1188 3594 corpus
1217 3520 1442 3594 eﬁ‘ectus
1467 3528 1580 3573 est.

650 3640 670 3674 ι
718 3619 820 3675 llic
849 3617 985 3673 calix
1007 3616 1218 3670 Novum
1250 3612 1661 3668 Testamentum
1687 3618 1793 3663 est.
1829 3626 1849 3660 ι
1872 3606 2011 3675 Quia
2046 3604 2147 3662 Ve-

578 3726 689 3783 tus,
723 3717 823 3768 hoc
857 3725 953 3782 per
976 3706 1289 3777 sanguinem
1316 3701 1629 3757 animalium
1662 3699 2040 3771 portendebat.

653 3827 673 3860 ι
715 3807 771 3861 lu
822 3817 943 3858 meo
974 3797 1256 3868 sanguine.
1295 3812 1315 3847 ι
1356 3791 1422 3846 Et
1465 3792 1629 3849 Vetus
1686 3801 1741 3846 et
1786 3788 1996 3845 Novum
2053 3801 2149 3858 per
2188 3826 2191 3829 ι

578 3900 895 3970 sanguinem
952 3892 1239 3950 dedicatur
1282 3904 1299 3944 :
1345 3872 1472 3957 quia
1519 3885 1638 3941 sine
1689 3893 1866 3938 morte
1931 3880 2146 3936 ﬁrmum

576 4009 699 4050 esse
732 4004 836 4045 IlOtl
864 3994 1039 4058 ροῑθεῑ
1067 3989 1476 4039 testamentum.

654 4102 674 4134 ‹
736 4080 851 4134 lloc
901 4075 1081 4139 facite,
1136 4069 1575 4139 quotiescunque
1611 4065 1830 4129 bibetis,
1885 4064 1937 4118 in
1975 4077 2151 4117 meam

580 4169 1175 4231 commemorationem.
1240 4179 1261 4215 ι
1295 4163 1422 4215 Ideo
1455 4161 1556 4214 hoc
1614 4158 1864 4214 Salvator
1927 4156 2152 4212 tradidit

581 4274 1012 4325 sacramentum,
1071 4266 1133 4311 ut
1171 4268 1270 4326 per
1334 4253 1438 4307 hoc
1496 4264 1710 4320 semper
1756 4263 2153 4305 commemore-

580 4374 730 4421 mus,
754 4355 878 4424 quia
911 4364 1010 4422 pro
1037 4347 1195 4403 nobis
1227 4352 1311 4399 est
1335 4351 1602 4397 mortuus.
1626 4338 1763 4394 Nam
1795 4349 1848 4394 et
1873 4339 1993 4395 ideo
2026 4352 2150 4394 cum

2231 505 2330 543 nus
2393 499 2540 541 tuum
2607 498 2729 541 ante
2778 487 2971 550 altare,
3006 494 3054 537 et
3114 484 3241 539 uade
3271 486 3573 541 reconciliari
3606 488 3735 557 fratri

2230 590 2322 633 tuo
2381 579 2595 651 (Matth.
2658 595 2710 643 v,
2740 579 2838 644 25,
2875 579 2989 649 24),
3030 572 3188 633 Prius
3241 593 3371 649 ergo
3403 566 3740 647 perscrutanda

2172 708 2175 711 ι
2231 682 2315 727 cst
2348 673 2705 739 conscientia,
2742 673 2786 729 si
2819 673 2873 726 in
2897 672 3042 725 nullo
3072 687 3169 726 uos
3220 671 3569 740 reprehendit,
3593 684 3639 728 et
3668 678 3729 729 sic

2236 773 2330 818 aut
2383 762 2603 831 offerre,
2642 772 2736 819 aut
2792 758 3198 820 communicare
3252 764 3523 821 debemus.
3555 765 3736 831 Quidam

2234 870 2372 911 sane
2404 856 2595 910 dicunt
2624 872 2640 911 :
2676 856 2805 927 quia
2839 871 2945 910 non
2987 855 3290 926 indignum,
3318 857 3411 912 sed
3452 856 3643 927 indigne
3666 874 3738 912 ac-

2235 949 2521 1018 cipientem
2564 959 2784 1007 revocet
2819 966 2848 1004 a
2880 960 3100 1006 sancto.
3143 951 3201 1004 Si
3233 964 3363 1020 ergo
3407 950 3554 1005 etiam
3588 951 3738 1018 dignus

2235 1041 2455 1112 indigne
2505 1044 2768 1098 accedens
2826 1043 3126 1098 retrahitur
3161 1052 3403 1112 :quauto
3440 1042 3589 1112 magis
3631 1042 3738 1096 iudi-

2235 1149 2370 1204 guus
2397 1134 2489 1205 qui
2528 1150 2632 1191 non
2659 1143 2836 1206 potest
2880 1136 3128 1204 accipere
3171 1137 3372 1205 digne!
3410 1134 3548 1190 Unde
3572 1148 3738 1203 Oportcl

2235 1226 2471 1281 Otiosum
2495 1241 2708 1282 cessare
2740 1241 2771 1280 a
2804 1224 2976 1293 vitiis,
3004 1238 3062 1281 ut
3081 1236 3335 1282 sanctum
3369 1226 3560 1282 Domini
3590 1242 3738 1297 corpus

2237 1328 2427 1374 sancte
2457 1319 2746 1389 percipiat.

2315 1432 2332 1464 ι
2378 1412 2526 1467 Reus
2577 1412 2682 1467 erit
2732 1410 2973 1481 corporis
3026 1419 3081 1464 et
3133 1410 3414 1482 sanguinis
3493 1408 3734 1465 Dmttini.t

2237 1502 2377 1570 Quia
2410 1505 2544 1560 tanti
2594 1506 2840 1576 mysterii
2876 1514 3288 1560 sacramentum
3342 1519 3439 1575 pro
3484 1504 3739 1574 viiidespe-

2238 1597 2402 1651 xerit.

2317 1707 2336 1742 ι
2382 1688 2582 1744 Probet
2608 1696 2791 1743 autem
2822 1690 3066 1759 seipsum
3102 1689 3268 1744 homo
3302 1705 3317 1746 :
3346 1698 3400 1744 et
3440 1689 3515 1745 sic
3561 1690 3616 1745 de
3641 1705 3740 1759 pane

2243 1780 2335 1835 illo
2359 1780 2504 1847 edat,
2537 1780 2683 1835 etde
2735 1780 2902 1835 calice
2956 1780 3125 1836 bibat.
3165 1798 3185 1833 ι
3241 1779 3301 1836 Si
3359 1781 3413 1836 in
3444 1780 3741 1848 linteum,ch

2244 1888 2338 1927 vas
2378 1872 2699 1938 sordidum,
2758 1886 2867 1928 non
2920 1873 3052 1929 illud
3115 1873 3331 1930 mittere
3384 1874 3553 1941 audet,
3589 1884 3742 1945 quanto

2244 1964 2419 2034 magis
2449 1964 2503 2019 in
2543 1967 2710 2021 corde
2741 1965 2988 2034 polluto!
3025 1983 3193 2036 quam
3231 1968 3607 2023 immunditiam
3640 1967 3743 2023 Deus

2245 2073 2410 2128 super
2437 2059 2618 2113 omnia
2650 2069 2994 2125 exsecratur,
3023 2070 3079 2117 et
3124 2077 3248 2130 quae
3307 2064 3419 2118 sola
3442 2061 3632 2132 (injuria
3659 2064 3744 2127 ejus

2243 2159 2328 2206 est
2370 2150 2610 2221 corpori.
2650 2151 2787 2206 Nam
2822 2162 2878 2208 et
2913 2151 3112 2223 Joseph
3158 2155 3251 2210 ille
3289 2155 3464 2223 justus
3514 2164 3742 2223 propterea

2246 2242 2475 2299 sindone
2511 2243 2710 2299 munda
2744 2246 3044 2302 involutum
3080 2249 3134 2301 in
3166 2247 3416 2319 sepulcro
3447 2262 3573 2303 novo
3597 2262 3746 2315 corpus

2247 2331 2462 2389 Domini
2483 2336 2733 2404 sepelivit
2757 2335 2979 2406 (Matth.
3010 2353 3183 2405 xxvn,
3205 2338 3300 2402 59,
3330 2337 3437 2408 60),
3461 2338 3749 2409 pratiguraus

2250 2438 2453 2495 corpus
2482 2427 2697 2482 Domini
2733 2439 3078 2499 accepturos,
3114 2438 3229 2486 tam
3281 2432 3519 2487 mundam
3562 2441 3745 2485 mentem

2248 2517 2448 2573 debere
2482 2518 2704 2586 habere,
2734 2527 2896 2590 quam
2926 2536 3146 2577 novam.

2325 2626 2344 2660 ι
2381 2608 2486 2676 Qui
2517 2612 2666 2666 enim
2701 2611 2995 2667 manducat
3037 2622 3091 2669 et
3123 2614 3265 2670 bibit
3299 2614 3523 2683 indigne,
3542 2613 3748 2682 judicium

2249 2698 2353 2753 sibi
2388 2700 2679 2755 utanducat
2706 2709 2762 2755 et
2812 2701 2973 2757 bibit.
3011 2721 3031 2756 ι
3091 2703 3397 2774 Dupliciter
3421 2720 3534 2761 reus
3555 2703 3750 2769 eductas,

2250 2792 2695 2863 prmsumptionis
2723 2794 2956 2864 scilicet,
2987 2807 3043 2852 et
3074 2800 3313 2867 peccati.

2328 2902 2346 2935 ι
2380 2884 2496 2939 Non
2539 2883 2841 2943 di'udicans
2885 2902 3085 2959 corpus
3118 2888 3358 2947 Domini.
3403 2909 3421 2944 ι
3449 2889 3554 2946 Non
3584 2888 3748 2945 discer-

2251 2989 2388 3031 nens
2427 2991 2458 3031 a
2508 2976 2633 3033 cibo
2673 2981 2976 3035 communi.

2325 3086 2345 3121 ι
2382 3068 2511 3123 Ideo
2569 3070 2710 3124 inter
2737 3085 2832 3125 vos
2885 3072 3040 3126 tuulti
3094 3071 3298 3129 inﬁrmi
3332 3083 3386 3129 et
3418 3073 3691 3140 imbecilles,
3715 3079 3754 3127 et

2202 3143 2220 3161 ⁸
2258 3158 2535 3214 dormiunt
2572 3161 2751 3218 multi.
2799 3161 2955 3228 Quod
3002 3162 3047 3219 si
3086 3167 3455 3249 nosmetipsos
3495 3167 3753 3237 dijudicare-

2257 3266 2377 3309 mus
2403 3293 2417 3318 ,
2463 3270 2569 3310 non
2620 3255 2812 3325 utique
2861 3256 3316 3325 dijudicaremur.
3357 3278 3376 3312 ι
3413 3259 3533 3314 Erat
3575 3252 3755 3329 prasini

2255 3345 2563 3414 correptio,
2596 3354 2651 3401 et
2687 3361 2831 3402 nunc
2883 3358 2965 3402 est
2993 3363 3007 3400 :
3034 3348 3131 3404 sed
3184 3350 3318 3420 quia
3373 3350 3517 3405 multi
3549 3350 3654 3406 talia
3692 3363 3756 3417 pa-

2257 3437 2485 3501 tiuntur,
2523 3450 2776 3507 putamus
2826 3440 3245 3497 consuetudinis
3298 3457 3449 3504 esse.
3479 3442 3607 3512 quod
3632 3441 3756 3507 culpa

2156 3534 2161 3539 ‘
2256 3536 2360 3586 est.
2396 3528 2594 3584 Tribus
2628 3545 2762 3586 sane
2799 3534 2981 3588 causis
3007 3533 3357 3591 inﬁrmitates
3379 3538 3644 3590 adveniunt
3668 3547 3755 3587 cor-

2256 3622 2470 3691 porales
2505 3635 2520 3676 :
2547 3632 2643 3677 aut
2670 3638 2735 3677 ex
2767 3619 3085 3694 tentatioue,
3109 3628 3257 3683 sicut
3285 3627 3383 3684 ποι
3408 3640 3462 3683 et
3481 3627 3667 3694 Tobias;
3692 3630 3757 3678 aut

2256 3728 2320 3770 ex
2357 3725 2603 3785 peccato,
2642 3717 2783 3771 sicut
2832 3718 3012 3787 Asapb
3064 3719 3220 3791 regi,
3271 3730 3330 3775 et
3372 3721 3454 3776 his
3484 3720 3563 3790 qui
3592 3719 3636 3773 iu
3660 3731 3758 3785 pne-

2258 3809 2398 3862 seuti
2432 3808 2498 3861 ab
2527 3807 2787 3879 Apostolo
2822 3822 3164 3879 arguuntur;
3194 3823 3294 3868 aut
3324 3828 3389 3869 ex
3417 3813 3586 3883 aliqua
3610 3812 3756 3868 intem-

2257 3902 2526 3969 perantia,
2564 3911 2621 3956 ut
2652 3899 2946 3958 Timotheo
2974 3945 2989 3970 ,
3029 3915 3084 3974 et
3114 3905 3198 3960 bis
3249 3908 3345 3976 qui
3379 3908 3612 3979 jubentur
3637 3900 3759 3957 utali-

2258 4006 2379 4045 cum
2431 3993 2722 4049 honorare.
2767 3993 2903 4051 Huic
2929 4004 3141 4051 tantum
3182 4012 3365 4053 causa:
3393 4000 3606 4054 humana
3631 4000 3762 4064 potest

2259 4098 2583 4141 succurrere
2630 4086 2925 4143 medicina.
2975 4089 3109 4144 item
3152 4091 3423 4161 signiﬁcat
3473 4086 3759 4146 Corinthios,

2258 4185 2477 4245 propter
2535 4179 2905 4247 supradictum
2964 4192 3247 4251 peccatum
3283 4221 3302 4247 ,
3361 4183 3676 4255 aegrotatione
3719 4184 3759 4230 et

2260 4265 2632 4324 imbecillitate
2668 4277 2723 4323 et
2745 4284 2923 4327 morte
2946 4287 2977 4326 a
3011 4272 3237 4329 Domino
3263 4290 3386 4331 esse
3414 4281 3680 4344 correptos.

2339 4375 2358 4408 ι
2396 4357 2539 4427 llum
2562 4360 2871 4430 iudicamur
2897 4373 3103 4431 uittam,
3128 4381 3157 4418 ει
3192 4367 3420 4423 Domino
3451 4364 3760 4435 corripimur:

583 4449 899 4517 accipimus,
925 4458 957 4496 a
983 4438 1362 4497 sacerdotibus
1409 4448 1840 4499 commonemur,
1867 4433 1996 4502 quia
2026 4446 2153 4486 cor-
2189 4457 2235 4515 υ
2263 4459 2323 4504 ιη
2370 4466 2474 4506 non
2529 4441 2651 4506 cum
2703 4454 2806 4508 hoc
2861 4456 3064 4512 mundo
3108 4459 3453 4514 damnemur.
3486 4476 3505 4511 ι
3539 4433 3764 4522 αττεμίο

586 4558 686 4613 pus
714 4551 770 4595 et
819 4535 1040 4606 sanguis
1077 4540 1162 4587 est
1197 4529 1402 4586 Christi
1431 4544 1446 4584 :
1486 4536 1546 4583 ut
1573 4525 1858 4583 beneﬁciis
1893 4526 2016 4597 ejus
2045 4541 2153 4582 non

584 4634 919 4688 exsistamus
948 4626 1165 4698 ingrati.

661 4745 681 4779 ι
709 4724 1153 4792 Quotiescunque
1174 4715 1318 4772 enim
1347 4713 1746 4770 manducabitis
1769 4727 1962 4783 panem
1989 4712 2155 4779 hunc,

585 4828 641 4874 et
665 4817 889 4872 calicem
921 4810 1138 4879 bibetis,
1167 4818 1401 4863 mortem
1426 4805 1642 4861 Domini
1670 4805 2085 4860 annuntiabitis.
2123 4822 2144 4857 ι

586 4910 712 4966 Sive
736 4908 834 4978 ipsi
866 4906 1124 4976 mysterio
1143 4900 1424 4965 nuntiatis,
1449 4899 1565 4953 sive
1587 4897 1641 4952 in
1666 4898 1924 4952 cordibus
1958 4896 2156 4951 vestris

589 5000 907 5074 agnoscitis.

661 5113 679 5145 ι
722 5095 903 5149 Donec
939 5089 1140 5147 veniat.
1201 5106 1222 5141 ι

586 5189 760 5245 donec
790 5187 906 5256 ipse
940 5182 1130 5238 venire
1170 5181 1451 5250 dignetur.

664 5299 684 5334 ι
716 5280 907 5349 Itaque
960 5275 1271 5346 quicunque
1306 5269 1716 5325 manducaverit
1751 5283 1943 5339 panem
1991 5270 2156 5335 hunc,

586 5385 643 5433 et
664 5372 870 5430 biberit
896 5368 1126 5425 calicem
1155 5362 1371 5420 Domini
1398 5363 1639 5430 indigne.
1664 5379 1685 5413 ι
1720 5361 1872 5417 Sicut
1894 5361 2157 5433 scripturn

586 5427 717 5524 in":
774 5427 958 5519 Diania
999 5459 1224 5514 mundus
1260 5427 1607 5511 manducabit
1665 5451 1857 5523 (Leuit.
1891 5427 2158 5523 vin-19)..

585 5555 656 5612 Et
678 5559 873 5610 iterum
902 5566 918 5604 :
945 5549 1137 5603 Anima
1164 5560 1281 5615 qua:
1304 5544 1703 5598 manducauerit
1731 5544 2025 5608 immunda,
2060 5557 2154 5595 ea:-

589 5643 955 5701 terminabitur
1001 5639 1065 5694 de
1095 5637 1285 5710 populo
1318 5652 1414 5692 suo
1446 5634 1610 5705 (Ibid.
1637 5633 1749 5703 20).
1794 5633 1861 5687 Et
1895 5634 2017 5701 ipse
2050 5632 2159 5688 Do-

592 5739 774 5793 minus
803 5738 925 5792 ait:
955 5732 1018 5788 Si
1059 5742 1183 5787 ante
1235 5731 1408 5785 altare
1444 5734 1751 5783 recordatus
1792 5727 1983 5798 fueris,
2025 5729 2152 5797 quia

1285 5087 1495 5142 Taudiu
1558 5082 1821 5139 memoria
1866 5097 2001 5152 opus
2051 5094 2155 5149 est,
2224 5101 2235 5113 -

2258 4551 2500 4609 paterna:
2531 4552 2615 4597 est
2653 4542 2892 4611 pietatis,
2932 4554 2992 4599 ut
3019 4546 3425 4615 paeniteamus:
3458 4563 3521 4603 ne
3542 4559 3649 4603 cum
3675 4542 3764 4598 iuit-

2260 4632 2470 4688 delibus
2499 4635 2684 4689 mundi
2718 4639 3039 4692 damnemur
3066 4638 3121 4693 in
3151 4649 3439 4697 aeternum.

2333 4727 2613 4798 ultaque,
2654 4726 2852 4785 fratres
2881 4732 3022 4799 mei,
3064 4746 3189 4788 cum
3221 4733 3532 4791 convenitis
3560 4730 3617 4788 ad
3651 4740 3765 4785 mane

2258 4818 2572 4875 ducandum
2603 4862 2619 4886 ,
2664 4822 2898 4878 invicem
2958 4833 3294 4894 caspectate.
3370 4826 3429 4882 Si
3472 4826 3585 4896 quis
3615 4819 3763 4879 esurit.

2260 4910 2407 4967 domi
2444 4912 2764 4968 manducet.
2809 4931 2829 4965 ι
2866 4911 3004 4980 Quia
3052 4930 3215 4971 nemo
3243 4915 3412 4971 alium
3438 4909 3761 4984 exspectabat,

2262 5012 2322 5058 ut
2353 5004 2724 5059 communiter
2753 5003 3062 5062 offerretur.

2336 5112 2354 5147 ι
2402 5091 2477 5149 Ut
2504 5110 2611 5150 non
2642 5094 2695 5149 in
2713 5095 2978 5163 judicium
3020 5097 3380 5154 conveniatis.
3417 5117 3440 5153 ι
3472 5098 3580 5154 Non
3603 5096 3648 5151 in
3671 5104 3767 5149 san-

2260 5185 2669 5256 ctiticationem,
2703 5188 2799 5243 sed
2821 5188 2887 5242 ad
2911 5186 3177 5258 judicium
3204 5190 3600 5246 conveniebant.

2336 5296 2356 5330 ι
2400 5277 2607 5334 Caetera
2630 5287 2809 5334 autem
2842 5294 2967 5334 cum
2997 5294 3221 5349 venero,
3254 5276 3765 5352 disponatnuCzteﬂ

2263 5373 2328 5428 de
2361 5372 2533 5443 ipsius
2564 5372 2804 5445 mysterii
2843 5382 3211 5431 sacramento.

2857 5523 3084 5580 CAPUT
3114 5524 3229 5584 XII.

2337 5655 2357 5688 ο
2394 5616 2469 5693 De
2498 5636 2869 5707 spiritualibus
2899 5648 3106 5694 autem.
3146 5657 3166 5691 ι
3200 5637 3388 5707 incipit
3422 5636 3487 5693 de
3519 5622 3769 5704 spirituali-

2265 5727 2369 5783 bus
2413 5729 2794 5785 sacramentis.
2852 5728 3149 5787 Crescente
3203 5729 3329 5798 ﬁde,
3358 5730 3468 5827 iam
3509 5727 3765 5795 linguarum
