3954 6194
373 309 376 312 ’
470 326 577 393 737

1404 321 1465 383 S.
1504 318 1937 381 ΗῘΕΒΟΝΥΜΙ
1979 317 2075 376 ΟΡ

2181 318 2300 378 ,ῐῖἣί
2345 317 2740 379 MANTISSA.
3585 310 3673 375 733

474 440 902 513 unumquodque
936 438 1303 495 membrorum
1356 436 1409 491 id
1444 435 1551 505 agit
1589 435 1653 489 ad
1694 433 1835 504 quod
1866 444 2048 503 αυιιιιει
2080 446 2122 500 Α
2234 455 2251 483 ι
2306 431 2372 486 Ut
2406 446 2512 484 non
2546 432 2619 485 sit
2649 429 2887 484 schisma
2923 426 2976 481 in
3008 438 3258 495 corpore.
3296 442 3317 475 ι
3353 421 3422 478 Ut
3456 436 3542 491 pro
3566 424 3667 479 iuvi.

473 544 578 589 est.

551 646 572 678 α
611 626 667 679 Si
698 623 898 678 dixerit
922 637 1040 697 pes.
1079 638 1100 674 ι
1130 619 1234 675 Pes
1268 618 1523 674 Ecclesia:
1556 616 1660 672 dici
1698 623 1911 686 potest,
1952 615 2041 685 qui

477 720 542 772 ad
569 715 1002 772 intercedendum
1031 714 1323 784 egreditur.
1366 698 1371 703 ’

554 808 850 875 «Quoniam
882 823 987 862 non
1013 821 1132 861 sum
1163 819 1379 860 manus.
1423 822 1442 856 ι
1487 802 1678 858 Manus
1707 809 1790 857 est
1819 800 1931 867 ille,
1954 799 2044 871 qui

478 911 703 972 operata
714 916 759 957 r.

551 1011 572 1045 ι
607 991 732 1048 Non
784 1006 902 1045 sum
946 990 1011 1044 de
1058 1002 1288 1058 corpore
1329 1002 1344 1041 :
1380 1002 1508 1041 num
1541 985 1664 1041 ideo
1696 1000 1804 1040 non
1854 992 1937 1040 est
1983 984 2051 1037 de

480 1084 754 1153 corpore?
790 1083 856 1138 Et
888 1083 933 1137 si
985 1082 1180 1137 dixerit
1226 1080 1420 1136 auris:
1455 1081 1711 1148 quoniam
1745 1092 1875 1131 non
1931 1088 2050 1129 sum

480 1177 695 1240 oculus,
727 1191 833 1229 non
862 1187 978 1230 sum
1013 1174 1079 1228 dc
1105 1186 1334 1241 corpore
1376 1187 1390 1223 :
1422 1186 1547 1225 num
1574 1171 1701 1225 ideo
1739 1183 1845 1222 non
1880 1177 1961 1221 est
1990 1169 2054 1221 de

482 1282 712 1335 corpore
740 1264 794 1318 ἲ»
838 1263 1063 1318 Dicebat
1114 1266 1257 1316 enim
1296 1276 1404 1315 non
1441 1275 1560 1314 esse
1587 1274 1644 1314 se
1677 1258 1742 1313 tle
1773 1272 2000 1325 corpore
2036 1271 2053 1311 :

483 1360 609 1428 quia
657 1359 797 1413 hanc
838 1371 1001 1427 quam
1034 1355 1124 1409 alii
1159 1361 1487 1424 acceperunt
1517 1350 1771 1422 gratiam,
1805 1365 1912 1404 non
1956 1348 2051 1401 ha-

484 1454 665 1508 ltebat.

564 1564 582 1593 ι
631 1543 688 1597 Si
717 1550 888 1597 totum
914 1542 1113 1608 corpus
1138 1536 1352 1602 oculus,
1384 1534 1477 1588 ubi
1503 1530 1765 1588 auditus?
1809 1550 1827 1582 ι
1859 1529 1916 1585 Si
1943 1545 2058 1583 ent-

2155 537 2275 576 cem
2314 521 2532 577 solliciti
2576 521 2754 574 simus
2791 535 2807 573 :
2839 518 2970 577 dum
3004 516 3266 571 alterutro
3308 514 3601 581 indigemus,
3625 531 3680 570 ue

2154 615 2277 685 quis
2307 618 2567 683 sequatur
2597 619 2652 666 et
2686 610 2862 679 gratia
2888 616 2944 662 et
2969 610 3174 662 honore
3219 606 3502 671 privatum.

2231 724 2251 757 ι
2295 704 2404 760 Sed
2438 705 2489 757 itt
2518 703 2754 772 idipsum
2781 715 2882 770 pro
2911 700 3142 753 invicem
3172 698 3400 755 sollicita
3427 697 3522 748 sint
3545 710 3660 749 metu

2155 798 2277 852 bra.
2333 815 2352 848 ι
2402 796 2556 850 Sicut
2589 794 2732 850 oeuli
2766 794 2909 848 viam
2943 792 3176 860 pedibus
3201 788 3509 859 pra-vident.
3532 797 3577 840 et
3599 803 3666 839 aut

2158 904 2261 943 nus
2318 903 2416 959 pro
2454 895 2566 941 toto
2594 899 2826 954 corpore
2875 894 3172 951 operantur
3206 896 3221 936 :
3252 891 3308 933 et
3351 877 3527 932 omnia
3553 877 3666 932 alter
3762 914 3773 918 -

2159 994 2341 1036 utrum
2377 979 2625 1034 membra
2663 976 3007 1033 deserviunt.

2236 1091 2257 1123 α
2290 1072 2356 1126 Ει
2388 1071 2432 1125 si
2462 1070 2590 1139 quid
2620 1068 2827 1138 patitur
2847 1082 3015 1121 unum
3045 1064 3366 1125 membrum,
3394 1061 3668 1132 compatiun

2163 1173 2251 1218 tur
2279 1161 2461 1217 omnia
2502 1161 2771 1213 membra.
2815 1176 2835 1211 ι
2894 1158 2951 1212 Si
2986 1162 3153 1212 unum
3209 1154 3506 1209 membrum
3535 1155 3685 1220 dolet,

2163 1269 2334 1312 totum
2366 1268 2566 1323 corpus
2592 1251 2869 1322 atlllgitnr,
2903 1256 2958 1305 et
2988 1250 3059 1304 ad
3088 1247 3373 1304 sanitatem
3415 1244 3529 1315 ejus
3551 1260 3690 1298 ment.

2165 1352 2259 1403 bra
2291 1350 2477 1402 omnia
2504 1345 2864 1400 collaborant.

2242 1458 2261 1492 ι
2303 1439 2432 1493 Sive
2460 1435 2726 1505 gloriatur
2783 1447 2950 1487 unum
3004 1430 3346 1492 membrum,
3394 1426 3693 1497 congaudent

2166 1535 2346 1590 omnia
2385 1533 2649 1586 membra.
2688 1549 2707 1582 ι
2741 1529 2899 1585 Sicut
2949 1527 3028 1582 ait
3064 1527 3319 1601 Salomon
3374 1542 3393 1579 :
3445 1523 3595 1580 Corde
3622 1523 3695 1578 ιε.

490 1653 589 1693 tzes
612 1638 867 1701 scientes,
899 1632 989 1688 ubi
1024 1640 1151 1687 sunt
1176 1626 1498 1684 auditores?
2170 1637 2341 1687 tanta,
2372 1625 2544 1680 cultus
2578 1624 2731 1692 ﬂoret
2761 1621 2949 1690 (Prov.
2976 1636 3065 1687 xv,
3099 1621 3212 1683 15).
3239 1616 3348 1672 Nos
3379 1625 3549 1670 autem
3570 1631 3694 1671 eont-

569 1746 589 1780 ι
630 1726 684 1783 Si
729 1736 899 1781 ιοιυπὶ
949 1725 1202 1787 auditus.
1252 1720 1347 1776 ubi
1375 1718 1676 1807 οᾴοηῑιηῖ
1721 1734 1741 1769 ι
1778 1715 1836 1769 Si
1872 1729 2060 1770 omnes
2173 1716 2478 1787 passionem
2528 1726 2585 1770 et
2637 1714 3163 1784 congratulatiouem
3198 1712 3253 1766 in
3304 1710 3568 1765 contraria
3600 1723 3698 1779 pcr-

496 1820 792 1882 auditores,
821 1815 944 1885 quis
973 1813 1079 1869 erit
1120 1811 1245 1867 boui
1284 1801 1467 1866 odoris
1504 1807 1702 1862 malive
1740 1805 2011 1863 discretor
2046 1823 2061 1858 :
2098 1801 2138 1856 Β
2170 1818 2458 1863 mutamus.
3078 1868 3085 1875 _

496 1921 554 1963 ιιι
585 1922 749 1960 unum
784 1919 983 1974 corpus
1011 1903 1311 1958 cllioiamur
1347 1900 1401 1954 in
1438 1898 1680 1953 Christo.
2247 1919 2265 1952 ι
2308 1900 2418 1955 Vos
2470 1907 2650 1953 autem
2712 1898 2846 1949 estis
2879 1911 3080 1965 corpus
3144 1895 3370 1951 Christi.
3420 1913 3440 1946 ι
3473 1893 3574 1950 Hoc
3596 1901 3696 1952 est.

578 2018 598 2051 ι
626 1998 782 2053 Nunc
815 2007 996 2052 autem
1032 1993 1215 2066 posuit
1248 1994 1389 2047 Deus
1420 1991 1683 2054 membra,
1721 1986 2066 2057 unumquod-
2170 1993 2414 2049 Ecclesia
2447 1993 2513 2046 de
2532 2004 2701 2046 carne
2729 1992 2850 2059 eius
2903 2000 2956 2046 et
2979 1990 3046 2045 de
3075 1990 3297 2045 ossibus
3318 1988 3476 2058 ejus:
3502 1987 3624 2042 sicut
3645 1985 3697 2037 ad

498 2108 606 2163 que
635 2107 825 2148 eorum
857 2091 911 2146 itt
945 2103 1175 2159 corpore
1204 2088 1348 2143 sicut
1376 2085 1570 2141 voluit.
1609 2102 1628 2136 ι
1665 2080 1819 2139 Sicut
1860 2082 1913 2136 in
1943 2096 2063 2136 cor-
2173 2088 2433 2158 Ephesios
2461 2089 2560 2141 ait.

497 2201 631 2256 pore
658 2193 781 2254 apte
826 2192 881 2241 et
917 2183 1163 2239 ordinate
1195 2180 1489 2235 constituta
1522 2186 1647 2231 sunt
1678 2176 1916 2231 membra
1949 2189 1965 2228 :
1995 2173 2067 2228 ita
2249 2199 2269 2233 ι
2314 2181 2378 2234 Ει
2410 2180 2651 2232 membra
2690 2179 2757 2234 de
2811 2178 3075 2232 membro.
3117 2192 3137 2223 ι
3178 2171 3322 2234 Tuti,
3355 2184 3549 2242 corpus
3575 2185 3589 2224 :
3612 2168 3702 2224 sin-

495 2296 554 2339 et
584 2284 635 2338 itt
664 2280 907 2337 Ecclesia
932 2277 1303 2346 unusquisque
1327 2291 1355 2327 a
1390 2272 1520 2335 Deo,
1553 2271 1620 2323 ad
1659 2269 1711 2323 id
1748 2267 1894 2339 quod
1914 2277 2070 2335 aptus
2173 2272 2303 2343 guli,
2340 2270 2605 2325 membra.

498 2384 602 2438 est,
632 2375 937 2431 ordinatur.
2250 2380 2271 2413 ι
2309 2359 2650 2428 thuosdam
2686 2359 2905 2427 quidem
2939 2356 3122 2427 posuit
3153 2354 3321 2408 Deus.
3347 2368 3366 2404 ι
3390 2350 3541 2407 Modo
3560 2351 3703 2421 ipsum

574 2486 596 2521 ε
636 2467 792 2532 Quod
859 2464 904 2520 si
961 2472 1141 2518 essent
1193 2460 1373 2517 omnia
1422 2474 1584 2513 unum
1627 2456 1949 2517 membrum,
1979 2450 2069 2504 ubi

502 2558 746 2631 corpus?
784 2577 802 2610 ι
840 2558 897 2611 Si
933 2569 1124 2611 omnes
1170 2568 1333 2607 unam
1383 2552 1610 2620 gratiam
1670 2548 1953 2628 haberent,
1985 2557 2073 2597 re-

503 2654 665 2723 liquae
703 2650 794 2704 ubi
828 2645 1056 2704 essent?
1108 2658 1207 2699 nec
1243 2657 1444 2712 corpus
1487 2641 1598 2711 jam
1655 2643 2074 2709 poterantesse,

505 2744 599 2802 sed
633 2743 894 2798 membra.

587 2858 606 2889 ι
636 2836 793 2891 Nunc
821 2842 1000 2888 autem
1031 2833 1201 2887 multa
1232 2829 1449 2900 quidem
1481 2820 1743 2889 membra,
1775 2832 1942 2877 unum
1976 2832 2077 2873 au-

511 2941 616 2985 tem
667 2944 882 2998 corpus.
927 2945 945 2978 ι
981 2924 1096 2981 Hoc
1150 2929 1258 2988 est,
1320 2923 1614 2977 humanum
1661 2931 1676 2968 :
1720 2911 1862 2984 quod
1911 2909 2077 2966 multa

511 3021 756 3079 membra
799 3017 1058 3075 ostendit.

2176 2453 2293 2507 vult
2325 2453 2693 2507 membrorum
2734 2450 2980 2504 ordinem
3013 2451 3419 2502 demonstrare.

2254 2562 2274 2595 ι
2306 2543 2366 2598 Ιιι
2404 2541 2644 2597 Ecclesia
2672 2541 2849 2609 primo
2883 2541 3178 2611 apostolos.
3216 2558 3234 2590 ι
3278 2537 3401 2593 Non
3429 2539 3479 2592 in
3516 2550 3709 2609 synago-

2176 2650 2265 2705 ga,
2297 2648 2365 2689 ne
2399 2640 2652 2702 putemus
2680 2649 2805 2688 eum
2835 2631 2904 2688 de
2927 2632 3166 2699 antiquis
3195 2631 3403 2688 dixisse
3424 2629 3708 2700 prophetis:

2180 2727 2322 2781 sicut
2366 2736 2487 2781 erat
2539 2726 2758 2795 Agabus
2794 2735 3095 2779 :eazterum
3146 2722 3487 2792 patriarchas
3530 2730 3711 2790 quoque

2179 2817 2446 2873 debuerat
2476 2818 2782 2872 nominare.

2261 2928 2281 2962 ε
2321 2907 2572 2965 Secundo
2594 2909 2911 2980 prophetas,
2950 2907 3113 2962 tertio
3147 2910 3433 2962 doctores.-
3459 2922 3479 2958 ι
3510 2901 3716 2971 Prophe-

2184 3012 2250 3057 ta:
2282 3013 2432 3067 sunt,
2467 3003 2561 3073 qtti
2599 3003 2894 3071 explanant
2926 3003 3165 3058 obscura
3219 3001 3596 3071 prophetarum
3631 3002 3718 3052 εει

588 3135 607 3168 ι
636 3108 752 3169 Νοιι
787 3121 964 3182 potest
1010 3120 1189 3164 autem
1222 3108 1411 3160 oculos
1455 3103 1640 3157 dicere
1671 3096 1874 3161 manui,
1915 3106 2078 3164 opera
2108 3137 2151 3193 ο
2185 3094 2273 3161 qui
2313 3093 2557 3147 homines
2608 3093 2967 3146 exhortantur
2990 3131 3007 3153 .
3056 3094 3198 3148 sicut
3244 3091 3376 3145 alibi
3414 3090 3539 3143 dicit
3571 3087 3719 3143 :Nast

514 3219 602 3262 tua
661 3222 768 3261 non
827 3203 1063 3272 indigeo.
1114 3198 1292 3254 tldeo
1350 3194 1591 3250 int-idem
1644 3191 1989 3259 indigemus,
2026 3196 2083 3239 ttt

514 3300 685 3370 magis
716 3313 780 3351 ac
815 3297 987 3365 magis
1016 3293 1252 3347 charitas
1287 3287 1661 3344 confirmetur.
1703 3282 1835 3335 Nam
1870 3281 1913 3334 si
1946 3292 2085 3334 unus

517 3390 699 3445 omnia
734 3387 980 3449 haberet,
1005 3383 1270 3439 adversus
1312 3387 1536 3433 caeteros
1567 3373 1872 3430 iuuaretur.

595 3499 615 3533 ι
643 3479 744 3534 Aut
779 3476 978 3532 iterum
1008 3483 1167 3542 caput
1213 3470 1461 3541 pedibus.
1505 3486 1524 3519 ι
1564 3464 1835 3520 Sacerdos
1874 3471 1955 3516 est
1992 3472 2086 3514 ea-

518 3582 617 3641 put
647 3589 661 3628 :
695 3570 918 3635 iul‘trmi,
950 3570 1111 3638 pedes
1162 3563 1440 3619 Ecclesiae.
1478 3558 1533 3614 Si
1586 3556 1781 3614 dixerit
1821 3550 2088 3613 auricula.

521 3680 642 3737 qua:
693 3663 909 3728 Sapiens
969 3654 1190 3714 auditor
1217 3665 1298 3711 εει
1329 3655 1477 3725 (nam
1518 3649 1666 3704 auris
1715 3647 1860 3701 inter
1895 3654 2089 3700 caetera

524 3756 729 3812 auferri
793 3754 993 3810 dicitur
1041 3766 1070 3804 a
1123 3747 1306 3804 Iudaea
1362 3756 1458 3817 per
1507 3743 1700 3798 lsaiam
1768 3737 2088 3809 prophetam

525 3852 672 3926 [τηρ.
707 3864 785 3913 γι,
811 3852 948 3902 νει-ε.
986 3842 1074 3915 l0]
1108 3841 1270 3897 ε-Νοιι
1324 3838 1445 3893 ἒιιηι
1490 3834 1703 3899 oculus,
1736 3845 1843 3886 non
1874 3842 1993 3885 sum
2023 3840 2090 3882 ex

526 3923 760 4014 corpore
791 3956 805 3998 :
836 3956 961 3994 nutu
1018 3939 1139 3990 ideo
1172 3950 1277 3989 non
1310 3942 1393 3985 est
1418 3930 1486 3985 de
1517 3923 1787 3996 corpore?

604 4010 781 4088 r'l‘ion
833 4030 967 4085 retis
1021 4026 1150 4081 mihi
1203 4021 1521 4078 necessarii.
1564 4038 1582 4071 ι
1616 4016 1817 4072 Oenius
1862 4020 1969 4078 est,
2002 4010 2093 4080 ιιι-ἰ

532 4125 823 4193 intelligit;
864 4137 947 4185 os,
981 4118 1071 4172 ille
1112 4116 1202 4184 qui
1257 4114 1436 4178 docet,
1481 4110 1564 4165 νει
1613 4107 1850 4178 loquitur
1880 4103 2095 4173 linguis.

609 4237 625 4269 ι
666 4215 772 4269 Sed
807 4213 977 4267 multo
1020 4208 1212 4284 magis,
1259 4220 1377 4275 qua:
1409 4202 1665 4256 videntur
1713 4195 1953 4251 membra
1986 4205 2101 4248 eor-

535 4310 680 4380 pot'is
702 4306 1000 4361 iulirmiora
1026 4314 1168 4364 esse,
1204 4294 1572 4352 necessatiora
1606 4297 1752 4346 sunt.
1788 4306 1809 4341 ι
1840 4284 2098 4346 Membra.

2187 3184 2277 3253 qui
2309 3188 2603 3255 prophetat
2645 3184 2981 3250 hominibus,
3029 3183 3268 3253 loquitur
3314 3185 3388 3237 ad
3445 3178 3721 3236 mditieatio-

2187 3292 2337 3340 nem,
2363 3275 2823 3341 exhortationem,
2855 3283 2911 3329 et
2951 3274 3371 3330 consolationes.

2265 3387 2285 3420 ι
2318 3367 2527 3423 Deinde
2558 3367 2808 3433 virtutes,
2852 3367 3050 3422 exinde
3094 3368 3299 3437 gratias
3324 3364 3672 3421 curationum.
3702 3376 3719 3410 t

2191 3461 2291 3517 llic
2327 3463 2580 3524 virtutes,
2608 3459 2767 3529 signa
2805 3458 3011 3528 majora
3040 3458 3333 3529 signiticet.

2271 3571 2290 3604 ι
2324 3551 2740 3621 Opitulationes.
2784 3569 2803 3602 ι
2834 3547 2952 3604 lloc
2981 3558 3086 3610 est,
3118 3548 3412 3616 adjutoria.
3437 3548 3588 3604 Unde
3615 3544 3728 3600 Pau-

2192 3644 2247 3699 lo
2279 3646 2331 3697 in
2367 3644 2484 3697 visu
2538 3644 2739 3697 dicitur
2777 3656 2808 3696 a
2846 3642 2966 3696 viro
2989 3640 3286 3697 Macedone
3318 3660 3333 3696 :
3382 3641 3534 3706 Veni,
3564 3639 3730 3707 σάλπη

2194 3750 2287 3789 nos
2325 3734 2465 3804 (Act.
2498 3748 2608 3796 xvt.
2653 3732 2731 3799 9).

2271 3847 2290 3879 ι
2329 3826 2764 3885 Gubernationes
2785 3865 2804 3891 ,
2838 3841 3039 3895 genera
3070 3826 3401 3897 linguarum,
3443 3827 3732 3894 interprets.

2196 3921 2373 3977 tiones
2426 3935 2759 3977 sermonum.
2806 3940 2824 3973 ι
2866 3921 2967 3987 Qui
3012 3920 3190 3975 sciunt
3241 3918 3490 3989 singulos
3529 3956 3546 3983 ,
3604 3918 3735 3986 prout

2198 4014 2308 4082 apti
2348 4022 2476 4069 sunt
2502 4014 2833 4082 gubernare.

2276 4144 2296 4180 ι
2367 4126 2622 4199 Nunquid
2683 4144 2877 4185 omnes
2934 4126 3207 4197 apuswli?
3258 4126 3520 4200 Nunquid
3578 4136 3739 4182 omnes

2200 4219 2518 4289 prophetae?
2587 4206 2840 4287 Nunquid
2902 4235 3093 4276 omnes
3152 4220 3455 4276 doctores?
3520 4213 3741 4285 Nunquid

2200 4324 2395 4366 Omnes
2434 4311 2707 4367 virtutes?
2754 4308 3249 4382 Numquid-omnes
3296 4314 3531 4382 gratiam
3576 4311 3743 4364 habent

533 4379 654 4472 qua;
712 4394 971 4468 spernitis
1016 4393 1069 4445 itt
1124 4388 1364 4444 Ecclesia
1427 4384 1651 4454 majoris
1704 4379 1956 4434 utilitatis
1982 4392 2082 4432 εδει

2205 4402 2594 4457 curationum?
2624 4401 2898 4474 [Nunquid
2944 4416 3133 4458 omnes
3189 4379 3393 4476 linguis
3444 4397 3747 4473 lnquuntur?

534 4492 869 4564 probantur:
901 4487 1038 4540 sicut
1068 4481 1124 4539 in
1155 4492 1381 4550 corpore
1421 4478 1539 4529 sine
1569 4472 1821 4527 manibus
1843 4477 1914 4566 et
1948 4467 2100 4537 pedi-
2130 4479 2177 4540 ι)
2210 4492 2461 4566 Nunquid
2490 4467 2683 4550 omnés
2734 4467 3357 4563 ίηὶρτρτεωηωττιιῐοε
3395 4504 3484 4550 εει
3509 4467 3645 4562 quod
3670 4504 3746 4543 ⁵η,

537 4588 637 4639 ¹³¹¹⁵
674 4581 889 4676 imm"
925 4579 1038 4631 3m“
1086 4570 1362 4676 ίηιθεξίωίῗ
1382 4569 2080 4676 TW":"Et'nvi‘i‘j't;
2206 4588 2387 4660 pertus
2438 4585 2771 4645 dixerat:Si
2820 4598 3000 4644 essent
3027 4587 3208 4643 omnia
3250 4602 3419 4644 unum
3454 4586 3747 4641 membrum.

616 4694 633 4727 ι
675 4654 743 4727 Et
772 4686 891 4741 qua:
923 4678 1176 4740 putamus
1219 4660 1536 4733 ignobiliora
1577 4653 1816 4710 membra
1842 4666 1963 4707 esse
1984 4665 2103 4705 eor-
2206 4653 2296 4737 ίὼί
2329 4681 2565 4751 corpu”

535 4767 704 4837 poris.
746 4781 764 4813 ι
800 4759 918 4814 Νοιι
953 4772 1062 4828 quo
1094 4767 1220 4809 vere
1244 4752 1356 4807 sint
1384 4747 1533 4803 talia.

620 4877 638 4909 ι
671 4854 766 4910 llis
813 4854 1074 4911 honorem
1118 4842 1568 4901 abuttdatttiorettt
1618 4834 2038 4891 circutndamus.
2081 4845 2101 4879 ι

537 4948 673 5004 Cum
727 4945 939 4999 cautius
979 4934 1341 4998 vestimentis,
1364 4941 1419 4987 et
1451 4926 1769 4998 diligentius
1799 4931 2103 4991 contegun-

541 5053 647 5098 tur.
1250 5044 1295 5071 "

618 5145 638 5179 ι
680 5124 746 5179 Et
773 5138 892 5194 qttze
920 5122 1206 5174 inhonesta
1241 5124 1367 5170 sunt
1414 5120 1621 5175 nostra,
1662 5104 2107 5161 abundantiorem

541 5223 892 5276 honestatem
927 5214 1149 5269 habent.
1182 5208 1415 5262 Honesta
1454 5214 1632 5257 au'em
1685 5209 1874 5255 nostra
1910 5195 2111 5251 nullius

540 5320 753 5384 egent»
785 5308 916 5376 Qua:
943 5321 1038 5377 per
1086 5319 1142 5358 se
1176 5299 1396 5372 pulchra
1419 5306 1545 5352 sunt
1568 5337 1582 5358 ,
1624 5293 1823 5349 nullius
1857 5288 2113 5359 tegminis

540 5414 702 5476 egent
733 5398 1156 5472 pulchritudine,
1188 5402 1247 5447 ut
1276 5402 1361 5447 est
1397 5398 1558 5459 caput
1587 5396 1641 5442 et
1686 5400 1900 5441 ntantts.
1978 5454 1992 5461 -

622 5518 640 5550 ι
681 5498 785 5551 Sed
847 5493 990 5546 Deus
1039 5487 1355 5557 temperat-it
1408 5495 1623 5550 corpus,
1670 5479 1719 5533 ei
1777 5477 1861 5531 cui
1905 5475 2112 5537 deerat,

547 5586 999 5642 abundantiorem
1049 5581 1336 5635 tribuendo
1397 5576 1681 5629 honorem.
1742 5588 1761 5622 ι
1816 5567 2116 5621 Minoribus

549 5679 750 5746 majora
780 5678 918 5729 dona
944 5672 1247 5728 concedens
1282 5687 1295 5723 :
1335 5674 1391 5722 ut
1422 5666 1511 5736 qui
1547 5667 1747 5719 honore
1771 5662 1943 5716 minor
1976 5667 2113 5723 erat,

554 5772 722 5839 gratia
764 5767 1075 5827 abundaret,

2288 4810 2307 4843 ι
2344 4789 2696 4846 Αἳιιιυῐιιωίηἰ
2728 4794 2910 4845 autem
2944 4788 3271 4845 charismata
3321 4789 3569 4845 meliora.
3609 4805 3628 4839 ι
3661 4784 3753 4840 lloc

2207 4892 2312 4951 est,
2344 4883 2629 4939 seelatttini
2650 4885 2967 4954 prophetas.

2285 5014 2303 5047 ι
2346 4994 2412 5048 Et
2451 4993 2628 5049 adhuc
2690 4993 3154 5050 excellentioretn.
3190 5013 3209 5047 ι
3246 4993 3304 5049 lu
3344 4993 3542 5049 Grteco
3597 4987 3751 5045 habet.

2210 5102 2367 5157 super
2396 5089 2628 5143 modum.

2290 5216 2307 5250 I
2350 5197 2501 5251 Viam
2529 5196 2688 5250 vobis
2707 5196 3040 5250 demonstro.
3073 5214 3091 5247 ι
3124 5195 3481 5260 Charitatem,
3510 5201 3754 5264 perquam

2216 5289 2531 5358 pervenitur
2562 5287 2630 5342 ad
2665 5285 2835 5342 Deum
2867 5284 3039 5344 :Vult
3065 5303 3163 5341 nos
3194 5287 3363 5356 magis
3401 5288 3495 5342 illa
3524 5294 3754 5356 quaerere.

2214 5399 2336 5455 quae
2368 5399 2433 5438 ex
2483 5382 2638 5437 nobis
2675 5390 2825 5448 sunt,
2873 5391 2927 5435 et
2971 5380 3035 5435 ad
3096 5381 3261 5434 vitam
3314 5392 3571 5450 prosunt,
3620 5387 3754 5446 quam

2217 5478 2370 5545 signa
2403 5492 2523 5548 qua:
2554 5490 2660 5532 non
2693 5484 2820 5529 sunt
2853 5474 2907 5528 in
2951 5485 3134 5529 nostra
3157 5482 3427 5544 potestate
3454 5473 3640 5542 posita.

2805 5628 3033 5688 CAPUT
3065 5628 3204 5687 Xlll.

2297 5764 2316 5803 ι
2355 5745 2409 5800 Si
2444 5745 2641 5817 linguis
2691 5744 2973 5801 hominum
3029 5743 3243 5812 loquar,
3294 5750 3346 5794 et
3380 5739 3751 5809 angelorumn
