3954 6194
279 349 389 412 789

1290 344 1705 405 EXPOSITIO
1753 344 1832 404 IN
1873 346 2109 405 EPIST.
2155 346 2181 405 Ι
2223 346 2324 405 AD
2360 343 2529 405 COB.
3427 326 3535 390 790

279 464 399 520 Non
451 463 628 521 solum
682 464 929 519 omnium
986 461 1289 530 hominum,
1324 462 1420 519 sed
1450 461 1614 518 etiam
1652 460 1698 518 si
1745 477 1862 532 qua:
1892 472 1936 527 Α
1968 460 2175 529 species
2221 460 2529 519 charitstis.
2575 455 2856 522 Parentes,
2888 450 3014 523 quia
3042 447 3269 504 multum
3304 446 3534 514 diligunt

277 564 407 611 sunt
434 553 771 626 angelorum.

363 689 381 722 ι
420 669 753 724 Charitatem
786 676 966 723 autem
1001 683 1108 723 non
1166 664 1393 722 habeam
1441 683 1455 719 :
1502 664 1681 720 factus
1734 679 1852 718 sum

275 766 432 816 velut
476 775 551 815 tes
585 774 810 825 sonans,
847 767 939 813 aut
986 758 1288 830 cymbalum
1342 757 1599 812 tinniens.
1644 774 1664 808 ι
1701 755 1855 821 Quod

278 870 389 908 non
422 868 487 908 ex
548 867 631 916 se,
662 852 757 906 sed
802 852 871 907 ab
918 852 1028 907 alio
1054 850 1344 921 impulsum
1377 849 1552 904 solum
1616 848 1854 903 sauitum

278 946 479 1009 reddit,
511 953 567 999 et
596 945 831 1000 delectat
861 943 1127 997 auditum.
1153 942 1407 997 Charitas
1448 954 1578 996 vero
1605 955 1671 995 ex
1702 930 1857 995 nobis

277 1048 383 1102 est,
417 1045 467 1092 et
500 1035 979 1111 omnemjpossidet
1007 1034 1268 1092 fructum.

358 1165 377 1199 ι
417 1146 547 1201 Etsi
581 1146 821 1200 habuero
853 1145 1216 1214 prophetiam,
1249 1152 1304 1201 et
1329 1145 1571 1200 neverim
1598 1142 1858 1214 mysteria

278 1239 487 1292 nuntia.
538 1255 557 1289 ι
606 1236 706 1292 llic
760 1237 944 1290 l'otura
981 1236 1300 1306 praedicare,
1341 1236 1725 1306 mysteriorum
1764 1247 1858 1288 co-

280 1330 452 1398 grtith
505 1338 609 1394 est,
662 1337 715 1382 et
750 1330 993 1382 omnium
1030 1336 1389 1382 secretorum.
1426 1327 1665 1383 Scientia
1702 1340 1857 1388 vero,

282 1436 445 1477 nosse
473 1422 657 1477 omnia
720 1434 841 1491 qua:
873 1421 1094 1477 luerunt
1123 1430 1177 1475 et
1230 1428 1377 1476 sunt.
1431 1419 1487 1475 Si
1526 1422 1627 1476 ista
1675 1420 1859 1473 omnia

282 1524 393 1566 tam
429 1528 622 1583 magna
651 1515 770 1568 sine
792 1513 1063 1568 charilate
1089 1512 1222 1567 nihil
1255 1521 1382 1568 sunt
1412 1528 1427 1566 :
1461 1520 1663 1582 quanto
1692 1512 1863 1580 ntagis

280 1604 403 1655 sine
429 1602 780 1663 abstinentia,
804 1602 1033 1672 jejunio,
1058 1612 1111 1656 et
1138 1601 1226 1656 his
1258 1600 1546 1664 similibus,
1576 1598 1632 1655 in
1664 1600 1861 1670 quibus

279 1690 389 1747 sibi
425 1690 672 1760 plerique
705 1690 891 1744 relicta
939 1690 1209 1757 charitate
1241 1688 1580 1757 glorianturl

364 1798 383 1831 ι
432 1780 495 1835 Et
523 1795 737 1835 omnem
762 1778 1068 1835 scientiam.
1104 1796 1122 1831 ι
1154 1779 1220 1833 Ει
1249 1779 1337 1833 hic
1362 1778 1594 1835 scientia
1623 1793 1817 1848 magna
1841 1793 1858 1830 :

280 1873 410 1940 quia
442 1886 564 1926 cum
601 1870 688 1925 his
717 1880 1086 1939 computatur,
1122 1870 1289 1926 etiam
1320 1869 1366 1926 si
1403 1869 1583 1925 minor
1622 1872 1695 1925 slt
1724 1871 1857 1924 cha-

284 1963 469 2017 ritate.

363 2094 383 2126 ι
423 2075 561 2129 Etsi
623 2075 869 2129 habuero
924 2090 1142 2131 omnem
1206 2076 1387 2137 (idem,
1434 2076 1507 2130 ita
1558 2084 1614 2130 nt
1650 2086 1859 2133 montes

286 2165 619 2221 transferant
658 2180 674 2221 :
710 2167 1038 2220 charitatem
1071 2175 1254 2220 autent
1277 2181 1387 2220 non
1427 2166 1694 2230 habuero,
1727 2165 1861 2220 nihil

282 2271 427 2308 sum.
459 2273 480 2307 ι
519 2253 616 2310 llic
661 2254 985 2325 intelligitur
1041 2270 1236 2326 magna
1306 2258 1438 2311 lides
1474 2270 1614 2321 esse,
1651 2272 1772 2325 qua:
1806 2255 1859 2311 in

288 2346 584 2418 Evangelio
640 2364 808 2421 grano
861 2349 1067 2420 sinapis
1132 2360 1476 2418 comparatur
1523 2366 1537 2403 :
1585 2364 1706 2419 qua:
1754 2364 1859 2404 non

287 2452 514 2510 propter
547 2441 945 2505 modicitatem,
973 2443 1065 2495 sed
1095 2450 1314 2510 propter
1349 2440 1736 2510 Iutegritatem,
1775 2440 1859 2495 vel

286 2536 527 2603 vigorem
582 2535 826 2602 apposita
861 2542 965 2588 est.
1022 2532 1328 2588 Notandum
1358 2548 1489 2587 sane
1538 2534 1686 2602 quod
1717 2532 1863 2588 inter

285 2634 483 2679 caetera
515 2625 675 2680 etiam
724 2626 903 2681 omnis
937 2626 1090 2692 lldes,
1139 2640 1258 2695 qua:
1302 2635 1514 2680 montes
1545 2625 1861 2695 transferat,

288 2734 411 2772 s:nc
435 2718 699 2772 cbaritate
733 2733 840 2775 non
877 2720 1068 2788 prosit.

368 2854 388 2887 ι
433 2834 560 2889 Etsi
593 2833 918 2888 distribuere
948 2835 999 2888 in
1050 2833 1198 2887 cibos
1230 2847 1524 2903 pauperum
1554 2848 1744 2888 omnes
1780 2834 1860 2888 fa-

284 2925 517 2977 Cttllztlcs
546 2937 712 2978 meas.
740 2941 758 2975 ι
782 2924 1075 2994 Apostolus
1101 2924 1165 2978 de
1186 2939 1399 2978 summo
1416 2925 1694 2978 charitatis
1722 2925 1862 2979 bmto

286 3025 550 3081 traatans,
603 3018 773 3087 magis
818 3034 937 3073 cam
972 3017 1327 3088 proculdubio
1366 3017 1529 3071 rebus
1560 3017 1862 3087 prmtolisse

283 3108 593 3165 credendus
622 3116 706 3165 est
739 3126 754 3162 :
784 3126 956 3179 neque
989 3114 1133 3164 enim
1171 3120 1467 3179 potuerunt
1515 3109 1589 3163 rei
1638 3124 1862 3163 summa:

1960 552 2122 620 filios,
2155 569 2344 609 eorum
2372 553 2533 608 etiam
2567 550 2798 605 libenter
2830 545 3116 618 patiuntur
3141 541 3390 611 injurias.

2034 665 2051 697 ι
2090 645 2340 700 Charitas
2396 659 2503 699 non
2555 641 2891 697 mandatur:
2931 652 3038 691 non
3088 634 3197 704 agit
3225 646 3534 703 perperam,

1959 753 2065 792 non
2096 736 2332 791 inﬂatur.
2376 757 2396 789 ι
2432 734 2600 791 Nemo
2625 734 2723 797 illi,
2752 747 2914 804 quem
2946 745 3073 784 vere
3101 735 3273 790 amat,
3306 723 3533 785 invidet,

1958 826 2200 896 cujusvis
2235 840 2358 879 eum
2389 839 2510 878 esse
2554 821 2855 891 eonSpiciat
2910 819 3116 888 glorize,
3151 816 3231 871 \el
3259 813 3482 868 honoris
3514 829 3530 865 :

1957 925 2052 973 sed
2087 932 2304 972 onmem
2356 916 2473 986 ejus
2523 912 2859 976 felicitatem,
2901 909 3055 979 quasi
3110 921 3263 960 suam
3300 903 3533 958 libenter

1960 1008 2326 1077 amplectitur.

2034 1119 2053 1151 ι
2083 1098 2197 1153 Non
2219 1110 2302 1156 est
2332 1100 2638 1154 ambitiosa.
2684 1119 2701 1150 ι
2747 1096 2917 1167 Major
2954 1109 3074 1150 esse
3106 1092 3228 1146 aliis
3274 1106 3381 1146 non
3416 1105 3535 1143 am-

1961 1190 2058 1255 bit,
2091 1200 2144 1242 et
2176 1204 2340 1258 super
2366 1188 2565 1242 fratres
2600 1204 2705 1242 non
2738 1187 2889 1255 cupit
2920 1182 3208 1238 dominari.

2036 1297 2054 1328 ι
2095 1276 2207 1331 Non
2239 1277 2432 1347 qumrit
2466 1292 2585 1346 quae
2635 1292 2730 1331 sua
2765 1283 2915 1330 sunt.
2951 1290 2970 1324 ι
3010 1271 3127 1326 Non
3166 1272 3359 1342 quaerit
3393 1270 3536 1339 quod

1960 1371 2063 1426 sibi
2093 1380 2300 1426 tantum
2341 1371 2413 1425 sit
2445 1370 2593 1435 utile,
2632 1369 2724 1421 sed
2753 1366 2895 1436 quod
2940 1364 3145 1419 multis.

2036 1479 2054 1511 ι
2094 1462 2205 1514 Non
2246 1456 2511 1516 irritatur.
2550 1479 2568 1512 ι
2610 1456 2724 1511 Νοιι
2756 1457 3011 1512 incitatur
3039 1457 3103 1509 ad
3128 1456 3328 1525 jurgia,
3355 1454 3538 1508 abillo

1961 1567 2123 1624 quem
2154 1553 2351 1623 diligit.

2038 1666 2057 1699 ι
2094 1645 2211 1701 Non
2240 1646 2442 1716 cogitat
2469 1645 2694 1700 malum.
2732 1641 2893 1696 {Non
2926 1641 3101 1696 solum
3132 1653 3238 1694 non
3265 1638 3417 1706 facit,
3443 1638 3537 1692 sed

1965 1735 2051 1795 nc’
2066 1738 2266 1809 c0gitat
2296 1738 2536 1808 quidem.

2039 1846 2059 1881 ι
2100 1828 2218 1883 Non
2246 1828 2444 1899 gaudet
2476 1844 2643 1900 super
2675 1829 2986 1900 iniquitate.
3029 1846 3046 1877 ι
3089 1824 3460 1882 Contristatur
3490 1822 3536 1875 si

1960 1934 2121 1990 quem
2154 1920 2404 1990 iniquum
2435 1921 2662 1992 aliquid,
2688 1922 2771 1976 vel
2797 1922 3014 1985 fecisse,
3038 1920 3125 1973 vel
3163 1930 3380 1988 passum
3417 1929 3538 1969 esse

1962 2011 2330 2079 conspexerit.

2037 2118 2057 2153 ι
2096 2102 2613 2172 Congandetautem
2665 2102 2899 2156 veritati.
2936 2118 2953 2151 ι
2995 2099 3047 2152 Id
3101 2108 3184 2154 est
3218 2097 3375 2153 bonis
3405 2110 3539 2166 ope-

1962 2193 2136 2255 ribus,
2172 2191 2254 2247 vel
2287 2191 2411 2247 fidei
2441 2192 2682 2246 veritati.

2036 2299 2055 2332 t
2092 2280 2284 2338 Omnia
2342 2281 2558 2348 sull'ert,
2595 2281 2780 2338 omnia
2834 2280 3029 2346 credit,
3090 2278 3272 2332 omnia
3329 2284 3536 2346 sperat,

1962 2375 2146 2431 omnia
2193 2374 2446 2431 sustinet.
2521 2394 2540 2428 ι
2609 2374 2810 2429 Sull‘ert
2864 2372 3120 2443 injurias,
3179 2372 3537 2427 satisfacient!

1961 2468 2154 2531 credit,
2195 2478 2381 2538 sperat
2411 2468 2528 2538 ejus
2563 2467 2998 2523 emendationem
3035 2480 3050 2520 :
3080 2474 3132 2519 et
3164 2466 3334 2517 donec
3368 2461 3543 2514 corri-

1961 2568 2068 2629 gat,
2100 2560 2368 2628 patienter
2396 2566 2692 2628 exspectat.

2038 2669 2057 2702 t
2088 2649 2336 2706 Charitas
2363 2667 2638 2721 nunquam
2688 2650 2910 2705 excidit.
2952 2667 2971 2700 ι
3010 2646 3121 2702 lloc
3148 2655 3253 2709 est,
3280 2646 3395 2715 ipsa
3425 2644 3541 2699 sola

1915 2781 1921 2786 -
1962 2754 2248 2817 permanet
2282 2745 2335 2799 ιιι
2369 2744 2574 2799 futuro.
2628 2744 2731 2797 Aut
2766 2752 2934 2807 certe,
2973 2755 3094 2811 qua:
3131 2754 3259 2794 vera
3287 2748 3393 2805 est,
3432 2753 3540 2792 non

1964 2837 2177 2890 linitur.

2039 2946 2057 2978 ι
2102 2929 2229 2983 Sive
2254 2928 2551 2999 prophetia:
2576 2926 3008 2989 evacuabuntor,
3034 2924 3147 2979 sive
3175 2923 3377 2990 linguzc
3423 2935 3545 2975 ces-

1964 3022 2180 3085 sahunt,
2233 3021 2349 3075 sive
2405 3020 2634 3074 scientia
2692 3020 3023 3073 destruetur.
3081 3013 3156 3068 Ex
3213 3025 3365 3085 parte
3398 3012 3543 3066 enim

1966 3111 2390 3181 cognoscimus,
2443 3120 2500 3166 ct
2547 3127 2611 3165 ex
2664 3119 2816 3181 parte
2870 3108 3280 3180 prOphetamus.
3346 3122 3364 3156 ι
3422 3105 3542 3158 Non

284 3201 597 3268 comparari
655 3216 760 3254 non
816 3216 1021 3271 magna:
1060 3217 1072 3255 :
1106 3201 1249 3270 quod
1296 3216 1359 3253 ex
1418 3199 1548 3268 ipsis
1579 3200 1863 3269 speciebus
1887 3166 1934 3230 Ο
1966 3206 2149 3257 omnia
2184 3203 2410 3269 scimus,
2439 3217 2537 3258 nec
2565 3203 2745 3257 omnia
2803 3202 3210 3271 prapltetatnus.
3253 3196 3317 3250 Et
3343 3197 3436 3258 ita,
3472 3193 3541 3250 Ut

285 3295 623 3362 agnoscitur.
648 3291 786 3348 Nam
822 3294 1020 3363 linguis
1046 3292 1326 3346 hominum
1361 3293 1530 3361 loqui,
1554 3304 1609 3345 et
1640 3293 1861 3361 angelo-

286 3401 436 3448 rum,
487 3396 540 3440 et
590 3386 791 3440 habere
845 3386 1204 3455 prOphetiam,
1256 3394 1308 3437 et
1367 3385 1551 3437 omnia
1608 3383 1863 3454 mysteria

286 3494 474 3542 ttossc,
510 3492 835 3546 omnemque
882 3476 1166 3531 scientiam
1226 3476 1527 3546 possidere,
1572 3486 1626 3529 et
1664 3477 1866 3539 habere

286 3584 505 3622 onmem
544 3569 726 3633 tidem,
763 3579 816 3624 et
866 3566 1085 3638 ignibus
1134 3582 1193 3621 se
1224 3569 1578 3621 cremandum
1630 3569 1862 3629 tradere,

289 3675 485 3728 utagna
508 3676 626 3715 esse
658 3660 779 3727 quis
803 3656 1046 3713 nesciat?
1068 3655 1161 3713 llis
1185 3659 1350 3713 etiam
1410 3659 1592 3711 mundi
1625 3669 1867 3712 content-

288 3762 421 3819 plus
449 3751 756 3803 atntectitur
787 3766 801 3803 :
834 3749 930 3819 qui
966 3750 1011 3803 si
1068 3764 1295 3819 magnus
1327 3764 1433 3803 non
1464 3760 1628 3815 esset,
1657 3764 1755 3803 nec
1788 3749 1866 3803 rei

286 3856 540 3909 summa',
588 3841 638 3896 id
686 3848 771 3896 est
802 3841 1079 3905 cbaritati,
1118 3852 1552 3911 compararetur,
1595 3858 1694 3897 nec
1726 3843 1869 3895 inter

289 3929 490 4003 magna
526 3935 708 4003 utique
748 3942 1064 4003 poneretur.
1109 3933 1265 4000 Quod
1296 3935 1509 3989 illorum
1541 3935 1868 3990 sententiam

287 4026 548 4088 destruit,
575 4023 668 4093 qui
705 4026 1120 4078 renuntiandum
1157 4024 1318 4080 rebus
1343 4025 1525 4083 saeculi
1554 4035 1704 4079 certo
1729 4035 1867 4079 teat-

286 4130 448 4184 pore,
505 4117 882 4184 persecutione
942 4124 1191 4186 cogente,
1258 4115 1446 4170 volunt
1491 4134 1614 4169 (35:0
1663 4131 1866 4184 praece-

288 4218 447 4273 ptum
480 4220 495 4260 ;
527 4214 582 4257 ιιι
625 4217 677 4257 et
710 4207 973 4273 apOstolis
1023 4206 1259 4281 gloriam‘
1310 4205 1525 4269 tollant,
1562 4208 1704 4274 quod
1765 4219 1868 4259 non

292 4300 531 4350 voluntat
552 4298 597 4352 ie
630 4297 880 4363 fecerint,
929 4308 1024 4353 sed
1075 4298 1232 4354 inviti
1263 4315 1276 4352 :
1304 4307 1359 4352 ct
1391 4302 1562 4353 nostri
1595 4297 1694 4352 aevi
1752 4314 1873 4367 pcr-

286 4394 307 4445 l
349 4405 483 4457 ctus,
518 4406 683 4445 vanos
717 4393 1069 4457 constituant,
1107 4391 1200 4460 qui
1236 4406 1346 4446 rem
1400 4392 1623 4446 alterius
1653 4401 1871 4459 tempo-

1967 3293 2020 3347 in
2078 3295 2254 3366 majus
2290 3295 2661 3364 proficiamus,
2693 3295 3079 3359 destruentnr;
3130 3306 3230 3364 per
3263 3290 3366 3344 ista
3395 3288 3540 3343 enim

1967 3387 2034 3442 ad
2063 3386 2299 3457 perfecta
2326 3387 2592 3443 venimus.

2045 3497 2062 3529 ι
2100 3476 2234 3532 Cum
2263 3488 2442 3533 autem
2489 3477 2699 3532 venerit
2753 3477 2894 3546 quod
2930 3473 3227 3546 perfectum
3277 3481 3384 3539 est,
3416 3484 3544 3525 eva-

1967 3572 2221 3626 cuabitur
2248 3571 2389 3640 quod
2420 3586 2485 3623 ex
2519 3582 2676 3640 parte
2707 3578 2808 3623 est.
2848 3587 2868 3620 ι
2900 3566 3057 3634 Quod
3087 3565 3289 3621 sanctis
3313 3562 3547 3635 promis-

1969 3680 2090 3719 sum
2128 3675 2214 3718 est
2246 3664 2299 3716 in
2326 3664 2531 3717 futuro.

2048 3772 2065 3805 t
2099 3753 2233 3808 Cum
2266 3768 2441 3808 essent
2502 3751 2783 3819 parvulus,
2834 3747 3099 3818 loquebar
3148 3757 3206 3801 ut
3263 3747 3539 3817 parvulus,

1970 3845 2248 3914 sapiebam
2305 3854 2362 3897 ut
2414 3844 2687 3912 parvulus,
2724 3842 3027 3913 cogitabam
3081 3848 3137 3893 ut
3191 3839 3472 3908 parvulus.
3519 3857 3537 3890 ι

1970 3935 2234 4004 Exemplo
2267 3934 2502 3990 carnalis
2533 3933 2877 3996 incrementi,
2912 3932 3030 3984 vult
3081 3930 3419 3999 spiritualem
3455 3930 3548 3984 de-

1972 4038 2277 4082 monstrare
2304 4024 2634 4092 profectum.
3376 4049 3387 4057 -
3562 4084 3569 4093 .

2051 4138 2069 4171 ι
2110 4119 2337 4185 Quando
2377 4126 2555 4171 autem
2590 4115 2764 4170 factus
2814 4131 2934 4169 sum
2968 4114 3068 4179 vir,
3123 4113 3388 4169 evacuavi
3424 4128 3545 4183 qua:

1971 4219 2132 4264 erant
2161 4209 2396 4278 parvuli.
2438 4227 2456 4260 ι
2494 4207 2755 4278 Exposuit
2789 4208 3020 4277 qualiter
3050 4216 3384 4262 evacuentnr
3430 4220 3552 4274 quae

1972 4303 2229 4372 superius
2264 4302 2603 4357 memoravit.

2052 4412 2073 4447 ι
2120 4393 2376 4451 Videmus
2408 4409 2570 4449 tmnc.
2613 4410 2633 4445 ι
2672 4391 2834 4459 Quasi
2869 4390 3102 4461 parvuli,
3141 4390 3233 4460 qui
3285 4406 3392 4444 non
3426 4406 3553 4460 pos-

288 4480 372 4532 ris
399 4480 598 4533 lrustra
645 4494 792 4535 nunc
824 4480 1105 4534 voluerunt
1152 4496 1429 4572 exercere.
1465 4481 1596 4535 ltem
1658 4484 1816 4538 aliter
1852 4495 1868 4536 :
1905 4522 1946 4574 ο
1977 4500 2104 4543 sunt
2141 4502 2334 4544 serena
2365 4486 2549 4542 cordis
2579 4486 2719 4550 luce,
2750 4485 2990 4554 perfecte
3032 4484 3211 4538 lumen
3244 4485 3554 4554 perspicere

288 4569 624 4635 Notandum,
649 4571 794 4640 quod
825 4579 1172 4642 contemptus
1193 4562 1696 4646 mundifmartyrio
1719 4594 1861 4630 com-

288 4679 515 4738 paretur
551 4684 566 4721 :
600 4678 784 4722 contra
818 4684 913 4723 eos
970 4670 1061 4739 qui
1115 4670 1247 4723 illud
1279 4673 1344 4725 de
1384 4672 1676 4742 Evangelia
1708 4673 1872 4727 variis

288 4760 628 4827 argumentis
682 4761 930 4815 nituntur
968 4762 1280 4829 exsolvere,
1315 4764 1403 4817 ubi
1442 4765 1640 4818 dicitur
1672 4766 1736 4818 ad
1791 4767 1873 4819 die

290 4850 459 4901 vitem
490 4866 503 4902 :
546 4844 710 4918 Vade,
740 4853 902 4906 vende
932 4853 1107 4907 omnia
1133 4869 1250 4924 qua:
1285 4854 1466 4921 habet,
1502 4868 1547 4908 et
1574 4856 1643 4909 da
1672 4872 1872 4925 paupe-

286 4939 442 4993 ribus
468 4940 691 5007 (.llatth.
722 4958 835 5008 xu,
863 4944 977 5016 2t).

372 5051 391 5083 ι
429 5031 489 5085 Εἰ
516 5035 559 5087 si
614 5036 886 5091 tradidero
914 5052 1114 5108 corpus
1147 5054 1348 5105 meum,
1382 5040 1476 5104 ita,
1519 5052 1571 5094 ιιι
1601 5044 1815 5096 ardeam
1854 5058 1869 5098 :

288 5123 615 5181 chartatem
674 5137 855 5183 autem
908 5145 1015 5184 non
1075 5132 1335 5201 habuero,
1376 5134 1507 5187 nihil
1567 5136 1694 5188 mihi
1746 5149 1871 5205 pro.

290 5217 439 5273 dust.
483 5239 501 5272 ι
540 5220 654 5274 Non
713 5232 931 5293 propter
991 5223 1308 5291 Deunt,sed
1368 5234 1589 5295 prepter
1643 5228 1869 5297 gloriam

292 5314 613 5365 humanam.
644 5310 740 5365 Vel
799 5324 947 5369 certe
980 5315 1025 5368 si
1077 5315 1200 5385 quis
1232 5316 1286 5369 in
1318 5316 1438 5385 ipso
1478 5322 1740 5389 martyrio
1771 5322 1871 5375 atl-

296 5420 515 5458 versum
563 5404 784 5459 fratrem
838 5407 1072 5460 retineat
1127 5405 1288 5470 iram,
1346 5420 1699 5463 contemnens
1746 5424 1869 5463 cum

290 5497 391 5565 qui
411 5498 574 5564 jussit
609 5512 705 5551 nos
734 5498 993 5552 malitiam
1027 5499 1255 5568 proximi
1280 5500 1550 5566 oblivisci,
1579 5513 1631 5557 et
1660 5502 1728 5572 iu
1756 5502 1870 5572 ipsa

304 5598 465 5641 :ltatn
501 5598 671 5643 morte
710 5592 1094 5659 pra-varientur
1119 5592 1409 5647 exsistens.
1660 5570 1673 5587 ‘

378 5698 396 5731 ι
435 5681 687 5737 Charitas
744 5683 955 5753 patiens
990 5694 1095 5752 est,
1150 5685 1383 5756 benigna
1441 5698 1544 5743 est.
1592 5708 1609 5740 ι
1648 5690 1871 5761 Semper

298 5772 438 5829 bene
498 5773 702 5831 Valens.
752 5773 911 5832 Modo
967 5778 1224 5834 describit
1290 5782 1471 5834 omnia
1528 5783 1873 5847 lltelllbl'ii,t‘l

1976 4580 2241 4635 veritatis.

2057 4694 2075 4725 ι
2115 4673 2214 4729 Per
2266 4672 2543 4743 speculum
2594 4674 2648 4727 in
2698 4669 3008 4742 aenigmate.
3046 4688 3064 4721 ι
3104 4666 3208 4723 Per
3273 4666 3550 4738 speculum

1978 4769 2129 4838 legis,
2163 4769 2319 4837 quasi
2354 4780 2532 4820 rerum
2564 4766 2854 4836 imaginem
2886 4764 3334 4833 contemplamur.

2057 4880 2075 4913 ι
2113 4860 2263 4914 Tunc
2295 4868 2474 4914 autem
2516 4855 2655 4914 faeie
2693 4856 2761 4912 ad
2808 4857 3024 4915 faciem.
3056 4874 3075 4907 ι
3111 4855 3165 4909 ld
3191 4864 3275 4909 est
3327 4854 3380 4906 in
3412 4868 3552 4923 pree-

1977 4955 2173 5011 sentia.

2055 5067 2071 5100 ι
2114 5045 2268 5099 Nunc
2293 5058 2561 5115 cognosco
2591 5058 2657 5099 cx
2689 5052 2840 5114 parte
2883 5060 2897 5099 :
2934 5052 3064 5096 tunc
3108 5049 3285 5095 autem
3315 5054 3553 5111 cognos-

1976 5153 2119 5199 cam,
2183 5137 2324 5193 sicut
2370 5146 2425 5191 et
2462 5136 2715 5207 cognitus
2752 5152 2892 5191 sum.
2933 5152 2953 5187 ι
2992 5132 3144 5188 Sicut
3177 5148 3263 5188 me
3311 5132 3552 5204 perfecte

1979 5231 2122 5287 Deus
2154 5232 2323 5299 novit,
2378 5233 2449 5287 ita
2505 5241 2559 5288 et
2593 5248 2717 5303 ego,
2758 5247 2876 5302 qua:
2908 5240 3038 5285 sunt
3088 5231 3268 5285 divina
3320 5244 3555 5300 cognos-

1975 5340 2116 5379 cam.
3348 5378 3351 5383 ι

2056 5435 2072 5467 ι
2113 5415 2267 5472 Nunc
2297 5428 2478 5473 autem
2513 5426 2733 5475 manent
2763 5417 2917 5484 ﬁdes,
2954 5432 3102 5489 spes,
3146 5419 3408 5478 cltaritas,
3455 5416 3555 5468 tria

1978 5505 2090 5561 haec
2131 5522 2146 5562 :
2183 5508 2355 5577 major
2398 5520 2577 5564 autem
2633 5510 2824 5563 horum
2881 5518 2966 5563 est
3021 5507 3286 5563 charitas.
3328 5526 3349 5558 ι
3381 5505 3555 5560 Omne

1978 5601 2120 5669 quod
2155 5614 2463 5670 speramus,
2500 5599 2796 5663 credimus,
2834 5616 2940 5657 non
2982 5615 3145 5655 omne
3183 5602 3323 5669 quod
3371 5600 3557 5654 credi—

1978 5708 2116 5761 ntus,
2170 5708 2475 5764 speramus.
2528 5694 2586 5748 In
2629 5695 2880 5762 praesenti
2919 5694 3021 5749 tria
3076 5695 3189 5749 haec
3220 5711 3232 5746 :
3269 5693 3321 5745 in
3378 5694 3558 5746 futuro

1978 5786 2090 5841 sola
2129 5786 2218 5842 Dei
2257 5786 2515 5851 charitas,
2567 5796 2620 5840 et
2655 5791 2968 5856 angelorum
3005 5798 3061 5841 et
3095 5793 3408 5840 sanctorum
3442 5800 3539 5837 our
