3954 6194
461 279 561 344 ⁸191

1389 286 1449 345 S.
1496 286 1943 348 lIlERONYMl
1990 288 2308 350 Ol‘EllUM
2356 288 2760 349 MANTlSSA.

3567 297 3655 361 792

466 393 615 445 nium
652 390 1018 462 permanebit.
1077 366 1275 460 Maius.
1301 408 1432 464 ergo
1483 406 1587 461 est,
1636 396 1778 466 quod
1833 414 2048 464 seraper
2075 404 2119 458 Α
2151 399 2296 466 quod
2341 399 2582 453 dicitur?
2616 418 2634 452 ι
2673 399 2731 454 Si
2762 412 2864 453 vox
2903 398 3042 453 tuine
3078 396 3278 453 incerta
3324 399 3482 467 fuerit,
3512 416 3654 464 utrum

466 484 595 547 erit,
625 499 788 553 quam
817 483 958 552 quod
995 484 1288 554 aliquando
1319 486 1744 541 eessabitNtem
1767 487 1820 541 in
1856 487 2060 556 Patre,

467 586 521 629 et
557 574 719 643 Filio,
753 585 806 629 et
839 574 1040 642 Spiritu
1081 585 1294 645 sancto,
1327 577 1459 632 fides
1491 578 1703 633 stabilis
1735 588 1813 633 est
1845 592 1861 634 :
1888 578 2045 633 addi-

469 676 713 722 tamento
752 667 899 721 enim
931 682 1067 738 opus
1114 683 1221 723 neu
1267 669 1459 723 .babet.
1505 667 1666 739 Spem
1707 681 1886 724 autem
1920 685 2040 723 eam

467 774 688 813 manere
726 758 879 822 dicit,
913 774 1033 827 quae
1080 769 1163 814 est
1204 774 1307 812 non
1358 776 1544 814 eorum
1588 776 1708 831 qtae
1772 761 2040 816 videmus.

466 849 719 905 Charitas
761 864 889 904 vero
935 850 1056 906 ideo
1093 851 1267 922 major
1302 860 1387 907 est
1434 850 1690 906 omnibus
1726 868 1742 905 :
1779 851 1905 921 quia
1947 853 2040 923 qui

468 941 668 1014 diligit,
700 953 757 998 et
789 943 963 998 credit
992 952 1045 998 et
1088 955 1294 1013 sperat.

1057 1100 1286 1158 CAPUT
1314 1101 1455 1160 XIV.

548 1232 568 1266 ι
607 1212 904 1269 Sectamini
953 1215 1296 1271 cbaritatem.
1337 1236 1355 1268 ι
1391 1216 1550 1272 Omni
1610 1225 1809 1275 conatu
1873 1217 2041 1287 ipsam

468 1304 774 1371 sequamini
804 1322 819 1359 :
860 1305 987 1374 quia
1027 1304 1078 1358 in
1127 1313 1306 1361 vestra
1337 1316 1418 1360 est
1450 1315 1736 1376 potestate.

544 1413 564 1444 ι
603 1393 959 1450 ιλΕιιιυΙιιιιιίηἰ
1003 1396 1325 1464 spiritualia,
1358 1396 1531 1467 magis
1561 1406 1747 1453 autem
1793 1396 2042 1466 prephe-

468 1485 619 1539 tntis.
656 1483 775 1538 )‘Et
823 1484 1127 1553 spiritualia
1182 1487 1324 1540 dona
1366 1485 1609 1540 aemulari
1648 1501 1745 1539 vos
1782 1500 1847 1539 ac
1899 1500 2047 1554 qua:-

466 1592 591 1631 rere
613 1591 724 1632 non
755 1576 1039 1648 prohibeo,
1082 1577 1179 1632 sed
1206 1585 1263 1632 ut
1298 1567 1468 1646 magis
1497 1576 1815 1648 proﬁciatis,
1841 1581 2043 1633 exhor-

470 1678 573 1724 tor.

546 1779 566 1812 ι
600 1759 704 1826 Qui
746 1760 892 1815 enim
940 1759 1180 1831 loquitur
1235 1761 1442 1833 lingua.
1471 1777 1577 1818 non
1624 1761 1935 1818 hominibus
1959 1737 2043 1817 Ῑο-
2070 1753 2119 1814 Β

470 1855 681 1922 quitur,
713 1852 808 1909 sed
862 1854 989 1910 Deo.
1038 1853 1210 1910 Nemo
1269 1856 1412 1910 enim
1452 1854 1621 1912 audit.
1663 1874 1682 1909 ι
1723 1854 1894 1911 Nemo
1949 1869 2045 1925 per

470 1945 712 1999 auditum
746 1945 956 2000 aurium
987 1947 1056 2002 de
1090 1946 1174 2001 his
1210 1962 1330 2017 quae
1362 1947 1622 2003 dicuntur
1651 1947 1850 2018 accipit
1880 1947 2044 2003 intel-

469 2037 693 2099 lectum,
732 2037 838 2092 nisi
872 2035 1032 2103 Deus,
1065 2046 1117 2092 et
1143 2039 1234 2108 qui
1258 2037 1651 2109 interpretandi
1685 2038 1883 2094 donum
1904 2037 2045 2093 acci-

469 2130 569 2198 pit,
607 2128 686 2182 vel
726 2128 819 2199 qui
853 2128 1094 2198 ejusdem
1129 2139 1216 2185 est
1258 2130 1479 2203 linguae.
1942 2140 1947 2147 '

546 2237 566 2269 ι
603 2218 838 2290 Spiritus
893 2231 1078 2275 autem
1138 2220 1382 2293 loquitur
1443 2222 1717 2295 mysteria.
1771 2241 1792 2275 ι
1837 2224 2041 2277 Iterum

466 2310 701 2380 linguam
734 2311 1026 2382 signiﬁcat.

543 2421 564 2456 ι
607 2403 743 2459 Nam
801 2406 893 2476 qui
949 2409 1259 2477 prophetat;
1300 2409 1611 2465 hominibus
1679 2408 1918 2479 loquitur
1977 2405 2044 2460 ad

466 2495 911 2561 aediﬁcationem,
937 2508 993 2553 et
1016 2497 1474 2565 exhortationem,
1507 2509 1560 2555 et
1590 2499 2041 2556 consolationem.

468 2589 570 2656 Qui
602 2590 846 2659 loquitur
877 2592 1083 2662 lingua,
1124 2594 1473 2663 semetipsum
1512 2593 1745 2647 aedificat
1772 2610 1787 2658 ;
1817 2592 1911 2662 qui
1946 2607 2045 2645 au-

472 2690 578 2733 tem
613 2680 921 2750 prophetat,
956 2680 1250 2737 Ecclesiam
1279 2682 1369 2736 Dei
1395 2680 1646 2735 aedilicat.
1680 2701 1699 2734 ι
1738 2680 2043 2736 Notandum

469 2773 731 2840 quoniam
786 2774 1129 2845 prOphetiam
1192 2774 1494 2831 doctrinam
1557 2774 1688 2828 dicit
1733 2791 1748 2827 ε
1798 2772 2049 2841 exposuit

469 2874 605 2937 quot
635 2865 811 2922 modis
845 2865 1196 2938 intelligenda
1250 2868 1323 2921 sit
1362 2866 1667 2936 prophetia.
1731 2864 2049 2934 Quicunque

468 2959 615 3014 hanc
652 2958 835 3025 habet,
865 2958 1126 3030 propheta
1164 2973 1289 3015 esse
1316 2960 1616 3015 censendus
1634 2966 1736 3013 est.

547 3068 565 3101 ‹
610 3047 745 3105 Volo
775 3060 955 3103 autem
1015 3063 1209 3104 omnes
1267 3065 1364 3103 vos
1418 3047 1566 3116 loqui
1617 3048 1837 3117 linguis,
1874 3047 2046 3115 magis

469 3152 650 3195 autem
718 3143 1068 3209 prophetare.
1107 3160 1125 3194 ι
1167 3140 1282 3196 Hoc
1335 3140 1552 3211 quidem
1592 3140 1735 3207 volo,
1773 3142 1868 3195 sed
1916 3100 2116 3195 illudc

473 3234 613 3289 malo
643 3251 659 3291 :
686 3234 791 3290 hoc
828 3249 934 3288 non
969 3235 1251 3304 prohibeo,
1282 3233 1415 3287 illud
1449 3234 1727 3288 exhortor.

546 3346 566 3379 ι
603 3326 736 3382 Nam
774 3327 946 3397 major
988 3336 1095 3392 est,
1128 3327 1219 3397 qui
1250 3326 1563 3396 prophetat.
1603 3344 1622 3377 ι
1661 3323 1798 3391 Quia
1838 3340 1903 3379 ex
1946 3323 2050 3378 hoc

476 3434 730 3490 magnum
754 3432 889 3488 opus
918 3425 1000 3477 est
1027 3418 1342 3482 cbaritatis,
1380 3432 1475 3488 per
1509 3416 1653 3487 quod
1693 3415 1844 3470 multi
1882 3416 2051 3485 protl-

472 3512 646 3565 ciunt.

552 3625 569 3654 ι
607 3602 779 3669 Quam
813 3602 905 3674 qui
958 3603 1198 3673 loquitur
1226 3602 1446 3672 linguis.
1490 3620 1508 3654 ι
1540 3599 1829 3668 ρυοά,νοε
1859 3598 2053 3670 ρι’ωεί-

478 3709 644 3764 puum
677 3693 1026 3750 existimatis.

500 3780 508 3791 “
557 3805 575 3837 ι
610 3784 725 3841 Nisi
760 3786 898 3842 forte
922 3790 1331 3856 interpretetur,
1366 3795 1425 3840 ut
1472 3784 1713 3842 Ecclesia
1743 3782 2056 3838 aedificatio-

478 3895 603 3933 nem
667 3877 924 3949 accipiat.
988 3896 1007 3930 ι
1058 3879 1115 3935 Si
1168 3880 1579 3949 interpretetur,
1634 3875 1863 3947 aequalis
1934 3889 2056 3930 esse

479 3970 677 4041 poterit
703 3971 1071 4040 prophetaati.

563 4053 581 4113 ε
617 4061 773 4116 Nunc
804 4078 1006 4127 autem,
1042 4062 1260 4129 fratres,
1285 4063 1331 4117 si
1364 4076 1562 4116 venero
1595 4061 1661 4116 ad
1692 4074 1814 4126 vos,
1856 4058 2056 4129 linguis

479 4154 709 4223 loquens
742 4173 760 4207 :
794 4157 920 4224 quid
958 4156 1114 4209 vobis
1175 4157 1430 4224 prodere,
1495 4154 1599 4208 nisi
1651 4152 1808 4208 vobis
1841 4152 2052 4222 loquar,

481 4259 575 4300 aut
612 4248 665 4300 in
698 4249 1048 4309 revelatione,
1079 4260 1173 4301 aut
1214 4248 1266 4301 in
1318 4246 1566 4312 scientia,
1607 4255 1699 4301 aut
1730 4248 1785 4300 in
1821 4246 2063 4315 prepbe-

482 4341 579 4407 tia,
614 4348 707 4393 aut
756 4340 809 4393 in
842 4339 1138 4394 doctrina?
1168 4357 1186 4391 ι
1219 4341 1388 4393 Suum
1427 4338 1536 4394 illis
1585 4338 1835 4407 preponit
1870 4351 2054 4391 exeat.

2151 492 2516 550 solemnitatis
2549 507 2614 546 an
2666 491 2793 547 belli
2837 492 2929 556 sit.
2951 507 3121 548 nemo
3151 495 3398 563 pugnabit
3425 511 3440 549 :
3471 502 3531 553 ita
3554 516 3660 574 ergo

2150 601 2205 642 ει
2233 596 2409 640 vester
2439 584 2824 654 intelligendus
2863 593 2949 639 est
2977 599 3180 648 sermo,
3217 592 3273 637 ut
3312 589 3463 653 possit
3495 594 3549 645 ad
3570 595 3658 662 spi-

2153 675 2351 729 rituale
2383 675 2629 745 praelium
2664 673 2867 729 Christi
2902 675 3104 730 milites
3152 689 3459 744 praeparare.

2234 784 2254 817 ι
2294 765 2458 822 Erilis
2488 766 2632 822 enim
2663 767 2719 821 in
2767 781 2894 823 aera
2942 766 3248 836 loquentes.
3278 764 3402 821 Tam
3449 770 3592 827 multa
3616 784 3664 829 ut

2151 865 2278 927 puta
2302 870 2501 927 genera
2530 855 2835 926 linguarum
2872 864 3002 911 sunt
3027 855 3082 911 in
3114 856 3217 912 hoc
3248 858 3456 912 mundo.
3482 879 3499 912 ι
3519 859 3663 918 Etiam

2153 947 2197 1002 si
2224 956 2332 1004 tam
2368 947 2535 1023 multa
2566 947 2885 1018 loquamini,
2922 955 2981 999 ut
3006 961 3203 1018 genera
3238 959 3361 1003 sunt
3386 949 3661 1023 linguarum,

2151 1039 2281 1108 quid
2329 1039 2597 1106 proderit,
2642 1054 2765 1094 cum
2823 1041 3004 1094 omnia
3036 1039 3093 1093 in
3130 1054 3260 1095 aera
3312 1041 3584 1111 solvantur,
3618 1055 3663 1102 et

2154 1129 2283 1185 nulli
2325 1127 2610 1198 proﬁciant
2623 1128 2649 1182 τ

2229 1240 2248 1273 ι
2282 1219 2343 1274 Ει
2372 1220 2507 1275 nihil
2560 1220 2681 1277 sine
2735 1236 2866 1277 voce
2911 1231 3013 1276 est.
3056 1239 3075 1272 ι
3107 1220 3249 1275 Nihil
3305 1221 3415 1277 sine
3446 1238 3560 1280 voce
3584 1224 3667 1281 lin-

2152 1289 2313 1383 gnam
2354 1311 2582 1368 habens.

2232 1421 2251 1453 ι
2292 1400 2346 1457 Si
2385 1417 2516 1473 ergo
2550 1405 2805 1460 nesciero
2850 1406 3107 1479 virtutem
3159 1404 3332 1470 vocis,
3397 1422 3486 1463 ero
3524 1408 3566 1462 ei
3600 1408 3668 1464 cui

2151 1495 2348 1566 loquor
2388 1497 2672 1555 barbarus.
2705 1517 2726 1552 ι
2761 1498 2952 1554 Omnis
2981 1514 3181 1563 sermo,
3219 1500 3312 1570 qui
3336 1516 3433 1554 nun
3460 1500 3673 1573 intelligi-

2155 1599 2262 1653 tur,
2293 1589 2557 1645 barbarus
2575 1590 2876 1661 judicatur.

2231 1697 2251 1731 ι
2288 1678 2355 1734 Ει
2402 1682 2495 1750 qui
2556 1681 2795 1751 loquitur
2850 1682 2985 1737 mihi
3015 1680 3302 1737 barbarus.
3345 1679 3431 1736 Sic
3477 1692 3526 1736 et
3577 1695 3673 1747 vos,

2145 1775 2401 1845 quoniam
2432 1775 2779 1831 aemulatores
2802 1776 2937 1831 estis
2969 1776 3263 1845 spirituum
3297 1776 3361 1829 ad
3404 1775 3671 1829 aediﬁcatio-

2148 1884 2267 1923 nem
2326 1867 2603 1933 Ecclesiae,
2652 1872 2882 1939 quaerite
2940 1878 2999 1923 ut
3050 1867 3361 1925 abundetis.
3398 1886 3416 1919 ι
3445 1866 3670 1933 Quoniam

2146 1959 2444 2029 spiritualia
2490 1961 2627 2013 dona
2665 1959 2979 2025 sectamini,
3012 1958 3101 2013 illa
3132 1960 3304 2029 magis
3327 1960 3551 2030 qumrite,
3575 1973 3672 2030 quat

2146 2050 2417 2107 aedilirent
2451 2051 2751 2105 auditores.

2222 2160 2241 2193 ι
2286 2139 2351 2194 Ει
2376 2141 2497 2195 ἰάεο
2525 2142 2616 2210 qui
2654 2140 2894 2209 loquitur
2923 2141 3124 2212 lingua,
3157 2150 3278 2196 oret
3307 2152 3361 2195 ut
3391 2141 3670 2211 interprete-

2149 2240 2256 2286 tur.
2295 2249 2314 2283 ι
2352 2229 2543 2286 Oratio
2573 2230 2676 2286 hoc
2706 2230 2825 2286 loco
2852 2231 2965 2285 oris
2995 2231 3230 2297 elocutio
3261 2231 3576 2299 intelligitur.
3602 2229 3678 2284 Sic

2145 2338 2274 2394 ergo
2307 2324 2581 2394 loquatur,
2635 2333 2689 2377 ut
2741 2323 2931 2394 gratiae
2968 2323 3133 2376 verba
3173 2336 3297 2390 qua:
3335 2322 3480 2387 dicit,
3503 2321 3678 2390 possint

2148 2415 2376 2484 intelligi
2425 2415 2588 2471 :sive
2645 2423 2799 2482 oret,
2849 2422 2909 2469 ut
2962 2413 3037 2470 illi
3095 2414 3483 2484 interpretandi
3534 2411 3679 2484 gratia

2148 2509 2407 2562 donetur.
2468 2564 2481 2579 ε

2226 2614 2245 2649 ‹
2293 2595 2428 2651 Nam
2485 2595 2531 2650 si
2569 2609 2719 2651 orem
2772 2594 2979 2665 lingua,
3032 2596 3264 2665 spiritus
3317 2608 3462 2649 meus
3510 2599 3677 2649 orat.»

2150 2686 2264 2741 lloc
2284 2685 2436 2749 dicit,
2468 2684 2726 2755 quoniam
2787 2683 2834 2739 si
2864 2685 2989 2754 quis
3038 2684 3337 2754 incognitis
3379 2684 3492 2737 aliis
3517 2680 3684 2749 linguis

2149 2778 2422 2847 loquatur,
2452 2790 2609 2831 mens
2639 2775 2785 2844 ejus,
2814 2791 2921 2830 non
2967 2776 3067 2845 ipsi
3103 2775 3341 2832 eliieitur
3368 2776 3479 2830 sine
3511 2774 3684 2835 lructu,

2148 2868 2241 2923 sed
2276 2864 2515 2920 audienti
2543 2880 2559 2919 :
2587 2865 2850 2935 quidquid
2901 2859 3045 2919 enim
3078 2866 3283 2921 dicitur
3325 2865 3545 2936 ignorat.
3577 2862 3687 2916 Item

2148 2961 2193 3014 si
2226 2960 2406 3030 lingua
2438 2957 2637 3023 dicam,
2665 2973 2771 3011 non
2823 2973 2923 3026 ego
2957 2960 3170 3028 loquor,
3200 2959 3296 3014 sed
3348 2959 3578 3027 spiritus.
3612 2954 3688 3024 qni

2150 3052 2204 3107 in
2240 3067 2324 3106 me
2354 3062 2460 3106 est.
2490 3048 2547 3104 Si
2578 3061 2757 3107 autem
2789 3057 2855 3104 ad
2890 3053 3192 3108 orationem
3230 3053 3532 3123 requiratur
3551 3050 3689 3120 spiri-

2152 3156 2260 3209 tus,
2287 3157 2465 3199 sermo
2488 3158 2597 3209 non
2627 3143 3012 3214 intelligendus
3054 3154 3157 3212 est,
3181 3146 3276 3216 qui
3314 3155 3685 3212 nonnunquam,

2153 3242 2330 3289 tuente
2358 3236 2461 3290 alia
2495 3235 2785 3304 cogitante,
2820 3244 3094 3303 precatur.

2228 3346 2246 3378 ι
2288 3326 2435 3382 Mens
2467 3336 2645 3380 autem
2702 3340 2820 3382 mea
2869 3326 2990 3382 sine
3037 3325 3221 3382 fructu
3277 3338 3385 3384 est.
3426 3345 3444 3379 ι
3480 3325 3574 3394 Qui
3603 3337 3689 3377 non

2152 3417 2390 3486 intelligo
2412 3417 2555 3488 quod
2589 3416 2807 3487 loquor.

2229 3526 2247 3562 ι
2287 3509 2424 3576 Quid
2473 3508 2641 3578 ergo?
2682 3506 2862 3565 Orabo
2920 3508 3140 3580 spiritu,
3193 3512 3373 3567 orabo
3422 3519 3474 3565 ct
3528 3517 3695 3563 menta.

2154 3601 2390 3656 Psalfam
2425 3601 2644 3671 spiritu,
2680 3600 2909 3669 psallam
2945 3613 2999 3657 et
3048 3613 3258 3659 mente.
3297 3622 3317 3654 ι
3347 3601 3449 3669 Qui
3481 3600 3610 3655 enim
3631 3597 3700 3652 in-

2157 3700 2506 3760 terpretatur,
2558 3706 2786 3749 necesse
2842 3701 2929 3748 est
2969 3704 3027 3749 ut
3085 3704 3216 3750 ante
3274 3695 3535 3764 intelligat
3584 3688 3699 3760 quod

2156 3784 2278 3840 aliis
2329 3792 2414 3840 est
2462 3784 2736 3841 dicturus.
2771 3784 2902 3840 item
2935 3786 3016 3842 sic
3044 3796 3128 3842 est
3169 3787 3527 3859 loquendum,
3553 3793 3603 3839 ut
3637 3783 3702 3837 in-

2159 3877 2402 3945 telligant
2426 3876 2537 3931 alii.

2236 3987 2253 4018 ι
2295 3966 2562 4021 Caeterum
2613 3968 2659 4023 si
2726 3969 3070 4025 benedixeris
3125 3970 3359 4040 spiritu.
3430 3988 3449 4022 ι
3505 3963 3703 4023 Benedi-

2159 4060 2302 4116 citur
2359 4075 2523 4115 omne
2563 4060 2706 4130 quod
2756 4078 2885 4118 vere
2931 4071 2986 4118 et
3033 4063 3335 4118 secundum
3393 4062 3554 4118 Deum
3593 4055 3703 4111 dici-

2163 4160 2268 4207 tur.

2240 4264 2258 4296 r
2298 4244 2431 4311 Quis
2476 4246 2690 4318 supplet
2744 4245 2929 4301 locum
2967 4247 3187 4302 idiotze?
3222 4266 3242 4301 ι
3278 4246 3503 4301 Laicum
3530 4237 3708 4311 signiﬁ-

2163 4346 2271 4403 eat,
2297 4336 2388 4405 qui
2426 4337 2576 4391 nullo
2606 4338 2773 4409 gradu
2817 4337 3197 4394 ecclesiastico
3230 4337 3504 4409 fungitur.
3532 4333 3709 4388 Aliter:

484 4433 630 4503 plu'n
664 4431 808 4485 :et-it
840 4431 992 4487 vobis
1049 4431 1167 4484 sola
1204 4430 1512 4494 admiratio,
1568 4445 1673 4484 non
1726 4426 2004 4499 profecms
2039 4443 2055 4481 :
2092 4447 2132 4499 ι)
2163 4426 2481 4484 lnanitatcm
2532 4431 2776 4485 scientia:
2845 4431 2900 4485 in
2959 4430 3124 4486 corde
3183 4430 3405 4499 ignari,
3463 4429 3580 4496 quis
3631 4422 3711 4474 im-

482 4524 590 4580 nisi
636 4523 790 4579 vobis
821 4533 916 4578 aut
967 4524 1313 4591 interpreter,
1348 4532 1442 4576 aut
1494 4521 1654 4590 plana
1699 4518 1890 4574 faciam
1930 4518 2062 4587 legis

483 4619 716 4684 occulta,
777 4633 898 4690 qua:
946 4618 1094 4681 novi,
1137 4628 1235 4670 aut
1274 4615 1588 4685 prophetias
1626 4629 1916 4685 exponam,
1970 4624 2064 4667 aut

482 4729 581 4769 vos
619 4712 917 4767 moralibus
943 4711 1164 4766 doceam
1194 4711 1481 4765 institutis.

561 4822 580 4857 ι
619 4804 824 4858 Tamen
862 4818 982 4871 qua:
1038 4802 1158 4855 sine
1207 4802 1386 4854 anima
1451 4810 1580 4855 sunt
1635 4815 1817 4854 \ocem
1851 4800 2057 4863 dantia,

484 4896 599 4950 sive
648 4894 801 4960 tibia,
834 4894 951 4947 sive
979 4892 1213 4956 cithara,
1244 4892 1348 4945 nisi
1380 4891 1787 4945 distinctionem
1823 4891 2060 4944 εοιιίιιιιιι

485 4988 736 5043 dederint
766 5005 780 5041 :
816 4987 1086 5055 quomodo
1121 4986 1328 5040 scietur
1394 4985 1445 5037 id
1501 4984 1647 5054 quod
1700 4984 1936 5046 canitur,
1972 4990 2064 5035 aut

485 5097 626 5150 quos
656 5081 1054 5166 citharizaturf
1090 5079 1222 5133 Cum
1271 5078 1385 5133 ha'c
1441 5078 1815 5145 inauimantia,
1847 5076 1947 5132 nisi
1984 5076 2065 5131 di-

486 5174 837 5229 Stiuctiouctu
878 5174 1139 5239 habeant,
1178 5187 1281 5225 non
1316 5168 1547 5242 po’ssunt
1582 5173 1807 5226 reddere
1837 5170 2064 5225 cantile-

486 5283 640 5328 nam,
700 5275 756 5321 et
818 5276 877 5320 ut
929 5264 1199 5335 supetllua
1243 5272 1620 5333 respuuntur:
1656 5272 1861 5332 quanto
1893 5264 2065 5330 magTs

487 5361 665 5421 Vobis,
723 5358 813 5427 qui
877 5358 1191 5426 spirituales
1236 5358 1393 5419 estis,
1455 5355 1696 5409 suavitas
1746 5371 1852 5409 non
1906 5371 2066 5408 aures

487 5453 645 5503 debet
683 5451 946 5512 muliere,
974 5451 1067 5503 sed
1103 5452 1337 5503 tuentes!

571 5564 585 5591 ι
628 5542 842 5597 Etenim
875 5543 920 5594 si
955 5544 1215 5595 iltt‘CItatm
1251 5556 1436 5594 vocem
1468 5542 1559 5593 det
1583 5539 1731 5603 tuba,
1755 5538 1877 5607 quis
1911 5536 2063 5604 para-

490 5618 575 5690 bit
606 5650 665 5689 se
694 5637 761 5689 ad
790 5634 1027 5690 bellum?
1053 5635 1132 5688 lta
1162 5643 1217 5689 et
1239 5648 1334 5688 vos
1360 5648 1455 5703 per
1483 5633 1722 5701 linguam
1766 5630 1864 5683 nisi
1894 5628 2065 5680 mani-

496 5725 695 5780 t‘cstum
765 5742 1072 5785 sermonem
1127 5726 1407 5792 dederitis,
1445 5725 1717 5797 quomodo
1765 5722 1965 5777 scietur
2014 5721 2066 5775 id

2166 4521 2316 4591 plet?

2242 4633 2260 4664 ι
2301 4615 2584 4681 Quomodo
2615 4616 2763 4671 dicet
2801 4631 2956 4669 amen
2992 4629 3157 4684 super
3206 4625 3364 4668 tuam
3419 4608 3716 4667 benedictio-

2167 4690 2330 4762 nem?
2373 4708 2639 4772 Quoniam
2692 4709 2823 4779 quid
2881 4710 3050 4771 dicas,
3115 4709 3318 4763 nescit.
3392 4725 3411 4758 ι
3471 4697 3716 4773 Quomodo

2167 4809 2273 4854 tua:
2325 4801 2579 4870 perhibet
2633 4801 2998 4855 benedictioni
3046 4801 3458 4865 testimonium,
3489 4797 3567 4850 vel
3606 4806 3717 4847 con-

2167 4910 2410 4949 St'llSIllll.

2245 5005 2263 5037 ι
2307 4986 2440 5040 Nam
2471 4995 2522 5039 tu
2555 4986 2773 5054 quidem
2798 4985 2934 5040 bene
2964 4986 3164 5055 gratias
3190 4987 3338 5053 agis,
3374 4983 3469 5040 sed
3490 4983 3617 5035 alter
3635 4991 3719 5031 non

2167 5079 2487 5133 a-diliCatur.
2526 5096 2544 5130 ι
2593 5077 2744 5144 Quod
2776 5079 3027 5144 superius
3061 5077 3305 5142 dixerat,
3339 5075 3491 5132 omni
3534 5065 3722 5127 benedi-

2167 5186 2282 5234 ras,
2316 5170 2403 5223 hic
2423 5170 2596 5238 ipsum
2624 5168 2867 5236 exponit.

2246 5281 2264 5313 ι
2306 5260 2524 5315 Gratias
2553 5276 2656 5330 ago
2710 5259 2821 5314 Deo
2875 5274 3016 5321 nu-o,
3044 5258 3186 5329 quod
3219 5258 3477 5311 omnium
3517 5261 3721 5309 vestrum

2170 5353 2355 5423 lingua
2398 5354 2611 5422 loquor.
2651 5371 2670 5404 ι
2714 5350 2792 5405 Ne
2825 5352 3024 5420 putetis
3066 5366 3152 5404 me
3183 5350 3336 5404 hanc
3372 5365 3584 5418 quoque
3624 5356 3725 5410 gra-

2173 5448 2300 5499 tiam
2352 5464 2457 5499 non
2488 5447 2708 5509 habere,
2737 5456 2789 5499 et
2824 5461 2916 5498 \os
2969 5444 3091 5498 ideo
3134 5442 3461 5512 prohibere,
3487 5435 3724 5495 etitlcirco

2171 5555 2277 5593 non
2308 5538 2478 5608 loqui.

2251 5652 2267 5683 ι
2317 5630 2423 5686 Sed
2455 5633 2505 5683 itt
2536 5629 2779 5685 Ecclesia
2817 5629 2937 5681 volo
2967 5628 3204 5697 quinque
3234 5628 3406 5679 verba
3443 5639 3595 5679 sensu
3626 5629 3722 5674 meo

2174 5724 2372 5796 loqui.»
2426 5721 2531 5778 Sed
2582 5721 2722 5776 malo
2774 5734 3040 5794 perpauca
3095 5721 3160 5773 ad
3210 5734 3251 5788 p
3286 5718 3528 5775 ofcctutn
3571 5710 3717 5776 loqui.
