3954 6194
234 291 344 359 793

235 504 507 566 quierunt,
530 507 650 562 qua!
681 500 804 545 sunt
833 490 1068 559 quinque
1098 489 1260 542 verba
1295 505 1309 541 :
1343 502 1372 541 a
1408 488 1602 556 quibus
1631 502 1660 540 e
1687 502 1818 550 con:

238 588 425 650 trario,
472 601 589 655 qua:
636 583 745 638 sint
781 585 963 636 decem
1004 579 1192 645 millia,
1241 587 1326 634 est
1369 580 1738 648 qnmrendum.

325 695 343 729 ι
374 676 440 731 Ut
473 685 526 729 et
558 675 692 727 alios
724 674 985 726 instruant
1022 687 1037 727 :
1071 686 1230 739 quam
1272 671 1458 724 decem
1493 671 1655 722 millia
1694 685 1818 722 ver-

237 773 429 827 b--rum
475 767 529 820 in
562 766 763 832 lingua.
819 782 836 813 »
901 762 956 816 ld
1011 770 1115 828 est,
1167 764 1387 830 proprio
1437 763 1713 816 intellectu
1765 771 1821 814 et

240 854 472 925 simplici
504 853 736 907 ratione.

322 968 340 999 ε
391 949 628 1010 Fratres,
684 942 849 997 nolite
886 941 1036 1009 pueri
1095 940 1234 996 efiiei
1281 943 1556 998 sensibus.
1601 959 1620 992 »
1671 940 1824 995 Scire

245 1041 453 1095 debetis
506 1035 750 1108 quandiu
801 1034 996 1088 futura:
1049 1033 1159 1088 sint
1208 1033 1447 1104 linguae,
1524 1033 1605 1087 vel
1654 1045 1826 1101 quare

248 1137 360 1187 sint
391 1133 550 1187 date.
1068 1189 1072 1194 .

329 1242 347 1276 ι
405 1224 510 1279 Sed
563 1223 761 1278 malitia
813 1223 1019 1292 parvuli
1068 1229 1242 1276 estote
1273 1259 1288 1279 .
1341 1215 1593 1271 sensibus
1645 1221 1826 1266 autem

253 1314 478 1384 perfecti
526 1324 726 1371 estote.
772 1334 789 1366 »
848 1314 1048 1368 Malitia
1080 1310 1288 1366 debetis
1316 1307 1521 1377 parvuli
1549 1319 1689 1367 esse,
1723 1317 1828 1357 non

254 1424 415 1462 sensu
460 1425 476 1460 :
526 1407 689 1462 simul
745 1406 984 1462 ostendit
1045 1402 1319 1458 neminem
1381 1399 1480 1451 nisi
1541 1395 1829 1465 parvulum

257 1500 486 1565 malitia,
543 1514 705 1554 sensu
757 1495 878 1555 esse
925 1496 1249 1565 perfectum.
1305 1490 1440 1558 Quia
1481 1493 1535 1544 in
1587 1488 1826 1541 malevo-

257 1591 366 1643 Iam
397 1592 634 1646 animam
665 1607 774 1647 non
813 1591 1057 1646 introibit
1083 1589 1304 1658 spiritus
1335 1583 1616 1654 sapientiae
1675 1581 1830 1648 (Sap.

256 1697 313 1754 1,,
337 1681 417 1750 4).

1251 284 1661 346 EXPOSITIO
1707 285 1788 343 IN
1831 285 2068 346 EPIST.
2116 286 2140 346 Ι
2181 289 2281 347 ΑΙ)
2318 287 2485 350 COR.

236 421 395 478 quam
447 401 613 460 multa
669 415 788 468 qua!
838 400 966 454 nulli
1021 398 1354 469 proﬁciant.
1409 397 1637 464 Quidam
1689 403 1895 463 saneA

3383 289 3492 356 794

2001 420 2020 452 ι
2065 402 2191 455 Sive
2225 403 2406 470 lingua
2437 402 2561 470 quis
2583 401 2818 470 loquitur
2859 402 3156 457 secundum
3182 401 3318 456 duos
3355 419 3367 456 :
3400 398 3491 456 aul-

1925 504 1982 546 ut
2007 495 2234 548 multum
2273 505 2402 555 tres.
2434 504 2487 546 et
2525 509 2623 562 per
2652 503 2855 564 partes,
2903 504 2956 547 et
2999 509 3139 548 unus
3173 494 3495 561 interprete-

1925 595 2030 640 tur.
2069 605 2085 635 »
2126 585 2235 638 lIoc
2289 596 2394 648 est,
2449 584 2688 638 vicissim
2733 585 3120 653 prephetantcs
3175 584 3375 647 dicant,
3435 591 3493 637 et

1926 691 2066 730 unus
2111 676 2367 745 paulatim
2401 677 2812 744 interpretetur.

2003 785 2021 817 ι
2050 765 2102 819 Si
2124 774 2303 822 autent
2327 783 2430 821 non
2456 767 2617 820 fuerit
2637 767 2925 836 interpres,
2954 765 3197 818 taceatin
3218 763 3494 818 Ecclesia:

1924 858 2024 912 sibi
2077 869 2254 914 autem
2291 859 2542 928 loquatur
2592 870 2646 913 et
2696 858 2824 914 Deo.
2865 879 2883 910 »
2918 859 3024 911 Sua
3051 857 3406 920 conscientia,
3441 864 3497 910 et

1929 947 2022 1001 Dei
2053 961 2230 1004 teneat
2261 966 2380 1006 eum
2409 951 2637 1020 gratiam
2665 953 2806 1006 hanc
2844 953 3065 1006 habere.

2007 1061 2025 1093 ι
2082 1042 2364 1111 Propheta:
2405 1055 2582 1097 autem
2607 1044 2713 1098 duo
2739 1054 2830 1095 aut
2859 1053 2968 1098 tres
3006 1044 3209 1106 dicant,
3239 1052 3293 1098 et
3321 1039 3501 1096 exteri

1929 1133 2248 1201 dijudicent.
2282 1133 2436 1199 Quod
2494 1135 2536 1188 si
2568 1135 2656 1188 alii
2715 1136 3008 1189 revelatum
3046 1135 3209 1189 fuerit
3263 1134 3500 1198 sedenti,
3555 1203 3559 1206 λ

1931 1227 2079 1292 prior
2129 1235 2328 1279 taceat.
2382 1225 2617 1281 Potestis
2674 1229 2815 1280 enim
2875 1243 3064 1282 omnes
3125 1243 3218 1296 per
3262 1225 3503 1294 singulos

1930 1315 2283 1385 prOphetare,
2339 1329 2395 1369 tit
2441 1332 2631 1372 omnes
2683 1319 2916 1381 discant,
2963 1328 3017 1372 et
3056 1332 3246 1371 Omnes
3303 1316 3505 1370 exhor-

1936 1417 2140 1462 tentur.
2181 1427 2199 1459 »
2242 1407 2356 1462 Non
2395 1410 2685 1470 stantibus,
2719 1411 2812 1463 sed
2845 1410 3127 1479 prophetis
3161 1409 3502 1464 sedentibus.

2016 1516 2033 1547 ι
2090 1497 2155 1550 Et
2218 1498 2446 1566 spiritus
2485 1499 2875 1568 prophetarum
2916 1499 3199 1569 prophetis
3231 1499 3505 1568 sul‘jet-tus

1935 1599 2036 1643 est.
2094 1589 2208 1642 Non
2241 1591 2384 1643 enim
2435 1599 2517 1644 est
2549 1590 2907 1645 dissensionis
2943 1589 3104 1656 Deus,
3138 1592 3230 1642 sed
3271 1593 3437 1659 pacis.
3480 1607 3499 1640 »

1941 1679 2065 1735 Sive
2100 1682 2271 1750 gratia
2326 1683 2549 1750 spiritus
2602 1682 2757 1736 alteri
2793 1681 3069 1750 prephetm
3124 1682 3415 1744 consensit,
3451 1689 3509 1733 ut

345 1795 364 1828 ι
409 1772 466 1828 Itt
502 1774 617 1844 lege
650 1773 791 1826 enim
825 1771 1085 1839 scriptum
1134 1777 1220 1824 est
1252 1783 1267 1820 :
1302 1765 1564 1832 Quoniam
1620 1763 1672 1816 in
1719 1759 1840 1814 aliis

1979 1775 2264 1827 lterutrum
2299 1774 2400 1828 sibi
2429 1775 2625 1828 cedant
2666 1775 2821 1828 :sive
2853 1773 3106 1841 spiritum
3162 1773 3508 1837 humilitatis,

260 1867 480 1936 linguis,
510 1876 564 1919 et
592 1864 643 1916 iu
676 1863 796 1915 aliis
830 1861 986 1913 labiis
1014 1859 1205 1927 loquar
1239 1854 1438 1923 pupulo
1475 1852 1623 1916 huic,
1659 1861 1710 1901 et
1744 1862 1843 1902 nec

261 1964 342 2014 sic
385 1955 682 2012 exaudient
731 1967 817 2007 me
849 1991 865 2016 ,
910 1950 1040 2004 dicit
1092 1947 1392 2002 Dominus.
1445 1962 1464 1994 »
1516 1942 1688 1995 Etiam
1741 1940 1844 1993 hoc

265 2053 477 2119 signum
554 2046 750 2112 dabo,
830 2052 889 2096 ut
955 2057 1050 2110 per
1122 2049 1338 2094 sanctos
1404 2051 1523 2090 meo
1588 2033 1845 2087 inusitato

265 2153 516 2197 sermone
568 2137 804 2208 loquar,
865 2144 920 2190 et
972 2147 1071 2189 nec
1111 2133 1211 2186 'sic
1261 2130 1597 2198 eloquentem
1652 2122 1846 2178 intelli-

268 2243 417 2304 gent.

346 2347 364 2380 ι
408 2326 595 2395 Itaque
628 2323 825 2392 lingua:
862 2319 914 2373 in
955 2317 1167 2386 signum
1207 2321 1352 2376 sunt,
1393 2326 1496 2364 non
1537 2308 1840 2363 ﬁdelibus.»

271 2419 371 2475 llic
401 2416 726 2478 ostenditur,
755 2419 1032 2468 crescente
1060 2407 1185 2471 fide,
1218 2405 1369 2474 signa
1389 2416 1654 2464 cessasse,
1677 2415 1847 2469 quan.

270 2515 342 2567 du
372 2508 670 2566 inﬁdelium
704 2519 867 2559 causa
899 2502 1071 2556 danda
1107 2512 1225 2552 esse
1254 2493 1674 2565 praedicebatur.

348 2621 368 2655 ς
425 2601 533 2656 Sed
563 2597 892 2654 inﬁdelibus.
954 2611 973 2644 »
1009 2589 1077 2647 Ut
1112 2590 1228 2659 ejus
1264 2587 1456 2642 saltem
1487 2583 1849 2636 admiratione

272 2703 642 2750 moverentur.

351 2745 369 2838 ᾇ
399 2781 690 2853 Prophetia
721 2788 900 2834 autem
926 2745 1377 2835 noninﬁdelibus,
1404 2769 1497 2825 sed
1525 2768 1796 2824 ﬁdelibus.
1824 2786 1843 2819 »
1921 2773 1925 2777 '

273 2867 566 2946 Major'est
595 2889 724 2943 ergo
756 2880 808 2926 et
842 2870 1046 2936 utilior,
1081 2881 1201 2937 quae
1238 2864 1484 2920 ﬁdelibus
1515 2861 1758 2931 prodest,
1795 2867 1852 2913 et

272 2983 492 3038 Semper
525 2977 608 3020 est
636 2979 796 3034 Opus.

357 3082 375 3114 t
415 3063 470 3116 Si
508 3075 633 3128 ergo
671 3055 958 3112 conveniat
989 3053 1236 3107 universa
1281 3046 1516 3102 Ecclesia
1558 3046 1608 3098 in
1663 3059 1849 3106 unum,

1926 1876 1999 1922 et
2038 1867 2318 1922 charitatis
2368 1867 2568 1921 debent
2614 1865 2814 1920 habere
2845 1865 3145 1934 pr0phetaa.
3179 1863 3314 1928 Quia
3371 1861 3512 1915 Deus

1943 1959 2034 2028 qui
2079 1957 2133 2012 in
2171 1958 2301 2029 ipsis
2335 1967 2438 2023 est,
2478 1972 2583 2011 non
2619 1966 2702 2010 est
2739 1957 2880 2009 Deus
2915 1954 3300 2016 dissensionis,
3337 1967 3514 2021 neque

1944 2048 2230 2112 Superbiae.
2285 2046 2415 2100 Item
2475 2045 2577 2100 hoc
2612 2045 2705 2107 ait,
2734 2044 2859 2113 quia
2917 2043 2968 2096 in
3023 2059 3131 2110 quo
3175 2052 3256 2096 est
3293 2041 3514 2109 spiritus

1947 2139 2246 2209 prophetiae
2277 2153 2376 2208 per
2409 2139 2725 2193 societatem
2775 2135 2962 2206 gratiae
2991 2136 3268 2203 subjectus
3293 2144 3378 2188 est
3414 2152 3427 2187 :
3457 2133 3511 2186 in

1946 2245 2051 2297 qua
2108 2246 2212 2284 non
2267 2229 2554 2285 aemulatur
2605 2229 2837 2283 alterum
2900 2228 3247 2296 prOphetare,
3288 2240 3410 2277 cum
3464 2223 3515 2278 ei

1949 2321 2109 2376 fuerit
2131 2322 2442 2377 revelatum.

2025 2431 2042 2464 ι
2086 2413 2236 2468 Sicut
2255 2424 2306 2467 et
2328 2415 2380 2468 itt
2400 2413 2650 2468 omnibus
2673 2412 3250 2468 Ecclesiissauctorutu
3271 2411 3461 2465 doceo.
3491 2428 3512 2463 »

1953 2504 2044 2559 Sic
2075 2518 2159 2560 est
2186 2509 2410 2576 ubique,
2443 2522 2512 2560 ne
2544 2506 2671 2562 novi
2707 2506 2913 2576 aliquid
2947 2521 3030 2558 me
3059 2504 3214 2558 vobis
3250 2493 3523 2572 imperare

1953 2597 2173 2666 putetis.

2029 2706 2045 2737 ι
2091 2687 2346 2742 Mulieres
2396 2687 2448 2740 in
2484 2687 2746 2743 Ecclesiis
2790 2699 3023 2745 taceant.
3067 2690 3184 2744 Non
3235 2689 3376 2744 enim
3406 2703 3527 2757 per-

1954 2781 2188 2832 mittitur
2241 2781 2320 2834 eis
2371 2781 2536 2849 loqui,
2567 2782 2658 2836 sed
2715 2782 2960 2838 subditas
3009 2799 3130 2838 esse
3169 2783 3312 2837 sicut
3357 2791 3408 2834 et
3441 2781 3527 2834 lex

1956 2873 2104 2924 dicit.
2144 2890 2162 2922 »
2207 2871 2342 2935 Quia
2371 2882 2563 2925 contra
2596 2873 2842 2927 ordinem
2872 2882 2956 2927 est
2983 2885 3216 2936 natura},
3248 2871 3329 2925 vel
3369 2871 3525 2939 legis.

1956 2971 2012 3014 ιιι
2041 2963 2092 3014 in
2121 2974 2393 3017 conventu
2421 2964 2658 3017 virorum
2691 2965 2903 3018 femina:
2922 2965 3234 3033 loquantur.
3255 2965 3527 3028 Quaeritur

1955 3067 2084 3121 ergo
2112 3053 2378 3122 quomodo
2411 3053 2534 3106 alibi
2567 3055 2730 3121 dicat,
2761 3055 3018 3108 mulieres
3055 3055 3250 3108 docere
3277 3055 3522 3118 pruden-

270 3169 327 3209 et
366 3166 555 3207 omnes
600 3150 798 3218 linguis
831 3149 1134 3216 loquantur.
1178 3161 1195 3195 »
1244 3140 1360 3194 Iloc
1403 3139 1446 3192 si
1493 3137 1611 3190 ﬁeri
1656 3144 1854 3204 potest,
1880 3115 1924 3176 (ἶ
1960 3147 2086 3198 tiam
2134 3153 2188 3200 ει
2245 3145 2551 3201 castitatem
2591 3147 2807 3200 debere,
2846 3146 2951 3200 Sed
2991 3147 3092 3200 ι,οο
3127 3147 3183 3200 in
3215 3161 3349 3200 sem
3403 3161 3523 3200 δυο,

275 3259 338 3300 ut
368 3244 759 3300 concederetur
788 3240 960 3301 vobis,
992 3237 1085 3307 qui
1117 3249 1306 3290 omnes
1339 3233 1438 3285 hoc
1474 3230 1654 3282 vultis.

361 3357 378 3390 ι
441 3336 646 3389 Intrent
680 3343 858 3386 autem
896 3329 1096 3393 idiotte,
1126 3336 1241 3397 .aut
1289 3323 1555 3377 inﬁdeles.
1598 3339 1616 3372 »
1680 3319 1859 3372 ldiota'.

274 3446 461 3501 nuper
492 3427 776 3482 credentes
814 3424 1069 3478 dicuntur
1101 3420 1200 3475 hoc
1235 3419 1376 3472 loco.

363 3543 381 3573 ε
420 3522 608 3575 Nonne
641 3518 847 3579 dicent,
884 3515 1010 3584 quid
1049 3509 1369 3566 insanitis?»
1410 3507 1562 3562 Sicut
1592 3503 1758 3559 Judaei
1796 3504 1860 3556 de

277 3615 546 3682 apostolis
583 3612 836 3666 dixerunt
881 3624 895 3663 :
938 3607 1010 3660 Hi
1039 3607 1177 3674 pleni
1215 3613 1336 3658 sunt
1372 3611 1541 3655 musto
1593 3605 1611 3670 (
1644 3601 1763 3652 Act.
1799 3611 1858 3660 ιι,

282 3711 402 3779 1⁸5).
454 3707 644 3772 Aliter,
690 3704 829 3758 sicut
881 3701 1038 3755 initio
1079 3697 1327 3767 apostoli,
1381 3691 1596 3762 quando
1641 3702 1864 3758 accepe-

279 3812 420 3857 runt
459 3799 720 3868 Spiritum
752 3803 1022 3859 sanctum,
1058 3792 1158 3845 visi
1189 3797 1316 3843 sunt
1343 3786 1495 3856 quasi
1525 3782 1684 3837 ebrii.

369 3911 386 3944 ι
425 3892 481 3946 Si
513 3899 692 3944 autem
721 3900 912 3941 onmes
943 3883 1288 3952 propheteut,
1319 3879 1484 3932 intret
1531 3884 1709 3927 autem
1743 3869 1864 3938 quis

281 3984 549 4047 inﬁdelis,
609 3980 695 4034 vel
760 3979 929 4032 idiota
991 3988 1006 4030 :
1057 3971 1401 4027 convincitur
1460 3965 1528 4019 ab
1587 3962 1862 4020 omnibus,

282 4077 624 4146 dijudieatur
654 4074 721 4127 ab
761 4069 1048 4124 omnibus.
1081 4063 1306 4119 Occulta
1353 4058 1497 4113 enim
1537 4055 1717 4108 cordis
1743 4052 1862 4119 ejus

283 4143 586 4226 manifesta
619 4165 770 4218 ﬁunt.
814 4181 832 4213 »
871 4158 1100 4226 Quando
1126 4156 1242 4223 ejus
1262 4152 1510 4223 pulsatur
1533 4143 1864 4201 conscientia

283 4277 391 4334 per
423 4259 746 4313 doctrinam.

375 4374 393 4404 ι
435 4353 502 4408 Et
532 4353 604 4407 ita
646 4353 848 4405 cadens
892 4349 943 4400 in
989 4345 1207 4403 faciem,
1237 4335 1486 4392 adoravit
1517 4334 1706 4396 Deum,
1739 4344 1868 4397 pro-

286 4449 561 4506 nuntians
617 4444 758 4512 quod
815 4454 944 4494 vere
995 4435 1137 4489 Deus
1198 4433 1250 4484 in
1311 4429 1464 4482 vobis
1511 4425 1600 4478 sit.
1644 4443 1662 4475 »
1717 4421 1946 4513 SicutD

287 4540 798 4599 Nabuchodonosor
846 4529 1097 4584 adoravit
1149 4523 1420 4578 Danieletn
1467 4535 1482 4573 :
1549 4515 1677 4569 Vere
1730 4513 1866 4565 Dens

288 4647 469 4694 vester
509 4634 616 4699 ipse
666 4638 741 4683 est
787 4627 924 4678 Deus
959 4622 1123 4691 tDan.
1161 4634 1218 4681 ιι,
1253 4617 1361 4683 47),
1397 4620 1681 4679 postquam
1719 4620 1870 4658 som-

289 4730 452 4786 nium
486 4724 629 4797 quod
661 4721 860 4776 oblitus
894 4718 1090 4782 fuerat,
1121 4724 1178 4764 et
1202 4708 1708 4776 interpretationem
1753 4699 1873 4766 ejus

292 4822 572 4878 audisset.

382 4931 402 4964 ι
434 4910 570 4976 Quid
595 4921 721 4978 ergo
751 4913 855 4966 est,
895 4898 1192 4955 fratres?»
1228 4893 1366 4960 Quid
1399 4905 1528 4958 ergo
1559 4895 1640 4941 est
1672 4884 1875 4938 facien-

291 5007 455 5071 dum,
485 5005 571 5058 vel
604 5002 734 5071 quid
758 4997 1082 5054 deﬁniemus
1103 5005 1223 5046 esse
1257 4983 1591 5041 tenendum?

384 5117 402 5150 ι
454 5097 585 5153 Cum
619 5084 1306 5153 convenitisunusquisque
1343 5087 1580 5132 vestrum
1611 5072 1874 5141 psalmum

295 5193 490 5254 habet,
522 5185 828 5242 doctrinam
873 5180 1056 5234 habet.
1094 5195 1111 5226 »
1145 5172 1256 5228 Iloc
1290 5181 1395 5235 est,
1446 5166 1697 5234 intelligit
1730 5162 1875 5232 psal-

297 5303 360 5342 111
370 5301 399 5335 υ
407 5300 454 5335 111
466 5325 480 5338 .

385 5395 402 5426 ι
435 5369 809 5446 Apocalypsim
847 5366 1030 5424 habet,
1057 5361 1296 5430 linguam
1333 5357 1512 5417 habet,
1547 5355 1876 5419 interpreta-

297 5472 511 5525 tionem
536 5467 715 5517 hahet.
748 5479 766 5512 »
791 5456 1194 5512 Revelationem
1215 5450 1448 5519 aliquam
1474 5445 1874 5514 mysteriorum,

301 5557 456 5628 quod
491 5553 808 5622 intelligitur
844 5547 1124 5602 revelatio.

391 5668 410 5699 ι
473 5647 665 5703 Omnia
715 5644 778 5698 ad
823 5639 1232 5696 :rdificalionetn
1277 5632 1425 5685 fiant.
1471 5649 1487 5680 »
1526 5628 1668 5683 Nihil
1725 5626 1793 5681 sit
1828 5627 1877 5679 in

303 5735 473 5792 vobis
495 5734 637 5803 Quod
668 5747 771 5788 non
803 5745 898 5786 vos
933 5729 1253 5783 alterutrum
1287 5720 1537 5775 aediﬁcet.

1961 3237 2064 3292 Sed
2114 3247 2168 3292 et
2197 3239 2284 3292 hic
2324 3239 2570 3307 designat
2601 3237 2803 3299 locum.
2853 3238 2943 3291 ubi
2985 3246 3199 3292 taceant
3232 3255 3245 3291 :
3282 3237 3406 3291 alibi
3449 3236 3530 3290 eis

1961 3329 2107 3398 loqui
2137 3329 2400 3398 permisit,
2429 3331 2572 3384 sicut
2598 3339 2653 3384 et
2673 3329 2760 3384 lex
2783 3329 2935 3384 dicit.

2039 3439 2056 3470 ι
2094 3420 2151 3472 Si
2212 3421 2340 3488 quid
2375 3430 2554 3474 autem
2607 3420 2796 3472 volunt
2848 3419 3081 3473 discere.
3120 3437 3138 3470 »
3178 3418 3314 3484 Quia
3353 3425 3407 3470 et
3451 3415 3533 3467 vir

1961 3509 2112 3580 prius
2155 3510 2327 3564 factus
2382 3520 2487 3570 est.
2521 3521 2577 3564 et
2615 3509 2749 3563 Sara
2788 3511 3066 3565 dominum
3100 3512 3330 3565 vocabat
3361 3511 3534 3561 Abra-

1965 3603 2084 3656 ham
2109 3601 2261 3671 (Gen.
2287 3617 2440 3664 xvnt,
2469 3601 2578 3670 12).

2041 3713 2059 3744 ι
2094 3694 2243 3746 Domi
2277 3693 2422 3747 viros
2453 3709 2580 3748 suos
2610 3693 2960 3762 interrogent.
3019 3691 3201 3760 Turpe
3257 3699 3340 3745 est
3385 3689 3532 3744 enim

1967 3785 2183 3839 mulieri
2235 3785 2396 3852 loqui
2426 3786 2478 3838 in
2519 3785 2811 3839 Ecclesia.»
2850 3785 2927 3838 Ne
2959 3784 3234 3837 videretur
3256 3797 3349 3836 eas
3370 3782 3532 3836 etiam

1965 3878 2176 3931 discere
2230 3876 2490 3939 vetuisse,
2533 3875 2674 3929 domi
2709 3875 2829 3929 illas
2861 3868 2964 3929 hoc
2990 3877 3136 3945 quod
3178 3874 3389 3944 publice
3421 3886 3531 3924 non

1965 3969 2210 4030 decebat.
2249 3974 2429 4024 facere
2460 3969 2659 4022 debere
2691 3969 2965 4038 pr.eccpit.

2042 4107 2058 4136 ε
2102 4088 2183 4139 An
2232 4103 2258 4139 a
2295 4087 2448 4141 vobis
2478 4088 2699 4141 verbum
2736 4086 2825 4141 Dei
2878 4086 3139 4154 proceSsit
3188 4102 3203 4142 :
3235 4091 3326 4138 aut
3361 4083 3411 4137 in
3439 4098 3534 4138 vos

1969 4178 2114 4231 solos
2145 4177 2433 4246 pervenit?
2487 4195 2505 4227 »
2544 4176 2795 4246 Nunquid
2821 4179 3062 4230 doctrina
3089 4176 3312 4240 Christi,
3357 4185 3536 4248 aut‘ex

1968 4267 2123 4320 vobis
2179 4275 2285 4327 est,
2335 4277 2429 4318 aut
2493 4268 2633 4336 apud
2701 4283 2793 4320 vos
2840 4267 3139 4321 remansit?
3184 4265 3260 4319 De
3307 4266 3539 4320 scientia

1970 4356 2222 4410 similiter
2253 4367 2338 4410 est
2368 4341 2675 4412 dicendum.

2050 4489 2067 4521 ‹
2107 4470 2162 4524 Si
2197 4471 2320 4537 quis
2349 4469 2564 4524 videtur
2595 4453 2858 4539 propheta
2897 4484 3037 4532 esse,
3070 4479 3162 4522 aut
3213 4469 3536 4537 spit-itualis,

1973 4574 2271 4634 cognoscat
2334 4580 2456 4632 quae
2498 4565 2677 4617 scribo
2738 4564 2910 4628 vobis,
2971 4579 3096 4632 quia
3154 4563 3364 4616 Dutuitti
3419 4572 3545 4616 sunt

1978 4655 2255 4708 mandata.
2309 4653 2364 4708 Si
2417 4656 2538 4723 quis
2591 4665 2768 4706 autem
2829 4655 3060 4721 ignoret,
3118 4655 3478 4720 ignorabitur.
3519 4671 3540 4702 »

1981 4745 2096 4799 lloc
2128 4744 2371 4815 probatis
2402 4761 2583 4798 verum
2620 4746 2960 4814 prophetam,
2999 4748 3042 4798 si
3079 4747 3180 4799 ista
3232 4742 3548 4812 cognoverit

1981 4837 2193 4891 Domini
2239 4837 2492 4890 mandata
2539 4852 2662 4890 esse
2706 4855 2827 4905 qua:
2887 4837 3032 4891 dico.
3092 4839 3149 4892 Si
3199 4840 3320 4905 quis
3365 4844 3544 4888 autem

1980 4931 2195 5002 ignorat
2247 4933 2382 4993 haec,
2417 4930 2752 4999 ignorabitur
2805 4941 2858 4984 et
2889 4947 2916 4982 a
2957 4931 3134 4994 nobis,
3172 4940 3225 4982 et
3262 4945 3290 4981 a
3324 4931 3552 4982 Domino

1980 5025 2198 5077 dicente
2229 5023 2329 5085 eis,
2372 5022 2463 5089 qui
2495 5034 2552 5074 se
2585 5022 2636 5073 in
2668 5021 2787 5090 ejus
2827 5023 3045 5075 nomine
3079 5021 3434 5089 prophetasse
3465 5021 3546 5073 tli-

1979 5119 2202 5181 cehant,
2242 5115 2425 5168 nescio
2457 5128 2574 5168 vos.

2057 5250 2073 5283 t
2110 5230 2320 5298 Itaque,
2358 5229 2572 5295 fratres,
2600 5228 2925 5282 :emulatnini
2950 5227 3298 5297 prophetare,
3329 5235 3383 5280 et
3402 5224 3549 5294 loqui

1982 5322 2186 5392 linguis
2241 5321 2408 5375 nolite
2456 5320 2766 5389 prohibere.
2823 5337 2843 5370 »
2891 5317 3024 5373 Illud
3084 5317 3394 5380 sectamini,
3443 5317 3547 5371 hoc

1985 5415 2277 5486 prohibere
2309 5413 2492 5467 nolite.

2061 5548 2077 5579 t
2117 5527 2305 5581 Omnia
2334 5538 2514 5578 autem
2573 5528 2817 5590 honeste,
2855 5534 2909 5579 et
2959 5526 3256 5579 secundum
3309 5524 3552 5579 ordinem

1987 5624 2119 5676 ﬁant
2176 5622 2226 5672 in
2297 5618 2472 5672 vobis.
2530 5636 2548 5666 »
2600 5617 2738 5670 Nihil
2793 5632 3053 5685 perverso
3082 5618 3296 5684 ordine,
3342 5630 3557 5688 autpcr

1989 5709 2416 5776 contentionem,
2450 5707 2531 5760 vel
2569 5708 2779 5762 inanem
2813 5709 3045 5777 gloriam
3083 5708 3317 5764 faciatis.
