3956 6196
283 267 393 332 797

1307 267 1722 331 EXPOSITIO
1766 267 1849 329 ΙΝ
1894 267 2135 331 EPIST.
2179 271 2337 335 [AD
2377 273 2545 337 COB.

3432 274 3541 341 798

287 386 394 440 nisi
423 383 570 455 quod
603 383 822 452 cecidit,
858 392 916 440 et
963 358 1412 456 resurgit.’Ergo
1459 399 1633 455 neque
1681 384 1864 439 anima
1896 400 1939 446 Α
1969 396 2183 455 centes,
2236 390 2501 445 minorem
2566 403 2685 445 esse
2754 389 2973 445 Filium.
3034 390 3093 460 Si
3142 390 3285 445 enim
3338 391 3534 455 tradet,

288 486 465 533 morte
499 477 719 543 cecidit,
778 490 952 548 neque
980 493 1201 549 semper
1232 477 1405 548 jacuit
1435 491 1637 546 corpus
1674 493 1690 532 :
1725 476 1863 531 alio-

287 569 421 639 quin
448 576 674 639 surgere
696 570 872 641 magis
906 586 1069 639 quam
1100 584 1386 640 resurgere
1418 569 1717 624 diceretur.

366 680 386 713 ι
432 663 743 717 Invenimur
768 674 948 719 autem
978 672 1036 717 et
1066 662 1187 716 falsi
1225 671 1395 717 testes
1421 660 1517 717 Dei
1556 680 1572 718 :
1607 664 1864 732 quoniam

293 754 667 806 testimonium
697 753 931 807 diximus
956 753 1220 807 adversus
1243 751 1435 814 Deum,
1460 752 1604 822 quod
1628 753 1866 808 suscita-

294 843 432 898 rerit
473 844 752 899 Christum
790 861 807 900 :
845 859 1011 914 quem
1064 858 1171 899 non
1202 844 1515 907 suscitavit,
1572 844 1619 899 si
1663 845 1866 900 mortui

294 951 400 989 non
430 945 743 1005 resurgunt.
787 954 808 989 ι
842 935 961 990 Non
1005 935 1179 991 solum
1218 937 1364 1001 vani,
1420 936 1513 991 sed
1547 937 1713 992 etiam
1747 936 1864 991 fulsi

294 1039 486 1079 contra
542 1026 708 1082 Deum
760 1027 1075 1082 invenimur
1132 1028 1411 1083 exstitisse
1470 1040 1486 1081 :
1543 1028 1588 1082 si
1648 1027 1866 1098 quidem

294 1119 494 1171 mortui
530 1132 637 1172 non
674 1127 983 1187 resurgunt.

440 1208 573 1262 Nam
599 1209 645 1264 si
670 1210 872 1264 mortui
904 1226 1013 1264 non
1061 1217 1372 1280 resurgunt,
1407 1223 1583 1277 neque
1615 1208 1868 1263 Christus

294 1301 614 1354 resurrexit.
650 1318 671 1353 ι
706 1299 812 1356 Sed
838 1302 1094 1370 quoniam
1128 1302 1197 1355 de
1228 1300 1318 1355 tllo
1346 1314 1506 1355 nemo
1541 1300 1776 1364 dubitat,
1815 1309 1869 1356 et

293 1394 360 1446 de
390 1393 547 1445 nobis
575 1405 737 1445 nemo
763 1391 998 1445 dubitet.

369 1499 391 1533 ι
426 1480 584 1547 Quod
610 1482 656 1534 si
693 1481 946 1537 Christus
971 1498 1076 1536 non
1104 1485 1422 1549 resurrexit,
1454 1498 1596 1540 vana
1622 1493 1707 1538 est
1736 1483 1871 1538 lides

292 1582 498 1628 vestra.
526 1574 722 1628 Adhuc
770 1574 916 1629 enim
950 1576 1085 1630 estis
1128 1575 1183 1630 in
1222 1577 1463 1645 peccatis
1493 1574 1710 1630 vestris.
1755 1593 1774 1627 ι
1812 1573 1867 1629 Si

296 1667 556 1720 mentitus
576 1677 658 1721 est
691 1682 752 1722 se
796 1675 917 1736 post
958 1667 1196 1721 triduum
1231 1677 1687 1733 resurrecturum,
1720 1682 1871 1721 tucnv

294 1759 428 1812 titus
483 1765 569 1813 est
617 1761 782 1814 etiam
848 1774 909 1814 sc
969 1772 1192 1830 peccata
1250 1759 1546 1814 dimittere.
1588 1758 1695 1813 Aut
1731 1758 1805 1812 ita
1850 1750 1946 1813 :3

292 1866 485 1906 omnes
517 1853 570 1905 itt
611 1856 1018 1907 resurrectione
1042 1852 1160 1920 ejus
1190 1853 1554 1921 baptizautur,
1604 1860 1661 1903 ut
1687 1860 1868 1905 nostra

294 1952 519 2012 peccata
577 1944 875 1999 diluantur.
937 1944 996 1999 Si
1052 1960 1184 2014 ergo
1229 1961 1337 1999 non
1398 1943 1721 2007 resurrexit,
1771 1958 1873 1999 nec

294 2037 457 2091 nobis
482 2037 707 2094 remissa
735 2047 860 2092 sunt
889 2046 1131 2107 peccatu.

368 2147 389 2181 ι
422 2129 565 2201 Ergo
595 2139 650 2186 et
668 2132 762 2201 qui
785 2132 1127 2186 dormierunt
1160 2132 1217 2188 in
1243 2131 1481 2199 Christo,
1518 2132 1856 2202 perierunt.»

296 2200 534 2276 Maxime
571 2221 639 2276 de
670 2200 757 2275 bis
786 2221 942 2289 dicit,
973 2221 1063 2293 qui
1103 2236 1201 2291 pro
1231 2221 1453 2277 Christo
1484 2200 1615 2275 sunt
1647 2200 1871 2275 morini:

296 2315 417 2366 sine
459 2326 627 2365 causa
657 2311 803 2365 enim
841 2313 984 2369 hanc
1018 2313 1183 2368 vitam
1229 2311 1602 2381 perdiderunt,
1633 2310 1678 2365 si
1712 2311 1872 2365 aliam

298 2419 411 2460 non
448 2404 747 2460 habebunt.
1234 2478 1235 2481 η

376 2496 479 2552 «δί
518 2497 572 2552 in
626 2497 730 2552 hac
774 2496 885 2551 vita
940 2505 1149 2553 tantum
1209 2496 1265 2551 in
1298 2480 1545 2553 'Cbristo
1593 2503 1874 2564 sperantes

301 2604 495 2645 sumus
537 2605 553 2643 :
603 2588 1033 2645 miserabiliores
1088 2602 1280 2645 sumus
1305 2586 1569 2643 omnibus
1636 2585 1877 2640 homini-

302 2683 431 2738 bus.
461 2699 482 2734 ι
538 2678 619 2736 llli
682 2680 827 2737 enim
883 2681 969 2735 vel
1004 2683 1058 2735 in
1092 2680 1345 2747 praesenti
1386 2679 1688 2751 gloriantur
1727 2691 1747 2734 :
1780 2692 1876 2732 nos

301 2783 487 2826 autem
538 2772 628 2828 hic
674 2773 1058 2828 tribulatioues
1088 2772 1337 2842 quotidie
1374 2771 1731 2825 sustinemus.

382 2885 403 2919 ι
432 2865 593 2921 Nunc
644 2874 828 2919 autem
875 2865 1130 2921 Christus
1166 2863 1467 2918 resurrexit
1499 2877 1529 2916 a
1568 2862 1820 2917 mortuis.
1851 2879 1871 2913 ι

304 2958 463 3027 Quod
485 2958 629 3027 apud
686 2971 882 3012 omnes
937 2967 1023 3012 est
1073 2967 1284 3012 certum
1335 2955 1515 3025 :quia
1577 2954 1631 3007 in
1689 2953 1876 3022 primis

304 3056 593 3124 probatum
630 3068 735 3111 εει.

385 3167 405 3199 ι
430 3146 695 3203 Primitia:
722 3147 1131 3203 dormientium.
1164 3162 1184 3197 ›
1217 3144 1350 3211 Quia
1385 3143 1590 3213 primus
1616 3141 1671 3196 in
1702 3141 1880 3195 incor-

305 3241 561 3308 ruptione
594 3240 857 3296 surrexit.
890 3239 949 3294 Si
969 3253 1102 3310 ergo
1134 3245 1295 3307 caput
1320 3233 1881 3300 resurrexit,necesse

306 3341 396 3388 est
426 3332 599 3387 etiam
624 3339 682 3386 ut
710 3341 907 3387 caetera
934 3328 1179 3385 membra
1222 3336 1542 3397 sequantur.

384 3442 404 3477 ι
431 3422 698 3491 Quoniam
763 3423 984 3491 quidem
1011 3435 1128 3490 ,per
1160 3420 1433 3474 hominem
1468 3432 1640 3483 mors,
1672 3427 1729 3471 et
1788 3429 1884 3486 per

310 3519 587 3573 hominem
621 3517 959 3571 resurrectio
987 3524 1386 3569 mortuorum.»
1412 3511 1566 3565 Sicut
1592 3525 1687 3580 per
1710 3509 1881 3563 Adam

312 3623 464 3666 mors
486 3607 734 3672 intravit,
762 3607 889 3676 quia
929 3604 1139 3674 primus
1186 3605 1302 3672 ipse
1352 3611 1436 3657 est
1484 3610 1776 3656 mortuus:
1811 3600 1884 3652 ita

310 3717 407 3771 per
435 3700 715 3755 Christum
755 3697 1106 3761 resurrectio,
1138 3695 1264 3766 quia
1308 3695 1517 3764 primus
1562 3694 1884 3748 resurrexit.

310 3793 380 3848 Et
404 3795 548 3847 sicut
582 3793 674 3847 ille
717 3788 1064 3845 morientium
1125 3788 1301 3844 forma
1364 3794 1469 3849 est,
1542 3784 1617 3838 ita
1665 3793 1722 3838 et
1783 3783 1887 3836 iste

313 3883 744 3952 resurgentium.
779 3882 951 3935 Aliter
986 3897 1000 3934 ι
1034 3893 1183 3947 spem
1230 3876 1657 3933 resurrectionis
1700 3874 1886 3927 volens

311 3974 631 4038 ostendere,
660 3971 762 4024 hoc
798 3969 931 4025 dicit
964 3986 980 4025 :
1016 3967 1170 4023 Sicut
1204 3969 1261 4022 in
1303 3967 1472 4021 Adam
1516 3967 1769 4019 mortales
1799 3978 1888 4018 su-

314 4081 463 4129 tnus,
487 4065 566 4119 sic
593 4074 650 4119 et
689 4064 744 4117 iu
778 4062 997 4118 Christo
1032 4061 1371 4117 immortales
1404 4059 1632 4114 erimus.

390 4176 411 4209 ς
441 4155 506 4211 Et
536 4157 679 4212 sicut
721 4156 773 4210 in
805 4154 979 4209 Adam
1014 4168 1207 4208 omnes
1246 4153 1556 4207 moriuntur
1590 4166 1605 4205 :
1637 4151 1708 4204 ita
1748 4159 1801 4202 et
1835 4148 1887 4202 in

312 4251 536 4308 Christo
603 4266 793 4307 omnes
859 4248 1308 4303 viviﬁcabuntur.
1339 4262 1359 4297 ι
1413 4242 1618 4299 Omnes
1668 4242 1888 4311 quidem

317 4352 632 4414 resurgeut,
666 4341 759 4396 sed
788 4339 888 4393 soli
933 4340 983 4393 hi
1018 4335 1516 4392 viviﬁcabunturin
1539 4331 1888 4403 Christo,qui

314 4435 523 4490 Christi
570 4434 929 4487 merebuntur
960 4427 1208 4499 capulari
1258 4427 1495 4496 corpori.
1522 4427 1654 4482 ltetn
1716 4434 1772 4481 et
1821 4426 1889 4481 de
1921 4445 1967 4501 ο

314 4525 598 4582 communi
633 4533 832 4589 morte,
867 4531 926 4578 et
963 4523 1032 4577 de
1069 4521 1477 4576 resurrectione
1503 4519 1658 4575 dicit.

396 4638 416 4671 ι
446 4617 828 4689 Unusquisque
860 4624 1043 4672 autem
1081 4615 1136 4669 iu
1176 4629 1278 4668 suo
1305 4614 1521 4670 ordine.
1554 4630 1575 4665 ι
1611 4611 1896 4683 Temporis

319 4712 406 4768 vel
437 4713 682 4767 honoris.

398 4823 420 4856 ι
449 4803 709 4858 Primitiae
727 4802 982 4859 Christus
1009 4818 1027 4858 :
1062 4800 1259 4857 deinde
1282 4802 1334 4857 hi
1381 4802 1474 4872 qui
1507 4810 1637 4857 sunt
1668 4801 1894 4869 Christi,

316 4896 415 4965 qui
439 4896 493 4950 in
517 4897 751 4950 adventu
769 4895 889 4965 ejus
912 4894 1282 4949 crediderunt.
1305 4893 1510 4950 Deinde
1530 4895 1711 4949 linis.»
1745 4893 1898 4952 Tunc

318 4989 429 5041 erit
474 4986 601 5042 linis
658 4990 926 5051 omnium,
979 4986 1144 5042 etiam
1204 4986 1416 5049 mortis,
1473 5002 1599 5041 cum
1660 4987 1899 5042 universi

320 5094 448 5133 rest:
459 5086 629 5147 rgenl.

408 5189 428 5222 ι
459 5170 594 5225 Cum
624 5168 916 5224 tradiderit
939 5183 1164 5238 regnum
1194 5166 1304 5221 Deo
1323 5177 1379 5222 et
1410 5169 1620 5223 Patri.»
1654 5169 1927 5240 Regnum-

326 5264 541 5321 sciliret
574 5262 795 5316 humani
828 5260 1066 5332 generis,
1092 5260 1393 5315 secundum
1416 5256 1562 5314 Petri
1585 5262 1896 5331 epistolam,

323 5366 381 5413 et
410 5354 795 5424 Apocalypsim
848 5346 1096 5418 Joannis,
1130 5349 1274 5429 Patri
1329 5350 1648 5407 tradendum
1704 5354 1900 5410 asserit

323 5464 452 5503 esse
491 5461 587 5517 per
619 5444 819 5499 Flllllill
855 5452 961 5498 :ut
1000 5443 1075 5497 ibi
1115 5454 1303 5512 regnet
1337 5442 1475 5495 Deus
1511 5456 1606 5510 per
1646 5445 1896 5513 gloriam,

325 5540 419 5593 ubi
458 5554 553 5608 per
580 5537 709 5591 vitia
739 5536 986 5590 diabolus
1011 5544 1137 5588 ante
1165 5534 1450 5604 regnabat.
1490 5533 1601 5588 Deo
1642 5548 1689 5589 et
1728 5538 1895 5591 Patri.

327 5631 462 5695 Deo,
516 5629 816 5685 secundum
879 5626 1274 5679 humanitatem
1316 5640 1329 5678 ;
1370 5622 1536 5689 Patri,
1596 5626 1894 5679 secundum

326 5725 605 5778 dellulcltl.
651 5717 760 5774 lloc
814 5720 932 5772 loco
981 5715 1298 5774 calumniari
1355 5716 1531 5771 solent
1577 5718 1785 5783 Ariani,
1820 5718 1899 5771 di-

1974 477 2248 548 iuquiunt,
2281 477 2430 534 Patri
2466 495 2690 551 regnum
2720 496 2737 535 :
2775 480 2894 550 ipse
2926 481 3115 550 utique
3150 480 3263 551 jam
3314 496 3544 551 regnare

1971 568 2205 627 det-inet.
2246 570 2455 637 Quibus
2476 573 2654 640 primo
2688 572 2974 627 dicendqu
3012 582 3089 626 cst
3117 588 3134 639 ;
3161 572 3284 640 quia
3318 572 3406 627 hic
3432 588 3542 626 non

1970 660 2037 716 de
2061 659 2353 716 Trinitatis
2383 663 2720 727 substantia,
2748 662 2848 716 sed
2886 663 2951 716 de
2976 660 3374 717 resurrectione
3409 677 3546 716 con-

1975 753 2180 808 lirmat.
2210 753 2351 822 Ergo
2377 755 2682 808 secundum
2734 755 3099 810 substantiam
3139 753 3258 824 ejus
3280 754 3543 822 loquitur,

1974 847 2067 916 qui
2098 860 2128 899 a
2170 846 2404 900 mortuis
2436 846 2762 900 resurrexit.
2796 845 2853 900 Si
2880 857 3059 902 tamen
3116 847 3239 901 ideo
3291 846 3547 901 Christus

1975 954 2081 994 non
2127 939 2397 1009 regnabit,
2425 940 2551 1008 quia
2601 955 2825 1009 regnum
2882 940 3182 993 traditurus
3211 948 3295 993 est
3355 938 3542 1003 Patri;

1972 1046 2103 1099 ergo
2140 1045 2240 1085 nec
2287 1030 2448 1084 Pater
2500 1040 2783 1101 regnarat,
2812 1040 3102 1099 antequam
3144 1031 3193 1085 ei
3243 1031 3549 1084 tradatura

1974 1121 2135 1175 Filio.
2164 1121 2219 1176 Si
2247 1135 2430 1177 autem
2466 1122 2629 1177 Pater
2686 1139 2792 1178 non
2843 1134 2971 1177 tunc
3009 1123 3242 1193 primum
3274 1122 3540 1192 regnavit,

1973 1213 2226 1283 quamvis
2257 1222 2385 1267 tunc
2440 1215 2702 1284 suscipiat
2746 1229 2970 1283 regnum
2998 1231 3015 1277 ;
3055 1230 3153 1267 nec
3186 1212 3358 1291 Filius
3388 1211 3541 1275 illud,

1972 1307 2225 1375 quamvis
2258 1316 2389 1360 tunc
2419 1307 2636 1360 tradere
2672 1306 2949 1371 videatur,
2980 1305 3203 1359 amittit.
3243 1303 3413 1358 Aliter
3439 1318 3455 1360 :
3483 1301 3543 1357 in

1975 1399 2078 1452 hoc
2102 1396 2215 1453 Deo
2263 1396 2412 1452 Patri
2464 1396 2720 1452 Christus
2772 1413 2996 1467 regnum
3062 1394 3246 1459 tradit,
3285 1393 3541 1463 quoniam

1975 1505 2133 1545 nemo
2180 1499 2359 1559 potest
2406 1489 2475 1545 ad
2520 1490 2738 1545 Patrem
2762 1490 2978 1561 yenire,
3018 1488 3119 1542 nisi
3160 1486 3451 1541 crediderit
3487 1485 3543 1540 iu

1972 1580 2220 1648 Christo,
2251 1580 2396 1636 sicut
2422 1583 2541 1651 ipse
2573 1580 2626 1635 in
2656 1579 2950 1652 Evangelio
2982 1579 3115 1634 dicit
3149 1593 3165 1633 :
3195 1576 3366 1632 Nemo
3395 1574 3546 1630 venit

1975 1676 2042 1732 ad
2086 1675 2327 1741 Patrem,
2356 1676 2461 1730 nisi
2493 1690 2589 1745 per
2618 1691 2722 1729 me.

2052 1788 2071 1821 ι
2101 1768 2234 1824 Cum
2281 1767 2632 1822 evacuaverit
2676 1781 2894 1820 omnem
2940 1764 3327 1833 principatum,
3358 1769 3413 1815 et
3453 1771 3548 1826 po.

1977 1870 2256 1927 testatum,
2293 1869 2349 1915 et
2409 1862 2721 1915 virtutem.»
2783 1857 3072 1912 Evacuatis
3108 1855 3377 1923 peccatis,
3416 1866 3547 1906 eva-

1974 1955 2286 2008 cuabuntur
2321 1967 2351 2006 a
2388 1952 2545 2005 nobis
2566 1964 2757 2005 omnes
2787 1948 3078 2003 contrariae
3102 1954 3400 2016 potestates
3433 1958 3450 2002 :
3477 1941 3548 1996 ab

1974 2061 2064 2112 eo,
2109 2044 2253 2114 quod
2304 2043 2465 2098 nobis
2514 2058 2575 2098 se
2595 2041 2956 2110 sequentibus
2988 2038 3363 2107 principantur
3392 2043 3545 2105 pote-

1976 2147 2140 2203 state,
2171 2152 2279 2208 qua
2313 2150 2413 2191 nos
2436 2135 2704 2190 vicerant.
2742 2134 2923 2190 Virtus
2943 2132 3086 2186 enim
3117 2144 3328 2194 eorum,
3363 2135 3547 2183 nostra

1990 2240 2221 2298 peccata
2252 2239 2402 2284 sunt.

2055 2316 2326 2390 «Oportet
2367 2328 2551 2374 autem
2591 2318 2745 2372 illum
2788 2328 3041 2387 regnare,
3080 2313 3252 2369 donec
3306 2317 3492 2381 ponat.
3521 2327 3543 2362 ι

1977 2411 2114 2468 Cum
2148 2413 2407 2467 omnibus
2443 2412 2659 2466 scilicet
2686 2409 2824 2464 suis.
2853 2410 3056 2473 Donec,
3088 2420 3194 2461 non
3242 2416 3459 2473 semper
3490 2401 3552 2455 li-

1981 2519 2104 2558 nem
2134 2502 2411 2576 signiﬁcat
2450 2502 2637 2556 :sicut
2663 2498 2957 2563 estJllud:
2995 2498 3106 2567 Ego
3161 2495 3303 2549 Deus
3343 2502 3549 2559 vester,

1980 2599 2152 2653 donec
2183 2595 2503 2657 senescatis,
2533 2601 2589 2646 et
2617 2603 2814 2647 caetera
2855 2589 3007 2644 talia.
3036 2586 3212 2641 Aliter
3249 2601 3265 2643 :
3298 2582 3547 2653 Oportet,

1979 2689 2179 2759 inquit,
2209 2700 2439 2757 regnare
2463 2685 2715 2741 omnibus
2744 2683 3041 2750 Christum,
3073 2681 3247 2736 donec
3278 2677 3550 2740 inimicos,

1978 2791 2036 2838 et
2069 2780 2127 2836 in
2155 2795 2214 2835 se
2241 2778 2575 2841 incredulos,
2603 2776 2856 2847 subjiciat
2885 2772 2991 2829 sibi
3021 2787 3073 2828 et
3106 2770 3274 2827 Patri.
3311 2767 3428 2822 Non
3466 2774 3554 2822 est

1978 2882 2163 2930 autem
2226 2887 2335 2927 una
2363 2869 2636 2940 subjectio
2664 2885 2680 2933 ;
2709 2882 2830 2921 nam
2881 2867 3080 2936 justos,
3121 2863 3192 2918 ad
3238 2877 3299 2918 se
3345 2861 3448 2915 [ide
3496 2868 3563 2912 et.

1982 2963 2314 3021 credulitate
2366 2962 2671 3024 venientes,
2702 2956 2946 3027 subjicit.
2983 2955 3235 3011 inﬁdeles
3260 2961 3466 3016 autem,
3494 2957 3557 3003 et

1907 3095 1950 3152 ε
1985 3059 2185 3127 impios
2237 3057 2528 3113 destruens
2562 3095 2578 3122 ,
2641 3052 2951 3124 subjugabit
3017 3059 3223 3105 artemo
3287 3043 3561 3115 supplicio.

1985 3150 2354 3219 dcputandos.

2063 3261 2080 3294 ε
2107 3240 2311 3297 Omnes
2335 3238 2589 3295 inimicos
2613 3237 2716 3293 sub
2740 3237 2970 3307 pedibus
2997 3232 3132 3302 ejus.
3166 3251 3185 3286 ι
3215 3231 3441 3298 Quando
3463 3230 3565 3289 alii.

1987 3335 2290 3400 voluntate,
2324 3332 2415 3387 alii
2454 3339 2613 3386 erunt
2646 3331 2972 3385 necessitate
3001 3327 3254 3397 subjecti.

2062 3446 2080 3478 ι
2114 3424 2421 3480 Novissime
2488 3433 2672 3477 autem
2726 3422 2947 3477 inimica
3021 3418 3335 3474 destruetur
3389 3430 3555 3471 mors.

1987 3517 2182 3574 Omnia
2206 3517 2353 3572 enim
2390 3517 2626 3583 subjecit
2657 3515 2759 3571 sub
2790 3515 3019 3584 pedibus
3051 3513 3192 3581 ejus.
3216 3510 3354 3568 Cum
3377 3522 3561 3565 autem

1988 3610 2151 3675 dicat,
2185 3608 2372 3664 omnia
2397 3608 2642 3678 subjecta
2694 3615 2823 3661 sunt
2882 3607 2958 3662 ei.
2991 3624 3011 3657 ι
3046 3603 3326 3669 Diabolus,
3359 3601 3451 3672 qui
3506 3601 3559 3654 in
3620 3670 3625 3673 Α

1990 3700 2315 3771 Apocalypsi
2376 3708 2659 3770 peccatum
2715 3706 2771 3752 et
2831 3711 2979 3763 mors
3049 3692 3559 3766 appellatur:qttia

1991 3804 2182 3847 auctor
2208 3805 2293 3847 est
2317 3791 2530 3861 peccati
2560 3798 2616 3845 et
2655 3790 2871 3844 mortis.

2067 3904 2086 3937 ι
2117 3885 2322 3940 Praeter
2359 3899 2508 3948 eum,
2563 3883 2658 3953 qui
2711 3881 2949 3952 subjecit
3000 3880 3051 3935 ei
3110 3877 3357 3933 omnium
3391 3875 3561 3931 Caute

1991 3976 2287 4045 Apostolus
2311 3975 2442 4030 dicit
2475 3974 2635 4041 Filio,
2654 3975 2747 4044 qui
2772 3974 2885 4028 Deo
2916 3972 3059 4027 Patri
3093 3968 3326 4038 subjecit
3355 3967 3560 4031 omnia,

1991 4078 2186 4123 cuncta
2246 4082 2368 4123 esse
2427 4066 2818 4135 subjectazne
2877 4074 2932 4119 et
2999 4064 3179 4133 ipsutu
3218 4060 3405 4123 simul,
3436 4074 3560 4112 cum

1992 4159 2272 4225 Onmihus,
2306 4172 2428 4226 quae
2466 4158 2710 4225 subjecta
2767 4165 2916 4220 sunt,
2946 4156 3234 4209 credamus
3259 4167 3379 4207 esse
3417 4151 3557 4205 sub-

1990 4253 2218 4323 jectum,
2253 4252 2510 4322 quoniam
2551 4268 2579 4304 a
2634 4252 2843 4305 dextris
2893 4250 3074 4305 Patris
3124 4250 3323 4303 sedet:
3367 4245 3564 4315 aequali

1996 4353 2267 4414 potestate
2290 4359 2411 4399 cum
2452 4344 2617 4398 Patre
2642 4342 3010 4412 judicaturus.

2072 4453 2092 4488 ι
2117 4434 2251 4491 Cum
2281 4445 2459 4488 autem
2498 4432 2741 4499 subjecta
2778 4430 2981 4486 iuerint
3048 4429 3124 4484 illi
3183 4427 3391 4491 omnia,
3435 4436 3567 4482 tunc

1996 4532 2054 4579 et
2082 4524 2203 4594 ipse
2235 4521 2407 4577 Filius
2434 4521 2717 4591 subjectus
2748 4519 2857 4575 erit
2917 4519 3021 4584 illi,
3045 4520 3140 4585 qui
3190 4516 3421 4586 subjecit
3458 4516 3567 4569 sibi

1999 4613 2211 4669 omnia.
2245 4630 2265 4664 ι
2300 4610 2401 4666 llic
2456 4623 2675 4682 quoque
2710 4609 2897 4663 Ariani
2935 4607 3008 4661 ita
3040 4605 3467 4673 calumniantur,
3509 4615 3573 4668 ut

2000 4706 2210 4773 dicant,
2251 4705 2379 4776 quia
2435 4713 2561 4775 post
2611 4703 3072 4758 resurrectionem
3128 4701 3372 4756 omnium
3414 4709 3467 4753 et
3501 4698 3570 4752 li-

2000 4813 2149 4864 nem,
2178 4800 2284 4853 erit
2311 4797 2485 4852 Filius
2528 4795 2680 4851 Patri
2714 4796 3019 4866 subjectus,
3054 4805 3114 4850 ut
3161 4795 3336 4848 minor
3361 4793 3572 4848 scilicet

2001 4887 2224 4959 majori.
2252 4887 2463 4955 Quibus
2514 4889 2956 4957 respondendum
2995 4895 3080 4942 est
3113 4903 3128 4940 :
3164 4885 3571 4956 Subjectioncttt

2001 4997 2109 5037 non
2146 4995 2365 5051 semper
2418 4979 2484 5035 ad
2517 4980 2933 5035 diminutionem
2991 4978 3214 5032 honoris
3274 4975 3570 5044 pertinere,

2002 5075 2099 5130 sed
2135 5075 2394 5129 etiamad
2424 5072 2716 5127 cbaritatis
2762 5071 2997 5128 alliciunt
3033 5085 3049 5129 :
3086 5069 3323 5123 tuaxime
3353 5084 3474 5121 cum
3518 5075 3575 5129 ct

2004 5166 2236 5233 Spiritus
2264 5163 2656 5233 prOphetarum
2707 5163 2988 5233 prophetis
3018 5163 3233 5215 dicatur
3268 5173 3391 5214 esse
3442 5159 3568 5214 sub-

1997 5257 2199 5325 jectus,
2235 5268 2288 5309 Ill
2323 5270 2430 5309 non
2469 5256 2539 5308 sit
2581 5255 2725 5310 Deus
2756 5255 2831 5308 ibi
2856 5252 3234 5317 dissensionis,
3262 5249 3356 5306 sed
3394 5249 3568 5320 pacis.

2002 5346 2068 5402 Et
2110 5348 2224 5418 ipse
2250 5347 2514 5403 Dominus
2542 5345 2745 5416 Joscplt
2776 5361 2840 5400 ac
2888 5344 3069 5399 Maria:
3100 5342 3355 5399 scribitur
3397 5341 3571 5397 fuisse

2001 5440 2302 5508 subjectus.
2332 5439 2480 5493 Multi
2509 5455 2641 5494 sane
2672 5439 2740 5493 de
2771 5438 2874 5492 hoc
2904 5438 3149 5506 capitulo
3180 5436 3393 5492 diversa
3445 5448 3573 5490 scu-

2002 5543 2208 5585 serunt.
2240 5530 2373 5585 Nam
2405 5532 2626 5601 quidam
2664 5530 2877 5595 dicunt,
2912 5529 3063 5584 sicut
3086 5529 3138 5583 in
3171 5528 3287 5583 suis
3321 5527 3573 5582 esurien-

2004 5625 2147 5679 tibus
2183 5624 2396 5686 esuriit,
2425 5624 2507 5677 vel
2544 5623 2758 5676 cibatur
2788 5637 2804 5678 :
2842 5622 2912 5675 ita
2949 5631 3005 5677 et
3053 5622 3106 5675 in
3141 5620 3386 5675 Ecclesia
3425 5618 3569 5689 (quat

2005 5728 2087 5772 cst
2147 5732 2348 5788 corpus
2385 5717 2528 5786 ejus)
2566 5717 2681 5785 ipse
2716 5714 3022 5784 subjicitur.
3056 5714 3164 5771 Atii
3221 5715 3393 5782 aiunt,
3427 5714 3569 5783 quod
