3956 6196
480 335 589 403 799
1446 334 1507 395 s.
1558 327 2005 394 HIERONYMI
2060 299 2379 387 ereavit
2412 322 2816 387 MANTtssA.
3565 325 3646 384 tu

480 455 598 522 ipsa
630 453 869 510 humana
914 459 1133 514 natura,
1170 465 1330 520 quam
1390 450 1589 517 induit,
1625 451 1677 505 in
1746 432 2046 522 g’ratiarum
2075 455 2122 510 Α
2152 449 2376 503 Romam
2394 443 2893 500 vioctnsdeducttts
2914 448 3019 495 est.
3045 437 3240 492 Dicens
3259 452 3396 501 vero,
3415 439 3526 507 qttid
3548 444 3649 496 mihi

481 549 753 602 actionem
786 559 1002 614 semper
1029 545 1099 598 sit
1123 544 1366 613 subjecta
1398 543 1668 597 divinitati
1706 561 1719 596 :
1748 544 1832 596 cui
1866 557 2049 597 secum
2156 539 2386 606 prodeSI,
2406 538 2451 590 si
2473 536 2670 591 mortui
2698 552 2804 589 non
2825 530 3143 602 resurgunt?
3163 531 3366 584 illorum
3380 532 3544 596 dogma
3579 535 3652 589 de.

483 656 646 691 unum
684 637 953 700 faciendo,
986 637 1169 690 omnia
1196 634 1517 702 subiecerit.
1546 634 1692 689 Multi
1722 635 1881 689 etiam
1920 634 2049 701 alia,
2153 629 2308 683 sttuit
2359 628 2448 696 qui
2469 628 2672 689 dicunt,
2696 633 2820 679 ante
2843 638 3068 691 corpora
3085 623 3292 676 animas
3308 621 3356 674 in
3372 621 3653 689 coalol'actas,

480 740 537 785 et
576 730 792 797 diversa
830 730 1039 793 dicunt,
1075 743 1197 798 quae
1221 728 1466 782 inserere
1492 736 1547 782 et
1578 742 1898 782 enumerare
1927 740 2049 796 pro-
2152 732 2331 774 actum
2348 719 2635 789 quemdam
2655 712 3657 787 preprizeconversationishabuisse.Ali-

479 821 647 874 lixum
683 829 784 875 est.
1487 862 1499 873 .
2151 824 2225 870 tet
2247 833 2258 868 :
2277 813 2437 868 Multa
2464 814 2718 868 dicuntur
2747 811 2801 865 in
2827 809 3106 880 Epistolis,
3131 822 3252 877 qua
3275 808 3324 862 itt
3351 807 3555 862 Actibus
3570 824 3653 863 non

559 930 576 962 ι
605 911 671 966 Ut
705 915 777 966 sit
835 911 977 967 Deus
1017 914 1200 967 omnia
1237 912 1290 967 in
1325 911 1599 966 omnibus.
1634 929 1653 963 ι
1701 911 1881 965 Tunc
1912 913 2051 966 Deus
2151 908 2516 966 continentur,
2535 914 2589 959 et
2606 904 2769 958 multa
2790 903 2843 957 in
2865 899 3656 969 Actibus,qttteittEpistolisnott

476 1004 658 1057 omnia
700 1004 753 1058 ltt
805 1005 1062 1059 omnibus
1126 1004 1256 1068 erit,
1298 1019 1422 1058 cum
1475 1015 1738 1058 evacuata
1770 1015 1970 1070 morte,
1997 1013 2050 1059 et
2150 1000 2486 1055 scribuntur.
2511 996 2618 1051 Per
2647 995 2959 1066 allegoriam
3007 1002 3190 1047 autem
3254 991 3430 1047 bestiae
3475 1000 3658 1060 possunt

477 1096 622 1150 outui
660 1097 886 1159 malitia,
917 1098 1001 1152 vel
1042 1112 1234 1153 errore
1273 1099 1572 1162 destructo,
1604 1097 1752 1150 solus
1804 1097 2053 1168 regnabit
2153 1090 2380 1160 intelligi
2411 1089 2739 1144 adversaria:
2771 1095 3095 1158 potestates,
3124 1085 3267 1140 sicut
3294 1084 3438 1139 aitin
3463 1084 3657 1139 Pssimo:

478 1190 532 1243 in
571 1192 785 1244 cunctis
2045 1244 2049 1249 ,
2154 1180 2238 1236 Ne
2292 1182 2476 1236 tradas
2522 1181 2707 1236 bestiis
2771 1181 2981 1234 animos
3042 1179 3357 1247 conﬁdentes
3396 1177 3481 1229 tibi
3522 1174 3658 1247 (Paul.

550 1284 849 1352 (Alioquin
921 1284 1048 1352 quid
1105 1283 1347 1348 facient,
1401 1284 1491 1350 qui
1551 1282 1899 1349 baptizatum-
1956 1297 2052 1349 pro
2150 1289 2342 1340 tum,
2381 1273 2494 1342 l9);
2532 1272 2600 1327 ad
2635 1286 2770 1341 quas
2793 1271 2884 1326 hic
2913 1270 3125 1325 dicitse
3154 1282 3440 1339 pugnasse.

474 1375 788 1429 mortuis?»
849 1375 1172 1445 Quicunque
1231 1375 1489 1444 baptizati
1548 1389 1739 1429 sumus
1791 1374 1846 1429 in
1892 1374 2050 1430 Cliri-
2231 1385 2249 1419 ι
2279 1366 2696 1429 Mantlucemus.
2736 1375 2793 1420 et
2818 1365 3068 1420 bibamus
3105 1379 3121 1419 :
3153 1378 3280 1416 cras
3329 1362 3458 1413 enim
3505 1361 3660 1413 morie-

473 1474 560 1521 sto
630 1467 682 1519 itt
735 1476 912 1522 morte
968 1467 1139 1537 ipsius
1206 1467 1470 1537 baptizati
1539 1482 1730 1522 sumus
1759 1469 1800 1532 ι,
1838 1467 1890 1522 id
1944 1478 2047 1535 est,
2153 1476 2297 1514 mur.
2331 1478 2349 1511 ι
2389 1458 2634 1528 Increpat
2668 1458 2917 1528 exemplo
2971 1457 3250 1527 propheta:
3304 1454 3435 1523 gula!
3475 1455 3662 1516 deditos,

469 1559 578 1627 jam
631 1560 786 1629 quasi
816 1560 1141 1614 commortui
1190 1575 1315 1616 cum
1370 1560 1463 1615 illo
1492 1575 1704 1614 sumus.
1730 1559 1868 1627 Quid
1921 1574 2052 1629 ergo
2152 1550 2531 1620 desperatione
2579 1549 2926 1613 futurorum;
2958 1547 3112 1616 cujus
3138 1544 3216 1600 rei
3248 1545 3441 1600 crimen
3481 1554 3664 1613 negatur

476 1653 697 1718 prodest
721 1666 818 1704 nos
845 1651 971 1704 huic
1003 1652 1201 1704 mundo
1226 1651 1386 1715 mori,
1419 1650 1463 1703 si
1501 1649 1645 1704 ltunc
1673 1660 2047 1720 contemptum
2155 1645 2235 1700 eis
2266 1643 2469 1698 remitti
2499 1643 2859 1712 quoadusque
2892 1640 3218 1695 moriantur.

473 1741 813 1808 voluptatum
866 1742 975 1794 vita
1031 1756 1140 1796 non
1196 1742 1448 1810 sequitur
1501 1742 1741 1795 arterna?
1773 1739 1899 1794 Item
1947 1742 2048 1797 hoc
2178 1790 2183 1795 ,
2228 1755 2247 1788 ε
2275 1736 2454 1791 Nolite
2476 1733 2684 1790 seduci.
2710 1754 2740 1784 ιι
2766 1734 2846 1788 Ab
2883 1733 2985 1797 his,
3022 1733 3113 1802 qui
3144 1729 3270 1785 talia
3299 1729 3586 1799 loquuntur.

475 1840 580 1898 est,
610 1834 755 1901 quod
789 1833 943 1897 dicit,
972 1835 1102 1902 quia
1136 1849 1241 1888 non
1292 1836 1466 1889 solum
1504 1846 1723 1903 propter
1773 1834 2046 1888 remissio-
2080 1812 2124 1872 Β
2235 1846 2253 1880 t
2283 1828 2653 1898 Corrumpunt
2686 1840 2864 1882 mores
2897 1826 3072 1879 bonos
3102 1824 3368 1893 colloquia
3395 1819 3535 1874 mala.
3567 1816 3667 1871 tNe

476 1939 597 1975 nem
632 1932 975 1991 peccatorum
1010 1923 1379 1992 baptizantnr,
1414 1924 1507 1977 sed
1538 1933 1592 1977 et
1614 1932 1832 1992 propter
1861 1938 2047 1975 resur~
2151 1920 2416 1983 dicerent,
2443 1934 2574 1988 ergo
2611 1919 2747 1973 tales
2791 1934 2891 1973 nos
2915 1917 3157 1988 jntlicas,
3183 1916 3277 1985 qui
3309 1913 3459 1968 fat-ile
3479 1912 3666 1965 seducti-

473 2015 775 2068 rectionem
812 2015 1000 2070 caruis
1035 2023 1260 2068 nostrze.
1308 2013 1543 2069 Carnem
1587 2024 1766 2068 autem
1803 2024 2047 2068 nostram
2151 2013 2311 2068 mur?
2343 2028 2449 2066 non
2481 2013 2679 2080 inquit,
2707 2012 2774 2067 de
2812 2012 2969 2065 vobis
2999 2013 3166 2065 timeo
3198 2026 3212 2064 :
3247 2009 3340 2063 sed
3388 2009 3451 2061 de
3489 2006 3665 2059 illorum

474 2118 742 2161 mortuam
778 2106 1038 2176 appellat,
1071 2108 1326 2176 quoniam
1372 2106 1474 2161 hac
1504 2115 1679 2161 morte
1712 2105 1893 2160 anima
1939 2121 2048 2161 non
2149 2102 2572 2157 conversatione
2616 2100 2870 2156 Iormiio.
2909 2099 3016 2153 Sed
3067 2103 3343 2168 quomodo
3373 2096 3499 2149 mala
3532 2096 3668 2149 collo.

473 2199 728 2254 moritur.
762 2198 921 2255 Unde
979 2200 1314 2267 increpando
1347 2199 1423 2253 ait
1450 2215 1464 2253 :
1494 2199 1600 2254 Aut
1638 2198 1769 2267 quid
1823 2199 2043 2265 facient,
2150 2192 2275 2261 quia
2308 2194 2477 2246 bonos
2506 2206 2690 2246 mores
2721 2199 3078 2257 corrumpunt
3103 2207 3118 2243 :
3148 2191 3218 2242 ita
3247 2186 3538 2243 econtrario
3560 2186 3669 2238 bona

470 2292 562 2360 qui
613 2292 952 2361 ltaptintttttr
1001 2306 1098 2360 pro
1149 2268 1409 2356 mortuis,
1446 2290 1492 2345 si
1543 2291 1769 2346 omnino
1836 2291 2039 2345 mortui
2150 2283 2420 2353 colloquia
2450 2282 2621 2337 malos
2654 2297 2831 2336 mures
2863 2282 3153 2335 mdilicattt.

475 2398 581 2435 non
641 2382 981 2453 resurgunt?
1011 2381 1067 2437 Id
1124 2393 1229 2447 est,
1279 2382 1410 2451 quid
1459 2382 1725 2451 baptizari
1774 2396 1912 2452 opus
1967 2392 2053 2439 est
2228 2395 2246 2428 ι
2273 2375 2555 2442 Emgilate,
2592 2375 2746 2443 justi,
2775 2382 2832 2429 et
2868 2374 3035 2428 nolite
3063 2388 3316 2441 peccare.
3353 2389 3371 2424 ι
3401 2371 3489 2427 Ille
3528 2369 3673 2442 justus

477 2489 724 2539 carnem,
755 2474 799 2527 si
832 2489 935 2531 non
971 2473 1265 2543 resurgat?
2153 2480 2260 2532 est,
2293 2469 2385 2534 qui
2410 2482 2516 2521 non
2547 2476 2758 2536 peccat.

551 2584 570 2617 t
599 2563 656 2619 Si
709 2563 932 2619 omnino
982 2564 1180 2618 mortui
1241 2579 1349 2617 non
1410 2571 1723 2634 resurgunt,
1761 2565 1948 2635 utquid
1996 2574 2051 2621 et
2228 2581 2247 2615 ι
2287 2561 2654 2630 lgnorantiant
2691 2558 2836 2613 enim
2876 2557 2967 2615 Dei
2992 2558 3212 2629 quidam
3255 2561 3506 2613 babenti
3542 2556 3676 2627 igno-

472 2656 820 2723 baptizantttr
850 2668 947 2723 pro
1001 2652 1157 2708 illis!
1203 2652 1404 2724 thuid
1436 2663 1490 2709 et
1513 2670 1615 2709 nos
1675 2657 2050 2724 periclitamur
2154 2665 2278 2710 rant
2315 2654 2574 2709 virtutem
2606 2653 2724 2717 Dei,‘
2762 2652 2856 2723 qui
2887 2666 3015 2708 eum
3067 2659 3264 2721 putant
3315 2652 3557 2705 suscitare
3590 2661 3675 2702 non

471 2748 618 2801 oumi
642 2746 820 2800 hora?
849 2764 867 2797 ι
898 2745 953 2799 Si
988 2745 1125 2800 nihil
1170 2756 1317 2801 esset
1352 2747 1404 2801 itt
1436 2746 1645 2811 futuro,
1671 2763 1779 2802 non
1829 2763 2050 2805 eramus
2151 2764 2313 2822 posse
2351 2765 2367 2807 :
2408 2749 2710 2818 potentiam
2744 2749 2862 2819 ejus
2885 2763 2951 2805 ex
2980 2763 3076 2804 sua
3103 2746 3466 2803 imbecillitate
3492 2757 3679 2801 cettsen-

475 2848 585 2892 tztm
618 2838 792 2904 stulti,
827 2849 885 2892 ut
917 2847 1097 2894 tantas
1144 2838 1527 2894 tribulationes
1555 2856 1651 2910 pro
1693 2840 1797 2895 illis
1826 2852 2044 2911 patere-
2153 2851 2259 2898 tes.

474 2948 617 2986 mur.
2223 2958 2243 2984 ι
2270 2931 2349 2987 Ad
2387 2927 2764 2986 reverentiam‘
2784 2931 2937 2986 vobis
2967 2930 3187 3002 loquor.
3218 2948 3239 2983 ι
3286 2931 3359 2988 Ut
3389 2925 3679 2985 erubescatis

551 3042 569 3076 ι
594 3021 851 3089 Quotidie
881 3024 1111 3076 morior.
1143 3040 1162 3074 ι
1199 3019 1428 3093 Semper
1450 3033 1672 3092 paratus
1698 3026 1762 3078 ad
1792 3036 2044 3090 mortem,
2149 3039 2247 3078 vos
2278 3024 2363 3079 his
2405 3023 2779 3088 sermonibus,
2812 3031 3071 3093 tanquam
3104 3024 3285 3079 adhuc
3312 3022 3551 3093 parvulos
3573 3033 3678 3075 eru-

470 3128 528 3170 et
563 3118 805 3187 quotidie
827 3129 1085 3184 exsatecto
1127 3133 1212 3171 me
1248 3132 1345 3187 pro
1389 3128 1569 3172 vestra
1607 3117 1777 3187 gloria
1818 3121 2046 3174 moritu-
2073 3159 2115 3214 Β
2149 3115 2275 3170 diri.

474 3225 616 3263 rum.
2076 3201 2115 3214 ”
2224 3226 2242 3259 t
2271 3208 2375 3262 Sed
2426 3209 2572 3264 dicet
2621 3208 2841 3279 aliquis.
2871 3226 2891 3259 ι
2931 3203 3055 3278 Ipse
3095 3206 3198 3261 sibi
3231 3221 3299 3260 ex
3348 3201 3681 3261 contradicen-

550 3320 570 3352 ι
600 3300 703 3356 Per
731 3310 967 3355 Vestram
1009 3301 1260 3369 gloriam,
1296 3299 1519 3355 fratres.
1550 3300 1730 3367 t-Per,
1762 3316 1867 3355 non
1896 3316 2046 3356 sem-
2147 3299 2280 3353 tium
2341 3314 2571 3369 persona
2629 3302 2903 3371 proponit.
2970 3299 3146 3353 Aliter
3186 3315 3202 3355 :
3237 3297 3548 3353 Praclarum
3599 3293 3682 3346 hoc

473 3407 570 3459 per
600 3393 928 3460 signiﬁcatio
984 3389 1279 3461 iuramenti
1312 3403 1415 3447 est.
1446 3389 1584 3446 Nam
1634 3393 1678 3446 si
1722 3395 1922 3456 dicam,
1950 3407 2046 3461 per
2147 3389 2265 3444 loco
2297 3391 2586 3460 Apostolus
2627 3393 2693 3445 de
2731 3391 3142 3446 resurrectione
3182 3391 3392 3453 carnis,
3421 3388 3682 3443 frumento-

475 3495 699 3549 puerum
757 3481 877 3533 misi
915 3498 930 3536 :
963 3495 1073 3535 non
1123 3481 1309 3536 statim
1374 3497 1473 3551 per
1533 3497 1757 3552 pnerttm
1807 3482 2043 3552 jurasse,
2148 3498 2265 3536 rum
2295 3483 2462 3537 sumit
2490 3484 2824 3553 exemplum,
2855 3498 3089 3551 quorum
3119 3498 3333 3551 semen,
3364 3497 3485 3538 cum
3513 3479 3681 3534 nndtttn

476 3581 625 3626 recte
655 3574 912 3640 putabor.
2148 3584 2385 3639 seratur,
2425 3588 2530 3628 non
2579 3578 2654 3628 ita
2707 3585 2763 3627 ut
2817 3584 2977 3629 terra:
3019 3576 3332 3642 mandatur,
3369 3573 3681 3630 renascitur:

553 3684 571 3716 t
600 3665 769 3731 Quam
807 3667 978 3719 habeo
1008 3668 1059 3719 in
1087 3666 1307 3720 Christo
1341 3665 1469 3721 Jcsn
1521 3666 1750 3720 Domino
1786 3675 1990 3721 nostro.
2017 3684 2037 3718 ι
2145 3667 2240 3719 sed
2281 3665 2423 3720 sicut
2458 3667 2509 3719 in
2544 3666 2812 3737 principio
2833 3667 3129 3721 secundum
3152 3659 3681 3725 ordincmttnicuitdte

477 3756 583 3827 Ego
611 3756 784 3811 habeo
817 3757 1121 3811 mercedem
1172 3758 1419 3811 laborum
1464 3760 1517 3811 itt
1554 3760 1709 3812 vobis
1738 3774 1751 3812 :
1779 3760 1946 3812 etiam
1997 3760 2044 3812 si
2147 3757 2441 3821 seminum,
2491 3757 2650 3827 quale
2706 3772 2906 3828 corpus
2967 3759 3108 3812 Deus
3155 3772 3281 3813 esse
3353 3752 3607 3827 praecepil.
3637 3755 3681 3802 ει

476 3865 574 3903 Vos
607 3850 870 3918 proﬁcere
899 3850 1205 3904 nolueritis.
2145 3848 2778 3920 quemadmodumjussit
2811 3859 3010 3906 terram
3038 3851 3340 3921 producere
3370 3844 3681 3903 ordinatione

551 3954 569 3986 t
609 3935 664 3988 Si
730 3938 1030 3990 secundum
1099 3938 1380 3993 hominem
1425 3941 1495 3993 ad
1544 3940 1746 3995 bestias
1809 3941 2043 4011 pugnavi
2146 3954 2265 4007 sua,
2300 3941 2460 3996 durat
2484 3950 2538 3996 et
2560 3951 2868 4011 permanet.
2902 3944 2980 3996 Ita
3000 3950 3056 3997 et
3087 3942 3382 4009 unicuique
3434 3939 3678 3996 hominum

478 4028 700 4095 Ephesi,
728 4029 856 4097 quid
923 4029 1053 4082 milti
1092 4031 1331 4097 prodest,
1380 4032 1425 4083 si
1479 4034 1674 4086 mortui
1721 4050 1824 4087 non
1861 4049 2046 4089 resurv
2145 4048 2390 4102 carnem,
2414 4022 2899 4106 quamunicuique
2921 4035 3079 4092 initio
3112 4033 3378 4090 nascendi
3410 4028 3683 4104 specialiter

475 4118 651 4185 gttttl?
679 4136 698 4169 ι
739 4119 797 4172 Si
853 4117 986 4171 nihil
1031 4121 1499 4173 remunerationis
1553 4136 1582 4174 a
1632 4124 1738 4177 Deo
1781 4138 1882 4194 pro
1941 4123 2044 4179 hoc
2147 4129 2354 4194 tribuit,
2381 4128 2434 4183 in
2469 4130 2871 4184 resurrectione
2907 4130 3180 4184 restituet.
3243 4128 3481 4184 Dicendo
3512 4131 3682 4181 autem.

475 4212 776 4265 certamine
835 4224 1016 4279 spero,
1075 4224 1244 4277 quare
1303 4213 1560 4279 pugnavi,
1613 4222 1673 4267 ttt
1733 4208 2043 4271 hominibus
2145 4221 2240 4275 dat
2301 4220 2375 4275 illi
2442 4236 2640 4291 corpus
2685 4221 2828 4276 sicut
2860 4222 3055 4284 voluit,
3085 4229 3139 4277 et
3194 4235 3329 4289 non,
3361 4222 3499 4277 sicut
3538 4216 3682 4271 vult:

474 4304 616 4358 ῖυνῑθ
648 4302 958 4372 Placere”?
985 4303 1156 4355 Αίίιετ
1191 4318 1206 4357 ί
1236 4302 1337 4357 mc
1396 4303 1600 4358 δεδῑίθε
1653 4320 1746 4360 003
1800 4320 2041 4361 οοωῐηϐ·
2143 4314 2399 4381 ostendit,
2432 4330 2462 4368 a
2497 4315 2762 4385 principio
2782 4315 3233 4371 constitutionem
3270 4314 3365 4372 Dei
3398 4308 3681 4369 immutabi-

478 4408 674 4460 morat,
705 4396 792 4465 qtti
824 4395 1017 4463 Ephesi
1054 4396 1377 4449 seditionem
1405 4397 1666 4451 adversus
1699 4413 1822 4452 eum
1865 4414 2045 4453 move-
2146 4405 2248 4459 1cm
2281 4420 2623 4475 permanere.

473 4501 599 4546 rant
649 4488 1004 4559 pepularem,
1065 4500 1290 4557 propter
1340 4486 1526 4541 Diana:
1580 4487 1826 4552 idolum,
1886 4490 2035 4558 cujus

2221 4516 2241 4549 ι
2274 4495 2556 4562 Quomodo
2591 4507 2877 4567 resurgent
2910 4497 3152 4551 mortui?
3184 4495 3345 4563 Quali
3385 4504 3558 4551 autem
3587 4505 3686 4546 cor-

470 4581 738 4634 cnlturain
771 4581 1155 4649 prtedicatioue
1190 4581 1489 4648 apostolica
1517 4580 2035 4646 destruebat.Quod
2156 4604 2286 4657 νοτε
2310 4589 2565 4644 venient?
2592 4608 2611 4642 ι
2642 4587 2793 4643 Mum
2826 4591 3006 4645 solem
3057 4603 3370 4659 proponere
3415 4596 3585 4642 mrum
3612 4584 3688 4636 de-

470 4685 651 4727 autem
686 4671 971 4727 manifeste
1018 4681 1247 4739 constet,
1279 4673 1504 4739 bestias,
1538 4688 1660 4727 cum
1718 4673 1915 4742 quibus
1946 4688 2046 4740 pu-
2147 4680 2276 4734 bina
2326 4695 2580 4750 corpora,
2608 4689 2666 4744 ut,
2693 4688 2820 4733 sum
2850 4679 3129 4743 defuncta,
3174 4687 3484 4751 resurgant.
3509 4676 3688 4744 Quibus

469 4764 656 4833 gnavit
684 4764 997 4831 Apostolus,
1031 4758 1376 4820 adversarios
1410 4763 1656 4818 homines
1670 4766 1865 4819 debere
1886 4765 2045 4819 itttel-
2147 4768 2586 4837 respondendum
2608 4778 2715 4832 est,
2745 4769 2797 4822 in
2830 4770 3232 4824 resurrectione
3279 4785 3389 4823 non
3422 4762 3689 4822 debilitatis

468 4854 560 4923 ligi
581 4872 596 4909 :
617 4854 754 4909 idem
787 4855 838 4909 in
859 4857 963 4909 alia
987 4854 1225 4925 Epistula
1259 4867 1544 4918 memorat,
1569 4855 1794 4911 dicens:
1826 4858 1891 4909 Et
1916 4856 2041 4910 libe-
2146 4860 2361 4926 vitium,
2383 4860 2480 4914 sed
2500 4860 2864 4928 integritatem
2898 4861 3140 4930 reparari
3168 4867 3398 4915 naturae.
3431 4858 3686 4923 Nunquam

467 4958 617 5000 ratus
644 4963 758 5000 sum
783 4948 846 5000 de
863 4963 952 5000 are
981 4946 1142 5001 leonis
1167 4944 1251 5017 (II
1277 4944 1409 5000 Tun.
1434 4947 1635 5017 tv,l7).
1658 4947 1712 5002 In
1732 4963 1838 5017 quo
1857 4957 2041 5000 osten-
2141 4950 2288 5005 enim
2323 4960 2442 5005 tam
2495 4951 2673 5005 debile
2723 4960 2808 5005 est
2840 4963 3056 5019 corpus,
3092 4965 3254 5020 quam
3314 4965 3439 5005 cum
3468 4948 3617 5003 fuerit
3644 4944 3686 4996 in

467 5039 620 5095 ditse
642 5040 904 5094 saevitiam
936 5036 1447 5105 Neronisevasisse,
1472 5041 1690 5109 quando
1727 5040 1899 5108 prima
1926 5041 2043 5093 vice
2145 5041 2425 5110 pulverem
2488 5041 2807 5096 resolutum.
2885 5040 2987 5106 Qui
3056 5056 3186 5113 ergo
3231 5041 3476 5096 creditur
3543 5044 3685 5091 totum

543 5286 561 5317 ¹
590 5283 785 5357 Vicarii
837 5297 934 5351 pro
968 5284 1218 5357 mortuis
1266 5281 1515 5357 baptismi
1552 5298 1806 5357 “morem
1840 5284 2034 5353 respici

2143 5285 2286 5357 ἁγίῳ
2312 5283 2493 5349 ὕδατι,
2519 5288 2615 5341 καὶ
2639 5287 2996 5350 ἀναδύνοντες
3015 5288 3120 5341 ἀπ’
3142 5286 3421 5351 ἐντεῦθεν,
3443 5281 3689 5357 μεμφόμε-

467 5356 618 5413 hisee
652 5354 1015 5426 ahiApostolo
1070 5353 1275 5415 verbis,
1306 5353 1498 5426 scribit
1547 5353 1899 5421 Epiphanius,
1933 5358 2029 5426 bu:-

2143 5372 2234 5409 νοτ
2260 5353 2498 5410 θάνατον
2544 5360 2638 5410 καὶ
2677 5360 2992 5411 ἀνάστασιν.
3028 5359 3264 5412 Isidorus
3305 5353 3522 5426 quoque
3554 5354 3688 5426 νειμ.

469 5444 575 5481 res.
605 5427 697 5482 ‘28.
729 5421 845 5478 Pt'ie
876 5425 1030 5498 cujus
1052 5496 1059 5498 ξ
1083 5424 1495 5498 seltlctttialtmc
1525 5435 1600 5476 εει
1637 5438 1780 5498 vero
1820 5425 2031 5498 propior

2139 5428 2307 5498 sieta,
2354 5430 2388 5480 Ι.
2440 5441 2480 5498 t,
2526 5429 2690 5497 epist.
2746 5428 2846 5481 221
2901 5421 3342 5498 εΒαιπτιζόμεθσἱ
3408 5421 3548 5494 δπὲρ
3595 5421 3688 5473 τῶν

466 5499 717 5568 ειιιιιιοτὶξ
747 5495 940 5559 nostri,
972 5496 1062 5561 qui
1096 5496 1147 5568 in
1175 5493 1379 5568 Christi
1419 5504 1592 5568 morte
1620 5493 1902 5568 “baptizari
1944 5510 2028 5568 cit-5

2138 5495 2351 5564 νεκρῶν
2384 5493 2572 5568 φύσα(
2595 5497 2864 5568 σωμάτων
2903 5501 2984 5561 εἰς
3040 5493 3350 5568 dempsisti:
3385 5498 3535 5568 λαὺτξ
3590 5504 3680 5568 με.-

465 5574 648 5635 plicat.
681 5567 883 5622 Conter
909 5557 1076 5636 ipsius
1116 5565 1364 5633 Apostoli
1392 5565 1582 5636 Aaliam
1620 5557 1916 5636 Epistulam
1970 5567 2027 5618 ad

2140 5557 2585 5636 φασὶςευαᾶθῆναι
2639 5557 3013 5631 πὶστεύοντεξ.
3047 5557 3204 5623 Paria
3244 5566 3450 5620 habent
3496 5557 3685 5616 Tetttll-

467 5632 764 5694 ltomanos.
803 5651 872 5697 vt.
906 5638 958 5689 5.
992 5633 1157 5687 Paulo
1192 5638 1351 5706 aliter
1380 5632 1607 5706 Cosmas
1642 5634 2033 5706 latlopleostes,
2141 5634 2340 5706 l_iattus,
2383 5632 2560 5706 v.10
2612 5648 2801 5692 contra
2851 5636 3207 5701 Marciouem,
3264 5635 3682 5706 Chrysostomus,

468 5723 583 5778 itit,
610 5725 661 5773 p.
687 5708 792 5762 ‘280
826 5721 841 5762 :
876 5704 1263 5778 Βαπτιζόμεϐα
1301 5704 1712 5778 μυστικώξξρνιν
1747 5701 1889 5778 ὑπὲρ
1926 5703 2030 5778 τῶν

1301 5704 1712 5778 μυστικώξξρνιν
1747 5701 1889 5778 ὑπὲρ
1926 5703 2033 5778 τῶν
2139 5703 2600 5775 Tltcopltyla'ctus,
2636 5709 2860 5778 aliique.

466 5775 754 5843 ἡμετέοων
805 5777 1020 5845 νεκρῶν
1073 5776 1347 5843 σωμάτων
1400 5774 1792 5838 καταδύνων-τες
1843 5776 1900 5826 ἐν
1953 5777 2028 5846 τῷ
