3954 6194
292 350 393 413 801

1294 344 1706 409 EXPOSITIO
1750 344 1832 407 IN
1872 344 2113 407 EPIST.
2153 345 2181 404 Ι.
2223 346 2323 404 AD
2362 342 2533 403 (ΞΟΠ.

3425 338 3536 403 802

298 460 543 524 reddere,
572 473 669 513 cur
694 474 758 513 ex
788 468 939 529 parte
975 470 1228 526 reparare
1266 454 1570 511 dubitetur?
1616 454 1719 509 hoc
1763 462 1867 520 est,
1899 460 1944 517 Α
1974 486 2188 539 semper
2216 472 2456 524 manem
2498 470 2551 523 ει,
2586 467 2791 523 gamus
2819 469 2859 521 ι.
2917 470 3048 524 lum
3090 470 3391 526 semina,"
3416 490 3539 528 Nm

298 558 446 613 verbi
511 557 709 627 gratia,
757 572 854 609 cur
904 570 1010 608 non
1069 553 1255 608 reddat
1308 553 1518 618 oculos,
1554 552 1647 623 qui
1696 558 1865 606 totum

294 651 551 703 restituet
586 644 827 715 corpus?

379 759 397 791 ι
427 739 717 807 Insipiens,
763 743 821 790 tu
869 734 1014 805 quod
1063 734 1301 789 seminas
1372 749 1479 789 non
1538 732 1865 797 vivificatur,

194 892 199 897 .
296 833 399 888 nisi
437 829 589 900 prius
619 828 907 882 moriatur.
936 844 953 877 ι
989 825 1092 891 Qui
1123 827 1287 879 etiam
1323 824 1660 879 naturalibus
1689 837 1871 876 exem-

296 924 402 993 plis
453 919 671 976 edoceri
703 918 991 984 debueras,
1019 916 1193 971 adhuc
1242 916 1441 971 divinis
1486 913 1869 985 promissioni-

294 1014 400 1068 bus
441 1011 674 1065 intidelis
703 1008 951 1064 exsistis.

373 1121 393 1151 ι
422 1099 485 1154 Et
520 1101 648 1170 quid
693 1096 976 1153 seminas?
1003 1095 1117 1149 Non
1162 1109 1385 1162 corpus,
1424 1091 1566 1162 quod
1623 1090 1865 1145 futurum

290 1203 379 1248 est
409 1193 651 1249 seminas
680 1209 697 1245 :
723 1188 820 1245 sed
864 1189 1070 1244 nudum
1116 1202 1365 1258 granum,
1400 1194 1457 1240 ut
1494 1194 1644 1254 puta,
1678 1180 1865 1246 tritici,

292 1293 389 1338 aut
425 1283 653 1349 alicujus
680 1289 1026 1336 cancrorum.
1060 1296 1078 1329 ι
1121 1278 1277 1332 Sicut
1310 1275 1377 1330 de
1414 1288 1585 1342 grano
1638 1271 1869 1341 resurgit

294 1373 603 1435 fecundior,
635 1386 760 1425 cum
792 1369 975 1439 granis
1014 1368 1182 1421 arista
1229 1383 1245 1424 :
1296 1369 1364 1420 ita
1417 1376 1472 1419 et
1519 1363 1868 1433 corruptibile

292 1480 494 1534 corpus
522 1465 574 1517 in
609 1463 776 1533 gloria
806 1462 1042 1530 resurgit
1071 1475 1194 1515 cum
1235 1469 1548 1529 augmento.

373 1573 392 1607 ι
423 1555 566 1609 Deus
595 1564 772 1607 autem
814 1554 906 1607 dat
944 1551 1024 1606 illi
1077 1564 1279 1620 corpus
1330 1549 1472 1604 sicut
1506 1548 1637 1602 vult.
1668 1565 1686 1598 ι
1714 1544 1869 1600 Sicut

292 1647 367 1701 ab
399 1646 558 1699 initio
589 1642 881 1713 disposuit,
930 1651 988 1695 ut
1023 1641 1211 1695 omnia
1252 1640 1461 1694 semina
1493 1654 1611 1692 cum
1644 1646 1870 1708 patrue-

293 1741 406 1794 rint
433 1738 485 1792 in
521 1737 754 1807 amplius
786 1735 1170 1791 reformentur.

372 1828 486 1883 «Et
536 1826 831 1895 unicuique
889 1824 1160 1879 seminum
1241 1823 1523 1893 proprium
1592 1834 1861 1888 θοι-ρης.»

294 1920 529 1974 Attende
555 1919 680 1989 quia
703 1914 978 1986 proprium
1008 1928 1205 1982 corpus
1225 1913 1444 1977 dixerit,
1481 1926 1585 1965 non
1607 1912 1868 1965 alienum.

381 2033 400 2066 ι
428 2012 546 2066 Non
581 2010 759 2066 omnis
809 2022 960 2073 caro,
998 2007 1188 2062 eadem
1241 2020 1394 2073 caro,
1424 2004 1518 2060 sed
1552 2004 1656 2058 alia
1699 2004 1873 2059 homi-

296 2122 455 2171 num,
486 2102 588 2159 alia
617 2115 898 2172 pecorum.
925 2117 944 2151 ι
979 2099 1149 2169 Cujus
1170 2100 1324 2169 jussu
1357 2098 1410 2152 in
1440 2096 1704 2165 principio
1728 2106 1872 2150 terra

297 2208 445 2254 tanta
488 2204 543 2251 et
592 2206 699 2250 tam
738 2194 955 2248 diversa
1014 2206 1240 2261 corpora
1294 2188 1558 2255 animata,
1589 2203 1712 2258 qua:
1764 2202 1871 2242 non

295 2295 602 2357 acceperat,
653 2283 799 2338 dedit
845 2282 1025 2352 :quid
1086 2282 1286 2335 mirum
1326 2279 1374 2335 si
1427 2278 1549 2349 ejus
1567 2280 1728 2350 jussu
1755 2278 1873 2331 bo-

298 2382 502 2435 minem
524 2376 796 2441 restituat,
828 2389 991 2445 quem
1014 2371 1261 2441 accepit?

377 2488 396 2521 ι
422 2471 538 2522 Alia
570 2468 876 2529 volucrum,
911 2465 1015 2518 alia
1049 2473 1229 2518 autem
1269 2461 1529 2532 piscium.
1562 2480 1581 2515 ι
1614 2460 1874 2516 Similiter

299 2573 359 2617 et
404 2563 471 2615 de
531 2559 690 2628 aquis
747 2557 1008 2626 intellige,
1062 2568 1182 2625 qua:
1251 2563 1455 2608 tantam
1500 2551 1874 2609 diversitatem

302 2652 583 2707 volucrum
617 2659 673 2705 et
701 2648 931 2718 piscium
958 2647 1270 2702 ediderunt.

381 2761 399 2795 ι
426 2744 492 2798 Et
525 2755 758 2811 corpora
806 2738 1076 2803 cwlestia,
1130 2744 1185 2792 et
1232 2750 1460 2806 corpora
1514 2736 1814 2792 terrestria.
1844 2754 1863 2788 ι

301 2836 409 2903 Qui
441 2837 568 2890 talia
607 2834 738 2889 fecit
765 2844 995 2899 corpora
1023 2829 1446 2894 elementorum,
1482 2842 1580 2883 cur
1608 2843 1712 2883 non
1742 2842 1871 2898 pos-
1944 2817 1950 2823 ’

302 2930 384 2984 sit
409 2927 664 2997 exiguum
697 2938 899 2994 corpus
928 2922 1224 2976 humanum
1260 2920 1523 2975 reticere?

382 3038 402 3071 ι
429 3019 537 3074 Sed
563 3016 667 3071 alia
693 3016 909 3086 quidem
941 3011 1243 3069 caelestium
1286 3011 1456 3081 gloria
1495 3028 1513 3066 :
1547 3011 1651 3066 alia
1691 3020 1872 3065 autem

1968 578 2070 633 pus
2099 562 2350 624 animale,
2390 561 2566 631 surgit
2593 574 2791 630 corpus
2814 560 3129 629 Spirituale.
3164 562 3337 617 Aliter
3363 582 3380 616 :
3415 565 3545 619 Aui-

1973 656 2118 709 male
2179 669 2377 719 corpus
2405 654 2558 717 dicit,
2601 654 2746 723 quod
2780 655 3057 707 conditura
3091 661 3251 708 terra:
3294 671 3540 710 corrum-

1971 745 2134 814 pitur.
2187 744 2479 812 Spirituale
2510 758 2659 808 vero,
2688 744 2833 811 quod
2869 742 3242 811 incorruptum
3285 747 3542 815 resurgit,

1970 845 2030 891 ut
2052 837 2223 906 possit
2245 851 2369 890 aera
2400 845 2710 904 penetrare,
2733 834 2997 888 festinans
3027 837 3091 889 ad
3120 835 3545 893 coelos.Primus

1967 930 2135 983 Adam
2175 929 2240 981 ad
2272 929 2376 982 hoc
2408 927 2581 982 factus
2607 937 2692 982 est
2725 934 2957 991 tantum,
3011 937 3070 980 ut
3095 927 3321 983 viveret.
3351 929 3546 983 Novis-

1969 1021 2146 1076 simus
2178 1019 2375 1084 Adam,
2434 1019 2485 1072 id
2512 1029 2600 1072 est
2635 1018 2932 1086 _Cltristus,
2962 1018 3082 1073 ideo
3109 1020 3344 1089 suscepit
3373 1019 3546 1076 bomi-

1966 1126 2111 1174 nem,
2139 1120 2198 1164 ut
2221 1110 2553 1164 viviﬁcaret.

2047 1217 2067 1251 ι
2106 1199 2302 1255 Factus
2326 1212 2410 1254 est
2445 1201 2658 1269 primus
2693 1199 2853 1255 homo
2884 1201 3053 1255 Adam
3102 1200 3155 1256 in
3202 1201 3437 1256 animam
3466 1202 3546 1258 vi-

1968 1302 2223 1346 ventem:
2282 1293 2609 1347 novissimus
2638 1293 2807 1348 Adam
2868 1294 2919 1348 in
2974 1294 3228 1363 spiritum
3269 1296 3546 1350 viviﬁcan-

1976 1392 2107 1436 tem.
2158 1401 2178 1434 ι
2219 1380 2547 1446 Notandum,
2601 1387 2747 1452 quod
2793 1401 2914 1438 cum
2969 1385 3112 1441 Deus
3164 1386 3336 1440 Adam
3389 1387 3544 1449 dicit,

1970 1473 2218 1542 ejusdem
2249 1482 2454 1529 natura:
2489 1484 2749 1545 utrosque
2777 1476 3139 1532 demonstrat.
3174 1477 3324 1544 Quod
3358 1490 3547 1534 contra

1971 1563 2303 1621 Manichacus
2356 1575 2412 1621 et
2469 1566 2887 1635 Apollinaristas
2938 1567 3089 1630 facit,
3140 1571 3232 1634 qui
3268 1580 3467 1639 negant
3513 1585 3547 1626 a

1973 1654 2067 1711 Dei
2108 1656 2285 1712 Verbo
2320 1657 2620 1726 perfectum
2658 1658 2938 1712 hominem
2980 1674 3100 1714 esse
3138 1673 3473 1729 susceptum.

2049 1766 2067 1799 ι
2104 1749 2212 1803 Sed
2267 1764 2373 1804 non
2407 1750 2578 1817 prius,
2626 1749 2770 1818 quod
2804 1750 3087 1819 spirituale
3139 1762 3244 1818 est,
3280 1753 3376 1807 sed
3406 1756 3550 1820 quod

1973 1839 2208 1895 animale
2236 1849 2317 1895 est
2343 1855 2360 1894 :
2387 1839 2583 1895 deinde
2612 1842 2758 1908 quod
2785 1842 3092 1908 spirituale.
3127 1842 3337 1897 Primus
3362 1844 3549 1912 homo,

1974 1933 2037 1986 de
2060 1943 2204 1987 terra
2238 1942 2524 1988 terrenus:
2561 1933 2832 1989 secundus
2870 1935 3055 1998 homo,
3118 1936 3186 1990 de
3215 1937 3354 1992 caelo
3384 1941 3551 1993 coele-

1971 2026 2090 2081 Slis‘.
2115 2025 2301 2091 Qualis
2349 2035 2616 2091 terrenus,
2675 2027 2812 2081 tales
2849 2039 2901 2081 et
2950 2030 3173 2083 terreni.
3211 2047 3230 2081 ι
3295 2030 3550 2086 Caelestis

1971 2116 2197 2184 dicitur,
2230 2118 2355 2185 quia
2384 2132 2490 2171 non
2530 2117 2786 2173 humana:
2810 2109 3118 2188 l‘i'agilitatis
3183 2123 3310 2185 ritu,
3347 2127 3439 2178 sed
3464 2125 3547 2177 di-

1972 2210 2110 2264 vinae
2142 2208 2436 2278 majestatis
2465 2217 2598 2262 nutu
2633 2218 2688 2262 et
2743 2216 3045 2279 conceptus
3077 2222 3184 2276 est,
3218 2224 3273 2266 et
3301 2216 3494 2267 enixus
3529 2231 3547 2269 :

1974 2318 2098 2356 nam
2132 2316 2303 2370 usque
2353 2302 2489 2355 adeo
2550 2310 2800 2354 naturam
2831 2312 3076 2355 nostram
3107 2303 3316 2368 habuit,
3349 2320 3406 2359 ut
3458 2321 3552 2361 se-

1974 2394 2184 2448 cundus
2206 2392 2381 2446 Adam
2405 2392 2640 2457 dicatur,
2665 2402 2719 2446 et
2744 2391 2928 2447 homo.
2952 2393 3158 2449 Aliter:
3195 2393 3292 2449 llic
3313 2398 3548 2464 primum

1975 2493 2029 2539 et
2058 2485 2360 2539 secundum
2411 2482 2708 2548 hominem,
2736 2481 2890 2552 juxta
2942 2498 3103 2552 opera
3154 2494 3469 2542 terrestrem
3495 2497 3552 2542 et

1973 2576 2252 2632 cmlestem
2278 2574 2409 2630 dicit
2430 2590 2446 2631 :
2480 2573 2615 2628 Nam
2638 2586 2691 2630 et
2715 2575 2965 2631 Christus
2987 2577 3287 2631 secundum
3306 2593 3549 2645 carnem,

1973 2686 2039 2726 ex
2077 2679 2262 2724 nostra
2299 2684 2476 2723 massa
2503 2650 2649 2723 ίιιὶι.⁸

2053 2781 2072 2814 ι
2101 2762 2166 2817 Ει
2202 2761 2381 2832 qualis
2412 2760 2675 2829 ccclestis,
2708 2761 2848 2817 tales
2866 2770 2920 2817 et
2954 2762 3228 2818 caelestes.
3256 2780 3276 2815 ι
3317 2762 3374 2818 Si
3406 2764 3552 2834 ideo,

1977 2865 2036 2908 ut
2066 2852 2309 2910 haeretici
2343 2854 2553 2920 volunt,
2588 2852 2763 2907 nostri
2795 2855 3010 2921 generis
3042 2865 3357 2923 assumptus
3388 2855 3553 2911 homo

1976 2960 2081 3000 non
2110 2946 2235 3012 fuit,
2259 2946 2386 3015 quia
2410 2945 2651 3001 ctelestis
2671 2945 2869 2998 dicitur
2894 2960 2911 2999 :
2946 2958 3076 3014 ergo
3105 2960 3204 3000 nec
3229 2938 3554 3004 istinatura

1979 3044 2175 3095 nostrae
2203 3042 2354 3099 sunt,
2388 3035 2478 3104 qui
2521 3032 2772 3089 ctelestes
2805 3032 3166 3102 appellantur.
3207 3033 3264 3089 Si
3324 3052 3454 3092 vero
3480 3038 3549 3093 de

298 3109 670 3172 terrestrium.
701 3107 817 3160 Atia
848 3104 1066 3197 claritas
1091 3102 1223 3197 solis
1260 3116 1277 3155 :
1310 3102 1415 3156 alia
1433 3103 1655 3197 claritas
1684 3102 1828 3197 lunae
1897 3123 1946 3187 ρ
1979 3127 2064 3183 his
2095 3140 2253 3180 nemo
2280 3102 2510 3191 dum“,
2551 3138 2653 3179 nec
2684 3123 2754 3179 de
2785 3124 2891 3179 illis
2922 3133 3008 3179 es,
3034 3126 3439 3195 ambigendum.

299 3214 360 3259 et
390 3203 494 3258 alia
517 3199 734 3254 claritas
763 3195 1061 3250 stellarum.
1090 3211 1109 3244 ι
1145 3191 1280 3247 Tota
1310 3192 1735 3262 comparationis
1766 3191 1871 3245 bu-'

294 3296 390 3367 jus
421 3290 709 3348 diversitas
730 3287 798 3342 ad
826 3288 929 3341 hoc
962 3283 1115 3351 facit,
1145 3293 1204 3338 ut
1254 3285 1446 3338 credas
1492 3298 1657 3337 unum
1705 3296 1874 3354 genus

298 3398 563 3458 reparare
594 3381 754 3437 facile
777 3395 954 3456 posse,
990 3379 1081 3448 qui
1110 3387 1261 3432 tanta
1289 3376 1423 3433 fecit
1450 3390 1514 3431 ex
1549 3376 1739 3434 nihilo.

379 3496 401 3532 ι
429 3476 595 3533 Stella
624 3473 769 3530 enim
818 3484 849 3525 a
883 3469 1040 3526 stella
1080 3469 1261 3525 diﬂ'ert
1296 3470 1348 3523 in
1388 3468 1681 3523 claritate:
1712 3468 1792 3522 sic
1819 3474 1875 3521 et

300 3567 635 3627 resurrectio
693 3574 1056 3620 mortuorum.
1096 3580 1116 3614 ι
1186 3560 1476 3617 Stellarum
1533 3560 1869 3626 diversrtati,

293 3664 569 3736 iustorum
616 3656 981 3714 differentiam
1012 3665 1493 3724 comparatzquos
1516 3652 1714 3722 gradus
1760 3652 1873 3705 vir-

302 3768 483 3813 tutum
505 3755 560 3809 in
587 3752 783 3824 gloria,
814 3764 920 3806 non
961 3757 1204 3820 peccata,
1232 3745 1436 3804 facient
1458 3761 1582 3803 esse
1608 3746 1871 3811 diversos.

294 3850 440 3906 Nam
476 3854 818 3919 peccatorum
857 3840 1148 3898 diversitas
1201 3841 1254 3896 in
1312 3839 1454 3897 caelo
1486 3854 1593 3895 non
1625 3837 1753 3903 erit,
1779 3837 1875 3894 sed

296 3947 359 4001 in
385 3956 566 4013 pinna.
698 3939 709 3950 ’

379 4050 399 4083 ι
436 4030 749 4086 Seminatur
769 4027 824 4083 in
854 4026 1251 4098 corruptione:
1303 4032 1494 4094 surget
1534 4023 1588 4078 in
1618 4024 1872 4079 incorru-

298 4123 510 4197 ptione.
542 4140 562 4176 ι
595 4122 661 4177 Ut
689 4136 788 4177 uec
814 4118 1144 4188 febresjam,
1188 4112 1288 4172 nec
1318 4125 1514 4171 ca-tera
1548 4115 1876 4185 corruptibi-

294 4219 475 4276 litatis
502 4230 702 4288 genera
764 4214 1061 4286 patiantur.
1094 4210 1303 4267 Aliter:
1347 4208 1564 4265 Sanctis
1593 4217 1649 4265 et
1682 4223 1874 4279 pecca-

298 4310 516 4368 toribus
577 4306 904 4362 resurrectio
977 4305 1159 4358 caruis
1235 4301 1538 4357 communis
1600 4309 1724 4356 est:
1778 4299 1875 4354 sed

294 4410 619 4458 sanctorum
673 4411 901 4468 corpora
958 4405 1158 4451 aeterna
1191 4395 1364 4466 gloria
1395 4394 1714 4460 vestientur,
1750 4407 1874 4448 cum

294 4493 710 4562 incorruptione
735 4501 790 4546 et
813 4487 1240 4543 immortalitate.

382 4603 404 4636 ι
441 4584 753 4638 Seminatur
780 4582 833 4636 in
873 4578 1246 4651 ignobilitate.
1279 4594 1298 4629 ι
1339 4574 1479 4644 Quid
1509 4586 1619 4631 tam
1645 4573 1880 4646 ignobile

290 4690 469 4749 quam
486 4676 717 4729 cadaver
736 4670 760 4724 ?

382 4786 401 4821 ι
430 4766 625 4837 Surget
655 4768 709 4820 in
744 4763 939 4834 gloria.
975 4782 996 4816 ι
1033 4761 1089 4817 lu
1116 4760 1287 4833 gloria
1312 4758 1640 4830 splendoris,
1673 4769 1735 4814 ut
1769 4757 1874 4814 sol.

384 4877 406 4912 ι
443 4859 757 4914 Semiuatur
801 4857 854 4910 in
886 4853 1226 4909 infirmitate.
1265 4869 1285 4904 ι
1318 4850 1717 4907 lmbecillitatis
1772 4851 1876 4905 hu-

292 4968 502 5013 manat.

384 5062 403 5096 ι
439 5044 635 5113 Surget
665 5042 723 5097 in
753 5041 981 5095 virtute.
1013 5056 1034 5091 ι
1076 5038 1135 5091 1η
1163 5037 1364 5092 virtute
1390 5033 1730 5091 atteruitatis.

377 5134 690 5189 Seminatur
723 5146 926 5203 corpus
967 5129 1224 5196 animale,
1278 5138 1467 5200 surget
1495 5142 1690 5196 corpus
1717 5125 1877 5196 spiri-

286 5225 473 5285 tuale.
524 5225 583 5280 Si
639 5234 726 5280 est
775 5237 978 5293 corpus
1014 5221 1267 5287 animale,
1320 5231 1407 5276 est
1454 5229 1510 5276 et
1541 5217 1872 5287 spirituale:

280 5324 446 5389 sicut
473 5319 735 5387 scriptum
756 5328 861 5372 est.
894 5334 914 5370 ι
949 5314 1048 5370 Hic
1090 5313 1326 5368 animale
1359 5320 1443 5368 est
1490 5324 1710 5380 corpus,
1741 5309 1873 5379 quia

282 5426 413 5470 non
442 5423 658 5481 semper
690 5408 854 5465 habet
883 5406 1147 5477 Spiritum
1203 5413 1474 5459 sanctum.
1534 5399 1690 5455 Tunc
1740 5413 1871 5455 vero

370 5614 389 5646 ⁸
419 5612 553 5680 Quae
582 5612 709 5668 hinc
737 5610 1147 5680 subsequuntur
1171 5605 1355 5664 omnia
1397 5606 1465 5662 ad
1495 5604 1661 5680 tinem
1702 5616 1873 5680 usque

280 5675 490 5756 hujus,
522 5694 579 5739 et
612 5683 827 5756 initium
859 5675 1088 5756 alierius
1136 5678 1188 5756 iu
1216 5691 1534 5756 sequentem
1568 5675 1862 5756 Epistolam

278 5743 675 5815 commentarii
706 5754 772 5808 ad
802 5764 945 5807 vers.
989 5766 1044 5818 v,
1075 5743 1415 5806 habebantur
1445 5746 1577 5802 olim
1616 5743 1863 5800 totidem

1907 4460 1954 4517 Ι)

2052 3235 2072 3269 ι
2102 3217 2272 3287 Igitur
2300 3217 2442 3271 sicut
2469 3215 2806 3287 portavimus
2834 3215 3126 3284 imaginem
3160 3220 3383 3285 terreni,
3419 3233 3553 3289 por-

1975 3317 2153 3364 temus
2176 3319 2230 3364 et
2260 3308 2548 3381 imaginem
2582 3308 2843 3364 caelestis.
2886 3325 2906 3361 ι
2944 3298 3228 3375 Peccator,
3252 3311 3381 3365 Adae
3411 3313 3545 3365 ima.

1973 3402 2152 3473 ginem
2184 3410 2362 3472 portat
2387 3400 2604 3470 :justus
2629 3414 2780 3466 vero,
2819 3400 3110 3469 imaginem
3143 3400 3367 3458 Christi.
3408 3401 3550 3472 Ergo

1974 3495 2115 3550 sicut
2174 3494 2516 3565 portavimus
2577 3501 2817 3546 veterem
2870 3492 3145 3546 hominem
3199 3503 3326 3549 ante
3372 3494 3550 3565 bam.-

1978 3598 2182 3648 smum,
2244 3584 2316 3639 ita
2381 3591 2437 3638 et
2520 3591 2645 3656 post
2706 3581 3035 3652 baptismum
3114 3596 3394 3651 portemus
3449 3602 3546 3640 no-

1975 3692 2124 3731 νυιιι.

2052 3785 2072 3819 ι
2105 3765 2218 3821 lloc
2244 3777 2421 3822 autem
2454 3763 2597 3831 dico,
2641 3762 2863 3827 fratres,
2893 3766 3017 3832 quia
3068 3778 3199 3820 caro
3232 3775 3287 3820 et
3322 3769 3547 3837 sanguis

1975 3873 2202 3928 regnum
2230 3855 2320 3912 Dei
2366 3857 2645 3926 possidere
2692 3869 2796 3909 non
2833 3863 3098 3924 possunt:
3153 3870 3329 3925 neque
3358 3872 3549 3913 corru-

1976 3951 2090 4020 ptio
2126 3948 2543 4018 incorruplelam
2601 3946 2923 4017 possidebit.
2958 3963 2976 3996 ι
3031 3946 3368 4016 Frequenter
3400 3952 3551 4006 Scri-

1977 4050 2135 4111 ptura
2158 4056 2398 4108 carnem,
2429 4055 2529 4110 pro
2561 4039 2816 4109 operibus
2838 4038 3089 4093 nominat
3109 4040 3313 4102 carnis.
3346 4051 3402 4095 ut
3427 4042 3499 4096 ibi
3526 4058 3547 4100 :

1986 4133 2088 4188 Vos
2119 4144 2292 4188 autem
2315 4135 2370 4188 in
2418 4148 2581 4188 carne
2603 4147 2705 4187 non
2735 4133 2880 4195 estis,
2908 4131 2998 4185 sed
3055 4132 3111 4185 in
3147 4132 3336 4199 spiritu
3370 4133 3549 4205 (Rom.

1979 4240 2095 4294 vitt,
2132 4229 2210 4297 9).
2238 4226 2447 4282 Aliter:
2500 4212 2641 4280 Caro
2664 4224 2825 4296 (sicut
2870 4226 2974 4294 est)
3033 4239 3257 4295 regnum
3293 4224 3385 4281 Dei
3444 4244 3551 4283 non

1978 4316 2292 4388 possidebit,
2320 4316 2421 4371 nisi
2455 4315 2862 4371 immortalitate
2886 4316 3103 4370 vestita.

2058 4424 2079 4459 ι
2116 4405 2256 4463 Ecce
2307 4406 2624 4478 mysterium
2673 4404 2830 4459 vobis
2891 4403 3039 4459 diro.
3078 4422 3098 4455 ι
3157 4402 3554 4461 Obscuritatem

1983 4499 2274 4570 significat,
2310 4498 2643 4555 nominando
2677 4497 3016 4567 mysterium.
3252 4487 3288 4514 ⁸

2056 4607 2076 4641 ι
2112 4586 2314 4645 Omnes
2347 4587 2568 4659 quidem
2628 4598 3001 4656 resurgemus,
3036 4586 3131 4641 sed
3191 4602 3298 4642 non
3362 4603 3555 4644 omnes

1980 4682 2446 4739 immutabimur.»
2478 4681 2678 4732 Omnes
2706 4677 2958 4734 homines
2992 4688 3295 4749 resurgent,
3323 4680 3421 4735 sed
3450 4680 3553 4735 soli

1980 4783 2073 4845 qut
2106 4772 2377 4842 regnaturi
2411 4779 2537 4826 sunt
2568 4770 2623 4826 in
2655 4770 2850 4840 gloria,
2878 4769 3258 4826 mutabuntur.
3292 4770 3416 4827 Sive
3453 4773 3546 4842 ita,

1977 4878 2328 4937 resurgemus
2362 4876 2579 4929 omnes,
2608 4862 2699 4932 qui
2726 4862 2780 4916 iu
2807 4865 3045 4916 adventu
3095 4862 3298 4917 Christi
3348 4863 3549 4917 mortui

1978 4956 2336 5014 inveniemur.
2366 4955 2488 5009 Non
2514 4968 2708 5010 omnes
2736 4954 3188 5018 immutabuutur,
3215 4952 3307 5023 qui
3345 4953 3400 5007 in
3429 4967 3553 5008 cor-

1974 5060 2108 5116 pore
2138 5046 2249 5100 sint
2272 5044 2474 5113 reperti
2502 5045 2687 5115 z-quia
2715 5047 2888 5100 sancti
2920 5045 3022 5100 soli
3048 5045 3403 5100 beatitudinis
3435 5045 3550 5115 glo-

1979 5140 2114 5191 riam
2145 5146 2569 5205 consequentur.
2619 5135 2793 5190 Aliter
2851 5136 2905 5189 in
2967 5135 3290 5205 quibusdam
3341 5135 3546 5195 Graecis

1979 5228 2256 5283 codicibus
2292 5227 2542 5293 habetur,
2582 5244 2601 5278 ι
2633 5227 2836 5282 Omnes
2861 5226 3006 5291 enim
3038 5226 3302 5283 dormiem
3326 5244 3409 5289 ts;
3439 5246 3546 5285 non

1975 5332 2167 5375 omnes
2208 5318 2641 5374 immutabimur.
2676 5336 2695 5371 ι
2766 5318 2823 5373 ιιι
2864 5317 2985 5373 aliis
3033 5326 3238 5386 autem,
3296 5340 3316 5373 ι
3348 5320 3551 5379 Omnes

1974 5410 2247 5466 enimnon
2270 5408 2424 5465 dorm
2449 5424 2630 5476 emus,
2654 5424 2845 5465 omnes
2863 5419 3047 5464 autem
3071 5408 3477 5468 immutabimur
3524 5429 3547 5467 ι

1976 5606 2134 5678 plane
2159 5605 2339 5662 verbis
2370 5606 2423 5661 in
2453 5607 2694 5679 antiquis
2731 5607 3061 5679 editiouibus
3128 5606 3189 5663 S.
3242 5606 3545 5679 Ambrosii,

1975 5676 2267 5804 antequam
2302 5692 2460 5733 suam
2528 5676 2865 5736 Benedictiui
2917 5679 3256 5736 Parisienses
3313 5676 3551 5736 adorna-

2040 5764 2070 5801 li
2102 5784 2118 5801 ι
