3956 6196
68 6106 85 6139 Ε

498 333 606 397 8i3
1453 339 1513 399 S.
1556 336 2006 399 HlERONYMI
2045 335 2367 398 OPERUM
2410 332 2815 397 MANTISSA.
3610 334 3700 392 80t

502 450 648 517 quod
683 451 915 520 quadrat
949 450 1122 520 magis
1152 450 1219 506 ad
1254 465 1476 507 sensum
1516 454 1805 525 Apostoii:
1839 456 1964 525 quia
1996 455 2084 510 hic
2113 461 2159 520 Α
2191 462 2317 507 tunc
2351 451 2592 506 collecta:
2623 449 2775 504 ﬂant.
2812 467 2831 501 ι
2871 444 2940 503 Ut
2967 442 3224 515 paulatim
3254 452 3586 510 reservantes,
3613 462 3699 502 non

500 555 680 595 sermo
710 542 904 597 nonde
929 543 1180 599 omnibus
1226 545 1553 613 generaliter
1602 546 1827 614 dicitur,
1863 548 1961 605 sed
2008 548 2077 605 de

501 631 636 686 solis
664 635 890 688 sanctis.

577 740 595 772 ι
630 721 688 775 In
718 732 1014 790 momento,
1053 726 1107 781 in
1147 726 1255 781 ictu
1284 727 1449 782 oeuli.
1481 747 1501 781 ι
1548 728 1651 785 Per
1703 732 1870 787 ictum
1907 731 2075 793 oculi,

500 814 726 868 nimiam
784 815 1105 873 brevitatem
1136 820 1251 874 vult
1310 823 1624 892 signiﬁcare
1672 826 1964 883 momenti.
2019 834 2078 878 ut

500 917 702 974 quanta
737 908 807 964 sit
834 908 931 965 Dei
969 912 1228 980 potentia,
1253 929 1317 968 cx
1342 916 1761 972 resurrectionis
1799 917 2078 973 celeritate

497 1014 823 1067 cognoscas.

577 1105 596 1139 ι
634 1087 692 1142 In
722 1091 1017 1147 novissima
1050 1094 1201 1150 tuba.
1234 1095 1402 1152 Canet
1440 1099 1584 1152 enim
1609 1097 1756 1162 tuba,
1790 1105 1842 1153 et
1876 1098 2076 1153 mortui

498 1189 786 1250 resurgent
824 1182 1148 1253 incorrupti,
1181 1195 1235 1240 et
1284 1203 1382 1243 nos
1418 1187 1851 1243 immutahimur.
1890 1207 1909 1240 ι
1972 1189 2077 1244 No-

496 1269 719 1325 vissima
795 1275 943 1336 tuha,
1006 1277 1334 1334 novissimus
1413 1279 1680 1335 adventus
1756 1281 2077 1350 intelligitur

495 1361 697 1417 Christi
728 1379 745 1421 :
782 1366 980 1422 mortui
1014 1378 1219 1429 autem.
1254 1370 1338 1424 vel
1394 1381 1708 1440 peccatores
1744 1371 2074 1442 inteliigendi

494 1464 642 1523 sunt,
673 1458 764 1524 qui
812 1460 977 1514 etiam
1019 1462 1266 1518 viventes
1323 1466 1518 1519 mortui
1553 1481 1675 1521 esse
1710 1468 1991 1535 dicuntur,
2019 1477 2079 1522 ut

495 1550 562 1602 ad
593 1564 807 1618 pomum
840 1560 934 1607 aut
959 1553 1315 1621 immortales,
1343 1566 1438 1612 aut
1465 1557 1672 1627 absque
1702 1559 1881 1628 aliqua
1911 1576 2076 1616 mem-

494 1645 714 1698 brorum
745 1644 1108 1702 diminutione
1142 1659 1430 1718 resurgant
1458 1668 1473 1704 :
1510 1650 1596 1704 vel
1631 1662 1781 1706 certe
1813 1652 2074 1723 simplici-

493 1740 576 1789 ter
605 1749 794 1789 omnes
827 1749 1069 1791 mortuos
1131 1754 1412 1810 resurgere
1465 1741 1620 1807 dicit,
1651 1754 1708 1798 et
1761 1744 1906 1800 solos
1937 1760 2074 1800 sano

2186 559 2292 598 una
2329 543 2460 598 hora
2502 540 2720 613 gravari
2781 553 2841 594 se
2888 543 3116 608 putent:
3174 545 3233 591 ιιι
3284 535 3473 591 hilares
3520 537 3702 594 datores

2183 635 2483 705 diligantur
2514 649 2543 687 a
2581 631 2688 687 Deo
2715 628 2802 701 (11
2838 630 2965 684 Cor.
3001 642 3079 693 ιι,
3126 625 3201 698 7).

2259 745 2278 780 ι
2313 726 2449 781 Cum
2501 734 2682 780 autem
2713 736 2955 792 praesens
2988 719 3168 785 fuero,
3228 734 3362 791 quos
3394 721 3702 790 probaveritis

2183 834 2280 887 per
2304 817 2598 888 Epistolas,
2623 815 2725 870 hos
2749 813 2957 869 mittam
2990 811 3233 882 perferre
3259 813 3477 881 gratiam
3505 824 3699 868 vestram

2183 911 2234 964 in
2261 909 2588 966 Jerusale‘m.
2619 907 2775 977 Quod
2803 907 2848 965 si
2883 907 3107 977 dignum
3150 903 3339 970 fuerit,
3373 913 3427 957 ut
3464 919 3553 974 ego
3575 920 3700 961 eam;

2183 1018 2394 1058 mecum
2424 1002 2607 1063 ibunt.
2640 1000 2866 1056 Veniam
2902 1008 3085 1055 autem
3116 996 3183 1052 ad
3207 1011 3326 1060 vos,
3360 1010 3472 1050 cum
3503 995 3703 1053 Μ-ιεειίο·

2179 1096 2330 1150 niam
2369 1094 2760 1167 pertransiero.
2791 1091 2925 1145 Nam
2982 1088 3356 1147 Macedoniam
3388 1089 3698 1158 pertransibr.

2180 1182 2335 1254 Apud
2379 1198 2475 1237 vos
2505 1192 2686 1241 autem
2722 1181 2955 1239 forsitan
2994 1180 3250 1245 manebo,
3295 1178 3378 1233 vel
3436 1180 3580 1235 etiam
3614 1178 3699 1231 ltit-

2183 1278 2383 1333 tnabo:
2423 1284 2481 1331 ut
2508 1291 2604 1332 vos
2632 1290 2719 1330 me
2751 1274 3039 1331 deducatis
3087 1286 3414 1343 quocunque
3451 1272 3572 1326 iero.
3594 1271 3700 1327 Nolo

2181 1370 2325 1423 enim
2358 1383 2450 1423 vos
2492 1368 2655 1423 modo
2686 1367 2740 1422 in
2774 1366 3008 1422 transitu
3051 1366 3258 1421 videre.
3291 1365 3457 1437 Spero
3487 1363 3610 1419 enim
3636 1378 3703 1419 me

2181 1458 2576 1531 aliquantulum
2609 1460 2873 1529 temporis
2904 1472 3126 1515 manere
3152 1458 3296 1527 apud
3326 1471 3452 1513 vos:
3486 1458 3525 1510 si
3554 1455 3702 1511 Domi-

2183 1570 2283 1609 nus
2319 1553 2649 1624 permiserit.
2686 1572 2705 1606 ι
2741 1552 2878 1618 Ouia
2911 1551 2987 1606 ita
3023 1566 3085 1606 se
3109 1560 3278 1625 agunt
3323 1550 3633 1615 Macedones,
3658 1558 3704 1603 ut

2180 1663 2289 1702 non
2317 1648 2390 1703 sit
2422 1660 2646 1702 necesse
2676 1647 2811 1700 mihi
2856 1645 2997 1714 apud
3031 1658 3128 1699 eos
3184 1644 3388 1700 diutius
3437 1643 3701 1708 demorari;

2181 1743 2322 1812 apud
2348 1754 2443 1794 vos
2468 1748 2652 1792 autem
2706 1751 2929 1793 necesse
2952 1746 3056 1801 est,
3094 1744 3152 1790 ut
3201 1750 3469 1800 maneam,
3516 1734 3586 1787 vel
3613 1736 3702 1789 bie-

494 1839 632 1889 ctos,
681 1840 803 1880 cum
849 1827 936 1882 his
991 1832 1083 1897 qui
1135 1830 1240 1884 vivi
1289 1832 1428 1902 justi
1488 1834 1688 1889 inventi
1740 1836 1964 1905 fuerint,
2018 1839 2074 1899 in
2110 1833 2152 1888 Β
2180 1850 2345 1889 metu.
2382 1831 2549 1887 Multa
2579 1831 2725 1888 enim
2757 1840 2883 1886 sunt
2920 1846 3043 1901 quae
3072 1831 3419 1899 corrigantur
3468 1830 3514 1885 in
3543 1828 3700 1892 vobis;

493 1917 720 1988 gloriam
749 1919 1047 1979 immutari.

572 2029 590 2062 ι
629 2011 857 2081 Oportet
911 2015 1055 2069 enim
1103 2018 1469 2097 corruptibile
1497 2020 1618 2076 hoc.
1661 2040 1680 2074 ι
1725 2020 1967 2080 Necesse
1994 2035 2078 2080 est

492 2099 609 2155 ﬁeri
642 2103 782 2171 quod
806 2105 1133 2173 promissam
1164 2116 1269 2163 est.

531 2210 588 2245 ·‹
618 2193 850 2251 Induere
870 2196 1363 2267 incorruptionem,
1387 2209 1442 2255 et
1467 2203 1694 2258 mortale
1724 2204 1823 2258 hoc
1851 2205 2076 2260 induere

492 2284 983 2342 immortalitatem.
1018 2304 1038 2339 ι
1083 2288 1179 2344 Est
1207 2295 1351 2360 quod
1383 2292 1576 2361 induit,
1613 2304 1668 2350 et
1703 2308 1785 2351 eat
1826 2298 2077 2351 similiter

492 2377 891 2434 indumentum.

570 2485 590 2520 ι
623 2467 759 2525 Cum
785 2480 966 2526 autem
999 2473 1231 2531 mortale
1279 2476 1384 2531 hoc
1418 2477 1657 2534 ittduerit
1692 2481 2077 2536 intmortaldan

492 2571 625 2627 tem,
657 2573 785 2617 tunc
822 2563 915 2618 liet
937 2579 1144 2630 sermo,
1197 2568 1290 2634 qui
1349 2571 1587 2639 scriptus
1610 2583 1693 2626 est
1725 2588 1739 2626 :
1800 2575 2073 2642 Absorpta

489 2664 575 2710 est
602 2671 751 2711 mors
787 2656 838 2710 in
880 2657 1128 2713 victoria.
1170 2677 1190 2711 ι
1217 2659 1308 2727 Ut,
1345 2664 1623 2718 evacuatis
1656 2666 1834 2719 causis
1861 2667 2073 2732 mortis,

490 2763 589 2806 Der
616 2748 857 2804 divinam
901 2750 1213 2817 victoriam,
1270 2752 1376 2808 sibi
1436 2757 1691 2825 absorpta
1743 2772 1852 2810 non
1909 2771 2076 2828 appa-

490 2851 629 2896 teat.

570 2953 587 2987 r
627 2933 727 2991 Ubi
766 2944 870 3002 est,
922 2952 1095 3004 mors,
1148 2937 1379 2996 victoria
1429 2939 1568 2994 tua?
1618 2939 1724 2997 Ubi
1756 2952 1861 3005 est,
1904 2957 2074 3012 mors,

490 3028 748 3085 stimulus
779 3029 950 3087 tuus?
989 3050 1008 3084 ι
1076 3031 1350 3105 Propheta
1383 3049 1452 3090 ex
1513 3049 1744 3104 persona
1798 3036 2074 3108 iustorum

490 3124 731 3196 loquitur
760 3126 1136 3183 insultantium
1182 3129 1366 3185 morti.
1417 3111 1420 3115 ’

2180 1934 2322 1978 sicut
2352 1923 2595 1977 medicus
2629 1921 2702 1976 ibi
2745 1935 2954 1985 moram
2988 1922 3172 1986 habet,
3229 1920 3321 1984 ubi
3373 1920 3544 1989 plures
3567 1933 3705 1988 aegro-

2185 2022 2319 2068 tant.

2261 2126 2279 2159 ι
2313 2108 2653 2162 Permanebo
2683 2113 2861 2167 autem
2927 2102 3124 2179 Ephesi
3184 2119 3358 2174 usque
3385 2102 3448 2157 ad
3494 2101 3706 2161 Penteco-

2180 2206 2322 2255 sten.
2368 2198 2583 2269 Ostium
2636 2197 2782 2252 enim
2822 2195 2949 2250 mihi
3000 2208 3256 2266 apertum
3287 2206 3370 2251 est
3414 2210 3636 2265 maguum
3666 2201 3707 2247 et

2177 2290 2421 2359 evidens,
2464 2298 2516 2346 et
2539 2291 2840 2345 adversarii
2880 2287 3057 2343 multi.
3084 2307 3103 2341 ι
3139 2288 3270 2345 ldeo
3307 2289 3379 2343 ibi
3410 2286 3705 2358 permanebo,

2181 2384 2308 2455 quia
2339 2399 2460 2438 cum
2495 2384 2625 2437 mihi
2656 2383 2881 2437 evidens
2912 2381 3073 2438 datus
3097 2384 3168 2437 sit
3194 2382 3377 2439 aditus
3404 2379 3705 2453 praedicandi.

2179 2483 2305 2531 sunt
2346 2472 2587 2542 plurimi,
2621 2474 2711 2545 qui
2741 2473 3021 2533 resistant.

2262 2585 2280 2618 ι
2309 2564 2367 2621 Si
2413 2576 2593 2622 autem
2654 2566 2865 2634 venerit
2913 2564 3258 2633 Timotheus,
3292 2566 3469 2625 videte
3524 2573 3575 2625 ιιι
3614 2566 3708 2621 sine

2182 2659 2377 2713 timore
2414 2657 2487 2718 sit
2514 2656 2657 2733 apud
2684 2673 2801 2717 vos.
2829 2655 2980 2728 Opus
3008 2657 3152 2721 enim
3214 2658 3427 2717 Domini
3468 2667 3705 2731 ,Operatttr,

2178 2750 2544 2821 sicutetego.
2580 2750 2663 2807 Ne
2690 2750 2814 2823 quis
2859 2764 2991 2825 ergo
3048 2749 3202 2807 illum
3267 2758 3500 2823 spernat.
3532 2768 3550 2803 ι
3606 2746 3709 2809 Siue

2179 2840 2554 2899 tribulationis
2596 2841 2909 2911 formidine,
2952 2841 3037 2898 vel
3101 2843 3269 2899 etiam
3296 2842 3458 2901 vestri
3506 2848 3707 2899 contem-

2176 2940 2290 3003 pttt.
3103 2921 3108 2925 ’

2258 3040 2279 3075 ι
2316 3022 2578 3080 Deducite
2600 3035 2783 3080 autem
2810 3023 2963 3080 illum
2996 3024 3049 3081 in
3073 3040 3239 3095 pace,
3273 3038 3332 3083 ut
3353 3028 3527 3081 veniat
3546 3023 3604 3081 ad
3623 3037 3706 3079 me.

2179 3113 2448 3184 EXSpecto
2483 3117 2625 3173 enim
2651 3115 2798 3171 illum
2832 3131 2960 3175 cum
2988 3118 3277 3176 fratribus.
3306 3138 3328 3173 ι
3381 3119 3524 3185 Nihil
3550 3117 3710 3175 admit-

572 3191 595 3271 ι
628 3217 892 3276 Stimulus
921 3229 1102 3276 autem
1149 3223 1363 3287 mortis,
1421 3233 1703 3294 peccatum
1738 3232 1843 3282 est.
1882 3245 1902 3279 ι
1971 3225 2072 3281 Sa-

2183 3218 2383 3276 tentes,
2412 3210 2556 3281 quod
2585 3210 2651 3264 ad
2680 3210 2874 3267 anima:
2908 3209 3029 3280 ejus
3042 3211 3222 3268 faciat
3247 3212 3536 3273 laesionem.

491 3311 861 3381 gittaemortis
898 3325 1206 3383 peccatum,
1249 3332 1345 3386 per
1374 3318 1517 3387 quod
1561 3319 1759 3374 animae
1816 3318 2077 3393 iugulan-

494 3412 550 3457 ιιι
558 3419 602 3459 l'.

590 3496 817 3552 «Virtus
873 3513 1022 3555 vero.
1065 3503 1273 3568 peccati
1349 3502 1455 3559 lex.
1496 3522 1515 3557 ι
1575 3503 1712 3560 Dum
1773 3504 1969 3564 fortius
2022 3519 2079 3565 et

493 3589 674 3660 majus
707 3590 764 3644 fit
795 3605 893 3661 per
922 3593 1208 3648 scientiam
1235 3607 1540 3664 peccatum.

576 3698 596 3732 ι
633 3679 743 3735 Deo
777 3691 958 3738 autem
997 3684 1223 3755 gratias,
1253 3685 1347 3756 qui
1380 3688 1532 3743 dedit
1570 3689 1731 3746 nobis
1765 3690 2074 3757 victoriam,

495 3788 593 3841 per
625 3774 911 3830 Dominum
958 3788 1206 3833 nostrum
1251 3776 1436 3835 Jesum
1498 3782 1799 3843 Christum.
1838 3803 1857 3837 ι
1899 3784 2079 3849 Victo-

497 3870 633 3921 riam
663 3868 811 3923 illius
863 3872 1092 3939 peccati,
1131 3873 1183 3929 in
1236 3889 1345 3944 quo
1383 3874 1469 3945 lex
1522 3891 1618 3949 per
1673 3878 1945 3934 carnalem
1980 3896 2078 3937 no-

494 3975 667 4014 stram
702 3962 1035 4026 Voluntatem
1066 3965 1243 4021 fuerat
1274 3967 1572 4037 infirmata,
1608 3984 1773 4040 quam
1823 3971 2075 4029 Christus

489 4068 657 4106 cruce
688 4062 742 4106 et
769 4055 1022 4125 exemplo
1046 4058 1337 4113 destruxit.

571 4162 590 4194 ι
618 4142 824 4214 itaque,
858 4145 1057 4203 fratres
1092 4149 1196 4203 mei
1249 4149 1458 4206 dilecti.
1504 4170 1527 4204 ι
1563 4150 1792 4209 Reddita
1821 4168 2072 4211 resurre-

490 4239 695 4291 (tionis
728 4220 961 4305 ratione,
996 4242 1063 4295 de
1101 4257 1207 4312 qua
1238 4242 1581 4313 haesitabant,
1617 4244 1863 4301 hortatur
1890 4262 1984 4303 eos
2021 4250 2073 4311 in

496 4328 587 4381 llet
613 4343 778 4398 opere
807 4344 1151 4401 permanere,
1187 4333 1299 4402 jam
1357 4347 1537 4394 certos
1588 4337 1654 4393 de
1717 4339 2077 4397 retributione

490 4418 694 4475 futura.
1707 4416 1715 4425 ’

569 4530 589 4563 ι
624 4513 855 4569 Stahilcs
903 4525 1075 4571 cstmc
1109 4525 1166 4571 et
1240 4515 1565 4583 immobiles,
1623 4516 1963 4573 abundantes
2015 4519 2066 4572 in
2088 4531 2147 4593 ρ

486 4610 641 4660 nnmi
679 4622 844 4677 opere
894 4607 1131 4677 Domini,
1168 4626 1385 4681 semper
1420 4612 1677 4676 scientes,
1738 4611 1881 4681 quod
1922 4612 2071 4665 labor

492 4709 675 4753 \cstcr
707 4714 817 4754 non
850 4711 936 4756 est
972 4702 1149 4756 inanis
1205 4704 1257 4757 in
1297 4701 1551 4765 Domino.
1587 4724 1605 4758 ι
1672 4704 1843 4765 Νειιιο
1882 4720 1975 4758 vos
2005 4708 2072 4759 de

483 4792 662 4859 gradu
698 4796 810 4863 spei
850 4792 1047 4850 futura:
1075 4796 1214 4849 ultra
1254 4806 1591 4867 permovent.

1075 4947 1306 5005 CAPUT
1340 4948 1480 5003 XVI.

562 5079 587 5114 τ
617 5062 692 5116 De
721 5063 963 5120 collectis
1000 5073 1203 5129 autem,
1243 5080 1359 5134 qua:
1390 5066 1524 5125 [lunt
1556 5068 1607 5120 in
1636 5075 1879 5133 sanctos.
1929 5070 2072 5127 sicut

484 5154 735 5208 ordinavi
764 5154 818 5208 in
852 5152 1110 5208 Eeclesiis
1139 5152 1388 5222 Galatiae,
1419 5156 1491 5209 ita
1522 5166 1577 5210 et
1604 5172 1696 5212 vos
1720 5156 1904 5215 facile.
1942 5179 1960 5211 ι
1999 5159 2074 5217 De

491 5247 797 5317 sumptibus
828 5247 982 5311 dicit.
1016 5248 1109 5317 qui
1142 5262 1236 5316 per
1266 5247 1511 5319 singulas
1533 5246 1806 5304 Ecclesias
1834 5250 2072 5316 collecti,

491 5339 922 5411 Hierosolymam
955 5341 1157 5395 sanctis
1185 5341 1518 5409 pauperibus
1550 5342 1932 5397 mittebantur.

570 5455 588 5488 ι
621 5436 725 5492 Per
768 5450 929 5490 unam
996 5432 1239 5489 Sabbati.
1277 5452 1297 5487 ι
1348 5431 1467 5490 Una
1514 5433 1737 5490 Sabhati
1787 5435 2072 5491 Dominica

490 5529 610 5583 dies
637 5538 755 5583 est:
781 5528 922 5583 sicut
961 5529 1015 5581 in
1053 5524 1344 5598 Evangelia
1374 5527 1598 5591 dicitur,
1646 5527 1932 5583 Dominum
1961 5545 2070 5585 una

492 5621 713 5677 Sahbati
751 5619 1053 5676 surrexisse
1084 5619 1236 5691 (Luc.
1269 5637 1423 5688 xxrv,
1470 5620 1545 5693 l).

573 5732 592 5765 ι
623 5713 1012 5782 Unusquisque
1041 5723 1278 5767 vestrum
1317 5712 1458 5783 apud
1492 5729 1552 5769 se
1590 5726 1836 5785 reponat,
1876 5732 2071 5772 recon-

493 5804 655 5871 dens,
684 5804 826 5873 quod
853 5805 904 5859 ei
933 5805 1071 5859 bene
1104 5804 1391 5873 placuerit,
1443 5817 1497 5860 ut
1528 5820 1634 5861 non
1668 5822 1790 5863 tum
1841 5825 2063 5877 venero,

2256 3321 2275 3354 ι
2314 3301 2390 3358 De
2420 3302 2622 3373 Apollo
2676 3313 2857 3365 autem
2906 3304 3079 3367 fratre
3107 3305 3263 3369 vobis
3321 3317 3505 3367 notum
3554 3306 3709 3376 (acia,

2180 3397 2435 3467 quoniam
2490 3399 2719 3453 multum
2774 3398 2958 3469 rogavi
2991 3412 3140 3471 eum,
3182 3410 3239 3455 ut
3286 3402 3490 3473 veniret
3531 3401 3593 3470 ad
3616 3416 3711 3467 vos,

2178 3505 2300 3544 cum
2330 3490 2611 3554 fratribus,
2639 3502 2695 3544 et
2726 3490 2913 3563 utique
2946 3506 3052 3547 non
3084 3492 3184 3557 fuit
3237 3494 3489 3561 voluntas
3514 3495 3639 3565 ejus,
3669 3503 3714 3551 ιιι

2179 3594 2324 3632 ιιιιιιιι
2359 3580 2586 3639 veniret.
2625 3579 2818 3639 Veniet
2848 3592 3031 3649 autem
3070 3598 3191 3647 cum
3220 3584 3280 3643 ei
3310 3599 3532 3641 vacuum
3562 3585 3712 3646 fuerit.

2179 3667 2432 3742 Vigilate,
2462 3681 2604 3737 state
2639 3675 2693 3729 in
2745 3673 2870 3729 fide.
2912 3693 2932 3729 ο
2969 3671 3206 3747 Vigilate
3263 3678 3462 3737 mentis
3485 3677 3640 3743 oculis
3660 3675 3713 3739 ad

2179 3763 2376 3819 diaboli
2400 3765 2630 3829 astutias
2667 3762 3086 3845 praecavendas,’
3106 3766 3289 3841 State,
3328 3769 3451 3841 quia
3484 3768 3714 3832 stantibus

2179 3856 2397 3911 dillicile
2428 3872 2651 3913 somnus
2679 3861 2914 3930 obrepit.

2255 3966 2274 4001 ι
2316 3948 2556 4013 Viriliter
2588 3952 2754 4023 agite.
2787 3971 2809 4006 ι
2846 3953 3131 4015 Muliebris
3157 3957 3307 4025 enim
3341 3960 3518 4028 omnis
3557 3959 3715 4019 incon-

2178 4044 2376 4100 stantia
2406 4055 2461 4103 et
2493 4046 2726 4106 varietas
2752 4047 3049 4121 judicatur.

2255 4154 2274 4187 ι
2308 4137 2377 4193 Ει
2402 4139 2826 4195 contortamini:
2862 4139 3043 4197 omnia
3099 4143 3243 4199 enim
3277 4153 3458 4203 vestra
3482 4144 3531 4201 in
3558 4138 3710 4199 εδει-ἰ-

2179 4234 2288 4282 tate
2321 4228 2469 4283 fiant.
2510 4247 2528 4279 ι
2592 4229 2664 4284 Ut
2709 4231 2782 4286 sit
2844 4232 2897 4284 in
2952 4242 3137 4295 vestra
3189 4234 3396 4296 virtute
3446 4235 3706 4307 prolectus,

2177 4322 2360 4379 omnia
2384 4336 2493 4379 non
2522 4323 2698 4379 inanis
2726 4324 2908 4393 gloriae
2932 4340 3118 4395 causa,
3145 4328 3243 4387 sed
3262 4328 3543 4395 charitatis
3567 4324 3711 4397 gratia

2178 4414 2357 4474 facere
2378 4414 2654 4473 festinate.

2258 4528 2279 4563 ‹
2315 4508 2557 4568 Obsecro
2621 4524 2803 4573 autem
2856 4530 2975 4582 vos,
3025 4515 3247 4583 fratres,
3296 4518 3475 4577 nostis
3528 4514 3712 4573 domum

2179 4600 2469 4672 Stephanae
2495 4616 2548 4658 et
2576 4602 2891 4674 Fortunati,
2919 4618 2973 4663 et
3029 4610 3277 4675 Achaici,
3332 4612 3582 4681 quoniam
3613 4615 3715 4663 sunt

2174 4697 2431 4768 primitiae
2497 4698 2737 4766 Achaiae,
2792 4710 2847 4759 et
2895 4701 2951 4756 in
3013 4705 3380 4765 ministerium
3438 4712 3713 4761 sanctorum

2173 4790 2812 4863 ordinaverunt-seipsos.
2847 4804 2905 4855 ut
2959 4805 3017 4851 et
3048 4810 3142 4853 vos
3197 4797 3403 4853 subditi
3432 4797 3551 4853 sitis
3593 4793 3717 4862 eius-

2175 4888 2346 4950 modi,
2405 4896 2460 4940 ct
2516 4888 2663 4942 omni
2729 4888 3041 4956 cooperanti
3072 4898 3126 4943 et
3183 4888 3476 4945 laboranti.
3523 4885 3716 4944 Gaudeo

2174 4990 2354 5036 autem
2373 4981 2429 5035 in
2448 4980 2732 5048 prazsentia
2748 4981 3039 5049 Stephants
3057 4993 3110 5037 et
3125 4982 3411 5039 Fortunati
3429 4992 3485 5038 et
3505 4976 3716 5040 Achaici,

2172 5073 2433 5143 quoniam
2460 5073 2513 5129 id
2542 5074 2687 5143 quod
2719 5070 2873 5131 vobis
2908 5076 3123 5141 deerat,
3154 5074 3259 5146 ipsi
3281 5075 3669 5147 suppleverunt.
3695 5085 3712 5118 ι

2174 5166 2309 5232 Quia
2333 5175 2628 5233 praesentes
2648 5176 2775 5223 sunt
2808 5167 2952 5236 apud
3006 5182 3125 5231 vos,
3157 5177 3214 5222 et
3248 5168 3300 5224 in
3341 5166 3446 5224 illis
3499 5176 3715 5235 magnust

2174 5258 2405 5326 potesds
2434 5258 2635 5314 habere
2664 5257 2987 5329 profectum.
3019 5260 3147 5317 Sive
3167 5262 3290 5330 quia
3320 5260 3452 5317 mihi
3488 5262 3718 5316 venerunt

2175 5366 2272 5420 pro
2309 5352 2460 5407 vobis
2486 5351 2801 5409 ministrare
2834 5353 3080 5409 cilicium
3100 5354 3410 5413 charitatis.

2253 5462 2270 5495 ι
2297 5443 2620 5498 Refeceruut
2639 5444 2783 5498 enim
2808 5453 2862 5498 et
2888 5460 3065 5519 meum
3088 5447 3335 5516 spiritum
3354 5454 3411 5503 et
3443 5453 3712 5502 vestrnma

2174 5536 2355 5593 Meum
2386 5538 2637 5607 spiritum
2679 5537 2965 5605 charitate,
2999 5553 3097 5609 pro
3124 5539 3315 5596 vobis:
3379 5550 3609 5595 vestrum
3636 5542 3716 5602 pro

2174 5645 2293 5684 mea
2326 5628 2540 5694 laetitia,
2575 5626 2909 5685 refecerunt.

2255 5739 2273 5771 ι
2302 5721 2629 5791 Cognoscite
2681 5734 2812 5791 ergo
2838 5736 2958 5789 quae
3003 5719 3270 5792 ejusmodi
3323 5728 3472 5777 sunt.
3510 5738 3529 5771 ι
3569 5714 3713 5779 Unde,

2171 5823 2224 5869 et
2254 5811 2382 5868 alibi
2409 5811 2483 5866 ait
2519 5827 2533 5868 :
2583 5810 2890 5881 Cognoscile
2938 5828 3045 5879 eos,
3083 5813 3172 5883 qui
3230 5814 3307 5868 ita
3352 5810 3627 5873 ambulent,
3667 5812 3712 5857 ιιι
