3954 6194
250 324 362 387 805

247 532 518 601 gnoscite,
542 531 810 587 honorate
835 538 1234 605 cognoscentes
1263 544 1450 584 eorum
1480 529 1722 585 studium
1752 530 1837 589 vel

248 626 513 681 laborem.
780 673 790 681 .

330 736 348 768 ι
381 716 635 772 Salutant
681 730 776 770 vos
827 716 1088 793 Ecelesize
1146 714 1312 769 Asiae.
1364 714 1744 771 Salutantvos
1778 716 1833 770 in

248 809 483 865 Domino
511 808 739 862 multum
771 807 965 879 Aquila
1014 819 1066 863 et
1095 806 1306 874 Prisca,
1360 825 1480 865 cum
1531 810 1833 869 domestica

246 918 345 958 sua
378 900 648 964 Ecclesia,
685 901 828 969 apud
857 914 1000 969 quos
1026 909 1081 953 et
1117 900 1386 971 hospitor.
1438 892 1688 955 Salutant
1739 916 1836 957 vos

246 1010 444 1048 omnes
468 992 688 1057 fratres,
718 990 964 1046 Salutate
995 992 1228 1047 invicem
1258 992 1310 1047 in
1345 992 1532 1046 osculo
1565 1005 1775 1049 saneto.
1808 1011 1829 1047 ι

248 1087 616 1141 Domesticam
685 1086 1161 1157 congregationem
1220 1084 1603 1154 ftaternitatis,
1647 1088 1839 1143 Eccle-

247 1180 385 1232 siatn
410 1177 735 1232 nominavit.

327 1288 347 1321 ι
385 1269 654 1324 Saltttazio
681 1284 822 1335 mea,
879 1284 1039 1323 manu
1073 1251 1244 1323 Pauli.
1279 1267 1336 1323 Si
1371 1270 1496 1339 quis
1544 1286 1651 1327 non
1691 1279 1837 1327 amat

251 1360 543 1414 Dominum
568 1372 819 1416 nostrum
842 1359 1029 1417 Iesum
1047 1361 1349 1427 Christum,
1372 1362 1445 1417 sit
1468 1364 1785 1419 anathema.
1811 1383 1829 1416 ι

250 1450 409 1503 Sicut
441 1449 567 1517 illis,
617 1449 711 1520 qui
759 1465 888 1505 eum
941 1458 1150 1517 amant,
1204 1450 1508 1522 redemptio
1572 1464 1840 1508 venturos

248 1550 335 1595 est
361 1540 615 1594 Christus
643 1557 657 1592 :
702 1541 774 1593 ita
802 1548 857 1595 et
883 1541 977 1610 qui
1009 1556 1132 1595 eum
1164 1556 1278 1596 non
1310 1552 1517 1608 ament,
1549 1545 1841 1601 anathema

248 1630 346 1696 sit,
380 1628 432 1682 id
459 1640 563 1696 est,
593 1639 647 1684 ιιι
684 1628 805 1684 illos
834 1627 1200 1694 abominetur,
1226 1636 1280 1684 et
1309 1630 1519 1692 perdat.

1262 320 1677 382 EXPOSITIO
1718 320 1800 381 IN
1848 322 2090 384 EPIST.
2141 322 2203 383 Il
2247 323 2348 415 AD
2388 322 2558 385 (ΞΟΠ.

150 428 159 435 ί
248 438 450 491 habetis
482 436 713 507 formam
745 444 981 491 nostram
1024 431 1282 507 (Philipp.
1329 450 1413 500 ιιι,
1444 434 1557 504 l7).
1596 434 1709 490 lloc
1743 450 1838 493 co-
1868 445 1915 497 Α

3368 332 3528 394 ’8Γ6

2022 454 2039 486 t
2098 434 2486 491 Maranatlta.»
2553 433 2741 505 Magis.
2781 434 2975 507 Syrum
3038 446 3143 505 est,
3195 454 3357 508 quam
3422 441 3530 495 Πρ-

1942 527 2144 581 ιιταξιιιιι
2177 541 2193 581 :
2228 526 2441 578 tametsi
2478 540 2543 579 ex
2569 524 2805 579 conﬁnio
2840 537 3196 600 utrarumque
3219 533 3523 601 linguarum
3604 554 3613 563 -

1944 621 2145 690 aliquid
2186 618 2469 673 llebt-eeum
2501 627 2674 672 sonet.
2706 617 2774 672 Et
2811 620 3225 691 interpretatur,
3270 623 3528 678 Dominus

1945 723 2124 767 noster
2157 715 2316 766 venit.
2482 766 2489 773 ,

2023 822 2040 855 t
2072 802 2258 858 Gratia
2293 802 2503 859 Domini
2538 805 2710 861 nostri
2741 805 2864 859 Jcsu
2909 804 3111 861 Christi
3165 807 3469 865 vobiscum.
3500 825 3519 857 ο

1944 897 2184 967 Ρτοιιιίιε
2224 912 2415 950 manus
2444 907 2708 954 consueta
2742 898 3097 969 subscriptio.

2025 1007 2045 1041 ι
2073 990 2323 1046 Charitas
2351 1006 2468 1045 utea
2500 1008 2622 1047 cum
2684 993 2939 1049 omnibus
2998 993 3170 1047 vobis.
3210 1011 3230 1046 ι
3269 992 3343 1048 Ut
3388 1007 3530 1061 quo-

1949 1083 2110 1136 modo
2167 1099 2258 1137 vos
2289 1098 2389 1155 ego
2452 1084 2639 1155 diligo,
2699 1086 2774 1140 ita
2827 1094 2881 1140 et
2941 1087 2994 1140 in
3029 1085 3248 1140 Christo
3298 1086 3529 1144 invicem

1950 1174 2210 1244 diligatis.

2020 1287 2040 1319 ι
2070 1268 2126 1320 ltt
2161 1268 2378 1324 Christo
2403 1268 2557 1327 1.:su.
2604 1291 2624 1324 ›
2656 1272 2774 1328 Non
2811 1275 3110 1329 secundum
3139 1273 3324 1329 steculi
3350 1274 3534 1330 chari—

1943 1371 2107 1416 talem
2128 1400 2144 1414 .

2024 1469 2042 1502 t
2058 1454 2247 1507 Amen.
2264 1469 2281 1501 ι
2312 1448 2671 1508 Conlirmatio
2694 1464 2776 1509 est
2799 1455 3190 1513 benedictionis
3215 1456 3304 1511 hic
3323 1469 3528 1521 sermo,

1946 1540 2089 1597 sicut
2114 1542 2370 1611 superius
2398 1542 2514 1613 ipse
2535 1542 2874 1601 demonstrat
2901 1565 2915 1611 ;
2944 1549 3237 1616 quomodo,
3258 1547 3531 1619 inquiens,

1947 1635 2082 1690 dicit
2111 1649 2273 1689 amen
2302 1650 2466 1704 super
2498 1646 2643 1693 tuam
2674 1639 3105 1695 benedictionem
3126 1639 3151 1690 ‘i

3017 1846 3461 1871 -----------ς-υ

546 2026 673 2113 ΙΝ
747 2022 1388 2113 SECUNDAM
1461 2019 2150 2115 EPISTOLAM
2232 2027 2382 2116 AD
2460 2028 3261 2131 CORlNTllIOS.

773 2375 1006 2435 CAPUT
1045 2375 1343 2436 PRIMUM.

336 2488 360 2523 ι
394 2468 593 2526 Patrius
620 2471 898 2541 apostolus
927 2468 1058 2527 Iesu
1096 2471 1327 2538 Christi,
1358 2486 1455 2543 per
1502 2473 1839 2529 voluntatem

254 2562 380 2618 Dei.
410 2582 431 2616 ι
466 2564 738 2633 Quaeritur
765 2578 866 2619 cur
925 2564 977 2625 iu
1032 2564 1290 2621 omnibus
1336 2562 1594 2635 Epistolis
1645 2574 1840 2622 contra

256 2671 420 2709 nsunt
470 2655 846 2724 epistularum,
880 2655 1114 2725 primum
1175 2670 1334 2711 suum
1395 2671 1589 2713 nomen
1648 2665 1838 2728 ponat,

255 2765 424 2819 quam
449 2765 638 2805 eorum
667 2751 731 2803 ad
755 2763 894 2819 quos
940 2749 1130 2803 litteras
1183 2749 1549 2805 destinantur.
1577 2748 1684 2805 Sed
1738 2752 1842 2806 hoc

256 2854 327 2893 ex
363 2841 693 2895 auctoritate
737 2840 1028 2911 apostolici
1072 2840 1304 2905 ordinis,
1349 2841 1478 2911 quia
1534 2841 1843 2898 minoribus

256 2931 522 3000 scripsit:
556 2943 613 2986 ut
633 2932 796 2987 etiam
821 2931 1001 2986 saeculi
1031 2931 1245 3001 jttdiccs
1269 2933 1450 2989 solent
1473 2934 1540 2989 ad
1563 2948 1682 3002 eos,
1709 2950 1845 3004 quos

257 3032 481 3097 regunt,
527 3024 728 3094 scripta
777 3023 1037 3095 dirigere.
1076 3023 1178 3081 Per
1226 3024 1562 3081 voluntatem
1611 3024 1733 3091 Dei,
1790 3028 1843 3081 id

252 3131 369 3180 est,
405 3131 513 3172 non
548 3118 826 3172 hominum
857 3117 1161 3171 voluntate.
1204 3115 1379 3173 Simul
1409 3117 1521 3173 vult
1554 3117 1845 3173 ostendere

257 3226 376 3265 non
412 3207 529 3263 sine
559 3207 841 3262 voluntate
875 3205 1053 3261 Patris
1086 3223 1144 3262 se
1178 3208 1402 3265 missum
1432 3221 1465 3262 a
1494 3206 1734 3263 Christo.

337 3320 359 3354 ο
402 3299 470 3355 Et
511 3299 833 3356 Timotheus
885 3298 1056 3355 frater
1104 3300 1361 3363 Ecclesia:
1416 3299 1530 3364 Dei,
1593 3312 1715 3369 quae
1764 3307 1847 3353 est

238 3380 533 3451 Corinthi.
565 3409 584 3443 ι
619 3389 739 3446 Νοιι
800 3389 956 3457 dixit,
1015 3388 1215 3445 Paulus
1246 3399 1304 3446 et
1330 3386 1693 3457 "l‘imotheus,
1720 3390 1847 3460 quia

254 3502 373 3541 non
403 3487 565 3541 ambo
590 3483 845 3556 apostoli.
870 3484 950 3538 Ad
988 3485 1371 3555 Philippenses
1425 3499 1576 3549 vero,
1615 3483 1704 3536 ubi
1740 3498 1844 3537 non

250 3588 386 3632 erat
437 3586 585 3631 tanta
640 3576 942 3633 auctoritas
977 3577 1307 3643 necessaria,
1369 3578 1512 3631 servi
1567 3576 1726 3630 ambo
1755 3589 1850 3644 po-

251 3677 469 3722 nuntur
499 3667 753 3739 (Philipp.
792 3683 830 3731 t,
868 3667 939 3737 Ι).

340 3774 361 3807 ι
420 3753 556 3810 Cum
610 3756 862 3812 omnibus
886 3756 1113 3822 sanctis,
1169 3755 1259 3825 qui
1283 3762 1409 3810 sunt
1494 3755 1548 3809 in
1596 3756 1920 3818 ttniversac

247 3847 493 3905 Achaia.
529 3868 549 3902 ι
578 3847 676 3903 llic
710 3848 885 3903 sancti
919 3858 1146 3918 possunt
1185 3846 1356 3918 accipi
1388 3848 1721 3914 sacerdotes,
1754 3850 1847 3919 qui

246 3944 313 3998 in
342 3944 523 4013 prima
554 3952 832 4014 ponuntur
858 3943 1176 3998 invocantes
1213 3940 1523 4009 Dominum,
1554 3952 1607 3999 et
1628 3944 1697 3998 ad
1725 3942 1852 3998 Plii-

247 4033 540 4102 lippenses
576 4048 700 4088 cum
731 4032 1001 4103 episcopis
1031 4043 1087 4088 et
1138 4032 1483 4089 diacouibus.
1515 4032 1643 4088 ldeo
1670 4042 1848 4088 autem

246 4138 453 4196 postea
517 4127 884 4189 nominantur,
931 4140 998 4181 ne
1064 4140 1250 4195 parum
1310 4124 1695 4196 intelligentes,
1756 4140 1851 4181 eos

248 4217 669 4289 praetermissos
726 4233 849 4274 esse
904 4227 1177 4289 putarent.
1203 4216 1340 4272 Cum
1379 4218 1492 4272 sint
1520 4218 1572 4273 in
1607 4218 1850 4273 Ecclesia

245 4310 652 4377 comprehensi
685 4309 924 4377 Achaiae,
959 4311 1118 4380 cujus
1151 4318 1237 4365 est
1297 4308 1615 4380 metropolis
1650 4310 1849 4366 Corin-

246 4402 421 4457 thus.

1874 2385 1918 2447 Β
1949 2398 2050 2439 nos
2083 2382 2217 2439 alios
2250 2381 2545 2448 consolari,
2610 2392 2666 2437 et
2698 2382 2767 2438 de
2799 2381 3021 2438 tristitia
3081 2381 3313 2438 liberare
3352 2385 3530 2453 possi"

1947 2493 2087 2533 mus.
2124 2481 2235 2534 Ant
2260 2478 2329 2533 ita
2362 2478 2593 2537 formam
2633 2478 2726 2533 dat
2749 2477 2907 2533 ttohis
2940 2479 3075 2533 alios
3104 2479 3443 2545 consolandi,
3472 2489 3532 2535 ut

1946 2581 2046 2639 per
2092 2568 2551 2633 exhortationem,
2609 2581 2721 2637 qua
2778 2570 2879 2639 ipsi
2931 2584 2961 2623 a
2996 2570 3104 2625 Deo
3160 2564 3530 2635 consolamur,

1946 2673 2326 2730 agnoscamus,
2378 2660 2522 2729 quod
2584 2659 2724 2716 Deus
2792 2660 3097 2716 timentium
3148 2675 3209 2716 se
3255 2663 3530 2719 neminem

1948 2754 2314 2825 derelinquat,
2345 2767 2401 2811 et
2444 2758 2620 2813 multo
2677 2757 2850 2829 magis
2907 2761 2958 2813 in
2997 2761 3174 2813 futuro
3200 2768 3531 2824 remaneret,

1947 2865 2085 2920 quos
2115 2850 2278 2904 etiam
2311 2848 2366 2903 in
2397 2851 2649 2919 praesenti
2690 2866 2800 2906 non
2831 2851 3053 2907 deserit.

2024 2967 2042 3001 ι
2088 2947 2355 3014 Quoniam
2412 2950 2557 3002 sicut
2615 2946 2895 3005 abundant
2934 2946 3215 3012 passiones
3242 2942 3443 3001 Christi
3476 2944 3530 3000 itt

1948 3039 2128 3093 nobis.
2177 3057 2198 3090 ι
2237 3038 2293 3093 Id
2326 3048 2428 3103 est,
2464 3053 2562 3108 pro
2599 3037 2820 3092 nomine
2849 3036 3075 3092 Christi.

2024 3147 2044 3180 ι
2070 3130 2146 3183 lta
2168 3137 2224 3184 et
2246 3144 2340 3200 per
2360 3129 2636 3186 Christum
2664 3127 2898 3183 abundat
2949 3126 3249 3182 consolatio
3273 3135 3475 3181 nostra.
3504 3144 3525 3179 ι

1949 3216 2017 3273 Ut
2054 3217 2245 3274 Petrus
2281 3227 2365 3274 est
2394 3219 2461 3273 de
2491 3233 2716 3274 carcere
2764 3217 3027 3273 liberatus
3080 3217 3220 3286 (Act.
3246 3232 3345 3285 xtt,
3373 3217 3535 3286 9),et

1949 3309 2147 3366 Paulus
2183 3312 2391 3366 visione
2425 3311 2640 3368 Domini
2670 3320 2727 3366 et
2753 3326 2887 3367 voce
2928 3309 3282 3367 conﬁrmatus
3312 3309 3368 3365 in
3398 3319 3535 3366 tetu-

1952 3400 2038 3470 plo
2074 3401 2216 3470 (Act.
2249 3416 2361 3469 xvt,
2397 3404 2477 3474 9).

2029 3533 2049 3567 t
2085 3514 2213 3570 Sive
2238 3526 2420 3570 autem
2451 3515 2777 3571 tribulantur
2812 3530 2910 3587 pro
2941 3527 3120 3572 vestra
3152 3517 3534 3581 exhortatione

1952 3617 2006 3660 et
2066 3608 2281 3666 salute:
2312 3608 2430 3664 sive
2479 3609 2848 3676 consolamur,
2884 3624 2985 3678 pro
3040 3621 3219 3664 vestra
3280 3610 3534 3666 consola-

1955 3701 2135 3755 tione:
2166 3700 2279 3756 sive
2308 3700 2686 3767 exbortamur,
2724 3715 2821 3770 pro
2853 3710 3031 3756 vestra
3067 3702 3448 3757 exhortatione
3479 3711 3539 3757 et

1951 3792 2148 3846 salute.
2212 3811 2233 3845 ι
2278 3792 2413 3859 Quia
2455 3808 2551 3848 vos
2609 3794 2675 3847 ad
2705 3793 2935 3848 salutem
2991 3793 3320 3860 hortamur;
3361 3794 3445 3857 vel
3477 3802 3545 3849 uo

1952 3885 2102 3939 vobis
2128 3887 2437 3956 exemplum
2478 3886 2783 3943 tolerantiae
2815 3885 3179 3956 praebeamus.

2027 4012 2047 4047 ι
2086 3995 2215 4062 Quae
2259 4006 2520 4065 operatur
2579 3995 2932 4051 tolerantiam
2966 3996 3281 4051 earumdem
3313 3996 3535 4066 passiow

1950 4101 2079 4141 num
2146 4102 2284 4156 quas
2334 4096 2389 4143 et
2445 4102 2544 4141 nos
2572 4087 2845 4157 patimur:
2880 4095 2939 4141 ut
2986 4100 3113 4158 spes
3153 4095 3338 4141 nostra
3376 4086 3545 4145 ﬁrme

1951 4181 2023 4234 sit
2049 4194 2146 4248 pro
2171 4180 2344 4236 vobis.
2385 4198 2404 4232 ι
2432 4179 2493 4234 ιιι
2542 4187 2644 4244 est,
2695 4180 2819 4236 ideo
2860 4179 3183 4246 liberamur,
3214 4189 3270 4233 ut
3320 4179 3435 4249 ipsa
3479 4195 3539 4232 re

1951 4272 2349 4327 conﬁrmemini
2390 4287 2497 4328 non
2530 4273 2917 4342 pertimescere
2978 4272 3284 4339 passiones,
3335 4272 3421 4328 vel
3479 4279 3545 4327 ιιι

1950 4379 2049 4420 vos
2083 4367 2367 4421 hortentur
2400 4366 2675 4435 patienter
2703 4364 2848 4423 l'erre
2882 4365 2993 4431 illa,
3031 4380 3154 4436 qua:
3181 4366 3251 4421 ad
3294 4379 3550 4436 praestant

1954 4465 2062 4513 tem
2105 4458 2529 4514 consolationem
2560 4460 2833 4527 pertinent
2872 4469 2928 4512 et
2962 4459 3225 4513 loturam.

342 4510 365 4544 σ
401 4489 586 4547 Gratia
621 4491 778 4549 vobis
793 4500 849 4547 et
872 4507 975 4563 pax
1024 4506 1053 4545 a
1089 4490 1199 4545 Deo
1222 4491 1381 4547 Patre
1408 4501 1618 4556 nostro,
1661 4501 1715 4546 et
1749 4491 1851 4547 Do-

242 4586 418 4640 mino
443 4583 572 4641 Jesu
606 4584 847 4641 Christo.
891 4602 912 4636 ι
952 4583 1078 4639 Haec
1107 4595 1192 4639 est
1244 4584 1416 4639 solida
1447 4584 1728 4639 salutatio.
1757 4586 1855 4642 llic

236 4678 475 4748 gratias
501 4677 612 4745 agit
644 4675 773 4741 Deo,
813 4674 1058 4747 gaudens
1080 4689 1140 4730 se
1191 4675 1310 4731 ideo
1330 4675 1629 4741 consolari,
1659 4690 1717 4729 ιιι
1740 4675 1854 4745 ipse

236 4771 411 4823 alios
449 4767 787 4822 consoletur.

339 4876 363 4909 ι
406 4856 733 4913 Benedictus
762 4858 906 4914 Deus
942 4866 997 4913 et
1025 4855 1188 4915 Pater
1240 4858 1453 4916 Domini
1503 4864 1678 4919 nostri
1722 4862 1853 4921 Jesu

234 4948 496 5009 Christi,
529 4959 681 5018 pater
707 4946 1229 5005 misericordiarum.
1275 4968 1294 5003 ι
1329 4949 1465 5019 Quia
1498 4968 1565 5009 ex
1602 4954 1720 5024 ipso
1770 4966 1854 5012 est

233 5040 451 5099 omnis
490 5041 881 5096 misericordia.

358 5151 382 5185 α
420 5134 486 5188 Et
530 5132 671 5189 Deus
725 5135 890 5189 totius
928 5135 1316 5194 consolationis
1367 5154 1383 5192 :
1430 5138 1856 5209 qttieonsolatur

231 5241 397 5285 nos.
434 5242 454 5276 ι
492 5222 548 5279 Id
576 5234 683 5290 est,
713 5225 970 5295 perfectae
1018 5227 1425 5293 consolationis,
1467 5231 1594 5300 quia
1644 5239 1856 5286 nonest

234 5322 459 5378 minus
494 5316 841 5372 tribulatione
872 5317 1157 5374 solatium.

337 5429 365 5463 ι
406 5408 469 5465 In
521 5411 670 5464 omni
723 5410 1074 5468 tribulatione
1127 5420 1336 5471 nostra.
1381 5432 1401 5466 ι
1438 5412 1495 5472 id
1518 5424 1623 5484 est,
1657 5431 1764 5473 non
1797 5420 1855 5475 in

228 5502 566 5573 aliquibus,
600 5500 693 5555 sed
727 5502 780 5555 in
811 5502 1088 5558 omnibus.

331 5612 365 5649 ι
398 5592 473 5649 Ut
491 5592 783 5661 possimus,
816 5603 868 5648 et
900 5594 998 5663 ipsi
1037 5594 1308 5651 consolari
1343 5612 1439 5653 eos
1494 5599 1587 5669 qui
1622 5599 1674 5654 in
1702 5601 1851 5657 omni

227 5701 525 5765 pressura
556 5694 703 5755 sunt,
731 5702 827 5758 per
854 5690 1313 5754 exhortationem,
1349 5706 1456 5761 qua
1488 5693 1851 5748 exhortamur

222 5798 297 5846 ει
344 5781 457 5850 ipsi
486 5796 513 5832 a
546 5776 675 5834 Deo.
709 5797 729 5832 ι
792 5779 849 5835 ιιι
880 5791 984 5848 est,
1019 5790 1302 5853 propterea
1356 5782 1671 5851 liberantur,
1711 5794 1771 5841 ut
1796 5794 1849 5841 et

2030 4568 2050 4602 ο
2092 4548 2342 4605 Scientes
2386 4551 2641 4619 quoniam
2676 4550 2819 4606 sicut
2851 4551 2985 4605 socii
3033 4551 3346 4621 passionum
3377 4548 3548 4616 estis,

1952 4639 2031 4695 sic
2056 4642 2211 4697 eritis
2235 4649 2289 4696 et
2313 4640 2729 4698 consolationis.
2763 4660 2782 4694 ι
2810 4644 2870 4696 ιιι
2896 4650 3003 4706 est,
3025 4642 3140 4699 haec
3168 4650 3256 4699 est
3282 4658 3407 4713 spes
3432 4658 3547 4699 no-r

1953 4744 2064 4788 stra
2093 4732 2247 4788 lirnta
2286 4749 2384 4804 pro
2411 4733 2586 4789 vobis.

2031 4867 2050 4901 t
2094 4847 2207 4903 Non
2240 4850 2384 4905 enim
2453 4848 2702 4904 volumus
2759 4848 3013 4920 ignorare
3063 4865 3178 4916 vos,
3215 4850 3435 4913 fratres,
3469 4847 3555 4903 de‘

1957 4941 2304 4999 tribulatione
2328 4952 2543 5006 nostra,
2568 4956 2692 5012 qua:
2718 4940 2859 4998 laeta
2904 4953 2991 4999 est
3018 4944 3073 4998 ιιι
3103 4943 3254 4997 Asia.
3292 4960 3311 4993 ι
3340 4940 3541 4997 Narrat

1957 5048 2085 5088 suas
2120 5033 2426 5104 passiones,
2457 5042 2515 5089 ut
2550 5035 2625 5090 illi
2644 5050 2705 5091 se
2735 5035 2805 5090 ad
2837 5035 3048 5093 illarum
3076 5036 3553 5103 comparationem

1962 5142 2127 5197 parva
2170 5128 2279 5196 pati
2333 5137 2692 5196 cognoscant,
2724 5130 2960 5185 maxime
3004 5144 3127 5184 cum
3182 5127 3259 5183 illi
3292 5128 3416 5182 talia
3440 5142 3538 5196 pa-

1965 5216 2191 5281 tiantur,
2226 5217 2316 5285 qui
2341 5218 2460 5271 vice
2490 5216 2696 5275 Christi
2750 5219 2964 5275 fuerant
2990 5218 3271 5276 destinati.
3305 5217 3459 5273 Sicut
3490 5219 3537 5273 si

1961 5308 2084 5378 quis
2114 5308 2410 5379 discipulus
2443 5310 2625 5366 doleat
2665 5326 2829 5379 super
2864 5310 3060 5380 injuria
3111 5324 3207 5366 sua
3238 5325 3257 5366 :
3284 5325 3407 5365 cum
3436 5325 3543 5365 au-

1960 5400 2121 5454 dierit
2176 5404 2496 5475 magistrum
2549 5402 2754 5473 majora
2781 5417 3127 5473 perpessum,
3167 5403 3560 5461 consolatione

1959 5503 2203 5565 accepta,
2229 5496 2413 5551 dolere
2438 5496 2660 5552 desinit.

1887 5105 1932 5160 D

2035 5626 2055 5659 ε
2098 5609 2359 5676 Quoniam
2417 5626 2583 5680 super
2636 5613 2851 5667 modum
2893 5612 3103 5683 gravati
3160 5627 3347 5667 sumus
3377 5626 3555 5685 supra

1959 5698 2237 5756 virtutem.
2271 5719 2291 5755 ι
2325 5700 2501 5775 Supra
2545 5706 2797 5760 virtutem
2827 5708 3032 5775 gravati
3060 5704 3299 5779 pondere
3328 5706 3549 5778 passio.

1958 5805 2107 5846 Illllll.
