3956 6196
532 341 637 406 8ῖ⁶1
1487 349 1548 410 8.
1593 345 2038 408 IllERONYMl
2087 353 2094 397 ι

2147 344 2402 404 lEllUM
2445 342 2849 402 MANTISSA.
3403 417 3408 420 _
3509 406 3520 420 κ
3620 347 3709 413 8ὓὸ

591 473 608 503 ι
651 453 720 507 ita
755 464 811 508 ut
846 457 1064 509 taederet
1118 470 1216 508 nos
1247 455 1408 509 etiam
1440 455 1643 510 vivere.
1686 474 1704 507 ι
1748 455 1821 510 lta
1857 467 1914 511 ut
1957 457 2090 510 mori
2125 468 2166 520 Α
2196 456 2436 509 venirem
2476 455 2539 503 ad
2576 467 2691 514 vos,
2743 463 2796 506 et
2835 467 2863 504 a
2897 451 3047 505 vobis
3091 450 3278 504 deduci
3331 452 3378 504 iu
3439 453 3707 511 Iudaeam.»

514 548 659 599 omni
717 548 984 600 desiderio
1039 562 1388 613 cuperemus.
2199 550 2335 616 Quia
2386 549 2612 618 primam
2671 547 2724 599 in
2750 545 2921 613 primo
2977 541 3240 597 habuistis
3289 543 3645 602 adventntvel
3666 561 3711 603 ut

593 657 611 689 ι
655 639 756 692 Sed
838 639 936 707 ipsi
989 638 1040 690 iu
1066 637 1470 708 nobismetipsis
1527 656 1843 709 responsum
1901 640 2090 692 mortis
2200 643 2428 712 gratiam
2461 639 2760 696 secundam
2793 635 3098 707 praesentiae
3127 650 3256 690 mea:
3279 645 3392 705 post
3419 637 3606 695 litteras
3629 641 3710 695 ha-

518 729 827 792 ltabuimus,
886 739 942 780 ut
999 744 1102 781 non
1139 732 1306 785 simus
1356 734 1582 788 lideutcs
1625 734 1676 786 in
1709 731 1888 786 nobis.
1926 749 1943 782 ι
1980 731 2092 783 [loc
2203 735 2425 790 beretis.

514 824 676 878 estin
719 833 901 877 nostra
938 826 1217 892 prudentia
1250 830 1329 878 vel
1357 827 1588 883 cautela.
2271 849 2288 880 ι
2329 827 2460 881 Cum
2545 840 2674 894 ergo
2723 825 2828 879 hoc
2878 824 3162 878 voluissem
3216 840 3231 876 :
3287 825 3514 892 nunquid
3539 827 3713 883 levitate

593 933 609 964 ι
651 913 754 967 Sed
787 915 840 968 in
874 916 1003 980 Deo,
1031 918 1118 983 qui
1161 917 1386 971 suscitat
1417 930 1682 972 mortuos.
1729 937 1747 970 ›
1789 917 1906 987 ipsa
1945 932 2090 970 mors
2197 937 2325 974 usus
2355 920 2497 974 sum?
2526 918 2690 985 rQuia
2735 918 3057 987 promissum
3093 931 3197 969 non
3249 915 3562 984 impleverat,
3589 922 3718 976 ncle-

515 1006 696 1058 docuit
735 1022 834 1060 nos
869 1023 1029 1062 omne
1062 1008 1355 1061 humanum
1419 1009 1673 1063 auxilium
1705 1010 2008 1063 defecisse:
2037 1020 2091 1063 et
2202 1012 2387 1066 vitatis
2429 1020 2774 1064 accusaretur
2805 1024 2862 1062 se
2886 1018 3126 1063 excusat.

517 1103 582 1151 ab
615 1099 703 1152 illo
735 1100 850 1152 solo
884 1102 1205 1167 sperandum
1257 1116 1379 1153 esse
1439 1103 1760 1165 remedium,
1811 1102 1898 1155 cui
1929 1105 2090 1155 etiam
2273 1122 2292 1154 ‹
2338 1105 2442 1156 Aut
2505 1118 2623 1171 qua:
2654 1102 2851 1169 cogito,
2919 1101 3214 1154 secundum
3238 1114 3447 1154 carnem
3494 1103 3696 1171 cogito.»

519 1193 776 1261 possibile
811 1203 892 1246 est
929 1203 1169 1244 mortuos
1194 1196 1478 1246 suscitare.
2199 1191 2253 1246 Id
2277 1203 2380 1254 est,
2422 1192 2718 1246 secundum
2783 1191 3051 1243 carnalem
3115 1201 3438 1244 voluntatem
3473 1206 3488 1247 :
3536 1191 3709 1245 carnale

599 1303 618 1336 ‹
657 1282 757 1348 Qui
788 1284 850 1336 de
887 1285 1046 1337 tantis
1096 1286 1348 1352 periculis
1403 1301 1498 1338 nos
1530 1287 1728 1354 eripuit
1767 1295 1823 1339 et
1853 1288 2016 1348 eruit,
2041 1285 2094 1339 in
2197 1285 2339 1337 enim
2375 1293 2455 1336 est
2489 1282 2721 1351 aliquem
2757 1282 2899 1335 nulla
2927 1282 3128 1351 majore
3151 1297 3312 1337 causa
3342 1281 3608 1338 exsistente
3639 1298 3716 1336 non

516 1391 674 1446 quem
695 1377 1287 1443 speramuszquoniam
1321 1386 1372 1428 et
1401 1377 1572 1429 adhuc
1590 1377 1802 1444 eripiet.
1841 1395 1858 1426 ι
1895 1375 2010 1429 Scit
2040 1391 2097 1428 se
2202 1374 2378 1429 facere
2427 1390 2546 1444 quae
2590 1375 2859 1444 promisit.

515 1467 692 1521 adhuc
719 1467 883 1519 multa
931 1481 1242 1535 passurum,
1295 1469 1385 1534 qui
1441 1478 1623 1535 sperat
1652 1482 1710 1522 se
1751 1467 1930 1522 adhuc
1964 1467 2091 1521 libe-
2280 1486 2299 1518 ε
2338 1466 2418 1522 Ut
2450 1469 2520 1522 sit
2550 1468 2687 1536 apud
2714 1483 2798 1522 me
2837 1478 2942 1531 est,
2973 1479 3025 1521 et
3058 1482 3168 1520 non
3197 1467 3312 1522 est?
3345 1486 3362 1518 ι
3399 1467 3515 1521 Ideo
3546 1482 3629 1520 non
3655 1481 3720 1520 co-

519 1558 769 1610 randum.

2204 1560 2313 1628 gito
2345 1562 2642 1614 sec-intum
2703 1574 2945 1624 carnem,
2973 1568 3158 1614 utnon
3199 1561 3422 1614 mendax
3471 1559 3543 1614 vel
3567 1559 3717 1628 duplex

594 1668 612 1700 ι
653 1648 1048 1717 Adjuvantibus
1081 1648 1328 1701 ctvobis.
1374 1667 1391 1700 ι
1439 1647 1549 1703 Nisi
1604 1649 1851 1703 laborans
1885 1663 1990 1703 non
2022 1648 2098 1702 di-
2209 1652 2474 1706 inveniar.

517 1742 658 1796 citur
707 1742 900 1794 abalio
947 1741 1149 1808 juvari.
2282 1760 2300 1792 ι
2363 1741 2561 1794 Fidelis
2619 1749 2798 1794 autem
2885 1739 3046 1794 Deus.
3085 1758 3101 1790 ι
3163 1739 3239 1794 Ita
3269 1750 3460 1806 etnos,
3510 1754 3592 1810 per
3617 1753 3720 1810 quos

596 1851 614 1883 ι
650 1832 702 1885 In
737 1833 981 1885 oratione
999 1847 1094 1899 pro
1123 1832 1300 1885 nobis.
1335 1851 1352 1883 ι
1387 1832 1613 1885 Multum
1643 1832 1782 1887 valet
1809 1833 1984 1886 oratio
2017 1842 2096 1884 to-
2128 1820 2175 1878 Β
2205 1836 2320 1903 ipse
2354 1833 2630 1903 loquitur:
2663 1833 2790 1886 dum
2823 1847 2947 1887 eum
2979 1832 3280 1900 imitamur,
3315 1848 3414 1888 non
3447 1848 3613 1889 sumus
3632 1832 3722 1887 inli-

522 1924 627 1978 tius
686 1923 962 1988 Ecclesiae,
1026 1938 1147 1992 qua:
1205 1922 1424 1976 Petrum
1485 1924 1552 1978 de
1619 1938 1839 1978 carcere
1901 1923 2100 1977 libera-
2206 1924 2372 1977 deles.

519 2015 617 2068 vit.
2281 2033 2298 2066 (
2338 2013 2474 2082 Quia
2507 2027 2685 2067 sermo
2711 2021 2895 2068 noster
2930 2015 3023 2084 qui
3046 2013 3146 2068 iuit
3167 2017 3309 2086 apud
3333 2031 3441 2080 vos,
3467 2031 3561 2070 non
3587 2025 3654 2071 est
3681 2017 3719 2069 in

596 2123 614 2155 ι
658 2105 726 2159 Ut
762 2119 824 2158 ex
886 2104 1174 2158 multarum
1229 2104 1475 2171 personis
1505 2103 1763 2158 facierum
1795 2101 1932 2169 ejus,
1983 2118 2101 2170 qua:
2212 2108 2331 2173 illo,
2388 2116 2482 2162 est.
2500 2119 2553 2160 et
2598 2123 2702 2160 non
2749 2125 2763 2161 :
2799 2109 2890 2161 Sed
2916 2116 2998 2160 est
3023 2109 3074 2161 in
3103 2107 3213 2172 illo,
3239 2119 3342 2164 est.
3375 2127 3393 2160 ι
3440 2107 3577 2162 Nulla
3613 2109 3724 2161 ineo

519 2195 572 2248 in
606 2198 762 2249 nobis
804 2205 887 2248 est
919 2196 1247 2260 donationis,
1283 2211 1379 2265 per
1424 2194 1624 2250 multos
1654 2195 1839 2262 gratiae
1868 2204 2101 2263 agantur
2207 2198 2557 2269 ambiguitas,
2589 2214 2686 2252 nec
2713 2213 2812 2253 nos
2838 2199 2991 2253 vobis
3016 2214 3204 2255 sumus
3231 2201 3512 2270 aliquando
3542 2201 3723 2254 mentiti.

519 2303 614 2356 pro
667 2289 841 2342 nobis.
885 2306 904 2340 ι
966 2289 1022 2340 ld
1072 2298 1176 2352 est,
1204 2298 1261 2341 ut
1287 2302 1351 2341 ex
1381 2288 1676 2342 multorum
1719 2296 1985 2340 conventu
2010 2301 2104 2354 pro
2274 2310 2292 2343 ι
2329 2293 2420 2348 Dei
2448 2293 2590 2346 enim
2625 2291 2792 2346 Filius
2842 2291 3001 2349 Jesus
3056 2291 3337 2360 Christus,
3398 2293 3482 2364 qui
3510 2295 3556 2346 in
3609 2294 3728 2349 vobis

516 2396 582 2436 eo
612 2383 756 2452 quod
790 2381 940 2436 vobis
963 2382 1252 2445 donantur,
1284 2380 1508 2434 Domino
1541 2381 1725 2448 gratiae
1755 2379 2100 2434 referantur:
2207 2397 2303 2450 per
2355 2398 2454 2437 nos
2505 2383 2832 2450 praedicatus
2874 2395 2960 2439 est
2987 2400 3002 2438 :
3035 2401 3129 2454 per
3189 2400 3279 2439 me
3302 2395 3353 2441 et
3402 2385 3670 2457 Sylvanum,
3688 2398 3728 2438 et

519 2472 602 2525 vel
631 2472 755 2540 quia
790 2471 972 2524 multis
1002 2471 1189 2525 donati
1232 2485 1448 2536 sumus,
1476 2471 1660 2538 plures
1694 2480 2099 2535 convertentcs,
2207 2473 2573 2539 Timotheum,
2602 2489 2712 2529 non
2766 2474 2868 2530 fuit
2897 2475 2951 2530 in
2979 2477 3092 2538 illo,
3119 2485 3202 2532 est
3239 2487 3296 2532 et
3346 2469 3467 2543 non,
3495 2479 3578 2532 sed
3607 2480 3727 2532 estin

521 2571 621 2627 per
655 2573 752 2610 nos
785 2558 1013 2626 gratiam
1047 2567 1234 2625 agllnl-
2209 2568 2300 2621 illo
2330 2567 2452 2622 l‘uit.
2489 2587 2509 2620 ι
2546 2566 2727 2634 Quare
2754 2584 2877 2624 cum
2906 2569 3256 2639 promisisset
3283 2573 3357 2626 ire
3386 2587 3439 2625 se
3463 2569 3522 2625 ad
3572 2570 3730 2626 Centu-

597 2669 617 2699 ι
665 2647 797 2700 Nam
827 2648 998 2716 gloria
1034 2660 1219 2701 nostra
1253 2650 1364 2702 haec
1395 2659 1530 2701 est.»
1571 2648 1692 2703 l..leo
1723 2649 1776 2702 in
1816 2651 1945 2718 ipsis
1980 2666 2099 2716 pas-

2210 2660 2379 2716 ri0uis
2443 2675 2691 2730 puerum,
2743 2676 2849 2715 non
2882 2664 3142 2731 perrexit.
3201 2663 3309 2718 Sed
3339 2661 3727 2731 aﬂuitspirituali

524 2739 769 2793 siouibus
806 2740 1122 2806 gloriamur,
1157 2741 1409 2808 quoniam
1459 2743 1788 2796 conscientia
1871 2759 1975 2796 non
2013 2746 2110 2796 llll-
2209 2754 2399 2822 gratia,
2433 2754 2524 2822 qui
2553 2770 2658 2806 non
2691 2755 2846 2808 aﬂ'uit
2877 2756 3162 2822 prtesentia
3217 2756 3508 2823 corporali.
3535 2753 3626 2808 Sed
3647 2763 3729 2814 est.

523 2829 670 2881 nime
709 2827 1073 2894 reprehendit,
1111 2841 1177 2882 eo
1211 2833 1354 2898 quod
1411 2829 1599 2900 gloriae
1659 2831 1741 2885 Vel
1774 2831 1907 2887 lucri
1947 2851 2085 2902 caus:

2210 2845 2262 2898 in
2301 2845 2386 2898 illo
2416 2844 2512 2898 fuit
2541 2863 2556 2900 :
2582 2845 2632 2899 id
2682 2855 2784 2911 est,
2815 2847 3172 2902 immutabilis
3198 2851 3420 2914 veritas,
3456 2859 3508 2902 ut
3529 2848 3584 2902 ad
3607 2845 3725 2918 Μυῖα

522 2924 715 3010 docere
751 2921 1054 2974 videamur.
2210 2952 2305 2990 seu
2357 2938 2529 2992 dicit:
2583 2939 2688 3003 Qui
2723 2949 2822 3002 est,
2887 2939 3032 2992 misit
3082 2957 3160 2993 me
3203 2939 3343 3008 (Exo
3363 2943 3416 2993 d.
3445 2940 3733 3010 tu,li}.llle

600 3029 619 3060 ‹
685 3009 1080 3066 Testimonium
1134 3015 1484 3068 conscientiae
1545 3025 1766 3070 nostras.
1818 3035 1835 3067 ι
1890 3015 1943 3070 Μ
2000 3027 2102 3081 est,
2211 3029 2353 3083 enirn
2384 3044 2511 3083 vere
2539 3039 2642 3092 est,
2682 3031 2774 3099 qui
2817 3045 3034 3100 semper
3065 3031 3202 3086 idem
3235 3043 3341 3099 est,

521 3103 663 3157 beati
722 3105 922 3156 mundo
978 3105 1162 3166 corde,
1193 3107 1449 3172 quoniam
1477 3106 1581 3176 ipsi
1617 3107 1780 3161 Deum
1814 3110 2092 3162 videbunt.
2135 3167 2177 3192 η
2289 3141 2306 3174 ι
2341 3124 2613 3191 Quotquot
2636 3124 2778 3174 enim
2835 3125 3227 3192 promissiones
3287 3126 3374 3180 Dei
3407 3134 3544 3191 sum,
3577 3124 3624 3178 in
3661 3124 3731 3177 illo

603 3213 621 3246 ί
654 3195 803 3260 Quod
835 3199 885 3248 in
929 3195 1276 3264 simplicitate
1303 3198 1482 3252 cordis
1509 3209 1562 3252 et
1589 3200 1906 3256 sinceritate
1935 3201 2050 3255 Dei.
2080 3221 2098 3252 ι
2135 3167 2178 3228 c
2213 3226 2316 3271 εει,
2346 3167 2474 3271 rdeo
2501 3167 2554 3269 ζει
2582 3230 2675 3285 ρετ
2702 3167 2878 3284 ξρευῶ
2938 3216 3194 3282 dicimus,
3238 3233 3408 3272 ,amen
3437 3167 3553 3281 Deo:
3579 3217 3632 3268 aq
3653 3215 3737 3285 κιο.

517 3287 802 3355 Quomodo
855 3290 995 3342 Deus
1021 3291 1245 3358 simplex
1277 3303 1355 3344 est
1390 3301 1441 3344 et
1463 3291 1727 3346 sincerus.

2215 3310 2346 3362 riam
2432 3317 2695 3362 nostram.
2750 3325 2768 3359 ι
2821 3307 3012 3362 Omnis
3066 3312 3269 3364 veritas
3327 3309 3662 3379 promissionis
3695 3307 3735 3362 in

597 3397 615 3428 ε
656 3378 722 3432 Et
762 3393 866 3433 non
902 3381 954 3431 in
994 3382 1261 3447 sapientia
1284 3382 1524 3444 carnali.
1567 3384 1660 3436 sed
1703 3384 1754 3436 in
1785 3385 1958 3454 gratia
2016 3386 2107 3440 Dei

2212 3399 2430 3453 Christo
2479 3408 2582 3464 est,
2619 3415 2738 3469 qua:
2763 3415 2862 3468 per
2905 3415 3003 3454 nos
3025 3401 3091 3455 ad
3157 3401 3251 3457 Dei
3281 3378 3496 3473 gloriam
3526 3405 3737 3474 pradica-

517 3471 821 3526 conversati
848 3487 1037 3525 sumus
1070 3473 1122 3525 in
1157 3475 1257 3528 hoc
1280 3475 1503 3529 mundo.
1531 3494 1550 3526 ›
1582 3474 1696 3530 Hoc
1749 3494 1856 3531 non
1884 3480 2107 3534 subdole
2219 3501 2322 3544 ιιιιι,

518 3563 602 3616 vel
631 3571 808 3617 astute
829 3563 1120 3620 docentes:
1155 3577 1210 3619 ut
1241 3567 1507 3636 Sapientia
1538 3570 1790 3633 carnalis,
1819 3586 1938 3639 quae
1965 3588 2112 3625 mer-
2295 3603 2313 3633 ‹
2347 3582 2446 3649 Qui
2468 3592 2647 3636 autem
2669 3581 2958 3638 conﬁrmat
2995 3600 3092 3637 nos
3118 3585 3398 3642 vobiscum
3434 3587 3484 3640 in
3504 3584 3689 3641 Christo
3715 3599 3728 3632 ι

519 3658 648 3710 Cede
677 3655 1014 3750 dislra‘ltilur,
1043 3658 1136 3734 sed
1167 3669 1378 3726 gratis:
1409 3660 1548 3715 sicut
1580 3675 1608 3714 a
1640 3659 1749 3717 Deo
1778 3665 2106 3734 accepimus.
2217 3674 2399 3742 Gratia
2427 3686 2474 3731 et
2506 3676 2774 3731 doctrina.
2807 3675 2870 3730 Et
2912 3678 3036 3748 quia
3100 3679 3312 3734 dixerat
3332 3694 3424 3750 per
3477 3693 3582 3746 nos,
3622 3676 3740 3732 modo

521 3747 602 3802 vel
652 3747 740 3801 Dei
777 3747 946 3802 solius
976 3763 1137 3802 causa
1161 3751 1437 3805 docemus.

2218 3770 2456 3823 ostendit
2509 3768 2880 3823 Dentntoturn
2934 3747 3139 3837 facere,
3160 3774 3250 3842 qui
3291 3747 3347 3827 in
3389 3772 3465 3828 eis
3487 3773 3578 3828 ista
3603 3771 3739 3826 omnia

597 3854 616 3888 ε
677 3838 1054 3892 Abundantius
1112 3848 1294 3893 autem
1335 3843 1400 3895 ad
1452 3856 1548 3898 vos
1583 3879 1600 3896 .
1639 3862 1658 3894 ι
1695 3846 1738 3898 Α
1767 3846 1963 3914 quibus
1995 3862 2093 3903 nec
2217 3873 2466 3928 operatus
2535 3871 2640 3916 εει,

522 3929 746 4028 "mulli:
775 3931 862 4000 qui
891 3931 1188 4028 ἰξοῧίὲἆυτθ
1227 3933 1476 4000 debetur.
1527 3937 1852 4006 accepimus.
2291 3973 2309 4005 ι
2350 3954 2518 4024 thui
2599 3955 2756 4009 unxit
2807 3971 2902 4010 uos
2950 3956 3109 4015 Deus.
3151 3978 3168 4009 ι
3223 3960 3434 4028 Spiritu
3457 3968 3643 4022 sancto.
3677 3951 3740 4008 vel

595 4038 617 4072 ι
678 4021 796 4075 Non
829 4023 970 4076 enim
1001 4023 1103 4077 alia
1135 4027 1427 4079 scribimus
1455 4028 1627 4082 vobis.
1665 4048 1683 4079 ι
1721 4029 1838 4083 Non
1869 4031 2100 4085 confun-

1001 4023 1103 4077 alia
1135 4027 1427 4079 scribimus
1455 4028 1627 4082 vobis.
1665 4048 1683 4079 ι
1721 4029 1838 4083 Non
1869 4031 2100 4085 eonfun-
2221 4021 2537 4101 ειη-εειηάιθ,

519 4116 795 4217 do.~,lqiiia
827 4130 919 4170 vos
946 4119 1115 4217 nostis
1141 4128 1349 4217 certum
1387 4135 1506 4174 esse
1535 4122 1674 4189 quod
1703 4123 1850 4177 dico.
2289 4155 2306 4187 ς
2359 4137 2425 4190 Ει
2475 4139 2560 4206 qui
2625 4139 2856 4209 signavit
2906 4155 3020 4194 nos.
3060 4160 3076 4192 ι
3138 4142 3274 4196 Illud
3341 4145 3591 4217 signatur,
3633 4139 3743 4212 quod

597 4223 615 4256 ‹
657 4206 828 4270 Quam
858 4222 976 4272 quae
1011 4206 1218 4277 legistis
1252 4220 1304 4262 et
1339 4213 1691 4280 cognovistis.
1724 4231 1743 4264 ι
1769 4213 1823 4266 ld
1859 4223 1960 4278 est,
1991 4231 2108 4283 qua:

1867 4223 1960 4278 εει,
1991 4231 2108 4283 ‘lutc
2213 4227 2413 4295 aliquid
2463 4229 2786 4286 intrinsecus
2839 4234 3082 4286 continet
3111 4235 3429 4301 pretiosum.

520 4292 728 4390 legistis
758 4299 809 4348 iu
861 4297 1127 4371 Epistula,
1164 4303 1571 4370 eugnovislt’siu
1607 4305 1964 4359 conscientia.
2290 4292 2315 4370 «-
2352 4320 2501 4373 ῡριιῑι
2547 4323 2734 4390 pignus
2779 4323 3000 4390 spiritus
3058 4292 3122 4376 ἰη-
3153 4326 3414 4380 cordibus
3439 4326 3636 4380 ηοευ-ςσ,
3662 4340 3678 4374 υ
3701 4318 3743 4374 [d

601 4385 812 4458 «Spero
840 4393 1178 4460 autemquod
1217 4396 1454 4464 usquein
1482 4396 1638 4452 ﬁnem
1688 4399 2049 4468 cognoscetis.
2083 4417 2100 4450 ι
2215 4425 2320 4479 εει,
2393 4429 2491 4482 pro
2539 4415 2722 4474 al'l‘lta,
2773 4416 2994 4480 spiritus
3049 4418 3327 4485 gratiam;
3381 4420 3552 4474 omnis
3594 4426 3738 4470 aule‘n

521 4478 577 4532 Id
613 4489 732 4577 est,
792 4491 974 4536 certus
1020 4499 1138 4537 sum
1187 4501 1366 4539 meum
1431 4489 1770 4557 propositum
1836 4507 1943 4545 non
1995 4509 2113 4546 mu-
2146 4514 2190 4570 ο
2219 4508 2400 4568 anna,
2431 4521 2526 4574 pro
2566 4507 2943 4574 magnitudine
2993 4510 3153 4577 pretii
3190 4510 3306 4564 dari
3341 4512 3494 4567 solet.
3519 4508 3741 4576 Quantum

523 4573 648 4626 tari.
687 4664 736 4667 μ
2220 4613 2348 4666 ergo
2382 4573 2611 4666 pretium
2643 4573 2744 4662 est,
2771 4599 2925 4667 cujus
2949 4573 3091 4653 tanta
3120 4612 3204 4656 est
3229 4605 3414 4658 arrha.

597 4681 617 4714 ‘
683 4664 834 4759 δίίξυί
865 4675 918 4719 ει
949 4670 1284 4735 ουῧηονίδῑῖδ
1321 4686 1418 4724 “05
1460 4687 1523 4759 (ξι
1551 4681 1721 4741 Ρδνίθ·
1764 4692 1780 4723 ³
1819 4674 1954 4739 Ωυῖυ
1985 4692 2116 4729 ιιοη·
2293 4687 2432 4759 cEgo
2457 4700 2633 4742 autem
2667 4701 2853 4746 testem
2889 4693 3054 4748 Deum
3081 4696 3291 4750 invoco.
3329 4697 3546 4752 «Reddit
3569 4701 3742 4748 causam

521 4756 648 4811 dum
685 4758 804 4813 linis
837 4769 963 4813 est:
1024 4777 1146 4815 cum
1211 4775 1390 4816 autent
1437 4755 1668 4830 venerit,
1691 4783 1754 4820 ex
1787 4768 1999 4836 integro
2021 4784 2113 4823 co-
2216 4797 2322 4834 non
2370 4755 2576 4851 impleti
2635 4787 2926 4852 promissi;
2977 4788 3080 4842 hoc
3118 4805 3226 4842 non
3271 4806 3385 4845 sua:
3449 4779 3743 4850 levitati.$°d

519 4863 812 4922 gnoscetis.

2216 4873 2432 4928 illorutu
2464 4877 2772 4930 inﬁrmitati
2806 4878 2999 4932 asserit
3029 4881 3414 4948 deputandum.

597 4961 616 4993 ι
655 4943 790 5008 Quia
823 4944 993 5014 gloria
1026 4955 1198 4999 vestra
1223 4963 1430 5015 smnus,
1462 4948 1601 5003 sicut
1630 4960 1685 5004 et
1715 4966 1807 5006 vos
1838 4961 2043 5006 nostra.
2075 4971 2096 5004 ι
2288 4986 2306 5018 ς
2345 4967 2399 5021 ιη
2431 4970 2668 5021 animam
2696 4985 2890 5023 meum.
2936 4990 2954 5022 ,
2997 4943 3164 5040 Gul-us
3195 4985 3406 5029 secreta
3428 4971 3570 5028 δοιυε
3614 4978 3744 5037 agno.

519 5033 610 5088 Sic
659 5036 952 5104 gloriantur
992 5039 1239 5107 discipuli
1295 5041 1362 5094 de
1393 5041 1533 5096 bono
1563 5045 1807 5109 doctore,
1840 5048 2110 5112 quomodo
2211 5059 2335 5112 scit.

522 5138 575 5178 ct
607 5128 866 5194 magister
893 5128 946 5180 in
979 5131 1132 5184 bunis
1168 5132 1444 5200 discipulis
1512 5134 1796 5203 gloriatur.
2288 5165 2306 5197 ι
2333 5145 2482 5212 Quod
2503 5162 2727 5216 parcens
2750 5149 2926 5210 vobis,
2949 5165 3054 5205 non
3077 5152 3196 5206 veni
3219 5153 3357 5210 ultra
3392 5153 3740 5211 Corinthum.»

598 5237 616 5270 ι
674 5219 730 5272 In
765 5220 851 5274 die
891 5220 1103 5275 Domini
1141 5226 1307 5276 nostri
1355 5222 1481 5278 Jesu
1507 5224 1732 5281 Christi.
1795 5246 1813 5279 ι
1879 5226 2107 5293 Quando
2208 5235 2287 5292 Ne
2360 5241 2408 5290 in
2437 5239 2590 5292 vobis
2616 5240 2796 5294 acrius
2827 5240 3179 5298 vindicarem.

515 5320 571 5366 et
605 5312 714 5402 veri
759 5313 1000 5382 magistri
1034 5325 1086 5368 et
1115 5313 1238 5368 boni
1281 5316 1527 5386 discipuli
1566 5321 1960 5387 probabuntur.
2285 5348 2304 5380 ‹
2342 5327 2457 5382 Νοιι
2491 5330 2616 5398 quia
2651 5334 2995 5386 dominamur
3027 5332 3155 5388 ﬁdei
3187 5345 3400 5402 vestrae,
3429 5339 3522 5393 sed
3578 5332 3748 5402 adjuto-

599 5419 616 5452 ι
657 5400 722 5454 Et
761 5402 860 5456 hac
885 5406 1212 5460 continentia
1254 5409 1398 5462 volui
1435 5411 1586 5478 prius
1616 5413 1809 5464 venire
1836 5413 1899 5462 ad
1932 5425 2045 5464 vos.
2077 5427 2096 5460 ο
2207 5436 2293 5474 res
2323 5436 2515 5474 sumus
2545 5423 2724 5489 gaudii
2765 5425 2948 5479 νεειτί,
2985 5443 3005 5476 ,
3039 5425 3155 5480 Non
3189 5429 3329 5497 quod
3387 5400 3506 5486 meo
3547 5400 3746 5483 “ea...

515 5489 571 5544 ld
602 5504 706 5558 est,
735 5494 877 5563 quod
916 5495 1047 5550 nihil
1074 5498 1216 5552 aliud
1256 5511 1487 5554 vestrum
1509 5503 1732 5570 quaesivi
1763 5517 1925 5572 quam
1952 5502 2077 5556 salu

2206 5511 2346 5578 ritis,
2370 5523 2424 5566 ut
2457 5516 2611 5568 vobis
2643 5497 3004 5586 dominemur,
3044 5521 3187 5576 sicut
3225 5523 3278 5578 in
3314 5524 3430 5595 lege
3449 5521 3740 5580 sacerdotes.

517 5593 688 5680 lem.“
2204 5616 2256 5658 et
2282 5607 2399 5659 ideo
2433 5623 2525 5662 vos
2553 5619 2822 5665 terretnus
2858 5613 2988 5668 :sed
3015 5617 3195 5670 omnia
3220 5618 3284 5670 ad
3316 5593 3542 5672 vestram
3562 5613 3748 5680 facimus

592 5696 611 5729 ⁶
644 5677 713 5777 Ψ
752 5681 1043 5777 εθθυηξῘ-Ἧη
1082 5682 1325 5751 ἐταιῑαιιι
1393 5685 1687 5755 haberetis.
1750 5697 1803 5745 et
1860 5705 1956 5760 per
2005 5708 2100 5747 vos
2203 5700 2658 5764 emendationem,
2695 5712 2751 5753 ut
2785 5703 2872 5757 hic
2910 5703 2962 5756 in
3000 5707 3351 5775 conscientia,
3383 5719 3432 5762 et
3462 5708 3510 5762 in
3530 5677 3746 5777 perpetua

517 5769 801 5824 transirem
839 5773 891 5825 iu
919 5771 1310 5845 Macedoniam,
1362 5788 1414 5834 et
1459 5780 1652 5836 iterum
1704 5797 1732 5838 a
1781 5783 2094 5842 Macedonia
2200 5791 2502 5860 gantlcutii,
2529 5809 2593 5846 nc
2627 5794 2737 5862 ipsa
2773 5795 3025 5852 libertate
3069 5799 3150 5854 usi
3175 5769 3384 5856 fueritis
3423 5800 3478 5855 in
3504 5769 3654 5870 pejus-
