3954 6194
252 364 347 426 809

1213 358 1619 423 EXPOSII‘IO
1662 358 1741 419 1N
1784 350 2000 421 EPI~T
2066 360 2124 419 ll
2161 358 2259 420 AD
2297 348 2467 421 c‘on.

3368 359 3475 426 Sltl

319 498 336 532 t
358 478 489 533 Nam
520 478 626 533 fide
655 478 836 534 statis.
876 498 895 531 ι
935 470 1085 544 Fide,
1118 493 1221 534 non
1277 480 1415 549 lege,
1447 479 1499 533 id
1546 464 1648 542 est,
1679 474 1794 532 cre-
1821 482 1867 538 Α
1895 496 2027 546 quas
2077 494 2383 548 quacunque
2417 478 2501 532 die
2541 478 2698 545 fuerit
2722 490 3017 544 conversus,
3051 494 3151 533 non
3208 497 3469 534 memora-

248 573 404 651 dendo
418 571 637 628 Christo
656 581 804 627 stare
822 572 1086 642 cmpistis.

853 726 1079 784 CAPUT
1112 726 1175 782 ll.

318 843 729 903 tStatuiautem
763 844 867 898 hoc
896 844 1070 910 ipsum
1094 839 1233 909 apud
1267 854 1377 903 me,
1423 852 1491 896 ne
1525 836 1720 896 ilerum
1747 841 1799 895 iit

246 940 506 997 tristitiam
541 936 786 991 venirem
817 935 883 988 ad
912 949 1031 988 vos.
1064 951 1083 985 ι
1117 931 1380 1001 Cogitavi,
1414 933 1496 988 vel
1534 932 1799 1003 dispasui,

244 1049 310 1088 ne
328 1034 374 1087 in
405 1029 622 1085 tristitia
648 1027 887 1083 secundo
921 1027 1184 1081 venirem.
1223 1024 1329 1091 Qui
1384 1039 1506 1079 cum
1568 1027 1799 1093 primum

242 1122 564 1187 credidistis,
589 1117 733 1190 apud
764 1132 860 1174 vos
889 1118 942 1171 in
972 1117 1169 1187 gaudio
1211 1115 1309 1171 fui.

316 1233 402 1288 «εἰ
432 1233 575 1288 enim
607 1246 707 1299 ego
736 1230 998 1295 contristo
1018 1245 1134 1295 vos,
1160 1241 1213 1285 et
1242 1232 1365 1301 quis
1382 1240 1466 1286 est
1487 1234 1577 1301 qui
1605 1210 1687 1288 uie
1708 1234 1801 1288 la»

240 1325 438 1382 tificet?
481 1344 501 1377 ι
532 1324 826 1394 Propterea
858 1324 911 1378 id
950 1322 1114 1391 facio,
1143 1331 1200 1378 ut
1226 1324 1426 1393 possim
1458 1328 1696 1395 gaudere
1733 1328 1799 1381 de

239 1416 406 1472 vobis.

314 1550 331 1583 ι
361 1529 474 1585 Nisi
505 1529 596 1597 qui
623 1528 977 1584 contristatur
1004 1541 1071 1582 ex
1112 1542 1220 1583 me.
1256 1546 1275 1580 ο
1309 1528 1408 1593 Qui
1467 1528 1615 1583 enim
1670 1538 1800 1582 cou-

237 1626 497 1685 tristatur,
531 1621 870 1691 intelligitse
916 1633 1226 1687 peccasse:
1285 1622 1425 1676 sicut
1475 1635 1643 1692 a-ger,
1706 1620 1797 1687 qui

233 1713 465 1767 dolorem
519 1711 702 1774 sentit,
745 1717 922 1780 potest
956 1708 1239 1779 percipere
1283 1713 1592 1776 sanitatem,
1627 1719 1681 1764 ct
1731 1711 1798 1763 ad

235 1801 417 1855 medici
446 1801 692 1856 laetitiam
726 1800 1022 1867 pertinere.
1834 1814 1877 1869 Β

307 1912 324 1945 ι
351 1893 413 1948 Et
438 1893 547 1948 ltoc
576 1894 752 1962 ipsum
783 1891 977 1961 scripsi
1040 1891 1216 1947 vobis.
1252 1908 1272 1941 ι
1309 1888 1466 1943 Modo
1502 1878 1645 1943 enim
1679 1890 1800 1945 ideo

230 1986 421 2051 scribo,
454 1984 539 2039 vel
580 1993 704 2038 ante
742 1984 962 2051 scripsi,
997 1991 1054 2037 ut
1106 1981 1303 2037 litteris
1338 1982 1613 2037 emendati
1664 1992 1825 2050 prae-‘

231 2086 437 2131 sontem
474 2090 560 2130 nte
586 2074 824 2141 gaudere
860 2073 1096 2128 faciatis.

309 2186 326 2219 ι
354 2166 420 2222 Ut
452 2182 557 2220 non
599 2182 720 2219 cum
759 2180 956 2221 venero
1004 2162 1279 2219 tristitiam
1326 2179 1491 2234 super
1531 2163 1805 2217 tristitiam

234 2260 481 2316 habeam.
525 2277 544 2311 ι
581 2256 883 2315 Tristitiarn
936 2257 1134 2321 habeo,
1170 2255 1295 2326 quia
1333 2254 1602 2323 peccastis
1640 2272 1654 2319 ;
1687 2267 1809 2323 qua:

233 2353 398 2424 magis
425 2354 725 2424 augebitur,
759 2351 805 2406 si
838 2365 934 2406 vos
964 2366 1072 2405 non
1110 2349 1348 2420 perfecte
1382 2346 1572 2402 videro
1618 2361 1809 2400 einen-

232 2449 408 2504 desse.

309 2578 327 2610 ι
353 2559 427 2614 De
458 2534 657 2629 quibus
720 2566 1039 2627 oportuerat
1070 2572 1154 2611 me
1180 2554 1436 2627 gaudere.
1467 2575 1485 2607 ι
1519 2556 1592 2609 De
1611 2544 1810 2625 quibus

230 2668 441 2721 semper
469 2651 703 2720 gaudere
728 2651 1043 2714 debueram,-
1073 2651 1152 2703 vel
1181 2651 1249 2703 de
1269 2648 1655 2703 emendatione
1687 2662 1811 2719 gra-

240 2745 347 2799 ulla
357 2746 423 2799 ri.

310 2858 646 2915 «Conﬁdens
674 2858 729 2912 in
770 2857 1019 2912 omnibus
1059 2856 1229 2921 Voltis,
1258 2856 1384 2927 quia
1435 2870 1612 2910 meum
1677 2869 1807 2921 gau-

226 2954 378 3005 dium
404 2952 647 3006 omnium
678 2960 922 3005 vestrum
960 2960 1064 3002 est.
1097 2947 1232 3001 Νιηι
1266 2964 1331 3003 ex
1364 2949 1533 3002 multa
1574 2946 1809 3001 tribula-

228 3052 377 3100 tidne
397 3053 451 3098 et
484 3043 733 3112 angustia
759 3042 960 3096 cordis.
996 3060 1015 3092 ι
1054 3041 1108 3094 ld
1149 3053 1253 3105 est,
1287 3040 1503 3094 coolido
1532 3053 1630 3094 vos
1655 3038 1814 3092 intel-

1907 569 2102 622 buntur
2121 582 2334 639 peccata
2359 571 2476 638 ejus
2518 568 2681 641 (Ibid.
2719 569 2805 634 l2,
2840 569 2948 639 16).

1982 681 2003 713 ι
2039 662 2121 715 Ne
2144 661 2283 715 forte
2309 660 2689 715 abundantiori
2722 662 3354 727 tristitia.absorbeatttr,
3384 664 3476 733 qui

1905 747 2173 816 ejusmodi
2203 760 2308 805 est.
2350 768 2367 800 ι
2397 746 2473 802 Ne
2511 748 2650 803 forte
2684 764 2781 819 per
2821 748 3257 816 desperationem
3298 753 3477 807 indul-

1906 843 2105 910 gentia:
2134 822 2721 911 alisot°beatttrgurgite
2754 840 3033 905 vitiorum,
3084 851 3139 896 et
3183 858 3212 895 a
3263 843 3478 897 diabolo

1906 945 2214 997 persuasus,
2232 931 2296 983 ad
2323 928 2655 984 inﬁdelitatis
2677 932 2731 984 et
2756 930 3104 999 blasphemiae
3125 933 3326 1002 majora
3346 950 3471 1001 prae

1905 1022 2089 1092 cipitia
2132 1023 2450 1092 deducatur.

1980 1132 2000 1164 ‹
2038 1111 2268 1183 Propter
2298 1115 2440 1185 quod
2463 1104 2691 1169 obsecro
2734 1131 2851 1185 vos,
2886 1126 2942 1171 ut
2965 1105 3297 1172 eoniirmetis
3330 1119 3381 1171 in
3420 1103 3480 1170 il-

1903 1202 2011 1258 lum
2044 1205 2384 1260 cbaritatein.
2421 1225 2438 1257 ι
2478 1210 2593 1272 Qua
2626 1206 2865 1277 perfecte
2914 1221 3269 1278 recoignoscat
3290 1224 3350 1265 se
3392 1227 3482 1262 ve-

1904 1298 2046 1351 niatn
2066 1308 2435 1353 consecutum.

1982 1408 2001 1442 (
2034 1384 2160 1444 ideo
2195 1389 2344 1445 enim
2377 1400 2429 1444 et
2459 1389 2651 1459 scripsi
2684 1388 2861 1456 vobis,
2890 1399 2948 1445 ut
2971 1394 3294 1462 cognoscam
3318 1408 3485 1460 expe-

1904 1482 2194 1536 rintcntum
2221 1490 2462 1535 vestrum
2479 1496 2547 1534 an
2583 1483 2635 1536 in
2662 1482 2916 1537 omnibus
2944 1484 3263 1537 obedientes
3278 1484 3421 1538 sitis.
3456 1504 3476 1536 ι

1906 1570 1976 1626 Ut
2005 1573 2218 1628 videam
2254 1571 2298 1627 si
2332 1572 2605 1643 quomodo
2655 1559 2964 1628 obatttiistis
3020 1575 3075 1627 in
3130 1575 3481 1637 vindicando,

1902 1665 1976 1719 ita
2011 1666 2320 1720 obaudiatis
2361 1667 2411 1721 iu
2443 1665 2797 1734 indulgendo.
2856 1660 3180 1719 Obedientia
3212 1667 3355 1720 enim
3394 1669 3484 1721 illa

1903 1768 2029 1808 vera
2055 1764 2111 1808 et
2133 1753 2371 1821 perfecta
2406 1765 2515 1815 est,
2550 1769 2672 1824 qua:
2704 1754 2754 1808 in
2788 1752 2937 1809 nullo
2966 1754 3285 1809 contemnit.

1982 1861 2003 1895 ε
2036 1842 2135 1897 Cui
2168 1853 2349 1897 autem
2386 1843 2587 1912 aliquid
2618 1842 2854 1908 donatis,
2881 1853 2937 1898 et
2988 1856 3107 1912 ego.
3148 1862 3167 1894 ι
3203 1841 3358 1899 Sicut
3396 1862 3489 1898 vo-

1908 1935 2117 1989 biscum
2158 1934 2462 1999 vindicavi,
2529 1935 2604 1989 ita
2636 1945 2690 1989 et
2721 1940 2865 1988 dono
2894 1935 3202 1990 vobiscum.

1987 2047 2006 2080 ι
2040 2026 2175 2083 Nam
2210 2037 2265 2081 et
2298 2027 2589 2097 ego‘quod
2626 2027 2848 2081 donavi.
2887 2044 2905 2078 ο
2945 2024 3063 2080 Νοη
3102 2027 3157 2081 in
3191 2043 3309 2081 mea
3361 2028 3487 2097 per-

1908 2136 2064 2197 sena,
2094 2120 2189 2176 sed
2214 2120 2268 2173 in
2301 2116 2530 2183 Clitisti,
2560 2119 2655 2188 qui
2707 2117 2841 2172 dixit
2872 2136 2886 2172 :
2919 2116 3262 2187 Quaecunque
3313 2118 3488 2173 solve-

1910 2213 2028 2266 rltis
2071 2213 2129 2265 iit
2165 2220 2328 2276 terra,
2358 2216 2510 2264 erum
2537 2218 2586 2263 el
2617 2210 2671 2264 in
2698 2207 2825 2263 c0210
2851 2206 3027 2263 soluta
3063 2207 3285 2277 (Matth.
3324 2226 3483 2273 aviti,

1914 2304 2023 2371 l8).

1986 2415 2005 2447 ι
2048 2394 2104 2450 Si
2138 2395 2268 2464 quid
2298 2392 2517 2458 donavi,
2549 2396 2776 2464 propter
2828 2393 3004 2449 vos!»
3037 2393 3116 2448 Ne
3149 2404 3244 2449 vos
3291 2409 3487 2465 grave-

1915 2488 2069 2554 mini,
2103 2488 2187 2541 vel
2213 2486 2644 2541 contristentini.

1990 2580 2099 2635 tln
2157 2594 2394 2650 persona
2479 2576 2768 2635 Cbristi.i
2833 2574 2971 2646 Quia
3033 2580 3149 2635 vice
3210 2579 3493 2652 fungimur

1913 2670 2143 2726 Christi.
2913 2692 2919 2697 -

1945 2795 1952 2802 -
1989 2781 2009 2814 ι
2046 2759 2114 2816 Ut
2146 2776 2249 2815 non
2291 2760 2791 2816 circumveniamur
2831 2751 2869 2814 ‘a
2917 2758 3142 2817 Sataua.
3197 2760 3315 2816 Non
3342 2763 3490 2816 enim

1915 2853 2231 2923 ignoramus
2255 2852 2611 2922 cogitationes
2636 2851 2778 2921 ejus.
2818 2871 2838 2904 ι
2877 2852 2986 2908 Nec
3005 2854 3149 2907 enini
3178 2852 3299 2922 ejus
3327 2854 3456 2922 igno
3474 2883 3489 2894 -

1918 2959 2105 3000 ramus
2158 2946 2447 2999 versutias.
2496 2943 2643 2998 Idem
2681 2944 2932 2997 similiter
2980 2946 3338 2997 circumvenit
3397 2960 3496 3013 per

1920 3035 2141 3089 nimiam
2182 3034 2439 3087 duritiam
2480 3038 2820 3104 peccatores,
2853 3042 2912 3087 ut
2944 3032 3167 3103 pereant
3195 3033 3494 3104 desperau~

227 3138 417 3206 ligere,
440 3135 567 3204 quia
599 3148 728 3188 tunc
747 3134 817 3189 sit
848 3148 1034 3187 verum
1068 3134 1327 3203 gaudium
1359 3145 1596 3187 vestrum
1641 3132 1685 3187 si
1713 3146 1813 3201 ego
1840 3157 1882 3214 ο
1916 3130 1986 3181 do
2014 3145 2029 3182 :
2058 3129 2333 3197 quomodo
2356 3130 2524 3182 nimia
2554 3127 2877 3182 remissione
2899 3129 3119 3182 minime
3140 3129 3488 3199 corrigendo.

227 3229 517 3299 gaudeam.
542 3225 670 3281 Sive
693 3224 909 3281 conﬁdo
932 3225 1076 3294 quod
1114 3239 1202 3279 me
1249 3224 1429 3279 taliter
1464 3222 1724 3292 diligatis,
1756 3234 1814 3276 ut

226 3333 413 3374 meum
443 3320 697 3388 gaudium
733 3325 971 3391 vestrum
1008 3330 1131 3371 esse
1176 3316 1389 3371 dicatis.

310 3427 329 3462 ι
365 3408 572 3476 Scripsi
597 3408 748 3462 vobis
798 3410 892 3474 per
952 3406 1150 3462 multas
1206 3407 1495 3475 lacrymas.
1532 3422 1550 3454 ι
1580 3402 1815 3457 Primam

224 3501 555 3569 Epistulam,
579 3514 684 3570 qua
716 3514 811 3553 vos
834 3498 1074 3569 corripui
1106 3515 1122 3563 ;
1153 3507 1206 3553 et
1232 3498 1360 3551 hinc
1387 3495 1813 3564 intelligendum,

222 3608 397 3665 quant
425 3591 587 3646 fuerit
620 3593 686 3646 de
712 3592 954 3646 omnium
981 3590 1156 3646 salute
1179 3589 1463 3645 sollicitus.

308 3703 328 3735 ι
364 3683 486 3738 Non
519 3692 579 3738 ut
604 3681 1028 3748 contristemini,
1058 3682 1154 3736 sed
1179 3689 1236 3735 ut
1259 3680 1449 3736 sciatis
1478 3694 1640 3749 quam
1685 3678 1818 3732 clta-

226 3779 452 3832 ritatem
487 3775 737 3830 habeam.
768 3792 788 3825 »
830 3772 950 3829 Non
979 3773 1102 3828 ideo
1126 3786 1515 3837 commemoro,
1542 3782 1602 3824 ut
1628 3772 1817 3825 iterum

223 3869 660 3937 contristemiui,
693 3868 788 3926 sed
821 3878 879 3924 ut
912 3868 1215 3924 sciatls'me
1250 3870 1435 3923 omnia
1474 3868 1527 3922 in
1556 3866 1821 3921 cltaritate

223 3964 463 4023 fecisse.

314 4072 337 4109 ι
360 4052 742 4109 Abundantius
777 4053 832 4107 in
861 4052 1038 4108 vobis.
1070 4070 1088 4103 ι
1124 4051 1200 4105 Ex
1251 4050 1446 4120 majori
1497 4047 1824 4105 sollicitudi-

222 4164 325 4216 ne,
367 4148 816 4204 abundantiorem
843 4146 1157 4215 cognoscite
1190 4143 1537 4199 charitatcm.

308 4261 330 4295 s
371 4240 433 4296 Si
458 4240 581 4309 quis
613 4246 792 4293 autem
826 4239 1170 4292 contristavit
1199 4252 1307 4302 me,
1346 4254 1449 4308 qun
1502 4253 1589 4293 me
1618 4239 1827 4293 contri-

220 4338 426 4394 stavit.
457 4354 478 4387 s
507 4334 641 4402 Quia
683 4350 778 4403 per
806 4335 948 4389 illius
998 4343 1281 4403 peccatum
1315 4347 1408 4386 vos
1433 4334 1596 4387 etiam
1630 4350 1821 4387 corre-

218 4427 335 4498 pti,
358 4426 600 4495 amplius
620 4421 949 4494 profecistis.
984 4420 1132 4487 Sive,
1149 4423 1239 4493 qui
1260 4437 1344 4478 me
1368 4423 1695 4487 emendavit,
1714 4438 1823 4476 non

218 4532 321 4574 me
359 4518 579 4588 penitus
616 4516 981 4572 contristavit.

312 4629 337 4665 s
371 4609 486 4664 Sed
508 4623 576 4663 ex
607 4616 781 4677 parte.
821 4624 841 4659 ι
874 4604 934 4660 ld
963 4612 1068 4671 est,
1103 4619 1168 4660 ex
1203 4619 1266 4660 ea
1313 4603 1488 4659 solum
1521 4614 1695 4673 parte,
1721 4621 1827 4674 qua

218 4701 435 4759 nocuit
461 4697 568 4754 sibi
605 4698 773 4754 :dunt
815 4695 892 4749 illi
917 4709 1141 4750 necesse
1172 4702 1257 4748 est
1289 4696 1574 4764 poenitere.

310 4813 331 4844 ι
361 4789 440 4845 Ut
461 4804 568 4844 non
596 4801 814 4843 onerent
867 4798 1061 4839 omnes
1121 4798 1239 4839 vos.
1279 4803 1299 4836 ι
1332 4781 1458 4838 Ideo
1494 4785 1674 4839 scribo
1705 4801 1827 4839 eum

218 4882 439 4950 recipi,
483 4891 542 4935 ut
563 4894 669 4934 non
702 4878 1024 4944 oneremini,
1054 4876 1101 4932 si
1139 4891 1236 4945 per
1291 4887 1528 4932 veStram
1569 4876 1827 4932 duritiam

214 4973 622 5047 desperaverit
645 4973 713 5026 de
740 4971 942 5026 salute.

308 5088 332 5123 s
374 5065 588 5123 Sufﬁcit
614 5065 719 5128 illi,
754 5063 846 5134 qui
873 5062 1140 5132 ejusmodi
1190 5070 1297 5127 est,
1359 5061 1668 5132 objurgatio
1717 5064 1831 5118 haec

210 5176 361 5234 qua
386 5159 451 5214 fit
475 5174 506 5213 a
542 5157 810 5229 pluribus.
840 5174 860 5207 ι
892 5152 1010 5209 Non
1057 5156 1125 5210 de
1176 5153 1270 5208 iilo
1323 5154 1496 5208 solum
1551 5153 1707 5218 dicit,
1740 5157 1830 5223 qui

212 5264 540 5326 paternum
577 5249 773 5321 polluit
808 5248 1049 5312 thorum,
1083 5249 1180 5302 sed
1237 5246 1303 5301 de
1336 5247 1481 5300 omni
1541 5257 1831 5317 peccante:

211 5361 366 5401 nam
421 5343 621 5400 multos
655 5341 764 5398 illic
793 5352 1055 5413 peccasse
1124 5336 1367 5407 Epistula
1403 5336 1573 5407 prima
1604 5339 1831 5395 demon-

206 5446 413 5491 ιιι-δι.

307 5546 329 5580 s
370 5528 455 5580 Ita
481 5535 541 5580 ut
571 5524 879 5580 econtrario
915 5521 1086 5590 magis
1115 5521 1348 5578 donetis.
1378 5540 1398 5573 ι
1433 5518 1507 5576 Ut
1534 5529 1722 5576 contra
1742 5520 1837 5576 ob.

200 5620 617 5693 jurgationem
658 5618 876 5673 tlouetis
920 5617 1158 5672 veniam.

305 5732 327 5764 ι
368 5710 444 5766 Et
488 5709 873 5767 consulamini.
918 5727 939 5763 ι
976 5707 1168 5765 Verbis
1220 5708 1497 5779 propheta:
1551 5707 1780 5763 dicentis
1819 5725 1833 5761 :

204 5803 385 5860 Nolo
418 5812 637 5857 mortem
661 5803 947 5870 peccatoris
982 5801 1197 5871 (Ezeclt.
1229 5814 1420 5868 sum,
1460 5799 1572 5865 ll).
1610 5798 1695 5867 Et,
1725 5799 1840 5856 Ini-

545 5898 813 5957 ΡΑτεωι..
858 5897 1049 5958 XXX.

1919 3222 2076 3278 Unde
2116 3220 2373 3275 Salutnon
2409 3221 2528 3277 ait;
2568 3218 2691 3274 Non
2717 3219 2941 3274 declines
3000 3221 3054 3274 in
3087 3220 3355 3274 dexteram
3403 3236 3496 3274 ne-

1916 3333 2014 3383 que
2058 3316 2337 3369 sinistram
2395 3312 2588 3383 (Prov.
2621 3330 2697 3378 tv,
2746 3314 2865 3379 27).
2901 3313 3163 3382 Quamvis
3207 3331 3338 3386 ergo
3383 3325 3494 3369 tota

1922 3400 2156 3476 Epistula
2193 3419 2389 3463 contra
2420 3406 2687 3461 Novatum
2717 3407 2811 3472 sit,
2848 3418 3024 3462 tamen
3060 3407 3149 3463 hic
3202 3409 3497 3463 evidentis-

1919 3502 2056 3556 sime
2106 3500 2415 3555 ostenditur
2442 3515 2471 3554 a
2502 3498 2721 3554 diabolo
2777 3500 3183 3559 circumventos
3223 3502 3497 3571 pteniteno

1921 3595 2049 3646 tiam
2082 3594 2352 3661 denegare
2375 3610 2390 3648 :
2411 3592 2569 3660 cuius
2593 3593 2694 3647 ista
2710 3593 2950 3649 versutia
2970 3605 3073 3659 est,
3108 3605 3167 3648 ut
3188 3596 3290 3650 sub
3318 3609 3500 3664 specie

1918 3683 2141 3755 jttslilia’.
2169 3684 2318 3739 fallat
2348 3684 2613 3740 incautos.

1998 3796 2017 3826 ι
2061 3774 2196 3832 Cum
2235 3779 2502 3834 venissem
2537 3791 2713 3849 autem
2740 3776 3037 3845 Troadem,
3069 3790 3290 3849 propter
3319 3770 3500 3834 Evan-

1923 3866 2124 3938 gelium
2152 3868 2380 3934 Christi,
2416 3880 2469 3924 et
2504 3847 2703 3924 ostium
2761 3870 2892 3924 mihi
2933 3847 3188 3938 apertum
3242 3881 3390 3927 esset
3446 3888 3501 3927 in

1928 3960 2153 4016 Domino
2186 3975 2201 4012 :
2235 3976 2342 4015 non
2371 3960 2531 4015 liabui
2560 3961 2801 4030 requiem
2837 3962 3050 4032 spiritui
3086 3977 3227 4025 meo,
3264 3977 3331 4017 eo
3354 3967 3501 4032 quod

1927 4065 2034 4103 non
2065 4050 2365 4105 invenerim
2392 4042 2572 4103 Titum
2608 4049 2836 4105 fratrem
2894 4067 3097 4106 meum.
3131 4071 3150 4103 ι
3192 4051 3346 4106 Modo
3394 4053 3504 4107 illis

1928 4144 2043 4197 volt
2085 4144 2315 4213 probare
2355 4152 2561 4212 quanto
2590 4143 2828 4213 amplius
2866 4161 2964 4200 eos
2994 4146 3183 4215 diligat
3217 4185 3233 4211 ,
3270 4161 3502 4213 quorum

1929 4248 2094 4293 causa
2148 4246 2356 4291 tantum
2414 4236 2688 4292 sollicitus
2738 4246 2821 4292 est
2860 4253 2876 4291 :
2911 4248 2968 4293 ut
3021 4253 3155 4294 cum
3199 4249 3384 4294 essent
3428 4240 3502 4293 illi

1928 4331 2107 4384 omnia
2142 4337 2475 4400 prosperata,
2510 4331 2712 4383 nullam
2748 4331 2989 4399 requiem
3060 4330 3314 4387 habuerit
3340 4348 3355 4398 ;
3380 4336 3505 4402 quia

1931 4419 2108 4475 Titum
2139 4437 2299 4491 quem
2327 4422 2392 4475 ad
2417 4437 2514 4477 eos
2553 4423 2819 4477 videndos
2859 4423 3103 4487 miserat,
3136 4438 3240 4477 non
3275 4424 3505 4486 invenit,

1860 4489 1902 4543 θ
1932 4515 2127 4569 timens
2153 4515 2285 4584 jam,
2320 4528 2389 4569 ne
2441 4513 2665 4568 minime
2702 4527 2799 4567 eos
2830 4515 3186 4580 correxisset,
3213 4515 3339 4584 quia
3373 4531 3503 4570 non.
3550 4582 3557 4595 Ι

1930 4609 2055 4663 dum
2087 4606 2136 4661 ei
2168 4608 2459 4676 quidquam
2495 4608 2900 4661 renuntiaverat
2926 4605 3100 4661 Titus.

2010 4719 2027 4750 ι
2060 4699 2165 4755 Sed
2201 4698 2524 4753 valcfacicus
2557 4699 2659 4763 eis,
2696 4701 2974 4767 profectus
3002 4716 3147 4754 sum.
3181 4720 3200 4752 ι
3236 4699 3357 4755 Cito
3388 4698 3512 4754 inde

1930 4804 2182 4858 egressus
2208 4802 2354 4857 sum,
2379 4789 2628 4861 quamvis
2650 4790 2998 4845 occasionem
3021 4789 3306 4845 habuerint
3373 4806 3513 4858 prie.

1932 4881 2178 4938 dicandi.

2011 4994 2029 5027 ι
2069 4976 2124 5031 ln
2156 4965 2548 5030 Macedoniam.
2589 4995 2607 5028 ›
2637 4958 2742 5034 Per
2764 4994 2925 5048 quam
2961 4992 2991 5031 a
3029 4976 3184 5032 vobis
3206 4974 3362 5030 Titus
3391 4988 3512 5030 erat

1934 5067 2122 5136 utique
2177 5068 2474 5124 rediturus.
2530 5069 2774 5127 Vieinior
2836 5081 2920 5127 est
2992 5071 3136 5126 enim
3198 5069 3511 5123 Macedonia

1934 5148 2175 5226 Achaiae,
2205 5174 2364 5228 quam
2407 5146 2636 5217 Troadze
2674 5180 2689 5218 :
2721 5164 2960 5234 denique
3020 5177 3145 5218 cum
3202 5161 3280 5216 ibi
3332 5171 3504 5227 esset,

1935 5250 2068 5307 dicit
2102 5249 2286 5305 Titum
2320 5262 2506 5320 postea
2530 5255 2845 5310 advenisse.

2012 5361 2032 5394 ι
2075 5342 2190 5398 Deo
2220 5354 2402 5398 autem
2442 5346 2667 5416 gratias,
2709 5349 2799 5417 qui
2828 5363 3045 5417 semper
3082 5348 3510 5418 triumpltatnos

1938 5424 1990 5490 iu
2018 5433 2238 5492 Christo
2266 5435 2415 5493 Iesu.
2457 5457 2475 5490 ι
2514 5438 2881 5510 Triumphare
2916 5439 3049 5497 facit
3084 5458 3183 5497 nos
3223 5456 3321 5511 per
3345 5441 3510 5497 Citri-

1937 5537 2103 5591 stuut,
2140 5528 2220 5582 vel
2255 5529 2306 5581 in
2339 5530 2496 5583 nobis
2527 5532 2644 5600 ipse
2673 5533 2985 5601 triumphat.

2016 5636 2034 5668 ι
2066 5619 2131 5672 Et
2154 5620 2375 5673 odorem
2410 5623 2617 5676 notitiae
2645 5638 2755 5676 suae
2810 5623 3122 5679 manifestat
3170 5641 3265 5695 per
3305 5642 3405 5679 nos
3458 5627 3518 5680 in

1941 5714 2089 5764 omni
2134 5712 2274 5769 loco.
2312 5730 2330 5763 ι
2360 5714 2509 5768 Odor
2538 5714 2747 5770 notitia:
2796 5715 2890 5769 Dei
2925 5732 3021 5787 per
3047 5718 3348 5773 doctrinam
3400 5732 3518 5771 man

1941 5802 2228 5860 nifestatur
2262 5814 2313 5858 et
2345 5806 2519 5877 signa.
2577 5806 2724 5863 Odor
2753 5817 2936 5864 autem
2973 5810 3095 5867 ideo
3136 5810 3360 5877 dicitur,
3386 5825 3519 5882 quia

3192 5902 3270 5965 26
