3954 6194
382 349 483 415 811

1320 337 1377 398 S.
1424 331 1862 394 IllERONYMl
1906 327 2224 387 Ol‘ERUM
2272 322 2676 384 MANTISSA.

3521 309 3625 372 81?.

384 467 619 521 sentitur
653 460 831 531 potius
866 470 1028 528 quam
1062 452 1298 515 videtur,
1328 460 1383 505 et
1432 451 1562 519 quia
1610 449 1786 518 primo
1839 461 1958 499 cre-
1985 452 2032 506 Α
2061 443 2147 496 tia:
2183 439 2541 512 portendebat
2572 437 2768 505 iExod.
2803 432 3121 531 uitta—53).
3147 432 3260 531 Nos.
3288 445 3416 531 vero
3439 445 3637 501 quam-

379 556 570 610 dentes
624 550 825 620 aliquid
916 558 1171 616 tauquam
1236 556 1332 611 per
1397 540 1668 596 modicum
1726 536 1952 593 odorem

381 647 585 703 sentire
616 643 888 696 valebant.

456 756 475 788 ι
516 736 650 802 Quia
682 732 879 786 Christi
915 732 1087 784 bonus
1116 728 1251 782 odor
1271 740 1464 781 sumus
1497 720 1629 784 Deo,
1665 722 1719 774 in
1754 720 1839 773 his
1858 718 1954 788 qui

382 829 515 883 salvi
548 828 704 889 ﬁunt,
772 822 912 878 etin
971 821 1058 875 his
1096 820 1188 889 qui
1240 824 1491 887 pereunt.
1541 813 1677 867 Aliis
1737 811 1955 880 quidem

381 924 518 975 odor
552 918 749 973 mortis
780 917 832 969 in
869 925 1123 979 mortem,
1157 912 1281 965 aliis
1337 919 1518 963 autem
1551 907 1689 961 odor
1724 905 1847 958 vitae
1904 902 1956 956 in

384 1016 572 1067 vitam.
613 1031 631 1061 ι
667 1009 902 1076 Quidam
937 1012 1011 1060 ita
1045 1005 1261 1066 dicunt,
1289 1011 1476 1057 uoster
1509 999 1663 1053 labor
1690 997 1799 1051 Deo
1825 1010 1962 1050 sem-

384 1122 480 1175 per
520 1114 605 1158 est
636 1114 823 1174 gratus
865 1116 877 1152 :
921 1099 1047 1168 quia
1087 1098 1140 1150 iu
1172 1095 1422 1150 omnibus
1452 1087 1831 1163 praedicaturus,
1865 1104 1960 1142 seu

385 1199 551 1251 velint
575 1195 823 1253 credere.
857 1208 953 1245 seu
987 1190 1163 1244 nolint
1198 1187 1337 1255 ;sed
1372 1188 1460 1240 hic
1493 1183 1712 1254 proprie
1747 1181 1816 1236 de
1852 1182 1961 1236 illis

385 1292 607 1350 dicitur,
641 1286 731 1353 qui
762 1288 841 1337 vel
867 1284 1204 1337 sanabantur
1239 1294 1333 1347 per
1366 1279 1533 1346 ipsos.
1559 1273 1641 1328 vel
1680 1272 1730 1324 in
1764 1272 1963 1340 quibus

384 1378 624 1432 vindicta
659 1374 847 1428 (iebat.
887 1371 1068 1426 Bonus
1098 1382 1230 1439 ergo
1252 1369 1387 1422 odor
1416 1365 1471 1418 in
1505 1364 1775 1431 utrisque,
1835 1364 1962 1431 quia

383 1468 587 1537 justus.

466 1576 486 1609 ι
536 1557 601 1612 Ει
628 1558 692 1609 ad
721 1557 836 1610 haec
885 1554 1008 1623 quis
1062 1560 1171 1605 tam
1224 1547 1498 1603 idoneus?
1540 1566 1558 1598 ι
1596 1546 1673 1601 Ad
1712 1545 1825 1599 haec
1883 1543 1961 1597 fa-

387 1652 576 1705 cienda
610 1650 732 1718 quis
770 1657 947 1717 potest
990 1657 1099 1700 tam
1161 1643 1385 1697 idoneus
1442 1656 1584 1705 esse,
1624 1657 1787 1710 quam
1842 1655 1960 1704 nos,

388 1743 479 1809 qui
512 1742 579 1792 ad
609 1741 712 1792 hoc
740 1752 931 1790 sumus
962 1735 1120 1791 electi
1150 1735 1173 1788 τ

465 1848 484 1880 ε
522 1828 638 1883 Non
667 1830 812 1883 enim
862 1843 1054 1882 sumus
1106 1828 1247 1883 sicut
1302 1824 1543 1895 plurimi,
1594 1822 1967 1876 adulterantes
2000 1805 2040 1858 Β

388 1922 614 1978 verbum
644 1921 760 1974 Dei.
794 1941 813 1973 ι
866 1920 1357 1988 Pseudoapostolos
1424 1918 1618 1987 tangit,
1670 1917 1968 1970 humanum

389 2028 613 2069 sensum
680 2012 880 2066 divina:
942 2011 1314 2081 pmdicationi
1404 2010 1721 2065 miscentes.
1815 2005 1970 2063 Unde

394 2104 560 2160 Isaias
590 2104 706 2158 ait:
752 2102 1021 2173 Caupones
1056 2105 1132 2157 lui
1153 2104 1369 2157 miscent
1408 2103 1529 2156 vino
1579 2116 1780 2171 aquam
1827 2097 1968 2170 Usa.

391 2213 433 2263 ι,
467 2194 585 2266 22),
618 2195 802 2260 idest,
854 2209 1019 2249 mera:
1078 2194 1341 2249 doctrina:
1395 2191 1730 2248 adulationis
1789 2190 1971 2244 mollia

390 2288 553 2342 verba
592 2301 610 2340 :
646 2286 846 2356 quibus
867 2288 1114 2340 homines
1142 2298 1252 2339 non
1286 2295 1393 2338 tam
1419 2282 1679 2338 inebriati
1706 2280 1969 2346 ferveant,

392 2393 554 2447 quam
587 2378 837 2433 delectati
867 2377 1176 2443 tabescant.

467 2486 494 2519 ι
539 2468 645 2522 Sed
672 2483 736 2521 ex
765 2466 1105 2530 sinceritate,
1141 2465 1283 2519 sicut
1321 2477 1385 2518 ex
1438 2462 1571 2530 Deo,
1612 2477 1804 2517 coram
1863 2461 1974 2515 Deo

393 2561 448 2614 in
477 2558 699 2615 Christo
734 2558 1030 2627 loquimur.
1079 2575 1099 2608 ι
1131 2555 1207 2609 Ex
1251 2555 1361 2611 Deo
1395 2557 1667 2626 processit
1694 2555 1969 2619 doctrina,

393 2664 557 2717 quam
589 2650 811 2715 scimus,
851 2648 967 2715 ipso
1026 2657 1329 2717 praesente,
1386 2650 1437 2700 iu
1501 2662 1732 2715 persona
1792 2647 1975 2701 dicere

395 2740 603 2797 Christi
642 2757 657 2794 :
694 2741 745 2795 id
798 2748 902 2804 est,
937 2739 1081 2795 sicut
1108 2738 1225 2808 ipse
1250 2738 1587 2809 praedicavit.

997 2896 1227 2954 CAPUT
1253 2896 1346 2953 lll.

475 3037 498 3070 ο
535 3016 830 3086 incipimus
859 3016 1058 3071 iterum
1089 3014 1453 3085 nosmetipsos
1479 3015 1867 3072 commendare
1895 3017 1918 3069 ’ἓ
1951 3036 1970 3069 ι

400 3114 519 3170 Non
574 3122 634 3166 ut
677 3110 1121 3165 commendemus
1173 3122 1274 3163 nos
1349 3107 1503 3163 vobis
1565 3110 1669 3162 ista
1720 3111 1974 3178 dicendo,

398 3204 623 3259 laudare
663 3217 765 3257 nos
790 3200 1063 3266 volumus,
1111 3199 1359 3268 .scdliiec
1389 3212 1457 3252 ue
1506 3200 1572 3252 ab
1630 3200 1752 3253 aliis
1808 3206 1968 3255 sedu-

403 3296 628 3364 camini,
662 3295 906 3366 cogimur
931 3306 1386 3349 commemorare.

481 3402 500 3434 ι
545 3382 652 3435 Aut
682 3382 922 3451 nunquid
959 3393 1185 3449 egemus
1211 3380 1354 3432 sicut
1379 3379 1600 3446 quidam
1628 3383 1979 3436 commenda-

408 3475 543 3529 titiis
579 3473 824 3543 epistolis
876 3471 941 3525 ad
977 3485 1098 3535 vos,
1134 3479 1231 3524 aut
1280 3486 1346 3525 ex
1389 3471 1595 3524 vobis?
1634 3492 1650 3524 ι
1688 3472 1833 3538 Quos
1871 3490 1975 3526 non

405 3564 753 3620 commendat
808 3562 979 3632 gratia
1026 3561 1309 3627 virtutum,
1344 3561 1466 3616 illos
1506 3562 1666 3632 digne
1698 3579 1978 3618 commeuo

406 3656 540 3709 dant
568 3650 815 3721 epistolae
847 3650 1173 3705 amicorum.

480 3765 499 3797 ι
530 3743 773 3815 Epistula
806 3753 996 3799 nostra
1047 3759 1145 3797 vos
1168 3744 1327 3799 estis.
1360 3762 1377 3796 ι
1415 3740 1518 3799 Per
1547 3757 1784 3801 vestram
1819 3748 1976 3803 tidem

406 3838 663 3892 omnibus
701 3837 1173 3902 commendantur,
1206 3838 1350 3890 sicut
1379 3837 1507 3890 alihi
1570 3842 1703 3894 dicit
1736 3856 1750 3895 ;
1793 3840 1984 3910 Signa-

407 3935 581 3987 rnlum
619 3931 941 4001 apostolatus
978 3931 1078 3984 mei
1107 3947 1193 3985 vos
1236 3932 1357 3985 esiis
1381 3931 1429 4002 (1
1475 3931 1600 3986 Cor.
1624 3932 1784 4001 tx,2).

487 4044 504 4075 ι
542 4024 758 4093 Scripta
797 4027 849 4076 in
881 4022 1138 4077 cordibus
1172 4024 1396 4088 nostris,
1433 4039 1552 4092 qua:
1585 4026 1754 4078 scitur
1778 4034 1831 4077 ct
1857 4024 1983 4096 legi-

410 4128 503 4171 tur
538 4121 603 4171 al)
629 4116 884 4170 oumibus
943 4115 1277 4180 hominibus,
1314 4116 1671 4170 manifestati.
1704 4136 1722 4168 ι
1763 4116 1820 4169 ln
1853 4132 1987 4170 con-

412 4206 655 4263 scientiis
685 4204 909 4267 nostris.
968 4216 1022 4258 et
1076 4219 1170 4257 vos
1203 4205 1363 4260 nobis
1408 4207 1835 4274 υνδεάἰοιιιιιίιιυε
1864 4223 1984 4262 cre-

413 4302 619 4357 didisse
649 4316 664 4358 :
700 4299 806 4363 vel,
850 4299 901 4353 in
933 4299 1096 4353 corde
1142 4310 1332 4355 nostro
1363 4313 1445 4354 est
1501 4304 1836 4370 pradicatio,
1893 4316 1987 4371 per

414 4406 575 4460 quam
609 4388 855 4459 Epistola
888 4398 1075 4443 nostra
1104 4391 1237 4444 estis
1264 4389 1419 4454 facti,
1467 4407 1588 4459 quae
1618 4394 1987 4462 cognoscitur,

2058 535 2142 588 vis
2172 534 2346 602 legem
2384 531 2585 585 Christi
2617 531 2871 597 scriptam
2905 528 2956 580 iu
2983 525 3292 595 Evangeliis
3317 524 3633 585 habeamus,

2059 633 2241 679 tamen
2298 623 2352 676 in
2406 622 2602 691 prin-is
2637 636 2743 673 non
2780 616 2937 688 quasi
2973 617 3227 671 absentes
3261 614 3457 669 tabulis
3490 616 3635 669 scri-

2059 719 2190 786 ptis,
2242 716 2340 771 sed
2391 724 2689 784 praesentes
2741 729 2835 783 per
2898 712 3146 766 auditum
3210 710 3420 764 Domini
3474 709 3634 762 verba

2058 810 2228 864 corde
2294 807 2659 878 suscepimus.
2734 804 3028 873 Evangelia
3102 817 3233 856 vero
3292 801 3636 870 postmodum

2060 900 2263 969 scripta
2315 910 2466 963 sunt,
2530 898 2599 951 ad
2636 896 2950 949 memoriam
3002 893 3455 965 posterorum;si
3508 907 3639 960 ergo

2062 990 2468 1045 inexcusabiles
2515 998 2663 1051 sunt,
2735 991 2823 1059 qui
2862 989 3029 1059 legem
3066 988 3120 1040 in
3152 985 3418 1051 lapidibus
3481 1000 3640 1039 acce-

2062 1094 2283 1155 perunt,
2313 1093 2520 1152 quanto
2553 1085 2722 1151 magis
2762 1098 2879 1143 nos,
2909 1080 2999 1148 qui
3036 1080 3197 1132 verba
3225 1076 3425 1132 Christi
3452 1092 3641 1131 susce-

2064 1176 2267 1244 pimus,
2331 1177 2379 1228 si
2444 1189 2732 1244 peccemus
2764 1190 2780 1237 ;
2809 1181 2868 1225 ut
2910 1173 2977 1225 ad
3033 1168 3288 1223 Hebrteos
3326 1167 3583 1221 scribitur
3623 1184 3637 1219 :

2065 1268 2124 1322 Si
2149 1268 2283 1321 enim
2311 1265 2391 1319 illi
2415 1283 2513 1320 nou
2537 1265 2832 1334 cﬂ'ugeruut
2856 1279 3009 1317 suuer
3035 1273 3227 1315 terram
3258 1260 3494 1328 loquente
3511 1258 3638 1324 illis,

2058 1362 2121 1413 ἐι
2148 1359 2356 1426 reliqua
2396 1359 2583 1427 (Hebr.
2612 1372 2708 1421 sit,
2741 1354 2857 1423 25).

2142 1467 2160 1499 ι
2198 1445 2479 1501 Fiduciam
2508 1457 2687 1499 autem
2717 1445 2882 1497 talem
2915 1444 3180 1497 habemus
3215 1454 3311 1506 per
3362 1438 3643 1495 Christum

2066 1541 2133 1595 ad
2163 1540 2354 1595 Deum.
2387 1558 2408 1592 ι
2448 1540 2585 1606 Quia
2622 1537 2878 1592 novimus
2909 1550 3007 1590 vos
3032 1549 3129 1605 per
3157 1548 3257 1588 nos
3289 1531 3591 1586 credidisse
3625 1548 3638 1584 :

2065 1634 2148 1688 vel
2171 1634 2313 1703 quod
2341 1649 2442 1687 nos
2474 1648 2576 1686 nou
2613 1631 2854 1685 humana
2910 1628 3179 1700 Epistola,
3212 1627 3309 1682 sed
3363 1626 3534 1695 gratia
3565 1626 3646 1679 di-

2070 1726 2194 1780 vina
2225 1726 2588 1780 commendat.

2147 1837 2167 1869 ι
2206 1817 2321 1872 Non
2349 1817 2495 1887 quod
2523 1816 2858 1870 sullicieutes
2903 1816 3081 1870 simus
3100 1813 3347 1883 cogitare
3377 1811 3581 1880 aliquid
3615 1824 3645 1863 a

2073 1909 2253 1971 nobis,
2287 1908 2441 1977 quasi
2487 1923 2554 1962 cx
2613 1908 2795 1963 nobis.
2827 1925 2846 1958 ι
2903 1906 3029 1962 Vult
3073 1904 3363 1959 ostendere
3397 1907 3475 1963 fse
3512 1902 3645 1957 nihil

2071 2017 2169 2055 sua
2204 2001 2487 2069 prudentia
2530 2000 2735 2064 facere,
2784 1999 2868 2055 \el
2904 2001 3105 2054 virtute
3135 2016 3149 2052 :
3178 1998 3304 2068 quia
3344 1998 3504 2067 pauci
3544 1994 3642 2049 ho-

2073 2094 2251 2146 mines
2309 2092 2532 2159 rustici,
2570 2107 2848 2163 nunquam
2913 2091 3034 2146 siue
3088 2089 3180 2145 Dei
3241 2090 3418 2161 gratia
3479 2098 3644 2144 totum

2074 2186 2333 2238 mundum
2382 2184 2598 2240 salvare
2630 2186 2959 2255 potuissent.

2149 2294 2169 2327 ι
2205 2274 2310 2330 Sed
2356 2274 2677 2330 suﬂicientia
2702 2287 2889 2330 nostra
2938 2290 3005 2330 ex
3036 2273 3148 2329 Deo
3172 2285 3276 2330 est.
3309 2292 3332 2327 ›
3366 2273 3491 2330 ideo
3544 2273 3647 2328 hoc

2075 2368 2362 2436 prtemisit,
2389 2370 2515 2437 quia
2551 2368 2803 2423 dicturus
2846 2380 2966 2423 erat
3001 2379 3151 2422 tanto
3184 2367 3356 2434 majus
3377 2382 3457 2431 se,
3484 2382 3645 2436 quam

2077 2458 2322 2528 Moysen,
2356 2462 2722 2515 ministerium
2755 2460 3085 2531 suscepisse,
3124 2469 3329 2532 quanto
3364 2459 3539 2529 majus
3568 2469 3651 2512 est

2077 2566 2276 2605 novum
2316 2552 2730 2607 Testamentum
2788 2551 2953 2621 Lege,
3013 2562 3073 2605 ut
3119 2566 3217 2607 eos
3250 2569 3280 2605 a
3323 2552 3477 2607 falsis
3524 2568 3651 2621 apo-

2075 2643 2229 2699 stolis
2269 2645 2373 2699 sibi
2408 2646 2823 2699 detrahentibus
2860 2655 3172 2698 revocaret.

2155 2755 2178 2787 ι
2222 2735 2323 2801 Qui
2356 2746 2413 2791 et
2462 2737 2686 2791 idoneos
2712 2751 2809 2791 nos
2841 2735 2967 2790 iecit
3002 2736 3286 2790 ministros
3308 2736 3429 2789 novi
3467 2733 3658 2789 Testa-

2079 2830 2269 2884 menti.
2306 2848 2328 2881 ι
2371 2828 2505 2883 Dum
2553 2830 2621 2885 ad
2675 2829 2779 2883 hoc
2830 2828 3011 2883 idonei
3064 2830 3469 2898 adimplendum
3544 2843 3655 2882 non

2079 2936 2349 2976 essemus.

2158 3033 2176 3065 ι
2215 3010 2331 3065 Νοιι
2368 3012 2573 3074 littera,
2625 3013 2721 3066 sed
2774 3011 2994 3081 spiritu.
3030 3032 3049 3065 ι
3106 3011 3217 3067 Non
3247 3013 3444 3067 littera:
3497 3013 3657 3083 legis,

2082 3102 2175 3157 sed
2204 3103 2418 3170 spiritui
2449 3102 2638 3173 gratiae
2675 3101 3076 3161 ministrantes.

2157 3215 2175 3247 ι
2217 3195 2423 3250 Littera
2456 3197 2599 3249 enim
2624 3197 2826 3251 occidit
2850 3216 2862 3252 :
2889 3199 3117 3268 spiritus
3143 3207 3323 3253 autem
3354 3199 3607 3255 viviﬁcat.
3635 3218 3656 3251 ι

2079 3288 2365 3354 Quomodo
2394 3288 2524 3343 alibi
2552 3289 2685 3344 dicit
2722 3290 2894 3359 legem
2923 3306 3047 3346 esse
3103 3292 3444 3361 spiritualem
3496 3293 3664 3359 spiri-

2082 3378 2343 3432 tualibus.
2426 3376 2696 3433 Caeterum
2775 3390 3093 3447 peccatores
3171 3381 3431 3445 occidit;
3486 3383 3662 3446 gratia

2082 3484 2263 3524 autem
2298 3470 2537 3524 vivificat
2578 3472 2800 3538 impium
2842 3482 3272 3528 convertentem.
3311 3473 3541 3539 Quidam
3571 3474 3663 3526 di-

2081 3572 2233 3626 cunt,
2275 3562 2417 3631 quod
2450 3562 2746 3617 historicus
2780 3564 3084 3619 intellectus
3112 3565 3327 3619 occidat
3361 3581 3377 3620 :
3415 3566 3666 3619 nescien-

2086 3661 2164 3706 tes
2194 3668 2302 3720 quo
2363 3667 2463 3707 nec
2517 3652 2721 3722 ubique
2777 3655 3027 3718 historia,
3091 3671 3191 3710 uec
3244 3656 3446 3724 ubique
3492 3660 3668 3726 possit

2083 3745 2337 3812 allegoria
2395 3747 2624 3801 servari.
2682 3746 2819 3799 Nam
2888 3749 3032 3801 sicut
3080 3747 3326 3816 quaedam
3391 3751 3443 3803 iu
3494 3748 3664 3817 ﬁgura

2085 3838 2228 3891 dicta
2256 3847 2384 3890 sunt
2417 3854 2430 3889 :
2459 3848 2517 3890 ut
2540 3839 2584 3890 si
2615 3848 2883 3907 prazrepta
2950 3840 3081 3894 velis
3139 3840 3430 3908 allegorice
3462 3841 3662 3893 intelli-

2086 3944 2230 3997 gere,
2263 3944 2479 3982 omnem
2516 3929 2774 3983 virtutem
2825 3945 3017 3983 eorum
3069 3946 3368 3996 evacuans,
3408 3934 3667 3984 omnibus

2086 4020 2343 4087 aperuisti
2380 4022 2519 4073 viam
2575 4021 2947 4088 delinquendi.
3011 4022 3116 4076 Sed
3180 4022 3271 4076 ille
3310 4039 3469 4077 verus
3497 4025 3663 4092 spiri-

2089 4111 2252 4164 tualis
2284 4111 2600 4166 intellectus
2628 4124 2728 4179 est,
2786 4114 2881 4182 qui
2937 4130 3042 4168 non
3097 4116 3484 4168 verisimilibus
3515 4117 3665 4169 colo-

2091 4206 2239 4259 ribus
2295 4204 2577 4271 pulchrum
2637 4207 2979 4258 mendacium
3039 4207 3229 4275 pingit,
3298 4208 3391 4260 sed
3462 4208 3666 4261 virtute

2092 4315 2272 4352 rerum
2300 4300 2474 4368 ipsam
2507 4296 2618 4353 rem
2648 4301 2908 4368 exprimit
2939 4295 3213 4355 veritatis.

2148 4376 2183 4440 ‘i
2215 4391 2369 4456 Quod
2401 4391 2449 4444 si
2488 4391 2818 4445 ministratio
2847 4395 3061 4456 mortis,
3120 4392 3317 4446 litteris
3364 4391 3666 4446 deformata

416 4493 469 4536 et
528 4495 649 4548 qua:
703 4480 899 4549 legitur
924 4481 992 4531 ab
1036 4481 1289 4535 omnibus
1358 4480 1687 4545 hominibus,
1738 4494 1790 4534 rt
1820 4485 1997 4537 maui-
2031 4488 2073 4541 D
2100 4480 2151 4533 in
2190 4481 2481 4549 lapidibus,
2538 4481 2643 4535 fuit
2675 4484 2727 4535 in
2765 4484 2958 4552 gloria.
3004 4501 3022 4533 ι
3058 4481 3190 4547 Quae
3221 4483 3511 4537 moi-tilicat
3540 4501 3667 4552 pet--

420 4575 674 4625 lestatur.

492 4682 511 4713 ι
547 4662 812 4728 Quoniam
838 4662 1074 4732 Epistula
1106 4663 1239 4716 estis
1268 4662 1493 4717 Christi.
1534 4683 1551 4714 ι
1585 4662 1852 4720 Omnibus
1882 4684 1993 4722 ma-

420 4754 677 4809 niiestum
707 4765 811 4817 est,
847 4754 1067 4809 Christo
1111 4770 1202 4809 vos
1244 4772 1338 4823 per
1387 4767 1628 4810 nostram
1694 4758 1997 4813 credidisse

419 4847 756 4912 doctrinam,
797 4846 1156 4898 coutirmaute
1211 4847 1467 4899 virtutem
1517 4846 1724 4913 Spiritu
1780 4858 1993 4902 Sattclo.

423 4937 570 5002 Sive,
614 4952 739 4991 vere
769 4937 895 4990 hinc
948 4937 1345 5005 cognoscimini
1408 4935 1609 4990 Christi
1671 4952 1812 5001 esse,
1854 4938 1997 5004 quod

419 5030 541 5098 ejus
582 5029 834 5096 spiritum
872 5028 1181 5096 accepistis.
1790 5028 1799 5035 ’

498 5139 517 5172 ι
560 5120 861 5175 Ministrata
896 5135 925 5173 a
988 5121 1166 5174 nobis.
1209 5137 1228 5170 ι
1294 5116 1406 5173 Hoc
1435 5128 1522 5174 est
1562 5118 1769 5187 Spiritu
1803 5127 1997 5174 sancto

421 5225 745 5281 prieparata.

500 5322 519 5354 ι
562 5302 627 5356 Et
672 5306 899 5373 scripta,
951 5318 1057 5358 non
1120 5313 1447 5369 atramento,
1508 5304 1600 5357 sed
1656 5303 1849 5370 spiritu
1902 5300 1996 5357 Dei

421 5398 526 5449 vivi
567 5414 581 5451 :
623 5412 729 5449 non
769 5398 821 5450 iu
852 5397 1050 5451 tabulis
1080 5396 1329 5464 lapideis,
1358 5397 1453 5450 sed
1484 5395 1534 5449 in
1588 5396 1785 5448 tabulis
1815 5396 1999 5448 cordis

423 5489 758 5541 carnalibus.
788 5506 806 5539 ι
845 5488 1333 5543 llicdiﬂercntiam
1367 5487 1575 5540 inducit
1605 5486 1737 5555 legis
1780 5497 1833 5539 ct
1872 5502 1997 5556 gra-

425 5581 512 5632 tia:
545 5598 556 5631 :
589 5578 759 5633 Judaei
793 5581 844 5633 iu
875 5581 1006 5634 dura
1042 5580 1273 5635 materia
1306 5582 1475 5648 legem
1526 5590 1872 5646 acceperant,
1928 5579 2002 5632 si-

424 5669 721 5737 gnificante
782 5672 1038 5725 duritiam
1078 5672 1275 5724 mentis
1311 5685 1500 5724 eorum
1532 5688 1546 5735 ;
1594 5672 1734 5724 sicut
1767 5681 1823 5723 et
1856 5672 2001 5723 vela-

426 5772 551 5809 mea
584 5761 739 5814 faciei
773 5761 959 5830 Moysi
1007 5765 1413 5839 cordiseorum
1453 5763 1697 5816 velamen
1749 5766 2001 5834 ignoran-

2098 4582 2345 4628 Catores:
2378 4584 2633 4627 czeteruni
2666 4576 2778 4645 ipse
2801 4592 2919 4630 eam
2952 4587 3198 4628 sauciam
3227 4585 3289 4628 et
3328 4574 3552 4643 justam,
3614 4585 3667 4626 ct

2098 4665 2292 4720 bonam
2325 4665 2451 4719 althi
2479 4664 2633 4721 dicit.

2174 4774 2194 4806 ‹
2229 4754 2308 4808 ita
2342 4764 2398 4807 ut
2426 4771 2532 4809 non
2560 4766 2781 4826 possent
2813 4757 3094 4813 intendere
3146 4756 3241 4812 lilii
3298 4757 3462 4810 Israel
3499 4760 3548 4811 in
3586 4757 3665 4811 t‘a-

2099 4847 2235 4901 ciem
2271 4845 2459 4919 Moysi.
2499 4866 2515 4898 ι
2554 4848 2609 4901 ld
2642 4858 2744 4914 est,
2773 4860 2960 4902 contra
2986 4847 3338 4904 Manichaeos.
3383 4848 3667 4918 Nunquau

2102 4939 2247 4993 enim
2299 4938 2592 5006 Apostolus
2626 4949 2811 5008 posset
2880 4942 3153 4994 contrario
3219 4957 3533 5010 comparare
3570 4958 3587 4996 ;
3622 4947 3671 4993 id

2101 5039 2205 5091 est,
2254 5030 2508 5096 majorem
2559 5030 2928 5084 ministrorum
2952 5032 3076 5084 novi
3109 5030 3472 5094 Testamenti,
3504 5050 3667 5100 qnam

2102 5121 2272 5192 Moysi
2308 5122 2535 5191 gloriam
2574 5122 2775 5189 dicere,
2822 5124 2867 5178 si
2907 5122 3053 5178 inter
3086 5138 3182 5179 eos
3236 5140 3343 5179 nou
3398 5126 3673 5179 videretur

2102 5228 2219 5269 esse
2243 5212 2571 5269 communio.

2178 5325 2197 5357 ι
2236 5306 2462 5375 Propter
2494 5305 2719 5374 gloriam
2759 5307 2934 5360 vultus
2966 5306 3107 5375 ejus,
3142 5323 3261 5377 qua:
3289 5321 3603 5362 evacuatur.
3638 5327 3657 5357 ι

2104 5395 2286 5452 Gloria
2330 5396 2513 5467 Legis,
2547 5413 2643 5465 per
2669 5398 2893 5467 gloriam
2936 5399 3212 5467 Evangelii
3238 5414 3550 5457 evacuatur.
3583 5404 3673 5453 sed

2104 5488 2178 5541 ita
2210 5499 2504 5542 evacuatur
2556 5498 2609 5542 ut
2672 5491 2969 5557 proﬁciat:
3034 5492 3179 5545 sicut
3246 5492 3503 5546 infantem
3564 5494 3676 5559 ipse

2105 5578 2232 5631 dicit
2260 5578 2514 5633 evacuari
2555 5580 2605 5631 in
2648 5581 2748 5632 viri
2787 5580 3008 5649 perfecti
3034 5592 3269 5637 aetatem.
3304 5582 3502 5638 Semen
3535 5599 3673 5652 quo-

2107 5687 2214 5741 que
2245 5679 2540 5723 evacuatur
2571 5671 2623 5723 iu
2671 5674 2901 5727 lrnrtum
2932 5693 2947 5727 π
2986 5676 3179 5728 melior
3210 5676 3419 5728 lrnctus
3448 5676 3675 5735 Scantiae,

2106 5764 2201 5819 sed
2245 5764 2364 5817 sine
2422 5778 2485 5818 eo
2514 5779 2635 5818 esse
2687 5782 2791 5819 non
2837 5777 3033 5835 potest.
3088 5765 3319 5822 Fructus
3354 5784 3465 5823 nou
3513 5768 3675 5837 perit,
