3954 6194
441 195 550 260 815
1373 199 1428 258 s.
1477 195 1919 258 I-IlERONYMl
1961 197 2276 258 eranum
2327 195 2736 259 MANTISSA.
3063 187 3068 194 ’
3567 196 3652 258 816

2198 333 2215 366 t
2254 315 2398 383 Ergo
2451 329 2595 367 mors
2649 315 2701 367 in
2762 313 2915 368 nobis
2947 323 3224 383 operatur,
3274 312 3386 366 vita
3429 320 3589 366 autem
3614 315 3656 366 in

2118 405 2291 460 vobis.
2332 424 2350 458 ι
2389 405 2640 472 Nunquid
2676 407 2728 459 in
2763 405 2917 460 nobis
2971 421 3187 474 semper
3217 405 3320 458 erit
3348 420 3506 467 mors,
3542 418 3586 459 et
3615 408 3658 461 in

435 318 564 384 quia
605 318 796 372 audire
832 316 1176 385 contempsit.
1218 315 1421 368 Tamen
1463 315 1508 369 si
1559 330 1746 369 rursus
1787 319 1936 384 roget
1963 323 2016 369 et
2046 327 2089 379 Α

433 411 790 477 obtemperet,
825 417 1002 477 potest
1034 406 1272 474 recipere
1302 407 1612 460 sanitatem.

513 518 531 551 t
572 501 674 565 Qui
715 509 797 553 est
843 501 1021 567 imago
1049 496 1164 550 Dei.
1198 515 1217 547 ›
1268 497 1449 565 Imago
1475 513 1733 566 expressa
1761 501 2012 554 substan-

438 591 510 643 tia
543 591 658 652 Dei,
689 591 827 644 sicut
857 589 1116 655 scriptum
1151 597 1237 642 est
1263 588 1329 641 ad
1359 588 1636 644 Hebraeos.

525 702 541 733 ο
578 680 694 735 Non
749 678 893 734 enim
944 681 1312 748 nosmetipsos
1345 681 1704 746 praedicamus
1745 721 1760 743 ,
1803 681 1899 734 sed
1930 680 2016 734 .le-

439 793 556 833 sutn
609 774 885 828 Christum
939 770 1225 826 Dominmn
1281 783 1550 827 nostrum.
1613 791 1631 824 ι
1705 774 1806 838 Qui
1868 775 2014 826 enim

440 862 730 920 commoda
799 861 1015 930 propria
1065 865 1305 930 quaerit,
1373 877 1484 914 non
1534 860 1860 925 Christum,
1920 863 2014 914 sed

441 955 795 1023 semetipsum
851 951 1152 1022 prmdicat:
1195 954 1340 1007 sicut
1396 954 1492 1022 qui
1539 969 1639 1007 suo
1673 955 1847 1007 ventri
1902 969 2016 1009 ser-

437 1049 610 1100 viuut.

514 1156 532 1188 ι
577 1136 686 1192 Nos
735 1147 915 1192 autem
967 1149 1153 1191 servos
1195 1146 1406 1190 vestros
1434 1152 1528 1206 per
1569 1135 1777 1192 Jesum.
1817 1157 1834 1190 ι
1879 1139 2015 1203 Quia

439 1239 632 1283 vestrae
659 1229 878 1282 utilitati
908 1227 1088 1280 omnia
1123 1242 1504 1297 procuramus.
1527 1229 1774 1297 exemplo
1791 1229 2016 1293 Christi,

439 1321 530 1388 qui
559 1319 785 1373 formam
814 1319 953 1372 servi
987 1319 1215 1388 accepit,
1247 1335 1352 1372 non
1383 1319 1594 1386 gloriae,
1632 1337 1730 1374 nec
1764 1323 2009 1390 avaritia

442 1426 607 1463 causa
636 1413 917 1464 docemus.

521 1523 538 1554 ι
579 1503 843 1568 Quoniam
901 1502 1044 1556 Deus
1102 1501 1195 1570 qui
1251 1500 1385 1556 dixit
1439 1501 1504 1555 de
1551 1503 1789 1556 tenebris
1844 1501 2016 1556 lucem

443 1597 843 1663 splendescere.
886 1614 903 1645 ι
943 1593 1054 1648 lloc
1096 1605 1283 1646 contra
1310 1608 1499 1646 omnes
1525 1594 1774 1648 inimicos
1812 1594 2015 1648 veteris

2117 499 2268 553 vobis
2297 500 2429 563 vita,
2468 507 2522 554 ct
2549 499 2756 564 futura,
2781 507 2835 551 et
2869 511 3114 567 praesens
3145 495 3168 549 2

2193 611 2211 643 t
2244 588 2518 646 [labentes
2551 602 2732 646 autem
2765 591 3018 644 eumdem
3068 589 3316 658 spiritum
3349 587 3467 640 ﬁdei
3494 605 3508 640 :
3542 589 3660 642 sicut

2117 686 2376 756 scriptum
2427 696 2530 742 est.
2570 705 2588 738 ι
2626 685 2873 748 Increpat
2926 699 3044 748 eos,
3101 685 3191 752 qui
3233 683 3386 736 falsis
3422 684 3656 749 apostolis

2117 777 2464 830 crediderunt
2491 794 2503 829 :
2529 775 2733 830 idcirco
2757 774 2980 828 Paulum
3013 771 3356 843 passionibus
3389 772 3662 836 subjacere,

2117 868 2244 937 quia
2279 867 2402 921 fidei
2455 866 2680 920 minoris
2718 865 2808 919 sit.
2879 864 2933 918 Si
2966 878 3097 932 ergo
3136 877 3230 930 per
3259 861 3414 914 fidem
3445 860 3663 912 tribulari

2125 975 2228 1012 non
2272 959 2460 1027 possit.
2491 972 2521 1012 e
2553 957 2832 1011 contrario
2889 953 3130 1009 ostendit
3183 967 3241 1005 se
3279 961 3500 1018 propter
3531 952 3662 1004 fidem

2123 1051 2248 1103 talia
2280 1050 2551 1103 sustinere
2579 1065 2595 1102 :
2635 1047 2754 1101 illos
2784 1059 2916 1099 vero
2948 1059 3143 1098 causas
3190 1043 3300 1097 odii
3352 1058 3459 1096 non
3494 1042 3666 1096 habere

2120 1154 2218 1209 per
2254 1141 2622 1194 adulationem
2658 1148 2820 1207 atque
2855 1137 3162 1191 dissidium.
3203 1134 3354 1189 Unde
3384 1137 3447 1186 ad
3473 1133 3662 1187 Galatas

2121 1236 2232 1288 ait:
2287 1233 2390 1296 Qui
2420 1234 2598 1286 volunt
2631 1231 2683 1283 in
2723 1246 2880 1284 carne
2903 1229 3109 1297 placere
3146 1237 3376 1286 tantum,
3424 1236 3479 1276 ut
3522 1228 3664 1278 cruris

2121 1323 2321 1377 Christi
2381 1323 2794 1392 persecutionem
2854 1321 3070 1378 minime
3121 1319 3403 1386 patiantur
3464 1313 3663 1384 (Calai.

2123 1429 2195 1476 VI,
2234 1413 2344 1482 η).

2199 1523 2216 1556 t
2270 1504 2508 1571 Credidi,
2550 1511 2769 1571 propter
2821 1500 2963 1573 quod
3024 1503 3236 1555 locutus
3265 1515 3383 1554 sum
3425 1517 3439 1553 :
3498 1509 3546 1553 et
3587 1514 3668 1551 nos

2126 1598 2422 1659 credimus,
2467 1607 2688 1664 propter
2737 1593 2877 1662 quod
2913 1605 2966 1646 et
2998 1591 3292 1661 loquimur.
3329 1609 3346 1640 ι
3405 1588 3515 1642 Hoc
3543 1593 3666 1643 testi-

2052 1668 2094 1724 θ
2127 1690 2311 1740 mouio
2360 1688 2584 1741 credere
2623 1701 2682 1740 se
2719 1687 2931 1754 probat.
2998 1684 3054 1738 Si
3082 1687 3225 1736 enim
3260 1683 3355 1736 ille
3408 1681 3528 1735 ideo
3564 1684 3668 1749 quia

2129 1779 2400 1842 credidit,
2451 1779 2819 1846 loquebatur:
2878 1791 3035 1828 nemo
3088 1776 3236 1828 enim
3291 1789 3442 1827 sana:
3496 1777 3666 1826 metuis

2129 1871 2282 1924 alteri
2338 1869 2569 1923 aﬂirtnat
2613 1869 2757 1937 quod
2796 1869 2909 1936 ipse
2940 1883 3045 1920 non
3069 1866 3239 1920 credit
3275 1883 3289 1923 :
3325 1882 3456 1934 ergo
3500 1878 3547 1918 et
3583 1881 3666 1918 nos

2128 1962 2216 2030 qui
2254 1962 2545 2029 loquimur,
2580 1961 2775 2030 inquit,
2815 1959 3216 2026 creditnus,qui
3244 1958 3407 2012 etiam
3441 1967 3662 2027 proptir-

2129 2067 2188 2106 ea
2227 2053 2569 2107 tribulatnur.
3661 2061 3666 2065 ’

2204 2162 2223 2195 ‹
2257 2145 2505 2199 Scientes
2534 2144 2789 2214 quoniam
2818 2143 2907 2212 qui
2945 2142 3228 2198 suscitavit
3260 2139 3472 2196 Iesum.
3514 2158 3532 2191 ι
3574 2138 3671 2191 Γιγ-

2131 2239 2287 2290 initer
2321 2245 2560 2291 tenentes
2605 2237 2746 2291 hanc
2789 2235 2974 2302 ﬁdem,
3005 2252 3033 2289 a
3067 2251 3171 2305 qua
3197 2249 3299 2288 nec
3329 2243 3503 2288 morte
3527 2232 3672 2286 divel-

2131 2331 2313 2382 limttr.

2206 2435 2221 2466 ι
2257 2414 2321 2469 Et
2349 2430 2446 2469 nos
2471 2431 2594 2471 cum
2623 2414 2750 2472 Jesu
2780 2416 3085 2477 suscitaliit.
3111 2426 3162 2469 et
3187 2417 3482 2469 constituet
3518 2415 3672 2468 vobis-

2128 2521 2269 2562 cum.
2310 2527 2328 2558 ι
2377 2509 2528 2564 Sicut
2564 2510 2711 2564 illum
2757 2511 3061 2571 suscitavit.
3117 2520 3173 2562 et
3224 2522 3344 2570 nos,
3395 2509 3438 2561 si
3483 2522 3573 2575 pro
3619 2521 3670 2558 eo

2129 2598 2262 2651 mori
2273 2615 2411 2654 mur.

2207 2709 2226 2741 t
2264 2693 2455 2744 Omnia
2501 2693 2645 2745 enim
2685 2707 2910 2762 propter,
2958 2707 3072 2745 vos.
3123 2710 3140 2741 ι
3186 2691 3380 2744 Omnia
3415 2690 3528 2744 ideo
3558 2689 3672 2757 pati-

2133 2798 2273 2847 mur,
2320 2785 2448 2852 quia
2484 2785 2712 2840 lideliter
2747 2794 2978 2839 vestram
3026 2787 3258 2838 salutem
3305 2785 3586 2853 quaerimus
3632 2793 3676 2834 et

2130 2892 2403 2945 optamus.

2209 2988 2227 3019 ι
2273 2968 2340 3022 Ut
2393 2971 2568 3038 gratia
2617 2969 2902 3024 abundans
2936 2984 3030 3038 per
3077 2969 3276 3022 multos
3315 2967 3367 3021 in
3403 2967 3673 3038 gratiarum

2130 3060 2346 3113 actione
2393 3062 2626 3114 abundet
2671 3063 2722 3113 in
2760 3062 2988 3130 gloriam
3040 3058 3159 3115 Dei.
3199 3079 3216 3111 ι
3285 3061 3442 3112 Hunc
3485 3072 3673 3112 sensum

2132 3155 2313 3217 habet,
2343 3170 2439 3224 per
2473 3155 2867 3207 multitudinem
2921 3153 3258 3207 credentium
3311 3165 3530 3223 propter
3572 3167 3678 3221 gra-

2132 3245 2259 3298 tiam
2285 3247 2676 3308 abundantem,
2725 3257 2780 3300 et
2815 3247 3116 3316 gratiarum
3153 3248 3298 3300 actio
3349 3246 3586 3299 abundet
3631 3247 3673 3294 iu

2128 3339 2296 3406 gloria
2329 3336 2443 3390 Dei.
2717 3344 2725 3353 '

2206 3448 2222 3479 t
2258 3427 2484 3496 Propter
2528 3429 2671 3498 quod
2712 3445 2820 3483 non
2869 3428 3178 3484 deficimus.
3229 3448 3248 3480 ι
3312 3428 3546 3497 PrOpter
3578 3444 3674 3489 vos.

2128 3530 2182 3574 et
2218 3533 2437 3589 propter
2464 3522 2692 3590 gloriam
2723 3522 2838 3584 Dei,
2873 3522 2925 3575 in
2971 3522 3224 3576 omnibus
3260 3522 3674 3575 tribulationibus

2129 3625 2184 3668 et
2216 3615 2523 3681 opprobriis
2558 3629 2662 3665 non
2697 3627 2995 3667 cessamus.

2204 3720 2220 3751 ι
2263 3702 2364 3754 Sed
2392 3702 2519 3756 licet
2549 3703 2596 3755 is
2623 3705 2716 3772 qui
2755 3701 2889 3755 foris
2916 3710 2998 3757 est
3037 3712 3222 3758 noster
3263 3704 3436 3758 homo
3461 3719 3674 3758 corrutu~

2129 3803 2304 3860 patur,
2356 3803 2536 3847 tamen
2571 3795 2616 3847 is
2651 3793 2743 3864 qui
2785 3795 2930 3849 intus
2962 3805 3069 3857 est,
3104 3806 3404 3849 renovatur
3430 3795 3496 3850 de
3531 3797 3606 3847 die
3634 3796 3673 3846 iu

2127 3885 2294 3938 diem.
2347 3904 2366 3936 ι
2418 3885 2568 3940 Licet
2600 3902 2795 3956 corpus
2831 3889 3146 3956 passionum
3190 3888 3414 3955 injuriis
3459 3904 3674 3944 corrum-

2129 3987 2305 4046 patur,
2344 3980 2522 4032 anima
2551 3987 2733 4033 tamen
2769 3994 2864 4046 5pc
2899 3981 3204 4032 futurorutu
3231 3981 3477 4048 quotidie
3507 3980 3675 4032 conﬁr-

2129 4077 2305 4122 tnatur
2346 4071 2410 4124 ad
2445 4070 2625 4122 omnia
2657 4069 2989 4124 sustinenda.

441 1685 777 1740 'I‘cstameuti
812 1704 823 1740 :
862 1687 985 1754 quia
1017 1703 1043 1738 a
1081 1685 1242 1739 Patre
1277 1685 1478 1739 Christi
1509 1697 1594 1740 est
1626 1688 1834 1739 datum.

517 1799 536 1831 ι
573 1780 690 1848 Ipse
729 1779 904 1832 illuxit
964 1779 1014 1830 in
1056 1778 1310 1832 cordibus
1371 1780 1574 1833 nostris
1625 1783 1690 1833 ad
1749 1781 2019 1836 illumina-

441 1870 644 1922 tionem
683 1869 926 1923 scientia:
959 1868 1226 1924 claritatis
1271 1869 1387 1924 Dei.
1429 1889 1446 1922 ι
1497 1871 1680 1926 ΙΙΙιιιὶι
1715 1877 1921 1943 primus
1964 1875 2017 1928 in

441 1963 700 2017 cordibus
730 1963 928 2016 nostris
961 1977 1053 2030 per
1091 1959 1279 2017 Jesum
1334 1961 1634 2028 Christum,
1666 1977 1720 2019 ut
1754 1981 1853 2020 nos
1885 1967 2020 2020 alios

443 2054 751 2108 illuminare
784 2054 1079 2123 possimus.

519 2162 537 2193 ί
579 2144 636 2196 ln
681 2143 836 2218 facie
873 2143 1076 2198 Christi
1126 2143 1276 2199 Jesu.
1311 2163 1330 2196 ι
1375 2143 1511 2211 Quae
1546 2143 1785 2200 charitas
1833 2159 1912 2200 est
1966 2147 2018 2201 in

445 2235 584 2290 facie
638 2236 841 2291 Christi
908 2237 1079 2305 major
1137 2252 1298 2305 quam
1335 2236 1508 2302 Mosi;
1568 2239 1646 2289 vel
1697 2237 1747 2288 iit
1791 2253 2017 2306 petsoua

441 2327 648 2382 Christi
682 2343 782 2383 nos
822 2327 1072 2381 homines
1107 2328 1335 2380 scientia
1369 2327 1757 2381 illumittamus.

521 2438 542 2471 ι
578 2419 846 2474 Habemus
875 2428 1076 2472 autem.
1113 2436 1131 2469 ι
1181 2416 1278 2471 Hic
1310 2419 1498 2485 incipit
1537 2421 1824 2470 ostendere
1853 2435 2021 2486 quare

447 2519 592 2564 tanta
627 2519 679 2564 et
712 2510 837 2563 talia
871 2510 1165 2576 patiantur,
1203 2510 1330 2578 quia
1378 2511 1443 2563 de
1472 2511 1573 2563 hoc
1613 2510 1716 2562 illis
1748 2515 2018 2579 pseudou-

448 2601 638 2671 postoli
660 2584 1061 2656 detrahebant.

524 2714 541 2745 ι
583 2690 922 2748 Thesaurum
966 2695 1131 2748 istum
1166 2693 1215 2746 in
1253 2693 1396 2747 vasis
1433 2694 1712 2759 lictilibus,
1764 2707 1820 2750 ut
1851 2698 2021 2752 subli-

449 2787 608 2839 mitas
641 2785 710 2839 sit
737 2785 953 2838 virtutis
981 2783 1096 2846 Dei,
1143 2793 1332 2838 etnon
1368 2801 1432 2839 ex
1479 2787 1655 2840 nobis.
1692 2805 1710 2837 ι
1779 2788 2021 2842 Thesau-

449 2892 568 2930 rum
600 2879 787 2945 gratia:
815 2875 1116 2945 spiritualis
1147 2876 1198 2929 in
1229 2876 1402 2946 fragili
1433 2893 1662 2946 corpore
1694 2879 2019 2948 bajulauius.

448 2971 645 3036 inquo
694 2968 856 3021 etiam
915 2983 1033 3022 cum
1086 2968 1222 3022 alios
1261 2983 1536 3033 sanemus,
1589 2973 1688 3040 ipsi
1728 2976 2022 3042 aliquoties

447 3060 782 3112 lufirmamur
814 3075 830 3114 :
868 3070 926 3112 ut
951 3061 1094 3127 quod
1127 3059 1384 3123 facimus.
1419 3078 1524 3115 ttou
1560 3074 1758 3118 nostra:
1785 3069 2019 3133 virtutis,

445 3151 538 3205 sed
565 3149 658 3202 Dei
687 3163 808 3204 esse
845 3160 1120 3204 noscatur.

526 3257 543 3290 t
585 3241 640 3293 In
687 3241 941 3293 onmihus
989 3239 1397 3294 tribulationem
1451 3241 1706 3310 patimur,
1765 3245 1858 3299 sed
1916 3261 2024 3299 non

447 3333 844 3401 angustiamur.
901 3347 920 3382 ι
989 3330 1428 3385 Persecutiouem
1481 3333 1694 3400 quidem
1757 3340 2021 3402 patimur,

448 3427 540 3478 sed
579 3438 675 3492 per
719 3421 973 3477 solatium
1032 3423 1234 3476 futurae
1278 3424 1394 3493 spei
1427 3440 1440 3481 ;
1479 3439 1585 3478 nou
1619 3432 2024 3494 angustiamur,

448 3517 540 3570 sed
567 3514 796 3583 amplius
826 3513 1175 3570 delectamur.

524 3627 542 3658 ι
579 3606 925 3675 Aporiamur,
983 3607 1080 3660 sed
1121 3622 1226 3660 non
1269 3609 1635 3666 destituimur.
1681 3608 2023 3665 Persecutio:

450 3716 571 3754 ueni
608 3700 866 3768 patimur,
899 3701 992 3752 sed
1023 3714 1130 3752 non
1164 3700 1614 3768 derelinquimur.
1643 3701 2022 3771 liutniliamur,

450 3793 544 3846 sed
585 3807 689 3846 non
738 3790 1142 3846 confundimur.
1181 3809 1198 3842 ι
1260 3790 1328 3844 Et
1373 3792 1541 3855 cattle,
1592 3803 1647 3847 et
1695 3795 2023 3863 opprobriis,

449 3882 540 3936 sed
575 3883 759 3935 divino
791 3897 894 3936 non
933 3881 1244 3936 desolamur
1266 3883 1488 3936 auxilio.

526 3993 544 4024 ι
581 3974 898 4043 Dt-jicimur,
943 3975 1038 4028 sed
1090 3988 1196 4026 non
1228 3974 1490 4044 perimus.
1535 3992 1553 4024 ι
1596 3973 1781 4040 L‘sque
1825 3978 1889 4026 ad
1931 3976 2026 4028 de-

448 4069 809 4135 sperationem
848 4068 974 4122 vita:
1015 4068 1280 4133 venimus,
1314 4069 1410 4122 sed
1445 4083 1550 4123 non
1583 4070 1880 4136 morimur;
1925 4073 2023 4127 sed

449 4169 502 4211 et
535 4157 579 4211 si
614 4162 895 4225 morimur,
926 4174 1029 4212 nou
1063 4163 1329 4229 perimus.
2203 4181 2219 4212 ι
2255 4161 2305 4214 Id
2351 4163 2520 4226 enim,
2572 4165 2718 4232 quod
2746 4164 2797 4216 in
2822 4162 3077 4230 presenti
3110 4171 3198 4216 est
3226 4173 3672 4217 momentaneum.

528 4265 546 4299 ι
587 4251 817 4320 Semper
867 4251 1342 4306 mortiﬁcationem
1391 4252 1517 4309 .lesu
1559 4254 1763 4309 Christi
1817 4255 1868 4308 in
1901 4269 2024 4309 cor-
2129 4262 2184 4306 et
2239 4255 2355 4307 leve
2407 4255 2776 4310 tribulationis
2811 4265 3028 4310 nostrae.
3064 4274 3083 4306 ι
3145 4255 3400 4332 Prii-setis
3432 4257 3674 4308 tribulam

451 4356 582 4408 pore
645 4351 837 4396 nostro
896 4343 1348 4399 circumferentes
1405 4362 1420 4398 :
1484 4356 1541 4398 ut
1595 4356 1650 4398 et
1719 4351 1824 4398 vita
1893 4343 2020 4399 Jesu
2059 4349 2472 4428 unantolibet
2525 4358 2768 4417 tempore
2803 4364 3181 4418 perseverans.
3238 4350 3304 4402 ad
3341 4351 3674 4416 coitiparatiu-

451 4431 826 4486 inanifestetur
859 4433 912 4486 itt
945 4435 1266 4502 corporibus
1313 4437 1536 4490 nostris.
1578 4455 1596 4488 ι
1652 4435 1757 4490 Per
1800 4437 2023 4490 tribula-
2132 4457 2254 4495 neut
2293 4442 2572 4493 immensa:
2617 4440 2801 4509 gloria:
2829 4450 3047 4492 aeternae.
3083 4437 3266 4491 brevis
3295 4448 3350 4490 et
3385 4437 3554 4488 fat-ilis
3574 4450 3672 4484 est:
3829 4431 3837 4534 ⁴

451 4526 670 4588 tiOuem,
703 4527 846 4579 sicut
876 4528 1001 4580 alibi
1033 4529 1152 4582 ait:
1213 4526 1462 4592 Quotidie
1509 4531 1767 4582 morimur
1804 4547 1894 4597 per
1942 4545 2024 4581 ue-
2129 4535 2266 4587 sicut
2303 4531 2370 4584 ad
2405 4531 2676 4584 Romanos
2726 4533 2840 4585 ait:
2905 4529 3161 4584 Existimo
3197 4532 3360 4592 enim,
3417 4528 3551 4596 quod
3592 4541 3676 4578 mm

447 4626 612 4668 atram
644 4615 866 4686 gloriam
895 4616 943 4685 (Ι
983 4615 1107 4671 Car.
1143 4633 1229 4682 xv,
1261 4620 1392 4689 31);
1448 4637 1578 4689 etgo
1626 4624 1669 4674 si
1729 4622 2025 4698 co_mtnori-
2126 4635 2248 4678 ιωιι
2280 4624 2552 4693 condigna:
2581 4627 2852 4692 passiones
2893 4622 3050 4687 huius
3076 4625 3326 4690 temporis
3365 4624 3440 4673 ad
3469 4629 3671 4687 [uiarum
3827 4615 3833 4714 ί

451 4723 594 4772 mur,
629 4708 826 4776 inquit,
858 4721 912 4762 et
937 4712 1307 4764 cenvivenius.
1358 4709 1434 4763 llli
1475 4724 1678 4780 autem,
1711 4715 1800 4782 qui
1837 4714 2024 4765 uolunt
2127 4716 2350 4785 gloriam
2375 4715 2547 4788 (Rom.
2586 4732 2693 4780 vtu,
2725 4715 2833 4782 l8).

446 4802 734 4865 commori,
769 4815 865 4854 nev.
896 4803 1208 4856 convivent.
2205 4828 2220 4858 t
2260 4804 2430 4878 Supra
2499 4812 2713 4860 modum
2771 4811 2821 4858 in
2885 4805 3242 4861 sublimitate.
3284 4826 3300 4858 ο
3373 4807 3505 4872 Quia
3556 4804 3672 4855 nulla

525 4910 545 4942 ι
580 4891 805 4962 Semper
841 4894 988 4948 enim
1027 4911 1122 4948 nos
1145 4896 1236 4963 qui
1273 4897 1522 4960 vivimus,
1565 4899 1614 4951 iti
1655 4908 1882 4951 mortem
1917 4908 2048 4951 tra-'
2127 4905 2461 4972 comparatio
2492 4913 2666 4969 potest
2693 4917 2835 4956 esse.

446 4985 648 5039 dimur.
690 5007 708 5038 ι
752 4985 1003 5051 Quandiu
1033 5004 1222 5043 sumus
1263 4989 1314 5042 in
1346 5006 1601 5059 corpore.
2207 5015 2224 5046 ι
2259 4994 2548 5049 Ᾰξιθτιιυηι
2583 4998 2770 5066 gloria:
2801 4995 3014 5065 pondus
3049 5009 3310 5064 operatur
3367 4995 3421 5047 in
3461 4992 3618 5046 IIUlliS-
3653 5006 3666 5033 ν

522 5097 542 5131 t
581 5079 810 5150 Propter
847 5079 1052 5147 Jesum,
1083 5094 1140 5136 ut
1167 5093 1220 5136 et
1245 5086 1349 5138 vita
1393 5083 1519 5138 Jesu
1557 5085 1932 5139 mamfestetur
1967 5087 2018 5138 in
2125 5087 2260 5154 Quia
2304 5090 2430 5141 illud
2483 5087 2600 5142 leve
2646 5088 2897 5142 dixerat:
2951 5089 3072 5143 ideo
3122 5089 3305 5157 posuit
3349 5087 3440 5140 hic
3469 5088 3670 5154 potuit».

445 5187 609 5226 carne
644 5183 829 5226 nostra
861 5175 1097 5229 mortali.
1129 5193 1147 5225 ι
1210 5173 1328 5228 Non
1362 5187 1580 5245 propter
1633 5195 1797 5248 opera
1856 5180 2018 5243 mala,
2126 5195 2350 5232 servans
2385 5180 2759 5248 metaphoram
2799 5190 3017 5232 staterae
3049 5196 3062 5231 :
3099 5181 3181 5232 vel
3217 5179 3363 5247 quod
3401 5175 3669 5231 tribulatio-

444 5267 540 5321 sed
567 5279 788 5337 propter
817 5282 1013 5336 corpus
1040 5267 1178 5333 ejus,
1208 5269 1258 5321 itl
1291 5280 1394 5333 est,
1427 5269 1750 5336 Ecclesiatu,
1785 5275 2022 5341 patimur
2125 5287 2254 5324 num
2289 5270 2521 5336 pondus,
2576 5285 2695 5338 qua:
2717 5286 2899 5339 .supra
2935 5269 3152 5322 modum
3181 5278 3302 5322 sunt
3336 5268 3391 5339 in
3422 5263 3666 5337 praisenli.

444 5360 587 5428 quod
621 5374 812 5427 passus
853 5371 938 5412 est
989 5360 1074 5412 ille
1113 5376 1210 5428 pro
1261 5362 1417 5415 nobis
1449 5377 1465 5417 :
1514 5373 1572 5415 ut
1604 5363 1712 5414 vita
1745 5364 1883 5429 ejus,
1919 5366 2021 5418 hoc
2125 5365 2512 5418 sublimitatem
2547 5365 2731 5434 gloria:
2761 5373 2976 5417 aeterna:
3004 5362 3307 5432 petliciant.

446 5462 554 5518 est,
587 5464 812 5517 azterua,
849 5455 1226 5507 manilestetur
1259 5455 1310 5506 in
1342 5469 1508 5508 carne
1540 5467 1724 5508 nostra
1756 5459 1970 5512 mortali
2004 5474 2020 5514 ;
2201 5475 2219 5506 t
2259 5455 2376 5508 Non
2405 5457 2901 5524 contemplantibus
2930 5459 3112 5518 nobis.
3154 5470 3270 5521 qua:
3301 5452 3569 5510 videntur.
3593 5442 3664 5499 Sed

446 5556 502 5598 ut
540 5548 709 5613 possit
747 5546 861 5598 lieri
911 5547 1249 5599 immortalis.
1311 5545 1562 5600 Nondum
1599 5551 1734 5601 enim
1766 5552 2020 5619 apparuit
2124 5565 2242 5616 qua:
2271 5565 2374 5602 non
2408 5551 2682 5603 videntur.
2717 5550 2845 5615 Quze
2883 5553 3024 5601 enim
3068 5549 3338 5610 videntur,
3380 5538 3662 5612 temporali!

445 5641 502 5688 in
535 5640 702 5705 nobis,
746 5638 870 5707 quid
900 5638 1092 5691 erimus
1121 5638 1299 5712 (Joan.
1333 5656 1414 5705 tu,
1440 5639 1516 5710 Ξ).
2125 5654 2270 5706 sunt,
2303 5657 2420 5709 qua»
2448 5653 2627 5697 autem
2665 5659 2769 5697 non
2819 5643 3088 5705 videntur,
3126 5651 3328 5694 acterna
3366 5646 3515 5693 sunt.
3547 5651 3562 5684 ι
3606 5627 3661 5682 De
