3954 6194
318 392 427 459 817

1315 403 1738 466 EXPOSlTlO
1777 409 1858 469 ΙΝ
1899 411 2148 476 EPlST.
2191 415 2246 472 ll
2281 417 2380 476 AD
2423 415 2590 480 COR.

3472 424 3580 489 818

322 509 672 608 *ξειίωῖίιὶιξεοΔ
705 527 808 568 nec
848 514 1008 572 bonis
1038 528 1344 582 movemur.
1396 521 1500 574 "Ec
1550 522 1724 588 malis,
1766 523 1894 594 quia
1927 552 1972 608 Α
2003 529 2268 586 sidemus.
2314 533 2596 590 Audemus
2637 542 2820 590 autem
2854 546 2907 590 et
2933 536 3326 600 consentimus,
3350 548 3401 592 et
3431 557 3582 608 pror-

323 615 548 672 utraque
580 603 864 662 finiuntur.

940 765 1170 822 CAPUT
1226 767 1287 822 V.

399 892 422 927 ι
470 874 688 931 Scimus
736 877 885 932 enim
935 883 1194 948 quoniam
1259 885 1306 938 si
1372 887 1648 940 terrestris
1701 887 1896 943 domus

319 974 503 1018 nostra
535 967 705 1035 hujus
747 967 1103 1026 habitationis
1137 971 1495 1040 dissolvatur,
1559 976 1702 1046 quod
1730 978 1897 1031 aedili-

320 1057 586 1111 cationem
616 1073 679 1112 ex
711 1059 824 1114 Deo
854 1061 1136 1117 habemus.
1181 1081 1200 1114 ›
1235 1064 1400 1131 Quasi
1431 1067 1624 1136 aliquis
1652 1069 1700 1121 ei
1729 1069 1895 1123 dixit-

323 1160 426 1213 set,
457 1153 676 1214 quando
709 1153 850 1206 istud
893 1155 1022 1220 erit,
1057 1170 1180 1210 cum
1207 1158 1376 1210 sciam
1407 1172 1492 1211 me
1525 1172 1649 1214 esse
1692 1172 1899 1214 morta-

324 1244 470 1296 lett):
525 1243 653 1298 ideo
702 1247 1159 1302 resurrectionem
1201 1250 1388 1318 gloriae
1418 1250 1648 1307 induxit.
1695 1253 1898 1308 Domus

322 1346 528 1398 nostra,
587 1336 782 1405 inquit,
838 1349 1114 1393 terrenum
1162 1355 1382 1412 corpus,
1444 1342 1495 1395 in
1552 1358 1663 1412 quo
1712 1345 1765 1399 in
1798 1345 1900 1401 hoc

321 1427 518 1480 saeculo
546 1429 727 1484 adhuc
765 1430 1126 1499 corporaliter
1170 1432 1526 1493 habitamus:
1566 1436 1611 1489 si
1652 1448 1778 1490 ante
1805 1437 1901 1488 ad-

323 1529 538 1574 ventum
576 1522 816 1585 Domini,
865 1523 948 1577 vel
1003 1524 1373 1594 passionibus,
1432 1526 1517 1581 vel
1583 1528 1900 1583 conditione

322 1621 530 1666 natura
553 1613 718 1668 fuerit
748 1615 1097 1680 dissolutum,
1123 1618 1400 1673 caelestem
1433 1617 1898 1689 incorruptionem

321 1720 385 1757 ex
419 1703 550 1770 Deo,
580 1720 812 1776 corpore
839 1708 1218 1773 reviviscente,
1249 1725 1548 1765 sumemus.

398 1811 416 1844 ι
465 1794 691 1850 Domum
733 1813 838 1852 non
899 1797 1274 1852 manufactam
1305 1838 1320 1864 ,
1371 1801 1466 1854 sed
1529 1810 1787 1855 mternam
1846 1803 1900 1856 in

2001 637 2095 676 sus
2135 621 2239 677 boc
2273 625 2538 679 audenter
2579 625 2832 694 legimus,
2860 627 2997 682 sicut
3026 628 3154 681 alibi
3181 628 3295 682 ait:
3330 628 3584 699 Dissolvi,

2001 721 2050 765 et
2089 729 2206 766 cum
2239 712 2450 768 Christo
2479 731 2618 782 esse,
2667 715 2836 771 multo
2893 719 3055 792 magis
3099 719 3282 772 melius
3327 718 3576 790 (Philipp.

2001 819 2039 866 t,
2075 804 2190 873 25).

2078 915 2095 948 ι
2135 897 2303 968 Magis
2333 901 2665 970 peregrinari
2693 918 2722 956 a
2769 917 3021 971 corpore.
3056 920 3073 952 ι
3117 901 3259 957 Bene
3288 901 3385 970 ait,
3423 917 3579 972 pere-

1999 987 2204 1054 grinari
2232 1007 2257 1043 a
2295 1007 2528 1062 corpore
2551 1033 2566 1059 ,
2599 995 2725 1064 quia
2760 995 2830 1048 ad
2857 993 2907 1048 id
2933 1009 3123 1052 sumus
3145 993 3337 1049 iterum
3375 1011 3582 1064 regres-

2003 1094 2138 1136 SUI‘I.

2081 1191 2100 1225 ί
2137 1172 2206 1228 Et
2242 1186 2540 1244 praesentes
2585 1193 2708 1233 esse
2753 1180 2817 1234 ad
2850 1178 3160 1234 Dominum.
3205 1199 3224 1232 ›
3258 1180 3578 1251 Quanquam

1999 1263 2247 1319 Creatori
2287 1278 2387 1321 suo
2420 1269 2565 1321 nulla
2620 1279 2866 1323 creatura
2923 1271 2994 1325 sit
3048 1270 3294 1327 absens:
3351 1272 3445 1326 sed
3481 1285 3579 1326 nos

2002 1356 2404 1425 quodammodo
2439 1369 2566 1413 tunc
2603 1359 2675 1414 illi
2719 1362 2890 1430 magis
2915 1371 3211 1430 praesentes
3251 1363 3484 1424 erimus,
3522 1373 3580 1417 ut

2003 1447 2162 1501 etiam
2213 1448 2463 1516 perfecti,
2511 1466 2634 1504 cum
2688 1466 2714 1504 a
2747 1453 2928 1506 carnis
2971 1453 3240 1508 fuerimus
3282 1453 3580 1522 fragilitate

2003 1536 2255 1606 sejuncti.
2301 1537 2428 1594 Sive
2476 1541 2617 1607 quod
2671 1544 2967 1594 secundum
3017 1557 3115 1596 nos
3151 1541 3257 1598 Deo
3285 1555 3580 1612 praesentes

2003 1629 2247 1691 erimus:
2305 1631 2431 1697 quia
2462 1631 2764 1688 secundum
2800 1631 2950 1688 illum
2983 1633 3235 1689 absentes
3267 1649 3388 1690 esse
3441 1651 3583 1700 nun-

2004 1736 2166 1792 quam
2203 1737 2516 1791 possumus.
2763 1725 2769 1730 ’

2084 1831 2102 1865 ς
2136 1811 2199 1866 Et
2231 1812 2352 1866 ideo
2386 1812 2781 1878 contendimus,
2832 1813 2946 1868 sive
2976 1813 3248 1882 absentes,
3297 1815 3412 1870 sive
3441 1829 3579 1884 prte-

333 1888 504 1942 «mlis.
544 1907 563 1941 ι
611 1890 746 1956 Quia
782 1893 1018 1947 animale
1069 1907 1287 1961 corpus,
1332 1895 1474 1962 quod
1506 1894 1600 1948 Dei
1643 1896 1904 1964 quodam—

2026 1917 2211 1970 icntes,
2270 1905 2483 1972 placere
2538 1906 2638 1959 illi.
2677 1924 2696 1958 ι
2752 1905 2872 1961 iam
2908 1906 3068 1960 modo
3120 1907 3252 1962 tales
3293 1923 3416 1963 esse
3459 1916 3581 1962 actu

327 1981 488 2034 modo
525 1997 686 2035 manu
739 1983 940 2038 dicitur
992 1999 1113 2038 esse
1164 1985 1533 2054 plasmatum;
1573 1986 1674 2041 boc
1725 1987 1898 2058 ipsum

328 2072 612 2139 spirituale
646 2073 756 2137 flet,
795 2089 893 2144 per
914 2075 1190 2143 spiritum.

407 2181 425 2214 ι
493 2163 626 2217 Nam
681 2175 736 2219 et
783 2165 836 2219 in
889 2165 992 2219 hoc
1040 2165 1473 2235 ingemiscimus,
1511 2169 1899 2223 habitationem

325 2266 594 2321 nostram,
625 2272 742 2324 qua:
773 2258 842 2313 de
871 2257 1012 2314 coelo
1041 2267 1144 2324 est,
1180 2262 1493 2329 superindui
1524 2262 1828 2330 cupientes.
1875 2281 1892 2314 ι

325 2348 572 2404 Gemitus
604 2351 689 2405 hic
719 2366 815 2418 pro
849 2352 1033 2408 labore
1064 2352 1361 2420 accipitur:
1387 2354 1514 2421 quia
1543 2368 1666 2408 cum
1701 2354 1900 2423 gemitu

327 2442 606 2494 laboratur
629 2481 644 2503 .
707 2443 848 2498 sicut
899 2453 954 2499 et
983 2451 1168 2513 partus
1197 2459 1297 2515 pro
1329 2446 1515 2500 labore
1543 2445 1782 2513 ponitur.
1817 2445 1900 2499 Ad

328 2537 429 2586 hoc
456 2548 588 2602 ergo
624 2534 959 2601 laboramus,
1000 2545 1068 2590 ut,
1092 2536 1180 2590 illa
1209 2536 1520 2604 superindui
1559 2549 1898 2591 mereamur.

405 2623 507 2678 «Si
545 2636 722 2678 tamen
777 2626 980 2692 vestiti,
1037 2638 1091 2680 et
1140 2643 1247 2682 non
1297 2629 1420 2682 nudi
1477 2627 1838 2682 inveniamur.
1879 2645 1897 2678 ι

326 2722 370 2775 Α
407 2723 509 2778 llde
543 2723 622 2776 v‘el
646 2737 807 2792 opere
832 2726 1069 2794 pietatis.

403 2830 422 2864 ι
460 2812 591 2868 Nam
645 2825 699 2869 et
745 2817 836 2884 qui
889 2831 1081 2870 sumus
1107 2816 1158 2870 in
1204 2817 1307 2871 hoc
1335 2817 1709 2881 tabernaculo,
1745 2817 1900 2886 inge-

327 2908 608 2963 miscimus
648 2909 896 2978 gravati:
955 2924 1021 2963 eo
1071 2910 1216 2978 quod
1275 2910 1528 2966 nolumus
1585 2910 1898 2980 exspoliari,

325 3002 422 3054 sed
476 3002 850 3066 supervestiri.
895 3020 913 3052 ι
948 3002 1081 3057 Nam
1121 3007 1216 3070 qui
1251 3004 1355 3058 vivi
1389 3003 1762 3067 invenientur,
1801 3005 1904 3058 hoc

327 3092 673 3158 laborabunt,
714 3105 772 3148 ut
805 3109 910 3147 non
941 3095 1316 3163 exspolieutur
1358 3095 1427 3151 ab
1467 3095 1591 3164 igne
1623 3110 1745 3148 cum
1780 3111 1904 3164 pec-

325 3185 625 3248 catoribus,
667 3200 786 3238 cum
847 3188 1027 3239 omnia
1079 3187 1348 3256 coeperint
1397 3188 1667 3240 elementa
1711 3202 1903 3240 consu-

2003 2010 2287 2060 conamur,
2333 1996 2522 2066 quales
2577 1996 2742 2050 futuri
2792 2012 2982 2050 sumus
3037 1996 3092 2050 in
3145 2011 3334 2066 regno,
3385 2010 3580 2053 natura

2005 2087 2401 2156 incorruptibili
2443 2088 2562 2140 sine
2614 2087 2774 2140 dubio
2821 2096 2876 2145 et
2933 2087 3186 2154 perfecti.
3239 2085 3352 2141 l‘loc
3405 2089 3580 2143 dicit:

2003 2177 2245 2244 quandiu
2293 2178 2346 2232 in
2396 2179 2596 2231 tnundo
2629 2177 2790 2252 positi
2822 2177 3238 2247 peregrinantur
3270 2195 3298 2231 a
3329 2177 3580 2243 Domino,

2005 2269 2417 2322 conversatione
2467 2270 2605 2322 bona
2657 2267 2707 2321 id
2749 2284 3012 2338 agamus,
3088 2277 3146 2322 ut
3177 2271 3224 2324 ei
3278 2270 3333 2323 in
3389 2269 3578 2330 futuro

2006 2358 2220 2430 placere
2268 2359 2537 2428 possimus
2578 2374 2592 2415 ;
2648 2373 2753 2412 non
2799 2369 2857 2418 ut
2905 2359 3124 2428 quidam
3179 2367 3409 2429 putant,
3456 2364 3581 2431 quia

2005 2461 2191 2520 postea
2224 2465 2383 2519 quam
2437 2451 2838 2505 excesserimus
2884 2465 2915 2504 e
2959 2465 3212 2524 corpore,
3257 2451 3329 2504 ibi
3374 2451 3581 2521 aliquid

2005 2551 2302 2612 cperantcs
2337 2542 2506 2596 Deum
2545 2556 2978 2612 promereamur.

2085 2653 2102 2686 ‹
2148 2635 2350 2690 Omnes
2413 2635 2559 2688 enim
2622 2650 2721 2688 nos
2790 2635 3123 2687 manifestari
3181 2643 3398 2704 oportet
3455 2642 3584 2689 ante

2005 2727 2243 2781 tribunal
2303 2725 2531 2780 Chrisﬁ.
2573 2743 2592 2778 ι
2655 2727 2762 2781 Pro
2809 2727 3185 2796 magnitudine
3215 2727 3467 2796 potentias
3496 2742 3587 2781 se.-

1956 2805 1961 2810 ⁷
2005 2815 2205 2879 dentis,
2237 2813 2550 2883 magnitudo
2585 2814 2870 2870 tribunalis
2924 2823 2978 2868 et
3017 2823 3200 2868 terror
3224 2812 3414 2889 judicii
3445 2816 3590 2870 aesti-

2009 2905 2204 2957 manda
2236 2915 2380 2958 sunt.

2084 3014 2102 3046 ι
2151 2994 2220 3050 Ut
2252 2997 2451 3050 referat
2484 2995 2858 3063 unusquisque
2888 2994 3106 3064 propria
3137 2993 3385 3063 corporis
3425 3003 3586 3060 prout

2007 3090 2199 3156 gessit,
2237 3091 2354 3143 sive
2387 3089 2612 3151 bonum,
2659 3088 2776 3140 sive
2805 3089 3028 3140 malum.
3069 3105 3086 3137 ι
3131 3084 3270 3151 Quia
3305 3090 3370 3140 de
3407 3100 3587 3138 resur-

2009 3181 2270 3245 rectionis
2307 3190 2552 3248 tempore
2600 3178 2806 3234 fecerat
2837 3172 3198 3240 ’mentionem,
3245 3176 3360 3230 vult
3393 3185 3581 3229 osten-

326 3274 399 3326 mi
438 3292 464 3345 :g
510 3274 602 3328 sed
662 3284 721 3329 ut
755 3290 876 3328 cum
912 3275 1079 3344 iustis
1123 3277 1531 3332 immortalitate
1585 3277 1901 3348 superindui
1931 3243 1973 3301 Ω
2005 3273 2138 3324 dere
2177 3272 2414 3324 animam
2469 3269 2651 3322 omnia
2708 3284 2804 3338 per
2860 3283 3056 3335 corpus
3113 3275 3414 3336 operatam,
3472 3266 3587 3318 sive

325 3371 662 3420 mereantur.

403 3471 422 3504 ι
465 3451 532 3508 Ut
593 3455 953 3510 absorbeatur
1005 3457 1145 3525 quod
1210 3456 1440 3510 mortale
1477 3466 1564 3510 est
1617 3470 1646 3508 a
1709 3456 1839 3508 vita.
1881 3474 1900 3506 ι

323 3547 478 3612 Quod
507 3549 854 3612 absorbetur,
880 3565 986 3603 non
1017 3560 1241 3619 apparet
1263 3565 1384 3604 cum
1413 3550 1507 3613 sit,
1537 3548 1676 3604 sicut
1702 3549 1905 3603 ferrum

323 3642 369 3692 si
410 3641 657 3695 mittatur
692 3641 746 3695 in
775 3643 976 3711 ignem,
1013 3652 1266 3695 manente
1297 3640 1420 3710 ejus
1469 3641 1698 3694 materia
1739 3652 1906 3694 totum

323 3731 596 3799 ﬂtignis:
646 3749 771 3788 nam
815 3742 870 3787 et
951 3733 1295 3804 splendorem
1350 3741 1404 3786 et
1456 3732 1692 3786 calorem
1738 3731 1908 3800 ipsius

323 3827 470 3894 ignis
523 3830 774 3885 assumit.

375 3939 423 3971 λ(
467 3922 570 3986 Qui
627 3935 806 3977 autem
866 3924 1030 3978 allicit
1075 3939 1172 3978 nos
1221 3923 1272 3976 in
1315 3923 1419 3978 hoc
1472 3922 1646 3992 ipsum
1677 3922 1840 3976 Deus.
1885 3939 1902 3972 ι

325 4008 468 4059 Dum
526 4006 631 4062 boc
679 4010 808 4065 dicit
865 4010 1066 4075 facere,
1121 4027 1187 4066 ne
1238 4013 1323 4066 cui
1371 4012 1707 4080 impossibile
1761 4011 1911 4065 vide-

322 4107 496 4152 retur.

405 4209 423 4243 ι
458 4189 562 4259 Qui
603 4190 750 4245 dedit
795 4193 952 4247 nobis
996 4193 1191 4262 pignus
1239 4191 1483 4263 spiritus.
1518 4210 1536 4241 ι
1601 4191 1702 4256 Qui
1754 4189 1909 4244 nobis

320 4281 481 4337 dedit
503 4281 700 4350 pignus
731 4281 980 4350 spiritus,
1012 4291 1067 4334 ut
1092 4283 1352 4346 sciamus,
1375 4281 1497 4351 quia
1531 4283 1793 4350 templum
1823 4281 1910 4335 sui

319 4375 555 4446 spiritus
590 4374 764 4440 perire
793 4389 899 4430 non
931 4374 1155 4444 patitur.

408 4487 426 4519 ι
466 4469 745 4523 Audentes
792 4467 958 4536 igitur
991 4480 1230 4533 semper,
1286 4476 1340 4520 et
1387 4465 1648 4520 scientes.
1687 4484 1705 4517 ι
1782 4464 1910 4520 ideo

2009 3362 2256 3425 bonttm,
2319 3362 2435 3414 sive
2490 3360 2715 3411 malum.
2777 3355 2956 3411 Venite
3017 3358 3086 3410 ad
3147 3371 3269 3422 me,
3330 3353 3588 3408 benedicti

2009 3455 2222 3525 (Matth.
2269 3469 2396 3517 xxv,
2429 3452 2544 3520 54).
2599 3449 2696 3516 Et,
2750 3450 3016 3505 Discedite
3058 3466 3091 3504 a
3149 3465 3227 3502 me
3254 3489 3270 3513 ,
3315 3446 3584 3501 maledicti

2010 3547 2178 3617 (Ibid.
2236 3546 2347 3614 4|).

2087 3659 2105 3692 ι
2145 3637 2392 3694 Scientes
2453 3653 2585 3708 ergo
2643 3639 2894 3700 timorem
2968 3635 3223 3702 Domini,
3282 3635 3592 3690 hominibus

2009 3735 2300 3788 suademus
2335 3749 2350 3788 :
2389 3731 2499 3786 Deo
2531 3742 2710 3787 autem
2739 3730 3009 3784 manifesti
3041 3743 3254 3783 sumus.
3292 3746 3310 3778 ι
3344 3726 3592 3780 Scientes

2011 3835 2247 3896 quantus
2280 3835 2456 3880 metus
2481 3825 2553 3878 sit
2586 3824 2756 3877 divini
2799 3822 3017 3891 judicii,
3055 3820 3369 3874 hominibus
3395 3820 3591 3873 suade-

2012 3933 2136 3972 mus
2167 3927 2225 3972 ut
2255 3926 2486 3972 caveant
2516 3935 2528 3970 :
2563 3917 2672 3970 Deo
2733 3924 2914 3968 autem
2971 3912 3242 3968 manifesti
3286 3927 3498 3978 sumus,
3539 3911 3584 3966 si

2013 4025 2118 4064 non
2151 4020 2206 4064 et
2237 4024 2334 4064 nos
2361 4007 2736 4064 formidamus.

2090 4123 2109 4154 ι
2147 4103 2319 4174 Spero
2365 4113 2542 4156 autem
2591 4114 2644 4155 et
2689 4103 2741 4155 in
2777 4099 3133 4156 conscientiis
3167 4097 3364 4154 vestris
3414 4099 3591 4159 mani-

2011 4194 2178 4250 festos
2207 4209 2306 4249 nos
2335 4208 2480 4250 esse.
2528 4213 2545 4246 ι
2601 4194 2860 4260 Quamvis
2901 4191 3038 4245 male
3092 4189 3246 4244 vobis
3278 4196 3590 4257 suggestum

2013 4288 2086 4341 sit
2139 4289 2204 4341 de
2252 4287 2406 4341 nobis
2441 4328 2456 4352 ,
2509 4297 2634 4354 puto
2663 4295 2841 4351 tamen
2888 4283 3030 4354 quod
3064 4297 3170 4336 non
3197 4281 3423 4349 recipiat
3464 4294 3594 4332 con-

2012 4378 2238 4433 scientia
2300 4387 2480 4433 vestra
2534 4377 2602 4438 de
2668 4378 2820 4432 nobis
2873 4374 3023 4449 aliud
3065 4371 3368 4442 suspicari,
3427 4386 3590 4440 quant

2014 4471 2164 4528 novit
2193 4485 2209 4522 :
2253 4482 2350 4524 nec
2381 4470 2550 4538 possit
2573 4467 2694 4522 aliis
2727 4468 2899 4536 magis
2933 4466 3094 4520 tidem
3142 4462 3583 4528 accommodare,

323 4565 437 4618 hoc
493 4562 758 4616 audemus
792 4567 980 4630 petere
1018 4575 1034 4626 ;
1093 4561 1217 4628 quia
1267 4559 1508 4628 quandiu
1568 4559 1620 4612 in
1674 4573 1906 4628 corpore
1938 4581 1984 4638 ο
2013 4577 2173 4632 quam
2206 4564 2330 4618 sibi.

321 4670 522 4709 sumus
574 4656 626 4708 in
684 4655 784 4708 hac
833 4655 962 4716 vita,
1025 4653 1245 4706 incertis
1285 4653 1556 4720 iactamur
1595 4652 1902 4712 eventibus,

327 4751 498 4804 finem
531 4752 701 4804 nostri
738 4747 917 4801 exitus
963 4745 1291 4801 nescientes.
1343 4745 1478 4799 Cum
1505 4753 1684 4799 autem
1717 4759 1908 4799 exces-

325 4841 570 4894 serimus
601 4854 631 4894 e
681 4854 933 4909 corpore,
971 4849 1099 4894 tunc
1145 4839 1350 4894 scimus
1391 4852 1490 4892 nos
1523 4836 1749 4891 Domino
1785 4851 1910 4906 pro-

326 4933 620 5003 pinquare,
663 4933 922 5002 quoniam
969 4931 1213 4986 adversis
1259 4939 1314 4985 et
1345 4931 1562 4986 incertis
1585 4943 1771 4984 sumus
1806 4943 1907 4983 sa:-

325 5025 436 5082 culi
478 5023 743 5078 molestiis
777 5023 1012 5080 liberati.

406 5136 425 5168 σ
474 5115 767 5182 Quoniam,
806 5116 933 5170 dum
966 5130 1154 5172 sumus
1180 5115 1234 5168 in
1266 5115 1367 5169 hoc
1391 5127 1638 5182 corpore.
1671 5113 1909 5183 peregri-

332 5227 536 5264 namur
587 5225 616 5263 a
669 5209 919 5263 Domino.
970 5207 1077 5262 Per
1129 5210 1287 5262 fidem
1343 5207 1486 5260 enim
1547 5204 1906 5268 ambulamus,

328 5315 386 5357 et
427 5319 536 5356 non
592 5317 686 5371 per
725 5301 982 5370 speciem.
1036 5299 1314 5354 Audemus
1365 5307 1568 5359 autem,
1621 5307 1675 5350 et
1711 5297 1910 5350 bonam

331 5397 675 5452 voluntatem
702 5397 986 5450 habemus.
1025 5412 1044 5446 ο
1079 5391 1522 5460 Peregrinamur,
1558 5390 1681 5458 quia
1736 5389 1912 5444 adhuc

330 5503 446 5541 non
507 5474 697 5541 sumus
752 5487 805 5541 in
845 5485 1163 5541 haereditate
1213 5491 1462 5551 paterna.
1524 5480 1593 5535 Ut
1641 5482 1912 5551 peregrini

326 5594 467 5650 ergo
497 5594 604 5633 non
626 5581 885 5634 debemus
909 5579 976 5634 de
997 5579 1160 5649 hujus
1181 5576 1364 5632 stcculi
1394 5578 1557 5629 rebus
1590 5586 1917 5646 magnopere

329 5687 572 5726 curare:
603 5672 695 5726 sed
727 5671 1056 5726 necessariis
1081 5669 1344 5731 contenti,
1369 5667 1698 5721 desiderium
1751 5679 1915 5718 omne

329 5777 391 5820 et
443 5766 682 5819 studium
759 5764 1105 5833 perveniendi
1165 5763 1229 5815 ad
1285 5763 1515 5830 patriam
1568 5759 1915 5813 habeamus:

330 5861 469 5932 quia
503 5860 610 5913 lidc
651 5861 826 5915 adhuc
861 5876 1169 5931 optaramus,
1228 5868 1281 5911 ct
1317 5856 1551 5909 nondum
1585 5855 1766 5925 spe-cie
1793 5869 1917 5921 pos-

2089 4673 2106 4706 ‹
2161 4653 2282 4710 Non
2320 4657 2518 4710 iterum
2563 4651 3012 4710 commendamus
3039 4666 3138 4707 nos
3167 4649 3341 4707 vobis.
3377 4670 3398 4704 ι
3453 4650 3592 4719 Quia

2011 4749 2264 4820 superius
2295 4749 2545 4804 dixerat:
2596 4747 2891 4826 incipimus
2924 4745 3288 4816 nosmetipsos
3313 4759 3589 4802 commen-

2011 4841 2166 4897 dare.
2759 4833 2762 4836 ’
3459 4907 3496 4916 --

2089 4952 2107 4984 ι
2167 4933 2271 4988 Sed
2317 4935 2660 4988 occasionem
2722 4935 2916 4994 damus
2961 4930 3118 4986 vobis
3166 4926 3433 5000 gloriandi
3491 4941 3592 4998 pro

2014 5027 2189 5084 nobis.
2238 5045 2258 5079 ι
2305 5027 2504 5082 Contra
2542 5024 3050 5096 pseudoapostolos,
3094 5021 3184 5092 qui
3229 5021 3461 5090 primum
3495 5034 3593 5089 per

2013 5118 2404 5172 detractionem
2438 5116 2620 5171 odium
2655 5116 2734 5184 eis
2785 5113 3041 5170 volebant
3074 5113 3314 5166 inserere
3356 5149 3372 5176 ,
3426 5117 3486 5164 ut
3514 5110 3594 5162 eis

2019 5209 2153 5264 ﬁdes
2178 5209 2395 5264 facilius
2423 5209 2738 5264 haberetur.

2095 5321 2113 5354 ι
2143 5303 2215 5360 Ut
2258 5305 2505 5360 habeatis
2535 5303 2600 5356 ad
2642 5313 2756 5368 eos,
2800 5300 2892 5370 qui
2922 5300 2973 5353 in
3010 5296 3150 5353 facie
3173 5295 3504 5366 gloriantur,
3537 5301 3593 5346 ct

2017 5415 2121 5453 non
2149 5400 2201 5453 in
2233 5397 2414 5453 corde.
2458 5415 2476 5449 ι
2513 5394 2585 5450 Ut
2631 5393 2874 5455 habeatis
2899 5392 2964 5446 ad
2999 5405 3113 5456 eos,
3145 5388 3236 5458 qui
3277 5389 3328 5442 in
3356 5385 3593 5441 carnali-

2019 5491 2120 5544 bus
2152 5499 2208 5543 et
2252 5489 2304 5542 in
2333 5486 2657 5548 visibilibus,
2684 5495 2740 5539 et
2773 5498 2878 5536 non
2903 5483 2954 5534 in
2981 5479 3333 5534 conscientiis
3353 5477 3597 5546 glorian-

2019 5591 2129 5643 tur,
2181 5579 2306 5649 quid
2359 5578 2691 5649 respondere
2742 5575 2970 5644 potestis
3017 5581 3206 5627 contra
3251 5586 3338 5636 ea,
3371 5583 3493 5639 qua:
3523 5567 3593 5621 de

2022 5684 2204 5729 nostra
2237 5674 2635 5728 obtrectatione
2667 5668 3003 5738 contingunt,
3030 5663 3277 5717 utetiam
3304 5663 3383 5715 sni
3412 5658 3593 5716 cordis

2024 5765 2329 5820 testimonio
2366 5765 2733 5816 revincantur.
3066 5767 3070 5771 ’

2095 5876 2110 5908 ι
2145 5858 2268 5912 Sive
2317 5857 2460 5916 enim
2492 5865 2670 5914 metite
2698 5853 3173 5910 cxccdintusllw.
3221 5869 3234 5900 ι
3272 5847 3350 5913 Si,
3399 5849 3594 5914 inquit,
