3956 6196
483 373 588 446 819
1445 370 1507 429 S.
1548 362 1992 427 HIERONYMI
2027 359 2345 423 OPERUM
2384 357 2784 420 MANTISSA.
3577 347 3668 411 820

467 503 633 551 sensu
666 486 885 559 proprio
909 492 1055 543 recta
1080 482 1443 554 pervertimus
1475 486 1529 537 in
1563 482 1713 546 vitia,
1754 480 1849 551 ipsi
1872 495 1900 533 a
1936 477 2045 533 Deo
2076 498 2117 551 Α
2226 496 2244 526 ι
2284 474 2390 528 Per
2410 472 2711 528 Christum.
2742 490 2760 523 ι
2796 468 2901 525 Per
2927 466 3127 524 Christi
3157 460 3451 520 doctrinam
3500 465 3672 532 pariter

469 579 795 644 excidimus,
823 588 982 648 atque
1008 575 1308 632 alienamur
1339 576 1407 630 ab
1440 590 1522 630 eo.
1543 572 1598 628 Si
1626 584 1805 627 autem
1837 574 2044 640 integre
2148 578 2200 623 et
2234 567 2562 635 exemplum.

472 668 738 729 sentimus
762 679 815 725 et
835 646 1027 734 sobrii,
1056 668 1209 723 vobis
1231 664 1430 723 suliicit
1476 674 1656 719 nostra
1711 663 2041 731 praedicatio.
2226 676 2243 707 ι
2281 657 2347 711 Et
2390 657 2540 711 dedit
2586 655 2741 709 nobis
2777 652 3136 706 ministerium
3189 646 3669 706 reconciliationis”

473 763 697 823 Dicebat
728 759 869 815 enim
904 760 969 819 de
1007 757 1135 823 illis,
1171 757 1214 814 si
1242 772 1427 816 eorum
1464 765 1611 812 esset
1648 756 1907 810 memoria
1946 767 2043 805 co-
2151 750 2225 807 Ut
2255 759 2309 804 et
2342 765 2439 803 nos
2463 749 2598 802 alios
2625 743 2978 801 reconciliare
3000 744 3288 812 possimus.

480 870 592 907 ram
621 852 751 914 Deo,
790 864 1067 918 nunquam
1103 850 1227 903 talia
1276 859 1607 917 paterentur.
1634 847 1860 914 Quidam
1891 844 2048 898 aliter
2181 911 2188 918 .
2230 861 2249 895 α
2278 840 2547 910 Quoniam
2579 840 2798 908 quidem
2852 836 2999 892 Deus
3030 845 3148 891 erat
3186 834 3240 888 in
3279 833 3509 895 Christo,
3545 848 3678 886 mimo

475 946 677 1001 dicunt.
712 942 837 999 Sive
864 943 915 998 in
940 943 1361 1009 exstasisumus,
1383 940 1492 997 Deo
1526 957 1540 995 :
1572 939 1688 995 δίκε
1716 946 1902 994 nostro
1922 951 2048 993 seno
2152 936 2275 990 dum
2310 931 2670 987 reconcilians
2705 929 2829 986 sibi.
2872 947 2891 982 ι
2931 928 3134 985 Tribus
3149 926 3510 982 modisinesse
3539 925 3677 978 Deum

475 1050 538 1092 su
579 1034 875 1104 loquimur,
904 1033 1080 1089 vobis.
2152 1024 2379 1095 legimus
2414 1039 2430 1077 ε
2466 1022 2761 1079 secundum
2818 1019 3139 1077 inﬁnitatem
3168 1018 3316 1071 omni
3347 1017 3681 1079 creaturae,si-

558 1143 575 1181 t
616 1126 742 1180 Sive
773 1124 942 1184 sobrii
996 1137 1203 1189 sumus,
1234 1124 1411 1181 Vobis.
1450 1142 1467 1175 ι
1508 1123 1633 1178 Sive
1692 1120 2047 1183 abstinentes,
2151 1126 2243 1172 cut
2279 1117 2393 1185 ipse
2420 1114 2548 1171 dicit
2578 1130 2670 1182 per
2700 1113 3020 1182 prophetam
3056 1126 3072 1163 :
3104 1108 3289 1164 Nonne
3322 1109 3497 1167 cretum
3526 1120 3568 1162 et
3599 1118 3682 1160 ler-

480 1224 699 1285 ιντοριειε
728 1230 845 1271 V08.
2152 1225 2269 1265 ram
2306 1224 2398 1279 ego
2422 1206 2608 1273 impleo
2638 1206 2862 1277 (Jerem.
2894 1218 3053 1265 unt,
3079 1201 3214 1272 ειη
3261 1201 3547 1257 secundum
3581 1215 3680 1252 san.

554 1324 573 1362 ς
617 1307 869 1365 Charitas
931 1309 1074 1366 enim
1138 1309 1341 1364 Christi
1394 1319 1551 1378 urget
1601 1323 1716 1363 nos.
1754 1326 1773 1361 ι
1820 1307 2051 1362 Necesse
2151 1294 2558 1355 otilicationem.
2596 1298 2650 1347 et
2682 1292 3006 1363 peculiarem
3039 1290 3478 1345 inhabitationem
3512 1290 3681 1342 insan-

476 1408 558 1452 εει
610 1400 789 1464 nobis,
824 1403 907 1455 vel
966 1401 1310 1471 aliquatenus
1357 1399 1528 1454 vicem
1580 1401 1697 1471 eius
1759 1403 2051 1468 rependere
2151 1388 2252 1440 ('liS
2284 1403 2298 1439 2
2325 1386 2479 1455 Ῑιιιιε
2507 1384 2635 1439 illud
2669 1400 2684 1439 ἶ
2717 1384 2779 1441 εἰ
2810 1382 3120 1437 iuhabitabo
3143 1384 3196 1436 in
3231 1382 3337 1435 “ut
3362 1380 3539 1452 (Lerit.
3562 1395 3680 1441 uri,

476 1492 755 1557 maritari,
790 1490 842 1546 id
876 1502 980 1557 εει,
1018 1503 1074 1546 ut
1105 1508 1202 1562 pro
1235 1492 1351 1561 ejus
1377 1508 1604 1560 corpore
1634 1491 1926 1563 patiamur.
1958 1490 2047 1561 qui
2153 1478 2241 1546 12)
2265 1494 2279 1530 :
2304 1477 2600 1533 secundum
2632 1475 3022 1546 plenitudinem
3079 1474 3378 1528 divinitatis
3406 1474 3454 1527 in
3484 1472 3683 1531 Christo,

479 1580 614 1635 mori
643 1594 740 1646 pro
775 1581 931 1641 nobis
962 1593 1131 1636 mone
1160 1581 1413 1652 ("gnarus
1452 1590 1557 1636 νει,
1831 1595 1835 1598 ν
2152 1569 2366 1623 dicente
2404 1567 2528 1622 alibi
2573 1567 2830 1636 Apostoio
2870 1583 2885 1622 :
2919 1565 3057 1633 Quia
3105 1567 3158 1618 in
3188 1566 3301 1631 ipso
3333 1564 3520 1617 habitat
3549 1563 3683 1614 omnis

558 1688 574 1725 ς
612 1667 968 1735 ,tﬁsrimames
999 1672 1124 1739 hoc,
1156 1673 1407 1740 quoniam
1438 1674 1483 1727 si
1520 1687 1658 1728 unus
1684 1687 1778 1743 ρπιο
1801 1671 2050 1727 omnibus
2150 1658 2421 1727 plenitudo
2443 1660 2736 1713 divinitatis
2762 1657 3111 1724 corporaliter
3130 1657 3361 1728 (Colon.
3393 1671 3427 1721 t,
3452 1655 3503 1725 9)
3525 1671 3538 1708 :
3561 1671 3684 1707 mun-

480 1769 728 1815 mortuus
782 1771 893 1827 est,
956 1777 1088 1834 ergo
1146 1778 1337 1823 omnes
1394 1766 1589 1818 mortui
1650 1775 1795 1819 sntit.
1835 1765 1900 1819 Et
1952 1780 2042 1834 pro

1284 1779 1337 1819 es
1394 1766 1589 1818 mortui
1650 1775 1795 1819 sunt,
1835 1765 1900 1819 Et
1952 1780 2048 1834 ριιο
2084 1821 2123 1834 ἢ
2156 1752 2279 1803 dunt
2318 1750 2682 1805 reconcilians
2718 1748 2846 1803 sibi.

480 1856 736 1912 utnnibus
770 1864 1015 1911 mortuus
1073 1866 1157 1910 est
1204 1854 1479 1915 Christus.
1517 1875 1535 1909 ι
1579 1856 1739 1912 Solus
1802 1821 2052 1913 inieritus
2084 1821 2125 1877 Β
2233 1861 2251 1895 ε
2288 1841 2405 1898 Non
2433 1852 2692 1910 reputans
2724 1843 2833 1898 illis
2859 1842 3059 1900 delicta
3119 1841 3385 1912 ipsorum-
3424 1859 3441 1891 ι
3473 1838 3576 1892 Hoc
3599 1845 3683 1902 εει.

480 1953 583 2008 est,
624 1944 714 2014 qui
756 1954 811 1998 ut
868 1943 1209 2001 immaculata
1253 1945 1425 2000 hostia
1485 1962 1583 2017 pro
1640 1950 1914 2010 omnibus,
1963 1950 2053 2025 qui
2158 1950 2252 2002 Per
2278 1935 2451 1990 801³11)
2502 1934 2659 1990 ﬁdem
2702 1948 3059 2002 cognoscens-

479 2044 636 2095 cram
666 2039 717 2091 in
756 2037 991 2108 peccatis
1017 2038 1234 2106 monui,
1257 2038 1564 2098 omnem...
1973 2020 1984 2025 ’
2237 2044 2253 2075 t
2288 2025 2352 2078 Et
2388 2025 2569 2094 posuit
2598 2026 2649 2079 in
2675 2024 2830 2077 nobis
2856 2026 3080 2077 verbum
3115 2022 3579 2080 reconciliationis.
3607 2020 3688 2075 ιντο

557 2148 575 2184 t
614 2126 684 2187 Ut
718 2139 772 2184 et
799 2130 889 2199 qui
916 2132 1124 2197 vivunt,
1151 2131 1263 2201 jam
1289 2147 1397 2186 non
1434 2132 1533 2185 sibi
1568 2132 1770 2188 vivam,
1815 2151 1833 2185 ι
1879 2133 1939 2188 Ei
1969 2132 2058 2186 de.
2158 2117 2380 2172 Christo
2416 2130 2546 2186 ergo
2590 2116 2859 2186 legatione
2909 2114 3208 2183 iungimur.
3242 2134 3262 2168 ι
3299 2117 3366 2172 Ut
3398 2130 3490 2184 pro
3514 2114 3691 2166 Christo

484 2224 673 2277 bemus
704 2223 871 2279 vitam
928 2232 1193 2286 ηοειιιεηι,
1250 2227 1340 2297 (μη
1392 2225 1539 2286 mam
1592 2227 1644 2285 in
1682 2226 1934 2289 omnibus
1962 2239 2058 2283 sua
2161 2223 2258 2261 nos
2288 2208 2700 2263 reconciliemus
2727 2208 2978 2261 homines
3012 2205 3146 2271 Deo.
3175 2207 3338 2279 cujus
3366 2206 3552 2264 Christi
3595 2206 3691 2259 vice

482 2322 660 2375 morte
695 2317 955 2373 servavit.
1012 2313 1069 2371 Si
1124 2330 1248 2384 quis
1302 2330 1430 2386 ergo
1482 2333 1635 2374 suam
1682 2318 1862 2387 potius
1896 2332 2055 2386 quam
2161 2301 2537 2371 ιθϐδιίευιιηιε
2560 2299 2677 2359 085-

481 2406 578 2465 [Μ
614 2407 946 2469 voluntatem
972 2407 1121 2476 facit,
1155 2407 1257 2465 sibi
1287 2408 1440 2476 vivit,
1483 2425 1590 2465 non
1620 2411 1718 2465 illi.
1756 2408 1915 2468 Unde
1943 2410 2043 2479 ipSt

2235 2411 2254 2445 ι
2283 2389 2561 2462 Tanquam
2597 2393 2705 2447 Deo
2730 2391 3056 2447 exhortante
3087 2408 3182 2462 per
3204 2406 3330 2448 nos.
3364 2409 3383 2442 ι
3410 2389 3462 2443 lii
3490 2397 3584 2450 est,
3607 2401 3689 2445 non

482 2496 740 2555 Dominus
761 2500 839 2561 ait
873 2516 888 2553 :
916 2499 975 2555 Si
992 2502 1106 2569 quis
1137 2502 1246 2555 vult
1266 2510 1381 2569 post
1410 2518 1490 2556 me
1518 2503 1709 2567 venire,
1737 2502 1954 2573 abneget
1979 2518 2044 2557 u-

1578 2503 1709 2567 ηῑνε,
1737 2502 1954 2573 abneget
1979 2518 2058 2557 η.
2159 2500 2224 2540 ex
2265 2484 2421 2539 nobis
2456 2485 2755 2554 loquimur,
2785 2486 2878 2542 sed
2906 2502 2972 2542 ex
3005 2484 3136 2540 Deo.

480 2592 903 2660 mtiptumsibi.
931 2603 1037 2647 etc.
1070 2591 1291 2663 (Matth.
1312 2608 1425 2661 xvi,
1450 2594 1564 2664 at).
1874 2570 1888 2573 ’
2238 2595 2257 2629 ι
2287 2575 2657 2632 Obsecramus
2693 2592 2790 2647 pro
2820 2577 3061 2644 Christo,
3085 2571 3505 2633 reconciliamini
3543 2570 3690 2626 Deo.t

557 2699 576 2733 ι
611 2679 719 2743 Sed
736 2684 784 2736 ei
815 2683 904 2751 qui
931 2698 1027 2752 pro
1050 2683 1181 2754 ipsis
1206 2693 1454 2751 mortuus
1474 2663 1557 2740 eat
1604 2694 1659 2739 et
1686 2686 2004 2741 resurrexit.
2033 2706 2055 2740 ι
2161 2667 2314 2735 QumI
2342 2668 2496 2732 die".
2526 2671 2631 2722 hoc
2659 2678 2783 2724 es“
2814 2684 2943 2736 ηοη,
2972 2668 3173 2739 inqu“:
3229 2683 3332 2724 "03
3380 2681 3473 2735 P"°
3509 2663 3694 2720 (Ἇπίειθ

483 2772 715 2842 Propter
751 2772 1103 2838 caluumiam,
1134 2788 1348 2846 semper
1376 2777 1565 2832 mortis
1602 2779 2056 2833 resurrectionem
2162 2762 2537 2830 deprecamur:
2565 2762 2661 2816 Sed
2688 2771 2911 2833 Ρτοριθτ
2957 2762 3009 2823 id
3033 2761 3175 2833 (ιιιοά
3226 2776 3327 2831 Ρτο
3358 2758 3507 2815 “oms
3532 2768 3696 2827 9355'“

484 2863 748 2934 adjungit.
801 2862 877 2919 De
935 2864 1228 2922 abolitione
1282 2876 1544 2932 veterum,
1600 2879 1655 2925 et
1709 2868 2061 2925 renovationo
2163 2868 2289 2916 esu
2325 2866 2386 2911 ut
2415 2858 2701 2914 credentes
2721 2857 2775 2912 in
2807 2855 3455 2930 ipsum,reconcilicmini
3477 2854 3594 2916 Deo,
3616 2850 3698 2907 hoc

484 2968 767 3025 creaturae,
802 2959 1330 3017 etreconciliatione
1384 2972 1572 3021 nostra
1621 2961 1687 3018 ad
1746 2962 1912 3017 Deum
1966 2974 2063 3030 per
2164 2957 2269 3011 es"
2299 2948 2420 3002 Vice
2453 2946 2682 3003 Christi-

488 3050 776 3115 l)ominum
812 3063 1059 3107 nostrum
1090 3049 1280 3111 Iesum
1304 3052 1602 3108 Christum.
2244 3058 2262 3091 t
2295 3040 2428 3093 Eum
2461 3039 2553 3108 qui
2584 3053 2693 3093 non
2719 3046 2946 3093 noverat
2975 3047 3283 3109 peccatum,
3319 3052 3413 3106 pro
3440 3034 3579 3090 nobis
3601 3045 3698 3098 pece

558 3158 579 3202 ς
616 3141 806 3213 Itaque
839 3158 936 3200 nos
958 3159 1023 3200 ex
1055 3145 1158 3200 hoc
1188 3146 1460 3200 neminem
1490 3146 1742 3201 novimus
1764 3145 2060 3201 secundum
2090 3156 2135 3220 ο
2166 3141 2343 3185 eam“
2369 3130 2518 3185 Ῑθοῖιο
2555 3149 2573 3182 ι
2601 3130 2910 3185 secundum
2938 3129 3067 3184 illud
3099 3146 3114 3191 ξ
3147 3130 3399 3184 Chrisms
3428 3128 3512 3195 tl"i
3532 3124 3699 3192 absque

484 3247 726 3297 carnem.
756 3254 775 3290 ι
799 3234 849 3291 Id
878 3246 981 3301 est,
1000 3238 1289 3301 carnaliter
1305 3239 1712 3301 circumcisum,
1737 3251 1790 3291 et
1819 3235 2046 3291 carnale:

2169 3230 2389 3292 peccato
2415 3231 2555 3288 erat,
2597 3237 2694 3291 pro
2741 3223 2895 3276 nobis
2951 3222 3151 3276 dicitur
3204 3221 3384 3276 factus
3435 3227 3696 3289 peccatum,

486 3326 838 3389 icretiionias
864 3340 1192 3394 servantem,
1214 3337 1269 3383 et
1294 3327 1495 3385 nullius
1521 3329 1758 3382 veterum
1790 3326 2048 3381 imitamut

2170 3313 2293 3380 quia
2327 3329 2422 3381 pro
2457 3318 2693 3379 peccatis
2733 3314 2936 3369 nostris
2991 3322 3235 3368 mortuus
3266 3323 3353 3368 est
3384 3328 3399 3379 ;
3434 3312 3580 3365 Pater
3622 3319 3698 3376 pro

487 3416 821 3483 exemplum.
2171 3408 2328 3462 nobis
2362 3405 2660 3471 Christum,
2689 3408 2779 3476 qui
2814 3419 3096 3477 peccatum
3130 3406 3429 3467 nesciebat,
3461 3410 3699 3473 peccatum

567 3523 586 3556 ι
624 3504 690 3558 Et
718 3506 766 3569 si
796 3506 1151 3576 cognovimus
1183 3506 1480 3560 secundum
1512 3519 1731 3560 carnem
1766 3503 2061 3570 Christum,
2171 3499 2317 3573 fecit,
2354 3499 2456 3552 hoc
2490 3507 2595 3562 est,
2623 3498 2768 3554 sicut
2797 3498 2973 3565 hostia
3005 3514 3101 3567 pro
3130 3508 3357 3564 peccato
3383 3498 3572 3557 oblata,
3601 3503 3700 3559 pec-

490 3598 585 3652 sed
614 3610 759 3650 nunc
791 3595 902 3665 jam
931 3612 1036 3661 non
1068 3597 1340 3651 novimus.
1380 3614 1400 3648 ι
1440 3595 1828 3666 Cognovimus,
1868 3597 2065 3665 inquit,
2171 3603 2350 3644 catum
2381 3591 2678 3644 vocabatur
2723 3590 2774 3653 in
2841 3592 2959 3661 lege
2990 3592 3072 3660 (ut
3108 3592 3161 3645 in
3210 3589 3453 3644 Levitico
3479 3588 3702 3653 scriptum

491 3686 792 3747 secundum
824 3701 1044 3751 carnem
1092 3688 1375 3753 Christum
1406 3704 1421 3742 :
1457 3688 1672 3758 quando
1719 3688 2064 3743 maledictum
2170 3692 2252 3737 est
2281 3699 2295 3737 ε
2333 3683 2399 3736 Et
2427 3686 2653 3755 imponet
2680 3700 2892 3738 manum
2908 3699 3064 3755 super
3083 3695 3237 3752 caput
3273 3684 3475 3751 peccati
3502 3684 3575 3735 sui
3608 3674 3704 3746 (Lo-

494 3779 691 3845 lactus,
714 3778 1018 3857 patibulum
1049 3778 1229 3835 crucis
1251 3794 1347 3847 pro
1378 3790 1562 3834 nostra
1594 3779 1765 3837 salute
1803 3780 2063 3848 suscepit.
2172 3777 2265 3829 vit.
2290 3789 2354 3840 tt,
2377 3775 2455 3846 2),
2482 3777 2552 3830 ita
2590 3787 2644 3829 et
2667 3775 2920 3831 Christus
2950 3791 3047 3844 pro
3087 3776 3328 3846 peccatis
3358 3773 3552 3828 nostris
3580 3767 3704 3823 obla-

492 3871 650 3942 piunc
701 3882 885 3931 autem
938 3887 1041 3924 non
1077 3870 1151 3925 ita
1202 3871 1625 3941 cognoscimus:
1661 3885 1765 3924 non
1800 3871 1945 3929 enim
1982 3876 2069 3923 est
2173 3879 2283 3931 tus,
2308 3870 2513 3935 peccati
2554 3882 2753 3925 nomen
2807 3871 3034 3938 accepit.

489 3960 602 4029 jam
636 3976 899 4030 passurus
932 3975 1030 4031 pro
1060 3959 1239 4027 nobis,
1264 3961 1355 4030 qui
1388 3960 1554 4016 semel
1587 3975 1685 4030 pro
1711 3959 1965 4015 omnibus
2014 3967 2069 4013 et
2252 3978 2270 4013 ι
2314 3957 2384 4013 Ut
2409 3973 2510 4014 nos
2549 3959 2889 4016 elliceremur
2913 3961 3121 4031 iustitia
3176 3960 3268 4019 Dei
3301 3960 3353 4021 in
3403 3959 3532 4033 ipso.
3568 3973 3585 4005 ι
3614 3950 3705 4006 Non

498 4062 743 4106 mortuus
774 4064 860 4108 est
915 4064 971 4107 et
1015 4053 1335 4111 resurrexit.
1365 4052 1541 4107 Aliter
1575 4067 1590 4123 ς
1625 4050 1685 4106 Et
1718 4052 1764 4114 si
1816 4054 2071 4122 cognovi-
2174 4061 2383 4115 nostra,
2410 4066 2510 4107 nec
2541 4053 2713 4107 nobis.

499 4159 618 4197 mus
651 4142 955 4206 Christum,
988 4158 1110 4197 cum
1137 4142 1315 4197 adhuc
1345 4157 1591 4198 essemus
1625 4144 1924 4200 secundum
1949 4158 2069 4197 car-

500 4252 645 4301 nem,
667 4237 762 4293 sed
795 4253 939 4292 nunc
963 4237 1074 4307 jam
1108 4251 1211 4292 non
1244 4237 1514 4292 novimus.
1547 4236 1685 4303 Quia
1719 4236 1799 4292 eis
1822 4236 2068 4306 exetnpla
2776 4206 3009 4267 CAPUT
3053 4208 3143 4266 "-

498 4340 745 4393 veterum
789 4328 1145 4409 proponebat,
1201 4328 1277 4383 ait
1321 4326 1593 4382 Christum
1650 4328 1940 4383 carnaliter
1973 4328 2073 4382 cir-
2250 4344 2268 4374 ‹
2306 4324 2633 4394 Adjuvantes
2664 4335 2842 4386 autem
2865 4324 3242 4381 exhortamur.
3291 4344 3311 4377 ι
3346 4325 3513 4381 Verbo
3535 4335 3618 4377 vos
3636 4318 3709 4373 atl-

499 4422 820 4486 cumcisum,
854 4436 975 4477 cum
1004 4421 1207 4477 Judteis
1230 4420 1408 4475 omnia
1436 4418 1759 4476 celebrasse.
1795 4419 1900 4475 Sed
1925 4434 2071 4474 nunc
2166 4414 2441 4485 jnvantes.

497 4514 609 4582 jam
649 4513 749 4567 ista
802 4528 908 4567 non
951 4513 1222 4579 noximus,
1254 4510 1382 4581 quia
1440 4522 1562 4581 post
1616 4513 2066 4567 resurrectionem
2100 4519 2146 4574 ι)
2252 4529 2271 4561 t
2308 4510 2384 4566 Ne
2420 4513 2475 4565 in
2507 4526 2738 4566 vacuum
2762 4512 2992 4583 gratiam
3021 4512 3115 4567 Dei
3166 4512 3462 4581 recipiatis.
3497 4529 3513 4563 ι
3544 4510 3592 4567 in
3635 4520 3712 4559 va-

499 4603 638 4683 rjus,
672 4618 867 4658 novum
902 4611 986 4658 est
1019 4602 1443 4667 Testamentum.
1479 4602 1650 4657 Aliter
1679 4619 1693 4656 :
1732 4600 1834 4667 Qui
1868 4602 2068 4655 infirmi
2175 4619 2337 4658 cuum
2365 4606 2594 4674 gratiam
2623 4604 2716 4659 Dei
2746 4605 2959 4675 recipit,
2984 4607 3074 4675 qui
3103 4620 3241 4660 novo
3268 4605 3603 4663 Testamento
3624 4613 3708 4653 IIOII

500 4692 650 4757 sunt,
681 4694 974 4759 carnaliter
1004 4695 1229 4749 credunt
1259 4692 1518 4759 Christo;
1556 4692 1784 4764 perfecti
1822 4711 1951 4750 vero
1985 4696 2065 4747 in-
2177 4710 2350 4750 novus
2371 4706 2494 4759 est;
2541 4696 2642 4750 hoc
2670 4708 2774 4759 est,
2807 4696 2942 4752 nihil
2980 4695 3034 4751 in
3066 4697 3159 4754 illo
3189 4698 3430 4766 prolicit.

503 4788 775 4857 trlligunt,
795 4786 906 4857 jam
941 4797 1063 4855 post
1088 4787 1522 4842 resurrectionen
1566 4784 1701 4843 nihil
1732 4787 2069 4843 imbecillita-
2251 4805 2270 4839 t
2302 4786 2391 4844 Ait
2415 4788 2560 4842 enim
2594 4787 2900 4858 :Tetnpore
2930 4799 3156 4857 accepto
3187 4788 3441 4845 exattdivi
3501 4798 3567 4851 te.
3593 4794 3639 4840 el
3666 4781 3708 4832 Ῐίι

504 4886 571 4936 tis
605 4881 747 4936 ineo
771 4896 890 4937 csse
932 4880 1189 4937 carnalis.
2177 4879 2263 4933 die
2295 4879 2487 4938 salutis
2521 4879 2706 4950 adjnvi
2747 4890 2816 4937 te.
2866 4898 2885 4931 ›
2924 4883 3217 4951 Acceptum
3244 4891 3460 4951 tempus
3481 4878 3544 4933 ad
3575 4888 3711 4930 etau-

576 4990 597 5035 ι
638 4970 692 5028 Si
726 4988 831 5047 qua
854 4986 986 5042 ergo
1032 4972 1085 5026 in
1138 4970 1354 5027 Christo
1405 4989 1542 5029 nova
1585 4981 1857 5037 creatura.
1892 4983 2069 5027 vetera
2177 4972 2460 5034 diendum,
2502 4982 2555 5026 et
2581 4973 2645 5026 ad
2694 4972 2925 5026 salutem
2959 4973 3352 5039 miserandum,
3384 4974 3434 5025 in
3483 4971 3576 5024 hac
3624 4964 3709 5016 vita

501 5063 838 5133 transierunt
873 5082 888 5119 :
921 5076 1047 5119 ecce
1075 5061 1214 5119 facta
1247 5073 1374 5120 sunt
1401 5066 1582 5120 omnia
1618 5081 1775 5119 nova.
1810 5083 1828 5114 ι
1862 5064 1920 5118 Si
1950 5064 2072 5132 quis
2177 5066 2431 5134 prmsenti
2494 5075 2601 5131 eat,
2628 5064 2771 5118 sicut
2801 5066 2876 5117 ait
2936 5064 3228 5121 Salvator;
3291 5062 3581 5124 Ambnlttte,
3607 5058 3709 5109 dum

500 5156 676 5221 credit
699 5156 752 5211 in
783 5156 1020 5221 Christo,
1047 5172 1180 5213 nova
1213 5168 1297 5211 est
1329 5168 1580 5210 creatura
1606 5172 1621 5223 ;
1643 5154 1959 5226 intelligens
1984 5169 2072 5207 ve-
2178 5158 2343 5212 lucem
2372 5157 2598 5221 habetis,
2629 5173 2691 5211 ne
2725 5173 2811 5213 vos
2840 5156 3065 5212 tenebris:
3098 5157 3534 5225 comprehendant
3554 5150 3706 5221 (Joau.

504 5262 618 5302 tera
653 5264 753 5311 suo
802 5256 1043 5319 tempore
1072 5248 1240 5305 fuisse
1299 5248 1592 5317 disjuncta,
1621 5260 1673 5301 et
1706 5249 1902 5302 amodo
1932 5261 2071 5301 novo
2178 5266 2276 5311 xu.
2307 5249 2421 5316 55).
3536 5245 3540 5249 ’

502 5357 651 5394 more
677 5341 992 5399 vivendum.
2256 5360 2275 5394 ι
2315 5341 2455 5396 Ecce
2487 5355 2634 5398 nuuc
2672 5349 2885 5412 tempus
2941 5340 3290 5408 acccptabile.
3318 5357 3339 5391 ι
3370 5337 3519 5392 Sicut
3573 5327 3708 5385 alibi:

579 5452 597 5485 ι
628 5432 820 5488 Omnia
849 5444 1027 5501 autem
1076 5450 1138 5489 ex
1178 5434 1308 5488 Deo.
1349 5450 1369 5484 ι
1411 5430 1547 5497 Quia
1590 5431 1751 5495 etiam
1809 5440 2072 5500 praecepta
2181 5434 2318 5488 Dum
2343 5443 2545 5503 tempus
2566 5434 2955 5499 habemus,ait,
2983 5448 3255 5496 operemur
3281 5431 3420 5502 quod
3452 5429 3625 5482 bonum
3648 5424 3709 5472 εει

504 5527 756 5580 innovata
781 5535 911 5581 sunt
942 5545 957 5593 ;
991 5539 1169 5585 tamen
1193 5537 1246 5581 et
1269 5541 1403 5581 nova
1433 5535 1486 5578 et
1522 5534 1701 5578 vetera
1741 5525 1808 5579 alt
1836 5540 1940 5575 uno
1966 5523 2074 5578 Deo
2180 5524 2386 5596 (Colat.
2414 5538 2492 5590 vt,
2528 5523 2640 5593 10).
2669 5522 2790 5578 Dies
2823 5532 3005 5578 autem
3027 5525 3162 5583 ,ideo
3215 5523 3412 5578 dicitur
3468 5522 3576 5574 haec
3602 5512 3707 5568 Vill.

500 5633 599 5688 pro
628 5621 943 5675 diversitate
973 5630 1275 5688 temporum
1323 5628 1448 5672 sunt
1477 5615 1802 5686 dispensata.
2177 5617 2303 5687 quia
2337 5614 2404 5670 ad
2430 5616 2762 5684 operandam
2786 5626 2869 5670 est
2891 5626 3015 5684 apt
3054 5631 3069 5668 :
3103 5625 3157 5670 et
3202 5614 3541 5669 concluditur
3581 5612 3709 5659 nocte

576 5732 594 5763 ‹
627 5713 731 5778 Qui
783 5729 882 5768 nos
935 5712 1308 5777 reconciliavit
1366 5711 1487 5768 sibi.
1534 5729 1549 5761 ι
1591 5710 1728 5776 Quia
1795 5709 2073 5779 peccando
2174 5709 2363 5778 judieii
2398 5724 2552 5779 :quat
2577 5709 2695 5762 dies
2735 5710 2970 5763 tenebrat
2998 5719 3161 5763 erunt
3213 5704 3595 5779 peccatoribus.
3617 5706 3703 5749 non

497 5801 775 5861 fueramus
806 5808 871 5861 ab
903 5824 964 5862 eo
995 5807 1191 5862 avetsi.
2183 5803 2291 5865 lux,
2321 5802 2372 5856 in
2398 5816 2504 5872 qua
2535 5800 2643 5869 jam
2672 5817 2830 5857 nemo
2859 5802 3059 5872 poterit
3093 5803 3323 5871 operari.
3352 5798 3540 5856 Estati
3589 5800 3701 5861 (ληθ-
