3954 6194
334 323 434 390 821

1315 335 1734 400 ΕΧΡΟΞῘΤΙΟ
1770 341 1850 403 ΙΝ
1883 345 2120 409 EPIS'I‘.
2165 351 2219 412 ll
2253 357 2350 416 ΑΙ)
2391 359 2539 418 COR

3471 367 3578 428 sea

326 438 790 543 necessimilatur
813 439 922 543 hoc
943 449 1185 511 tempus:
1208 443 1263 497 in
1291 445 1450 512 cujus
1499 451 1906 517 comparatione
1935 463 1980 517 Α
2008 457 2290 514 scientiam
2319 464 2632 527 redeuntes,
2656 480 2760 520 non
2790 466 3048 522 debemus
3077 468 3200 526 aliis
3228 471 3399 543 magis
3429 472 3585 532 ﬁdem

329 533 553 586 formica
581 534 780 587 dicitur
813 534 1043 589 hiemem
1075 551 1294 605 sperare
1321 550 1624 595 venturam.

405 644 424 678 t
462 626 606 680 Ecce
633 641 772 682 nunc
798 627 914 682 dies
933 628 1150 684 salutis.
1182 647 1200 679 t
1243 629 1400 684 Modo
1429 631 1600 686 solam
1621 646 1906 700 possumus

327 717 573 772 invenire
603 714 876 771 salutem:
913 718 1042 787 quia
1091 719 1247 789 juxta
1317 721 1603 788 Propheta
1659 723 1908 777 testimo-

328 807 478 859 nium
542 807 597 860 in
635 805 849 860 inferno
874 821 1036 861 nemo
1071 809 1417 864 coutitebitur
1473 809 1648 880 (Psal.
1673 825 1747 874 νι,
1775 811 1854 879 6).

404 918 422 950 ι
451 896 662 951 Nemini
694 899 888 953 dantes
919 899 1086 955 ullam
1114 900 1490 970 oﬂensionem,
1528 911 1590 956 ut
1619 905 1724 958 no'n
1761 904 1906 957 vitu-

331 1001 552 1060 peretur
585 990 948 1045 ministerium
987 1001 1256 1047 nostrum.
1298 1013 1318 1046 ι
1355 993 1523 1050 Nemo
1551 1013 1579 1049 a
1613 1007 1798 1051 nostro
1827 997 1910 1051 of-

326 1083 582 1136 fendatur
614 1083 921 1152 eaetnplo:
988 1099 1054 1138 ne
1084 1099 1191 1140 non
1243 1096 1352 1140 tam
1420 1099 1663 1143 nostrum
1717 1089 1906 1143 vitium

326 1183 547 1242 putetur
573 1189 718 1240 esse,
759 1190 925 1246 quam
970 1175 1133 1247 legis.

405 1284 427 1316 ι
469 1263 573 1319 Sed
615 1267 666 1320 ιιι
692 1266 967 1324 omnibus.
1007 1286 1026 1319 ι
1065 1267 1185 1325 Νοιι
1218 1271 1274 1326 in
1309 1271 1625 1340 aliquantis.

409 1374 427 1406 ι
464 1355 828 1413 Exhibeamus
883 1361 1272 1430 nosmetipsos.
1310 1382 1328 1413 ι
1363 1364 1564 1416 Omnes
1598 1371 1777 1417 autem
1812 1365 1910 1418 ltu-

326 1447 419 1513 jus
458 1461 638 1501 causas
665 1449 720 1503 in
755 1457 940 1506 nostra
971 1461 1101 1506 sunt
1161 1463 1449 1523 potestate.

411 1557 428 1590 t
468 1538 729 1595 SicutDei
749 1541 1052 1597 ministros.
1084 1561 1102 1594 ι
1136 1543 1228 1599 Dei
1259 1545 1494 1599 ministri
1522 1546 1690 1610 Deum
1713 1549 1912 1600 debent

335 1637 521 1698 (prout
553 1632 812 1700 possibile
837 1634 944 1706 est)
975 1635 1200 1702 imitari,
1237 1645 1295 1690 ut
1321 1651 1386 1690 ex
1415 1646 1541 1691 actu
1577 1651 1914 1704 cognoscan-

338 1737 428 1775 tur
450 1723 540 1778 Dei
572 1739 692 1778 esse
724 1729 977 1781 cultores.
1014 1727 1167 1783 Unde
1188 1727 1316 1782 alibi
1346 1729 1424 1784 ait
1450 1745 1465 1782 :
1498 1727 1718 1784 Portate
1746 1730 1914 1784 Deum

2013 553 2501 620 accommntodare,
2540 569 2700 624 quam
2739 558 2912 613 nobis.

2087 657 2105 690 t
2141 640 2296 696 Sicut
2327 645 2418 715 qui
2448 645 2612 714 ignoti
2662 653 2716 700 et
2743 648 2966 717 cogniti.
3004 667 3023 700 ι
3066 650 3239 718 Ignoti
3276 653 3499 722 perﬁdis
3531 664 3591 709 et

2010 729 2260 800 ingratis,
2280 747 2334 788 et
2364 737 2563 804 cogniti
2599 753 2626 789 a
2656 737 2906 793 ﬁdelibus
2933 750 2987 794 et
3013 740 3200 810 justis.

1997 859 2000 862 .
2086 842 2105 876 t
2141 821 2311 890 Quasi
2371 827 2690 894 morientes,
2721 837 2777 883 et
2832 843 2958 884 ecce
3001 831 3251 885 vivimus.
3291 851 3310 884 ι
3348 832 3458 887 lloc
3487 842 3590 899 est.

2010 931 2184 984 usque
2217 918 2282 970 ad
2313 928 2536 974 mortem
2569 920 2954 990 pervenientes
2982 935 2997 980 :
3035 924 3173 975 sicut
3203 927 3423 992 quando
3451 925 3586 994 lapi-

2009 1008 2173 1062 datus
2200 1018 2306 1072 est,
2332 1019 2385 1064 ct
2403 1005 2661 1065 'mortnus
2691 1013 3250 1084 aestimatus,surgens
3277 1016 3506 1071 docebat
3533 1018 3588 1071 itt

2013 1097 2224 1169 Lysuis
2265 1099 2406 1166 (Act.
2442 1118 2555 1169 xw,
2598 1102 2808 1173 l8-2l).

2089 1207 2108 1238 t
2153 1188 2221 1244 Ut
2279 1192 2548 1259 castigati,
2615 1201 2670 1247 ct
2725 1209 2832 1247 non
2891 1193 3220 1249 mortiﬁcati.
3256 1215 3273 1247 ι
3316 1195 3596 1266 Castigans

2011 1282 2291 1350 castigavit
2347 1299 2426 1336 me
2464 1283 2739 1348 Dominus,
2777 1294 2826 1338 et
2879 1287 3038 1340 morti
3094 1287 3196 1340 tt‘on
3243 1288 3462 1340 tradidit
3517 1305 3596 1342 me

2015 1370 2189 1440 (Psal.
2221 1387 2387 1438 cxvu,
2417 1372 2530 1440 l8).

2091 1481 2108 1513 t
2152 1463 2320 1530 Quasi
2363 1465 2566 1528 tristes,
2605 1479 2816 1533 semper
2840 1475 3018 1520 autem
3048 1467 3370 1535 gaudentes.
3413 1486 3431 1519 ι
3470 1465 3596 1521 Tri-

2014 1564 2126 1608 stes
2157 1559 2445 1610 sereritate
2477 1557 2693 1611 vultus:
2731 1558 2892 1612 corde
2924 1574 3050 1614 vero
3083 1561 3250 1614 etiam
3283 1561 3335 1614 iit
3373 1561 3597 1614 tribula-

2019 1648 2162 1700 tione
2194 1649 2511 1716 gaudentes.

2094 1757 2113 1789 ι
2155 1739 2310 1793 Sicut
2338 1751 2582 1810 egentes,
2636 1746 2834 1796 multos
2890 1752 3074 1795 autem
3128 1739 3539 1808 locupletantes.
3574 1757 3592 1791 ι

335 1815 396 1867 in
425 1831 642 1884 corpore
674 1826 841 1871 vestro
867 1819 924 1886 (Ι
945 1817 1069 1873 Car.
1118 1834 1199 1883 Vl.
1246 1820 1361 1892 20).
1423 1822 1575 1877 Sicut
1599 1821 1689 1876 ille
1741 1837 1800 1878 se
1847 1824 1915 1876 ab
1943 1831 1993 1891 Β
2023 1830 2078 1885 Ιιι
2108 1831 2211 1885 hoc
2250 1832 2368 1901 ipso
2398 1847 2508 1902 quo
2566 1833 2721 1888 nobis
2755 1847 2997 1903 egemus,
3031 1833 3152 1888 aliis
3211 1832 3549 1885 abundamus
3583 1847 3597 1883 :

338 1907 595 1963 omnibus
625 1908 830 1978 patitur
854 1910 1242 1980 blaspltemari,
1269 1921 1324 1966 et
1348 1921 1532 1967 tamen
1577 1911 1632 1966 in
1662 1914 1917 1982 praesenti

341 1999 449 2052 vita
472 1998 700 2069 ingratis
729 2000 890 2054 etiam
922 2015 1020 2056 sua
1051 2002 1313 2057 beneﬁcia
1344 2017 1449 2057 non
1482 2005 1734 2074 denegat.

417 2107 437 2140 ι
477 2090 532 2142 lu
565 2090 731 2144 multa
763 2090 1048 2160 patientia,
1081 2093 1134 2146 in
1177 2093 1640 2150 tribulationibus.
1678 2117 1697 2148 ο
1731 2095 1922 2154 Omnis

339 2181 512 2247 ιίιέἱο,
539 2181 816 2238 tribulatio
839 2192 940 2237 est.

422 2289 440 2322 ι
473 2271 530 2326 ιιι
580 2274 1020 2330 necessitatibus.
1064 2293 1084 2328 ι
1119 2273 1296 2332 Omne
1346 2280 1490 2348 quod
1543 2293 1768 2336 necesse
1814 2288 1923 2346 est,

345 2363 607 2431 teramus,
645 2375 704 2420 ιιι
748 2380 972 2423 necesse
1004 2376 1106 2424 est.

423 2475 443 2508 ι
473 2456 530 2512 In
560 2458 846 2529 angustiis.
884 2477 904 2512 t
941 2461 1200 2533 Angustia
1233 2469 1320 2518 est
1337 2461 1517 2518 omnis
1544 2459 1781 2532 egentia.

421 2568 442 2605 t
467 2548 524 2606 ιιι
555 2552 748 2622 plagis,
787 2553 842 2608 in
877 2554 1212 2621 carceribus,
1239 2555 1296 2610 in
1351 2554 1732 2622 seditionibus,
1756 2553 1811 2609 in
1847 2553 1928 2610 la-

345 2642 589 2698 boribus.
625 2660 644 2694 t
673 2643 923 2700 Mannum
959 2645 1042 2702 vel
1073 2647 1448 2702 discursuutn.

425 2750 444 2784 t
478 2733 530 2786 ιιι
564 2733 784 2803 vigiliis.
825 2754 844 2789 ι
878 2734 994 2791 Non
1020 2738 1204 2793 minus
1225 2737 1445 2802 mentis,
1469 2753 1630 2808 quam
1655 2735 1925 2806 corporis.

425 2842 445 2874 ι
481 2823 536 2877 In
563 2824 807 2894 jejuniis.
849 2845 868 2878 ι
905 2826 1214 2882 Notandum
1239 2827 1445 2898 jejunia
1478 2842 1600 2883 cum
1638 2816 1958 2883 virtutibus.

347 2916 648 2970 numerari.
1063 2966 1066 2968 .

430 3023 450 3056 ι
482 3004 540 3060 ιιι
571 2989 843 3062 castitate.
879 3025 898 3058 ι
928 3006 1024 3064 llla
1062 3015 1148 3063 est
1205 3021 1333 3063 vera
1387 3006 1634 3072 castitas,
1679 3021 1800 3078 quae
1833 3021 1933 3062 nec

348 3112 538 3160 mente
573 3102 852 3168 polluitur.

426 3214 448 3248 s
483 3195 546 3251 In
577 3195 826 3252 scientia.
851 3213 871 3248 ι
895 3193 1202 3250 Notandum
1224 3193 1369 3266 quod
1389 3193 1621 3252 scientia
1651 3195 1790 3252 inter
1811 3210 1933 3267 spe-

347 3289 467 3342 cies
503 3289 782 3344 virtutum.
1077 3271 1079 3274 D
1563 3299 1572 3304 '

431 3398 451 3430 ι
487 3378 542 3433 In
573 3379 1002 3450 longanimitate.
1034 3397 1052 3431 t
1089 3377 1143 3432 ΙιΙ
1176 3386 1285 3444 est,
1321 3376 1647 3432 sustinentia
1682 3375 1863 3445 longa.

428 3488 450 3522 s
483 3469 542 3525 ιιι
566 3471 860 3532 suavitate.
893 3487 914 3522 ι
954 3465 1025 3523 Ut
1053 3467 1182 3522 nulli
1233 3467 1413 3523 verbis
1439 3470 1644 3524 nostris
1675 3469 1936 3524 antaritu-

352 3565 540 3618 dinem
583 3575 952 3634 generentus:
990 3573 1046 3618 et
1093 3563 1307 3618 dicatur
1359 3562 1425 3616 de
1479 3555 1684 3615 nobis:
1729 3558 1938 3616 Fauces

351 3657 476 3720 ejus
507 3653 841 3720 dulcedines,
877 3661 933 3708 et
969 3661 1141 3710 totum
1177 3652 1505 3710 desiderium
1547 3649 1743 3711 lEccli.
1775 3663 1938 3715 xxxv,

353 3747 477 3818 at).

441 3860 461 3893 ι
497 3839 557 3898 ιιι
583 3841 790 3910 Spiritu
823 3847 1032 3896 sancto.
1067 3854 1088 3890 ι
1113 3835 1251 3892 Dum
1295 3833 1522 3908 dignum
1550 3833 1601 3889 ei
1630 3848 1729 3890 nos
1782 3833 1937 3889 habi-

357 3933 600 3988 taculum
623 3945 1020 4002 praeparamus.

444 4043 464 4075 ι
497 4023 840 4080 lncltaritate
861 4037 968 4077 non
1002 4021 1145 4078 (icta.
1187 4039 1207 4071 ι
1236 4015 1434 4074 Omnia
1461 4032 1582 4088 qua
1613 4018 1771 4073 nobis
1795 4017 1944 4070 volu-

361 4131 490 4172 tuus
523 4117 728 4182 facere,
756 4114 881 4168 aliis
913 4112 1182 4168 iaciamus
1206 4109 1424 4183 (Hattlt.
1461 4125 1555 4175 vlt,
1591 4107 1713 4179 12);
1747 4118 1942 4162 ut-non

361 4210 654 4277 diligamus
688 4205 875 4273 verbo,
908 4205 1006 4261 sed
1031 4217 1196 4274 apere
1227 4213 1284 4258 et
1337 4203 1570 4262 veritate
1592 4200 1644 4271 (ι
1669 4200 1827 4258 Joan.
1860 4215 1942 4266 ut,

367 4302 484 4370 18).

447 4411 468 4446 t
490 4392 550 4449 in
600 4391 768 4448 verbo
799 4388 1068 4447 veritatis.
1103 4405 1123 4440 ι
1160 4387 1218 4442 Id
1274 4398 1377 4455 est,
1423 4387 1479 4442 itt
1507 4387 1674 4442 verbo
1696 4385 1898 4442 Christi
1927 4403 1943 4442 :

2019 1924 2148 1978 dum
2177 1938 2272 1993 per
2296 1939 2396 1979 nos
2421 1924 2776 1996 eleetnosynm
2823 1925 2956 1979 ﬁunt
2983 1943 2996 1980 :
3036 1930 3149 1980 sive
3183 1925 3413 1980 terrenis
3439 1940 3596 1992 egeno

2023 2022 2126 2075 tes.
2166 2015 2304 2068 alios
2332 2014 2488 2068 bonis
2515 2015 2824 2070 ctelestibus
2878 2014 3108 2069 iacimus
3161 2013 3477 2083 locupletes.
3511 2013 3599 2067 Si.

2023 2105 2135 2158 tnul
2167 2104 2576 2171 attendendum,
2604 2105 2878 2174 quomodo
2903 2104 3084 2158 omnia
3107 2104 3260 2173 quasi
3291 2105 3400 2173 pati
3427 2120 3486 2159 se
3518 2107 3596 2157 di-

2021 2197 2116 2263 cit,
2163 2211 2269 2250 non
2307 2209 2486 2251 tamen
2519 2197 2630 2266 pati
2667 2213 2683 2252 :
2716 2205 2774 2251 ttt
2819 2198 3072 2252 ostendat
3107 2197 3210 2250 ista
3275 2210 3398 2250 esse
3445 2197 3598 2264 quasi

2025 2288 2294 2360 imagines
2359 2288 2700 2359 passionum,
2752 2293 2822 2345 ad
2875 2290 3337 2359 comparationem
3393 2289 3599 2357 prmtnii

2026 2379 2360 2448 sempiterni.

2100 2489 2121 2524 t
2153 2471 2432 2542 Tanquam
2447 2473 2580 2528 nihil
2599 2474 2889 2538 habentes,
2908 2485 2964 2529 et
2987 2473 3166 2528 omnia
3191 2475 3552 2542 possidentes.
3577 2491 3595 2524 ι

2026 2561 2179 2618 Sicut
2204 2565 2283 2617 ait
2314 2562 2568 2618 Salomon
2601 2581 2616 2618 :
2650 2563 2786 2632 Ejus
2825 2567 2917 2634 qui
2971 2565 3142 2632 ﬁdelis
3191 2577 3289 2632 est,
3325 2573 3402 2618 est
3461 2573 3601 2618 totus

2029 2652 2256 2706 mundus
2322 2653 2633 2708 diuitiarum
2667 2653 2850 2724 (Prov.
2902 2670 2997 2718 xx,
3055 2655 3132 2726 ti).
3188 2653 3319 2708 Natu
3379 2661 3606 2723 excepto

2029 2745 2178 2815 quod
2237 2749 2419 2800 omnia
2469 2755 2655 2801 nostra
2711 2746 2802 2802 Dei
2853 2757 3001 2810 sunt,
3056 2759 3215 2801 nemo
3276 2745 3395 2814 plus
3441 2744 3608 2798 habet

2029 2851 2192 2908 quam
2217 2839 2310 2906 qui
2337 2836 2536 2892 nullius
2568 2837 2790 2907 indiget.
2825 2837 2916 2892 llie
2965 2853 3095 2892 vero
3154 2836 3288 2890 nihil
3347 2842 3488 2906 eget,
3513 2833 3605 2904 qui

2032 2937 2232 2996 praeter
2269 2927 2577 2983 necessaria
2633 2926 2768 2981 nihil
2816 2927 3067 2997 requirit.
3132 2927 3206 2980 De
3259 2926 3606 2994 separatione

2035 3017 2271 3071 litteliunt
2305 3019 2376 3072 ab
2403 3016 2751 3072 inﬁdelibus:
2785 3018 3010 3087 etquod
3037 3031 3227 3072 ouanes
3257 3015 3430 3070 sancti
3467 3025 3606 3070 tem-

2036 3107 2181 3174 plum
2205 3107 2315 3162 siut
2337 3106 2453 3164 Dei.

2111 3215 2130 3250 ι
2171 3196 2245 3255 Os
2281 3207 2528 3254 nostrum
2559 3206 2704 3270 patet
2731 3198 2797 3252 ad
2849 3212 2964 3262 vos,
2995 3213 3029 3253 o
3055 3197 3346 3266 Corinthii,
3376 3207 3610 3253 cor'no-

2035 3301 2206 3346 strum
2234 3291 2516 3345 dilatatum
2565 3301 2667 3346 est.
2699 3308 2718 3342 t
2747 3289 2824 3344 Ita
2877 3304 3062 3344 sumus
3122 3299 3304 3344 vestro
3363 3288 3607 3359 profectu

2036 3383 2331 3452 provocati,
2366 3391 2425 3436 ut
2457 3393 2636 3437 tacere
2681 3382 2895 3450 penitus
2925 3396 3032 3434 non
3071 3381 3362 3450 possimus.
3419 3378 3609 3436 Profe-

2035 3475 2334 3550 ctusenim
2357 3473 2614 3543 discipuli
2670 3473 2848 3542 aperit
2875 3485 2938 3526 os
2975 3473 3246 3542 magistri.
3283 3470 3350 3526 Et
3381 3487 3475 3525 cor
3529 3474 3612 3526 di-

2037 3565 2168 3620 latat
2194 3577 2358 3634 atque
2385 3563 2704 3628 ampliﬁcat,
2741 3563 2793 3617 id
2824 3572 2928 3624 est.
2965 3561 3095 3616 facit
3127 3562 3380 3618 sensibus
3435 3565 3611 3616 abun-

2044 3657 2196 3710 dare.
2225 3655 2379 3710 Sicut
2425 3653 2495 3709 de
2525 3653 2816 3709 Salomone
2853 3654 3113 3720 scriptum
3144 3663 3224 3708 est
3253 3669 3269 3710 :
3298 3651 3437 3719 Quia
3466 3655 3610 3708 dedit

2039 3746 2124 3800 illi
2169 3746 2308 3801 Deus
2365 3747 2702 3821 latitudinem
2758 3746 2952 3813 cordis,
2984 3747 3120 3800 sicut
3172 3760 3392 3800 arenam
3449 3747 3612 3800 maris

2040 3835 2161 3905 (111
2185 3837 2313 3908 Reg.
2346 3853 2419 3899 tv,
2449 3835 2565 3906 29).

2117 3948 2134 3981 t
2173 3928 2294 3984 Non
2324 3929 2710 3999 angustiamini
2739 3930 2822 3984 ,ιιι
2856 3928 3018 3984 nobis
3053 3945 3068 3983 :
3101 3927 3485 3998 angustiamini
3521 3943 3611 3980 au~

2045 4030 2150 4076 tem
2190 4021 2242 4074 in
2269 4021 2571 4077 visceribus
2594 4023 2812 4076 vestris.
2845 4041 2864 4073 ι
2903 4021 3016 4076 Non
3043 4037 3106 4076 es
3138 4020 3294 4076 nobis
3343 4021 3614 4075 sermonis

2043 4114 2290 4182 angustia
2321 4129 2335 4166 :
2369 4113 2464 4168 sed
2502 4114 2628 4184 quia
2656 4113 2969 4169 validiorem
2995 4131 3089 4170 vos
3113 4129 3218 4169 non
3254 4115 3480 4182 potestis
3511 4128 3614 4168 au-

2044 4205 2163 4259 dire
2190 4205 2520 4273 doctrinam,
2550 4207 2672 4261 ideo
2697 4220 2765 4262 ex
2799 4205 2953 4262 vobis
2981 4220 3144 4261 causa
3172 4205 3417 4276 procedit
3445 4217 3614 4274 angu-

2044 4297 2186 4351 sliat.

2127 4407 2146 4441 ι
2176 4389 2433 4444 Eamdem
2455 4399 2638 4444 autem
2669 4385 2928 4444 habentes
2961 4389 3472 4444 remunerationem.
3511 4405 3530 4441 ι
3557 4386 3616 4444 Si

363 4491 414 4544 si
451 4497 577 4556 apte
605 4487 918 4556 proferatur
947 4494 1003 4539 et
1030 4497 1178 4548 vere,
1207 4496 1274 4536 ne
1306 4482 1398 4535 ilat
1429 4480 1498 4536 de
1529 4482 1758 4537 veritate
1787 4494 1940 4536 men-
1971 4505 2019 4561 υ
2047 4480 2298 4536 eumdem
2321 4479 2691 4534 sustinueritis
2714 4478 2978 4533 laborem.
3003 4478 3111 4532 Aut
3130 4490 3280 4534 certe
3309 4479 3354 4534 si
3387 4487 3616 4546 tantum,

362 4580 606 4635 decium.

448 4687 468 4721 ι
498 4669 554 4724 ιιι
588 4670 790 4724 virtute
814 4665 933 4722 Dei.
966 4664 1068 4720 Per
1115 4677 1266 4717 arma
1306 4661 1552 4733 iustitiae.
1596 4678 1618 4714 ι
1652 4658 1708 4715 ιιι
1747 4660 1944 4718 virtute

368 4763 490 4824 Dei,
514 4760 814 4829 sivevlegis.
849 4768 1042 4814 contra
1072 4754 1346 4812 diabolum
1383 4753 1728 4810 dimicemus.

449 4868 472 4904 ι
505 4850 550 4905 Δ
579 4851 786 4905 dextris
813 4861 868 4904 et
890 4865 920 4902 a
941 4846 1207 4902 sinistris.
1245 4863 1266 4897 t
1307 4843 1417 4900 Nec
1449 4844 1730 4914 prosperis
1763 4842 1943 4900 eleve-

370 4959 521 5004 tnur,
549 4959 652 4998 nec
675 4941 992 5012 frangantur
1013 4939 1279 4995 adversis.

448 5053 470 5086 ι
500 5035 605 5088 Per
640 5033 869 5099 gloriam
913 5039 968 5088 et
991 5031 1412 5100 ignobilitatem.
1452 5048 1471 5082 ι
1501 5029 1747 5086 Gloriam
1773 5031 1944 5086 virtu-

365 5138 513 5190 tum,
542 5134 597 5180 et
619 5124 1012 5195 ignobilitatem
1047 5125 1306 5178 carceris.

450 5237 469 5269 t
509 5216 610 5270 Per
643 5215 919 5270 infantiam
952 5224 1007 5272 et
1031 5215 1226 5269 bonam
1283 5215 1479 5271 famam
1508 5232 1524 5271 :
1559 5225 1614 5270 ut
1634 5215 1948 5272 sctluctores

366 5321 425 5365 et
462 5324 704 5364 veraces.
742 5327 761 5362 ι
804 5310 887 5362 Ab
909 5309 1030 5363 aliis
1076 5319 1135 5363 ut
1169 5324 1392 5366 veraces
1427 5310 1707 5364 laudamur
1732 5323 1748 5364 ε
1774 5318 1832 5362 ιιι
1863 5320 1948 5362 se-

367 5407 632 5458 ductores
653 5401 724 5458 ab
751 5403 872 5458 aliis
900 5402 1225 5458 infamantur
1252 5420 1266 5455 :
1297 5403 1440 5458 sicut
1474 5411 1529 5455 et
1555 5401 1669 5470 ipse
1699 5399 1951 5454 Salvator

370 5493 680 5564 appellatus
698 5504 782 5549 est
807 5508 837 5548 a
864 5493 1065 5550 Judaeis
1089 5493 1344 5548 seductor
1375 5492 1594 5564 (Matth.
1621 5507 1789 5556 xxvii,
1835 5491 1946 5560 63).

371 5593 514 5656 Qua
532 5586 711 5641 omnia
737 5587 1014 5658 aequaliter
1039 5585 1284 5646 ferimus,
1314 5598 1381 5636 ne
1409 5583 1670 5638 extollant
1703 5598 1804 5636 nos
1834 5582 1952 5638 lau-

373 5681 592 5740 dantes,
617 5692 716 5731 nec
743 5676 1000 5746 dejiciant
1033 5675 1419 5730 detrahentes:
1453 5673 1576 5741 quia
1613 5687 1833 5726 necesse
1871 5680 1951 5726 cst

377 5782 670 5836 utramque
693 5777 899 5839 partem
931 5767 1219 5838 aliquando
1250 5764 1484 5818 mentiri.
1534 5761 1683 5818 Unde
1724 5765 1786 5817 nd
1825 5779 1952 5817 con-

2051 4583 2316 4645 quantum
2343 4574 2523 4629 dicere
2548 4586 2855 4642 possumus,
2878 4572 3126 4640 capiatis.

2122 4685 2142 4717 t
2173 4665 2454 4734 Tanquam
2497 4663 2622 4718 liliis
2652 4663 2796 4726 dico,
2825 4662 3127 4718 dilatamini
3158 4671 3214 4716 et
3242 4673 3364 4716 vos.
3397 4679 3418 4713 ι
3452 4660 3616 4727 Quasi

2049 4753 2142 4809 lilii
2168 4769 2289 4808 meo
2310 4755 2560 4821 exemplo
2601 4751 2927 4819 dilatatnini,
2967 4762 3026 4806 ut
3070 4755 3273 4819 majora
3321 4752 3614 4818 recipiatis.

2051 4847 2177 4899 Sive
2207 4844 2521 4900 sacerdotes
2550 4844 2602 4897 in
2637 4843 2887 4898 doctrina
2936 4843 3183 4914 exemplo
3235 4857 3332 4898 suo
3372 4844 3615 4912 prazcipit

2046 4937 2278 4992 dilatari.

2129 5046 2148 5079 ι
2188 5025 2365 5082 Nolite
2383 5027 2574 5096 iugum
2599 5029 2794 5083 ducere
2845 5041 2967 5081 cum
3033 5025 3359 5082 infidelibus.
3395 5044 3415 5078 ι
3448 5025 3621 5082 Nolite

2049 5121 2158 5178 illis
2203 5120 2486 5191 conjungi,
2529 5121 2612 5176 vel
2644 5122 2850 5189 aequari
2882 5137 2900 5178 ς
2929 5121 3054 5189 quia
3084 5122 3272 5189 jugunt
3313 5119 3474 5174 simul
3507 5135 3619 5176 non

2052 5214 2300 5276 trahunt,
2325 5213 2427 5267 nisi
2454 5227 2653 5280 pares:
2691 5211 2742 5266 id
2773 5224 2878 5275 est,
2935 5212 3104 5266 nolite
3160 5212 3622 5284 pscudoapostolis

2051 5304 2275 5368 sociari,
2299 5305 2380 5358 vel
2412 5305 2496 5358 his
2529 5306 2620 5374 qtti
2643 5306 2694 5358 iit
2731 5304 2894 5359 idolio
2931 5301 3334 5358 recutttbebant.

2131 5415 2150 5448 t
2182 5393 2314 5461 Qua:
2347 5398 2491 5450 enim
2517 5395 2856 5464 participatio
2880 5394 3103 5462 iustitia:
3152 5409 3272 5447 cum
3309 5395 3615 5464 iniquitate,

2052 5495 2145 5543 aut
2178 5503 2298 5555 quae
2342 5487 2576 5542 societas
2618 5487 2720 5540 luci
2776 5487 2842 5539 ad
2883 5487 3177 5540 tenebras?
3214 5505 3234 5537 ι
3267 5484 3444 5552 Nulla,
3487 5489 3627 5544 sicut

2055 5595 2153 5634 nec
2200 5595 2322 5632 cum
2372 5579 2611 5633 tenebris
2663 5579 2788 5631 luci.
2844 5578 3010 5630 Simul
3065 5578 3297 5630 ostendit
3353 5582 3625 5636 neminem

2056 5683 2214 5738 posse
2271 5685 2391 5724 esse
2435 5671 2639 5737 justum
2699 5679 2750 5724 ct
2808 5669 3086 5738 it-jttstuut,
3144 5671 3298 5725 Valde
3351 5671 3628 5725 contraria

2055 5763 2300 5830 exetnpla
2329 5777 2649 5828 proponens.
