3956 6196
500 293 609 379 8.23

1445 298 1510 357 S.
1550 295 1996 357 HlEllONYMI
2035 292 2355 356 OPERUM
2398 292 2802 356 MANTISSA.
3586 293 3672 360 824

569 429 590 465 ι
625 410 757 479 Quze
794 419 974 467 autem
1024 410 1312 468 conventio
1369 413 1572 469 Christi
1621 415 1687 469 ad
1738 414 1945 469 Belial?
1975 420 2069 467 aut
2096 421 2141 480 Α
2169 409 2429 465 obedistis
2489 410 2608 465 sive
2641 412 2769 480 quia
2802 405 3028 462 multum
3062 420 3147 462 me
3174 420 3203 462 a
3232 405 3384 464 vobis
3412 406 3541 481 diligi
3590 426 3678 468 non

490 518 614 575 qua:
640 519 767 573 pars
796 502 934 558 ﬁdeli
972 519 1091 559 cum
1130 504 1332 561 inﬁdeli
1359 505 1413 559 ἲ»
1453 505 1680 560 Penitns
1707 506 1784 560 illi
1817 521 1920 559 non
1969 520 2064 572 po-

493 604 595 651 test
624 595 934 650 convenire.
971 595 1025 649 In
1059 595 1223 661 Belial
1270 605 1447 651 autem
1471 596 1745 658 diabolum
1808 597 1924 652 sive
1946 596 2061 650 An-

493 688 798 741 titbristum
834 689 885 742 in
913 688 1172 745 vocabulo
1199 689 1326 747 idoli
1354 690 1674 751 nominavit.

566 796 585 831 ι
623 781 725 853 Qui
749 789 930 851 autem
960 796 1259 841 consonans
1293 783 1490 851 templo
1520 781 1611 838 Dei
1673 798 1795 836 cum
1855 779 2064 836 idolis?

490 867 597 922 Vos
629 862 772 927 enim
795 873 928 927 estis
967 874 1224 943 templum
1262 875 1353 932 Dei
1388 877 1517 933 vivi.
1560 895 1578 928 ι
1614 875 1756 930 ldola
1792 875 1935 942 ipsos
1968 875 2064 927 lto-

490 961 663 1019 mines
687 962 839 1029 dicit,
881 967 972 1034 qui
1027 964 1166 1019 idola
1228 966 1458 1029 colunt:
1520 967 1647 1035 quia
1698 965 1898 1034 templa
1937 972 2064 1020 sunt

489 1054 813 1120 tlmruonutu,
845 1057 987 1111 sicut
1010 1057 1139 1127 justi
1177 1059 1436 1130 templum
1471 1058 1562 1113 Dei
1592 1068 1740 1118 sunt.

568 1165 584 1193 ε
608 1146 763 1210 Sicut
793 1148 929 1201 dicit
950 1147 1088 1205 Dens
1110 1165 1124 1209 :
1146 1149 1413 1215 Quoniam
1444 1152 1758 1208 iuhabitabo
1780 1154 1835 1207 in
1876 1153 2006 1208 illis.
2038 1172 2057 1206 ι

485 1238 621 1297 Cum
655 1240 850 1311 ubique
883 1241 953 1295 sit
984 1241 1158 1308 Deus,
1210 1254 1390 1297 tamen
1449 1242 1505 1297 in
1554 1244 1664 1300 illis
1705 1246 1919 1313 proprie
1965 1231 2066 1300 ha:

489 1331 662 1384 hitare
710 1346 769 1385 se
817 1333 951 1387 dicit
998 1333 1094 1402 qui
1151 1334 1273 1404 ejus
1311 1335 1483 1402 gratia
1540 1332 1916 1403 perfruuntur,
1969 1337 2062 1406 qui

487 1424 743 1483 tumulum
794 1425 841 1479 ei
871 1437 1177 1496 praeparant
1197 1425 1281 1480 sui
1311 1425 1493 1482 cordis
1519 1426 1838 1495 hospitium.

567 1532 586 1565 ι
624 1514 691 1587 Et
724 1514 1071 1587 inambulatio
1104 1517 1248 1593 inter
1263 1532 1377 1573 eos.
1420 1538 1438 1581 η
1471 1517 1672 1581 Omnes
1715 1534 1906 1579 eorum
1937 1536 2062 1577 scn-

487 1621 580 1661 sus
609 1607 886 1670 obtinebo.
921 1609 1004 1662 vel
1036 1623 1371 1678 percurram.

569 1712 589 1746 ι
621 1693 683 1757 Et
713 1709 809 1749 ero
838 1696 1047 1767 illorum
1081 1697 1278 1767 Deus.»
1310 1699 1449 1755 Deus
1505 1715 1650 1757 enim
1690 1711 1884 1764 natura
1938 1717 2058 1755 om-

489 1786 634 1849 nium
667 1794 769 1852 est.
796 1786 1396 1863 voluntatepaucorum
1435 1808 1450 1851 :
1485 1809 1590 1861 non
1625 1795 1767 1849 enim
1805 1805 1887 1851 est
1916 1796 2059 1853 Dens
2091 1799 2133 1853 Β

487 1886 848 1945 mortuorum,
883 1881 978 1936 sed
1009 1882 1281 1941 vivorum.

565 1986 585 2021 ι
623 1968 687 2033 Et
722 1969 824 2039 ipsi
855 1984 1016 2037 erunt
1084 1976 1214 2030 mihi
1267 1980 1554 2048 populus.»
1620 1978 1720 2046 Qui
1784 1981 2060 2039 voluntate

492 2061 633 2123 servi
670 2071 825 2129 sunt.
857 2080 961 2118 non
992 2074 1184 2123 natura
1226 2077 1459 2124 tantum.

533 2162 539 2167 ‘
564 2169 583 2215 ς
606 2151 834 2222 Propter
853 2155 998 2224 quod
1028 2160 1172 2214 exite
1205 2159 1273 2215 de
1298 2163 1475 2217 medio
1508 2178 1716 2229 eorum,
1747 2175 1802 2220 et
1832 2181 2056 2236 separa-

493 2244 645 2311 mini,
680 2246 810 2300 dicit
841 2246 1156 2315 Dominus,»
1191 2253 1353 2321 Actu,
1391 2254 1474 2309 vel
1505 2258 1938 2325 conversatione,
1974 2240 2058 2314 vel

483 2336 855 2394 {attriliaritate
887 2356 904 2396 :
931 2357 1037 2396 non
1079 2343 1219 2399 loco.

562 2449 583 2483 ‹
620 2430 681 2493 Et
722 2433 1059 2488 immundum
1094 2451 1203 2491 non
1224 2437 1561 2506 tetigeritisa
1595 2406 1786 2499 Otunis
1813 2441 1905 2511 qui
1936 2455 2060 2511 pec.

485 2528 599 2587 cat,
629 2524 943 2597 immundus
969 2529 1112 2582 enim
1147 2532 1289 2603 apud
1308 2530 1477 2591 Deum
1499 2532 1679 2591 omnis
1709 2534 1951 2604 iniquus.

563 2636 581 2667 ι
621 2615 687 2691 Et
716 2632 817 2685 ego
845 2620 1104 2693 recipiam
1133 2636 1286 2677 vos.»
1323 2620 1378 2677 Si
1402 2641 1497 2680 vos
1531 2625 1605 2681 illi
1637 2627 1921 2695 ejeeeriut.

559 2722 579 2757 ι
615 2704 681 2760 Et
708 2720 805 2775 ero
836 2708 988 2764 vobis
1019 2710 1073 2765 in
1106 2724 1340 2781 patrem,
1371 2725 1427 2775 et
1455 2732 1549 2777 vos
1596 2720 1751 2774 eritis
1811 2720 1940 2774 mihi
2004 2722 2057 2775 in

485 2794 625 2861 ﬁlios
656 2811 709 2850 et
737 2798 895 2856 ﬁlias.
935 2818 956 2852 ι
984 2799 1040 2861 Si
1063 2817 1159 2858 vos
1190 2815 1447 2873 pazentes
1505 2786 1886 2867 abdicatio/rint
1934 2813 2058 2867 inﬁ-

483 2887 653 2961 deles,
690 2904 776 2945 me
808 2900 1018 2961 patrem
1051 2895 1324 2952 habebitis
1350 2900 1771 2970 sempiternum.

492 3064 505 3075 ‘
561 2998 580 3035 t
625 2980 771 3037 Dicit
800 2982 1063 3051 Dominus
1093 2988 1457 3058 multipotens.
1492 3010 1511 3043 ι
1533 2994 1776 3059 Addidit,
1800 2994 2054 3067 omnipo—

482 3080 623 3140 tens,
655 3086 722 3128 ne
753 3075 839 3129 cui
860 3075 1200 3149 impossibile
1223 3080 1521 3141 videretur.

1051 3237 1280 3295 CAPUT
1317 3239 1427 3305 νυ,

566 3366 587 3407 r
619 3345 727 3419 llas
756 3364 888 3420 ergo
912 3350 1176 3417 habentes
1210 3355 1621 3425 promissiones,
1649 3357 1988 3417 eharissimi.
2031 3378 2051 3411 ι

482 3439 687 3497 Tantas
715 3452 769 3495 et
800 3442 945 3498 tales
1007 3447 1398 3512 promissiones
1438 3449 1789 3516 habentibus,
1849 3463 2058 3522 quanto

482 3525 660 3593 studio
692 3529 1000 3585 mandanda
1040 3542 1124 3587 est
1157 3533 1349 3599 domus
1382 3535 1541 3592 talmn
1605 3539 1874 3609 hospitem
1909 3557 2057 3596 rece-

480 3630 641 3687 ptura
673 3617 882 3693 ietDei
922 3621 1040 3688 ﬁlii,
1068 3626 1345 3697 quomodo
1376 3626 1578 3683 debent
1614 3640 1823 3699 patrem
1859 3634 2050 3686 inom-

481 3710 885 3781 nibusjustitim
933 3716 1190 3793 operibus
1234 3716 1462 3780 imitari.

555 3819 574 3853 ι
603 3801 920 3860 Mundemus
944 3821 1048 3862 nos
1079 3809 1150 3862 ab
1208 3810 1357 3866 onmi
1415 3811 1827 3882 inquinamento
1877 3817 2057 3872 carnis

480 3904 531 3955 et
562 3897 808 3965 spiritus.
853 3917 871 3949 ι
909 3899 1386 3969 lnquinamentnm
1420 3908 1605 3963 carnis
1628 3918 1736 3972 est,
1761 3911 1905 3978 quod
1959 3924 2057 3978 per

481 4002 696 4059 carnem
737 3990 1071 4045 admittitur.
1100 3992 1335 4062 Spiritus
1373 4011 1524 4063 vero.
1551 4000 1697 4070 quod
1737 4002 1849 4054 sola
1899 4002 2051 4071 cogi-

482 4078 686 4142 tatione
711 4094 991 4151 peccatur.

552 4186 571 4220 ι
609 4169 961 4245 Perﬁcienies
995 4175 1510 4235 sanctiﬁcationem.
1561 4198 1579 4232 ι
1608 4179 1761 4237 Tune
1793 4182 1900 4236 erit
1934 4198 2056 4250 pt‘f-

481 4264 617 4345 lecta
654 4267 1041 4334 sanctiﬁcatio,
1071 4270 1118 4327 si
1149 4281 1385 4342 utraque
1412 4275 1614 4328 munda
1634 4287 1944 4332 serventur.

550 4376 572 4411 ι
610 4359 672 4432 in
711 4358 909 4419 timore
932 4361 1051 4420 Dei.
1084 4382 1103 4415 ι
1137 4361 1344 4425 Dion-in
1381 4366 1538 4423 laude
1599 4369 1904 4435 hominum,
1963 4369 2050 4425 vel

481 4470 515 4509 ιι
524 4468 694 4510 more.

558 4567 576 4600 r
616 4548 807 4613 Capite
828 4565 949 4606 nos.
978 4549 1262 4609 Neminem
1294 4552 1555 4615 lasimus.
1593 4553 1880 4623 iAeeipite
1906 4556 2052 4623 quod

477 4641 749 4711 dicimus;
780 4642 896 4699 sive
924 4644 1069 4713 quod
1096 4644 1353 4710 vivimus,
1387 4655 1446 4699 ut
1471 4646 1776 4714 exemplqu
1804 4655 2052 4702 nostrum

480 4737 741 4805 teneaUs.

555 4848 573 4879 ι
604 4826 884 4902 Neminem
906 4829 1270 4900 corrupimus.
1311 4847 1329 4882 ι
1366 4828 1503 4884 Mala
1536 4829 1801 4886 doctrina.

555 4938 573 4970 ι
610 4918 892 4974 Neminem
944 4921 1430 4983 circumvenimus.
1465 4942 1484 4975 ο
1547 4926 1613 4979 Ut
1661 4926 1783 4996 ejus
1843 4925 2050 4996 aliquid

479 5008 810 5071 tolleremus.

556 5120 577 5153 ι
607 5101 725 5157 Non
761 5104 829 5158 ad
856 5106 1364 5162 condemnationem
1401 5118 1638 5163 vestram
1670 5110 1815 5164 dico.
1847 5107 2053 5162 Praedi-

478 5198 657 5251 ximus
682 5196 850 5260 enim,
871 5197 1014 5264 quod
1049 5198 1102 5251 in
1136 5199 1391 5253 cordibus
1418 5201 1621 5254 nostris
1651 5201 1787 5256 estis
1809 5201 1875 5255 ad
1904 5215 2054 5254 com-

481 5288 823 5345 moriendum
880 5298 936 5344 et
961 5292 1029 5345 ad
1094 5292 1511 5346 convivendum.
1558 5312 1574 5343 ι
1605 5291 1726 5346 Non
1760 5308 1846 5346 me
1892 5308 2055 5347 excu-

480 5382 673 5447 sando.
708 5397 802 5439 vos
831 5383 965 5438 tales
1000 5400 1251 5455 expono;
1276 5400 1380 5441 non
1407 5388 1553 5440 enim
1587 5402 1808 5456 possunt
1840 5386 1908 5441 de
1957 5404 2053 5440 vo-

480 5474 566 5531 bis
600 5478 701 5530 hoc
731 5477 941 5532 sentire
967 5494 1109 5561 quos
1148 5478 1331 5549 diligo,
1408 5490 1463 5532 ut
1499 5481 1751 5548 superius
1812 5488 2067 5533 cou:tne-'

476 5590 709 5631 ιιυνςινι.

550 5683 573 5719 α
606 5666 769 5719 Multa
812 5665 943 5720 mihi
998 5665 1191 5719 ﬁducia
1256 5674 1337 5721 est
1375 5667 1521 5736 apud
1585 5684 1698 5722 vos.
1741 5687 1757 5719 ο
1828 5668 2045 5723 Multam

476 5757 609 5817 mihi
667 5757 918 5814 ﬁduciam
944 5758 1172 5814 dedistis
1201 5758 1496 5828 loquendi,
1530 5766 1654 5830 quia
1698 5765 1751 5827 in
1799 5765 2050 5817 erunibus

2170 504 2379 570 ignoro.

2248 613 2268 647 ι
2302 592 2469 649 Multa
2501 594 2635 648 mihi
2668 590 2921 666 gloriatio
2947 606 3046 663 pro
3079 592 3257 650 vobis.
3319 610 3338 645 ι
3384 593 3523 661 Apud
3569 591 3679 651 alia

2176 687 2473 754 Ecclesiae,
2534 688 2601 743 de
2663 696 2841 743 vestra
2892 687 3271 743 emendatione
3324 685 3448 741 mihi
3497 685 3680 755 applau-

2170 780 2263 834 do.
3344 772 3355 777 ’

2247 894 2266 928 r
2306 874 2566 944 Repietus
2595 887 2716 928 sum
2733 871 3124 927 consolatione.
3157 888 3178 922 ι
3208 870 3336 925 Post
3370 871 3569 925 multam
3604 871 3681 926 tri-

2167 965 2535 1023 stitiam.Sive
2562 977 2745 1019 sermo
2776 964 2919 1017 mihi
2950 962 3259 1032 suppeditat
3284 962 3680 1025 consolationem.

2166 1070 2356 1116 vestro
2392 1067 2719 1129 provocatus
2739 1054 2990 1126 exemplo
3020 1065 3074 1109 et
3101 1053 3362 1126 profectu.

2243 1170 2264 1204 ς
2303 1150 2699 1222 Snperabundo
2718 1148 2942 1219 gaudio,
2976 1146 3034 1203 in
3049 1147 3198 1202 omni
3230 1146 3562 1203 tribulatione
3600 1164 3679 1202 ve-

2165 1254 2300 1298 stra.
2337 1261 2357 1295 ο
2385 1241 2443 1296 in
2463 1242 2610 1296 omni
2638 1232 2987 1296 tribulatione
3016 1251 3197 1295 vestra
3225 1248 3431 1295 tantum
3483 1239 3678 1308 gaudeo,

2166 1346 2224 1389 ut
2264 1334 2563 1390 obliviscar
2586 1333 2835 1389 omnium
2869 1347 3275 1403 pressurarum.

2240 1445 2258 1478 σ
2297 1425 2430 1479 Nam
2460 1432 2516 1481 et
2547 1438 2672 1480 cum
2699 1425 3033 1482 venissemus
3065 1426 3119 1478 in
3160 1422 3536 1489 Macedoniam,
3586 1421 3681 1477 nuh

2164 1518 2270 1571 lam
2302 1517 2541 1588 requiem
2568 1515 2763 1571 habuit
2798 1531 2928 1571 caro
2960 1526 3185 1569 nostra.
3219 1534 3238 1568 ι
3272 1514 3552 1571 Ostendcre
3597 1515 3682 1569 illis

2164 1609 2278 1663 vult
2302 1618 2563 1679 quantam
2594 1623 2907 1681 pressuram
2948 1607 3265 1678 magnitudo
3296 1608 3467 1679 gaudii
3498 1621 3683 1679 supera.

2167 1698 2263 1755 rit.

2236 1825 2257 1860 ι
2294 1808 2401 1865 Sed
2424 1824 2642 1867 omnem
2681 1806 3091 1866 tribulationem
3120 1807 3266 1878 passi
3298 1821 3496 1863 sumus.
3531 1823 3548 1859 ι
3577 1803 3683 1860 Nul-

2165 1901 2272 1955 ltuu
2302 1917 2473 1971 genus
2502 1901 2874 1957 tribulationis
2921 1900 3130 1971 experti
3184 1915 3292 1953 non
3345 1914 3539 1953 sumus.

2240 2014 2257 2046 ι
2303 1992 2454 2049 Foris
2486 2009 2707 2065 pugnae,
2742 1994 2891 2050 intus
2944 1995 3191 2049 timores.
3247 2011 3265 2044 ι
3302 1992 3491 2061 Pugnte
3527 1998 3683 2044 contra

2162 2086 2428 2152 inﬁdeles,
2454 2094 2509 2141 et
2533 2087 2699 2142 timor
2733 2088 2800 2142 de
2827 2085 3087 2141 fratribus
3120 2084 3278 2138 falsis
3328 2101 3342 2137 :
3378 2085 3504 2145 sive,
3555 2084 3686 2143 time-

2162 2179 2357 2234 bamus
2387 2194 2456 2233 ne
2474 2178 2981 2235 scandalizarentur
3008 2176 3243 2231 inﬁrmi.

2239 2289 2258 2322 ι
2296 2270 2401 2326 Sed
2428 2271 2520 2341 qui
2546 2270 2859 2326 consolatur
2888 2268 3144 2330 humiles.
3178 2266 3484 2322 consolatus
3509 2270 3582 2317 est
3608 2275 3687 2317 nos

2163 2363 2325 2417 Deus.
2366 2382 2386 2415 ι
2429 2361 2547 2419 Hoc
2576 2372 2659 2419 est
2685 2363 2999 2418 humiliatos
3031 2361 3373 2435 passionibus
3401 2366 3452 2414 et
3478 2356 3686 2421 amictus.

2238 2471 2257 2504 ι
2292 2453 2347 2509 In
2380 2455 2615 2510 adventu
2644 2452 2776 2510 Titi.
2806 2452 2927 2508 Non
2956 2450 3130 2508 solum
3194 2461 3380 2506 autem
3410 2452 3458 2505 in
3494 2450 3685 2503 adventu

2161 2546 2302 2615 ejus.
2326 2548 2419 2600 sed
2450 2547 2612 2600 etiam
2642 2546 2696 2600 in
2737 2543 3136 2601 consolatione.
3178 2562 3199 2595 ι
3239 2542 3355 2599 Non
3402 2541 3558 2599 solum
3585 2539 3688 2611 quia

2162 2636 2500 2692 desideratus
2519 2638 2759 2702 advenit,
2790 2638 2885 2692 sed
2910 2637 3073 2691 etiam
3109 2636 3240 2705 quia
3302 2636 3395 2699 illa
3439 2634 3689 2695 nuntiavit.

2163 2742 2386 2802 propter
2435 2745 2557 2800 quat
2580 2730 2698 2801 ejus
2755 2730 2995 2785 maxime
3034 2730 3487 2803 exspectabamus
3522 2727 3693 2781 adven-

2166 2834 2301 2879 lunt.

2240 2955 2259 2989 ι
2302 2938 2361 2990 In
2402 2951 2507 3007 qua
2538 2936 2852 2999 consolatus
2883 2945 2967 2993 est
2997 2937 3051 2991 in
3082 2935 3261 3003 vobis.
3302 2954 3321 3001 ρ
3374 2932 3491 2999 Post
3526 2932 3692 2987 luctum

2167 3045 2327 3097 quem
2362 3044 2462 3099 pro
2496 3030 2650 3086 vobis
2670 3028 2958 3086 nobiscum
2984 3030 3242 3086 habebat.

2230 3162 2251 3196 ι
2299 3142 2561 3209 Referens
2593 3143 2751 3199 nobis
2798 3143 3131 3203 desiderium
3184 3154 3458 3207 vestrum,
3487 3149 3691 3199 vestrum

2160 3237 2365 3294 ﬂetum.
2410 3255 2429 3289 ι
2466 3236 2571 3292 Pro
2604 3246 2787 3294 nostra
2814 3237 3240 3294 contristatione
3290 3249 3347 3294 et
3372 3234 3691 3307 quorumdam

2159 3333 2424 3402 peccatis.

2236 3465 2256 3500 ι
2302 3446 2552 3502 Vestram
2613 3447 3016 3503 amulationem
3067 3462 3167 3517 pro
3204 3464 3316 3505 me.
3361 3466 3379 3500 ι
3432 3446 3557 3515 Quia
3597 3443 3695 3501 vice

2160 3554 2277 3593 mea
2299 3540 2535 3594 tumulati
2563 3541 2697 3596 estis
2728 3540 2821 3593 Dei
2855 3538 3205 3595 terrmlatione
3230 3550 3536 3609 peccantes.
3592 3534 3695 3590 Sire

2162 3632 2353 3702 triplex
2389 3642 2471 3687 est
2501 3633 2815 3690 aemulatio:
2847 3643 2941 3690 aut
2968 3632 3314 3701 imitationis,
3347 3643 3439 3686 aut
3489 3628 3694 3689 invidis,

2159 3735 2254 3778 aut
2287 3727 2355 3781 de
2376 3741 2483 3798 qua
2509 3728 2691 3797 agitur
2726 3729 2781 3783 in
2812 3728 3095 3797 praesenti.

2234 3834 2255 3868 ο
2287 3814 2365 3870 Ita
2394 3828 2454 3871 ut
2480 3819 2653 3888 magis
2685 3819 3001 3889 gauderem.
3045 3836 3065 3870 ι
3093 3816 3233 3883 Quia
3265 3831 3373 3871 non
3422 3812 3574 3868 modo
3598 3823 3696 3865 cor-

2159 3908 2378 3965 rexistis
2436 3923 2551 3973 vos,
2581 3909 2676 3964 sed
2705 3909 2869 3963 etiam
2901 3910 3131 3979 amplius
3160 3907 3492 3977 proiecistis.

2237 4019 2256 4054 r
2289 4000 2555 4067 Quoniam
2583 4012 2636 4057 et
2664 4000 2711 4056 si
2741 4002 3057 4057 contristavi
3090 4016 3186 4056 vos
3217 4004 3270 4055 in
3308 3999 3560 4071 Epistula.
3612 4007 3697 4048 non

2159 4110 2245 4150 me
2272 4096 2522 4164 ptenitet.
2562 4094 2629 4151 Et
2655 4094 2702 4149 si
2730 4095 3044 4165 pmniteret,
3077 4094 3270 4148 videns
3319 4092 3464 4163 quod
3493 4085 3694 4159 Epistula

2158 4188 2270 4253 ma.
2297 4187 2401 4244 918i
2434 4189 2502 4243 ad
2528 4188 2739 4256 horam,
2769 4202 2867 4243 vos
2884 4186 3279 4252 constristavit,
3308 4200 3457 4240 nunc
3491 4183 3695 4251 gaudeo:

2160 4282 2425 4351 nonquia
2456 4280 2767 4336 contristati
2837 4282 2994 4341 estis.
3069 4282 3164 4334 sed
3221 4281 3352 4349 quia
3395 4270 3698 4331 constristati

2158 4373 2289 4429 estis
2316 4374 2382 4428 ad
2406 4372 2806 4443 pmuitentiam.
2849 4388 2867 4422 ι
2924 4370 3036 4424 Etsi
3095 4385 3183 4424 me
3258 4369 3613 4436 pmoituisset.
3646 4376 3698 4415 eo

2080 4484 2135 4546 ι)
2164 4466 2308 4537 quod
2334 4479 2429 4519 vos
2460 4465 2652 4519 durius
2675 4462 3037 4533 corripuerim
3071 4479 3085 4515 :
3148 4471 3329 4519 tamen
3369 4469 3543 4515 vester
3595 4454 3700 4509 ficit

2162 4558 2443 4628 protectus
2483 4565 2542 4609 ut
2577 4570 2682 4610 non
2704 4569 2789 4608 me
2838 4556 3135 4623 pteniteat;
3171 4553 3327 4622 quasi
3356 4553 3403 4607 si
3433 4551 3569 4605 dicat
3612 4559 3701 4599 me

2159 4655 2336 4714 dicus.
2368 4652 2533 4705 etiam
2564 4651 2611 4705 si
2634 4632 2901 4705 doluisset
2932 4646 3063 4702 mihi
3093 4656 3202 4700 tam
3234 4644 3551 4717 ardentiore
3569 4653 3699 4695 usum

2159 4760 2282 4801 esse
2311 4745 2595 4802 cauterio:
2635 4745 2731 4800 sed
2768 4758 2913 4797 nunc
2978 4740 3212 4811 gaudeo,
3250 4754 3359 4793 non
3397 4738 3518 4808 quia
3551 4732 3697 4787 dolui-

2158 4838 2282 4903 stis.
2319 4837 2413 4893 sed
2437 4838 2561 4909 quia
2579 4835 2736 4892 dolor
2756 4835 2846 4889 ille
2871 4834 3022 4887 vobis
3053 4830 3256 4902 proluit
3280 4832 3346 4883 ad
3374 4834 3610 4884 salutem.

2237 4949 2256 4980 ι
2297 4928 2619 4983 Contristati
2654 4927 2799 4981 enim
2823 4922 2960 4979 estis
3003 4925 3301 4978 secundum
3339 4921 3524 4975 Deum.
3554 4935 3572 4967 ο
3605 4912 3698 4966 Non

2158 5022 2461 5081 secundum
2487 5019 2767 5075 smculum.

2235 5135 2254 5169 ι
2284 5114 2356 5183 Ut
2382 5117 2435 5173 in
2469 5113 2623 5170 nullo
2663 5114 3051 5169 detrimentum
3089 5107 3367 5180 patiamini
3407 5123 3470 5161 ex
3513 5100 3693 5158 nobisa

2156 5212 2264 5266 Aut
2293 5221 2474 5267 nostra
2500 5208 2868 5278 negligentia:
2910 5217 3026 5271 aut,
3071 5214 3129 5258 ut
3179 5205 3460 5258 venientes
3490 5200 3695 5267 aliquem

2157 5308 2395 5354 vestrum
2436 5300 2838 5353 damnaremus.

2234 5410 2251 5441 ι
2287 5390 2418 5456 ρων
2445 5389 2589 5443 enim
2624 5387 2921 5441 secundum
2960 5382 3128 5438 Deum
3162 5382 3381 5437 tristitia
3417 5390 3518 5445 est,
3554 5376 3696 5448 pani-

2157 5483 2384 5538 teutiatn
2423 5481 2475 5535 in
2507 5481 2737 5534 salutem
2784 5476 3036 5532 stabilem
3069 5485 3344 5546 operatur.
3386 5493 3405 5525 ι
3450 5470 3540 5527 Est
3572 5468 3694 5523 enim

2157 5576 2482 5648 ptBttiletttia
2516 5574 2809 5639 diabolica,
2858 5572 3086 5626 adversa
3141 5570 3339 5623 saluti:
3393 5568 3439 5622 si
3489 5564 3601 5633 quis
3641 5558 3695 5613 de

2157 5671 2298 5725 bono
2320 5683 2483 5738 opere
2523 5666 2804 5737 pmnitcat.
2837 5663 3095 5718 stabilem
3128 5672 3386 5730 operatur
3418 5677 3433 5715 :
3469 5656 3690 5713 stabilem

2157 5763 2408 5827 salutem,
2440 5761 2552 5815 sive
2580 5768 2984 5830 permanentem
3012 5756 3410 5827 pwititeutiam.
3455 5754 3521 5807 De
3575 5761 3681 5818 pru-
