  <div class='ocr_page' id='page_1' title='image "/cluster/home/n/w/nwhite01/storage/ocr_20150623/30/hvd.32044096580527/418.png"; bbox 0 0 3954 6194; ppageno 0'>
   <div class='ocr_carea' id='block_1_1' title="bbox 288 353 394 418">
    <p class='ocr_par' dir='ltr' id='par_1_1' title="bbox 288 353 394 418">
     <span class='ocr_line' id='line_1_1' title="bbox 288 353 394 418; baseline 0 0"><span class='ocrx_word' id='word_1_1' title='bbox 288 353 394 418; x_wconf 70' lang='grc'><strong>825</strong></span> 
     </span>
    </p>
   </div>
   <div class='ocr_carea' id='block_1_2' title="bbox 1272 323 2522 415">
    <p class='ocr_par' dir='ltr' id='par_1_2' title="bbox 1272 323 2522 415">
     <span class='ocr_line' id='line_1_2' title="bbox 1272 323 2522 415; baseline -0.005 -2"><span class='ocrx_word' id='word_1_2' title='bbox 1272 347 1685 415; x_wconf 80' lang='lat' dir='ltr'><strong>EXPOSITIO</strong></span> <span class='ocrx_word' id='word_1_3' title='bbox 1716 348 1802 410; x_wconf 87' lang='lat' dir='ltr'><strong>IN</strong></span> <span class='ocrx_word' id='word_1_4' title='bbox 1836 323 2081 411; x_wconf 72' lang='lat' dir='ltr'><strong>Eptsr.</strong></span> <span class='ocrx_word' id='word_1_5' title='bbox 2125 344 2188 406; x_wconf 84' lang='lat' dir='ltr'><strong>tt</strong></span> <span class='ocrx_word' id='word_1_6' title='bbox 2217 345 2317 407; x_wconf 81' lang='lat' dir='ltr'><strong>AD</strong></span> <span class='ocrx_word' id='word_1_7' title='bbox 2357 344 2522 407; x_wconf 77' lang='lat' dir='ltr'><strong>con.</strong></span> 
     </span>
    </p>
   </div>
   <div class='ocr_carea' id='block_1_3' title="bbox 3414 344 3519 401">
    <p class='ocr_par' dir='ltr' id='par_1_3' title="bbox 3414 344 3519 401">
     <span class='ocr_line' id='line_1_3' title="bbox 3414 344 3519 401; baseline 0 0"><span class='ocrx_word' id='word_1_8' title='bbox 3414 344 3519 401; x_wconf 69' lang='lat' dir='ltr'><strong>92h</strong></span> 
     </span>
    </p>
   </div>
   <div class='ocr_carea' id='block_1_4' title="bbox 226 452 3519 550">
    <p class='ocr_par' dir='ltr' id='par_1_4' title="bbox 226 452 3519 550">
     <span class='ocr_line' id='line_1_4' title="bbox 226 452 3519 550; baseline -0.004 -27"><span class='ocrx_word' id='word_1_9' title='bbox 226 475 237 483; x_wconf 83' lang='lat'><strong><em>‘</em></strong></span> <span class='ocrx_word' id='word_1_10' title='bbox 285 469 478 542; x_wconf 82' lang='lat' dir='ltr'><strong>pitiatu</strong></span> <span class='ocrx_word' id='word_1_11' title='bbox 501 464 648 521; x_wconf 83' lang='lat' dir='ltr'><strong>enim</strong></span> <span class='ocrx_word' id='word_1_12' title='bbox 702 472 1049 538; x_wconf 72' lang='lat' dir='ltr'><strong>peccatorum</strong></span> <span class='ocrx_word' id='word_1_13' title='bbox 1103 481 1207 522; x_wconf 91' lang='lat' dir='ltr'><strong>non</strong></span> <span class='ocrx_word' id='word_1_14' title='bbox 1239 465 1503 522; x_wconf 84' lang='lat' dir='ltr'><strong>debemus</strong></span> <span class='ocrx_word' id='word_1_15' title='bbox 1558 478 1682 550; x_wconf 80' lang='lat' dir='ltr'><strong>esse</strong></span> <span class='ocrx_word' id='word_1_16' title='bbox 1731 462 1848 519; x_wconf 84' lang='lat' dir='ltr'><strong>sine</strong></span> <span class='ocrx_word' id='word_1_17' title='bbox 1876 472 1919 526; x_wconf 75' lang='grc' dir='ltr'><strong>Α</strong></span> <span class='ocrx_word' id='word_1_18' title='bbox 1950 462 2085 514; x_wconf 75' lang='lat' dir='ltr'><strong>ritas</strong></span> <span class='ocrx_word' id='word_1_19' title='bbox 2118 459 2262 515; x_wconf 79' lang='lat' dir='ltr'><strong>facta</strong></span> <span class='ocrx_word' id='word_1_20' title='bbox 2291 467 2396 514; x_wconf 88' lang='lat' dir='ltr'><strong>est.</strong></span> <span class='ocrx_word' id='word_1_21' title='bbox 2438 476 2456 509; x_wconf 80' lang='grc' dir='ltr'><strong>ι</strong></span> <span class='ocrx_word' id='word_1_22' title='bbox 2495 455 2569 510; x_wconf 89' lang='lat' dir='ltr'><strong>De</strong></span> <span class='ocrx_word' id='word_1_23' title='bbox 2607 452 2970 523; x_wconf 85' lang='lat' dir='ltr'><strong>rebusjnstis.</strong></span> <span class='ocrx_word' id='word_1_24' title='bbox 2993 469 3097 510; x_wconf 89' lang='lat' dir='ltr'><strong>non</strong></span> <span class='ocrx_word' id='word_1_25' title='bbox 3128 454 3403 521; x_wconf 71' lang='lat' dir='ltr'><strong>vanitatis,</strong></span> <span class='ocrx_word' id='word_1_26' title='bbox 3426 459 3519 512; x_wconf 87' lang='lat' dir='ltr'><strong>sed</strong></span> 
     </span>
    </p>
   </div>
   <div class='ocr_carea' id='block_1_5' title="bbox 285 558 862 631">
    <p class='ocr_par' dir='ltr' id='par_1_5' title="bbox 285 558 862 631">
     <span class='ocr_line' id='line_1_5' title="bbox 285 558 862 631; baseline -0.003 -15"><span class='ocrx_word' id='word_1_27' title='bbox 285 568 433 616; x_wconf 88' lang='lat' dir='ltr'><strong>metu</strong></span> <span class='ocrx_word' id='word_1_28' title='bbox 470 558 661 631; x_wconf 77' lang='lat' dir='ltr'><strong>(Eccli.</strong></span> <span class='ocrx_word' id='word_1_29' title='bbox 697 574 748 623; x_wconf 92' lang='lat' dir='ltr'><strong>v,</strong></span> <span class='ocrx_word' id='word_1_30' title='bbox 781 558 862 631; x_wconf 86' lang='lat'><strong>5).</strong></span> 
     </span>
    </p>
   </div>
   <div class='ocr_carea' id='block_1_6' title="bbox 360 651 1852 724">
    <p class='ocr_par' dir='ltr' id='par_1_6' title="bbox 360 651 1852 724">
     <span class='ocr_line' id='line_1_6' title="bbox 360 651 1852 724; baseline -0.005 -12"><span class='ocrx_word' id='word_1_31' title='bbox 360 676 382 711; x_wconf 72' lang='grc' dir='ltr'><strong>ι</strong></span> <span class='ocrx_word' id='word_1_32' title='bbox 419 655 616 712; x_wconf 71' lang='lat' dir='ltr'><strong>Saeculi</strong></span> <span class='ocrx_word' id='word_1_33' title='bbox 652 664 832 709; x_wconf 89' lang='lat' dir='ltr'><strong>autem</strong></span> <span class='ocrx_word' id='word_1_34' title='bbox 852 653 1070 710; x_wconf 89' lang='lat' dir='ltr'><strong>tristitia</strong></span> <span class='ocrx_word' id='word_1_35' title='bbox 1105 661 1334 710; x_wconf 90' lang='lat' dir='ltr'><strong>mortem</strong></span> <span class='ocrx_word' id='word_1_36' title='bbox 1374 662 1652 724; x_wconf 86' lang='lat' dir='ltr'><strong>operatur.</strong></span> <span class='ocrx_word' id='word_1_37' title='bbox 1693 671 1712 706; x_wconf 78' lang='grc' dir='ltr'><strong>ι</strong></span> <span class='ocrx_word' id='word_1_38' title='bbox 1739 651 1852 706; x_wconf 71' lang='lat' dir='ltr'><strong>Sae-</strong></span> 
     </span>
    </p>
   </div>
   <div class='ocr_carea' id='block_1_7' title="bbox 284 744 1874 815">
    <p class='ocr_par' dir='ltr' id='par_1_7' title="bbox 284 744 1874 815">
     <span class='ocr_line' id='line_1_7' title="bbox 284 744 1874 815; baseline -0.002 -14"><span class='ocrx_word' id='word_1_39' title='bbox 284 749 392 804; x_wconf 77' lang='lat' dir='ltr'><strong>ruli</strong></span> <span class='ocrx_word' id='word_1_40' title='bbox 426 748 648 804; x_wconf 91' lang='lat' dir='ltr'><strong>tristitia</strong></span> <span class='ocrx_word' id='word_1_41' title='bbox 676 759 779 810; x_wconf 88' lang='lat' dir='ltr'><strong>est,</strong></span> <span class='ocrx_word' id='word_1_42' title='bbox 801 756 898 809; x_wconf 82' lang='lat' dir='ltr'><strong>aut</strong></span> <span class='ocrx_word' id='word_1_43' title='bbox 933 747 1001 801; x_wconf 89' lang='lat' dir='ltr'><strong>de</strong></span> <span class='ocrx_word' id='word_1_44' title='bbox 1028 746 1247 805; x_wconf 90' lang='lat' dir='ltr'><strong>amissis</strong></span> <span class='ocrx_word' id='word_1_45' title='bbox 1267 748 1431 803; x_wconf 80' lang='lat' dir='ltr'><strong>rebus</strong></span> <span class='ocrx_word' id='word_1_46' title='bbox 1470 744 1729 815; x_wconf 83' lang='lat' dir='ltr'><strong>prOpriis,</strong></span> <span class='ocrx_word' id='word_1_47' title='bbox 1761 751 1874 798; x_wconf 77' lang='lat' dir='ltr'><strong>ant‘</strong></span> 
     </span>
    </p>
   </div>
   <div class='ocr_carea' id='block_1_8' title="bbox 283 822 1853 902">
    <p class='ocr_par' dir='ltr' id='par_1_8' title="bbox 283 822 1853 902">
     <span class='ocr_line' id='line_1_8' title="bbox 283 822 1853 902; baseline -0.008 -6"><span class='ocrx_word' id='word_1_48' title='bbox 283 842 355 896; x_wconf 89' lang='lat' dir='ltr'><strong>de</strong></span> <span class='ocrx_word' id='word_1_49' title='bbox 387 838 582 894; x_wconf 88' lang='lat' dir='ltr'><strong>alienis</strong></span> <span class='ocrx_word' id='word_1_50' title='bbox 602 853 710 893; x_wconf 88' lang='lat' dir='ltr'><strong>non</strong></span> <span class='ocrx_word' id='word_1_51' title='bbox 740 838 940 893; x_wconf 86' lang='lat' dir='ltr'><strong>invasis</strong></span> <span class='ocrx_word' id='word_1_52' title='bbox 964 836 1170 902; x_wconf 82' lang='lat' dir='ltr'><strong>dolere,</strong></span> <span class='ocrx_word' id='word_1_53' title='bbox 1208 834 1291 892; x_wconf 92' lang='lat' dir='ltr'><strong>vel</strong></span> <span class='ocrx_word' id='word_1_54' title='bbox 1323 836 1387 890; x_wconf 90' lang='lat' dir='ltr'><strong>de</strong></span> <span class='ocrx_word' id='word_1_55' title='bbox 1407 822 1629 889; x_wconf 79' lang='lat' dir='ltr'><strong>alterius</strong></span> <span class='ocrx_word' id='word_1_56' title='bbox 1677 832 1853 889; x_wconf 84' lang='lat' dir='ltr'><strong>felici-</strong></span> 
     </span>
    </p>
   </div>
   <div class='ocr_carea' id='block_1_9' title="bbox 285 925 1850 1001">
    <p class='ocr_par' dir='ltr' id='par_1_9' title="bbox 285 925 1850 1001">
     <span class='ocr_line' id='line_1_9' title="bbox 285 925 1850 1001; baseline -0.004 -16"><span class='ocrx_word' id='word_1_57' title='bbox 285 944 394 989; x_wconf 82' lang='lat' dir='ltr'><strong>tate</strong></span> <span class='ocrx_word' id='word_1_58' title='bbox 418 933 674 1001; x_wconf 85' lang='lat' dir='ltr'><strong>torqueri.</strong></span> <span class='ocrx_word' id='word_1_59' title='bbox 702 929 1012 986; x_wconf 89' lang='lat' dir='ltr'><strong>Secundum</strong></span> <span class='ocrx_word' id='word_1_60' title='bbox 1045 929 1211 984; x_wconf 87' lang='lat' dir='ltr'><strong>Deum</strong></span> <span class='ocrx_word' id='word_1_61' title='bbox 1242 941 1372 982; x_wconf 90' lang='lat' dir='ltr'><strong>vero</strong></span> <span class='ocrx_word' id='word_1_62' title='bbox 1394 926 1612 983; x_wconf 83' lang='lat' dir='ltr'><strong>tristitia</strong></span> <span class='ocrx_word' id='word_1_63' title='bbox 1639 934 1744 989; x_wconf 88' lang='lat' dir='ltr'><strong>est,</strong></span> <span class='ocrx_word' id='word_1_64' title='bbox 1773 925 1850 979; x_wconf 85' lang='lat' dir='ltr'><strong>si-</strong></span> 
     </span>
    </p>
   </div>
   <div class='ocr_carea' id='block_1_10' title="bbox 280 1019 1382 1091">
    <p class='ocr_par' dir='ltr' id='par_1_10' title="bbox 280 1019 1382 1091">
     <span class='ocr_line' id='line_1_10' title="bbox 280 1019 1382 1091; baseline -0.005 -13"><span class='ocrx_word' id='word_1_65' title='bbox 280 1040 350 1080; x_wconf 90' lang='lat' dir='ltr'><strong>ve</strong></span> <span class='ocrx_word' id='word_1_66' title='bbox 379 1038 476 1078; x_wconf 89' lang='lat' dir='ltr'><strong>sua</strong></span> <span class='ocrx_word' id='word_1_67' title='bbox 503 1023 619 1078; x_wconf 82' lang='lat' dir='ltr'><strong>sive</strong></span> <span class='ocrx_word' id='word_1_68' title='bbox 649 1021 822 1076; x_wconf 90' lang='lat' dir='ltr'><strong>aliena</strong></span> <span class='ocrx_word' id='word_1_69' title='bbox 851 1020 1036 1091; x_wconf 82' lang='lat' dir='ltr'><strong>lugere</strong></span> <span class='ocrx_word' id='word_1_70' title='bbox 1064 1019 1382 1075; x_wconf 78' lang='lat' dir='ltr'><strong>commissa.</strong></span> 
     </span>
    </p>
   </div>
   <div class='ocr_carea' id='block_1_11' title="bbox 359 1106 1849 1184">
    <p class='ocr_par' dir='ltr' id='par_1_11' title="bbox 359 1106 1849 1184">
     <span class='ocr_line' id='line_1_11' title="bbox 359 1106 1849 1184; baseline -0.006 -14"><span class='ocrx_word' id='word_1_71' title='bbox 359 1135 380 1170; x_wconf 83' lang='grc' dir='ltr'><strong>ι</strong></span> <span class='ocrx_word' id='word_1_72' title='bbox 422 1114 566 1172; x_wconf 86' lang='lat' dir='ltr'><strong>Ecce</strong></span> <span class='ocrx_word' id='word_1_73' title='bbox 584 1114 729 1169; x_wconf 90' lang='lat' dir='ltr'><strong>enim</strong></span> <span class='ocrx_word' id='word_1_74' title='bbox 762 1114 864 1169; x_wconf 90' lang='lat' dir='ltr'><strong>hoc</strong></span> <span class='ocrx_word' id='word_1_75' title='bbox 922 1114 1098 1184; x_wconf 89' lang='lat' dir='ltr'><strong>ipsum</strong></span> <span class='ocrx_word' id='word_1_76' title='bbox 1158 1113 1455 1167; x_wconf 77' lang='lat' dir='ltr'><strong>secundum</strong></span> <span class='ocrx_word' id='word_1_77' title='bbox 1498 1106 1664 1165; x_wconf 87' lang='lat' dir='ltr'><strong>Deum</strong></span> <span class='ocrx_word' id='word_1_78' title='bbox 1719 1122 1849 1163; x_wconf 79' lang='lat' dir='ltr'><strong>con-</strong></span> 
     </span>
    </p>
   </div>
   <div class='ocr_carea' id='block_1_12' title="bbox 286 1198 1846 1276">
    <p class='ocr_par' dir='ltr' id='par_1_12' title="bbox 286 1198 1846 1276">
     <span class='ocr_line' id='line_1_12' title="bbox 286 1198 1846 1276; baseline -0.007 -13"><span class='ocrx_word' id='word_1_79' title='bbox 286 1208 499 1264; x_wconf 86' lang='lat' dir='ltr'><strong>tristari</strong></span> <span class='ocrx_word' id='word_1_80' title='bbox 546 1221 665 1273; x_wconf 84' lang='lat' dir='ltr'><strong>vos,</strong></span> <span class='ocrx_word' id='word_1_81' title='bbox 690 1213 947 1276; x_wconf 87' lang='lat' dir='ltr'><strong>quantam</strong></span> <span class='ocrx_word' id='word_1_82' title='bbox 972 1206 1025 1258; x_wconf 91' lang='lat' dir='ltr'><strong>in</strong></span> <span class='ocrx_word' id='word_1_83' title='bbox 1056 1204 1208 1258; x_wconf 80' lang='lat' dir='ltr'><strong>vobis</strong></span> <span class='ocrx_word' id='word_1_84' title='bbox 1235 1212 1494 1273; x_wconf 83' lang='lat' dir='ltr'><strong>operatur</strong></span> <span class='ocrx_word' id='word_1_85' title='bbox 1520 1198 1846 1258; x_wconf 89' lang='lat' dir='ltr'><strong>sollicitudi-</strong></span> 
     </span>
    </p>
   </div>
   <div class='ocr_carea' id='block_1_13' title="bbox 288 1292 1849 1367">
    <p class='ocr_par' dir='ltr' id='par_1_13' title="bbox 288 1292 1849 1367">
     <span class='ocr_line' id='line_1_13' title="bbox 288 1292 1849 1367; baseline -0.008 -11"><span class='ocrx_word' id='word_1_86' title='bbox 288 1315 437 1356; x_wconf 77' lang='lat' dir='ltr'><strong>nem.</strong></span> <span class='ocrx_word' id='word_1_87' title='bbox 490 1316 511 1352; x_wconf 78' lang='grc' dir='ltr'><strong>ι</strong></span> <span class='ocrx_word' id='word_1_88' title='bbox 553 1295 667 1355; x_wconf 88' lang='lat' dir='ltr'><strong>lloc</strong></span> <span class='ocrx_word' id='word_1_89' title='bbox 689 1297 863 1367; x_wconf 90' lang='lat' dir='ltr'><strong>ipsum</strong></span> <span class='ocrx_word' id='word_1_90' title='bbox 888 1298 1031 1364; x_wconf 89' lang='lat' dir='ltr'><strong>quod</strong></span> <span class='ocrx_word' id='word_1_91' title='bbox 1063 1294 1225 1350; x_wconf 90' lang='lat' dir='ltr'><strong>modo</strong></span> <span class='ocrx_word' id='word_1_92' title='bbox 1281 1292 1481 1349; x_wconf 80' lang='lat' dir='ltr'><strong>factum</strong></span> <span class='ocrx_word' id='word_1_93' title='bbox 1534 1300 1640 1354; x_wconf 90' lang='lat' dir='ltr'><strong>est,</strong></span> <span class='ocrx_word' id='word_1_94' title='bbox 1672 1297 1849 1361; x_wconf 85' lang='lat' dir='ltr'><strong>potest</strong></span> 
     </span>
    </p>
   </div>
   <div class='ocr_carea' id='block_1_14' title="bbox 278 1384 1702 1465">
    <p class='ocr_par' dir='ltr' id='par_1_14' title="bbox 278 1384 1702 1465">
     <span class='ocr_line' id='line_1_14' title="bbox 278 1384 1702 1465; baseline -0.009 -16"><span class='ocrx_word' id='word_1_95' title='bbox 278 1407 376 1449; x_wconf 87' lang='lat' dir='ltr'><strong>vos</strong></span> <span class='ocrx_word' id='word_1_96' title='bbox 401 1391 623 1451; x_wconf 86' lang='lat' dir='ltr'><strong>docere.</strong></span> <span class='ocrx_word' id='word_1_97' title='bbox 647 1389 778 1459; x_wconf 88' lang='lat' dir='ltr'><strong>quid</strong></span> <span class='ocrx_word' id='word_1_98' title='bbox 798 1388 867 1449; x_wconf 88' lang='lat' dir='ltr'><strong>sit</strong></span> <span class='ocrx_word' id='word_1_99' title='bbox 900 1388 1039 1443; x_wconf 90' lang='lat' dir='ltr'><strong>inter</strong></span> <span class='ocrx_word' id='word_1_100' title='bbox 1068 1396 1354 1465; x_wconf 79' lang='lat' dir='ltr'><strong>utramque</strong></span> <span class='ocrx_word' id='word_1_101' title='bbox 1385 1384 1702 1441; x_wconf 78' lang='lat' dir='ltr'><strong>tristitiam.</strong></span> 
     </span>
    </p>
   </div>
   <div class='ocr_carea' id='block_1_15' title="bbox 360 1477 1849 1554">
    <p class='ocr_par' dir='ltr' id='par_1_15' title="bbox 360 1477 1849 1554">
     <span class='ocr_line' id='line_1_15' title="bbox 360 1477 1849 1554; baseline -0.001 -20"><span class='ocrx_word' id='word_1_102' title='bbox 360 1500 380 1534; x_wconf 78' lang='grc' dir='ltr'><strong>ι</strong></span> <span class='ocrx_word' id='word_1_103' title='bbox 412 1481 521 1537; x_wconf 88' lang='lat' dir='ltr'><strong>Sed</strong></span> <span class='ocrx_word' id='word_1_104' title='bbox 550 1480 944 1537; x_wconf 80' lang='lat' dir='ltr'><strong>defensionem.</strong></span> <span class='ocrx_word' id='word_1_105' title='bbox 976 1497 995 1531; x_wconf 77' lang='grc' dir='ltr'><strong>ι</strong></span> <span class='ocrx_word' id='word_1_106' title='bbox 1032 1477 1262 1554; x_wconf 80' lang='lat' dir='ltr'><strong>Quidam</strong></span> <span class='ocrx_word' id='word_1_107' title='bbox 1296 1477 1515 1543; x_wconf 88' lang='lat' dir='ltr'><strong>habent,</strong></span> <span class='ocrx_word' id='word_1_108' title='bbox 1553 1477 1649 1532; x_wconf 83' lang='lat' dir='ltr'><strong>sed</strong></span> <span class='ocrx_word' id='word_1_109' title='bbox 1682 1490 1849 1533; x_wconf 77' lang='lat' dir='ltr'><strong>excu-</strong></span> 
     </span>
    </p>
   </div>
   <div class='ocr_carea' id='block_1_16' title="bbox 279 1566 1848 1634">
    <p class='ocr_par' dir='ltr' id='par_1_16' title="bbox 279 1566 1848 1634">
     <span class='ocr_line' id='line_1_16' title="bbox 279 1566 1848 1634; baseline -0.005 -5"><span class='ocrx_word' id='word_1_110' title='bbox 279 1571 547 1629; x_wconf 80' lang='lat' dir='ltr'><strong>sationem</strong></span> <span class='ocrx_word' id='word_1_111' title='bbox 582 1588 597 1626; x_wconf 89' lang='lat'><strong>:</strong></span> <span class='ocrx_word' id='word_1_112' title='bbox 658 1571 709 1625; x_wconf 91' lang='lat' dir='ltr'><strong>in</strong></span> <span class='ocrx_word' id='word_1_113' title='bbox 737 1568 925 1627; x_wconf 67' lang='lat' dir='ltr'><strong>Graeco</strong></span> <span class='ocrx_word' id='word_1_114' title='bbox 942 1577 1131 1624; x_wconf 87' lang='lat' dir='ltr'><strong>autem</strong></span> <span class='ocrx_word' id='word_1_115' title='bbox 1164 1566 1461 1634; x_wconf 67' lang='grc' dir='ltr'><strong>ἅπολθγίαν</strong></span> <span class='ocrx_word' id='word_1_116' title='bbox 1493 1583 1508 1622; x_wconf 85' lang='lat'><strong>:</strong></span> <span class='ocrx_word' id='word_1_117' title='bbox 1544 1567 1598 1621; x_wconf 89' lang='lat' dir='ltr'><strong>id</strong></span> <span class='ocrx_word' id='word_1_118' title='bbox 1626 1578 1732 1632; x_wconf 86' lang='lat' dir='ltr'><strong>est,</strong></span> <span class='ocrx_word' id='word_1_119' title='bbox 1761 1582 1848 1621; x_wconf 90' lang='lat' dir='ltr'><strong>sa-</strong></span> 
     </span>
    </p>
   </div>
   <div class='ocr_carea' id='block_1_17' title="bbox 284 1657 1843 1733">
    <p class='ocr_par' dir='ltr' id='par_1_17' title="bbox 284 1657 1843 1733">
     <span class='ocr_line' id='line_1_17' title="bbox 284 1657 1843 1733; baseline -0.006 -12"><span class='ocrx_word' id='word_1_120' title='bbox 284 1658 652 1721; x_wconf 79' lang='lat' dir='ltr'><strong>tisfactionem</strong></span> <span class='ocrx_word' id='word_1_121' title='bbox 679 1662 935 1733; x_wconf 67' lang='lat' dir='ltr'><strong>praecepti</strong></span> <span class='ocrx_word' id='word_1_122' title='bbox 951 1660 1160 1719; x_wconf 87' lang='lat' dir='ltr'><strong>scilicet</strong></span> <span class='ocrx_word' id='word_1_123' title='bbox 1189 1660 1342 1714; x_wconf 84' lang='lat' dir='ltr'><strong>dicit.</strong></span> <span class='ocrx_word' id='word_1_124' title='bbox 1373 1657 1605 1727; x_wconf 80' lang='lat' dir='ltr'><strong>Quidam</strong></span> <span class='ocrx_word' id='word_1_125' title='bbox 1634 1659 1843 1722; x_wconf 84' lang='lat' dir='ltr'><strong>dicunt,</strong></span> 
     </span>
    </p>
   </div>
   <div class='ocr_carea' id='block_1_18' title="bbox 285 1752 1843 1823">
    <p class='ocr_par' dir='ltr' id='par_1_18' title="bbox 285 1752 1843 1823">
     <span class='ocr_line' id='line_1_18' title="bbox 285 1752 1843 1823; baseline -0.004 -10"><span class='ocrx_word' id='word_1_126' title='bbox 285 1758 392 1813; x_wconf 84' lang='lat' dir='ltr'><strong>hoc</strong></span> <span class='ocrx_word' id='word_1_127' title='bbox 421 1756 541 1812; x_wconf 89' lang='lat' dir='ltr'><strong>loco</strong></span> <span class='ocrx_word' id='word_1_128' title='bbox 591 1756 685 1815; x_wconf 73' lang='lat' dir='ltr'><strong>sed</strong></span> <span class='ocrx_word' id='word_1_129' title='bbox 722 1752 1152 1823; x_wconf 65' lang='lat' dir='ltr'><strong>praepositionem</strong></span> <span class='ocrx_word' id='word_1_130' title='bbox 1184 1754 1238 1806; x_wconf 89' lang='lat' dir='ltr'><strong>in</strong></span> <span class='ocrx_word' id='word_1_131' title='bbox 1274 1752 1472 1809; x_wconf 77' lang='lat' dir='ltr'><strong>Latmo</strong></span> <span class='ocrx_word' id='word_1_132' title='bbox 1498 1765 1620 1809; x_wconf 87' lang='lat' dir='ltr'><strong>esse</strong></span> <span class='ocrx_word' id='word_1_133' title='bbox 1655 1768 1843 1823; x_wconf 82' lang='lat' dir='ltr'><strong>super-</strong></span> 
     </span>
    </p>
   </div>
   <div class='ocr_carea' id='block_1_19' title="bbox 284 1845 1845 1919">
    <p class='ocr_par' dir='ltr' id='par_1_19' title="bbox 284 1845 1845 1919">
     <span class='ocr_line' id='line_1_19' title="bbox 284 1845 1845 1919; baseline -0.004 -14"><span class='ocrx_word' id='word_1_134' title='bbox 284 1850 473 1910; x_wconf 82' lang='lat' dir='ltr'><strong>ﬂuam.</strong></span> <span class='ocrx_word' id='word_1_135' title='bbox 499 1849 661 1919; x_wconf 62' lang='lat' dir='ltr'><strong>apud</strong></span> <span class='ocrx_word' id='word_1_136' title='bbox 685 1846 902 1919; x_wconf 61' lang='lat' dir='ltr'><strong>(iuncos</strong></span> <span class='ocrx_word' id='word_1_137' title='bbox 927 1861 1055 1906; x_wconf 86' lang='lat' dir='ltr'><strong>vero</strong></span> <span class='ocrx_word' id='word_1_138' title='bbox 1083 1845 1525 1917; x_wconf 84' lang='lat' dir='ltr'><strong>consequentiam</strong></span> <span class='ocrx_word' id='word_1_139' title='bbox 1557 1853 1845 1909; x_wconf 67' lang='lat' dir='ltr'><strong>structurae</strong></span> 
     </span>
    </p>
   </div>
   <div class='ocr_carea' id='block_1_20' title="bbox 284 1937 719 1996">
    <p class='ocr_par' dir='ltr' id='par_1_20' title="bbox 284 1937 719 1996">
     <span class='ocr_line' id='line_1_20' title="bbox 284 1937 719 1996; baseline -0.011 0"><span class='ocrx_word' id='word_1_140' title='bbox 284 1954 409 1996; x_wconf 85' lang='lat' dir='ltr'><strong>esse</strong></span> <span class='ocrx_word' id='word_1_141' title='bbox 430 1937 719 1993; x_wconf 84' lang='lat' dir='ltr'><strong>sermonis.</strong></span> 
     </span>
    </p>
   </div>
   <div class='ocr_carea' id='block_1_21' title="bbox 362 2049 1845 2122">
    <p class='ocr_par' dir='ltr' id='par_1_21' title="bbox 362 2049 1845 2122">
     <span class='ocr_line' id='line_1_21' title="bbox 362 2049 1845 2122; baseline 0.001 -17"><span class='ocrx_word' id='word_1_142' title='bbox 362 2073 381 2105; x_wconf 77' lang='grc' dir='ltr'><strong>ι</strong></span> <span class='ocrx_word' id='word_1_143' title='bbox 418 2053 525 2109; x_wconf 85' lang='lat' dir='ltr'><strong>Sed</strong></span> <span class='ocrx_word' id='word_1_144' title='bbox 569 2052 1023 2122; x_wconf 79' lang='lat' dir='ltr'><strong>indignationem.</strong></span> <span class='ocrx_word' id='word_1_145' title='bbox 1062 2068 1083 2103; x_wconf 73' lang='grc' dir='ltr'><strong>ι</strong></span> <span class='ocrx_word' id='word_1_146' title='bbox 1116 2049 1323 2107; x_wconf 79' lang='lat' dir='ltr'><strong>Contra</strong></span> <span class='ocrx_word' id='word_1_147' title='bbox 1374 2059 1683 2121; x_wconf 75' lang='lat' dir='ltr'><strong>peccantes.</strong></span> <span class='ocrx_word' id='word_1_148' title='bbox 1735 2065 1845 2109; x_wconf 79' lang='lat' dir='ltr'><strong>non</strong></span> 
     </span>
    </p>
   </div>
   <div class='ocr_carea' id='block_1_22' title="bbox 282 2149 682 2219">
    <p class='ocr_par' dir='ltr' id='par_1_22' title="bbox 282 2149 682 2219">
     <span class='ocr_line' id='line_1_22' title="bbox 282 2149 682 2219; baseline -0.008 -14"><span class='ocrx_word' id='word_1_149' title='bbox 282 2149 682 2219; x_wconf 76' lang='lat' dir='ltr'><strong>negligentiam.</strong></span> 
     </span>
    </p>
   </div>
   <div class='ocr_carea' id='block_1_23' title="bbox 362 2255 1846 2325">
    <p class='ocr_par' dir='ltr' id='par_1_23' title="bbox 362 2255 1846 2325">
     <span class='ocr_line' id='line_1_23' title="bbox 362 2255 1846 2325; baseline -0.001 -12"><span class='ocrx_word' id='word_1_150' title='bbox 362 2278 382 2313; x_wconf 77' lang='grc' dir='ltr'><strong>ι</strong></span> <span class='ocrx_word' id='word_1_151' title='bbox 418 2260 526 2316; x_wconf 89' lang='lat' dir='ltr'><strong>Sed</strong></span> <span class='ocrx_word' id='word_1_152' title='bbox 553 2261 823 2319; x_wconf 84' lang='lat' dir='ltr'><strong>timorem.</strong></span> <span class='ocrx_word' id='word_1_153' title='bbox 870 2276 889 2310; x_wconf 77' lang='grc' dir='ltr'><strong>ι</strong></span> <span class='ocrx_word' id='word_1_154' title='bbox 924 2255 1197 2325; x_wconf 72' lang='lat' dir='ltr'><strong>Timorem</strong></span> <span class='ocrx_word' id='word_1_155' title='bbox 1225 2257 1464 2323; x_wconf 85' lang='lat' dir='ltr'><strong>Domini,</strong></span> <span class='ocrx_word' id='word_1_156' title='bbox 1504 2272 1606 2313; x_wconf 90' lang='lat' dir='ltr'><strong>non</strong></span> <span class='ocrx_word' id='word_1_157' title='bbox 1641 2256 1846 2313; x_wconf 88' lang='lat' dir='ltr'><strong>securi-</strong></span> 
     </span>
    </p>
   </div>
   <div class='ocr_carea' id='block_1_24' title="bbox 282 2359 478 2407">
    <p class='ocr_par' dir='ltr' id='par_1_24' title="bbox 282 2359 478 2407">
     <span class='ocr_line' id='line_1_24' title="bbox 282 2359 478 2407; baseline 0 0"><span class='ocrx_word' id='word_1_158' title='bbox 282 2359 478 2407; x_wconf 83' lang='lat' dir='ltr'><strong>tatem.</strong></span> 
     </span>
    </p>
   </div>
   <div class='ocr_carea' id='block_1_25' title="bbox 359 2462 1848 2528">
    <p class='ocr_par' dir='ltr' id='par_1_25' title="bbox 359 2462 1848 2528">
     <span class='ocr_line' id='line_1_25' title="bbox 359 2462 1848 2528; baseline 0.002 -12"><span class='ocrx_word' id='word_1_159' title='bbox 359 2484 378 2516; x_wconf 78' lang='grc' dir='ltr'><strong>ι</strong></span> <span class='ocrx_word' id='word_1_160' title='bbox 408 2463 514 2519; x_wconf 84' lang='lat' dir='ltr'><strong>Sed</strong></span> <span class='ocrx_word' id='word_1_161' title='bbox 556 2463 905 2520; x_wconf 86' lang='lat' dir='ltr'><strong>desiderium.</strong></span> <span class='ocrx_word' id='word_1_162' title='bbox 942 2482 964 2517; x_wconf 79' lang='grc' dir='ltr'><strong>ι</strong></span> <span class='ocrx_word' id='word_1_163' title='bbox 1000 2463 1120 2520; x_wconf 82' lang='lat' dir='ltr'><strong>Non</strong></span> <span class='ocrx_word' id='word_1_164' title='bbox 1151 2462 1457 2528; x_wconf 76' lang='lat' dir='ltr'><strong>fastidium,</strong></span> <span class='ocrx_word' id='word_1_165' title='bbox 1509 2462 1601 2519; x_wconf 88' lang='lat' dir='ltr'><strong>sed</strong></span> <span class='ocrx_word' id='word_1_166' title='bbox 1635 2463 1848 2525; x_wconf 83' lang='lat' dir='ltr'><strong>deside-</strong></span> 
     </span>
    </p>
   </div>
   <div class='ocr_carea' id='block_1_26' title="bbox 280 2557 718 2617">
    <p class='ocr_par' dir='ltr' id='par_1_26' title="bbox 280 2557 718 2617">
     <span class='ocr_line' id='line_1_26' title="bbox 280 2557 718 2617; baseline 0.002 -6"><span class='ocrx_word' id='word_1_167' title='bbox 280 2557 419 2617; x_wconf 86' lang='lat' dir='ltr'><strong>rium</strong></span> <span class='ocrx_word' id='word_1_168' title='bbox 452 2568 718 2613; x_wconf 89' lang='lat' dir='ltr'><strong>nostrum.</strong></span> 
     </span>
    </p>
   </div>
   <div class='ocr_carea' id='block_1_27' title="bbox 358 2668 1843 2741">
    <p class='ocr_par' dir='ltr' id='par_1_27' title="bbox 358 2668 1843 2741">
     <span class='ocr_line' id='line_1_27' title="bbox 358 2668 1843 2741; baseline -0.001 -16"><span class='ocrx_word' id='word_1_169' title='bbox 358 2688 377 2725; x_wconf 71' lang='grc' dir='ltr'><strong>ι</strong></span> <span class='ocrx_word' id='word_1_170' title='bbox 412 2670 515 2729; x_wconf 85' lang='lat' dir='ltr'><strong>Sed</strong></span> <span class='ocrx_word' id='word_1_171' title='bbox 534 2670 954 2728; x_wconf 71' lang='lat' dir='ltr'><strong>mmulationem.</strong></span> <span class='ocrx_word' id='word_1_172' title='bbox 994 2689 1013 2723; x_wconf 78' lang='grc' dir='ltr'><strong>ι</strong></span> <span class='ocrx_word' id='word_1_173' title='bbox 1039 2671 1239 2728; x_wconf 88' lang='lat' dir='ltr'><strong>Contra</strong></span> <span class='ocrx_word' id='word_1_174' title='bbox 1268 2679 1574 2741; x_wconf 84' lang='lat' dir='ltr'><strong>peccantes,</strong></span> <span class='ocrx_word' id='word_1_175' title='bbox 1600 2684 1670 2725; x_wconf 87' lang='lat' dir='ltr'><strong>ne</strong></span> <span class='ocrx_word' id='word_1_176' title='bbox 1685 2668 1843 2735; x_wconf 77' lang='lat' dir='ltr'><strong>&#39;ultra</strong></span> 
     </span>
    </p>
   </div>
   <div class='ocr_carea' id='block_1_28' title="bbox 278 2748 1193 2834">
    <p class='ocr_par' dir='ltr' id='par_1_28' title="bbox 278 2748 1193 2834">
     <span class='ocr_line' id='line_1_28' title="bbox 278 2748 1193 2834; baseline 0.001 -18"><span class='ocrx_word' id='word_1_177' title='bbox 278 2768 605 2834; x_wconf 78' lang='lat' dir='ltr'><strong>peccsrent:</strong></span> <span class='ocrx_word' id='word_1_178' title='bbox 648 2777 755 2815; x_wconf 92' lang='lat' dir='ltr'><strong>non</strong></span> <span class='ocrx_word' id='word_1_179' title='bbox 791 2748 1193 2819; x_wconf 78' lang='lat' dir='ltr'><strong>remissionem.</strong></span> 
     </span>
    </p>
   </div>
   <div class='ocr_carea' id='block_1_29' title="bbox 362 2848 1843 2916">
    <p class='ocr_par' dir='ltr' id='par_1_29' title="bbox 362 2848 1843 2916">
     <span class='ocr_line' id='line_1_29' title="bbox 362 2848 1843 2916; baseline 0.003 -12"><span class='ocrx_word' id='word_1_180' title='bbox 362 2869 383 2904; x_wconf 78' lang='grc' dir='ltr'><strong>ι</strong></span> <span class='ocrx_word' id='word_1_181' title='bbox 412 2851 519 2915; x_wconf 85' lang='lat' dir='ltr'><strong>Sed</strong></span> <span class='ocrx_word' id='word_1_182' title='bbox 560 2851 877 2912; x_wconf 87' lang='lat' dir='ltr'><strong>vindictam.</strong></span> <span class='ocrx_word' id='word_1_183' title='bbox 919 2871 937 2903; x_wconf 77' lang='grc' dir='ltr'><strong>ι</strong></span> <span class='ocrx_word' id='word_1_184' title='bbox 972 2848 1090 2913; x_wconf 73' lang='lat' dir='ltr'><strong>Non</strong></span> <span class='ocrx_word' id='word_1_185' title='bbox 1138 2851 1353 2909; x_wconf 80' lang='lat' dir='ltr'><strong>veniam</strong></span> <span class='ocrx_word' id='word_1_186' title='bbox 1409 2853 1678 2916; x_wconf 88' lang='lat' dir='ltr'><strong>nocivam,</strong></span> <span class='ocrx_word' id='word_1_187' title='bbox 1750 2855 1843 2910; x_wconf 71' lang='lat' dir='ltr'><strong>sed</strong></span> 
     </span>
    </p>
   </div>
   <div class='ocr_carea' id='block_1_30' title="bbox 272 2938 913 2996">
    <p class='ocr_par' dir='ltr' id='par_1_30' title="bbox 272 2938 913 2996">
     <span class='ocr_line' id='line_1_30' title="bbox 272 2938 913 2996; baseline 0.003 -3"><span class='ocrx_word' id='word_1_188' title='bbox 272 2938 570 2996; x_wconf 74' lang='lat' dir='ltr'><strong>vindictam</strong></span> <span class='ocrx_word' id='word_1_189' title='bbox 597 2940 913 2995; x_wconf 83' lang='lat' dir='ltr'><strong>salutarem.</strong></span> 
     </span>
    </p>
   </div>
   <div class='ocr_carea' id='block_1_31' title="bbox 356 3030 1841 3091">
    <p class='ocr_par' dir='ltr' id='par_1_31' title="bbox 356 3030 1841 3091">
     <span class='ocr_line' id='line_1_31' title="bbox 356 3030 1841 3091; baseline 0.003 -6"><span class='ocrx_word' id='word_1_190' title='bbox 356 3050 377 3085; x_wconf 81' lang='lat'><strong>¢</strong></span> <span class='ocrx_word' id='word_1_191' title='bbox 423 3030 483 3086; x_wconf 90' lang='lat' dir='ltr'><strong>In</strong></span> <span class='ocrx_word' id='word_1_192' title='bbox 513 3032 767 3087; x_wconf 80' lang='lat' dir='ltr'><strong>omnibus</strong></span> <span class='ocrx_word' id='word_1_193' title='bbox 792 3031 1115 3091; x_wconf 79' lang='lat' dir='ltr'><strong>exhibuistis</strong></span> <span class='ocrx_word' id='word_1_194' title='bbox 1142 3045 1240 3088; x_wconf 84' lang='lat' dir='ltr'><strong>vos</strong></span> <span class='ocrx_word' id='word_1_195' title='bbox 1263 3033 1721 3089; x_wconf 87' lang='lat' dir='ltr'><strong>incontaminatos</strong></span> <span class='ocrx_word' id='word_1_196' title='bbox 1751 3049 1841 3089; x_wconf 84' lang='lat' dir='ltr'><strong>es-</strong></span> 
     </span>
    </p>
   </div>
   <div class='ocr_carea' id='block_1_32' title="bbox 1954 549 2594 621">
    <p class='ocr_par' dir='ltr' id='par_1_32' title="bbox 1954 549 2594 621">
     <span class='ocr_line' id='line_1_32' title="bbox 1954 549 2594 621; baseline -0.003 -17"><span class='ocrx_word' id='word_1_197' title='bbox 1954 551 2200 607; x_wconf 89' lang='lat' dir='ltr'><strong>veritatis</strong></span> <span class='ocrx_word' id='word_1_198' title='bbox 2223 560 2304 606; x_wconf 89' lang='lat' dir='ltr'><strong>est</strong></span> <span class='ocrx_word' id='word_1_199' title='bbox 2321 549 2594 621; x_wconf 77' lang='lat' dir='ltr'><strong>gloriatio.</strong></span> 
     </span>
    </p>
   </div>
   <div class='ocr_carea' id='block_1_33' title="bbox 2029 640 3523 711">
    <p class='ocr_par' dir='ltr' id='par_1_33' title="bbox 2029 640 3523 711">
     <span class='ocr_line' id='line_1_33' title="bbox 2029 640 3523 711; baseline -0.002 -15"><span class='ocrx_word' id='word_1_200' title='bbox 2029 662 2047 696; x_wconf 80' lang='grc' dir='ltr'><strong>ι</strong></span> <span class='ocrx_word' id='word_1_201' title='bbox 2086 643 2149 699; x_wconf 85' lang='grc' dir='ltr'>Ει</span> <span class='ocrx_word' id='word_1_202' title='bbox 2172 644 2384 698; x_wconf 81' lang='lat' dir='ltr'><strong>viscera</strong></span> <span class='ocrx_word' id='word_1_203' title='bbox 2415 642 2538 711; x_wconf 84' lang='lat' dir='ltr'><strong>ejus</strong></span> <span class='ocrx_word' id='word_1_204' title='bbox 2567 641 2937 697; x_wconf 85' lang='lat' dir='ltr'><strong>abundantius</strong></span> <span class='ocrx_word' id='word_1_205' title='bbox 2961 640 3014 693; x_wconf 91' lang='lat' dir='ltr'><strong>in</strong></span> <span class='ocrx_word' id='word_1_206' title='bbox 3046 640 3198 693; x_wconf 84' lang='lat' dir='ltr'><strong>vobis</strong></span> <span class='ocrx_word' id='word_1_207' title='bbox 3228 649 3349 693; x_wconf 78' lang='lat' dir='ltr'><strong>sunt</strong></span> <span class='ocrx_word' id='word_1_208' title='bbox 3380 657 3394 693; x_wconf 89' lang='lat'><strong>:</strong></span> <span class='ocrx_word' id='word_1_209' title='bbox 3436 654 3523 693; x_wconf 86' lang='lat' dir='ltr'><strong>re-</strong></span> 
     </span>
    </p>
   </div>
   <div class='ocr_carea' id='block_1_34' title="bbox 1952 726 3519 789">
    <p class='ocr_par' dir='ltr' id='par_1_34' title="bbox 1952 726 3519 789">
     <span class='ocr_line' id='line_1_34' title="bbox 1952 726 3519 789; baseline -0.005 -1"><span class='ocrx_word' id='word_1_210' title='bbox 1952 734 2294 788; x_wconf 85' lang='lat' dir='ltr'><strong>miniscentis</strong></span> <span class='ocrx_word' id='word_1_211' title='bbox 2322 732 2564 787; x_wconf 89' lang='lat' dir='ltr'><strong>omnium</strong></span> <span class='ocrx_word' id='word_1_212' title='bbox 2592 739 2837 787; x_wconf 89' lang='lat' dir='ltr'><strong>vestrum</strong></span> <span class='ocrx_word' id='word_1_213' title='bbox 2864 728 3259 789; x_wconf 85' lang='lat' dir='ltr'><strong>obedientiam,</strong></span> <span class='ocrx_word' id='word_1_214' title='bbox 3285 747 3303 780; x_wconf 76' lang='grc' dir='ltr'><strong>ι</strong></span> <span class='ocrx_word' id='word_1_215' title='bbox 3327 726 3519 783; x_wconf 86' lang='lat' dir='ltr'><strong>Omnia</strong></span> 
     </span>
    </p>
   </div>
   <div class='ocr_carea' id='block_1_35' title="bbox 1952 818 3518 890">
    <p class='ocr_par' dir='ltr' id='par_1_35' title="bbox 1952 818 3518 890">
     <span class='ocr_line' id='line_1_35' title="bbox 1952 818 3518 890; baseline -0.004 -13"><span class='ocrx_word' id='word_1_216' title='bbox 1952 839 2047 879; x_wconf 89' lang='lat' dir='ltr'><strong>vos</strong></span> <span class='ocrx_word' id='word_1_217' title='bbox 2071 823 2360 879; x_wconf 75' lang='lat' dir='ltr'><strong>aﬂectuum</strong></span> <span class='ocrx_word' id='word_1_218' title='bbox 2399 824 2517 890; x_wconf 70' lang='lat' dir='ltr'><strong>eius</strong></span> <span class='ocrx_word' id='word_1_219' title='bbox 2546 824 2792 879; x_wconf 86' lang='lat' dir='ltr'><strong>membra</strong></span> <span class='ocrx_word' id='word_1_220' title='bbox 2843 822 3195 876; x_wconf 87' lang='lat' dir='ltr'><strong>desiderant:</strong></span> <span class='ocrx_word' id='word_1_221' title='bbox 3265 827 3321 871; x_wconf 94' lang='lat' dir='ltr'><strong>ut</strong></span> <span class='ocrx_word' id='word_1_222' title='bbox 3374 818 3518 873; x_wconf 90' lang='lat' dir='ltr'><strong>oculi</strong></span> 
     </span>
    </p>
   </div>
   <div class='ocr_carea' id='block_1_36' title="bbox 1954 911 3517 982">
    <p class='ocr_par' dir='ltr' id='par_1_36' title="bbox 1954 911 3517 982">
     <span class='ocr_line' id='line_1_36' title="bbox 1954 911 3517 982; baseline -0.002 -16"><span class='ocrx_word' id='word_1_223' title='bbox 1954 914 2311 982; x_wconf 79' lang='lat' dir='ltr'><strong>praesentiam,</strong></span> <span class='ocrx_word' id='word_1_224' title='bbox 2338 928 2497 968; x_wconf 82' lang='lat' dir='ltr'><strong>aures</strong></span> <span class='ocrx_word' id='word_1_225' title='bbox 2523 928 2847 981; x_wconf 87' lang='lat' dir='ltr'><strong>sermonem,</strong></span> <span class='ocrx_word' id='word_1_226' title='bbox 2902 926 2965 968; x_wconf 88' lang='lat' dir='ltr'><strong>os</strong></span> <span class='ocrx_word' id='word_1_227' title='bbox 3007 911 3150 967; x_wconf 92' lang='lat' dir='ltr'><strong>collo</strong></span> <span class='ocrx_word' id='word_1_228' title='bbox 3171 912 3337 979; x_wconf 66' lang='lat' dir='ltr'><strong>lnium</strong></span> <span class='ocrx_word' id='word_1_229' title='bbox 3417 926 3517 964; x_wconf 76' lang='lat' dir='ltr'><strong>cx-</strong></span> 
     </span>
    </p>
   </div>
   <div class='ocr_carea' id='block_1_37' title="bbox 1981 1018 2173 1077">
    <p class='ocr_par' dir='ltr' id='par_1_37' title="bbox 1981 1018 2173 1077">
     <span class='ocr_line' id='line_1_37' title="bbox 1981 1018 2173 1077; baseline 0.005 -13"><span class='ocrx_word' id='word_1_230' title='bbox 1981 1018 2173 1077; x_wconf 89' lang='lat' dir='ltr'><strong>pectet.</strong></span> 
     </span>
    </p>
   </div>
   <div class='ocr_carea' id='block_1_38' title="bbox 2030 1097 3520 1168">
    <p class='ocr_par' dir='ltr' id='par_1_38' title="bbox 2030 1097 3520 1168">
     <span class='ocr_line' id='line_1_38' title="bbox 2030 1097 3520 1168; baseline -0.001 -17"><span class='ocrx_word' id='word_1_231' title='bbox 2030 1119 2048 1151; x_wconf 78' lang='lat' dir='ltr'><strong>s</strong></span> <span class='ocrx_word' id='word_1_232' title='bbox 2079 1101 2361 1168; x_wconf 81' lang='lat' dir='ltr'><strong>Quomodo</strong></span> <span class='ocrx_word' id='word_1_233' title='bbox 2390 1115 2511 1156; x_wconf 92' lang='lat' dir='ltr'><strong>cum</strong></span> <span class='ocrx_word' id='word_1_234' title='bbox 2549 1101 2743 1154; x_wconf 87' lang='lat' dir='ltr'><strong>timore</strong></span> <span class='ocrx_word' id='word_1_235' title='bbox 2777 1109 2830 1155; x_wconf 92' lang='lat' dir='ltr'><strong>et</strong></span> <span class='ocrx_word' id='word_1_236' title='bbox 2850 1108 3088 1154; x_wconf 87' lang='lat' dir='ltr'><strong>tremore</strong></span> <span class='ocrx_word' id='word_1_237' title='bbox 3111 1097 3403 1167; x_wconf 83' lang='lat' dir='ltr'><strong>excepistis</strong></span> <span class='ocrx_word' id='word_1_238' title='bbox 3454 1097 3520 1149; x_wconf 83' lang='lat' dir='ltr'><strong>il-</strong></span> 
     </span>
    </p>
   </div>
   <div class='ocr_carea' id='block_1_39' title="bbox 1951 1188 3514 1259">
    <p class='ocr_par' dir='ltr' id='par_1_39' title="bbox 1951 1188 3514 1259">
     <span class='ocr_line' id='line_1_39' title="bbox 1951 1188 3514 1259; baseline -0.003 -14"><span class='ocrx_word' id='word_1_239' title='bbox 1951 1192 2083 1246; x_wconf 91' lang='lat' dir='ltr'><strong>lum.</strong></span> <span class='ocrx_word' id='word_1_240' title='bbox 2122 1210 2141 1247; x_wconf 71' lang='grc' dir='ltr'><strong>ο</strong></span> <span class='ocrx_word' id='word_1_241' title='bbox 2182 1191 2559 1248; x_wconf 89' lang='lat' dir='ltr'><strong>Obedientiam</strong></span> <span class='ocrx_word' id='word_1_242' title='bbox 2598 1193 2804 1246; x_wconf 88' lang='lat' dir='ltr'><strong>lideletn</strong></span> <span class='ocrx_word' id='word_1_243' title='bbox 2834 1189 3166 1259; x_wconf 84' lang='lat' dir='ltr'><strong>descripsit:</strong></span> <span class='ocrx_word' id='word_1_244' title='bbox 3219 1189 3311 1259; x_wconf 91' lang='lat' dir='ltr'><strong>qui</strong></span> <span class='ocrx_word' id='word_1_245' title='bbox 3368 1188 3514 1243; x_wconf 92' lang='lat' dir='ltr'><strong>enim</strong></span> 
     </span>
    </p>
   </div>
   <div class='ocr_carea' id='block_1_40' title="bbox 1949 1279 3516 1351">
    <p class='ocr_par' dir='ltr' id='par_1_40' title="bbox 1949 1279 3516 1351">
     <span class='ocr_line' id='line_1_40' title="bbox 1949 1279 3516 1351; baseline -0.002 -15"><span class='ocrx_word' id='word_1_246' title='bbox 1949 1296 2016 1336; x_wconf 79' lang='lat' dir='ltr'><strong>ex</strong></span> <span class='ocrx_word' id='word_1_247' title='bbox 2046 1283 2314 1341; x_wconf 86' lang='lat' dir='ltr'><strong>charitate</strong></span> <span class='ocrx_word' id='word_1_248' title='bbox 2344 1282 2549 1349; x_wconf 87' lang='lat' dir='ltr'><strong>obedit,</strong></span> <span class='ocrx_word' id='word_1_249' title='bbox 2592 1282 2750 1338; x_wconf 86' lang='lat' dir='ltr'><strong>timet</strong></span> <span class='ocrx_word' id='word_1_250' title='bbox 2783 1281 3143 1337; x_wconf 80' lang='lat' dir='ltr'><strong>constristare</strong></span> <span class='ocrx_word' id='word_1_251' title='bbox 3198 1295 3361 1351; x_wconf 83' lang='lat' dir='ltr'><strong>quem</strong></span> <span class='ocrx_word' id='word_1_252' title='bbox 3392 1279 3516 1333; x_wconf 87' lang='lat' dir='ltr'><strong>dili-</strong></span> 
     </span>
    </p>
   </div>
   <div class='ocr_carea' id='block_1_41' title="bbox 1951 1374 2048 1444">
    <p class='ocr_par' dir='ltr' id='par_1_41' title="bbox 1951 1374 2048 1444">
     <span class='ocr_line' id='line_1_41' title="bbox 1951 1374 2048 1444; baseline 0.021 -17"><span class='ocrx_word' id='word_1_253' title='bbox 1951 1374 2048 1444; x_wconf 89' lang='lat' dir='ltr'><strong>git.</strong></span> 
     </span>
    </p>
   </div>
   <div class='ocr_carea' id='block_1_42' title="bbox 2025 1462 3514 1534">
    <p class='ocr_par' dir='ltr' id='par_1_42' title="bbox 2025 1462 3514 1534">
     <span class='ocr_line' id='line_1_42' title="bbox 2025 1462 3514 1534; baseline -0.002 -17"><span class='ocrx_word' id='word_1_254' title='bbox 2025 1484 2043 1517; x_wconf 73' lang='grc' dir='ltr'><strong>ι</strong></span> <span class='ocrx_word' id='word_1_255' title='bbox 2088 1464 2329 1530; x_wconf 83' lang='lat' dir='ltr'><strong>Gaudeo,</strong></span> <span class='ocrx_word' id='word_1_256' title='bbox 2357 1464 2498 1534; x_wconf 90' lang='lat' dir='ltr'><strong>quod</strong></span> <span class='ocrx_word' id='word_1_257' title='bbox 2532 1462 2584 1517; x_wconf 91' lang='lat' dir='ltr'><strong>in</strong></span> <span class='ocrx_word' id='word_1_258' title='bbox 2639 1464 2892 1520; x_wconf 90' lang='lat' dir='ltr'><strong>omnibus</strong></span> <span class='ocrx_word' id='word_1_259' title='bbox 2923 1464 3145 1520; x_wconf 79' lang='lat' dir='ltr'><strong>confido</strong></span> <span class='ocrx_word' id='word_1_260' title='bbox 3172 1464 3224 1518; x_wconf 91' lang='lat' dir='ltr'><strong>in</strong></span> <span class='ocrx_word' id='word_1_261' title='bbox 3270 1463 3444 1519; x_wconf 80' lang='lat' dir='ltr'><strong>vobis.</strong></span> <span class='ocrx_word' id='word_1_262' title='bbox 3496 1481 3514 1514; x_wconf 79' lang='grc' dir='ltr'><strong>ι</strong></span> 
     </span>
    </p>
   </div>
   <div class='ocr_carea' id='block_1_43' title="bbox 1951 1557 3520 1627">
    <p class='ocr_par' dir='ltr' id='par_1_43' title="bbox 1951 1557 3520 1627">
     <span class='ocr_line' id='line_1_43' title="bbox 1951 1557 3520 1627; baseline -0.003 -13"><span class='ocrx_word' id='word_1_263' title='bbox 1951 1558 2179 1615; x_wconf 58' lang='grc' dir='ltr'><strong>Ρεοίηιίε</strong></span> <span class='ocrx_word' id='word_1_264' title='bbox 2210 1574 2299 1614; x_wconf 89' lang='lat' dir='ltr'><strong>me</strong></span> <span class='ocrx_word' id='word_1_265' title='bbox 2344 1561 2621 1627; x_wconf 80' lang='lat' dir='ltr'><strong>gaudere:</strong></span> <span class='ocrx_word' id='word_1_266' title='bbox 2682 1557 2804 1627; x_wconf 82' lang='lat' dir='ltr'><strong>quia</strong></span> <span class='ocrx_word' id='word_1_267' title='bbox 2853 1558 2921 1612; x_wconf 88' lang='lat' dir='ltr'><strong>de</strong></span> <span class='ocrx_word' id='word_1_268' title='bbox 2979 1558 3284 1613; x_wconf 80' lang='lat' dir='ltr'><strong>obedientia</strong></span> <span class='ocrx_word' id='word_1_269' title='bbox 3338 1566 3520 1611; x_wconf 87' lang='lat' dir='ltr'><strong>vestra</strong></span> 
     </span>
    </p>
   </div>
   <div class='ocr_carea' id='block_1_44' title="bbox 1950 1646 3524 1719">
    <p class='ocr_par' dir='ltr' id='par_1_44' title="bbox 1950 1646 3524 1719">
     <span class='ocr_line' id='line_1_44' title="bbox 1950 1646 3524 1719; baseline -0.005 -14"><span class='ocrx_word' id='word_1_270' title='bbox 1950 1665 2222 1718; x_wconf 85' lang='lat' dir='ltr'><strong>nunquam</strong></span> <span class='ocrx_word' id='word_1_271' title='bbox 2268 1648 2708 1719; x_wconf 67' lang='lat' dir='ltr'><strong>potuihmsitare,</strong></span> <span class='ocrx_word' id='word_1_272' title='bbox 2756 1647 2906 1701; x_wconf 84' lang='lat' dir='ltr'><strong>etde</strong></span> <span class='ocrx_word' id='word_1_273' title='bbox 2960 1646 3260 1701; x_wconf 88' lang='lat' dir='ltr'><strong>ministerio</strong></span> <span class='ocrx_word' id='word_1_274' title='bbox 3290 1646 3342 1698; x_wconf 92' lang='lat' dir='ltr'><strong>in</strong></span> <span class='ocrx_word' id='word_1_275' title='bbox 3399 1663 3524 1700; x_wconf 81' lang='lat' dir='ltr'><strong>san-</strong></span> 
     </span>
    </p>
   </div>
   <div class='ocr_carea' id='block_1_45' title="bbox 1961 1752 2101 1800">
    <p class='ocr_par' dir='ltr' id='par_1_45' title="bbox 1961 1752 2101 1800">
     <span class='ocr_line' id='line_1_45' title="bbox 1961 1752 2101 1800; baseline -0.007 -1"><span class='ocrx_word' id='word_1_276' title='bbox 1961 1752 2101 1800; x_wconf 76' lang='lat' dir='ltr'><strong>ctos.</strong></span> 
     </span>
    </p>
   </div>
   <div class='ocr_carea' id='block_1_46' title="bbox 2535 1813 2946 1872">
    <p class='ocr_par' dir='ltr' id='par_1_46' title="bbox 2535 1813 2946 1872">
     <span class='ocr_line' id='line_1_46' title="bbox 2535 1813 2946 1872; baseline -0.007 -1"><span class='ocrx_word' id='word_1_277' title='bbox 2535 1813 2766 1872; x_wconf 81' lang='lat' dir='ltr'><strong>CAPUT</strong></span> <span class='ocrx_word' id='word_1_278' title='bbox 2802 1813 2946 1870; x_wconf 80' lang='lat' dir='ltr'>VIII.</span> 
     </span>
    </p>
   </div>
   <div class='ocr_carea' id='block_1_47' title="bbox 2023 1923 3517 1996">
    <p class='ocr_par' dir='ltr' id='par_1_47' title="bbox 2023 1923 3517 1996">
     <span class='ocr_line' id='line_1_47' title="bbox 2023 1923 3517 1996; baseline -0.005 -9"><span class='ocrx_word' id='word_1_279' title='bbox 2023 1945 2042 1987; x_wconf 69' lang='grc' dir='ltr'><strong>ς</strong></span> <span class='ocrx_word' id='word_1_280' title='bbox 2071 1926 2265 1986; x_wconf 81' lang='lat' dir='ltr'><strong>Natam</strong></span> <span class='ocrx_word' id='word_1_281' title='bbox 2300 1937 2482 1987; x_wconf 88' lang='lat' dir='ltr'><strong>autem</strong></span> <span class='ocrx_word' id='word_1_282' title='bbox 2526 1927 2792 1985; x_wconf 79' lang='lat' dir='ltr'><strong>faciamus</strong></span> <span class='ocrx_word' id='word_1_283' title='bbox 2823 1929 2997 1994; x_wconf 89' lang='lat' dir='ltr'><strong>vobis,</strong></span> <span class='ocrx_word' id='word_1_284' title='bbox 3026 1927 3246 1991; x_wconf 82' lang='lat' dir='ltr'><strong>fratres,</strong></span> <span class='ocrx_word' id='word_1_285' title='bbox 3286 1923 3517 1996; x_wconf 76' lang='lat' dir='ltr'><strong>gratiam</strong></span> 
     </span>
    </p>
   </div>
   <div class='ocr_carea' id='block_1_48' title="bbox 1951 2017 3520 2091">
    <p class='ocr_par' dir='ltr' id='par_1_48' title="bbox 1951 2017 3520 2091">
     <span class='ocr_line' id='line_1_48' title="bbox 1951 2017 3520 2091; baseline -0.003 -16"><span class='ocrx_word' id='word_1_286' title='bbox 1951 2018 2066 2085; x_wconf 88' lang='lat' dir='ltr'><strong>Dei,</strong></span> <span class='ocrx_word' id='word_1_287' title='bbox 2099 2034 2218 2091; x_wconf 70' lang='lat' dir='ltr'><strong>quae</strong></span> <span class='ocrx_word' id='word_1_288' title='bbox 2272 2020 2397 2076; x_wconf 90' lang='lat' dir='ltr'><strong>data</strong></span> <span class='ocrx_word' id='word_1_289' title='bbox 2431 2031 2515 2077; x_wconf 90' lang='lat' dir='ltr'><strong>est</strong></span> <span class='ocrx_word' id='word_1_290' title='bbox 2546 2022 2598 2075; x_wconf 92' lang='lat' dir='ltr'><strong>in</strong></span> <span class='ocrx_word' id='word_1_291' title='bbox 2634 2020 2892 2087; x_wconf 85' lang='lat' dir='ltr'><strong>Ecclesiis</strong></span> <span class='ocrx_word' id='word_1_292' title='bbox 2915 2019 3265 2075; x_wconf 71' lang='lat' dir='ltr'><strong>Macedoniae.</strong></span> <span class='ocrx_word' id='word_1_293' title='bbox 3304 2037 3323 2069; x_wconf 77' lang='grc' dir='ltr'><strong>ι</strong></span> <span class='ocrx_word' id='word_1_294' title='bbox 3375 2017 3520 2072; x_wconf 88' lang='lat' dir='ltr'><strong>Cau-</strong></span> 
     </span>
    </p>
   </div>
   <div class='ocr_carea' id='block_1_49' title="bbox 1948 2110 3520 2181">
    <p class='ocr_par' dir='ltr' id='par_1_49' title="bbox 1948 2110 3520 2181">
     <span class='ocr_line' id='line_1_49' title="bbox 1948 2110 3520 2181; baseline -0.003 -17"><span class='ocrx_word' id='word_1_295' title='bbox 1948 2126 2066 2165; x_wconf 87' lang='lat' dir='ltr'><strong>sam</strong></span> <span class='ocrx_word' id='word_1_296' title='bbox 2097 2112 2321 2167; x_wconf 86' lang='lat' dir='ltr'><strong>inchoat</strong></span> <span class='ocrx_word' id='word_1_297' title='bbox 2344 2113 2412 2169; x_wconf 84' lang='lat' dir='ltr'><strong>de</strong></span> <span class='ocrx_word' id='word_1_298' title='bbox 2445 2112 2705 2175; x_wconf 85' lang='lat' dir='ltr'><strong>collectis,</strong></span> <span class='ocrx_word' id='word_1_299' title='bbox 2736 2123 2792 2166; x_wconf 93' lang='lat' dir='ltr'><strong>et</strong></span> <span class='ocrx_word' id='word_1_300' title='bbox 2850 2111 3100 2181; x_wconf 81' lang='lat' dir='ltr'><strong>exemplo</strong></span> <span class='ocrx_word' id='word_1_301' title='bbox 3153 2110 3520 2165; x_wconf 82' lang='lat' dir='ltr'><strong>Ecclesiarum</strong></span> 
     </span>
    </p>
   </div>
   <div class='ocr_carea' id='block_1_50' title="bbox 1948 2201 3524 2275">
    <p class='ocr_par' dir='ltr' id='par_1_50' title="bbox 1948 2201 3524 2275">
     <span class='ocr_line' id='line_1_50' title="bbox 1948 2201 3524 2275; baseline -0.003 -20"><span class='ocrx_word' id='word_1_302' title='bbox 1948 2201 2161 2257; x_wconf 87' lang='lat' dir='ltr'><strong>illarunt</strong></span> <span class='ocrx_word' id='word_1_303' title='bbox 2219 2219 2315 2260; x_wconf 86' lang='lat' dir='ltr'><strong>eos</strong></span> <span class='ocrx_word' id='word_1_304' title='bbox 2355 2204 2418 2259; x_wconf 90' lang='lat' dir='ltr'><strong>ad</strong></span> <span class='ocrx_word' id='word_1_305' title='bbox 2454 2206 2832 2269; x_wconf 59' lang='lat' dir='ltr'><strong>paenitentiam</strong></span> <span class='ocrx_word' id='word_1_306' title='bbox 2875 2212 2929 2259; x_wconf 88' lang='lat' dir='ltr'><strong>et</strong></span> <span class='ocrx_word' id='word_1_307' title='bbox 2973 2204 3369 2275; x_wconf 76' lang='lat' dir='ltr'><strong>eleemosynam</strong></span> <span class='ocrx_word' id='word_1_308' title='bbox 3397 2217 3524 2269; x_wconf 84' lang='lat' dir='ltr'><strong>prn-</strong></span> 
     </span>
    </p>
   </div>
   <div class='ocr_carea' id='block_1_51' title="bbox 1948 2297 3519 2368">
    <p class='ocr_par' dir='ltr' id='par_1_51' title="bbox 1948 2297 3519 2368">
     <span class='ocr_line' id='line_1_51' title="bbox 1948 2297 3519 2368; baseline 0.003 -24"><span class='ocrx_word' id='word_1_309' title='bbox 1948 2305 2125 2359; x_wconf 82' lang='lat' dir='ltr'><strong>vocat,</strong></span> <span class='ocrx_word' id='word_1_310' title='bbox 2151 2306 2206 2350; x_wconf 90' lang='lat' dir='ltr'><strong>ut</strong></span> <span class='ocrx_word' id='word_1_311' title='bbox 2237 2311 2341 2350; x_wconf 93' lang='lat' dir='ltr'><strong>nou</strong></span> <span class='ocrx_word' id='word_1_312' title='bbox 2373 2306 2627 2367; x_wconf 90' lang='lat' dir='ltr'><strong>putarent</strong></span> <span class='ocrx_word' id='word_1_313' title='bbox 2667 2298 2770 2352; x_wconf 85' lang='lat' dir='ltr'><strong>sibi</strong></span> <span class='ocrx_word' id='word_1_314' title='bbox 2804 2312 3011 2368; x_wconf 40' lang='lat' dir='ltr'><strong>grave,</strong></span> <span class='ocrx_word' id='word_1_315' title='bbox 3033 2297 3178 2367; x_wconf 84' lang='lat' dir='ltr'><strong>quod</strong></span> <span class='ocrx_word' id='word_1_316' title='bbox 3229 2297 3519 2365; x_wconf 79' lang='lat' dir='ltr'><strong>pauperio-</strong></span> 
     </span>
    </p>
   </div>
   <div class='ocr_carea' id='block_1_52' title="bbox 1948 2388 2650 2457">
    <p class='ocr_par' dir='ltr' id='par_1_52' title="bbox 1948 2388 2650 2457">
     <span class='ocr_line' id='line_1_52' title="bbox 1948 2388 2650 2457; baseline 0.001 -15"><span class='ocrx_word' id='word_1_317' title='bbox 1948 2402 2035 2442; x_wconf 85' lang='lat' dir='ltr'><strong>res</strong></span> <span class='ocrx_word' id='word_1_318' title='bbox 2061 2390 2400 2457; x_wconf 78' lang='lat' dir='ltr'><strong>videantjam</strong></span> <span class='ocrx_word' id='word_1_319' title='bbox 2430 2388 2650 2445; x_wconf 77' lang='lat' dir='ltr'><strong>fecisse.</strong></span> 
     </span>
    </p>
   </div>
   <div class='ocr_carea' id='block_1_53' title="bbox 2022 2477 3524 2550">
    <p class='ocr_par' dir='ltr' id='par_1_53' title="bbox 2022 2477 3524 2550">
     <span class='ocr_line' id='line_1_53' title="bbox 2022 2477 3524 2550; baseline 0 -18"><span class='ocrx_word' id='word_1_320' title='bbox 2022 2501 2039 2532; x_wconf 73' lang='grc' dir='ltr'><strong>ι</strong></span> <span class='ocrx_word' id='word_1_321' title='bbox 2069 2480 2134 2534; x_wconf 85' lang='grc' dir='ltr'>Ει</span> <span class='ocrx_word' id='word_1_322' title='bbox 2152 2483 2292 2550; x_wconf 87' lang='lat' dir='ltr'><strong>quod</strong></span> <span class='ocrx_word' id='word_1_323' title='bbox 2320 2483 2371 2535; x_wconf 92' lang='lat' dir='ltr'><strong>in</strong></span> <span class='ocrx_word' id='word_1_324' title='bbox 2393 2483 2560 2536; x_wconf 90' lang='lat' dir='ltr'><strong>multo</strong></span> <span class='ocrx_word' id='word_1_325' title='bbox 2582 2483 2952 2549; x_wconf 71' lang='lat' dir='ltr'><strong>experimento</strong></span> <span class='ocrx_word' id='word_1_326' title='bbox 2975 2479 3337 2539; x_wconf 81' lang='lat' dir='ltr'><strong>tribulationis</strong></span> <span class='ocrx_word' id='word_1_327' title='bbox 3356 2477 3524 2535; x_wconf 76' lang='lat' dir='ltr'><strong>abun-</strong></span> 
     </span>
    </p>
   </div>
   <div class='ocr_carea' id='block_1_54' title="bbox 1948 2571 3520 2641">
    <p class='ocr_par' dir='ltr' id='par_1_54' title="bbox 1948 2571 3520 2641">
     <span class='ocr_line' id='line_1_54' title="bbox 1948 2571 3520 2641; baseline -0.006 -15"><span class='ocrx_word' id='word_1_328' title='bbox 1948 2571 2129 2626; x_wconf 88' lang='lat' dir='ltr'><strong>dantia</strong></span> <span class='ocrx_word' id='word_1_329' title='bbox 2150 2573 2333 2639; x_wconf 82' lang='lat' dir='ltr'><strong>gaudii</strong></span> <span class='ocrx_word' id='word_1_330' title='bbox 2366 2572 2604 2639; x_wconf 87' lang='lat' dir='ltr'><strong>ipsorum</strong></span> <span class='ocrx_word' id='word_1_331' title='bbox 2628 2572 2749 2627; x_wconf 81' lang='lat' dir='ltr'><strong>fuit.</strong></span> <span class='ocrx_word' id='word_1_332' title='bbox 2781 2591 2799 2624; x_wconf 76' lang='grc' dir='ltr'><strong>ι</strong></span> <span class='ocrx_word' id='word_1_333' title='bbox 2827 2571 2978 2626; x_wconf 78' lang='lat' dir='ltr'><strong>&#39;l‘uuc</strong></span> <span class='ocrx_word' id='word_1_334' title='bbox 3003 2571 3237 2625; x_wconf 82' lang='lat' dir='ltr'><strong>maxime</strong></span> <span class='ocrx_word' id='word_1_335' title='bbox 3263 2572 3520 2641; x_wconf 75' lang='lat' dir='ltr'><strong>gaudent,</strong></span> 
     </span>
    </p>
   </div>
   <div class='ocr_carea' id='block_1_55' title="bbox 1948 2662 3520 2734">
    <p class='ocr_par' dir='ltr' id='par_1_55' title="bbox 1948 2662 3520 2734">
     <span class='ocr_line' id='line_1_55' title="bbox 1948 2662 3520 2734; baseline -0.002 -20"><span class='ocrx_word' id='word_1_336' title='bbox 1948 2665 2164 2734; x_wconf 80' lang='lat' dir='ltr'><strong>quando</strong></span> <span class='ocrx_word' id='word_1_337' title='bbox 2196 2665 2396 2719; x_wconf 80' lang='lat' dir='ltr'><strong>fuerint</strong></span> <span class='ocrx_word' id='word_1_338' title='bbox 2427 2664 2690 2729; x_wconf 80' lang='lat' dir='ltr'><strong>tribuisti,</strong></span> <span class='ocrx_word' id='word_1_339' title='bbox 2724 2666 2964 2720; x_wconf 84' lang='lat' dir='ltr'><strong>scientes</strong></span> <span class='ocrx_word' id='word_1_340' title='bbox 2995 2662 3266 2733; x_wconf 86' lang='lat' dir='ltr'><strong>apostolos</strong></span> <span class='ocrx_word' id='word_1_341' title='bbox 3322 2670 3520 2718; x_wconf 85' lang='lat' dir='ltr'><strong>contu-</strong></span> 
     </span>
    </p>
   </div>
   <div class='ocr_carea' id='block_1_56' title="bbox 1949 2755 3522 2827">
    <p class='ocr_par' dir='ltr' id='par_1_56' title="bbox 1949 2755 3522 2827">
     <span class='ocr_line' id='line_1_56' title="bbox 1949 2755 3522 2827; baseline -0.001 -18"><span class='ocrx_word' id='word_1_342' title='bbox 1949 2758 2163 2822; x_wconf 80' lang='lat' dir='ltr'><strong>meliam</strong></span> <span class='ocrx_word' id='word_1_343' title='bbox 2198 2757 2250 2809; x_wconf 92' lang='lat' dir='ltr'><strong>in</strong></span> <span class='ocrx_word' id='word_1_344' title='bbox 2287 2758 2517 2825; x_wconf 76' lang='lat' dir='ltr'><strong>consilio</strong></span> <span class='ocrx_word' id='word_1_345' title='bbox 2552 2773 2741 2827; x_wconf 85' lang='lat' dir='ltr'><strong>passos</strong></span> <span class='ocrx_word' id='word_1_346' title='bbox 2781 2773 2879 2827; x_wconf 85' lang='lat' dir='ltr'><strong>pro</strong></span> <span class='ocrx_word' id='word_1_347' title='bbox 2907 2757 3130 2813; x_wconf 75' lang='lat' dir='ltr'><strong>nomine</strong></span> <span class='ocrx_word' id='word_1_348' title='bbox 3161 2755 3389 2821; x_wconf 82' lang='lat' dir='ltr'><strong>Christi,</strong></span> <span class='ocrx_word' id='word_1_349' title='bbox 3420 2770 3522 2825; x_wconf 87' lang='lat' dir='ltr'><strong>pu-</strong></span> 
     </span>
    </p>
   </div>
   <div class='ocr_carea' id='block_1_57' title="bbox 1948 2847 3166 2919">
    <p class='ocr_par' dir='ltr' id='par_1_57' title="bbox 1948 2847 3166 2919">
     <span class='ocr_line' id='line_1_57' title="bbox 1948 2847 3166 2919; baseline 0 -17"><span class='ocrx_word' id='word_1_350' title='bbox 1948 2849 2081 2909; x_wconf 87' lang='lat' dir='ltr'><strong>blica</strong></span> <span class='ocrx_word' id='word_1_351' title='bbox 2110 2848 2289 2905; x_wconf 64' lang='lat' dir='ltr'><strong>lmtitia</strong></span> <span class='ocrx_word' id='word_1_352' title='bbox 2325 2847 2490 2907; x_wconf 82' lang='lat' dir='ltr'><strong>fuisse</strong></span> <span class='ocrx_word' id='word_1_353' title='bbox 2516 2852 2732 2918; x_wconf 85' lang='lat' dir='ltr'><strong>gavisos</strong></span> <span class='ocrx_word' id='word_1_354' title='bbox 2791 2848 2929 2919; x_wconf 65' lang='lat' dir='ltr'><strong>(Act.</strong></span> <span class='ocrx_word' id='word_1_355' title='bbox 2956 2865 3009 2912; x_wconf 68' lang='grc' dir='ltr'><strong>ν,</strong></span> <span class='ocrx_word' id='word_1_356' title='bbox 3047 2848 3166 2916; x_wconf 77' lang='grc' dir='ltr'><strong>Η).</strong></span> 
     </span>
    </p>
   </div>
   <div class='ocr_carea' id='block_1_58' title="bbox 2021 2939 3523 3010">
    <p class='ocr_par' dir='ltr' id='par_1_58' title="bbox 2021 2939 3523 3010">
     <span class='ocr_line' id='line_1_58' title="bbox 2021 2939 3523 3010; baseline -0.001 -19"><span class='ocrx_word' id='word_1_357' title='bbox 2021 2959 2039 2991; x_wconf 77' lang='grc' dir='ltr'><strong>ι</strong></span> <span class='ocrx_word' id='word_1_358' title='bbox 2087 2943 2150 2993; x_wconf 66' lang='lat' dir='ltr'><strong>Et</strong></span> <span class='ocrx_word' id='word_1_359' title='bbox 2182 2940 2443 2996; x_wconf 86' lang='lat' dir='ltr'><strong>altissima</strong></span> <span class='ocrx_word' id='word_1_360' title='bbox 2476 2952 2770 3010; x_wconf 88' lang='lat' dir='ltr'><strong>paupertas</strong></span> <span class='ocrx_word' id='word_1_361' title='bbox 2795 2956 2981 2996; x_wconf 87' lang='lat' dir='ltr'><strong>eorum</strong></span> <span class='ocrx_word' id='word_1_362' title='bbox 3005 2941 3301 2997; x_wconf 83' lang='lat' dir='ltr'><strong>abundavit</strong></span> <span class='ocrx_word' id='word_1_363' title='bbox 3348 2939 3403 2994; x_wconf 92' lang='lat' dir='ltr'><strong>in</strong></span> <span class='ocrx_word' id='word_1_364' title='bbox 3439 2940 3523 2991; x_wconf 78' lang='lat' dir='ltr'><strong>di-</strong></span> 
     </span>
    </p>
   </div>
   <div class='ocr_carea' id='block_1_59' title="bbox 1946 3031 3521 3103">
    <p class='ocr_par' dir='ltr' id='par_1_59' title="bbox 1946 3031 3521 3103">
     <span class='ocr_line' id='line_1_59' title="bbox 1946 3031 3521 3103; baseline 0.002 -20"><span class='ocrx_word' id='word_1_365' title='bbox 1946 3032 2104 3086; x_wconf 86' lang='lat' dir='ltr'><strong>vitias</strong></span> <span class='ocrx_word' id='word_1_366' title='bbox 2125 3031 2483 3101; x_wconf 84' lang='lat' dir='ltr'><strong>simplicitatis</strong></span> <span class='ocrx_word' id='word_1_367' title='bbox 2499 3046 2708 3087; x_wconf 89' lang='lat' dir='ltr'><strong>eorum.</strong></span> <span class='ocrx_word' id='word_1_368' title='bbox 2745 3052 2761 3083; x_wconf 80' lang='grc' dir='ltr'><strong>ι</strong></span> <span class='ocrx_word' id='word_1_369' title='bbox 2786 3032 3007 3086; x_wconf 82' lang='lat' dir='ltr'><strong>Multum</strong></span> <span class='ocrx_word' id='word_1_370' title='bbox 3033 3032 3246 3103; x_wconf 82' lang='lat' dir='ltr'><strong>quidem</strong></span> <span class='ocrx_word' id='word_1_371' title='bbox 3277 3032 3328 3089; x_wconf 88' lang='lat' dir='ltr'><strong>iu</strong></span> <span class='ocrx_word' id='word_1_372' title='bbox 3353 3042 3521 3086; x_wconf 83' lang='lat' dir='ltr'><strong>terre-</strong></span> 
     </span>
    </p>
   </div>
   <div class='ocr_carea' id='block_1_60' title="bbox 269 3112 3519 3212">
    <p class='ocr_par' dir='ltr' id='par_1_60' title="bbox 269 3112 3519 3212">
     <span class='ocr_line' id='line_1_60' title="bbox 269 3112 3519 3212; baseline -0.001 -32"><span class='ocrx_word' id='word_1_373' title='bbox 269 3138 336 3180; x_wconf 77' lang='lat' dir='ltr'><strong>se</strong></span> <span class='ocrx_word' id='word_1_374' title='bbox 371 3127 606 3195; x_wconf 84' lang='lat' dir='ltr'><strong>negotio.</strong></span> <span class='ocrx_word' id='word_1_375' title='bbox 638 3142 658 3176; x_wconf 75' lang='grc' dir='ltr'><strong>ι</strong></span> <span class='ocrx_word' id='word_1_376' title='bbox 691 3123 974 3183; x_wconf 87' lang='lat' dir='ltr'><strong>Probastis</strong></span> <span class='ocrx_word' id='word_1_377' title='bbox 1015 3138 1112 3181; x_wconf 86' lang='lat' dir='ltr'><strong>vos</strong></span> <span class='ocrx_word' id='word_1_378' title='bbox 1142 3124 1412 3181; x_wconf 90' lang='lat' dir='ltr'><strong>immunes</strong></span> <span class='ocrx_word' id='word_1_379' title='bbox 1433 3140 1463 3179; x_wconf 90' lang='lat' dir='ltr'><strong>a</strong></span> <span class='ocrx_word' id='word_1_380' title='bbox 1486 3124 1677 3209; x_wconf 84' lang='lat' dir='ltr'><strong>culpa;</strong></span> <span class='ocrx_word' id='word_1_381' title='bbox 1711 3140 1841 3180; x_wconf 63' lang='lat' dir='ltr'><strong>cono</strong></span> <span class='ocrx_word' id='word_1_382' title='bbox 1870 3156 1914 3212; x_wconf 64' lang='grc' dir='ltr'>α</span> <span class='ocrx_word' id='word_1_383' title='bbox 1949 3138 2013 3173; x_wconf 90' lang='lat' dir='ltr'><strong>na</strong></span> <span class='ocrx_word' id='word_1_384' title='bbox 2052 3121 2307 3176; x_wconf 79' lang='lat' dir='ltr'><strong>facultate</strong></span> <span class='ocrx_word' id='word_1_385' title='bbox 2340 3132 2471 3177; x_wconf 90' lang='lat' dir='ltr'><strong>sunt</strong></span> <span class='ocrx_word' id='word_1_386' title='bbox 2500 3137 2768 3192; x_wconf 80' lang='lat' dir='ltr'><strong>pauperes</strong></span> <span class='ocrx_word' id='word_1_387' title='bbox 2798 3141 2814 3179; x_wconf 88' lang='lat'><strong>:</strong></span> <span class='ocrx_word' id='word_1_388' title='bbox 2858 3112 2951 3179; x_wconf 72' lang='lat' dir='ltr'><strong>sed</strong></span> <span class='ocrx_word' id='word_1_389' title='bbox 2991 3124 3046 3178; x_wconf 91' lang='lat' dir='ltr'><strong>in</strong></span> <span class='ocrx_word' id='word_1_390' title='bbox 3085 3138 3275 3194; x_wconf 84' lang='lat' dir='ltr'><strong>magna</strong></span> <span class='ocrx_word' id='word_1_391' title='bbox 3314 3124 3519 3191; x_wconf 82' lang='lat' dir='ltr'><strong>simpli-</strong></span> 
     </span>
    </p>
   </div>
   <div class='ocr_carea' id='block_1_61' title="bbox 274 3202 1840 3283">
    <p class='ocr_par' dir='ltr' id='par_1_61' title="bbox 274 3202 1840 3283">
     <span class='ocr_line' id='line_1_61' title="bbox 274 3202 1840 3283; baseline -0.001 -12"><span class='ocrx_word' id='word_1_392' title='bbox 274 3215 575 3271; x_wconf 87' lang='lat' dir='ltr'><strong>taminatus</strong></span> <span class='ocrx_word' id='word_1_393' title='bbox 605 3217 747 3283; x_wconf 84' lang='lat' dir='ltr'><strong>enim</strong></span> <span class='ocrx_word' id='word_1_394' title='bbox 769 3216 1153 3273; x_wconf 85' lang='lat' dir='ltr'><strong>auctoritatem</strong></span> <span class='ocrx_word' id='word_1_395' title='bbox 1183 3231 1289 3272; x_wconf 89' lang='lat' dir='ltr'><strong>non</strong></span> <span class='ocrx_word' id='word_1_396' title='bbox 1319 3215 1485 3271; x_wconf 86' lang='lat' dir='ltr'><strong>habet</strong></span> <span class='ocrx_word' id='word_1_397' title='bbox 1514 3202 1840 3271; x_wconf 69' lang='lat' dir='ltr'><strong>vindicandi.</strong></span> 
     </span>
    </p>
   </div>
   <div class='ocr_carea' id='block_1_62' title="bbox 383 3304 1843 3379">
    <p class='ocr_par' dir='ltr' id='par_1_62' title="bbox 383 3304 1843 3379">
     <span class='ocr_line' id='line_1_62' title="bbox 383 3304 1843 3379; baseline -0.001 -19"><span class='ocrx_word' id='word_1_398' title='bbox 383 3325 403 3360; x_wconf 80' lang='grc' dir='ltr'><strong>ι</strong></span> <span class='ocrx_word' id='word_1_399' title='bbox 443 3304 607 3378; x_wconf 84' lang='lat' dir='ltr'><strong>Igitur</strong></span> <span class='ocrx_word' id='word_1_400' title='bbox 635 3309 738 3363; x_wconf 87' lang='lat' dir='ltr'><strong>etsi</strong></span> <span class='ocrx_word' id='word_1_401' title='bbox 778 3307 970 3379; x_wconf 81' lang='lat' dir='ltr'><strong>scripsi</strong></span> <span class='ocrx_word' id='word_1_402' title='bbox 995 3307 1172 3370; x_wconf 86' lang='lat' dir='ltr'><strong>vobis.</strong></span> <span class='ocrx_word' id='word_1_403' title='bbox 1205 3322 1310 3361; x_wconf 90' lang='lat' dir='ltr'><strong>non</strong></span> <span class='ocrx_word' id='word_1_404' title='bbox 1342 3315 1568 3378; x_wconf 87' lang='lat' dir='ltr'><strong>propter</strong></span> <span class='ocrx_word' id='word_1_405' title='bbox 1601 3322 1722 3363; x_wconf 90' lang='lat' dir='ltr'><strong>eum</strong></span> <span class='ocrx_word' id='word_1_406' title='bbox 1751 3307 1843 3377; x_wconf 90' lang='lat' dir='ltr'><strong>qui</strong></span> 
     </span>
    </p>
   </div>
   <div class='ocr_carea' id='block_1_63' title="bbox 274 3397 1837 3469">
    <p class='ocr_par' dir='ltr' id='par_1_63' title="bbox 274 3397 1837 3469">
     <span class='ocr_line' id='line_1_63' title="bbox 274 3397 1837 3469; baseline -0.003 -14"><span class='ocrx_word' id='word_1_407' title='bbox 274 3398 414 3455; x_wconf 77' lang='lat' dir='ltr'><strong>fecit</strong></span> <span class='ocrx_word' id='word_1_408' title='bbox 440 3397 712 3467; x_wconf 87' lang='lat' dir='ltr'><strong>injuriam,</strong></span> <span class='ocrx_word' id='word_1_409' title='bbox 762 3412 858 3454; x_wconf 93' lang='lat' dir='ltr'><strong>nec</strong></span> <span class='ocrx_word' id='word_1_410' title='bbox 887 3406 1110 3469; x_wconf 87' lang='lat' dir='ltr'><strong>propter</strong></span> <span class='ocrx_word' id='word_1_411' title='bbox 1139 3412 1263 3454; x_wconf 91' lang='lat' dir='ltr'><strong>eum</strong></span> <span class='ocrx_word' id='word_1_412' title='bbox 1287 3398 1377 3466; x_wconf 90' lang='lat' dir='ltr'><strong>qui</strong></span> <span class='ocrx_word' id='word_1_413' title='bbox 1417 3412 1614 3469; x_wconf 86' lang='lat' dir='ltr'><strong>passus</strong></span> <span class='ocrx_word' id='word_1_414' title='bbox 1669 3408 1775 3453; x_wconf 90' lang='lat' dir='ltr'><strong>est.</strong></span> <span class='ocrx_word' id='word_1_415' title='bbox 1817 3416 1837 3450; x_wconf 75' lang='grc' dir='ltr'><strong>ι</strong></span> 
     </span>
    </p>
   </div>
   <div class='ocr_carea' id='block_1_64' title="bbox 267 3488 1842 3561">
    <p class='ocr_par' dir='ltr' id='par_1_64' title="bbox 267 3488 1842 3561">
     <span class='ocr_line' id='line_1_64' title="bbox 267 3488 1842 3561; baseline -0.003 -13"><span class='ocrx_word' id='word_1_416' title='bbox 267 3492 393 3548; x_wconf 75' lang='lat' dir='ltr'><strong>Non</strong></span> <span class='ocrx_word' id='word_1_417' title='bbox 426 3502 648 3561; x_wconf 87' lang='lat' dir='ltr'><strong>propter</strong></span> <span class='ocrx_word' id='word_1_418' title='bbox 682 3505 804 3544; x_wconf 91' lang='lat' dir='ltr'><strong>eum</strong></span> <span class='ocrx_word' id='word_1_419' title='bbox 844 3489 939 3561; x_wconf 88' lang='lat' dir='ltr'><strong>qui</strong></span> <span class='ocrx_word' id='word_1_420' title='bbox 969 3490 1108 3561; x_wconf 91' lang='lat' dir='ltr'><strong>patri</strong></span> <span class='ocrx_word' id='word_1_421' title='bbox 1130 3490 1261 3544; x_wconf 74' lang='lat' dir='ltr'><strong>fecit</strong></span> <span class='ocrx_word' id='word_1_422' title='bbox 1312 3488 1572 3560; x_wconf 71' lang='lat' dir='ltr'><strong>iniuriam</strong></span> <span class='ocrx_word' id='word_1_423' title='bbox 1610 3499 1842 3558; x_wconf 88' lang='lat' dir='ltr'><strong>tantum,</strong></span> 
     </span>
    </p>
   </div>
   <div class='ocr_carea' id='block_1_65' title="bbox 236 3572 1840 3652">
    <p class='ocr_par' dir='ltr' id='par_1_65' title="bbox 236 3572 1840 3652">
     <span class='ocr_line' id='line_1_65' title="bbox 236 3572 1840 3652; baseline -0.001 -15"><span class='ocrx_word' id='word_1_424' title='bbox 236 3572 379 3637; x_wconf 32' lang='lat' dir='ltr'><strong>&#39;nec</strong></span> <span class='ocrx_word' id='word_1_425' title='bbox 436 3591 657 3652; x_wconf 86' lang='lat' dir='ltr'><strong>propter</strong></span> <span class='ocrx_word' id='word_1_426' title='bbox 726 3581 899 3649; x_wconf 88' lang='lat' dir='ltr'><strong>ipsum</strong></span> <span class='ocrx_word' id='word_1_427' title='bbox 957 3581 1299 3637; x_wconf 86' lang='lat' dir='ltr'><strong>solummodo</strong></span> <span class='ocrx_word' id='word_1_428' title='bbox 1340 3589 1555 3651; x_wconf 88' lang='lat' dir='ltr'><strong>patrem</strong></span> <span class='ocrx_word' id='word_1_429' title='bbox 1620 3582 1840 3650; x_wconf 88' lang='lat' dir='ltr'><strong>scripsi.</strong></span> 
     </span>
    </p>
   </div>
   <div class='ocr_carea' id='block_1_66' title="bbox 262 3669 1842 3741">
    <p class='ocr_par' dir='ltr' id='par_1_66' title="bbox 262 3669 1842 3741">
     <span class='ocr_line' id='line_1_66' title="bbox 262 3669 1842 3741; baseline -0.003 -12"><span class='ocrx_word' id='word_1_430' title='bbox 262 3672 463 3729; x_wconf 85' lang='lat' dir='ltr'><strong>Potest</strong></span> <span class='ocrx_word' id='word_1_431' title='bbox 494 3683 547 3725; x_wconf 85' lang='lat' dir='ltr'><strong>et</strong></span> <span class='ocrx_word' id='word_1_432' title='bbox 572 3673 644 3726; x_wconf 86' lang='lat' dir='ltr'><strong>ita</strong></span> <span class='ocrx_word' id='word_1_433' title='bbox 679 3669 972 3726; x_wconf 84' lang='lat' dir='ltr'><strong>dici:Non</strong></span> <span class='ocrx_word' id='word_1_434' title='bbox 1030 3682 1249 3741; x_wconf 90' lang='lat' dir='ltr'><strong>propter</strong></span> <span class='ocrx_word' id='word_1_435' title='bbox 1304 3687 1428 3727; x_wconf 91' lang='lat' dir='ltr'><strong>eum</strong></span> <span class='ocrx_word' id='word_1_436' title='bbox 1485 3672 1579 3741; x_wconf 91' lang='lat' dir='ltr'><strong>qui</strong></span> <span class='ocrx_word' id='word_1_437' title='bbox 1637 3674 1842 3738; x_wconf 73' lang='lat' dir='ltr'><strong>eiectus</strong></span> 
     </span>
    </p>
   </div>
   <div class='ocr_carea' id='block_1_67' title="bbox 264 3762 1840 3837">
    <p class='ocr_par' dir='ltr' id='par_1_67' title="bbox 264 3762 1840 3837">
     <span class='ocr_line' id='line_1_67' title="bbox 264 3762 1840 3837; baseline -0.003 -15"><span class='ocrx_word' id='word_1_438' title='bbox 264 3774 381 3830; x_wconf 85' lang='lat' dir='ltr'><strong>est,</strong></span> <span class='ocrx_word' id='word_1_439' title='bbox 406 3764 634 3837; x_wconf 87' lang='lat' dir='ltr'><strong>scripsi:</strong></span> <span class='ocrx_word' id='word_1_440' title='bbox 675 3777 850 3835; x_wconf 87' lang='lat' dir='ltr'><strong>neque</strong></span> <span class='ocrx_word' id='word_1_441' title='bbox 873 3762 1017 3817; x_wconf 88' lang='lat' dir='ltr'><strong>enim</strong></span> <span class='ocrx_word' id='word_1_442' title='bbox 1058 3777 1155 3837; x_wconf 90' lang='lat' dir='ltr'><strong>per</strong></span> <span class='ocrx_word' id='word_1_443' title='bbox 1190 3777 1273 3817; x_wconf 89' lang='lat' dir='ltr'><strong>me</strong></span> <span class='ocrx_word' id='word_1_444' title='bbox 1295 3764 1411 3819; x_wconf 61' lang='lat' dir='ltr'><strong>hare</strong></span> <span class='ocrx_word' id='word_1_445' title='bbox 1434 3763 1545 3819; x_wconf 85' lang='lat' dir='ltr'><strong>sola</strong></span> <span class='ocrx_word' id='word_1_446' title='bbox 1582 3766 1840 3821; x_wconf 87' lang='lat' dir='ltr'><strong>emenda-</strong></span> 
     </span>
    </p>
   </div>
   <div class='ocr_carea' id='block_1_68' title="bbox 258 3846 1511 3931">
    <p class='ocr_par' dir='ltr' id='par_1_68' title="bbox 258 3846 1511 3931">
     <span class='ocr_line' id='line_1_68' title="bbox 258 3846 1511 3931; baseline -0.001 -19"><span class='ocrx_word' id='word_1_447' title='bbox 258 3868 321 3931; x_wconf 70' lang='lat' dir='ltr'><strong>ta</strong></span> <span class='ocrx_word' id='word_1_448' title='bbox 358 3857 439 3923; x_wconf 80' lang='lat' dir='ltr'><strong>vel</strong></span> <span class='ocrx_word' id='word_1_449' title='bbox 474 3866 720 3927; x_wconf 87' lang='lat' dir='ltr'><strong>correpta</strong></span> <span class='ocrx_word' id='word_1_450' title='bbox 749 3869 832 3912; x_wconf 89' lang='lat' dir='ltr'><strong>est</strong></span> <span class='ocrx_word' id='word_1_451' title='bbox 858 3870 1045 3913; x_wconf 88' lang='lat' dir='ltr'><strong>causa.</strong></span> <span class='ocrx_word' id='word_1_452' title='bbox 1506 3846 1511 3851; x_wconf 64' lang='grc'><em>’</em></span> 
     </span>
    </p>
   </div>
   <div class='ocr_carea' id='block_1_69' title="bbox 345 3942 1833 4017">
    <p class='ocr_par' dir='ltr' id='par_1_69' title="bbox 345 3942 1833 4017">
     <span class='ocr_line' id='line_1_69' title="bbox 345 3942 1833 4017; baseline 0.001 -16"><span class='ocrx_word' id='word_1_453' title='bbox 345 3965 371 4001; x_wconf 77' lang='lat' dir='ltr'><strong>s</strong></span> <span class='ocrx_word' id='word_1_454' title='bbox 403 3946 507 4002; x_wconf 90' lang='lat' dir='ltr'><strong>Sed</strong></span> <span class='ocrx_word' id='word_1_455' title='bbox 532 3946 597 4001; x_wconf 89' lang='lat' dir='ltr'><strong>ad</strong></span> <span class='ocrx_word' id='word_1_456' title='bbox 633 3942 1082 4000; x_wconf 78' lang='lat' dir='ltr'><strong>manifestandatn</strong></span> <span class='ocrx_word' id='word_1_457' title='bbox 1118 3945 1541 4003; x_wconf 79' lang='lat' dir='ltr'><strong>sollicitudinem</strong></span> <span class='ocrx_word' id='word_1_458' title='bbox 1570 3960 1833 4017; x_wconf 88' lang='lat' dir='ltr'><strong>nostram,</strong></span> 
     </span>
    </p>
   </div>
   <div class='ocr_carea' id='block_1_70' title="bbox 255 4037 1839 4112">
    <p class='ocr_par' dir='ltr' id='par_1_70' title="bbox 255 4037 1839 4112">
     <span class='ocr_line' id='line_1_70' title="bbox 255 4037 1839 4112; baseline -0.001 -18"><span class='ocrx_word' id='word_1_459' title='bbox 255 4056 432 4112; x_wconf 81' lang='lat' dir='ltr'><strong>quam</strong></span> <span class='ocrx_word' id='word_1_460' title='bbox 465 4039 723 4094; x_wconf 83' lang='lat' dir='ltr'><strong>habemus</strong></span> <span class='ocrx_word' id='word_1_461' title='bbox 739 4052 835 4108; x_wconf 92' lang='lat' dir='ltr'><strong>pro</strong></span> <span class='ocrx_word' id='word_1_462' title='bbox 857 4037 1012 4093; x_wconf 87' lang='lat' dir='ltr'><strong>vobis</strong></span> <span class='ocrx_word' id='word_1_463' title='bbox 1045 4053 1229 4110; x_wconf 78' lang='lat' dir='ltr'><strong>coram</strong></span> <span class='ocrx_word' id='word_1_464' title='bbox 1264 4037 1400 4093; x_wconf 88' lang='lat' dir='ltr'><strong>Deo.</strong></span> <span class='ocrx_word' id='word_1_465' title='bbox 1434 4056 1452 4089; x_wconf 78' lang='grc' dir='ltr'><strong>ι</strong></span> <span class='ocrx_word' id='word_1_466' title='bbox 1501 4037 1580 4093; x_wconf 85' lang='lat' dir='ltr'><strong>Ne</strong></span> <span class='ocrx_word' id='word_1_467' title='bbox 1636 4042 1839 4110; x_wconf 81' lang='lat' dir='ltr'><strong>putetis</strong></span> 
     </span>
    </p>
   </div>
   <div class='ocr_carea' id='block_1_71' title="bbox 256 4108 1838 4209">
    <p class='ocr_par' dir='ltr' id='par_1_71' title="bbox 256 4108 1838 4209">
     <span class='ocr_line' id='line_1_71' title="bbox 256 4108 1838 4209; baseline -0.001 -24"><span class='ocrx_word' id='word_1_468' title='bbox 256 4108 371 4186; x_wconf 63' lang='lat'><strong>.163</strong></span> <span class='ocrx_word' id='word_1_469' title='bbox 392 4128 591 4209; x_wconf 88' lang='lat' dir='ltr'><strong>aliquid</strong></span> <span class='ocrx_word' id='word_1_470' title='bbox 619 4142 772 4195; x_wconf 81' lang='lat' dir='ltr'><strong>posse</strong></span> <span class='ocrx_word' id='word_1_471' title='bbox 794 4127 982 4199; x_wconf 83' lang='lat' dir='ltr'><strong>latere,</strong></span> <span class='ocrx_word' id='word_1_472' title='bbox 1010 4108 1139 4184; x_wconf 9' lang='lat' dir='ltr'><strong>cum?</strong></span> <span class='ocrx_word' id='word_1_473' title='bbox 1180 4142 1275 4196; x_wconf 88' lang='lat' dir='ltr'><strong>pro</strong></span> <span class='ocrx_word' id='word_1_474' title='bbox 1313 4128 1465 4182; x_wconf 87' lang='lat' dir='ltr'><strong>vobis</strong></span> <span class='ocrx_word' id='word_1_475' title='bbox 1521 4108 1709 4186; x_wconf 83' lang='lat' dir='ltr'><strong>sumus</strong></span> <span class='ocrx_word' id='word_1_476' title='bbox 1755 4132 1838 4184; x_wconf 86' lang='lat' dir='ltr'><strong>ni-</strong></span> 
     </span>
    </p>
   </div>
   <div class='ocr_carea' id='block_1_72' title="bbox 262 4222 812 4279">
    <p class='ocr_par' dir='ltr' id='par_1_72' title="bbox 262 4222 812 4279">
     <span class='ocr_line' id='line_1_72' title="bbox 262 4222 812 4279; baseline -0.007 0"><span class='ocrx_word' id='word_1_477' title='bbox 262 4227 382 4279; x_wconf 82' lang='lat' dir='ltr'><strong>mia</strong></span> <span class='ocrx_word' id='word_1_478' title='bbox 411 4239 545 4279; x_wconf 89' lang='lat' dir='ltr'><strong>cura</strong></span> <span class='ocrx_word' id='word_1_479' title='bbox 571 4222 812 4277; x_wconf 84' lang='lat' dir='ltr'><strong>solliciti.</strong></span> 
     </span>
    </p>
   </div>
   <div class='ocr_carea' id='block_1_73' title="bbox 341 4311 1839 4387">
    <p class='ocr_par' dir='ltr' id='par_1_73' title="bbox 341 4311 1839 4387">
     <span class='ocr_line' id='line_1_73' title="bbox 341 4311 1839 4387; baseline 0 -18"><span class='ocrx_word' id='word_1_480' title='bbox 341 4335 367 4369; x_wconf 73' lang='grc' dir='ltr'><strong>ι</strong></span> <span class='ocrx_word' id='word_1_481' title='bbox 407 4316 529 4381; x_wconf 84' lang='lat' dir='ltr'><strong>Ideo</strong></span> <span class='ocrx_word' id='word_1_482' title='bbox 558 4330 770 4387; x_wconf 87' lang='lat' dir='ltr'><strong>quoque</strong></span> <span class='ocrx_word' id='word_1_483' title='bbox 794 4313 1057 4370; x_wconf 89' lang='lat' dir='ltr'><strong>consolati</strong></span> <span class='ocrx_word' id='word_1_484' title='bbox 1081 4328 1286 4369; x_wconf 87' lang='lat' dir='ltr'><strong>sumus.</strong></span> <span class='ocrx_word' id='word_1_485' title='bbox 1326 4331 1345 4365; x_wconf 73' lang='grc' dir='ltr'><strong>ι</strong></span> <span class='ocrx_word' id='word_1_486' title='bbox 1377 4311 1513 4382; x_wconf 83' lang='lat' dir='ltr'><strong>Quia</strong></span> <span class='ocrx_word' id='word_1_487' title='bbox 1541 4330 1635 4370; x_wconf 88' lang='lat' dir='ltr'><strong>vos</strong></span> <span class='ocrx_word' id='word_1_488' title='bbox 1659 4325 1839 4371; x_wconf 88' lang='lat' dir='ltr'><strong>castos</strong></span> 
     </span>
    </p>
   </div>
   <div class='ocr_carea' id='block_1_74' title="bbox 254 4407 1011 4485">
    <p class='ocr_par' dir='ltr' id='par_1_74' title="bbox 254 4407 1011 4485">
     <span class='ocr_line' id='line_1_74' title="bbox 254 4407 1011 4485; baseline -0.008 -20"><span class='ocrx_word' id='word_1_489' title='bbox 254 4407 513 4485; x_wconf 78' lang='lat' dir='ltr'><strong>probatis</strong></span> <span class='ocrx_word' id='word_1_490' title='bbox 539 4423 661 4462; x_wconf 89' lang='lat' dir='ltr'><strong>esse</strong></span> <span class='ocrx_word' id='word_1_491' title='bbox 690 4408 744 4461; x_wconf 92' lang='lat' dir='ltr'><strong>in</strong></span> <span class='ocrx_word' id='word_1_492' title='bbox 776 4408 1011 4478; x_wconf 88' lang='lat' dir='ltr'><strong>negotio.</strong></span> 
     </span>
    </p>
   </div>
   <div class='ocr_carea' id='block_1_75' title="bbox 1946 3212 3515 3287">
    <p class='ocr_par' dir='ltr' id='par_1_75' title="bbox 1946 3212 3515 3287">
     <span class='ocr_line' id='line_1_75' title="bbox 1946 3212 3515 3287; baseline 0.003 -24"><span class='ocrx_word' id='word_1_493' title='bbox 1946 3212 2113 3267; x_wconf 81' lang='lat' dir='ltr'><strong>ritate</strong></span> <span class='ocrx_word' id='word_1_494' title='bbox 2141 3215 2525 3279; x_wconf 85' lang='lat' dir='ltr'><strong>suntdivites;</strong></span> <span class='ocrx_word' id='word_1_495' title='bbox 2572 3213 2691 3285; x_wconf 89' lang='lat' dir='ltr'><strong>plus</strong></span> <span class='ocrx_word' id='word_1_496' title='bbox 2726 3216 3006 3287; x_wconf 85' lang='lat' dir='ltr'><strong>cupientes</strong></span> <span class='ocrx_word' id='word_1_497' title='bbox 3038 3216 3168 3270; x_wconf 88' lang='lat' dir='ltr'><strong>dare</strong></span> <span class='ocrx_word' id='word_1_498' title='bbox 3206 3231 3369 3283; x_wconf 87' lang='lat' dir='ltr'><strong>quam</strong></span> <span class='ocrx_word' id='word_1_499' title='bbox 3416 3214 3515 3268; x_wconf 84' lang='lat' dir='ltr'><strong>ba-</strong></span> 
     </span>
    </p>
   </div>
   <div class='ocr_carea' id='block_1_76' title="bbox 1950 3306 3518 3377">
    <p class='ocr_par' dir='ltr' id='par_1_76' title="bbox 1950 3306 3518 3377">
     <span class='ocr_line' id='line_1_76' title="bbox 1950 3306 3518 3377; baseline -0.001 -16"><span class='ocrx_word' id='word_1_500' title='bbox 1950 3306 2096 3361; x_wconf 88' lang='lat' dir='ltr'><strong>bent.</strong></span> <span class='ocrx_word' id='word_1_501' title='bbox 2146 3307 2227 3362; x_wconf 79' lang='lat' dir='ltr'><strong>Ac</strong></span> <span class='ocrx_word' id='word_1_502' title='bbox 2255 3317 2541 3377; x_wconf 89' lang='lat' dir='ltr'><strong>propterea</strong></span> <span class='ocrx_word' id='word_1_503' title='bbox 2598 3306 2742 3362; x_wconf 91' lang='lat' dir='ltr'><strong>Deus</strong></span> <span class='ocrx_word' id='word_1_504' title='bbox 2802 3307 3046 3363; x_wconf 88' lang='lat' dir='ltr'><strong>animum</strong></span> <span class='ocrx_word' id='word_1_505' title='bbox 3103 3307 3273 3377; x_wconf 79' lang='lat' dir='ltr'><strong>magis</strong></span> <span class='ocrx_word' id='word_1_506' title='bbox 3306 3306 3518 3376; x_wconf 85' lang='lat' dir='ltr'><strong>probat,</strong></span> 
     </span>
    </p>
   </div>
   <div class='ocr_carea' id='block_1_77' title="bbox 1945 3398 3516 3469">
    <p class='ocr_par' dir='ltr' id='par_1_77' title="bbox 1945 3398 3516 3469">
     <span class='ocr_line' id='line_1_77' title="bbox 1945 3398 3516 3469; baseline 0.001 -19"><span class='ocrx_word' id='word_1_507' title='bbox 1945 3412 2107 3467; x_wconf 89' lang='lat' dir='ltr'><strong>quam</strong></span> <span class='ocrx_word' id='word_1_508' title='bbox 2164 3398 2307 3467; x_wconf 92' lang='lat' dir='ltr'><strong>quod</strong></span> <span class='ocrx_word' id='word_1_509' title='bbox 2363 3399 2582 3453; x_wconf 81' lang='lat' dir='ltr'><strong>dextera</strong></span> <span class='ocrx_word' id='word_1_510' title='bbox 2608 3400 2997 3469; x_wconf 89' lang='lat' dir='ltr'><strong>porrigit;qui</strong></span> <span class='ocrx_word' id='word_1_511' title='bbox 3045 3401 3189 3455; x_wconf 89' lang='lat' dir='ltr'><strong>enim</strong></span> <span class='ocrx_word' id='word_1_512' title='bbox 3256 3409 3516 3467; x_wconf 90' lang='lat' dir='ltr'><strong>quantum</strong></span> 
     </span>
    </p>
   </div>
   <div class='ocr_carea' id='block_1_78' title="bbox 1945 3487 3513 3563">
    <p class='ocr_par' dir='ltr' id='par_1_78' title="bbox 1945 3487 3513 3563">
     <span class='ocr_line' id='line_1_78' title="bbox 1945 3487 3513 3563; baseline 0.003 -23"><span class='ocrx_word' id='word_1_513' title='bbox 1945 3498 2124 3563; x_wconf 77' lang='lat' dir='ltr'><strong>potest</strong></span> <span class='ocrx_word' id='word_1_514' title='bbox 2153 3487 2486 3554; x_wconf 82' lang='lat' dir='ltr'><strong>facit,totum</strong></span> <span class='ocrx_word' id='word_1_515' title='bbox 2515 3489 2663 3545; x_wconf 80' lang='lat' dir='ltr'><strong>fecit.</strong></span> <span class='ocrx_word' id='word_1_516' title='bbox 2708 3492 2983 3552; x_wconf 87' lang='lat' dir='ltr'><strong>Similiter</strong></span> <span class='ocrx_word' id='word_1_517' title='bbox 3018 3491 3170 3553; x_wconf 84' lang='lat' dir='ltr'><strong>dives</strong></span> <span class='ocrx_word' id='word_1_518' title='bbox 3197 3500 3251 3546; x_wconf 90' lang='lat' dir='ltr'><strong>et</strong></span> <span class='ocrx_word' id='word_1_519' title='bbox 3282 3505 3513 3562; x_wconf 84' lang='lat' dir='ltr'><strong>pauper,</strong></span> 
     </span>
    </p>
   </div>
   <div class='ocr_carea' id='block_1_79' title="bbox 1942 3581 3091 3653">
    <p class='ocr_par' dir='ltr' id='par_1_79' title="bbox 1942 3581 3091 3653">
     <span class='ocr_line' id='line_1_79' title="bbox 1942 3581 3091 3653; baseline 0.005 -21"><span class='ocrx_word' id='word_1_520' title='bbox 1942 3581 2188 3651; x_wconf 81' lang='lat' dir='ltr'><strong>quamvis</strong></span> <span class='ocrx_word' id='word_1_521' title='bbox 2223 3582 2370 3637; x_wconf 86' lang='lat' dir='ltr'><strong>dives</strong></span> <span class='ocrx_word' id='word_1_522' title='bbox 2402 3583 2633 3653; x_wconf 87' lang='lat' dir='ltr'><strong>amplius</strong></span> <span class='ocrx_word' id='word_1_523' title='bbox 2667 3584 2795 3637; x_wconf 91' lang='lat' dir='ltr'><strong>dare</strong></span> <span class='ocrx_word' id='word_1_524' title='bbox 2827 3585 3091 3643; x_wconf 86' lang='lat' dir='ltr'><strong>videatur.</strong></span> 
     </span>
    </p>
   </div>
   <div class='ocr_carea' id='block_1_80' title="bbox 2017 3672 3507 3743">
    <p class='ocr_par' dir='ltr' id='par_1_80' title="bbox 2017 3672 3507 3743">
     <span class='ocr_line' id='line_1_80' title="bbox 2017 3672 3507 3743; baseline 0.002 -16"><span class='ocrx_word' id='word_1_525' title='bbox 2017 3692 2036 3727; x_wconf 77' lang='grc' dir='ltr'><strong>ι</strong></span> <span class='ocrx_word' id='word_1_526' title='bbox 2075 3673 2213 3743; x_wconf 85' lang='lat' dir='ltr'><strong>Quia</strong></span> <span class='ocrx_word' id='word_1_527' title='bbox 2275 3677 2571 3730; x_wconf 88' lang='lat' dir='ltr'><strong>secundum</strong></span> <span class='ocrx_word' id='word_1_528' title='bbox 2635 3676 2892 3729; x_wconf 86' lang='lat' dir='ltr'><strong>virtutem</strong></span> <span class='ocrx_word' id='word_1_529' title='bbox 2960 3675 3334 3729; x_wconf 86' lang='lat' dir='ltr'><strong>testimonium</strong></span> <span class='ocrx_word' id='word_1_530' title='bbox 3399 3672 3507 3731; x_wconf 87' lang='lat' dir='ltr'><strong>illis</strong></span> 
     </span>
    </p>
   </div>
   <div class='ocr_carea' id='block_1_81' title="bbox 1944 3758 3515 3835">
    <p class='ocr_par' dir='ltr' id='par_1_81' title="bbox 1944 3758 3515 3835">
     <span class='ocr_line' id='line_1_81' title="bbox 1944 3758 3515 3835; baseline 0.001 -16"><span class='ocrx_word' id='word_1_531' title='bbox 1944 3766 2136 3828; x_wconf 88' lang='lat' dir='ltr'><strong>reddo,</strong></span> <span class='ocrx_word' id='word_1_532' title='bbox 2168 3775 2222 3820; x_wconf 89' lang='lat' dir='ltr'><strong>et</strong></span> <span class='ocrx_word' id='word_1_533' title='bbox 2257 3780 2418 3835; x_wconf 87' lang='lat' dir='ltr'><strong>supra</strong></span> <span class='ocrx_word' id='word_1_534' title='bbox 2446 3765 2705 3820; x_wconf 88' lang='lat' dir='ltr'><strong>virtutem</strong></span> <span class='ocrx_word' id='word_1_535' title='bbox 2727 3765 3023 3823; x_wconf 85' lang='lat' dir='ltr'><strong>voluntarii</strong></span> <span class='ocrx_word' id='word_1_536' title='bbox 3052 3768 3291 3825; x_wconf 80' lang='lat' dir='ltr'><strong>fuerunt.</strong></span> <span class='ocrx_word' id='word_1_537' title='bbox 3333 3758 3357 3821; x_wconf 68' lang='grc' dir='ltr'><em>ί</em></span> <span class='ocrx_word' id='word_1_538' title='bbox 3386 3765 3515 3821; x_wconf 68' lang='grc' dir='ltr'><strong>νυτ-</strong></span> 
     </span>
    </p>
   </div>
   <div class='ocr_carea' id='block_1_82' title="bbox 1943 3848 3513 3928">
    <p class='ocr_par' dir='ltr' id='par_1_82' title="bbox 1943 3848 3513 3928">
     <span class='ocr_line' id='line_1_82' title="bbox 1943 3848 3513 3928; baseline 0.001 -17"><span class='ocrx_word' id='word_1_539' title='bbox 1943 3858 2024 3911; x_wconf 88' lang='lat' dir='ltr'><strong>bis</strong></span> <span class='ocrx_word' id='word_1_540' title='bbox 2058 3857 2399 3928; x_wconf 77' lang='lat' dir='ltr'><strong>pra:posteris</strong></span> <span class='ocrx_word' id='word_1_541' title='bbox 2426 3855 2530 3920; x_wconf 81' lang='lat' dir='ltr'><strong>hoc</strong></span> <span class='ocrx_word' id='word_1_542' title='bbox 2561 3856 2689 3910; x_wconf 90' lang='lat' dir='ltr'><strong>dicit</strong></span> <span class='ocrx_word' id='word_1_543' title='bbox 2720 3848 3161 3919; x_wconf 53' lang='lat' dir='ltr'><strong>{Testimonium</strong></span> <span class='ocrx_word' id='word_1_544' title='bbox 3186 3858 3294 3915; x_wconf 85' lang='lat' dir='ltr'><strong>illis</strong></span> <span class='ocrx_word' id='word_1_545' title='bbox 3326 3863 3513 3927; x_wconf 83' lang='lat' dir='ltr'><strong>reddo,</strong></span> 
     </span>
    </p>
   </div>
   <div class='ocr_carea' id='block_1_83' title="bbox 1943 3949 3512 4020">
    <p class='ocr_par' dir='ltr' id='par_1_83' title="bbox 1943 3949 3512 4020">
     <span class='ocr_line' id='line_1_83' title="bbox 1943 3949 3512 4020; baseline 0.006 -21"><span class='ocrx_word' id='word_1_546' title='bbox 1943 3950 2085 4019; x_wconf 85' lang='lat' dir='ltr'><strong>qund</strong></span> <span class='ocrx_word' id='word_1_547' title='bbox 2115 3949 2411 4003; x_wconf 88' lang='lat' dir='ltr'><strong>secundum</strong></span> <span class='ocrx_word' id='word_1_548' title='bbox 2444 3950 2590 4003; x_wconf 85' lang='lat' dir='ltr'><strong>vires</strong></span> <span class='ocrx_word' id='word_1_549' title='bbox 2623 3949 2907 4013; x_wconf 81' lang='lat' dir='ltr'><strong>facientes,</strong></span> <span class='ocrx_word' id='word_1_550' title='bbox 2927 3966 3090 4020; x_wconf 85' lang='lat' dir='ltr'><strong>supra</strong></span> <span class='ocrx_word' id='word_1_551' title='bbox 3124 3952 3381 4006; x_wconf 88' lang='lat' dir='ltr'><strong>virtutem</strong></span> <span class='ocrx_word' id='word_1_552' title='bbox 3415 3968 3512 4008; x_wconf 87' lang='lat' dir='ltr'><strong>vo-</strong></span> 
     </span>
    </p>
   </div>
   <div class='ocr_carea' id='block_1_84' title="bbox 1941 4040 2439 4099">
    <p class='ocr_par' dir='ltr' id='par_1_84' title="bbox 1941 4040 2439 4099">
     <span class='ocr_line' id='line_1_84' title="bbox 1941 4040 2439 4099; baseline 0 -6"><span class='ocrx_word' id='word_1_553' title='bbox 1941 4040 2166 4094; x_wconf 88' lang='lat' dir='ltr'><strong>luntarii</strong></span> <span class='ocrx_word' id='word_1_554' title='bbox 2197 4040 2439 4099; x_wconf 74' lang='lat' dir='ltr'><strong>fuerunt.</strong></span> 
     </span>
    </p>
   </div>
   <div class='ocr_carea' id='block_1_85' title="bbox 1924 4128 3512 4206">
    <p class='ocr_par' dir='ltr' id='par_1_85' title="bbox 1924 4128 3512 4206">
     <span class='ocr_line' id='line_1_85' title="bbox 1924 4128 3512 4206; baseline 0.005 -25"><span class='ocrx_word' id='word_1_555' title='bbox 1924 4128 1933 4137; x_wconf 85' lang='lat'>&#39;</span> <span class='ocrx_word' id='word_1_556' title='bbox 2014 4153 2031 4182; x_wconf 84' lang='grc'><strong>‹</strong></span> <span class='ocrx_word' id='word_1_557' title='bbox 2061 4132 2195 4195; x_wconf 80' lang='lat' dir='ltr'><strong>Cum</strong></span> <span class='ocrx_word' id='word_1_558' title='bbox 2217 4132 2380 4187; x_wconf 90' lang='lat' dir='ltr'><strong>multa</strong></span> <span class='ocrx_word' id='word_1_559' title='bbox 2408 4133 2784 4186; x_wconf 75' lang='lat' dir='ltr'><strong>exhortatione</strong></span> <span class='ocrx_word' id='word_1_560' title='bbox 2803 4132 3154 4190; x_wconf 76' lang='lat' dir='ltr'><strong>obsecrantes</strong></span> <span class='ocrx_word' id='word_1_561' title='bbox 3176 4149 3272 4189; x_wconf 89' lang='lat' dir='ltr'><strong>nos</strong></span> <span class='ocrx_word' id='word_1_562' title='bbox 3284 4134 3512 4206; x_wconf 89' lang='lat' dir='ltr'><strong>gratiam</strong></span> 
     </span>
    </p>
   </div>
   <div class='ocr_carea' id='block_1_86' title="bbox 1939 4223 3505 4293">
    <p class='ocr_par' dir='ltr' id='par_1_86' title="bbox 1939 4223 3505 4293">
     <span class='ocr_line' id='line_1_86' title="bbox 1939 4223 3505 4293; baseline -0.001 -14"><span class='ocrx_word' id='word_1_563' title='bbox 1939 4234 1992 4279; x_wconf 92' lang='lat' dir='ltr'><strong>et</strong></span> <span class='ocrx_word' id='word_1_564' title='bbox 2014 4223 2565 4279; x_wconf 88' lang='lat' dir='ltr'><strong>communicationem</strong></span> <span class='ocrx_word' id='word_1_565' title='bbox 2585 4224 2892 4287; x_wconf 79' lang='lat' dir='ltr'><strong>ministerii,</strong></span> <span class='ocrx_word' id='word_1_566' title='bbox 2917 4226 3058 4293; x_wconf 88' lang='lat' dir='ltr'><strong>quod</strong></span> <span class='ocrx_word' id='word_1_567' title='bbox 3086 4225 3144 4279; x_wconf 84' lang='lat' dir='ltr'><strong>lit</strong></span> <span class='ocrx_word' id='word_1_568' title='bbox 3163 4227 3213 4279; x_wconf 90' lang='lat' dir='ltr'><strong>in</strong></span> <span class='ocrx_word' id='word_1_569' title='bbox 3235 4238 3505 4282; x_wconf 61' lang='lat' dir='ltr'><strong>sanctos.»</strong></span> 
     </span>
    </p>
   </div>
   <div class='ocr_carea' id='block_1_87' title="bbox 1941 4313 3510 4387">
    <p class='ocr_par' dir='ltr' id='par_1_87' title="bbox 1941 4313 3510 4387">
     <span class='ocr_line' id='line_1_87' title="bbox 1941 4313 3510 4387; baseline 0.003 -20"><span class='ocrx_word' id='word_1_570' title='bbox 1941 4313 2162 4369; x_wconf 81' lang='lat' dir='ltr'><strong>Multum</strong></span> <span class='ocrx_word' id='word_1_571' title='bbox 2196 4314 2484 4369; x_wconf 85' lang='lat' dir='ltr'><strong>suadentes</strong></span> <span class='ocrx_word' id='word_1_572' title='bbox 2511 4328 2631 4379; x_wconf 90' lang='lat' dir='ltr'><strong>nos,</strong></span> <span class='ocrx_word' id='word_1_573' title='bbox 2701 4326 3051 4385; x_wconf 79' lang='lat' dir='ltr'><strong>rogaverunt,</strong></span> <span class='ocrx_word' id='word_1_574' title='bbox 3101 4326 3159 4370; x_wconf 92' lang='lat' dir='ltr'><strong>ut</strong></span> <span class='ocrx_word' id='word_1_575' title='bbox 3207 4325 3510 4387; x_wconf 86' lang='lat' dir='ltr'><strong>gratanter,</strong></span> 
     </span>
    </p>
   </div>
   <div class='ocr_carea' id='block_1_88' title="bbox 1941 4404 3515 4475">
    <p class='ocr_par' dir='ltr' id='par_1_88' title="bbox 1941 4404 3515 4475">
     <span class='ocr_line' id='line_1_88' title="bbox 1941 4404 3515 4475; baseline 0.004 -19"><span class='ocrx_word' id='word_1_576' title='bbox 1941 4419 2058 4475; x_wconf 78' lang='lat' dir='ltr'><strong>quae</strong></span> <span class='ocrx_word' id='word_1_577' title='bbox 2078 4404 2397 4471; x_wconf 77' lang='lat' dir='ltr'><strong>oﬂ‘erebant,</strong></span> <span class='ocrx_word' id='word_1_578' title='bbox 2435 4405 2839 4475; x_wconf 88' lang='lat' dir='ltr'><strong>susciperemus</strong></span> <span class='ocrx_word' id='word_1_579' title='bbox 2869 4407 2920 4459; x_wconf 92' lang='lat' dir='ltr'><strong>in</strong></span> <span class='ocrx_word' id='word_1_580' title='bbox 2976 4406 3340 4462; x_wconf 84' lang='lat' dir='ltr'><strong>ministerium</strong></span> <span class='ocrx_word' id='word_1_581' title='bbox 3391 4422 3515 4463; x_wconf 83' lang='lat' dir='ltr'><strong>san-</strong></span> 
     </span>
    </p>
   </div>
   <div class='ocr_carea' id='block_1_89' title="bbox 344 4499 2174 4583">
    <p class='ocr_par' dir='ltr' id='par_1_89' title="bbox 344 4499 2174 4583">
     <span class='ocr_line' id='line_1_89' title="bbox 344 4499 2174 4583; baseline -0.002 -28"><span class='ocrx_word' id='word_1_582' title='bbox 344 4521 367 4555; x_wconf 69' lang='grc' dir='ltr'>ς</span> <span class='ocrx_word' id='word_1_583' title='bbox 408 4500 468 4555; x_wconf 85' lang='lat' dir='ltr'><strong>in</strong></span> <span class='ocrx_word' id='word_1_584' title='bbox 492 4500 867 4555; x_wconf 86' lang='lat' dir='ltr'><strong>consolatione</strong></span> <span class='ocrx_word' id='word_1_585' title='bbox 901 4507 1083 4555; x_wconf 90' lang='lat' dir='ltr'><strong>autem</strong></span> <span class='ocrx_word' id='word_1_586' title='bbox 1113 4511 1296 4554; x_wconf 89' lang='lat' dir='ltr'><strong>nostra</strong></span> <span class='ocrx_word' id='word_1_587' title='bbox 1320 4499 1687 4563; x_wconf 82' lang='lat' dir='ltr'><strong>abundantius</strong></span> <span class='ocrx_word' id='word_1_588' title='bbox 1723 4516 1833 4559; x_wconf 84' lang='lat' dir='ltr'><strong>ma-</strong></span> <span class='ocrx_word' id='word_1_589' title='bbox 1868 4518 1913 4583; x_wconf 66' lang='grc' dir='ltr'><strong><em>υ</em></strong></span> <span class='ocrx_word' id='word_1_590' title='bbox 1942 4509 2174 4552; x_wconf 89' lang='lat' dir='ltr'><strong>ctormn.</strong></span> 
     </span>
    </p>
   </div>
   <div class='ocr_carea' id='block_1_90' title="bbox 255 4589 1838 4673">
    <p class='ocr_par' dir='ltr' id='par_1_90' title="bbox 255 4589 1838 4673">
     <span class='ocr_line' id='line_1_90' title="bbox 255 4589 1838 4673; baseline -0.001 -25"><span class='ocrx_word' id='word_1_591' title='bbox 255 4598 354 4673; x_wconf 79' lang='lat' dir='ltr'><strong>gis</strong></span> <span class='ocrx_word' id='word_1_592' title='bbox 372 4593 541 4662; x_wconf 76' lang='lat' dir='ltr'><strong>gavisi</strong></span> <span class='ocrx_word' id='word_1_593' title='bbox 569 4606 760 4647; x_wconf 88' lang='lat' dir='ltr'><strong>sumus</strong></span> <span class='ocrx_word' id='word_1_594' title='bbox 782 4606 946 4657; x_wconf 86' lang='lat' dir='ltr'><strong>super</strong></span> <span class='ocrx_word' id='word_1_595' title='bbox 971 4590 1181 4659; x_wconf 83' lang='lat' dir='ltr'><strong>gaudio</strong></span> <span class='ocrx_word' id='word_1_596' title='bbox 1207 4589 1312 4644; x_wconf 82' lang='lat' dir='ltr'><strong>Titi</strong></span> <span class='ocrx_word' id='word_1_597' title='bbox 1347 4607 1362 4644; x_wconf 91' lang='lat'><strong>:</strong></span> <span class='ocrx_word' id='word_1_598' title='bbox 1422 4593 1546 4659; x_wconf 89' lang='lat' dir='ltr'><strong>quia</strong></span> <span class='ocrx_word' id='word_1_599' title='bbox 1601 4592 1838 4663; x_wconf 77' lang='lat' dir='ltr'><strong>refectus</strong></span> 
     </span>
    </p>
   </div>
   <div class='ocr_carea' id='block_1_91' title="bbox 256 4682 1838 4756">
    <p class='ocr_par' dir='ltr' id='par_1_91' title="bbox 256 4682 1838 4756">
     <span class='ocr_line' id='line_1_91' title="bbox 256 4682 1838 4756; baseline -0.004 -13"><span class='ocrx_word' id='word_1_600' title='bbox 256 4698 359 4743; x_wconf 82' lang='lat' dir='ltr'><strong>est</strong></span> <span class='ocrx_word' id='word_1_601' title='bbox 386 4684 609 4756; x_wconf 85' lang='lat' dir='ltr'><strong>spiritus</strong></span> <span class='ocrx_word' id='word_1_602' title='bbox 630 4684 748 4756; x_wconf 87' lang='lat' dir='ltr'><strong>ejus</strong></span> <span class='ocrx_word' id='word_1_603' title='bbox 769 4683 838 4739; x_wconf 88' lang='lat' dir='ltr'><strong>ab</strong></span> <span class='ocrx_word' id='word_1_604' title='bbox 861 4683 1114 4739; x_wconf 89' lang='lat' dir='ltr'><strong>omnibus</strong></span> <span class='ocrx_word' id='word_1_605' title='bbox 1145 4682 1302 4737; x_wconf 88' lang='lat' dir='ltr'><strong>vobis</strong></span> <span class='ocrx_word' id='word_1_606' title='bbox 1322 4721 1336 4735; x_wconf 96' lang='lat'><strong>.</strong></span> <span class='ocrx_word' id='word_1_607' title='bbox 1376 4701 1413 4734; x_wconf 80' lang='grc' dir='ltr'>ι.</span> <span class='ocrx_word' id='word_1_608' title='bbox 1432 4682 1489 4739; x_wconf 89' lang='lat' dir='ltr'><strong>lu</strong></span> <span class='ocrx_word' id='word_1_609' title='bbox 1530 4684 1629 4736; x_wconf 87' lang='lat' dir='ltr'><strong>hnc</strong></span> <span class='ocrx_word' id='word_1_610' title='bbox 1658 4694 1838 4736; x_wconf 88' lang='lat' dir='ltr'><strong>autem</strong></span> 
     </span>
    </p>
   </div>
   <div class='ocr_carea' id='block_1_92' title="bbox 254 4772 1840 4847">
    <p class='ocr_par' dir='ltr' id='par_1_92' title="bbox 254 4772 1840 4847">
     <span class='ocr_line' id='line_1_92' title="bbox 254 4772 1840 4847; baseline -0.004 -14"><span class='ocrx_word' id='word_1_611' title='bbox 254 4779 504 4847; x_wconf 80' lang='lat' dir='ltr'><strong>amplius</strong></span> <span class='ocrx_word' id='word_1_612' title='bbox 522 4774 776 4846; x_wconf 84' lang='lat' dir='ltr'><strong>gratulati</strong></span> <span class='ocrx_word' id='word_1_613' title='bbox 806 4790 995 4830; x_wconf 89' lang='lat' dir='ltr'><strong>sumus</strong></span> <span class='ocrx_word' id='word_1_614' title='bbox 1024 4790 1042 4827; x_wconf 88' lang='lat'><strong><em>:</em></strong></span> <span class='ocrx_word' id='word_1_615' title='bbox 1071 4776 1216 4844; x_wconf 88' lang='lat' dir='ltr'><strong>quod</strong></span> <span class='ocrx_word' id='word_1_616' title='bbox 1251 4774 1326 4828; x_wconf 89' lang='lat' dir='ltr'><strong>ita</strong></span> <span class='ocrx_word' id='word_1_617' title='bbox 1358 4790 1387 4827; x_wconf 89' lang='lat' dir='ltr'><strong>a</strong></span> <span class='ocrx_word' id='word_1_618' title='bbox 1425 4773 1576 4829; x_wconf 73' lang='lat' dir='ltr'><strong>vobis</strong></span> <span class='ocrx_word' id='word_1_619' title='bbox 1604 4772 1710 4830; x_wconf 85' lang='lat' dir='ltr'><strong>Titi</strong></span> <span class='ocrx_word' id='word_1_620' title='bbox 1731 4772 1840 4842; x_wconf 78' lang='lat' dir='ltr'><strong>spi-</strong></span> 
     </span>
    </p>
   </div>
   <div class='ocr_carea' id='block_1_93' title="bbox 252 4866 1840 4947">
    <p class='ocr_par' dir='ltr' id='par_1_93' title="bbox 252 4866 1840 4947">
     <span class='ocr_line' id='line_1_93' title="bbox 252 4866 1840 4947; baseline -0.004 -21"><span class='ocrx_word' id='word_1_621' title='bbox 252 4874 407 4926; x_wconf 85' lang='lat' dir='ltr'><strong>ritus</strong></span> <span class='ocrx_word' id='word_1_622' title='bbox 440 4879 523 4924; x_wconf 91' lang='lat' dir='ltr'><strong>est</strong></span> <span class='ocrx_word' id='word_1_623' title='bbox 544 4867 802 4932; x_wconf 77' lang='lat' dir='ltr'><strong>refectus,</strong></span> <span class='ocrx_word' id='word_1_624' title='bbox 840 4876 898 4920; x_wconf 92' lang='lat' dir='ltr'><strong>nt</strong></span> <span class='ocrx_word' id='word_1_625' title='bbox 929 4881 1202 4947; x_wconf 76' lang='lat' dir='ltr'><strong>nunquam</strong></span> <span class='ocrx_word' id='word_1_626' title='bbox 1253 4869 1319 4920; x_wconf 87' lang='lat' dir='ltr'><strong>de</strong></span> <span class='ocrx_word' id='word_1_627' title='bbox 1339 4866 1454 4934; x_wconf 89' lang='lat' dir='ltr'><strong>ejus</strong></span> <span class='ocrx_word' id='word_1_628' title='bbox 1478 4873 1656 4919; x_wconf 89' lang='lat' dir='ltr'><strong>mente</strong></span> <span class='ocrx_word' id='word_1_629' title='bbox 1711 4880 1840 4934; x_wconf 88' lang='lat' dir='ltr'><strong>pos-</strong></span> 
     </span>
    </p>
   </div>
   <div class='ocr_carea' id='block_1_94' title="bbox 246 4959 1835 5029">
    <p class='ocr_par' dir='ltr' id='par_1_94' title="bbox 246 4959 1835 5029">
     <span class='ocr_line' id='line_1_94' title="bbox 246 4959 1835 5029; baseline -0.006 -6"><span class='ocrx_word' id='word_1_630' title='bbox 246 4964 391 5023; x_wconf 80' lang='lat' dir='ltr'><strong>sitis</strong></span> <span class='ocrx_word' id='word_1_631' title='bbox 420 4963 694 5017; x_wconf 89' lang='lat' dir='ltr'><strong>rccedere.</strong></span> <span class='ocrx_word' id='word_1_632' title='bbox 732 4959 1017 5016; x_wconf 77' lang='lat' dir='ltr'><strong>Profectus</strong></span> <span class='ocrx_word' id='word_1_633' title='bbox 1043 4961 1244 5029; x_wconf 90' lang='lat' dir='ltr'><strong>quippe</strong></span> <span class='ocrx_word' id='word_1_634' title='bbox 1281 4959 1675 5027; x_wconf 86' lang='lat' dir='ltr'><strong>discipulorum</strong></span> <span class='ocrx_word' id='word_1_635' title='bbox 1728 4960 1835 5028; x_wconf 79' lang='lat' dir='ltr'><strong>spi-</strong></span> 
     </span>
    </p>
   </div>
   <div class='ocr_carea' id='block_1_95' title="bbox 246 5051 1303 5124">
    <p class='ocr_par' dir='ltr' id='par_1_95' title="bbox 246 5051 1303 5124">
     <span class='ocr_line' id='line_1_95' title="bbox 246 5051 1303 5124; baseline -0.009 -13"><span class='ocrx_word' id='word_1_636' title='bbox 246 5053 484 5111; x_wconf 83' lang='lat' dir='ltr'><strong>ritualia</strong></span> <span class='ocrx_word' id='word_1_637' title='bbox 511 5051 703 5124; x_wconf 84' lang='lat' dir='ltr'><strong>gaudia</strong></span> <span class='ocrx_word' id='word_1_638' title='bbox 735 5064 862 5107; x_wconf 87' lang='lat' dir='ltr'><strong>sunt</strong></span> <span class='ocrx_word' id='word_1_639' title='bbox 893 5051 1303 5122; x_wconf 86' lang='lat' dir='ltr'><strong>magistrorum.</strong></span> 
     </span>
    </p>
   </div>
   <div class='ocr_carea' id='block_1_96' title="bbox 338 5142 1829 5215">
    <p class='ocr_par' dir='ltr' id='par_1_96' title="bbox 338 5142 1829 5215">
     <span class='ocr_line' id='line_1_96' title="bbox 338 5142 1829 5215; baseline -0.003 -16"><span class='ocrx_word' id='word_1_640' title='bbox 338 5167 362 5199; x_wconf 72' lang='grc' dir='ltr'><strong>ι</strong></span> <span class='ocrx_word' id='word_1_641' title='bbox 401 5146 468 5199; x_wconf 84' lang='lat' dir='ltr'><strong>Et</strong></span> <span class='ocrx_word' id='word_1_642' title='bbox 491 5146 685 5215; x_wconf 87' lang='lat' dir='ltr'><strong>siquid</strong></span> <span class='ocrx_word' id='word_1_643' title='bbox 710 5144 849 5214; x_wconf 89' lang='lat' dir='ltr'><strong>apud</strong></span> <span class='ocrx_word' id='word_1_644' title='bbox 881 5146 1034 5199; x_wconf 79' lang='lat' dir='ltr'><strong>illum</strong></span> <span class='ocrx_word' id='word_1_645' title='bbox 1064 5144 1130 5199; x_wconf 88' lang='lat' dir='ltr'><strong>de</strong></span> <span class='ocrx_word' id='word_1_646' title='bbox 1168 5144 1323 5199; x_wconf 85' lang='lat' dir='ltr'><strong>vobis</strong></span> <span class='ocrx_word' id='word_1_647' title='bbox 1358 5142 1623 5213; x_wconf 85' lang='lat' dir='ltr'><strong>gloriatus</strong></span> <span class='ocrx_word' id='word_1_648' title='bbox 1654 5156 1829 5196; x_wconf 64' lang='lat' dir='ltr'><strong>sum.»</strong></span> 
     </span>
    </p>
   </div>
   <div class='ocr_carea' id='block_1_97' title="bbox 250 5232 1836 5311">
    <p class='ocr_par' dir='ltr' id='par_1_97' title="bbox 250 5232 1836 5311">
     <span class='ocr_line' id='line_1_97' title="bbox 250 5232 1836 5311; baseline -0.005 -16"><span class='ocrx_word' id='word_1_649' title='bbox 250 5237 441 5309; x_wconf 80' lang='lat' dir='ltr'><strong>Quasi</strong></span> <span class='ocrx_word' id='word_1_650' title='bbox 470 5240 678 5308; x_wconf 89' lang='lat' dir='ltr'><strong>peritus</strong></span> <span class='ocrx_word' id='word_1_651' title='bbox 713 5237 958 5292; x_wconf 88' lang='lat' dir='ltr'><strong>medicus</strong></span> <span class='ocrx_word' id='word_1_652' title='bbox 1000 5237 1109 5305; x_wconf 74' lang='lat' dir='ltr'><strong>agit</strong></span> <span class='ocrx_word' id='word_1_653' title='bbox 1146 5235 1234 5305; x_wconf 93' lang='lat' dir='ltr'><strong>qui</strong></span> <span class='ocrx_word' id='word_1_654' title='bbox 1275 5236 1465 5288; x_wconf 87' lang='lat' dir='ltr'><strong>vulnus</strong></span> <span class='ocrx_word' id='word_1_655' title='bbox 1511 5232 1622 5301; x_wconf 85' lang='lat' dir='ltr'><strong>jam</strong></span> <span class='ocrx_word' id='word_1_656' title='bbox 1669 5247 1836 5311; x_wconf 84' lang='lat' dir='ltr'><strong>prope</strong></span> 
     </span>
    </p>
   </div>
   <div class='ocr_carea' id='block_1_98' title="bbox 232 5326 1832 5395">
    <p class='ocr_par' dir='ltr' id='par_1_98' title="bbox 232 5326 1832 5395">
     <span class='ocr_line' id='line_1_98' title="bbox 232 5326 1832 5395; baseline -0.007 -5"><span class='ocrx_word' id='word_1_657' title='bbox 232 5344 516 5393; x_wconf 71' lang='lat' dir='ltr'><strong>sanatum</strong></span> <span class='ocrx_word' id='word_1_658' title='bbox 542 5330 758 5386; x_wconf 87' lang='lat' dir='ltr'><strong>blandis</strong></span> <span class='ocrx_word' id='word_1_659' title='bbox 804 5330 1150 5384; x_wconf 88' lang='lat' dir='ltr'><strong>unctionibus</strong></span> <span class='ocrx_word' id='word_1_660' title='bbox 1182 5329 1348 5395; x_wconf 80' lang='lat' dir='ltr'><strong>fovet,</strong></span> <span class='ocrx_word' id='word_1_661' title='bbox 1373 5337 1431 5381; x_wconf 84' lang='lat' dir='ltr'><strong>ut</strong></span> <span class='ocrx_word' id='word_1_662' title='bbox 1465 5326 1678 5380; x_wconf 78' lang='lat' dir='ltr'><strong>facilius</strong></span> <span class='ocrx_word' id='word_1_663' title='bbox 1699 5340 1832 5379; x_wconf 79' lang='lat' dir='ltr'><strong>cau-</strong></span> 
     </span>
    </p>
   </div>
   <div class='ocr_carea' id='block_1_99' title="bbox 234 5425 881 5487">
    <p class='ocr_par' dir='ltr' id='par_1_99' title="bbox 234 5425 881 5487">
     <span class='ocr_line' id='line_1_99' title="bbox 234 5425 881 5487; baseline -0.012 -3"><span class='ocrx_word' id='word_1_664' title='bbox 234 5425 388 5487; x_wconf 72' lang='lat' dir='ltr'><strong>scrii</strong></span> <span class='ocrx_word' id='word_1_665' title='bbox 415 5433 600 5479; x_wconf 86' lang='lat' dir='ltr'><strong>ustura</strong></span> <span class='ocrx_word' id='word_1_666' title='bbox 634 5430 881 5478; x_wconf 86' lang='lat' dir='ltr'><strong>sanetur.</strong></span> 
     </span>
    </p>
   </div>
   <div class='ocr_carea' id='block_1_100' title="bbox 332 5511 1830 5579">
    <p class='ocr_par' dir='ltr' id='par_1_100' title="bbox 332 5511 1830 5579">
     <span class='ocr_line' id='line_1_100' title="bbox 332 5511 1830 5579; baseline -0.005 -8"><span class='ocrx_word' id='word_1_667' title='bbox 332 5539 354 5571; x_wconf 72' lang='grc' dir='ltr'>α</span> <span class='ocrx_word' id='word_1_668' title='bbox 395 5514 513 5575; x_wconf 78' lang='lat' dir='ltr'><strong>Non</strong></span> <span class='ocrx_word' id='word_1_669' title='bbox 578 5514 842 5571; x_wconf 73' lang='lat' dir='ltr'><strong>confusus</strong></span> <span class='ocrx_word' id='word_1_670' title='bbox 882 5530 1023 5579; x_wconf 81' lang='lat' dir='ltr'><strong>sum,</strong></span> <span class='ocrx_word' id='word_1_671' title='bbox 1090 5513 1183 5568; x_wconf 88' lang='lat' dir='ltr'><strong>sed</strong></span> <span class='ocrx_word' id='word_1_672' title='bbox 1238 5513 1379 5566; x_wconf 87' lang='lat' dir='ltr'><strong>sicut</strong></span> <span class='ocrx_word' id='word_1_673' title='bbox 1424 5511 1609 5567; x_wconf 88' lang='lat' dir='ltr'><strong>omnia</strong></span> <span class='ocrx_word' id='word_1_674' title='bbox 1680 5512 1830 5564; x_wconf 83' lang='lat' dir='ltr'><strong>vobis</strong></span> 
     </span>
    </p>
   </div>
   <div class='ocr_carea' id='block_1_101' title="bbox 226 5604 1829 5675">
    <p class='ocr_par' dir='ltr' id='par_1_101' title="bbox 226 5604 1829 5675">
     <span class='ocr_line' id='line_1_101' title="bbox 226 5604 1829 5675; baseline -0.004 -11"><span class='ocrx_word' id='word_1_675' title='bbox 226 5620 249 5675; x_wconf 75' lang='grc' dir='ltr'><strong>ί</strong></span> <span class='ocrx_word' id='word_1_676' title='bbox 260 5634 304 5671; x_wconf 81' lang='grc' dir='ltr'><strong>η</strong></span> <span class='ocrx_word' id='word_1_677' title='bbox 336 5614 567 5666; x_wconf 72' lang='lat' dir='ltr'><strong>veritate</strong></span> <span class='ocrx_word' id='word_1_678' title='bbox 588 5613 750 5666; x_wconf 84' lang='lat' dir='ltr'><strong>locuti</strong></span> <span class='ocrx_word' id='word_1_679' title='bbox 781 5625 961 5665; x_wconf 66' lang='lat' dir='ltr'><strong>sumus</strong></span> <span class='ocrx_word' id='word_1_680' title='bbox 976 5605 1381 5663; x_wconf 78' lang='lat' dir='ltr'><strong>.Confusiouem</strong></span> <span class='ocrx_word' id='word_1_681' title='bbox 1406 5621 1511 5670; x_wconf 86' lang='lat' dir='ltr'><strong>non</strong></span> <span class='ocrx_word' id='word_1_682' title='bbox 1538 5604 1697 5658; x_wconf 86' lang='lat' dir='ltr'><strong>habet</strong></span> <span class='ocrx_word' id='word_1_683' title='bbox 1712 5604 1829 5673; x_wconf 79' lang='lat' dir='ltr'><strong>glo-</strong></span> 
     </span>
    </p>
   </div>
   <div class='ocr_carea' id='block_1_102' title="bbox 236 5700 737 5772">
    <p class='ocr_par' dir='ltr' id='par_1_102' title="bbox 236 5700 737 5772">
     <span class='ocr_line' id='line_1_102' title="bbox 236 5700 737 5772; baseline -0.002 -14"><span class='ocrx_word' id='word_1_684' title='bbox 236 5712 337 5767; x_wconf 80' lang='lat' dir='ltr'><strong>ria</strong></span> <span class='ocrx_word' id='word_1_685' title='bbox 374 5705 442 5757; x_wconf 82' lang='lat' dir='ltr'><strong>tle</strong></span> <span class='ocrx_word' id='word_1_686' title='bbox 474 5700 737 5772; x_wconf 73' lang='lat' dir='ltr'><strong>profccut.</strong></span> 
     </span>
    </p>
   </div>
   <div class='ocr_carea' id='block_1_103' title="bbox 336 5786 1829 5862">
    <p class='ocr_par' dir='ltr' id='par_1_103' title="bbox 336 5786 1829 5862">
     <span class='ocr_line' id='line_1_103' title="bbox 336 5786 1829 5862; baseline -0.002 -17"><span class='ocrx_word' id='word_1_687' title='bbox 336 5813 359 5845; x_wconf 82' lang='lat' dir='ltr'><strong>s</strong></span> <span class='ocrx_word' id='word_1_688' title='bbox 399 5790 475 5845; x_wconf 85' lang='lat' dir='ltr'><strong>ita</strong></span> <span class='ocrx_word' id='word_1_689' title='bbox 509 5802 562 5847; x_wconf 88' lang='lat' dir='ltr'><strong>et</strong></span> <span class='ocrx_word' id='word_1_690' title='bbox 588 5792 837 5859; x_wconf 75' lang='lat' dir='ltr'><strong>gloriatio</strong></span> <span class='ocrx_word' id='word_1_691' title='bbox 864 5803 1068 5858; x_wconf 87' lang='lat' dir='ltr'><strong>nostra,</strong></span> <span class='ocrx_word' id='word_1_692' title='bbox 1092 5807 1211 5862; x_wconf 76' lang='lat' dir='ltr'><strong>qua:</strong></span> <span class='ocrx_word' id='word_1_693' title='bbox 1241 5789 1342 5845; x_wconf 79' lang='lat' dir='ltr'><strong>fuit</strong></span> <span class='ocrx_word' id='word_1_694' title='bbox 1378 5789 1442 5844; x_wconf 85' lang='lat' dir='ltr'><strong>ad</strong></span> <span class='ocrx_word' id='word_1_695' title='bbox 1474 5786 1682 5855; x_wconf 81' lang='lat' dir='ltr'><strong>Titmn,</strong></span> <span class='ocrx_word' id='word_1_696' title='bbox 1738 5800 1829 5842; x_wconf 83' lang='lat' dir='ltr'><strong>vc-</strong></span> 
     </span>
    </p>
   </div>
   <div class='ocr_carea' id='block_1_104' title="bbox 2016 4572 3510 4663">
    <p class='ocr_par' dir='ltr' id='par_1_104' title="bbox 2016 4572 3510 4663">
     <span class='ocr_line' id='line_1_104' title="bbox 2016 4572 3510 4663; baseline 0.006 -24"><span class='ocrx_word' id='word_1_697' title='bbox 2016 4607 2035 4639; x_wconf 76' lang='grc' dir='ltr'><strong>ι</strong></span> <span class='ocrx_word' id='word_1_698' title='bbox 2061 4587 2128 4643; x_wconf 84' lang='grc' dir='ltr'>Ει</span> <span class='ocrx_word' id='word_1_699' title='bbox 2164 4603 2267 4642; x_wconf 91' lang='lat' dir='ltr'><strong>non</strong></span> <span class='ocrx_word' id='word_1_700' title='bbox 2296 4588 2435 4644; x_wconf 88' lang='lat' dir='ltr'><strong>sicut</strong></span> <span class='ocrx_word' id='word_1_701' title='bbox 2466 4590 2837 4659; x_wconf 79' lang='lat' dir='ltr'><strong>speravimus:</strong></span> <span class='ocrx_word' id='word_1_702' title='bbox 2863 4590 2958 4647; x_wconf 89' lang='lat' dir='ltr'><strong>sed</strong></span> <span class='ocrx_word' id='word_1_703' title='bbox 2992 4590 3319 4663; x_wconf 82' lang='lat' dir='ltr'><strong>semetipsos</strong></span> <span class='ocrx_word' id='word_1_704' title='bbox 3342 4572 3510 4647; x_wconf 64' lang='lat' dir='ltr'><strong>ilede—</strong></span> 
     </span>
    </p>
   </div>
   <div class='ocr_carea' id='block_1_105' title="bbox 1943 4679 3511 4753">
    <p class='ocr_par' dir='ltr' id='par_1_105' title="bbox 1943 4679 3511 4753">
     <span class='ocr_line' id='line_1_105' title="bbox 1943 4679 3511 4753; baseline 0.002 -20"><span class='ocrx_word' id='word_1_705' title='bbox 1943 4691 2068 4733; x_wconf 91' lang='lat' dir='ltr'><strong>runt</strong></span> <span class='ocrx_word' id='word_1_706' title='bbox 2094 4682 2328 4751; x_wconf 90' lang='lat' dir='ltr'><strong>primum</strong></span> <span class='ocrx_word' id='word_1_707' title='bbox 2388 4679 2635 4745; x_wconf 89' lang='lat' dir='ltr'><strong>Domino,</strong></span> <span class='ocrx_word' id='word_1_708' title='bbox 2695 4681 2893 4735; x_wconf 89' lang='lat' dir='ltr'><strong>deinde</strong></span> <span class='ocrx_word' id='word_1_709' title='bbox 2938 4682 3115 4741; x_wconf 79' lang='lat' dir='ltr'><strong>nobis.</strong></span> <span class='ocrx_word' id='word_1_710' title='bbox 3175 4699 3196 4734; x_wconf 75' lang='grc' dir='ltr'><strong>ι</strong></span> <span class='ocrx_word' id='word_1_711' title='bbox 3263 4685 3511 4753; x_wconf 81' lang='lat' dir='ltr'><strong>Amplius</strong></span> 
     </span>
    </p>
   </div>
   <div class='ocr_carea' id='block_1_106' title="bbox 1941 4772 3505 4844">
    <p class='ocr_par' dir='ltr' id='par_1_106' title="bbox 1941 4772 3505 4844">
     <span class='ocr_line' id='line_1_106' title="bbox 1941 4772 3505 4844; baseline 0.001 -17"><span class='ocrx_word' id='word_1_712' title='bbox 1941 4791 2105 4844; x_wconf 80' lang='lat' dir='ltr'><strong>quam</strong></span> <span class='ocrx_word' id='word_1_713' title='bbox 2136 4774 2493 4842; x_wconf 88' lang='lat' dir='ltr'><strong>sperabamus</strong></span> <span class='ocrx_word' id='word_1_714' title='bbox 2515 4772 2781 4839; x_wconf 77' lang='lat' dir='ltr'><strong>fecerunt,</strong></span> <span class='ocrx_word' id='word_1_715' title='bbox 2813 4790 2920 4829; x_wconf 91' lang='lat' dir='ltr'><strong>non</strong></span> <span class='ocrx_word' id='word_1_716' title='bbox 2956 4776 3198 4830; x_wconf 89' lang='lat' dir='ltr'><strong>contenti</strong></span> <span class='ocrx_word' id='word_1_717' title='bbox 3230 4791 3327 4830; x_wconf 88' lang='lat' dir='ltr'><strong>sua</strong></span> <span class='ocrx_word' id='word_1_718' title='bbox 3355 4777 3505 4841; x_wconf 86' lang='lat' dir='ltr'><strong>dare,</strong></span> 
     </span>
    </p>
   </div>
   <div class='ocr_carea' id='block_1_107' title="bbox 1940 4864 3508 4938">
    <p class='ocr_par' dir='ltr' id='par_1_107' title="bbox 1940 4864 3508 4938">
     <span class='ocr_line' id='line_1_107' title="bbox 1940 4864 3508 4938; baseline -0.001 -17"><span class='ocrx_word' id='word_1_719' title='bbox 1940 4867 2033 4921; x_wconf 86' lang='lat' dir='ltr'><strong>sed</strong></span> <span class='ocrx_word' id='word_1_720' title='bbox 2058 4867 2265 4937; x_wconf 88' lang='lat' dir='ltr'><strong>seipsos</strong></span> <span class='ocrx_word' id='word_1_721' title='bbox 2314 4866 2492 4938; x_wconf 88' lang='lat' dir='ltr'><strong>primo</strong></span> <span class='ocrx_word' id='word_1_722' title='bbox 2518 4867 2748 4923; x_wconf 85' lang='lat' dir='ltr'><strong>Domino</strong></span> <span class='ocrx_word' id='word_1_723' title='bbox 2782 4864 3151 4933; x_wconf 85' lang='lat' dir='ltr'><strong>tradiderunt,</strong></span> <span class='ocrx_word' id='word_1_724' title='bbox 3188 4870 3383 4925; x_wconf 89' lang='lat' dir='ltr'><strong>deinde</strong></span> <span class='ocrx_word' id='word_1_725' title='bbox 3413 4886 3508 4922; x_wconf 79' lang='lat' dir='ltr'><strong>no-</strong></span> 
     </span>
    </p>
   </div>
   <div class='ocr_carea' id='block_1_108' title="bbox 1942 4958 3510 5029">
    <p class='ocr_par' dir='ltr' id='par_1_108' title="bbox 1942 4958 3510 5029">
     <span class='ocr_line' id='line_1_108' title="bbox 1942 4958 3510 5029; baseline 0.003 -17"><span class='ocrx_word' id='word_1_726' title='bbox 1942 4959 2182 5016; x_wconf 75' lang='lat' dir='ltr'><strong>biszhoc</strong></span> <span class='ocrx_word' id='word_1_727' title='bbox 2216 4970 2321 5026; x_wconf 89' lang='lat' dir='ltr'><strong>est,</strong></span> <span class='ocrx_word' id='word_1_728' title='bbox 2359 4958 2499 5015; x_wconf 87' lang='lat' dir='ltr'><strong>Deus</strong></span> <span class='ocrx_word' id='word_1_729' title='bbox 2546 4959 2695 5017; x_wconf 88' lang='lat' dir='ltr'><strong>videt</strong></span> <span class='ocrx_word' id='word_1_730' title='bbox 2757 4962 3095 5018; x_wconf 77' lang='lat' dir='ltr'><strong>voluntatem</strong></span> <span class='ocrx_word' id='word_1_731' title='bbox 3146 4978 3356 5029; x_wconf 90' lang='lat' dir='ltr'><strong>eorum,</strong></span> <span class='ocrx_word' id='word_1_732' title='bbox 3411 4977 3510 5017; x_wconf 79' lang='lat' dir='ltr'><strong>nos</strong></span> 
     </span>
    </p>
   </div>
   <div class='ocr_carea' id='block_1_109' title="bbox 1938 5038 2218 5106">
    <p class='ocr_par' dir='ltr' id='par_1_109' title="bbox 1938 5038 2218 5106">
     <span class='ocr_line' id='line_1_109' title="bbox 1938 5038 2218 5106; baseline 0 -2"><span class='ocrx_word' id='word_1_733' title='bbox 1938 5038 2218 5106; x_wconf 65' lang='lat' dir='ltr'><strong>effectum.</strong></span> 
     </span>
    </p>
   </div>
   <div class='ocr_carea' id='block_1_110' title="bbox 2018 5140 3504 5213">
    <p class='ocr_par' dir='ltr' id='par_1_110' title="bbox 2018 5140 3504 5213">
     <span class='ocr_line' id='line_1_110' title="bbox 2018 5140 3504 5213; baseline 0.003 -19"><span class='ocrx_word' id='word_1_734' title='bbox 2018 5162 2036 5194; x_wconf 76' lang='grc' dir='ltr'><strong>ι</strong></span> <span class='ocrx_word' id='word_1_735' title='bbox 2076 5140 2181 5195; x_wconf 84' lang='lat' dir='ltr'><strong>Per</strong></span> <span class='ocrx_word' id='word_1_736' title='bbox 2209 5141 2543 5197; x_wconf 82' lang='lat' dir='ltr'><strong>voluntatem</strong></span> <span class='ocrx_word' id='word_1_737' title='bbox 2579 5144 2690 5198; x_wconf 89' lang='lat' dir='ltr'><strong>Dei.</strong></span> <span class='ocrx_word' id='word_1_738' title='bbox 2730 5164 2749 5197; x_wconf 73' lang='grc' dir='ltr'><strong>ι</strong></span> <span class='ocrx_word' id='word_1_739' title='bbox 2779 5143 2896 5200; x_wconf 84' lang='grc' dir='ltr'>Νοιι</span> <span class='ocrx_word' id='word_1_740' title='bbox 2927 5157 2984 5200; x_wconf 84' lang='grc' dir='ltr'><strong>ιιι</strong></span> <span class='ocrx_word' id='word_1_741' title='bbox 3018 5145 3173 5200; x_wconf 90' lang='lat' dir='ltr'><strong>nobis</strong></span> <span class='ocrx_word' id='word_1_742' title='bbox 3228 5146 3504 5213; x_wconf 77' lang='lat' dir='ltr'><strong>placerent</strong></span> 
     </span>
    </p>
   </div>
   <div class='ocr_carea' id='block_1_111' title="bbox 1938 5232 2975 5295">
    <p class='ocr_par' dir='ltr' id='par_1_111' title="bbox 1938 5232 2975 5295">
     <span class='ocr_line' id='line_1_111' title="bbox 1938 5232 2975 5295; baseline -0.001 -5"><span class='ocrx_word' id='word_1_743' title='bbox 1938 5235 2058 5290; x_wconf 89' lang='lat' dir='ltr'><strong>sine</strong></span> <span class='ocrx_word' id='word_1_744' title='bbox 2090 5232 2305 5288; x_wconf 91' lang='lat' dir='ltr'><strong>Domini</strong></span> <span class='ocrx_word' id='word_1_745' title='bbox 2332 5236 2627 5295; x_wconf 86' lang='lat' dir='ltr'><strong>voluntate.</strong></span> <span class='ocrx_word' id='word_1_746' title='bbox 2968 5234 2975 5241; x_wconf 87' lang='grc'><strong>’</strong></span> 
     </span>
    </p>
   </div>
   <div class='ocr_carea' id='block_1_112' title="bbox 2014 5324 3503 5396">
    <p class='ocr_par' dir='ltr' id='par_1_112' title="bbox 2014 5324 3503 5396">
     <span class='ocr_line' id='line_1_112' title="bbox 2014 5324 3503 5396; baseline 0.001 -18"><span class='ocrx_word' id='word_1_747' title='bbox 2014 5346 2033 5378; x_wconf 77' lang='grc' dir='ltr'>σ</span> <span class='ocrx_word' id='word_1_748' title='bbox 2068 5327 2147 5380; x_wconf 83' lang='lat' dir='ltr'><strong>Ita</strong></span> <span class='ocrx_word' id='word_1_749' title='bbox 2180 5337 2238 5382; x_wconf 90' lang='lat' dir='ltr'><strong>ut</strong></span> <span class='ocrx_word' id='word_1_750' title='bbox 2291 5342 2608 5396; x_wconf 80' lang='lat' dir='ltr'><strong>rogaremus</strong></span> <span class='ocrx_word' id='word_1_751' title='bbox 2654 5324 2837 5381; x_wconf 86' lang='lat' dir='ltr'><strong>Titum</strong></span> <span class='ocrx_word' id='word_1_752' title='bbox 2878 5345 2891 5381; x_wconf 90' lang='lat'><strong>:</strong></span> <span class='ocrx_word' id='word_1_753' title='bbox 2939 5337 2993 5380; x_wconf 87' lang='grc' dir='ltr'><strong>ιιι</strong></span> <span class='ocrx_word' id='word_1_754' title='bbox 3048 5328 3503 5396; x_wconf 84' lang='lat' dir='ltr'><strong>quemadmodum</strong></span> 
     </span>
    </p>
   </div>
   <div class='ocr_carea' id='block_1_113' title="bbox 1935 5419 3499 5491">
    <p class='ocr_par' dir='ltr' id='par_1_113' title="bbox 1935 5419 3499 5491">
     <span class='ocr_line' id='line_1_113' title="bbox 1935 5419 3499 5491; baseline -0.001 -17"><span class='ocrx_word' id='word_1_755' title='bbox 1935 5420 2122 5491; x_wconf 70' lang='grc' dir='ltr'><strong>ςωρίι,</strong></span> <span class='ocrx_word' id='word_1_756' title='bbox 2149 5429 2201 5472; x_wconf 83' lang='lat' dir='ltr'><strong>et</strong></span> <span class='ocrx_word' id='word_1_757' title='bbox 2229 5419 2476 5489; x_wconf 82' lang='lat' dir='ltr'><strong>perﬁciat</strong></span> <span class='ocrx_word' id='word_1_758' title='bbox 2508 5421 2559 5473; x_wconf 92' lang='lat' dir='ltr'><strong>in</strong></span> <span class='ocrx_word' id='word_1_759' title='bbox 2594 5419 2751 5473; x_wconf 76' lang='lat' dir='ltr'><strong>vobis</strong></span> <span class='ocrx_word' id='word_1_760' title='bbox 2774 5421 2936 5473; x_wconf 87' lang='lat' dir='ltr'><strong>etiam</strong></span> <span class='ocrx_word' id='word_1_761' title='bbox 2993 5420 3221 5486; x_wconf 82' lang='lat' dir='ltr'><strong>gratiam</strong></span> <span class='ocrx_word' id='word_1_762' title='bbox 3262 5420 3443 5473; x_wconf 79' lang='lat' dir='ltr'><strong>istam.</strong></span> <span class='ocrx_word' id='word_1_763' title='bbox 3481 5440 3499 5472; x_wconf 74' lang='grc' dir='ltr'><strong>ι</strong></span> 
     </span>
    </p>
   </div>
   <div class='ocr_carea' id='block_1_114' title="bbox 1932 5511 3503 5568">
    <p class='ocr_par' dir='ltr' id='par_1_114' title="bbox 1932 5511 3503 5568">
     <span class='ocr_line' id='line_1_114' title="bbox 1932 5511 3503 5568; baseline -0.001 -1"><span class='ocrx_word' id='word_1_764' title='bbox 1932 5513 2157 5568; x_wconf 82' lang='lat' dir='ltr'><strong>Illorum</strong></span> <span class='ocrx_word' id='word_1_765' title='bbox 2203 5512 2490 5566; x_wconf 81' lang='lat' dir='ltr'><strong>devotioite</strong></span> <span class='ocrx_word' id='word_1_766' title='bbox 2527 5511 2743 5565; x_wconf 82' lang='lat' dir='ltr'><strong>accensi</strong></span> <span class='ocrx_word' id='word_1_767' title='bbox 2776 5526 2964 5564; x_wconf 89' lang='lat' dir='ltr'><strong>sumus</strong></span> <span class='ocrx_word' id='word_1_768' title='bbox 3008 5513 3225 5566; x_wconf 88' lang='lat' dir='ltr'><strong>mittere</strong></span> <span class='ocrx_word' id='word_1_769' title='bbox 3275 5526 3397 5564; x_wconf 88' lang='lat' dir='ltr'><strong>eum</strong></span> <span class='ocrx_word' id='word_1_770' title='bbox 3438 5516 3503 5565; x_wconf 86' lang='lat' dir='ltr'><strong>ad</strong></span> 
     </span>
    </p>
   </div>
   <div class='ocr_carea' id='block_1_115' title="bbox 1932 5602 3504 5671">
    <p class='ocr_par' dir='ltr' id='par_1_115' title="bbox 1932 5602 3504 5671">
     <span class='ocr_line' id='line_1_115' title="bbox 1932 5602 3504 5671; baseline 0 -14"><span class='ocrx_word' id='word_1_771' title='bbox 1932 5620 2027 5657; x_wconf 68' lang='lat' dir='ltr'><strong>vos</strong></span> <span class='ocrx_word' id='word_1_772' title='bbox 2050 5620 2064 5653; x_wconf 71' lang='grc' dir='ltr'><strong>τ</strong></span> <span class='ocrx_word' id='word_1_773' title='bbox 2087 5614 2143 5655; x_wconf 83' lang='grc' dir='ltr'><strong>ιιι</strong></span> <span class='ocrx_word' id='word_1_774' title='bbox 2162 5604 2406 5657; x_wconf 87' lang='lat' dir='ltr'><strong>doctrina</strong></span> <span class='ocrx_word' id='word_1_775' title='bbox 2425 5614 2477 5657; x_wconf 91' lang='lat' dir='ltr'><strong>et</strong></span> <span class='ocrx_word' id='word_1_776' title='bbox 2500 5602 2854 5671; x_wconf 88' lang='lat' dir='ltr'><strong>dispositione</strong></span> <span class='ocrx_word' id='word_1_777' title='bbox 2877 5618 2995 5668; x_wconf 90' lang='lat' dir='ltr'><strong>sua,</strong></span> <span class='ocrx_word' id='word_1_778' title='bbox 3022 5606 3184 5656; x_wconf 88' lang='lat' dir='ltr'><strong>etiam</strong></span> <span class='ocrx_word' id='word_1_779' title='bbox 3210 5606 3311 5658; x_wconf 90' lang='lat' dir='ltr'><strong>hoc</strong></span> <span class='ocrx_word' id='word_1_780' title='bbox 3340 5620 3504 5671; x_wconf 65' lang='lat' dir='ltr'><strong>nivo-</strong></span> 
     </span>
    </p>
   </div>
   <div class='ocr_carea' id='block_1_116' title="bbox 1933 5695 3503 5765">
    <p class='ocr_par' dir='ltr' id='par_1_116' title="bbox 1933 5695 3503 5765">
     <span class='ocr_line' id='line_1_116' title="bbox 1933 5695 3503 5765; baseline 0.001 -15"><span class='ocrx_word' id='word_1_781' title='bbox 1933 5698 2013 5750; x_wconf 88' lang='lat' dir='ltr'><strong>his</strong></span> <span class='ocrx_word' id='word_1_782' title='bbox 2032 5698 2294 5765; x_wconf 80' lang='lat' dir='ltr'><strong>perﬁciat,</strong></span> <span class='ocrx_word' id='word_1_783' title='bbox 2319 5712 2385 5750; x_wconf 85' lang='lat' dir='ltr'><strong>ue</strong></span> <span class='ocrx_word' id='word_1_784' title='bbox 2411 5695 2538 5764; x_wconf 87' lang='lat' dir='ltr'><strong>quid</strong></span> <span class='ocrx_word' id='word_1_785' title='bbox 2566 5696 2741 5748; x_wconf 89' lang='lat' dir='ltr'><strong>minus</strong></span> <span class='ocrx_word' id='word_1_786' title='bbox 2770 5698 2984 5750; x_wconf 67' lang='lat' dir='ltr'><strong>caeteris</strong></span> <span class='ocrx_word' id='word_1_787' title='bbox 3014 5697 3277 5750; x_wconf 83' lang='lat' dir='ltr'><strong>habeatis.</strong></span> <span class='ocrx_word' id='word_1_788' title='bbox 3300 5696 3373 5750; x_wconf 85' lang='lat' dir='ltr'><strong>De</strong></span> <span class='ocrx_word' id='word_1_789' title='bbox 3395 5698 3503 5751; x_wconf 82' lang='lat' dir='ltr'><strong>cnl-</strong></span> 
     </span>
    </p>
   </div>
   <div class='ocr_carea' id='block_1_117' title="bbox 1933 5786 3494 5859">
    <p class='ocr_par' dir='ltr' id='par_1_117' title="bbox 1933 5786 3494 5859">
     <span class='ocr_line' id='line_1_117' title="bbox 1933 5786 3494 5859; baseline 0.001 -18"><span class='ocrx_word' id='word_1_790' title='bbox 1933 5788 2240 5842; x_wconf 80' lang='lat' dir='ltr'><strong>laudatione</strong></span> <span class='ocrx_word' id='word_1_791' title='bbox 2269 5787 2656 5859; x_wconf 76' lang='lat' dir='ltr'><strong>Corinthorum</strong></span> <span class='ocrx_word' id='word_1_792' title='bbox 2684 5796 2739 5841; x_wconf 90' lang='lat' dir='ltr'><strong>ct</strong></span> <span class='ocrx_word' id='word_1_793' title='bbox 2790 5786 3118 5859; x_wconf 69' lang='lat' dir='ltr'><strong>mqualitate,</strong></span> <span class='ocrx_word' id='word_1_794' title='bbox 3145 5795 3309 5857; x_wconf 85' lang='lat' dir='ltr'><strong>prout</strong></span> <span class='ocrx_word' id='word_1_795' title='bbox 3339 5788 3494 5858; x_wconf 75' lang='lat' dir='ltr'><strong>quis-</strong></span> 
     </span>
    </p>
   </div>
  </div>
