3956 6196
571 360 605 421 8
616 355 679 421 ΞἸ

1532 353 1597 413 S.
1639 352 2082 413 HIERONYMI
2118 351 2442 413 OPEBUM
2485 349 2887 414 MANTISSA.

3622 356 3704 418 828

561 485 665 538 que
703 468 913 535 habuit,
943 478 998 525 et
1058 469 1124 523 de
1161 466 1464 523 ministerio
1497 469 1643 537 quod
1672 466 1730 521 lit
1785 467 1836 522 in
1893 480 2141 532 sanctos,
2173 483 2216 536 Α
2246 485 2391 533 cors,
2420 484 2542 525 cum
2577 487 2683 526 non
2716 471 2902 535 habet,
2928 469 3018 525 eui
3045 470 3191 533 dare,
3236 472 3312 525 vel
3344 475 3570 541 quomodo
3611 456 3708 533 dare

560 565 692 634 agit.

637 676 656 708 ι
701 655 806 711 Sed
832 657 973 710 sicut
1015 654 1068 708 in
1094 653 1347 709 omnibus
1372 654 1664 709 abundatis
1722 654 1849 718 ﬁde,
1906 663 1957 708 et
2014 670 2136 710 ser-

562 762 740 808 mone,
765 754 817 799 et
841 744 1109 810 scientia;
1140 753 1194 799 et
1222 744 1277 798 in
1309 745 1454 797 omni
1493 743 1881 807 sollicitudine,
1916 745 2138 813 insuper

551 850 615 891 .et
646 838 914 892 cltaritate
942 845 1123 890 vestra
1164 837 1217 890 in
1255 851 1376 891 nos.
1408 834 1588 890 aNota
1629 850 1747 891 cum
1780 837 1884 893 fide
1942 840 2136 893 scien-

553 932 689 985 ttiam
733 944 856 984 esse
879 928 1232 983 laudabilem.

635 1038 655 1071 ι
690 1018 761 1075 L't
784 1029 839 1074 et
867 1025 918 1073 in
946 1020 1046 1073 hac
1066 1018 1242 1087 gratia
1274 1017 1586 1074 abundetis.
1628 1037 1648 1071 ι
1684 1018 1765 1074 Ne
1782 1033 1903 1075 cum
1926 1019 1978 1074 in
2007 1018 2135 1075 aliis

563 1110 816 1173 vincatis,
852 1110 902 1164 itt
928 1109 1034 1163 hoc
1061 1108 1128 1162 ab
1155 1108 1278 1163 aliis
1295 1109 1657 1178 Superentini.

639 1219 658 1252 ι
690 1200 808 1255 Non
842 1200 996 1269 quasi
1029 1200 1305 1269 imperans
1329 1200 1453 1254 dico
1481 1218 1495 1254 :
1535 1202 1626 1255 sed
1653 1215 1749 1271 per
1767 1201 2003 1254 aliorum
2026 1200 2139 1254 sol-

566 1295 929 1358 licitudinem,
952 1294 1118 1349 etiam
1156 1304 1355 1349 vestrae
1390 1294 1681 1349 cbaritatis
1714 1295 1991 1364 ingenium
2045 1294 2141 1347 bo-

565 1406 690 1440 num
722 1386 1110 1456 comprobaus.
1151 1404 1169 1438 ι
1207 1384 1321 1441 Non
1353 1388 1581 1456 impero,
1642 1402 1745 1441 nee
1791 1387 1973 1454 exigo,
2044 1387 2138 1440 sed

561 1478 848 1531 Consilium
875 1477 944 1531 do
967 1495 983 1531 :
1009 1485 1065 1528 ut
1092 1477 1237 1530 sicut
1271 1476 1320 1529 in
1353 1474 1539 1529 multis
1560 1475 1787 1528 formam
1848 1474 1968 1528 aliis
2000 1491 2140 1543 prte-

564 1568 727 1629 lwtis,
767 1569 840 1620 ita
898 1576 952 1621 et
984 1567 1038 1620 in
1078 1565 1186 1619 isto
1214 1580 1381 1634 opere
1429 1564 1666 1620 faciatis.
1720 1565 1815 1619 Est
1868 1566 2013 1620 enim
2058 1566 2140 1620 sic

566 1657 804 1725 ingenita
828 1657 1027 1725 pietas,
1058 1664 1116 1709 ut
1175 1655 1244 1710 ab
1292 1656 1412 1711 aliis
1466 1672 1585 1712 eam
1653 1655 1868 1711 discere
1920 1657 2141 1713 minime

565 1758 795 1819 egentis.
1372 1758 1379 1767 “

2240 562 2527 617 doceatur.

2316 673 2335 705 ι
2368 654 2472 720 Qui
2533 655 2767 709 multum
2827 656 3043 723 habuit,
3081 673 3189 711 non
3238 656 3531 713 abundavit:
3562 671 3605 715 et
3643 666 3708 730 qui

2242 745 2536 807 modicum,
2571 760 2677 799 non
2719 746 3033 801 minoravit.
3062 765 3080 799 ι
3116 749 3186 802 De
3215 763 3395 801 manna
3431 749 3521 803 hoc
3545 752 3709 813 dit-itur,

2240 836 2384 904 quod
2431 836 2645 904 accepit
2697 837 2925 906 populus
2981 837 3036 892 in
3088 837 3316 901 deserto,
3358 840 3494 907 cujns
3528 844 3711 912 exemplo

2240 927 2502 980 docemur
2569 928 2710 996 quod
2794 929 2972 985 omnis
3045 932 3500 1000 superabundantia
3550 948 3713 1001 generet

2240 1033 2473 1073 vermes.
2501 1018 2673 1073 Simul
2709 1030 2762 1075 et
2790 1021 3115 1086 ostenditur,
3148 1018 3262 1093 quae
3293 1022 3422 1079 Deus
3448 1026 3543 1087 dat.
3580 1027 3707 1080 omni-

2240 1109 2341 1164 bus
2390 1110 2619 1179 aequalia
2658 1127 2779 1166 esse
2819 1113 3037 1168 debere.
3092 1114 3161 1169 Et
3200 1127 3404 1184 propter
3438 1117 3569 1183 hujus
3606 1120 3713 1170 leui-

2243 1199 2406 1253 monii
2436 1202 2846 1265 auctoritatem,
2881 1204 2994 1258 vult
3024 1205 3181 1258 nobis
3209 1206 3473 1273 Apostolus
3498 1211 3710 1277 praesentia

2241 1290 2421 1343 omnia
2475 1305 2596 1345 esse
2644 1294 2993 1359 communia,
3035 1305 3092 1349 ιιι
3138 1305 3191 1349 et
3236 1297 3445 1365 perfecti
3487 1298 3711 1351 doctrinam

2242 1398 2350 1438 non
2388 1384 2749 1450 abscondant,
2796 1395 2851 1440 et
2903 1388 3167 1443 habentes
3217 1390 3537 1443 substantiam
3581 1392 3711 1445 mundi

2243 1486 2349 1525 non
2382 1473 2651 1543 denegem
2682 1474 2762 1530 eis
2795 1475 3022 1534 victum.
3070 1475 3269 1548 Dignus
3300 1486 3378 1532 est
3410 1480 3535 1534 enim
3578 1496 3713 1549 opera-

2242 1561 2359 1617 rius
2394 1564 2515 1617 cibo
2566 1579 2686 1619 suo.

2320 1672 2340 1705 ι
2381 1653 2595 1709 Gratias
2648 1666 2829 1711 autem
2889 1673 2991 1728 ago
3044 1655 3178 1723 Deo,
3228 1659 3317 1730 qui
3363 1660 3494 1714 dedit
3538 1660 3716 1713 eamdem

2246 1742 2665 1799 sollicitudinem
2716 1762 2813 1814 pro
2856 1749 3009 1804 vobis
3060 1749 3116 1803 in
3158 1749 3317 1803 corde
3362 1747 3458 1803 Titi
3499 1747 3716 1817 :qunniam

643 1858 660 1890 ι
694 1839 860 1894 Scitis
890 1855 1034 1894 enim
1067 1840 1297 1910 gratiam
1322 1838 1535 1893 Domini
1557 1838 1870 1894 nostriJesu
1900 1839 2102 1895 Christi
2127 1857 2143 1899 :
2175 1821 2220 1875 Β
2246 1837 2681 1893 exhortationem
2713 1840 2929 1910 quidem
2958 1844 3201 1912 suscepit
3226 1860 3241 1898 :
3271 1843 3359 1899 sed
3378 1858 3484 1897 cum
3510 1840 3719 1896 sollicitior

565 1933 822 1999 quoniam
850 1942 1072 2000 pmpter
1096 1948 1189 1986 vos
1206 1947 1410 2001 egenus
1443 1930 1621 1986 factus
1679 1942 1784 1996 est,
1834 1948 1959 1988 cum
1980 1935 2144 1988 ‘eSset

563 2024 714 2076 dives
743 2041 757 2077 :
791 2033 849 2076 ιιι
888 2024 1031 2078 illius
1055 2024 1234 2091 inopia
1264 2039 1357 2078 vos
1385 2025 1580 2078 divites
1627 2026 1842 2088 essetis,
1878 2035 1933 2080 et
1962 2028 2146 2082 consi-

560 2116 692 2171 lium
720 2115 774 2169 in
809 2118 909 2170 hoc
938 2117 1031 2172 do.
1065 2116 1179 2170 Hoc
1220 2118 1365 2171 enim
1419 2118 1573 2172 Vobis
1626 2117 1763 2172 utile
1808 2128 1912 2173 est.
1944 2136 1965 2171 a
2023 2117 2143 2176 Non

562 2210 829 2275 Ignoratis
864 2208 955 2263 Dei
991 2207 1191 2265 Filium
1218 2221 1447 2280 propter
1470 2225 1566 2264 vos
1591 2226 1886 2281 pauperem
1918 2212 2143 2279 factum,

560 2302 652 2367 qui
680 2302 1057 2356 universorum
1092 2312 1211 2356 erat
1242 2303 1496 2358 conditor
1519 2314 1575 2358 et
1601 2303 1888 2368 Dominus,
1933 2314 1995 2369 ut
2025 2306 2143 2375 ejus

561 2394 810 2463 exemplo
839 2394 996 2450 bonis
1027 2394 1348 2453 cmlestihus
1378 2395 1720 2451 ditarentini.
1761 2397 1820 2452 Si
1877 2413 2013 2469 ergo
2056 2398 2147 2453 ille

564 2494 788 2552 propter
820 2500 916 2541 vos
955 2485 1276 2555 temporalia
1309 2486 1562 2542 universa
1592 2489 1945 2558 contempsit,
1968 2505 2143 2561 quan-

565 2587 619 2628 tu
644 2578 815 2647 magis
841 2592 939 2631 vos
964 2578 1096 2632 dare
1121 2578 1331 2634 debetis
1355 2593 1548 2649 parva,
1587 2594 1697 2635 non
1770 2590 1974 2645 vestra,
2035 2581 2147 2636 imo

565 2683 663 2720 sua
702 2668 752 2723 ei
784 2669 1037 2724 reddere.
1095 2669 1206 2739 Ipsi
1251 2670 1397 2725 enim
1455 2672 1639 2736 datur,
1714 2672 1973 2741 quidquid
2027 2673 2147 2742 ejus

564 2774 728 2813 causa
758 2761 1075 2832 porrigitur.
1112 2761 1284 2824 Simul
1316 2772 1579 2818 eteontra
1640 2762 1939 2820 thinum
1990 2764 2143 2829 facit,

564 2850 713 2919 quod
743 2852 1057 2922 priusquam
1084 2869 1293 2925 pauper
1334 2855 1491 2911 fieret
1521 2855 1793 2921 Christus,
1814 2857 1966 2911 dives
1992 2867 2143 2923 erat,

563 2945 695 3012 quin
729 2945 1013 3002 habitabat
1034 2946 1087 3002 in
1117 2948 1303 3009 Patre.

648 3055 667 3089 ι
701 3038 800 3104 Qui
841 3054 948 3093 non
969 3042 1141 3096 solum
1178 3041 1382 3106 facere,
1412 3043 1509 3098 sed
1545 3053 1603 3098 et
1635 3043 1772 3098 velle
1800 3043 2047 3113 cmpistis
2078 3045 2147 3097 ab

561 3145 708 3184 anno
736 3132 938 3201 priore.
972 3151 991 3187 ι
1020 3132 1565 3217 Ostenditquosdam
1597 3151 1756 3205 posse
1805 3136 1988 3191 facere
2037 3152 2143 3190 non
2173 3167 2218 3223 ε
2253 3128 2614 3183 Ecclesium“!
2658 3128 2911 3181 idoneum
2944 3141 3069 3182 eum
3093 3136 3152 3182 el
3182 3128 3461 3198 probatum
3489 3124 3629 3180 luisse
3667 3121 3731 3175 '30-

564 3224 830 3291 volentes,
884 3243 1008 3282 cum
1039 3240 1132 3282 aut
1162 3229 1546 3300 importunitas
1571 3230 1805 3301 petentis
1831 3240 1925 3285 aut
1954 3241 2145 3286 aucto-

568 3317 703 3371 ritas
736 3318 1106 3388 praecipientis
1137 3322 1400 3387 exigeret.

646 3431 665 3463 ι
704 3409 861 3466 Nunc
885 3425 1014 3464 vero
1032 3422 1087 3465 et
1117 3411 1260 3466 facto
1288 3412 1556 3481 perﬁcito,
1584 3421 1643 3466 ut
1682 3413 2144 3482 quemadmodum

560 3514 852 3574 promptus
882 3511 967 3558 est
990 3503 1204 3558 aninms
1226 3504 1544 3573 voluntatis,
1592 3505 1664 3560 ita
1684 3506 1755 3560 sit
1781 3515 1838 3560 et
1862 3505 2149 3575 perlicien-

558 3598 643 3660 .di,
687 3612 750 3651 ex
790 3609 858 3650 eo
881 3596 1024 3665 quod
1058 3595 1294 3650 habetis.
1331 3614 1349 3647 ι
1400 3594 1555 3660 Quod
1592 3596 1899 3651 voluntarie
1937 3595 2146 3665 incepi-

558 3686 703 3751 stis,
764 3684 1003 3753 implete.
1067 3685 1260 3739 Omnis
1297 3685 1441 3740 enim
1504 3686 1629 3742 boni
1662 3688 1843 3756 operis
1896 3686 2019 3742 linis
2065 3694 2149 3741 est

556 3778 924 3847 expetendus.
954 3776 1090 3843 Quia
1116 3777 1259 3831 sicut
1283 3776 1487 3832 factum
1511 3777 1664 3833 inviti
1724 3787 2009 3846 acceptum
2039 3794 2148 3833 non

562 3880 651 3923 est
693 3886 709 3925 :
746 3871 817 3923 ita
863 3868 1114 3925 voluntas
1163 3868 1505 3925 infructuosa
1533 3879 1619 3926 est
1675 3870 2002 3926 habentibus
2028 3886 2148 3927 eam

569 3966 688 4016 sine
715 3963 883 4017 facto.

643 4073 663 4106 ι
707 4053 765 4110 Si
805 4055 953 4113 enim
993 4053 1248 4113 voluntas
1298 4062 1551 4125 prompta
1593 4063 1699 4118 est,
1759 4054 2061 4109 secundum
2096 4053 2147 4110 id

570 4147 716 4215 quod
747 4148 934 4213 habet,
986 4156 1212 4216 accepta
1260 4157 1367 4211 est,
1425 4162 1534 4200 non
1579 4148 1877 4204 secundum
1916 4146 1970 4202 id
2005 4148 2150 4214 quod

573 4257 679 4293 non
726 4239 914 4300 habet.
951 4256 970 4291 ι
1006 4237 1085 4294 Ne
1133 4240 1339 4310 putetis
1370 4252 1458 4293 me
1506 4238 1742 4309 aliquem
1791 4254 1956 4307 supra
2008 4240 2152 4297 vires

571 4345 794 4399 rogere,
821 4339 915 4383 aut
937 4339 1146 4383 tantum
1177 4329 1231 4381 in
1262 4329 1362 4384 hac
1390 4342 1551 4383 causa
1574 4343 1600 4380 a
1628 4343 1864 4398 paupere
1888 4338 2151 4398 quantum

568 4440 600 4487 ,a
631 4422 796 4476 divite
821 4430 1095 4490 expetere.
1121 4422 1323 4476 Omnes
1340 4419 1621 4490 aqualiter
1641 4419 1871 4488 dabunt,
1911 4419 1958 4475 si
1986 4435 2152 4476 unus-

570 4516 808 4587 quisque
835 4524 1049 4570 tantum
1081 4515 1297 4570 dederit
1356 4523 1621 4584 quantum
1673 4524 1873 4583 potest,
1932 4528 2039 4569 non
2071 4529 2159 4570 se-
2188 4523 2234 4582 ο
2261 4511 2476 4585 Patrem
2513 4523 2754 4567 nostrum
2786 4511 3002 4583 (Matth.
3032 4529 3085 4577 v,
3124 4512 3240 4582 16).
3854 4511 3855 4587 l

569 4610 813 4683 putidum
838 4610 982 4677 quod
1015 4624 1121 4662 non
1163 4607 1346 4662 habet.
1376 4605 1491 4661 lloe
1517 4618 1573 4661 et
1601 4605 1799 4661 Tobias
1829 4607 2046 4662 dicebat
2084 4609 2152 4664 ad

566 4703 745 4771 {illum
781 4720 796 4761 ;
826 4701 991 4757 Prout
1032 4700 1302 4765 habueris,
1337 4699 1438 4769 fili,
1466 4700 1557 4770 [ac
1583 4701 1963 4769 eleemosyuant
1995 4701 2150 4772 (Tob.

566 4809 648 4866 μ.
677 4794 752 4864 7).

652 4906 671 4952 t
709 4886 823 4948 Non
857 4886 1001 4952 enim
1031 4896 1088 4938 ut
1137 4884 1260 4940 aliis
1312 4883 1385 4941 sit
1437 4883 1713 4946 remissio.
1754 4883 1913 4939 vobis
1970 4891 2153 4939 autem

571 4979 858 5047 tribulatio
892 4997 905 5032 :
941 4978 1035 5042 sed
1056 4994 1123 5044 es
1152 4977 1464 5045 aequalitate
1498 4979 1549 5032 in
1570 4977 1823 5047 praesenti
1852 4986 2147 5046 temporea

573 5075 691 5142 μου
724 5074 844 5127 dico
875 5081 933 5125 ut
970 5072 1125 5125 vobis
1170 5070 1306 5137 nihil
1338 5073 1596 5135 servetis,
1633 5070 1726 5124 sed
1760 5071 1902 5138 quod
1933 5069 2153 5140 quidem

572 5167 795 5234 ptriquc
826 5166 1085 5227 sttﬂiciat.

653 5277 672 5312 t
716 5257 906 5321 Vestra
932 5260 1262 5323 abundantia
1290 5259 1506 5317 illorum
1540 5258 1775 5328 inopiam
1806 5256 2076 5329 suppleat,
2097 5269 2157 5315 ut

579 5352 800 5419 illorum
835 5354 1162 5414 abundantia
1220 5361 1416 5408 vestrae
1460 5353 1658 5422 inopia:
1703 5352 1775 5407 sit
1814 5351 2158 5422 supplemen-

578 5458 719 5512 tum,
773 5454 834 5499 ut
881 5446 973 5501 fiat
1010 5445 1336 5518 aequalitas;
1375 5447 1516 5500 sicut
1541 5446 1801 5514 scriptum
1832 5454 1936 5501 est.
1975 5461 1995 5497 ι
2024 5444 2158 5499 Date

579 5542 687 5599 iibs
712 5542 974 5605 carnalia,
1008 5548 1065 5595 ut
1085 5549 1139 5594 et
1184 5541 1260 5595 illi
1295 5550 1570 5604 vacantes,
1602 5538 1815 5608 possint
1840 5538 1995 5593 vobis
2029 5537 2158 5593 red-

578 5637 709 5697 ,lere
739 5634 1069 5704 spiritualia.
1103 5633 1195 5687 lsti
1231 5633 1373 5687 enim
1405 5634 1513 5685 duo
1547 5630 1752 5700 gradus
1810 5630 1930 5685 sine
1957 5630 2161 5685 alteru-

584 5737 669 5778 tro
721 5741 846 5780 esse
893 5744 998 5780 non
1063 5738 1289 5795 possunt
1322 5744 1335 5781 :
1370 5725 1482 5794 jam
1518 5726 1666 5780 enim
1735 5723 1823 5778 ille
1885 5722 2159 5794 perlectus

586 5829 695 5870 ttun
740 5820 845 5871 erit
875 5819 940 5873 de
970 5818 1277 5873 carnalibus
1302 5820 1612 5888 cogitando,
1669 5820 1916 5889 quamvis
1949 5816 2160 5875 miseri-

2248 1933 2417 1993 esset,
2452 1942 2551 1981 sua
2587 1929 2864 1983 voluntate
2898 1930 3179 1999 profectus
3218 1940 3298 1987 est
3321 1931 3383 1984 ad
3412 1944 3554 1985 νος.»
3589 1929 3719 1984 Gratia

2248 2019 2467 2089 quidem
2498 2019 2925 2085 exhortationis,
2958 2032 3011 2077 et
3039 2024 3319 2079 voluntate
3343 2023 3535 2092 propria
3559 2021 3722 2075 festina-

2249 2115 2346 2178 vit,
2385 2123 2443 2169 ut
2475 2118 2779 2171 mercedem
2807 2117 3057 2183 haberet,
3087 2132 3197 2173 non
3224 2118 3430 2181 invitus,
3460 2117 3588 2187 quasi
3607 2116 3644 2170 ei
3670 2115 3722 2168 sic

2249 2206 2455 2261 credita
2489 2206 2853 2278 dispensatio.

2327 2316 2346 2349 ι
2383 2296 2634 2354 Misimus
2698 2308 2879 2353 autem
2936 2312 3060 2354 cum
3116 2298 3213 2353 illo
3273 2299 3481 2355 fratrem
3529 2306 3726 2356 nostrum.

2248 2391 2402 2460 cujus
2425 2390 2542 2444 laus
2572 2399 2659 2445 est
2687 2390 2744 2445 in
2789 2391 3084 2461 Evangelio
3112 2406 3216 2462 per
3251 2406 3428 2448 omnes
3449 2390 3685 2445 Eeclesias.
3710 2403 3724 2437 ι

2248 2483 2364 2539 lloc
2404 2486 2471 2540 de
2526 2482 2673 2538 Luca
2721 2483 3047 2554 intelligitur
3078 2500 3092 2538 :
3140 2484 3267 2555 quia
3299 2482 3491 2538 laudem
3525 2482 3567 2535 in
3603 2478 3730 2534 Evan-

2249 2576 2391 2644 gelio
2426 2575 2821 2630 conscribendo
2879 2576 3097 2630 videtur
3162 2576 3358 2634 habere
3409 2589 3506 2643 pra:
3549 2570 3729 2635 ceteris}:

2248 2668 2342 2739 qui
2394 2670 2561 2723 etiam
2630 2668 2799 2723 Actus
2847 2670 3223 2738 apostolorum
3274 2680 3457 2740 prater
3510 2663 3729 2732 Evangelia

2248 2762 2490 2829 scripsit.

2325 2873 2342 2905 ι
2389 2853 2505 2908 Non
2555 2854 2731 2910 solum
2772 2863 2994 2920 autem,
3052 2853 3155 2912 sed
3211 2864 3266 2910 et
3306 2853 3561 2907 ordinatus
3592 2857 3658 2905 est
3687 2845 3733 2899 ab

2254 2944 2525 3002 Ecclesiis
2562 2961 2749 3001 comes
2805 2947 3266 3017 peregrinationis
3322 2954 3521 3007 nostrae,
3548 2945 3595 2998 in
3637 2942 3737 2997 hanc

2248 3038 2503 3108 gratiam,
2546 3052 2667 3105 qua:
2722 3037 3066 3090 ministratur
3115 3052 3149 3092 a
3202 3037 3376 3115 nobis.
3406 3054 3423 3087 ι
3472 3030 3731 3088 Testimouio

2258 3227 2547 3272 monstrat.

2331 3331 2349 3368 ι
2386 3313 2462 3369 Ad
2502 3310 2710 3367 Domini
2745 3310 2997 3380 gloriam,
3042 3319 3096 3364 et
3128 3311 3446 3368 destinatam
3476 3306 3735 3363 voluntatem

2257 3416 2523 3461 nostram.
2559 3423 2576 3455 ι
2612 3403 2954 3473 Propositum
2988 3405 3103 3461 sive
3136 3416 3400 3475 paratam.

2331 3516 2350 3550 ι
2385 3498 2695 3551 Devitantes
2737 3499 2859 3560 hoc,
2890 3512 2960 3552 ne
2999 3499 3125 3568 quis
3167 3514 3267 3554 nos
3307 3500 3558 3567 vituperet
3598 3492 3641 3547 in
3673 3489 3741 3542 hac

2258 3588 2619 3659 plenitudine,
2658 3604 2782 3657 quae
2831 3589 3181 3645 ministratur
3232 3607 3260 3643 a
3304 3589 3452 3644 nobis
3498 3588 3545 3640 in
3587 3577 3739 3637 Domini

2256 3682 2504 3752 gloriam.
2546 3699 2565 3733 ι
2600 3680 2679 3737 Ne
2707 3683 2829 3750 quis
2861 3681 3030 3747 dicat,
3057 3682 3333 3752 quomodo
3361 3680 3595 3737 Christus
3622 3674 3741 3740 legent

2256 3774 2547 3844 implevit:
2585 3790 2710 3828 cum
2744 3775 3027 3830 videamus
3052 3774 3421 3839 Christianos,
3460 3787 3554 3827 non
3596 3775 3743 3822 tantam

2255 3867 2655 3937 eleemosynam
2696 3866 2896 3938 facere,
2928 3880 3191 3939 quantam
3227 3869 3343 3926 fieri
3392 3868 3443 3923 in
3469 3866 3573 3935 lege
3598 3869 3745 3933 praee-

2258 3971 2408 4030 ptum
2442 3970 2527 4016 est
2549 3960 2573 4015 ἲ

2333 4066 2353 4102 1
2399 4049 2756 4107 Providemns
2782 4051 2926 4106 enim
2958 4054 3123 4118 bona,
3149 4067 3258 4108 non
3285 4052 3454 4107 solum
3477 4059 3632 4104 coram
3655 4040 3747 4099 Deo.

2259 4143 2355 4197 sed
2392 4144 2555 4197 etiam
2583 4157 2768 4197 coram
2793 4144 3132 4199 hominibus.
3171 4163 3192 4196 ι
3245 4144 3389 4203 Nihil
3429 4142 3557 4197 enim
3591 4141 3749 4208 ντοριθτ

2260 4234 2550 4288 humanam
2571 4233 2801 4303 gloriam
2847 4235 3101 4300 facimus,
3126 4236 3222 4290 sed
3260 4246 3435 4289 tamen
3468 4231 3691 4287 nolumus.
3714 4233 3753 4275 υι

2261 4340 2357 4394 per
2381 4341 2481 4382 nos
2509 4326 2711 4396 aliquis
2733 4327 3055 4381 scandalum
3104 4328 3305 4383 merito
3346 4329 3599 4399 patiatur:
3624 4316 3696 4372 sed
3715 4322 3755 4364 ut

2260 4434 2453 4475 omnes
2489 4419 2740 4476 videntes
2795 4436 2962 4491 opera
3017 4432 3204 4475 nostra
3265 4423 3428 4485 bona,
3487 4411 3757 4487 inagnilicenl

2336 4621 2355 4656 ι
2396 4602 2642 4661 Misimus
2676 4614 2861 4659 autem
2893 4620 3015 4659 cum
3046 4604 3159 4659 illis
3190 4614 3247 4661 et
3279 4601 3496 4659 fratrem
3522 4606 3750 4655 nostruum

2262 4694 2490 4765 Quidam
2516 4695 2621 4750 hoc
2651 4694 2721 4751 de
2758 4696 2949 4766 Apollo
2974 4705 3232 4751 asserunt
3262 4694 3511 4751 dictum.’

2338 4805 2357 4837 ι
2393 4787 2562 4853 Quem
2613 4785 2970 4856 probavimus
3009 4786 3063 4841 in
3114 4787 3303 4841 multis
3353 4800 3490 4856 saepe
3534 4775 3756 4835 sollicitum

2262 4895 2407 4936 esse.
2445 4899 2463 4931 ι
2498 4878 2894 4935 Testimonium
2928 4878 3002 4933 illi
3036 4879 3151 4944 dat,
3187 4889 3248 4932 ut
3280 4878 3500 4933 facilius
3547 4873 3756 4926 audiatur.

2343 4991 2361 5027 t
2409 4972 2564 5028 Nunc
2614 4980 2794 5027 autem
2851 4972 3024 5026 multo
3074 4972 3448 5027 sollicitiurem
3499 4958 3756 5023 conlidi?!tua

2266 5067 2432 5120 multa
2476 5065 2528 5119 in
2566 5078 2683 5121 vos.
2729 5082 2748 5116 ι
2782 5062 2953 5119 Multo
2982 5080 3131 5120 nunc
3163 5064 3531 5125 sollicitiorem
3572 5064 3762 5117 compro-

2266 5162 2460 5214 bamus
2512 5174 2660 5224 eum,
2706 5167 2934 5228 propter
2967 5173 3067 5214 vos
3102 5156 3279 5229 :'quia
3316 5165 3489 5213 vestra
3521 5140 3763 5207 obedientia

2265 5262 2615 5327 provocatur,
2661 5252 2780 5306 sive
2814 5254 2939 5322 quia
2976 5252 3144 5322 adjuti
3175 5267 3206 5305 a
3245 5250 3391 5313 Tito,
3439 5248 3543 5303 sive
3570 5242 3671 5312 quia
3698 5244 3765 5301 l>er

2265 5350 2505 5419 seipsum
2535 5346 2937 5417 comprobavit.
3705 5420 3744 5430 Η

2345 5462 2366 5496 ‹
2410 5445 2537 5498 Sive
2560 5458 2659 5514 pro
2692 5442 2839 5506 Tito,
2870 5442 2960 5513 qui
2994 5453 3076 5498 est
3104 5441 3294 5500 socius
3319 5454 3488 5502 meus,
3515 5444 3563 5489 et
3588 5432 3631 5485 in
3652 5421 3767 5477 vobis

2266 5536 2506 5603 adjutor,
2545 5538 2662 5591 sive
2717 5535 2917 5589 fratres
2958 5536 3149 5597 nostri,
3196 5534 3429 5604 apostoli
3471 5522 3769 5610 ΕοεΙειῑῖιἾιπξ

2268 5630 2439 5702 gloria
2470 5629 2703 5685 Christi.
2748 5648 2767 5680 ι
2829 5628 2982 5693 Quod
3035 5629 3187 5691 dicit,
3239 5630 3343 5681 hoc
3380 5636 3466 5680 est
3496 5639 3509 5678 :
3536 5617 3648 5674 Tant
3686 5606 3768 5662 Τιιί

2250 5738 2459 5793 causa,
2496 5722 2587 5791 qui
2620 5738 2805 5777 eorum
2842 5722 3203 5776 obedientiam
3230 5710 3773 5800 collandareraMW“

2269 5836 2457 5875 eorum
2498 5820 2589 5888 qui
2656 5819 2723 5873 ad
2775 5820 2951 5888 ipsum
3001 5819 3209 5873 fuerant
3270 5818 3470 5885 pariter
3523 5804 3768 5861 destiti-att:
