3954 6194
240 384 350 452 829

1239 385 1656 450 EXPOSITIO
1689 387 1772 449 ΙΝ
1814 385 2056 448 EPIST.
2091 385 2155 446 ΙΙ
2189 385 2290 446 AD
2309 382 2480 447 COR-

3400 380 3506 454 830

246 502 322 554 ita
359 518 417 556 se
467 501 829 565 exbiberent,‘
850 508 911 558 ut
937 509 992 557 et
1025 499 1311 556 charitatis
1350 501 1730 556 sinceritatem
1773 510 1828 556 et
1854 512 1900 565 Α
1933 499 2317 556 maledictione
2346 497 2646 558 seminans,
2700 493 2829 550 inde
2860 499 2916 549 et
2955 501 3163 551 metet:
3195 493 3340 549 sicut
3369 492 3504 546 scri-

245 593 556 662 apostolicte
585 609 684 664 pro
718 593 858 665 ipsis
885 593 1073 664 gloria
1105 593 1416 658 veritatem,
1436 592 1490 647 in
1529 603 1822 663 conspectu

241 684 489 739 omnium
525 685 974 754 comprobarent.

325 795 345 834 ς
385 775 767 833 Ostensionem
802 791 956 848 ergo,
986 791 1092 846 qua
1119 788 1200 831 est
1230 775 1524 832 cbaritatis
1554 785 1750 832 vestra:
1771 785 1827 830 et

243 868 672 940 nostrieglorize,
707 883 805 937 pro
825 871 980 923 vobis
1011 868 1063 925 in
1089 869 1211 923 illos
1234 868 1506 923 ostendite
1542 869 1594 922 in
1630 867 1823 922 faciem

247 960 639 1015 Ecclesiarum.
663 978 682 1012 ι
711 958 782 1016 Ut
811 959 1032 1016 videant
1062 975 1250 1016 verum
1285 959 1588 1027 esse,quod
1621 956 1824 1014 dicitur

245 1055 302 1104 in
337 1051 592 1106 omnibus
622 1051 883 1107 Ecclesiis
907 1052 975 1107 de
1005 1060 1187 1108 vestro
1205 1051 1471 1122 profectu.
1499 1051 1626 1106 Sive
1645 1051 1824 1114 aliter,

245 1141 517 1198 ostendite
549 1143 882 1199 charitatem
919 1153 1159 1200 vestram
1191 1143 1260 1196 de
1286 1157 1395 1214 qua
1427 1157 1611 1197 coram
1641 1143 1822 1198 omni-
1853 1130 1872 1148 ⁸

248 1237 350 1292 bus
376 1232 634 1296 Ecciesiis
665 1235 987 1306 gloriamur.

845 1380 1220 1474 CAPUTIX.

332 1521 353 1557 ι
382 1501 515 1559 Nam
572 1504 640 1559 de
691 1505 1025 1572 ministerio,
1063 1506 1208 1575 quod
1271 1506 1329 1560 lit
1379 1506 1434 1560 in
1483 1513 1726 1568 sanctos,
1756 1520 1821 1560 ex

242 1597 542 1652 abundanti
599 1604 684 1652 est
747 1599 879 1653 mihi
950 1597 1196 1654 scribere
1252 1597 1434 1653 vobis.
1500 1596 1627 1652 Scio
1677 1597 1822 1652 enim

244 1699 551 1757 promptum
579 1691 826 1745 animum
862 1700 1130 1758 vestrum,
1166 1705 1265 1761 pro
1293 1705 1401 1762 quo
1426 1690 1492 1746 de
1515 1689 1672 1746 vobis
1699 1688 1822 1758 glo-

242 1783 359 1834 rior
391 1782 533 1850 apud
566 1780 912 1839 Macedones.
951 1802 970 1836 »
1018 1781 1232 1840 Mutare
1277 1782 1527 1845 videtur,
1573 1791 1821 1845 sanctos,

1927 606 2078 664 ptum
2113 602 2198 648 est
2227 608 2243 648 :
2279 591 2400 647 Nais
2438 591 2660 646 semines
2701 587 2850 642 mala
2895 588 2952 640 in
2989 586 3151 640 sulcis
3185 587 3418 656 injuriae.
3453 596 3500 638 et

1927 701 2032 740 non
2061 693 2222 739 metes
2243 701 2307 738 ea
2337 682 2630 754 septuplum
2658 679 2848 752 (Eccli.
2874 695 2969 742 vn,
2997 680 3075 737 3i.
3118 676 3502 748 Unusquisque

1927 786 2088 848 prout
2115 777 2406 834 destinavit
2455 777 2509 831 in
2544 775 2708 829 corde
2744 788 2864 840 suo,
2895 773 2948 826 id
2980 781 3086 834 est,
3134 771 3500 829 voluntarius.

1930 885 2038 924 non
2067 881 2292 926 coactus
2329 886 2344 932 ς
2381 884 2486 924 non
2519 883 2586 923 ex
2616 867 2860 932 tristitia,
2893 874 2988 920 aut
3023 879 3090 918 ex
3133 863 3456 918 necessitate
3485 877 3500 916 :

1925 965 2153 1020 hilarem
2189 962 2333 1016 enim
2363 961 2610 1016 datorem
2641 959 2820 1028 diligit
2851 958 3014 1022 Deus,
3063 957 3362 1011 secundum
3400 952 3501 1006 Sa-

1925 1053 2183 1122 pientiam
2241 1053 2552 1108 Salomonis
2605 1050 2726 1108 :Et
2761 1051 2816 1108 in
2867 1050 3010 1106 omni
3092 1047 3221 1100 dato
3278 1045 3502 1098 hilarent

1925 1147 2014 1214 fac
2044 1146 2246 1199 vultum
2310 1156 2458 1199 tuum
2508 1143 2702 1216 (Eccli.
2751 1157 2921 1204 xxxv,
2973 1141 3084 1208 ii).
3120 1139 3177 1194 Si
3224 1149 3404 1192 autem
3439 1139 3503 1191 de

1923 1236 2150 1290 scientia
2186 1236 2527 1304 intelligitur,
2559 1234 2786 1289 hilarem
2819 1234 2871 1286 in
2903 1233 3088 1289 labore
3113 1243 3214 1282 suo
3237 1229 3360 1282 vult
3381 1241 3503 1280 esse

1925 1331 2202 1385 doctorem
2265 1329 2448 1384 :sicut
2482 1330 2550 1383 de
2593 1345 2654 1383 se
2685 1326 2813 1382 alibi
2846 1326 2976 1380 dicit
3007 1341 3022 1383 :
3050 1323 3111 1379 Si
3145 1324 3283 1378 enim
3331 1320 3502 1375 uolens

1923 1426 2019 1482 hoc
2048 1441 2173 1496 ago,
2201 1427 2492 1480 mercedem
2518 1425 2706 1490 habeo,
2737 1432 2790 1477 et
2823 1423 3031 1492 reliqua
3067 1419 3216 1490 (Cor.
3263 1434 3338 1483 ις,
3388 1418 3502 1486 i7).

2001 1536 2020 1570 ι
2054 1517 2256 1574 Potens
2305 1527 2392 1573 est
2445 1527 2629 1572 autem
2692 1514 2856 1570 Deus.
2898 1531 2918 1564 ›
2948 1513 3077 1568 Sive
3136 1527 3204 1566 ne
3258 1510 3502 1579 inepiam

1925 1609 2307 1672 formidarent,
2335 1608 2454 1663 sive
2476 1607 2768 1677 gratuitum
2796 1603 3000 1658 donum
3028 1601 3334 1670 sapientiae.

2001 1722 2020 1756 ι
2055 1701 2289 1759 Omnem
2334 1700 2563 1771 gratiam
2599 1699 2880 1754 abundare
2931 1697 3114 1752 facere
3158 1697 3212 1750 in
3269 1694 3440 1749 vobis.
3478 1711 3499 1746 ι

1922 1795 2167 1850 Gratiam
2217 1793 2546 1854 nascentia.
2586 1790 2713 1861 quia
2747 1790 2944 1845 exinde
2983 1804 3080 1858 per
3113 1801 3278 1856 opera
3328 1795 3505 1840 vestra

243 1875 333 1928 hic
358 1861 587 1928 “enimm-
615 1889 632 1930 ³
663 1883 719 1930 ει
751 1875 871 1930 ideo
912 1875 1134 1943 quidam
1166 1875 1356 1930 dicunt
1400 1889 1526 1930 eum
1561 1872 1815 1944 δυροΐίιιε
1850 1885 1890 1938 Β
1924 1886 2033 1940 Deo
2070 1883 2260 1956 gratia
2289 1885 2624 1938 referuntur.
2649 1881 2692 1936 Α
2724 1881 2906 1951 fructu
2930 1881 3068 1936 enim
3103 1878 3376 1949 frumenti.
3398 1878 3506 1933 vini

242 1968 312 2017 de
346 1964 499 2020 laicis
521 1965 745 2031 dixisse,
799 1967 888 2022 ltic
914 1981 1042 2024 vero
1065 1967 1134 2021 de
1170 1966 1550 2022 sacerdotibus
1591 1965 1818 2021 sanctis.

239 2056 349 2108 Alii
385 2069 514 2112 vero
539 2056 690 2111 aiunt
717 2071 842 2114 eum
873 2058 942 2112 de
973 2057 1334 2138 eleemosvnis
1365 2057 1645 2128 hucusque
1705 2067 1822 2112 tra-

240 2149 617 2214 ctasse,modo
637 2159 817 2204 autem
845 2149 910 2204 de
934 2151 1240 2206 ministerio
1261 2149 1414 2204 verbi
1440 2162 1822 2214 commonere:

240 2240 389 2307 quod
421 2241 774 2296 sanctilicatis
823 2256 922 2310 per
976 2241 1308 2312 baptismum
1344 2241 1664 2299 exhibetur.
1723 2237 1825 2294 ilic

243 2345 379 2385 vero
405 2331 518 2387 duo
559 2349 756 2389 sensus
790 2349 965 2405 usque
1008 2336 1079 2390 ad
1128 2335 1292 2391 linem
1327 2349 1508 2394 causa
1531 2333 1824 2402 diligenter

244 2423 469 2495 utrique
501 2433 628 2479 sunt
661 2425 971 2495 colligendi.

321 2531 341 2566 ι
384 2513 651 2581 Quoniam
686 2525 742 2570 et
776 2515 981 2570 Achaia
1014 2526 1200 2586 parata
1229 2524 1316 2572 est
1379 2518 1450 2572 ab
1495 2533 1643 2575 anno
1688 2536 1826 2588 prie-.-

244 2613 320 2665 tet
335 2603 433 2662 ito.
468 2621 489 2656 »
527 2603 665 2672 Tota
693 2606 997 2676 provincia,
1028 2609 1188 2678 cujus
1217 2617 1382 2680 caput
1413 2611 1687 2682 estis,_per
1725 2628 1826 2672 nos

239 2696 314 2754 ad
340 2698 444 2759 hoc
473 2697 835 2764 ministerium
861 2711 1152 2769 provocata
1181 2710 1285 2756 est.

323 2807 345 2849 t
387 2788 454 2845 Et
483 2800 663 2849 vestra
693 2793 972 2851 aemulatio
1003 2795 1326 2862 provocavit
1351 2794 1640 2865 plurimos.
1673 2813 1693 2852 ι
1726 2796 1827 2854 Hic

244 2880 524 2942 aemulatio
563 2896 663 2952 pro
697 2883 1002 2948 imitatione
1033 2885 1276 2953 ponitur.

320 2991 342 3029 s
381 2972 631 3034 Misimus
653 2985 857 3040 autem,
908 2976 1128 3042 lratres,
1153 2987 1214 3032 ut
1245 2993 1314 3034 ne
1345 2979 1490 3050 quod
1531 2979 1828 3051 gloriamur

241 3064 315 3122 de
355 3065 512 3118 vobis
557 3074 856 3124 evacuetur
901 3065 955 3119 in
987 3065 1091 3131 hac
1131 3078 1312 3137 parte.
1351 3087 1376 3132 ι
1407 3069 1672 3140 Superius
1716 3085 1828 3126 me-

241 3164 495 3216 moratur
523 3171 538 3210 :
567 3155 672 3226 Qui
704 3170 801 3212 vos
817 3167 1200 3220 commoneant
1235 3171 1303 3215 ne
1350 3161 1510 3216 aliter
1547 3162 1826 3229 inveniant

248 3247 307 3300 in
338 3254 498 3314 parte
522 3221 814 3314 doctrinae,
846 3248 963 3302 sive
985 3247 1297 3313 ministerii.
1324 3265 1490 3320 quam
1513 3221 1788 3322 putabam.
1854 3221 1898 3284 α

325 3356 346 3394 ‹
384 3337 456 3398 Ut
499 3340 952 3409 quemadmodum
983 3343 1119 3409 dixi,
1201 3343 1379 3414 parati
1407 3343 1530 3400 sitis
1559 3359 1578 3398 :
1605 3360 1672 3398 ne
1705 3358 1827 3400 cum

245 3433 510 3488 venerint
561 3433 892 3493 lacedones
917 3451 1155 3500 mecum,
1174 3443 1230 3492 et
1255 3437 1562 3492 invenerint
1606 3451 1707 3496 vos
1731 3438 1832 3493 imo

243 3531 492 3590 iteratos,
545 3524 934 3583 erubescamus
960 3541 1080 3590 nos,
1111 3536 1172 3581 ut
1194 3543 1300 3583 non
1341 3529 1588 3588 dicamus
1609 3541 1736 3595 vos,
1775 3529 1829 3582 in

241 3617 360 3682 hac
391 3618 716 3680 substantia.
757 3635 779 3671 θ
820 3619 878 3675 Si
907 3633 1006 3675 nos
1039 3619 1444 3686 erubuerimus,
1488 3620 1646 3690 quasi
1697 3617 1832 3678 falso

243 3709 552 3776 gloriantes
586 3727 602 3774 ;
635 3723 836 3778 quanto
870 3711 1047 3780 magis
1076 3725 1174 3766 vos
1203 3721 1258 3765 et
1291 3725 1390 3780 pro
1420 3720 1600 3765 vestra
1653 3711 1828 3781 negli-

243 3801 462 3870 sentia,
493 3813 546 3859 et
579 3818 679 3874 pro
707 3813 894 3861 nostro
920 3803 1166 3860 rubore?
1195 3803 1365 3858 Multa
1394 3804 1546 3859 enim
1576 3803 1831 3859 conlusio

245 3905 365 3962 est,
393 3897 441 3950 si
478 3897 602 3966 quis
631 3911 728 3967 pro
752 3912 840 3962 eo,
875 3899 964 3967 qui
998 3911 1122 3953 eum
1161 3898 1359 3966 diligit,
1393 3901 1702 3958 erubescat.

331 4007 353 4046 s
394 3985 773 4048 Necessarium
796 4003 925 4060 ergo
943 3989 1250 4046 existimavi
1284 4004 1478 4058 rogare
1517 3989 1744 4051 fratres.
1774 3997 1836 4044 ut

247 4083 599 4150 praeveniant
627 4084 694 4140 ad
738 4097 854 4150 vos,
894 4091 950 4137 et
978 4090 1284 4152 praeparent
1314 4082 1699 4151 repromissam
1732 4081 1832 4142 be-

249 4173 630 4228 nedictionem
675 4173 819 4232 hanc
845 4185 1092 4244 paratam
1124 4188 1269 4230 esse.
1310 4191 1330 4225 ι
1385 4172 1513 4228 Sive
1537 4188 1567 4226 a
1615 4173 1838 4227 benedi-

247 4267 460 4332 cendo,
503 4265 621 4320 sive
667 4266 793 4335 quia
823 4281 920 4337 per
945 4267 1344 4322 humanitatem
1379 4279 1572 4320 eorum
1606 4265 1833 4324 bettediv

250 4359 377 4412 ctio
399 4359 646 4414 nascitur
673 4357 794 4414 Dei.

331 4467 352 4500 ι
397 4448 490 4503 Sic
526 4451 682 4518 quasi
705 4450 1166 4513 benedictionem,
1190 4465 1298 4505 non
1326 4450 1480 4520 quasi
1505 4449 1835 4505 lavaritiam.

1924 1987 1972 2032 et
2004 1976 2106 2032 olei
2139 1978 2243 2042 sui,
2276 1974 2621 2044 multiplicati
2651 1982 2773 2028 sunt
2801 1971 2981 2042 (Paul.
3020 1970 3190 2040 Iv,8).

1998 2087 2018 2122 ι
2079 2068 2146 2125 Ut
2177 2069 2230 2122 in
2280 2067 2538 2122 omnibus
2593 2080 2812 2134 semper
2863 2079 3080 2119 omnem
3127 2060 3504 2118 sufﬁcientiam

1924 2164 2210 2227 habentes,
2273 2161 2564 2216 abundetis
2610 2159 2664 2212 in
2723 2171 2886 2212 omne
2925 2171 3062 2224 opus
3092 2156 3317 2215 bonum.
3363 2152 3506 2208 sicut

1923 2257 2186 2326 scriptum
2215 2263 2320 2310 est.
2353 2271 2373 2306 ι
2430 2252 2508 2306 ita
2542 2261 2602 2306 ut
2649 2260 2758 2305 tam
2823 2248 3127 2303 carnalium
3187 2246 3506 2300 misericoro

1923 2349 2093 2416 diam,
2123 2361 2284 2418 quam
2317 2343 2713 2414 spiritualium,
2745 2343 2799 2398 id
2825 2350 2932 2407 est,
2965 2339 3340 2395 doctrinarum
3367 2351 3507 2406 opus

1927 2441 2126 2495 bonum
2164 2435 2386 2506 possitis
2418 2432 2845 2504 implere,‘sicut
2867 2431 3129 2501 scripturn
3163 2441 3290 2486 est:

1999 2549 2020 2580 ι
2064 2529 2358 2599 Dispersit,
2413 2525 2564 2581 dedit
2632 2523 2982 2595 pauperibus.
3038 2539 3059 2575 ι
3124 2520 3254 2576 Sive
3311 2535 3508 2576 sensus

1925 2623 2300 2696 pauperibus,
2357 2620 2478 2675 sive
2529 2617 2875 2682 substantia;
2935 2617 3078 2669 sicut
3136 2613 3386 2683 superius
3433 2611 3512 2667 ait

1927 2715 2012 2787 (ll
2037 2715 2163 2772 Cor.
2192 2728 2312 2780 vtu,
2353 2711 2482 2783 ﬂ):
2515 2709 2736 2768 illorum
2768 2706 3105 2767 abundantia
3153 2715 3353 2763 vestrae
3379 2704 3500 2763 iuo-

1927 2809 2028 2878 piae
2053 2806 2126 2862 sit
2157 2804 2626 2874 supplementum.

2067 2895 2275 2956 Iustitia
2309 2896 2430 2967 ejus
2470 2903 2658 2950 manet
2684 2892 2740 2951 in
2767 2899 3056 2948 eternum.
3097 2907 3118 2942 ι
3154 2889 3340 2944 [tebus
3365 2898 3506 2944 tem.

1927 2988 2206 3060 poralibus
2224 2997 2427 3043 :eterua
2455 2985 2672 3055 Iustitia
2698 2993 3073 3052 comparatur.

2003 3101 2022 3136 ι
2059 3080 2162 3149 Qui
2192 3091 2374 3136 autem
2404 3077 2753 3133 administrat
2778 3089 2970 3130 semen
2995 3073 3318 3139 'seminanti,
3339 3080 3395 3126 et
3415 3085 3511 3142 pa-

1929 3188 2052 3228 nem
2086 3171 2152 3227 ad
2181 3168 2624 3226 manducandum
2675 3166 2980 3238 praestabit.
3021 3184 3040 3217 ι
3081 3165 3196 3220 Hoc
3238 3165 3314 3219 ait
3361 3165 3508 3234 quod

1934 3267 2076 3326 Deus
2112 3265 2202 3334 qui
2237 3263 2378 3319 velle
2413 3262 2492 3318 eis
2521 3261 2798 3330 pmstitit,
2827 3259 2993 3315 etiam
3033 3257 3214 3314 facere
3260 3257 3512 3326 perﬁciat

1934 3359 1988 3412 in
2032 3359 2208 3412 vobis.
2245 3354 2358 3410 iioc
2384 3363 2489 3418 est,
2529 3352 2672 3407 Deus
2704 3353 2796 3418 qui
2823 3351 2919 3406 tibi
2943 3351 3092 3406 dedit
3121 3351 3261 3404 unde
3288 3351 3514 3416 dispen-~

1931 3463 2042 3512 ses,
2071 3447 2405 3508 esurientem
2451 3447 2677 3499 minime
2723 3446 2983 3514 patietur.
3010 3442 3070 3498 Si
3106 3452 3286 3498 autem
3315 3442 3381 3495 ad
3422 3456 3520 3496 se-.

1934 3557 2057 3596 men
2115 3542 2266 3604 verbi
2325 3538 2528 3594 releras
2569 3539 2719 3605 :Qui
2769 3538 2918 3592 dedit
2968 3537 3202 3590 oliicium
3255 3537 3517 3602 docendi,

1934 3630 2210 3702 praestabit
2241 3639 2298 3690 et
2318 3643 2499 3690 escam
2526 3629 2620 3694 tibi
2654 3645 2669 3684 :
2705 3629 2866 3682 modo
2888 3627 2956 3681 ad
2986 3608 3089 3680 hoc
3119 3632 3297 3680 solutn
3317 3638 3520 3688 vacare,

1935 3726 2094 3780 velis.

2011 3835 2032 3868 s
2071 3816 2139 3871 Et
2172 3812 2555 3884 multiplicabit
2589 3825 2776 3878 semen
2839 3818 3144 3866 vestrum.»
3179 3807 3517 3868 llumllltatis

1935 3908 2018 3962 vel
2049 3908 2339 3963 sermonis.

2014 4019 2034 4058 ε
2081 4000 2147 4056 Et
2197 3998 2417 4068 augebit
2455 3997 2795 4051 incrementa
2857 3992 3071 4062 frugum
3124 3990 3354 4074 iustitia;
3418 4002 3512 4042 ve-

1936 4100 2082 4144 strae.
2125 4106 2143 4141 ι
2175 4087 2381 4158 Fruges
2411 4087 2639 4157 iustitia:
2664 4094 2789 4140 sunt
2815 4083 3131 4153 facultates,
3174 4097 3301 4146 cum
3337 4080 3407 4147 de
3434 4081 3516 4140 eis

1939 4185 1996 4236 tit
2025 4182 2256 4253 iustitia.
2281 4182 2412 4237 Cum
2440 4196 2572 4236 vero
2602 4189 2698 4234 ant
2741 4179 2925 4248 inique
2959 4187 3392 4246 congregantur,
3418 4185 3513 4240 aut

1937 4281 2004 4330 ad
2059 4273 2346 4328 avaritiam
2395 4271 2484 4326 vel
2543 4271 2853 4341 superbiam
2909 4269 3284 4340 possidentur,
3335 4267 3521 4335 fruges

1939 4364 2240 4433 iniquitatis
2279 4364 2436 4424 liuut.
2464 4361 2652 4418 Pretio
2682 4360 2826 4418 enim
2881 4373 3122 4428 gravatis
3157 4358 3426 4420 triticum,
3461 4358 3518 4424 in

1941 4454 2138 4524 populo
2170 4453 2514 4509 tnaletlicitur
2548 4469 2564 4509 :
2605 4453 2722 4508 sive
2753 4450 2938 4523 fruges
2971 4451 3198 4519 iustitia:
3231 4463 3515 4512 sermones

252 4540 380 4602 Hoc
411 4547 592 4594 autem
628 4542 752 4596 dico
780 4557 795 4596 :
825 4542 927 4607 Qui
957 4556 1120 4611 parce
1157 4542 1413 4605 setuiuat.
1445 4554 1611 4609 parce
1639 4549 1693 4593 et
1717 4553 1832 4620 1119-
1869 4559 1912 4612 ι)
1941 4554 2069 4600 sunt
2099 4544 2216 4599 Dei.
2255 4543 2331 4599 De
2359 4543 2538 4599 fructu
2569 4542 2717 4598 enim
2764 4541 3030 4595 lahiorum
3077 4553 3310 4600 suorum
3353 4539 3523 4606 satia;

251 4644 358 4688 tet.
400 4631 466 4690 Et
493 4634 586 4705 qui
608 4635 842 4690 seminat
870 4637 926 4689 in
959 4633 1447 4698 benedictionibus,
1480 4637 1547 4688 de
1613 4632 1842 4688 benedio

249 4711 548 4788 ctiobibus
598 4735 656 4780 et
711 4737 900 4782 metet.
941 4722 1332 4794 Unusquisque
1366 4735 1527 4793 prout
1555 4719 1846 4778 destinavit

251 4825 316 4878 in
373 4825 541 4877 corde
595 4834 719 4883 suo,
757 4834 957 4874 nones
996 4819 1220 4874 tristitia
1282 4830 1376 4872 aut
1433 4817 1776 4874 necessitate.
1819 4835 1838 4868 ι

251 4912 583 4970 Benedictio
621 4913 725 4968 erit
751 4913 798 4968 si
828 4922 983 4981 grato
1015 4911 1199 4966 animo
1232 4911 1522 4967 tribuatur.

337 5025 359 5057 s
400 5004 640 5062 Hilarem
681 5005 826 5064 enim
857 5005 1104 5062 datorem
1131 5003 1307 5074 diligit
1355 5002 1516 5057 Deus.
1555 5019 1574 5054 ι
1629 5001 1842 5056 Avarus

251 5113 449 5156 autem
491 5101 742 5158 hilariter
779 5101 910 5154 dare
956 5113 1063 5152 non
1095 5098 1268 5152 novit.
1311 5096 1372 5154 in
1405 5096 1631 5157 scientia
1663 5106 1843 5148 autem

251 5206 470 5249 avarus
499 5199 605 5258 est,
642 5192 733 5260 qui
787 5205 1007 5246 sensum
1066 5203 1174 5243 non
1211 5188 1325 5243 vult
1381 5187 1627 5256 implere,
1677 5200 1841 5254 quem

251 5285 461 5356 coepit.
495 5283 646 5340 Unde
700 5285 961 5339 Dominus
1016 5297 1290 5337 neminem
1343 5283 1398 5334 in
1461 5280 1550 5334 via
1602 5280 1845 5333 salutare

253 5375 528 5449 pracepit
556 5374 710 5447 (Luc.
763 5390 820 5440 x,
860 5374 967 5445 4):
1013 5375 1116 5430 hoc
1166 5382 1276 5436 est,
1333 5371 1474 5428 nulli
1532 5371 1846 5426 transitorie

260 5472 498 5524 verbum
543 5467 875 5523 annuntiare
927 5467 1142 5521 salutis.
1203 5463 1318 5519 ilnc
1358 5476 1442 5520 est
1507 5474 1716 5527 autem,
1751 5463 1843 5533 qui

257 5577 436 5630 parce
457 5561 711 5625 seminat,
749 5574 910 5628 parce
939 5568 994 5614 et
1043 5565 1232 5613 metet.
1259 5557 1461 5611 Contra
1496 5553 1843 5609 Joviniannm

255 5655 437 5709 etiam
475 5654 739 5708 biclocns
793 5652 946 5716 facit,
996 5651 1090 5705 ubi
1124 5651 1443 5704 meritorum
1484 5649 1684 5717 gradus
1725 5661 1847 5703 esse

259 5753 680 5802 monstrantur.
734 5743 802 5798 Et
849 5745 942 5812 qni
972 5742 1211 5797 seminat
1255 5743 1307 5792 in
1341 5737 1841 5798 benedictionibus.

255 5840 337 5895 de
385 5839 862 5895 benedictionibus
897 5847 952 5893 et
1008 5846 1194 5891 metet.
1239 5833 1581 5889 Ecoutrat'io
1609 5847 1740 5901 ergo
1787 5830 1842 5886 in

1949 4635 2100 4690 bitur
2131 4633 2352 4704 sapiens
2373 4630 2560 4700 (Prov.
2599 4646 2722 4694 xm,
2753 4630 2834 4700 3).

2025 4743 2043 4776 ‹
2089 4722 2160 4779 Ut
2200 4726 2251 4778 in
2275 4723 2534 4778 omnibus
2555 4723 2872 4792 locupletati
2899 4722 3190 4778 abundetis
3215 4722 3270 4776 in
3299 4737 3521 4783 oniumn

1946 4814 2373 4884 simplicitatem,
2395 4828 2520 4878 qua
2580 4824 2843 4882 Operatur
2897 4829 3002 4882 per
3057 4830 3159 4869 nos
3218 4813 3519 4882 gratiarum

1948 4905 2214 4960 actionem
2249 4902 2378 4959 Deo.
2409 4921 2428 4956 ι
2461 4900 2529 4958 Ut
2549 4904 2668 4958 sine
2685 4903 3282 4958 discretioneomuibus
3313 4903 3527 4967 simpli-1

1945 4998 2088 5050 citer
2133 4994 2508 5065 indigentibus
2560 4994 2838 5054 tribuatis.
2884 4994 3002 5050 Non
3037 5003 3365 5066 quaerentes,
3407 4997 3519 5066 cui,

1946 5089 2040 5142 sed
2067 5099 2238 5153 quare
2259 5063 2418 5141 detis.
2487 5127 2497 5137 .
3056 5063 3070 5074 τ
3358 5067 3362 5072 ’
3475 5063 3524 5160 ι’

2025 5196 2043 5228 ι
2082 5178 2350 5242 Quoniam
2399 5177 2762 5236 ministerium
2795 5177 2958 5248 hujus
2986 5175 3146 5246 oliicii
3199 5189 3307 5230 non
3343 5174 3520 5228 auium

1948 5272 2162 5340 supplet
2189 5286 2254 5328 ea
2299 5286 2423 5342 qua
2449 5273 2651 5329 desuat
2679 5271 2908 5333 sanctis,
2938 5271 3034 5324 sed
3068 5268 3233 5322 etiam
3255 5269 3516 5330 abundat,

1951 5378 2046 5429 per
2081 5362 2278 5416 multas
2312 5360 2614 5432 gratiarum
2684 5361 2932 5416 actiones
2975 5360 3028 5415 in
3064 5360 3316 5414 Domino.
3357 5377 3376 5408 ι
3414 5357 3525 5410 Du-

1950 5457 2141 5524 plicem
2199 5451 2429 5520 potestis
2481 5454 2683 5507 habere
2733 5451 3040 5507 mercedem
3081 5461 3182 5508 :et
3237 5452 3530 5521 perfectio-

1953 5565 2075 5604 nem
2107 5559 2455 5614 sanctorum,
2489 5558 2546 5604 et
2577 5547 2875 5618 gratiarum
2906 5548 2960 5600 in
2988 5547 3226 5602 Domino
3258 5547 3524 5601 actiones.

1949 5645 2166 5699 Aliter:
2206 5640 2323 5696 Non
2385 5642 2562 5697 solum
2625 5643 2784 5698 docet
2845 5652 3090 5703 sanctos.
3142 5644 3238 5696 sed
3299 5641 3530 5697 [inmitto

1950 5737 2153 5804 grtias
2180 5736 2312 5804 agit,
2339 5735 2430 5802 qui
2463 5749 2565 5789 nos
2591 5742 2740 5787 tanta
2783 5735 3050 5800 sapientia
3082 5737 3338 5788 erudivit.

2029 5847 2045 5880 t
2078 5829 2176 5884 l'et‘
2205 5827 2580 5897 probationem
2610 5826 2904 5883 ministerii
2938 5829 3120 5899 hujus,
3158 5826 3529 5899 gloriﬁcantes
