3954 6194
518 305 619 372 831

1460 307 1522 369 s.
1566 305 2015 368 HlEltONYMi
2059 304 2385 367 eranum
2430 292 2838 370 MANTISSA.

3632 311 3719 375 839.

496 425 665 478 Deum
698 425 753 480 in
788 421 1101 477 obcdientia
1144 420 1506 477 confessionis
1548 430 1769 485 vestrae,
1808 421 1865 476 in
1897 419 2083 475 Evan-
2107 423 2157 481 ,Δ
2186 420 2529 490 spiritualis:
2574 421 2720 476 sicut
2760 421 2909 475 illum
2962 434 3220 491 maguum
3249 419 3365 475 vias
3393 421 3591 479 Domini
3622 440 3722 496 per-

494 515 638 582 gctio
672 513 894 568 Christi.
937 530 957 564 ι
1014 510 1116 566 Per
1149 512 1250 565 hoc
1305 510 1671 566 ministerium
1708 523 1834 565 esse
1873 510 2075 578 proba-

497 605 631 658 ntini
664 602 985 667 Christiani,
1016 600 1427 671 magniﬁcantes
1481 602 1644 656 Deum
1709 615 1807 669 per
1849 612 2077 669 operum

497 694 934 758 cutilessionettt,
986 692 1186 747 sicnte
1213 691 1498 746 contrario
1539 691 1633 745 alii
1684 690 1844 747 iactis
1875 703 2078 759 negare

496 786 773 843 dicuntur.
829 784 1003 838 Aliter
1048 799 1065 839 :
1102 782 1349 838 Perfer-te
1391 782 1623 847 docetis,
1684 791 1739 834 et
1787 779 2080 835 ostenditis

497 876 735 929 divinum
783 891 923 940 esse,
960 876 1015 931 in
1056 889 1165 944 quo
1214 874 1391 929 Deum
1423 887 1519 945 per
1548 872 1912 931 obedientiam
1966 886 2082 927 ma-

498 968 793 1036 gttiﬁcatis.
1298 984 1305 993 ‘

578 1077 598 1113 ι
636 1060 701 1114 Et
731 1058 1085 1129 simplicitate
1107 1056 1620 1116 communicationis
1638 1065 1836 1111 vestrae
1861 1055 1913 1109 in
1933 1054 2076 1119 illos,

499 1150 640 1205 etin
681 1167 896 1217 omnes,
931 1161 987 1207 et
1041 1151 1095 1206 in
1149 1150 1393 1220 ipsorum
1427 1149 1810 1205 obsecratione
1858 1162 1956 1216 pro
1990 1162 2083 1201 vo-

450 1240 457 1246 ’
505 1248 611 1302 bis.
651 1265 669 1297 ι
706 1245 765 1300 ltt
799 1260 990 1299 omnes
1023 1243 1348 1312 simpliciter
1383 1241 1708 1305 tribuentes,
1734 1240 1852 1294 sive
1884 1239 2082 1295 docen-

504 1349 586 1394 tes
636 1338 796 1400 bona,
838 1351 961 1406 quae
990 1333 1408 1389 communicatis
1436 1331 1617 1401 potius
1644 1345 1809 1400 quam
1838 1330 2079 1396 donatis,

503 1429 639 1483 certi
670 1443 764 1481 vos
790 1443 915 1483 cum
951 1425 1237 1495 multiplici
1280 1439 1344 1479 ca
1367 1423 1555 1478 fenore
1585 1429 1923 1492 recepturos.
1958 1420 2082 1481 ilice

502 1521 688 1574 omnia
745 1528 1006 1588 Operatur
1061 1513 1467 1571 administratio
1524 1512 1689 1582 hujus
1747 1511 1911 1569 ofﬁcii
1961 1526 2129 1581 qua:-

503 1611 674 1664 etiam
704 1610 756 1663 iu
783 1610 886 1663 hoc
914 1607 1179 1662 abundat.

577 1722 598 1755 ι
641 1702 1069 1756 Desiderantintn
1118 1715 1221 1755 vos
1250 1739 1266 1762 ,
1302 1707 1528 1770 propter
1574 1696 1909 1753 eminentem
1959 1708 2085 1766 gra-

506 1796 635 1849 tiam
671 1795 762 1850 Dei
796 1794 847 1847 in
879 1794 1051 1847 vobis.
1089 1810 1109 1844 ι
1146 1790 1282 1859 Quis
1309 1801 1488 1845 autem
1525 1806 1630 1846 non
1682 1788 1960 1846 desideret
1990 1798 2077 1841 ta-
2110 1766 2157 1825 Π

507 1891 610 1940 lt-m
648 1896 868 1955 propter
893 1885 1149 1954 gratiam,
1179 1884 1296 1937 sive
1327 1883 1596 1948 scientiae,
1628 1882 1746 1937 sive
1778 1879 2086 1937 misericor-

504 1980 628 2042 dia.
665 1980 876 2033 caeteris
899 1980 1229 2033 eminentem
1252 1976 1276 2029 ?

582 2091 601 2125 t
646 2071 865 2127 Gratias
882 2088 981 2140 ago
1014 2073 1122 2126 Deo
1153 2084 1318 2138 super
1339 2066 1693 2123 inenarrabili
1726 2066 1870 2121 dono
1898 2064 2036 2135 ejus.
2058 2081 2077 2117 ι

506 2166 608 2233 Qui
652 2177 859 2221 tantam
911 2165 1072 2219 nobis
1122 2162 1354 2233 gratiam
1408 2159 1613 2228 pietate
1676 2174 1776 2214 sua
1837 2157 2087 2212 conferre

507 2262 765 2330 dignatus
789 2266 895 2313 est.
929 2258 1007 2313 De
1033 2256 1211 2313 armis
1238 2252 1557 2311 carnalibus
1580 2261 1653 2319 ,ει
1680 2249 2083 2322 spiritualibus,

505 2361 561 2407 et
580 2354 649 2405 de
678 2351 917 2418 Apostoli
949 2358 1239 2418 potestate.
1270 2345 1412 2407 etde
1434 2347 1518 2407 his
1550 2345 1642 2416 qui
1676 2343 1894 2412 seipsos
1920 2355 2082 2399 com-

510 2447 771 2503 mentiare
795 2453 1088 2503 conantur.

1125 2598 1353 2663 CAPUT
1392 2596 1459 2657 Χ.

585 2738 606 2771 ι
646 2718 765 2788 Ipse
791 2727 972 2771 autem
1022 2729 1124 2784 ego
1155 2712 1380 2777 Paulus,
1431 2711 1661 2790 obsecro
1694 2723 1793 2764 vos
1810 2722 1910 2778 per
1936 2723 2087 2763 man,

510 2813 854 2874 suetudinem
896 2819 956 2863 et
1009 2807 1329 2865 modestiam
1380 2803 1605 2861 ChriSti.
1647 2821 1666 2859 ι
1694 2802 1764 2855 Ea
1808 2815 1906 2857 vos
1934 2814 2088 2855 man-

441 2908 447 2915 ’
510 2904 797 2962 suetudine
833 2916 963 2973 rogo
1008 2915 1113 2968 qua
1168 2897 1445 2961 Christus,
1477 2909 1603 2951 eum
1644 2909 1711 2949 se
1782 2900 1973 2962 posset
2020 2896 2088 2947 de

512 2997 796 3068 iniuriosis
837 2994 1053 3058 ulcisci,
1101 2992 1298 3055 noluit,
1345 2998 1401 3045 ut
1450 2989 1534 3045 vel
1586 3000 1713 3042 sero
1751 3000 1811 3041 se
1846 2983 2089 3052 corrige—

512 3100 656 3149 rent.

591 3204 612 3238 ι
655 3182 758 3250 Qui
788 3182 843 3235 in
899 3178 1038 3235 facie
1066 3176 1287 3246 quidem
1325 3171 1551 3229 humilis
1586 3186 1709 3233 sum
1756 3171 1903 3225 inter
1927 3181 2024 3221 vos
2064 3179 2082 3225 ι

513 3280 715 3333 absens
759 3284 942 3328 autem
972 3269 1187 3324 conlido
1238 3267 1293 3321 in
1326 3265 1497 3320 vobis.
1549 3283 1568 3317 ι
1606 3263 1833 3330 Semper
1860 3266 2084 3315 sancto-

520 3386 639 3425 rum
676 3366 993 3438 praesentia,
1051 3377 1149 3432 per
1199 3349 1441 3416 nimiam
1481 3355 1869 3416 humilitatem.
1911 3351 2090 3426 minus

516 3462 949 3533 intelligentibus
1012 3468 1194 3530 potest
1241 3472 1365 3513 esse
1415 3453 1777 3521 contemptui.
1820 3451 2091 3506 Absentes

514 3573 651 3613 vero
690 3560 735 3611 si
779 3569 1007 3610 necesse
1037 3554 1226 3615 fuerit,
1261 3550 1606 3607 conﬁdenter
1638 3560 1791 3601 suam
1845 3543 2094 3597 indicant

519 3656 870 3721 potestatem.
928 3644 1035 3712 Qui
1076 3653 1378 3715 praesentes
1411 3641 1491 3693 sic
1551 3646 1699 3701 sunt,
1746 3635 1901 3703 quasi
1955 3631 2091 3686 nihil

514 3738 727 3810 possint
784 3736 987 3791 habere
1029 3736 1292 3787 virtutum
1333 3749 1348 3786 :
1386 3729 1434 3785 si
1483 3739 1667 3784 tamen
1720 3722 1859 3783 nihil
1906 3722 2094 3779 delicti

520 3833 817 3900 repererint
851 3827 904 3881 in
931 3826 1220 3897 subjectis.

594 3944 614 3975 ι
652 3924 803 3986 Rogo
854 3931 1039 3975 autem
1088 3932 1205 3983 vos,
1242 3931 1310 3972 ne
1360 3927 1606 3983 presens
1659 3911 1911 3965 audeam.
1947 3927 1965 3959 ι
2017 3905 2093 3960 Ita

518 4019 680 4088 agite,
711 4031 780 4071 ne
812 4015 943 4067 mihi
981 4025 1204 4066 necesse
1229 4011 1298 4063 sit
1328 4007 1677 4062 manifestare
1704 4006 1979 4058 virtutem.

598 4130 617 4161 ι
660 4108 762 4162 Per
810 4121 932 4161 eam
983 4102 1392 4164 conﬁdentiam,
1426 4116 1530 4169 qua
1578 4098 1867 4153 existimor
1895 4092 2098 4148 audere

524 4205 577 4256 itt
613 4200 902 4270 quosdam.
944 4216 962 4249 ι
1002 4196 1135 4249 Nam
1185 4195 1365 4249 omnis
1412 4189 1746 4247 existimatio
1798 4187 1936 4243 facta
1989 4194 2095 4249 est,

524 4296 669 4349 sicut
704 4299 808 4346 est.
845 4288 983 4344 Puto
1004 4297 1185 4342 autem
1215 4285 1357 4354 quod
1386 4292 1440 4338 et
1469 4296 1572 4353 ego
1602 4280 1854 4351 spiritum
1882 4276 1978 4333 Dei
2004 4280 2099 4332 Ita-

525 4386 722 4459 bramﬂ

2184 514 2359 569 versis
2407 514 2875 585 disputationibus
2924 516 3328 570 subvertentem
3386 512 3576 570 Paulus
3614 533 3720 573 vero

2181 608 2405 663 caecavit
2439 608 2579 679 (Act.
2632 622 2753 673 ιιιι,
2802 606 2916 678 il),
2980 607 3111 661 item
3140 605 3479 675 cognitiones
3508 609 3720 665 aurem-

2184 699 2314 764 rias,
2340 714 2464 770 quae
2485 702 2749 756 adversus
2764 698 3044 753 Christum
3069 706 3385 769 suggerunt,
3405 698 3718 759 dcstruendas

2182 790 2336 845 dicit.

2260 899 2280 933 t
2328 880 2395 935 Et
2426 894 2643 936 omnem
2674 879 3015 936 altitudinem
3041 879 3391 936 extollentem
3418 894 3480 935 se
3502 882 3717 938 adversus

2183 975 2471 1032 scientiam
2501 976 2620 1031 Dei.
2652 992 2673 1029 ι
2712 975 2851 1042 Quid
2888 984 2996 1029 tam
3027 975 3343 1043 superbum,
3370 990 3532 1045 quam
3561 976 3718 1035 divinis

2181 1068 2456 1126 contraire
2487 1068 2749 1124 doctrinis
2774 1069 2799 1122 ‘l

2258 1177 2278 1212 t
2330 1160 2396 1213 Et
2435 1159 2487 1213 in
2528 1159 2902 1229 captivitatem
2941 1159 3249 1231 redigentes
3282 1173 3499 1214 omnem
3547 1157 3717 1213 intelleo

2183 1258 2358 1316 ctum,
2382 1251 2435 1306 in
2465 1249 2788 1321 obsequium
2811 1249 3039 1307 Christi.
3072 1269 3092 1302 ι
3124 1251 3255 1311 Illos
3280 1250 3603 1307 destruimtts
3625 1250 3715 1321 qui,

2184 1341 2287 1397 sub
2325 1342 2544 1397 nomine
2597 1341 2844 1411 obsequii
2900 1340 3127 1407 Christi,
3159 1355 3376 1395 omnem
3425 1339 3716 1395 intellectum

2185 1432 2476 1488 sententiae
2508 1433 2733 1500 cupiunt
2764 1432 3070 1502 captivarc.

2261 1544 2282 1577 ι
2324 1524 2389 1577 Ει
2421 1526 2474 1578 in
2507 1536 2757 1593 promptu
2798 1524 3062 1581 habentes
3096 1524 3285 1581 ulcisci
3319 1538 3539 1580 onmem
3569 1523 3721 1578 inobeo

2185 1617 2468 1680 dientiam,
2504 1631 2627 1671 cum
2665 1617 2883 1686 impleta
2938 1616 3102 1672 fuerit
3147 1627 3323 1672 vestra
3359 1617 3669 1672 obedientia.
3703 1635 3717 1666 ι

2188 1709 2369 1763 Parati
2402 1709 2471 1764 ad
2495 1709 2865 1766 ulciscendum
2901 1724 3116 1765 omnem
3152 1709 3598 1770 innbedientiam.
3623 1724 3717 1761 cunt

2190 1800 2406 1871 impleta
2468 1799 2633 1857 fuerit
2688 1801 3017 1856 obedientia.
3071 1799 3183 1855 Hoc
3240 1800 3376 1854 dicit
3442 1798 3718 1868 Apostolus.

2189 1895 2350 1949 modo
2389 1903 2637 1962 paratum
2678 1908 2736 1949 se
2769 1908 2888 1949 esse
2939 1893 3123 1948 ulcisci
3173 1906 3389 1947 omnem
3444 1891 3719 1949 inobcdieu-

2188 1986 2339 2050 tiam,
2372 2000 2497 2042 cum
2529 2001 2590 2042 ea
2621 2000 2740 2053 qua:
2786 1986 3200 2056 praecipiuntur,
3232 1982 3719 2052 impleverintJtem

2187 2094 2308 2133 cum
2337 2078 2448 2147 jam
2497 2089 2673 2132 vestra
2713 2092 2809 2149 per
2840 2094 2937 2133 nos
2978 2077 3283 2134 obedientia
3324 2075 3490 2129 t‘nnrit
3520 2075 3720 2143 impleta,

2188 2168 2264 2224 illi
2299 2184 2407 2223 non
2436 2169 2757 2235 audiuntur,
2786 2180 3106 2239 potestatem
3133 2184 3191 2223 se
3240 2165 3553 2222 vindicandi
3595 2180 3726 2219 acce-

2190 2259 2339 2329 pisse
2372 2274 2401 2312 a
2436 2258 2688 2325 Domino,
2723 2262 2851 2329 quia
2889 2258 3251 2313 mentiuntur.

2264 2390 2283 2427 t
2332 2374 2463 2439 Qua:
2497 2376 2793 2429 secundum
2828 2364 3199 2442 faciem'sunt,
3230 2372 3430 2427 videte.
3474 2389 3495 2424 ι
3535 2369 3632 2423 [loc
3657 2377 3725 2423 est

2189 2464 2258 2519 ab
2287 2465 2396 2521 illis
2425 2466 2514 2534 qui
2547 2467 2599 2520 in
2632 2464 2767 2520 facie
2812 2464 3138 2535 gloriantur,
3166 2473 3378 2521 cavete.
3409 2462 3542 2519 Tum
3580 2465 3727 2517 mani-

2190 2555 2324 2611 festa
2377 2564 2459 2612 est
2511 2558 2585 2612 rei
2647 2559 2909 2627 probatio,
2941 2568 3000 2611 ut
3036 2557 3291 2610 facillima
3347 2557 3418 2611 sit
3470 2557 3729 2610 intellectu.

2191 2645 2319 2702 Sive
2352 2649 2419 2703 ab
2451 2649 2533 2702 his
2566 2648 2863 2721 hypocritis
2901 2648 3050 2702 vobis
3078 2656 3290 2715 cavete,
3316 2648 3409 2713 qui
3440 2649 3495 2701 in
3524 2662 3730 2713 praesen-

2188 2736 2278 2792 tia“
2298 2736 2624 2808 gloriantur.

2267 2867 2285 2900 t
2323 2847 2379 2904 Si
2426 2849 2549 2919 quis
2580 2849 2807 2913 conlidit
2863 2850 3069 2907 Christi
3120 2864 3181 2921 se
3228 2863 3370 2909 esse.
3404 2849 3512 2909 hoc
3564 2847 3737 2915 engitet

2190 2939 2387 2997 iterum
2417 2943 2556 3012 apud
2605 2957 2664 2999 se
2692 2981 2707 3006 .
2745 2943 2869 3011 quia
2904 2943 3051 2997 sicut
3078 2951 3134 2997 et
3184 2942 3301 3010 ipse
3326 2940 3535 2997 Christi
3565 2948 3661 2999 est.
3680 2941 3738 2991 ita

2189 3043 2244 3087 et
2275 3050 2392 3089 nos.
2435 3054 2454 3095 ι
2486 3032 2656 3091 Nemo
2683 3042 2793 3095 tam
2826 3036 3032 3095 stultus
3058 3046 3164 3102 est,
3200 3047 3362 3105 quam
3393 3032 3737 3103 quiessetum

2113 3131 2160 3193 ο
2187 3123 2390 3181 Christi
2420 3141 2541 3185 csse
2570 3128 2861 3196 gloriatur.

2269 3256 2289 3291 t
2332 3238 2468 3295 Nam
2507 3241 2611 3295 etsi
2662 3242 2907 3310 amplius
2952 3241 3154 3309 aliquid
3211 3242 3480 3311 gloriatus
3518 3240 3662 3295 fuero
3684 3238 3735 3291 de

2193 3340 2459 3400 potestate
2508 3345 2720 3396 nostra,
2753 3349 2915 3401 quam
2970 3334 3124 3390 dedit
3179 3335 3334 3390 nobis
3398 3333 3655 3387 Dominus
3694 3330 3739 3384 in

2192 3421 2636 3479 aediﬁcationem.
2674 3444 2693 3475 ι
2720 3425 2857 3481 Nam
2890 3426 2995 3480 etsi
3032 3441 3120 3481 tne
3157 3428 3330 3497 magis
3369 3433 3686 3494 potestatem
3717 3435 3739 3471 ι

2194 3515 2414 3573 Christo
2458 3517 2736 3583 accepisse
2792 3517 3003 3580 dixero,
3026 3533 3190 3588 quam
3236 3526 3581 3582 casteros.ut
3629 3515 3743 3585 Apo-

2193 3608 2389 3670 stolus,
2420 3625 2526 3663 non
2588 3612 2905 3664 erubescam
2944 3626 2959 3665 :
2993 3613 3119 3679 quia
3154 3626 3343 3665 verum
3393 3613 3545 3675 dico,
3576 3621 3627 3664 et
3658 3622 3743 3663 nos

2197 3700 2406 3771 gloriae.
2442 3706 2538 3759 sed
2590 3702 2969 3757 azdiileationis
2998 3716 3159 3757 causa
3195 3703 3519 3772 compulsus
3552 3698 3745 3757 bach.
3835 3760 3839 3764 .
3876 3698 3877 3772 ᾗ

2195 3807 2303 3849 61οο

2272 3925 2291 3957 t
2333 3906 2399 3960 Et
2448 3920 2550 3960 non
2613 3906 3048 3962 destructionem
3103 3915 3341 3962 vestram
3378 3922 3537 3965 :non
3583 3905 3747 3961 eruite.

2196 4011 2370 4053 scam.
2415 4015 2433 4047 ι
2473 3994 2709 4067 Natnjlli
2741 4008 2795 4051 et
2829 4007 3142 4066 usurpatam
3174 4007 3231 4052 et
3264 3997 3317 4052 in
3347 3997 3746 4052 destructionem

2195 4104 2453 4146 exercere
2484 4089 2713 4157 cupiunt
2750 4100 3096 4157 potestatem.

2202 4205 2217 4217 -
2275 4200 2297 4234 ι
2338 4180 2409 4236 Ut
2437 4190 2621 4237 autem
2677 4196 2785 4235 non
2822 4182 3106 4239 existimer
3128 4191 3391 4253 tanquam
3436 4194 3644 4238 terrere
3672 4194 3751 4233 vos

2196 4289 2295 4346 per
2326 4275 2586 4346 epistolas
2612 4292 2626 4328 :
2658 4277 2912 4343 quoniam
2942 4275 3158 4344 quidem
3211 4275 3481 4343 epistolae.
3504 4275 3748 4342 inquiunt,

2197 4382 2391 4439 graves
2436 4374 2566 4422 sunt
2621 4376 2673 4423 et
2728 4368 2938 4421 fortes:
2968 4368 3255 4437 praesentia
3307 4378 3493 4422 autem
3530 4363 3752 4431 corporis

602 4496 621 4530 ι
666 4478 768 4542 Qui
799 4474 1142 4529 arbitrantur
1186 4483 1286 4524 nos
1317 4478 1576 4537 tanquam
1624 4464 1923 4521 secundum
1974 4480 2099 4519 ηι-
2129 4468 2173 4523 ι)
2204 4459 2415 4513 inﬁrma
2467 4466 2520 4514 et
2567 4472 2749 4515 sermo
2798 4460 3246 4529 contemptibilis.
3279 4480 3299 4515 ι
3339 4460 3454 4516 lloc
3482 4460 3605 4515 ideo
3631 4460 3750 4518 dico.

529 4585 651 4623 nem
687 4567 1047 4622 ambulemus.
1096 4581 1116 4614 ι
1159 4563 1261 4629 Qui
1291 4570 1481 4630 putant
1531 4572 1630 4613 nos
1674 4557 1805 4612 nihil
1863 4558 2095 4627 amplius

524 4660 738 4718 steteris
767 4657 1074 4714 hominibus
1100 4656 1303 4710 habere
1332 4652 1567 4708 virtutis.

603 4770 623 4803 ι
666 4751 727 4806 In
744 4765 909 4805 carne
923 4748 1069 4803 enim
1086 4746 1563 4806 ambulantes.non
1586 4753 1771 4799 tamen
1794 4741 2096 4798 secundum

528 4860 749 4901 carnem
802 4843 1124 4898 militamus.
1152 4838 1285 4893 Nam
1313 4851 1468 4892 arma
1524 4836 1731 4890 militia:
1761 4844 1964 4890 nostra:
1989 4847 2098 4887 non

530 4936 769 4991 carnalia
794 4931 1042 4999 sunt,sed
1065 4933 1305 5001 potentia
1329 4929 1461 4984 Deo.
1489 4947 1507 4979 ι
1530 4927 1589 4982 lu
1610 4941 1837 4996 corpore
1854 4925 2101 4981 videmur

529 5029 806 5093 incedere,
821 5024 917 5082 sed
938 5033 996 5077 ut
1023 5024 1113 5078 Dei
1136 5022 1372 5077 ministri
1396 5017 1758 5089 spiritualiter
1781 5015 2095 5071 militamus.

531 5118 698 5180 Arma
720 5122 921 5190 quippe
940 5118 1144 5173 militiae
1163 5124 1367 5171 nostrae
1381 5126 1491 5167 non
1508 5121 1632 5166 sunt
1663 5108 1807 5165 facta
1822 5109 1892 5164 de
1930 5107 2095 5173 ferro,

535 5232 632 5271 nec
667 5230 828 5269 manu
853 5213 1089 5269 hominis
1116 5209 1377 5264 fabricata
1409 5204 1671 5267 sunt,sed
1686 5201 1929 5275 potentia
1961 5200 2053 5254 Dei
2083 5214 2098 5253 :

534 5326 638 5379 qua
693 5312 815 5380 plus
854 5308 938 5363 vel
970 5306 1133 5361 verbo
1165 5316 1318 5370 agas,
1350 5312 1513 5367 quam
1549 5296 1640 5349 alii
1694 5297 1944 5349 homines
1977 5306 2101 5346 car-

535 5405 750 5459 nalibus
767 5403 957 5456 armis.

617 5516 635 5548 ι
687 5496 766 5550 Ad
815 5493 1235 5549 destructionem
1290 5487 1652 5542 munitionum
1706 5477 1941 5534 consilia
2003 5474 2101 5551 tle-5

538 5599 831 5644 struentes.
862 5604 883 5638 ι
920 5585 1168 5640 Munium
1193 5581 1337 5636 enim
1363 5589 1417 5634 et
1439 5572 1778 5632 circumdant
1802 5568 2101 5624 doctrinam

544 5693 696 5730 suam
738 5676 860 5730 falsi
897 5677 1147 5730 doctores
1184 5670 1399 5726 astutiae
1433 5664 1790 5735 argumentis,
1833 5673 1965 5729 quas
2012 5672 2103 5711 ae-

548 5780 672 5819 reas
706 5777 1001 5833 potestates
1049 5762 1341 5832 Apostolus
1393 5757 1624 5813 destruit
1670 5755 1868 5841 virtute
1921 5749 2104 5820 gratiae

2205 4565 2273 4605 ne
2302 4551 2424 4620 quis
2460 4565 2547 4606 me
2577 4560 2724 4619 putet
2760 4552 2848 4607 illa
2889 4554 3235 4614 cmmninari.
3263 4568 3384 4620 qua:
3417 4554 3643 4623 implere
3666 4565 3751 4605 non

2204 4656 2446 4712 possum,
2488 4651 2547 4696 ut
2580 4642 2648 4697 de
2684 4657 2769 4698 me
2794 4645 3006 4711 iactant
3037 4643 3378 4716 decr-plores.

2279 4750 2300 4785 t
2344 4733 2455 4789 lloc
2504 4735 2726 4803 cogitet,
2776 4736 2866 4803 qui
2916 4736 3183 4804 ejusmodi
3238 4747 3319 4792 est
3352 4754 3368 4791 :
3401 4740 3534 4806 quia
3593 4736 3755 4803 quales

2205 4841 2395 4881 sumus
2428 4826 2592 4879 verbo
2625 4841 2721 4895 per
2764 4826 3022 4896 epistolas
3072 4830 3346 4894 absentes,
3372 4829 3510 4883 tales
3552 4839 3605 4883 et
3641 4842 3753 4894 prr-

2206 4926 2389 4971 sentes
2435 4917 2489 4970 itt
2544 4916 2715 4972 facto.
2763 4934 2782 4968 ι
2820 4917 2921 4983 Qui
2956 4927 3109 4987 putat
3149 4918 3275 4982 hoc,
3305 4920 3443 4972 sciat
3468 4920 3650 4972 omnia
3686 4930 3756 4969 me

2208 5022 2369 5077 posse
2422 4995 2640 5070 facere:
2671 5008 2714 5063 si
2768 5023 2995 5064 necesse
3029 5010 3119 5073 sit,
3167 5025 3287 5078 qua!
3331 5014 3613 5079 promitto.
3641 5007 3753 5062 Nam

2208 5100 2591 5153 obedientibus
2619 5114 2715 5164 per
2738 5100 3101 5153 humilitatem
3136 5086 3383 5156 infirmus
3410 5119 3424 5155 :
3454 5113 3513 5156 et
3545 5115 3757 5170 peccan-

2208 5192 2354 5248 tibus
2381 5207 2476 5261 per
2503 5193 2845 5247 severitatem
2877 5189 3032 5244 fortis
3057 5191 3279 5245 exsisto.

2287 5303 2308 5337 ι
2352 5282 2469 5338 Non
2526 5284 2670 5338 enim
2703 5283 2979 5336 andetuus‘
3013 5281 3280 5346 inserere,
3317 5290 3409 5335 aut
3457 5292 3757 5350 comparare
3828 5344 3835 5353 ο

2212 5393 2314 5433 nos
2370 5376 2695 5446 quihusdam
2726 5375 2816 5443 qui
2847 5374 3058 5441 seipsos
3090 5374 3490 5428 commendant.
3533 5392 3552 5424 ι
3581 5373 3633 5425 Id
3667 5378 3753 5431 est,

2212 5486 2318 5524 non
2350 5470 2616 5524 debemus
2643 5470 2714 5520 ita
2750 5467 2918 5520 Deum
2952 5476 3324 5527 contemnere,
3349 5474 3409 5518 ut
3436 5474 3760 5532 cotequcmnr

2213 5561 2510 5630 aliquibus,
2542 5562 2633 5629 qui
2667 5561 2781 5613 suis
2803 5557 3052 5611 laudibus
3079 5558 3289 5610 malunt
3340 5568 3501 5624 quam
3534 5552 3627 5605 Dei
3657 5564 3763 5617 gra-

2217 5656 2288 5705 tia
2328 5652 2719 5715 commendari,
2758 5666 2861 5704 nt-c
2896 5651 2965 5704 de
3013 5648 3175 5704 nobis
3227 5660 3520 5717 possumus
3580 5641 3764 5711 maiora

2211 5749 2417 5818 jactare
2444 5760 2605 5814 quam
2637 5756 2842 5799 sumus.
