3956 6196
193 289 301 352 83’ἶ

1197 283 1612 348 EXPOSITIO
1653 283 1732 342 IN
1765 282 2010 346 EPIST.
2045 287 2101 344 II
2137 289 2235 346 AD
2264 287 2432 346 COP.

3357 287 3462 352 84

269 422 287 455 ι
329 402 434 457 Sed
467 409 521 455 et
563 401 664 470 ipsi
696 400 749 454 in
798 399 954 454 nobis
990 399 1359 467 nosmetipsos
1392 396 1698 450 metientes.
1746 413 1764 445 ι
1799 417 1844 475 Δ
1871 394 1980 463 jam
2017 395 2288 450 illaturu‘n
2326 393 2478 465 (Cen.
2514 413 2599 460 ιιι,
2623 399 2676 462 4,
2713 399 2790 467 5).
2818 399 2894 452 Ita
2931 405 2981 451 et
3015 401 3458 470 pseudoapostoli

193 494 306 549 Non
338 492 650 549 excetlimus
682 507 948 544 mensura:
983 498 1179 544 nostra:
1209 489 1494 543 terminos.

268 605 287 636 ι
338 584 402 638 Et
437 593 816 651 comparantes
850 583 1206 648 nosmetipsos
1241 581 1416 635 nobis.
1466 599 1485 632 ι
1523 578 1638 633 Non
1677 579 1772 633 mi-

191 679 420 732 noribus
454 692 468 731 :
502 675 645 730 sicut
677 690 798 728 cum
834 673 906 726 illi
938 673 1068 726 nihil
1115 673 1248 738 sint,
1287 671 1549 741 apostolis
1579 685 1639 726 se
1669 685 1773 726 non

191 767 356 822 modo
395 765 634 836 aequales
667 765 898 825 faciunt,
930 765 1022 817 sed
1063 763 1226 817 etiam
1268 771 1632 830 anteponunt.

271 877 291 910 ι
342 857 449 911 Nos
500 868 684 911 autem
744 855 940 909 nonin
993 854 1319 909 immensum
1380 853 1772 922 gloriabimur:

190 953 290 1008 sed
318 949 640 1004 secundum
677 961 991 1002 mensuram
1031 947 1252 1017 regulae,
1282 962 1387 1015 qua
1434 959 1652 999 mensus
1693 953 1778 1000 est

193 1043 355 1097 nobis
397 1040 538 1094 Deus
593 1053 904 1093 mensuram
950 1037 1293 1106 pertingendi
1345 1053 1518 1106 usque
1554 1038 1619 1091 ad
1655 1053 1774 1093 vos.

189 1134 315 1188 Non
343 1134 488 1187 enim
517 1132 671 1202 quasi
709 1145 814 1184 non
851 1133 1219 1201 pertingentes
1254 1132 1320 1184 ad
1363 1146 1458 1184 vos
1517 1145 1777 1199 superex-

194 1226 471 1281 tendimus
516 1239 634 1278 nos.
678 1242 698 1275 ι
733 1221 877 1276 Nihil
929 1238 1091 1292 supra
1137 1232 1447 1278 mensuram
1477 1223 1772 1277 humanam

193 1319 455 1381 iacimus,
478 1316 574 1371 sed
605 1317 658 1369 in
690 1315 1025 1384 apostolatus
1046 1315 1298 1384 gratiam,
1323 1323 1586 1385 quantum
1612 1315 1773 1369 nobis

195 1413 462 1466 Dominus
486 1411 690 1463 donare
719 1409 970 1478 dignatus
997 1417 1099 1469 est.
1130 1423 1226 1476 per
1261 1423 1433 1488 quant
1462 1409 1633 1474 vobis,
1670 1408 1776 1461 C0-

199 1505 408 1570 rinthii,
437 1503 819 1574 praedicamus,
855 1515 952 1555 nec
1000 1502 1142 1556 enim
1179 1500 1280 1554 hoc
1315 1501 1670 1570 usurpatione
1701 1501 1776 1554 fe-

196 1599 398 1662 cimus,
422 1598 516 1650 sed
551 1605 842 1664 prtet'cpto.

141 1685 144 1688 ’
281 1704 300 1736 ι
331 1683 516 1754 Usque
566 1687 632 1738 ad
668 1699 760 1739 vos
810 1684 954 1739 enim
1010 1683 1356 1753 pervenimus
1386 1683 1438 1736 in
1475 1681 1777 1751 Evangelio

1879 481 2190 543 asserebant
2228 489 2349 543 ideo
2404 489 2674 556 Evangelii
2708 501 2978 559 praecepta
3038 492 3241 556 addita,
3276 503 3333 544 ttt
3375 494 3458 546 vel

1879 581 1958 635 sic
1990 581 2074 635 lex
2107 582 2331 652 antiqua
2363 593 2676 636 servaretur
2709 598 2724 638 :
2755 589 2809 636 et
2841 598 2960 635 eant
2998 583 3171 636 solam
3208 584 3461 639 sufficere

1879 672 2210 727 custoditam
2273 672 2594 743 perquirunt
2625 672 2991 727 aemulatores.
3020 671 3139 726 Jam
3179 692 3321 728 nunc
3346 691 3462 730 ser-

1880 779 2015 835 pens
2053 764 2305 819 similiter
2340 767 2603 834 quosdam
2636 765 2866 831 seducit,
2899 767 3204 836 gehennam
3241 781 3462 837 prepter

1879 857 2055 911 solum
2121 868 2382 912 terrorem
2443 868 2748 913 asserentes
2805 859 3070 911 nominari
3107 875 3119 911 :
3155 875 3314 927 quam
3370 873 3464 916 aut

1879 948 2097 1017 penitus
2127 965 2232 1004 non
2267 966 2410 1015 esse,
2439 959 2532 1004 aut
2577 960 2833 1002 aeternam
2869 965 2974 1003 non
3013 965 3135 1004 esse
3167 945 3458 1018 aliirmant,

1880 1053 2069 1097 contra
2104 1043 2484 1097 auctoritatem
2518 1041 2764 1096 omnium
2799 1041 3235 1110 Scripturarum.

1958 1153 1976 1184 ι
2019 1133 2085 1186 Ει
2114 1135 2367 1188 excidant
2395 1150 2423 1186 a
2456 1134 2828 1204 simplicitate.
2870 1154 2888 1186 ι
2929 1133 3064 1200 Quia
3103 1135 3196 1190 Dei
3233 1137 3457 1190 verbum

1881 1223 2200 1290 simpliciter
2246 1227 2472 1278 credere
2553 1240 2657 1276 nou
2709 1233 2796 1277 est
2842 1223 3123 1278 hominum
3176 1239 3464 1295 perverso-

1881 1329 2022 1368 rum.

1957 1421 1975 1453 ι
2015 1401 2146 1464 Qua:
2179 1415 2259 1457 eat
2290 1403 2345 1456 in‘
2379 1402 2598 1458 Christo
2631 1403 2780 1458 Iesu.
2830 1423 2848 1456 ι
2889 1406 3084 1461 Castus
3127 1420 3339 1472 sensus,
3367 1407 3464 1476 qui

1882 1496 1972 1549 uni
2007 1497 2123 1549 viro
2154 1495 2505 1567 coniungitur
2553 1495 2771 1550 Christo
2801 1510 2819 1553 :
2850 1509 2904 1552 et
2943 1497 3116 1554 solius
3166 1499 3246 1553 illi
3295 1505 3464 1556 semet

1883 1587 2152 1656 pr0tnissa
2181 1586 2479 1642 sufﬁciunt.

1959 1695 1978 1729 ι
2022 1677 2158 1732 Nam
2191 1679 2236 1732 si
2271 1679 2316 1733 is
2347 1679 2440 1750 qui
2472 1678 2641 1744 venit,
2670 1678 2837 1733 alium
2873 1679 3153 1734 Christum
3178 1683 3462 1750 prtetiicat,

196 1780 430 1836 Christi.
472 1799 490 1830 ι
532 1776 646 1833 Non
704 1786 910 1844 nostro,
945 1787 1006 1832 ut
1059 1777 1136 1831 illi
1181 1776 1275 1847 qui
1326 1776 1668 1844 praedicando
1721 1791 1779 1830 se
1811 1758 1854 1818 Β
1883 1787 2044 1840 quem
2077 1786 2184 1827 non
2215 1773 2627 1843 praedicavitnus
2663 1789 2676 1825 :
2716 1781 2808 1826 aut
2839 1773 3002 1825 alium
3030 1773 3291 1842 'spiritum
3326 1776 3467 1828 acci-

198 1888 360 1928 suum
395 1871 745 1942 Evangelium
780 1872 1005 1926 faciunt.

277 1983 298 2016 ι
341 1961 456 2018 Νοιι
485 1967 537 2017 itt
564 1966 886 2018 immensum
923 1965 1220 2032 gloriantes
1261 1963 1314 2016 in
1350 1961 1543 2016 alienis
1575 1961 1781 2015 labori-

199 2058 328 2112 bus.
369 2076 387 2108 ι
413 2057 748 2112 Immensum
785 2065 864 2110 est
901 2057 954 2108 in
987 2055 1182 2110 alienis
1220 2054 1503 2108 laboribus
1535 2052 1778 2123 gloriari.

201 2150 284 2203 Illi
322 2158 501 2202 autem
535 2162 752 2212 semper
800 2147 866 2201 ad
915 2146 1102 2204 fideles
1157 2147 1328 2211 ibant,
1361 2147 1456 2214 qui
1493 2147 1646 2218 signa
1684 2149 1783 2201 mi-

200 2242 354 2297 nime
383 2240 720 2311 quzerebant.

286 2351 305 2386 ι
341 2333 502 2402 Spem
534 2343 715 2387 autem
773 2331 1055 2395 habentes,
1088 2331 1388 2386 crescentis
1429 2330 1552 2386 ﬁdei
1587 2341 1783 2384 vestrae

205 2427 261 2480 in
297 2425 448 2480 vobis
480 2423 815 2494 magnilicari
849 2421 1147 2476 secundum
1181 2420 1423 2488 regulam
1456 2429 1722 2474 nostram.
1758 2439 1775 2470 ι

203 2519 311 2583 Qui
343 2532 448 2571 non
497 2530 720 2569 munera
749 2531 778 2567 a
811 2513 986 2580 vobis,
1015 2513 1110 2568 sed
1146 2513 1453 2567 mercedem
1487 2526 1518 2566 a
1559 2511 1669 2565 Deo
1697 2527 1782 2566 ve-

204 2612 335 2663 stne
363 2607 484 2660 ﬁdei
516 2613 918 2673 exspectamus.

289 2717 308 2750 ι
349 2699 406 2752 In
441 2697 772 2752 abundantia
809 2697 1012 2751 :etiam
1071 2696 1123 2749 in
1181 2695 1270 2748 illa
1321 2709 1444 2764 qua:
1497 2693 1634 2746 ultra
1688 2707 1786 2747 vos

206 2803 361 2857 sunt,
405 2792 802 2861 evangelizare.
845 2807 863 2840 ι
906 2787 964 2842 Id
1004 2795 1108 2852 est,
1150 2802 1258 2840 non
1295 2786 1442 2840 enim
1491 2800 1663 2854 usque
1716 2786 1782 2839 ad

207 2905 305 2942 vos
332 2884 528 2940 suﬁicit
553 2882 840 2952 pervenire
871 2897 887 2936 :
913 2881 1006 2936 sed
1039 2894 1165 2934 cum
1194 2889 1370 2934 vestra
1422 2875 1558 2932 ﬁdes
1589 2893 1782 2931 creve-

205 2982 301 3043 rit,
333 2979 440 3031 alio
473 2976 823 3030 transiemus.
1683 2976 1688 2982 '

285 3091 303 3122 ι
352 3071 469 3124 Non
519 3070 571 3122 itt
632 3068 806 3120 aliena
858 3066 1038 3133 regula
1073 3068 1126 3120 itt
1181 3065 1286 3126 his,
1315 3077 1444 3162 quae
1483 3074 1854 3162 pra‘parataC

204 3175 353 3230 sttttt,
399 3162 670 3232 gloriari.»
706 3161 859 3214 Sicut
883 3159 958 3212 illi
989 3160 1056 3213 de
1085 3159 1403 3228 praeparatis
1424 3155 1538 3226 jam
1571 3155 1638 3209 ab
1659 3155 1782 3210 aliis

205 3257 583 3324 imprudenter
607 3251 931 3322 gloriantur.

282 3366 302 3399 ι
345 3347 448 3414 Qui
501 3355 680 3400 autem
729 3342 1091 3414 gloriatur,in
1139 3339 1370 3392 Domino
1424 3338 1707 3407 glorietur.
1759 3356 1778 3388 ι

199 3441 324 3495 Jam
362 3439 582 3511 gloriari
616 3439 666 3490 in
698 3435 926 3491 Domino
961 3433 1311 3496 exhortatur,
1365 3431 1522 3498 cujus
1551 3431 1783 3484 virtutes

201 3534 258 3586 in
291 3547 355 3586 eo
386 3539 621 3601 operata:
653 3538 798 3583 sunt.

282 3643 302 3676 ι
347 3622 466 3678 Νοιι
502 3624 646 3679 enim
675 3621 766 3691 qui
803 3619 1038 3689 seipsum
1072 3618 1442 3683 commendat,
1467 3618 1556 3672 ille
1590 3617 1786 3686 proba-

203 3727 293 3770 tus
337 3724 459 3768 est:
500 3715 594 3768 sed
637 3727 796 3782 quem
847 3711 992 3764 Deus
1037 3709 1413 3763 commendat.
1453 3726 1471 3758 ι
1529 3708 1781 3772 Seipsum

201 3807 575 3870 commendat,
608 3805 698 3874 qui
734 3806 850 3872 ipse
899 3803 1083 3855 laudat
1115 3815 1176 3854 se
1205 3820 1218 3855 :
1252 3802 1408 3854 illum
1446 3815 1574 3855 vero
1607 3800 1787 3854 Domi-

201 3916 310 3955 nus
341 3897 707 3962 commendat,
743 3897 834 3966 qui
870 3896 1151 3973 sig’norum
1185 3893 1477 3948 virtutibus
1502 3909 1783 3949 commen-

199 3993 387 4046 datur.

822 4057 1046 4114 CAPUT
1077 4057 1168 4111 XI.

285 4191 305 4222 ι
343 4170 562 4227 Utinam
599 4169 944 4225 sustineretis
977 4169 1251 4223 modicum
1285 4169 1414 4237 quid
1448 4168 1781 4234 insipientia:

201 4280 340 4318 mea:
372 4277 388 4315 :
423 4261 517 4316 sed
568 4270 622 4313 et
675 4267 988 4327 supportate
1034 4273 1142 4314 me.
1184 4279 1202 4310 ι
1237 4259 1517 4314 Sustinete
1548 4275 1659 4323 tne,
1692 4261 1782 4328 qui

203 4355 437 4407 multum
459 4353 731 4406 sustinere
746 4351 1108 4404 consuevistis
1126 4351 1555 4419 imprudentiam
1579 4368 1779 4405 meatu.

1883 1865 2029 1933 pilis,
2056 1879 2217 1932 quem
2271 1880 2378 1918 non
2421 1865 2752 1932 accepistis;
2785 1875 2879 1918 aut
2911 1864 3056 1918 aliud
3091 1863 3465 1934 Evangelium,

1882 1957 2027 2024 quod
2059 1972 2164 2010 non
2199 1959 2483 2024 recepistis
2518 1974 2534 2025 ;
2572 1968 2717 2013 recte
2766 1957 3112 2027 pateremini.
3158 1977 3178 2008 ›
3211 1956 3267 2011 Si
3316 1959 3466 2010 VODIS

1883 2051 2114 2121 amplius
2144 2052 2345 2120 aliquid
2379 2051 2568 2122 gratiae
2599 2053 3013 2118 praedicaretur,
3041 2065 3199 2118 quam
3240 2065 3336 2118 per
3367 2067 3464 2103 nos

1883 2148 2190 2218 accepistis,
2217 2158 2364 2204 recte
2391 2164 2484 2203 eos
2514 2149 2670 2224 uobis
2705 2147 2944 2218 prapoui
2976 2147 3204 2202 forsitan
3247 2157 3463 2216 patere-

1885 2241 2038 2296 mini.

1963 2349 1980 2380 ι
2025 2330 2290 2384 Existimo
2324 2327 2510 2397 lenita,
2544 2330 2678 2384 nihil
2714 2343 2798 2384 me
2847 2329 3025 2383 minus
3063 2327 3279 2384 fecisse.
3333 2347 3351 2380 ι
3384 2328 3468 2382 Me

1886 2420 2068 2474 minus
2123 2419 2318 2474 fecisse
2363 2420 2503 2483 istis,
2546 2420 2641 2490 qui
2679 2436 2788 2474 ιιοιι
2842 2420 2975 2474 nihil
3008 2429 3156 2485 sunt,
3191 2433 3263 2474 ne
3314 2430 3469 2490 putt--

1885 2515 1978 2566 tis.

1963 2621 1982 2654 ι
2023 2604 2068 2656 Α
2104 2605 2312 2673 magnis
2345 2602 2635 2672 apostolis.
2686 2622 2706 2656 ι
2739 2603 2958 2670 Quanto
2991 2605 3161 2672 magis
3190 2601 3386 2660 Petrus
3417 2613 3471 2657 et

1887 2695 2068 2751 caeteri
2097 2697 2398 2766 praedicant
2429 2698 2606 2750 minus
2639 2697 2846 2766 aliquid
2879 2699 3185 2764 accepisse.

1965 2805 1983 2838 ι
2023 2784 2159 2840 Nam
2195 2798 2251 2842 et
2287 2787 2334 2841 si
2386 2788 2671 2856 imperitus
2717 2802 2991 2849 sermone,
3025 2787 3122 2842 sed
3156 2801 3261 2840 non
3291 2787 3472 2842 scien-

1889 2879 1982 2932 tia.
2021 2898 2040 2930 ι
2075 2878 2209 2932 Nam
2234 2881 2377 2934 sicut
2409 2879 2521 2940 isti,
2547 2879 2641 2948 qui
2675 2895 2795 2933 cum
2826 2880 2936 2932 sint
2958 2879 3184 2934 scientia
3208 2881 3467 2949 imperii,

1888 2970 1941 3024 iu
1975 2985 2227 3025 sermone
2259 2971 2470 3025 tumido
2499 2970 2832 3038 gloriantur.

1967 3080 1986 3113 ι
2030 3063 2090 3117 In
2145 3064 2404 3116 omnibus
2459 3076 2641 3116 autem
2704 3062 3024 3116 manifestus
3054 3077 3174 3116 sum
3225 3061 3394 3117 vobis.
3446 3081 3466 3114 ι

1887 3153 2133 3210 Ostértdit
2169 3154 2533 3224 integritatem
2575 3170 2751 3216 suam,
2783 3167 2889 3222 qua
2923 3167 3022 3221 per
3055 3152 3223 3219 Deum
3283 3155 3468 3206 omnia

1888 3245 2078 3302 fecerit
2104 3261 2262 3302 :cum
2288 3262 2390 3301 nec
2414 3247 2722 3308 avaritiam,
2749 3261 2848 3299 nec
2873 3245 3079 3314 gulam,
3111 3259 3212 3299 nec
3242 3243 3469 3314 gloriam

1888 3340 1956 3394 ab
1987 3339 2066 3393 eis
2097 3339 2386 3407 aliquando
2415 3349 2706 3409 quaereret.

1965 3449 1984 3483 ι
2031 3433 2138 3486 Aut
2179 3432 2426 3500 nunquid
2464 3441 2752 3501 peccatum
2797 3428 2900 3485 feci
2939 3430 3218 3500 'meipsum
3278 3431 3472 3485 humi-

1891 3519 2052 3582 lians,
2077 3529 2134 3572 ut
2165 3535 2266 3573 vos
2297 3519 2664 3574 exaltemini?
2702 3540 2720 3570 ι
2757 3520 2814 3574 Si
2847 3519 2990 3574 forte
3015 3521 3118 3575 hoc
3145 3521 3320 3575 solum
3347 3539 3473 3590 pet-.-

1889 3610 2029 3675 cavi,
2056 3610 2148 3678 qui
2185 3619 2404 3679 propter
2437 3627 2534 3665 vos
2582 3613 2748 3665 etiam
2783 3611 2931 3666 licita
2964 3621 3020 3666 et
3052 3627 3308 3668 concessa
3342 3630 3474 3668 con-

1891 3708 1994 3754 tetu
2001 3700 2107 3770 psi.

1965 3811 1984 3842 ι
2034 3791 2301 3859 Quoniam
2349 3795 2518 3860 gratis
2566 3793 2918 3862 Evangelium
2976 3794 3070 3850 Dei
3104 3797 3472 3864 evangelizavi

1892 3889 2064 3943 vobis.
2110 3907 2128 3940 ι
2169 3886 2270 3953 Qui
2309 3902 2489 3956 neque
2530 3903 2722 3956 panem
2757 3881 3479 3957 quotidianum,quem'or-

1891 3981 2097 4035 dinavit
2127 3981 2412 4043 Dominus,
2443 3981 2775 4047 accepimus.

1967 4090 1988 4122 ι
2034 4071 2184 4126 Alias
2246 4073 2518 4126 Ecclesiae
2578 4073 2899 4140 eXSpoliavi,
2953 4072 3226 4141 accipiens
3273 4075 3448 4142 stiprn

1891 4165 2035 4219 dium
2073 4166 2140 4218 ad
2192 4165 2556 4218 ministerium
2609 4179 2876 4218 vesnum.
2922 4185 2938 4214 ι
2977 4164 3111 4218 Cum
3145 4167 3302 4221 vobis
3334 4182 3473 4237 pite-

1891 4258 2151 4322 dicarem,
2188 4259 2320 4310 mihi
2356 4256 2678 4310 Macedones
2709 4258 3112 4311 ministrabant.

1969 4370 1988 4403 ι
2030 4351 2238 4405 Etcum
2269 4365 2444 4404 essent
2479 4353 2619 4418 apud
2646 4367 2759 4414 vos,
2805 4362 2858 4404 et
2885 4366 3124 4420 egerem,
3166 4351 3296 4406 nulli
3346 4369 3477 4408 One-

196 4447 331 4500 Ideo
375 4445 718 4515 insipientem
770 4459 831 4498 se
882 4444 1036 4508 dicit,
1087 4445 1213 4513 quia
1267 4444 1343 4498 illi
1395 4459 1619 4499 necesse
1665 4457 1785 4499 erat
1821 4465 1862 4518 ι)
1893 4460 2052 4500 rosus
2083 4443 2184 4496 fui.
2225 4460 2243 4493 ι
2279 4440 2390 4495 Hoc
2437 4440 2536 4493 fuit
2568 4458 2632 4494 ex
2669 4443 2917 4506 veritate,
2957 4443 3326 4498 inﬁrmitatem
3356 4462 3480 4516 por-

195 4541 390 4606 aliqua
421 4538 487 4591 de
514 4552 573 4592 se
616 4538 819 4598 dicere,
857 4535 979 4589 licet
1011 4551 1135 4590 vera
1167 4552 1183 4592 :
1217 4548 1275 4590 ιιι
1300 4538 1576 4604 ostendat,
1618 4553 1780 4606 quam

197 4644 335 4684 vere
387 4629 705 4694 insipientes
739 4638 884 4692 sunt,
914 4629 1005 4696 qui
1057 4627 1195 4683 falso
1226 4643 1286 4682 se
1319 4629 1563 4684 laudant.
1593 4629 1698 4685 Sed
1731 4641 1786 4685 et

191 4728 525 4788 supportate
564 4733 672 4772 me.
1766 4725 1772 4730 ·

351 4809 602 4864 ΔΞιιιιιΙοι·
647 4810 793 4864 enim
825 4825 924 4866 vos
978 4812 1072 4865 Dei
1107 4813 1475 4866 aemulatione.
1511 4813 1786 4881 Despondi

189 4905 350 4961 enim
385 4920 480 4958 vos
508 4906 599 4957 uni
636 4904 751 4959 viro
792 4905 1055 4973 virginem
1086 4915 1293 4959 castam
1339 4907 1599 4959 exhibere
1623 4905 1787 4958 Chri-

190 5007 330 5051 sto;
363 5014 381 5046 ι
436 4997 490 5048 Id
525 5006 635 5058 est,
667 5010 770 5048 non
819 4993 1040 5049 stimulo
1089 4995 1278 5049 livoris
1329 4994 1659 5059 inflammor,
1691 4996 1786 5052 sed

191 5105 308 5145 vos
342 5099 597 5156 tauquam
653 5099 805 5158 pater
836 5089 1016 5142 divina
1044 5089 1394 5143 annulatione
1429 5087 1700 5156 custodio,
1732 5103 1789 5145 ut

189 5185 410 5255 possim
442 5199 537 5239 vos
573 5184 954 5237 immaculatos
993 5182 1212 5237 Christo
1256 5185 1789 5254 conjungere,|tant0

187 5278 418 5346 majore
473 5276 654 5330 studio
710 5285 1062 5330 conversatus
1114 5288 1321 5345 quanto
1379 5279 1590 5333 meliori
1656 5282 1790 5332 estis

185 5384 409 5442 sponso
439 5367 724 5436 jungendi.
1237 5359 1254 5378 ¹

283 5485 303 5515 ε
343 5464 532 5517 Timeo
564 5472 742 5516 autem
775 5477 843 5515 ne
878 5461 1020 5516 sicut
1073 5477 1294 5532 serpens
1358 5461 1522 5516 Evam
1573 5464 1791 5517 seduxit

181 5559 406 5614 astutia
441 5572 562 5620 sua,
596 5558 666 5609 ita
699 5567 1129 5625 corrumpantur
1158 5571 1354 5611 sensus
1381 5558 1568 5610 vestri.
1611 5577 1628 5607 ι
1662 5555 1792 5609 Ser-

183 5667 335 5725 ριής
375 5651 564 5714 Evam,
595 5655 658 5704 de
708 5652 817 5703 Deo
873 5650 1203 5711 mentiendo,
1230 5648 1465 5710 seduxit,
1509 5647 1788 5701 afﬁrmans

177 5750 372 5805 solam
431 5743 597 5798 Deum
633 5745 1026 5799 commutatum
1076 5757 1193 5797 esse
1235 5731 1488 5808 mortem,
1533 5755 1632 5794 nec
1665 5755 1789 5794 esse

1893 4550 2011 4596 tare
2042 4539 2415 4609 parvulorum,
2444 4547 2502 4591 ut
2537 4553 2641 4591 nec
2691 4547 2816 4590 tunc
2867 4537 3084 4604 quidem
3134 4538 3294 4592 vellet
3327 4543 3474 4594 acci-

1892 4646 2018 4700 pere
2047 4646 2169 4683 cutu
2211 4639 2416 4698 egeret.

1970 4743 1988 4776 ι
2038 4723 2168 4776 Nam
2218 4724 2360 4791 quod
2398 4721 2526 4774 mihi
2561 4721 2769 4782 deerat,
2814 4722 3208 4790 Suppleterunt
3258 4724 3473 4784 fratres,

1889 4820 1981 4888 qui
2018 4826 2284 4871 venerunt
2307 4815 2374 4868 de
2405 4814 2738 4868 Macedonia.
2783 4833 2801 4866 ι
2830 4814 2929 4880 Q.ti
2957 4832 3060 4868 non
3083 4817 3469 4876 OCCllrrt‘b:.It-',

1893 4912 2143 4966 manibus
2177 4911 2450 4963 adoranda
2477 4908 2695 4973 fratres,
2719 4924 2856 4976 quos
2892 4919 3161 4962 noverunt
3181 4909 3343 4962 falsos
3370 4928 3468 4962 me

1893 5003 2378 5073 pseudoapostolns
2465 5013 2841 5070 susceperant,
2908 5003 3040 5071 quin
3111 5002 3220 5055 imo
3293 5007 3478 5057 vince-

1893 5097 2046 5150 bant.

1973 5206 1990 5238 ι
2037 5186 2099 5239 Et
2148 5186 2201 5237 in
2253 5186 2505 5239 omnilms
2560 5185 2676 5238 sine
2711 5201 2876 5240 onere
2913 5201 2996 5238 me
3036 5185 3186 5239 vobis
3240 5185 3477 5248 servavi,

1892 5290 1946 5334 et
1984 5282 2237 5333 servabo.
2281 5299 2297 5328 ι
2337 5279 2570 5344 Quando
2602 5280 2848 5333 infirmos
2882 5293 2976 5331 vos
3010 5280 3334 5332 habueritis.

1971 5395 1988 5426 t
2035 5374 2127 5427 Est
2159 5375 2365 5428 veritas
2390 5372 2594 5427 Christi
2629 5373 2680 5425 in
2717 5387 2821 5426 me.
2870 5390 2892 5421 ›
2921 5371 3076 5424 Sicut
3107 5371 3358 5425 Christus
3392 5386 3479 5424 se-

1894 5470 1996 5522 mel
2048 5470 2258 5531 statuit,
2296 5484 2393 5520 nvc
2446 5471 2686 5536 negavit,
2732 5481 2956 5520 necesse
2986 5475 3070 5519 est
3097 5474 3153 5519 ut
3187 5465 3480 5534 aliquando

1894 5578 2000 5614 non
2036 5561 2299 5614 mentitus
2331 5561 2401 5612 ita
2434 5560 2651 5613 faciant.

1970 5671 1988 5702 ι
2027 5652 2294 5717 Quoniam
2341 5656 2451 5706 haec
2501 5654 2753 5722 gloriatio
2787 5670 2894 5708 non
2946 5653 3270 5722 infringrtur
3307 5651 3358 5704 in
3397 5663 3482 5702 mc

1895 5744 1948 5796 in
2041 5743 2359 5812 regionibus
2413 5746 2652 5800 Achaiae.
2728 5765 2744 5796 ι
2812 5746 3201 5800 Cloriatioueut
3264 5750 3484 5814 propter
