3954 6194
469 322 576 384 839
1411 307 1471 365 S.
1513 299 1954 362 HIERONYMI
1998 300 2315 360 OPERUM
2361 299 2767 358 MANTISSA.
3615 295 3726 362 8M

472 444 710 502 acceptae
741 426 1023 499 potestatis
1051 437 1078 474 a
1117 421 1362 482 Domino,
1395 417 1447 469 in
1477 427 1569 468 eos
1631 413 1725 483 qui
1769 414 2041 482 pmniten-
2073 425 2116 475 Α

467 527 594 580 tiam
623 529 908 589 negarunt,
941 516 1074 584 agit.

551 637 570 669 ι
607 615 742 670 Eeee
772 611 929 665 tertio
961 609 1062 661 hoc
1091 612 1311 674 paratus
1343 615 1458 655 sum
1495 599 1679 652 venire
1714 596 1778 648 ad
1817 609 1912 649 vos
1946 614 1957 648 :
1989 603 2042 646 et

467 728 576 766 non
610 722 704 762 ero
744 701 925 774 gravis
951 699 1126 752 vobis.
1163 691 1281 749 Non
1313 693 1457 746 enim
1489 705 1674 760 quer
1706 703 1826 755 qum
1865 695 2040 740 vestra

466 813 612 862 sunt,
646 801 740 854 sed
786 808 904 850 vos.
966 812 983 844 ›
1040 791 1281 844 Salutem
1325 795 1559 840 vestram
1605 781 1878 847 desidero,
1935 793 2040 832 non

467 907 691 949 munera
708 929 716 941 .

541 1004 560 1034 ι
593 985 702 1038 Nec
735 981 879 1035 enim
912 977 1114 1032 debent
1142 973 1234 1027 ﬁlii
1284 969 1602 1040 parentibus
1651 963 2041 1025 thesaurizare,

463 1076 556 1132 sed
590 1082 836 1144 parentes
873 1069 1019 1124 ﬁliis.
1058 1087 1076 1118 ι
1112 1066 1221 1134 Εδο
1260 1063 1430 1133 magis
1462 1060 1506 1114 si
1557 1058 1836 1119 haberem,
1890 1053 2042 1107 vobis

465 1171 595 1224 dare
627 1167 901 1219 deberem.
1443 1149 1452 1158 “

543 1279 562 1311 ‹
602 1257 710 1325 Ego
743 1267 924 1309 autem
950 1249 1310 1305 libentissime
1337 1244 1668 1314 impendam,
1701 1237 2044 1308 etsUperim-

465 1350 668 1422 pendar
684 1365 782 1418 ego
819 1348 932 1416 ipse
959 1357 1055 1413 pro
1083 1340 1372 1395 animabus
1403 1337 1599 1390 vestris
1623 1331 1988 1387 abundantius
2028 1347 2041 1382 :

467 1446 596 1499 licet
621 1443 740 1512 plus
764 1455 859 1493 vos
880 1438 1136 1504 diligens,
1168 1432 1348 1485 minus
1367 1427 1579 1496 diligar.
1627 1443 1645 1476 ι
1678 1424 1830 1488 Quod
1871 1423 2045 1476 habeo

464 1540 650 1592 labore
675 1532 868 1597 nimio,
897 1528 1234 1598 impendo,et
1258 1522 1376 1590 plus
1405 1535 1565 1589 quam
1592 1531 1812 1585 possunt
1839 1517 2046 1584 impen-

464 1634 611 1684 dam.
633 1626 880 1682 Perfecta
914 1621 1059 1676 enim
1085 1615 1303 1672 dilectio
1337 1629 1440 1667 non
1467 1610 1642 1666 solum
1676 1618 1845 1663 totum
1898 1606 2043 1677 quod

467 1723 652 1784 habet,
722 1715 893 1788 gratis
970 1709 1251 1779 impendit,
1288 1707 1381 1760 sed
1432 1705 1595 1760 etiam
1649 1703 1761 1770 ipsa
1816 1699 2046 1754 libenter

464 1807 964 1882 superimpenditur
999 1805 1047 1857 si
1088 1813 1314 1856 necesse
1346 1809 1452 1854 est.

542 1923 560 1955 ι
601 1903 706 1957 Sed
733 1911 869 1955 esto.
905 1897 1018 1966 Ego
1042 1909 1138 1948 vos
1173 1907 1278 1946 non
1309 1890 1549 1956 gravavi,
1586 1889 1677 1942 sed
1708 1903 1830 1942 cum
1865 1902 2038 1961 essem

466 2008 698 2058 astutus,
729 1993 851 2049 dolo
879 2004 974 2043 vos
999 1983 1415 2056 cepi.Nunquid
1459 1997 1554 2052 per
1583 1982 1818 2050 aliquem
1849 1995 2039 2034 eorum

454 2085 601 2160 quos
631 2085 750 2139 misi
781 2087 847 2138 ad
883 2097 1001 2146 vos,
1029 2075 1366 2134 circumveni
1400 2073 1535 2130 vos?
1568 2091 1586 2124 ι
1619 2074 1724 2127 Per
1749 2072 1934 2126 omnia
1985 2086 2045 2125 se

463 2188 679 2250 purgat,
712 2177 954 2244 ipsorum
989 2185 1204 2240 semper
1240 2166 1637 2223 conscientiam
1667 2173 1858 2218 testem
1893 2165 2046 2216 invo-

464 2287 638 2326 cans:
675 2266 838 2322 simul
871 2273 926 2320 et
965 2261 1242 2332 quomodo
1271 2273 1330 2314 se
1369 2257 1437 2312 ab
1473 2257 1587 2312 illis
1615 2257 1823 2326 possint
1851 2270 2044 2310 cavere

465 2367 868 2418 demonstrans.

552 2497 572 2530 ι
600 2475 801 2542 Rogavi
834 2471 1036 2536 Titum,
1070 2480 1123 2524 et
1155 2468 1278 2522 misi
1307 2483 1428 2522 cum
1461 2465 1551 2518 illo
1615 2463 1858 2518 fratrem.
1897 2461 2047 2516 Nun-

465 2571 595 2639 quid
624 2567 777 2620 Titus
801 2579 896 2619 vos
917 2559 1320 2618 circumvenit?
1349 2580 1366 2612 ι
1397 2557 1649 2628 Nunquid
1670 2557 1870 2624 aliquid
1899 2557 2047 2609 vobis

467 2661 691 2714 abstulit
723 2657 790 2711 ad
832 2673 917 2710 me
950 2653 1369 2724 perferendum?

544 2794 563 2825 ι
620 2773 816 2829 Nonne
870 2771 1070 2825 eodem
1113 2769 1312 2836 Spiritu
1373 2762 1811 2820 ambulavimus?
1859 2759 2051 2815 Nonne

466 2867 673 2921 eisdem
707 2861 986 2933 vestigiis’?
1022 2880 1041 2912 ι
1077 2861 1268 2916 Nonne
1294 2876 1403 2913 uno
1439 2859 1634 2927 spiritu
1665 2856 1848 2910 omnia
1903 2855 2050 2923 geri-

469 2957 626 3012 titus?

545 3087 563 3119 ι
595 3067 736 3122 Olim
769 3063 993 3135 putatis,
1020 3059 1170 3130 quod
1201 3074 1525 3115 excusemus
1554 3075 1650 3113 nos
1690 3058 1834 3128 apud
1863 3074 1978 3113 vos.
2029 3075 2047 3106 ι

2744 407 2967 466 CAPUT
2995 409 3132 466 XIII.

2227 522 2243 552 ι
2283 503 2419 557 Ecce
2455 503 2614 557 tertio
2641 503 2746 556 hoc
2774 504 2934 556 venio
2967 505 3032 554 ad
3063 517 3157 556 vos
3187 517 3202 556 ;
3242 501 3293 554 in
3344 515 3438 554 ore
3492 502 3728 555 duorum

2151 593 2231 646 vel
2267 593 2427 646 trium
2462 593 2681 646 testium
2710 591 3056 646 stabitomne
3084 587 3328 641 verbum.
3370 605 3386 638 ι
3418 586 3731 642 Secundum

2151 684 2344 753 legem,
2373 695 2560 738 contra
2597 683 2945 736 Manichacus.
3691 753 3694 756 Q

2226 793 2244 827 ι
2285 775 2516 830 Praedixi
2545 775 2690 828 cnim
2717 783 2771 827 et
2804 771 3150 842 praedico,.ut
3182 784 3421 840 prmsens
3453 771 3628 836 vobis,
3677 781 3732 824 et

2151 883 2295 922 nunc
2322 869 2517 922 absens
2547 867 2656 930 his,
2696 867 2790 935 qui
2824 875 2949 919 ante
2996 873 3382 935 peccaverunt,
3423 875 3480 918 et
3516 867 3731 919 caneris

2151 962 2404 1016 erunibus
2437 961 2729 1030 :quoniam
2755 961 2800 1014 si
2822 967 3044 1021 venero,
3079 958 3276 1011 iterum
3303 973 3406 1011 non
3432 973 3673 1027 parcam.
3708 977 3723 1006 ι

2151 1052 2251 1119 Qui
2289 1063 2409 1122 post
2439 1054 2766 1107 documenta
2796 1050 3034 1118 priurum
3058 1050 3422 1116 peccaverint,
3462 1063 3568 1101 non
3592 1049 3728 1115 ipsis

2152 1159 2370 1214 parcam
2398 1163 2411 1198 :
2443 1145 2568 1212 quia
2600 1142 3033 1198 antecedentium
3068 1141 3222 1194 ruina
3253 1149 3545 1208 sequentes
3573 1142 3728 1194 debet

2154 1237 2333 1290 facere
2358 1237 2650 1290 cautiores.

2230 1345 2248 1377 ς
2295 1327 2370 1379 An
2401 1328 2836 1394 experimentum
2869 1324 3115 1394 quaeritis
3140 1323 3281 1391 ejus,
3313 1322 3403 1390 qui
3435 1338 3490 1376 tn
3526 1336 3610 1376 me
3647 1321 3728 1373 lo-

2153 1420 2337 1486 quitur
2355 1417 2664 1471 Christus?»
2691 1418 2771 1470 An
2794 1416 2846 1470 in
2867 1414 3237 1470 meChristum
3263 1413 3502 1479 tentatis,
3547 1423 3724 1465 utrum

2156 1512 2206 1564 in
2242 1508 2395 1563 vobis
2430 1508 2604 1563 valeat
2636 1508 2951 1562 vindicare?

2227 1619 2246 1654 ι
2277 1602 2382 1669 Qui
2418 1602 2471 1656 in
2502 1602 2658 1655 vobis
2690 1615 2795 1654 non
2844 1599 3207 1653 itiﬁrmatur.’
3244 1598 3412 1664 Quem
3443 1613 3549 1654 non
3574 1598 3724 1651 inﬁrs

2154 1711 2323 1757 mum,
2349 1694 2441 1748 sed
2476 1702 2749 1763 potentem
2781 1707 2906 1746 esse
2939 1708 3035 1745 nec
3059 1692 3159 1760 ipsi
3196 1691 3440 1744 nescitis.

2225 1807 2242 1839 ι
2283 1787 2388 1840 Sed
2419 1798 2607 1855 potens
2636 1796 2717 1838 est
2749 1786 2801 1837 in
2835 1785 3001 1837 vobis.
3042 1804 3058 1834 ι
3098 1785 3310 1850 Quanto
3343 1790 3513 1854 magis
3545 1785 3599 1838 in
3637 1799 3725 1839 vo-

2150 1881 2230 1934 bis
2259 1879 2607 1948 carptoribus
2634 1881 2740 1932 sui.

2226 1989 2245 2022 ι
2284 1971 2417 2024 Nam
2445 1980 2497 2023 et
2527 1969 2572 2024 si
2603 1969 2898 2024 cruciﬁxus
2930 1977 3012 2022 est
3045 1985 3106 2022 ex
3145 1969 3461 2022 inﬁrmitate
3493 1982 3508 2023 :
3537 1969 3630 2022 sed
3653 1950 3728 2021 vi;

2150 2065 2226 2118 vit
2255 2078 2318 2117 ex
2355 2063 2558 2116 virtute
2581 2060 2695 2116 Dei.
2731 2080 2748 2112 ι
2779 2061 2933 2126 Quod
2965 2059 3256 2114 cruciﬁxus
3284 2070 3386 2124 est,
3420 2069 3617 2114 nostra:
3644 2069 3723 2113 est

2151 2156 2481 2213 inﬁrmitatis
2516 2172 2530 2210 ε
2559 2156 2700 2224 quod
2731 2155 2884 2221 vivit,
2921 2169 3033 2208 suae
3067 2153 3306 2207 virtutis.

2225 2267 2242 2299 c
2275 2247 2409 2301 Nam
2443 2256 2498 2301 et
2544 2261 2642 2300 nos
2674 2246 2872 2298 inﬁrmi
2907 2258 3094 2298 sumus
3129 2245 3180 2297 in
3215 2244 3324 2309 iIIo,
3361 2249 3453 2299 sed
3489 2245 3721 2300 vivemus

2151 2356 2272 2395 cum
2325 2354 2390 2395 eo
2434 2355 2499 2393 ex
2534 2339 2738 2393 virtute
2774 2337 2869 2391 Dei
2912 2338 2966 2392 in
3019 2338 3199 2392 vobis.
3229 2355 3247 2388 ι
3297 2337 3448 2404 Sive,
3499 2339 3589 2406 qui
3623 2355 3720 2392 nos

2151 2434 2305 2501 quasi
2358 2430 2606 2486 inﬁrmos
2655 2432 2991 2499 provocatis,
3051 2431 3342 2484 invenietis
3389 2447 3488 2484 nos
3548 2433 3721 2484 vivere

2153 2540 2272 2578 cum
2302 2522 2522 2577 Christo
2556 2524 2608 2575 in
2643 2522 2846 2576 virtute
2878 2521 2996 2588 Dei,
3031 2538 3151 2576 cum
3196 2525 3249 2576 in
3302 2522 3720 2577 vossvindieare

2154 2615 2500 2682 emperimus.
2553 2613 2685 2669 Sive
2725 2629 2827 2668 nos
2859 2617 2910 2668 in
2945 2614 3203 2684 praiseuti
3235 2615 3449 2684 quidem
3479 2615 3717 2668 inﬁrma-

2156 2723 2298 2770 mur,
2343 2709 2437 2763 sed
2489 2708 2542 2761 in
2577 2705 2760 2764 futuro
2798 2723 2919 2762 cum
2971 2710 3088 2774 illo,
3123 2724 3231 2763 non
3278 2709 3332 2762 in
3381 2718 3586 2772 nostra,
3629 2709 3718 2762 sed

2155 2795 2250 2852 Dei
2283 2799 2483 2852 virtute
2506 2800 2776 2853 vivemus.

2231 2910 2250 2942 ι
2280 2891 2649 2962 Vosmetipsos
2685 2903 2910 2957 tentate,
2953 2893 2998 2948 si
3025 2894 3161 2948 esus
3201 2893 3256 2946 in
3287 2893 3392 2947 ﬁde
3435 2911 3449 2946 :
3485 2893 3589 2963 ipsi
3627 2907 3717 2947 vos

2156 2985 2405 3053 probate.
2443 3003 2462 3036 ι
2521 2985 2577 3039 Si
2610 2986 2662 3038 in
2699 2985 2804 3040 ﬁde
2839 2986 2997 3049 esus,
3033 2997 3088 3040 et
3117 2987 3174 3040 in
3211 2987 3368 3040 nobis
3397 3001 3494 3040 vos
3530 2999 3716 3055 cogno-

2158 3075 2336 3128 scite:
2399 3075 2523 3128 date
2557 3076 2890 3130 sententiam
2935 3077 2990 3129 in
3043 3086 3322 3146 peccante,
3369 3087 3424 3132 et
3458 3078 3630 3131 videte
3674 3076 3718 3131 si

469 3161 585 3215 Νυη
621 3162 764 3214 Siet“
791 3157 1039 3227 Superius
1073 3155 1208 3220 ἀίκίε
1259 3155 1536 3221 νιδιεειηιιε
1583 3154 1742 3207 ηο¹)ί⁸
1789 3170 1804 3204 ³
1849 3153 1942 3207 Sed
1981 3167 2046 3204 "‘3
2074 3139 2117 3196 ο
2154 3184 2258 3222 non
2293 3167 2475 3222 statim
2535 3184 2658 3223 cum
2689 3179 2869 3222 vestro
2905 3170 3067 3223 verbo
3104 3171 3341 3223 vindicta
3374 3168 3648 3238 procedat.

468 3256 629 3309 nobis
679 3268 802 3307 cum
863 3250 1172 3304 venerimus
1221 3261 1443 3302 necesse
1492 3247 1563 3300 sit
1620 3248 1803 3299 acrius
1871 3243 2048 3297 vin-ti-

469 3361 613 3398 care.

546 3476 566 3510 ι
604 3457 800 3511 Coram
836 3454 944 3508 Deo
978 3455 1030 3508 in
1055 3451 1275 3506 Christo
1303 3450 1599 3518 loquimur.
1626 3446 1817 3503 Omnia
1845 3455 2046 3506 autem,

471 3546 804 3608 charissimi,
830 3553 1051 3613 propter
1075 3542 1494 3595 aediﬁcationem
1529 3547 1790 3592 vestram.
1830 3555 1848 3586 ι
1877 3532 2048 3600 Quem

473 3641 661 3693 fallere
693 3635 1026 3706 impossibile
1063 3645 1165 3688 est.

544 3773 562 3803 ε
603 3749 792 3803 Timeo
820 3750 961 3802 enim
995 3763 1064 3801 ne
1093 3747 1232 3801 forte
1254 3761 1377 3799 cum
1414 3758 1634 3807 venero,
1690 3758 1795 3795 non
1853 3741 2048 3805 quales

471 3846 589 3898 volo
621 3841 886 3895 inveniam
920 3855 1017 3894 vos
1055 3856 1069 3894 :
1107 3849 1162 3892 et
1195 3853 1296 3908 ego
1323 3839 1575 3891 inveniar
1612 3851 1642 3890 a
1670 3835 2050 3903 vobisqualem

471 3955 578 3991 non
607 3935 790 3989 vultis.
836 3952 854 3984 ι
900 3931 1090 3985 Timeo
1121 3931 1163 3984 si
1198 3945 1294 3984 vos
1330 3944 1436 3983 non
1471 3929 1734 3982 invenero
1765 3926 1962 3996 justos,
1999 3936 2052 3977 et

469 4046 569 4100 ego
625 4029 777 4082 vobis
829 4003 1054 4079 severus
1100 4024 1370 4078 inveniar.
1427 4021 1818 4074 Blandituentis
1875 4019 2049 4071 minas

465 4123 666 4192 jungit.

547 4255 564 4287 ε
603 4236 680 4290 Ne
699 4236 838 4288 forte
864 4229 1260 4292 contentiones,
1293 4225 1692 4291 aemulationes,
1728 4225 2049 4278 animosita-

470 4339 574 4392 tes,
606 4323 998 4384 dissensiones,
1028 4318 1415 4384 detractiones,
1441 4316 1872 4377 susurrationes,
1895 4315 2050 4367 iutla-

472 4430 668 4480 ttones,
701 4416 1003 4470 seditiones
1036 4413 1148 4465 sint
1194 4411 1337 4464 inter
1389 4423 1508 4465 vos.
1561 4407 1638 4463 Ne
1680 4409 1879 4462 iterum
1929 4423 2049 4459 cum

472 4526 672 4564 venero
707 4507 960 4562 hmniliet
995 4519 1081 4558 me
1119 4507 1260 4556 Deus
1289 4499 1433 4570 apud
1459 4515 1576 4554 vos.
1623 4517 1640 4550 ι
1678 4499 1903 4567 Propter
1935 4497 2052 4551 ltzec
2084 4482 2129 4536 θ

468 4617 528 4654 se
575 4600 794 4656 dicebat
843 4595 1188 4652 severissime
1243 4595 1540 4647 vindicare.
1591 4590 1728 4656 Quid
1760 4590 1965 4643 faceret
2004 4589 2050 4642 si

471 4694 676 4747 nostris
702 4689 1038 4759 temporibus
1058 4687 1427 4751 adinveniret,
1453 4685 1648 4753 quibus
1674 4684 1738 4736 ad
1770 4696 2054 4749 compara-

469 4784 672 4836 tionem
700 4781 932 4834 aliorum
963 4779 1278 4841 criminum,
1313 4777 1412 4829 ista
1434 4791 1501 4830 ne
1533 4785 1796 4844 putantur
1829 4772 2049 4840 quidem

467 4892 589 4935 esse
630 4871 892 4940 peccata?

548 5008 563 5038 ι
607 4987 671 5040 Et
703 4987 911 5056 lugeam
941 4983 1140 5038 multos
1161 4997 1227 5038 ex
1255 4981 1360 5046 his,
1389 4980 1480 5048 qui
1507 4991 1630 5034 ante
1665 4987 2052 5050 peccaverunt,

469 5092 524 5134 et
547 5096 651 5132 nou
689 5088 917 5147 egerunt
951 5078 1347 5147 paenitentiam.
1384 5092 1403 5124 ι
1439 5072 1549 5127 lIue
1573 5084 1658 5126 est
1704 5083 1892 5127 contra
1947 5069 2056 5122 No-

473 5174 722 5225 vatianos
757 5171 1092 5239 ptenitentiae
1123 5177 1410 5237 negatores
1441 5181 1456 5218 :
1496 5165 1541 5217 si
1573 5164 1714 5217 enim
1762 5166 1911 5232 luget
1942 5177 2056 5228 pa:-

470 5265 756 5315 nttentiam
797 5278 903 5316 non
951 5271 1192 5330 agentes,
1243 5257 1429 5324 utique
1481 5257 1547 5308 de
1593 5258 1876 5324 agentibus
1922 5270 2056 5324 gau-

469 5355 583 5408 det.

548 5487 565 5514 ι
608 5463 784 5532 Super
818 5461 1187 5524 itnmuntlitia,
1212 5471 1268 5514 et
1297 5459 2059 5527 fornicatione,etimpudici-

469 5557 570 5619 tia,
602 5569 759 5622 quam
787 5562 1096 5622 gesserunt.
1140 5571 1158 5604 ι
1189 5551 1533 5620 [inpudicitia
1563 5553 1782 5620 gravior
1813 5561 1898 5604 est
1939 5550 2054 5603 for-

473 5651 765 5710 nutatione,
799 5649 953 5713 quasi
993 5659 1338 5703 monstruosa
1395 5649 1672 5716 turpitudo
1726 5661 1742 5701 :
1783 5646 1926 5700 sicut
1974 5644 2061 5699 ille

477 5741 606 5790 fecit
635 5739 725 5804 qui
764 5753 989 5794 uxorem
1020 5745 1190 5810 patris
1224 5739 1456 5810 accepit.

2226 3279 2244 3312 (
2275 3262 2471 3315 Annon
2530 3261 2859 3326 cognoscitis
2895 3261 3276 3327 vosmetipsos,
3317 3261 3444 3329 quia
3483 3259 3717 3312 Christus

2151 3353 2311 3408 Jesus
2341 3355 2394 3407 in
2436 3355 2587 3406 vobis
2610 3353 2732 3406 est?
2789 3352 2904 3405 Nisi
2939 3354 3079 3408 forte
3116 3355 3332 3420 reprobi
3374 3353 3532 3410 esus.
3557 3371 3574 3404 ι
3619 3352 3711 3407 Dei

2154 3449 2349 3508 virtus,
2385 3447 2433 3500 si
2477 3454 2656 3500 tamen
2689 3461 2788 3501 vos
2817 3447 3039 3500 minime
3072 3447 3407 3514 reprobavit.

2229 3553 2247 3584 ι
2274 3535 2455 3602 Spero
2495 3546 2677 3588 autem
2711 3536 2858 3602 quod
2896 3538 3231 3603 cognoscitis
3262 3553 3276 3590 :
3325 3537 3452 3604 quia
3489 3552 3582 3590 nos
3614 3551 3709 3590 non

2153 3641 2340 3678 smnus
2365 3625 2602 3692 reprobi.
2633 3645 2652 3676 ο
2690 3627 2860 3694 Spero
2894 3641 2986 3681 vos
3024 3641 3284 3681 sensuros
3316 3632 3589 3696 quomodo
3617 3642 3711 3679 nos

2155 3733 2568 3771 COIIVBI‘SCIIIUI’.

2229 3827 2245 3858 ο
2276 3806 2510 3861 Oramus
2559 3817 2740 3860 autem
2791 3809 2985 3873 Deum,
3027 3819 3088 3861 ut
3125 3808 3258 3862 nihil
3298 3811 3426 3863 mali
3456 3810 3658 3864 faciatis
3692 3823 3707 3862 :

2157 3915 2261 3952 non
2305 3910 2362 3954 ut
2413 3915 2510 3954 nos
2549 3901 2763 3969 probiti
2813 3917 3124 3968 pareamus,
3174 3901 3266 3954 sed
3328 3913 3385 3954 ut
3432 3917 3524 3957 vos
3568 3903 3699 3971 quod

2156 3985 2352 4045 bonum
2386 4001 2468 4045 est
2515 3992 2746 4046 faciatis.
2782 3991 2891 4046 Nos
2921 4005 3098 4046 autem
3139 4002 3195 4046 ut
3241 3995 3458 4060 reprobi
3497 3997 3699 4048 simus.-

2157 4083 2212 4136 Si
2274 4081 2418 4136 enim
2476 4082 2600 4135 tnali
2676 4083 2881 4152 aliquid
2923 4081 3190 4146 feceritis,
3253 4099 3350 4137 nos
3405 4085 3705 4138 vindicando

2157 4175 2466 4243 parebimus
2522 4175 2733 4243 probati
2771 4191 2785 4228 :
2840 4177 2933 4228 sed
2972 4177 3264 4229 maluimus
3316 4191 3416 4229 nos
3461 4180 3694 4244 reprobus

2157 4252 2591 4329 videri,'tantutn
2625 4278 2687 4320 ut
2744 4280 2838 4319 vos
2863 4271 3004 4334 quod
3043 4266 3240 4320 bonum
3267 4279 3353 4321 est
3382 4269 3607 4322 faciatis.

2232 4371 2249 4405 t
2285 4355 2402 4408 Non
2430 4371 2714 4423 possumus
2730 4356 2873 4409 enim
2895 4356 3097 4424 aliquid
3118 4359 3385 4412 adversus
3407 4361 3660 4412 veritatem
3683 4400 3700 4412 .

2157 4451 2250 4502 sed
2301 4465 2400 4517 pro
2453 4451 2702 4503 veritate.
2734 4470 2752 4501 ι
2820 4451 3158 4505 lunOcentia:
3192 4457 3336 4505 enim
3369 4463 3561 4507 nostra:
3592 4471 3704 4504 seu-

2159 4545 2322 4595 tentia
2372 4541 2565 4596 obesse
2595 4558 2698 4595 non
2752 4544 2973 4611 poterit,
3013 4543 3117 4598 nisi
3166 4545 3216 4598 ei
3272 4547 3368 4613 qui
3421 4556 3515 4614 pro
3570 4559 3700 4598 certo

2155 4635 2484 4702 peccaverit.

2232 4742 2250 4774 ‹
2283 4721 2591 4777 Gaudemus
2631 4725 2774 4777 enim
2821 4725 3077 4792 quoniam
3115 4743 3214 4780 nos
3266 4729 3468 4782 inﬁrmi
3515 4744 3696 4790 sumus,

2159 4829 2250 4869 vos
2279 4823 2528 4883 potentes
2555 4816 2710 4869 estis.
2741 4833 2758 4866 ι
2805 4815 3121 4872 Gaudemus
3155 4821 3198 4872 si
3234 4837 3340 4872 nou
3379 4823 3449 4873 sit
3501 4833 3700 4873 necesse

2160 4918 2217 4960 ut
2249 4917 2437 4961 nostra
2487 4911 2662 4961 virtus
2694 4921 2975 4978 appareat,
3028 4912 3174 4965 sicut
3200 4909 3347 4966 Petri
3376 4916 3614 4983 apparuit
3645 4916 3693 4963 in

2159 5004 2428 5071 Sapphira
2454 5015 2510 5058 et
2564 5008 2800 5061 Ananta.

2236 5113 2252 5144 ς
2283 5096 2396 5150 Hoc
2444 5107 2498 5152 et
2551 5113 2773 5152 oramus
2827 5101 3063 5155 vestram
3119 5106 3684 5160 consummationem.»

2161 5185 2228 5241 Ut
2269 5204 2366 5243 vos
2391 5191 2617 5257 perfecti
2651 5192 2774 5246 sitis
2803 5203 3078 5262 potentes.

2237 5302 2253 5332 ι
2286 5284 2408 5336 Ideo
2451 5286 2595 5336 enim
2629 5285 2744 5339 haec
2776 5286 2977 5341 absens
3005 5288 3210 5351 scribo,
3247 5300 3305 5342 ut
3350 5306 3454 5342 non
3491 5299 3692 5357 presens

2163 5375 2350 5430 Jurius
2371 5391 2550 5444 agam,
2575 5381 2872 5434 secundum
2898 5391 3244 5449 potestatem,
3271 5399 3435 5452 quam
3468 5382 3691 5437 Dominus

2159 5468 2307 5522 dedit
2369 5470 2525 5523 mihi.
2574 5487 2595 5522 ι
2668 5472 2725 5526 Si
2778 5487 2882 5526 non
2949 5475 3300 5529 correxeritis
3353 5474 3687 5540 vos,,durms

2160 5562 2339 5614 adhuc
2375 5571 2605 5617 acturus
2639 5579 2783 5628 sum,
2817 5582 2980 5635 quam
3008 5569 3302 5622 scribendo
3332 5566 3586 5624 denumio.

2239 5673 2255 5701 ι
2290 5653 2346 5705 In
2379 5655 2821 5711 aediﬁcationem.
2850 5678 2866 5709 ι
2905 5659 2972 5714 Ut
2997 5670 3050 5714 et
3084 5677 3175 5714 vos
3211 5668 3277 5715 de
3310 5672 3498 5716 caetero
3523 5663 3679 5710 cities-

2164 5746 2330 5814 detis,
2400 5755 2455 5800 et
2491 5748 2579 5800 alii
2609 5761 2834 5816 peccare
2864 5751 3178 5810 formident.
