3956 6196
307 360 410 428 8-H

372 495 400 530 ,ι
424 474 493 534 Et
557 488 664 530 non
726 475 783 530 in
835 471 1281 532 destructionem.
1315 495 1334 527 ι
1409 475 1490 532 Ad
1545 492 1708 548 quam
1775 479 1878 534 sibi
1905 490 1958 552 Α

304 567 776 640 pseudo-apostoli
808 574 1135 638 potestatem
1173 578 1464 640 usurpant.

379 681 400 715 ι
433 663 507 718 De
561 669 782 726 caetero,
832 658 1052 725 fratres,
1099 661 1356 731 gaudete,
1399 661 1630 732 perfecti
1675 670 1872 727 estote,

303 752 694 809 exhortamini.
731 771 749 805 ι
779 751 1096 807 Notandum
1130 752 1273 822 quod
1314 753 1413 808 ιοιὶ
1452 752 1711 809 Ecclesia:
1735 755 1876 809 scri-

302 843 461 906 bens,
495 844 628 898 dicit
661 858 754 899 eos
805 857 998 898 omnes
1041 844 1241 899 debere
1285 859 1408 899 esse
1449 844 1720 914 perfectos
1756 863 1773 900 :
1823 855 1878 902 et

304 937 450 1006 quod
485 937 651 990 laicos
681 923 834 1006 jubet
861 951 920 989 se
951 935 1181 990 invicem
1211 937 1521 990 exhortari.

383 1049 400 1080 ι
429 1030 666 1098 ldipsum
701 1029 896 1098 sapite.
941 1028 1133 1083 Pacem
1167 1028 1364 1084 habete
1399 1044 1412 1080 :
1463 1039 1517 1082 et
1547 1028 1689 1082 Deus
1725 1029 1875 1098 pacis

304 1129 358 1175 et
408 1119 716 1174 dilectionis
784 1121 888 1174 erit
953 1120 1300 1174 vobiscum.»
1363 1120 1620 1188 Alioquin
1688 1127 1876 1174 auctor

306 1211 656 1266 dissensionis
707 1221 760 1264 et
822 1211 931 1265 odii
965 1211 1281 1265 contrarius
1319 1210 1426 1266 erit
1469 1211 1641 1274 vobis,
1679 1221 1734 1264 ct
1780 1227 1874 1264 vos

303 1321 424 1359 cum
481 1305 572 1358 illo
627 1305 1020 1374 permanebitis
1079 1304 1132 1356 in
1189 1313 1478 1367 aeternum,
1544 1303 1590 1357 si
1649 1303 1735 1357 ille
1789 1303 1876 1356 hic

303 1397 584 1451 vobiscum
619 1396 882 1451 manserit
911 1410 1148 1465 semper.

1293 360 1710 428 KXPOSITIO
1738 365 1820 428 IN
1855 365 2097 430 EPIST.
2123 365 2227 428 AD
2263 363 2535 426 GALAT.

2063 496 2080 529 ι
2107 476 2372 542 ‘Salutate
2399 474 2632 530 invicem
2653 469 2708 525 in
2726 467 2914 526 osculo
2937 476 3150 524 sancto.
3177 467 3430 525 Salutant
3455 485 3558 529 vos

1978 581 2172 624 omnes
2203 567 2404 624 sancti.
2441 585 2462 619 ι
2497 564 2614 621 Non
2642 563 2922 629 honorati,
2967 571 3062 618 aut
3089 561 3308 620 divites.

2061 725 2078 757 ι
2102 699 2289 762 Gratia
2330 703 2543 760 Domini
2603 701 2778 758 nostri
2809 701 2937 757 Jesu
2968 701 3199 766 Christi,
3231 712 3288 756 et
3311 702 3556 758 charitas

1990 797 2109 864 Dei,
2143 807 2198 852 et
2253 796 2682 852 communicatio
2738 794 2914 850 sancti
2965 794 3224 864 Spiritus.
3258 813 3278 847 ›
3351 794 3554 848 Contra

1985 891 2242 954 Arianos,
2283 889 2372 958 qui
2430 887 2552 942 ideo
2601 886 2820 941 Patrem
2860 888 3124 956 majorem
3170 901 3293 942 esse
3326 897 3556 942 contenv

1983 987 2115 1040 dunt
2141 1001 2157 1038 :
2189 985 2316 1056 quia
2349 984 2670 1054 plerumque
2697 983 2904 1053 primus
2930 985 3241 1038 nominatur
3261 983 3313 1036 in
3337 981 3550 1035 ordine.

2059 1124 2185 1178 «Sit
2240 1138 2364 1179 cum
2410 1123 2664 1179 omnibus
2719 1121 2896 1178 vobis.
2947 1122 3140 1176 Amen.
3180 1139 3196 1172 ι
3275 1121 3394 1174 Νοιι
3444 1121 3555 1173 ali-

1985 1216 2206 1284 quantis
2245 1228 2260 1266 :
2309 1213 2424 1268 sive
2459 1213 2606 1282 quod
2634 1227 2828 1268 omnes
2857 1213 2912 1266 in
2945 1212 3032 1268 his
3068 1211 3224 1267 donis
3261 1211 3391 1266 velit
3426 1226 3552 1266 esse

1987 1304 2278 1376 perfectos.

1044 1757 1172 1843 IN
1259 1750 1939 1842 EPISTOLAM
2020 1749 2165 1837 AD
2241 1748 2798 1840 GALATAS.

804 2107 1027 2165 CAPUT
1079 2099 1368 2159 PRIMUM.

377 2225 392 2254 ι
425 2202 622 2256 Paulus
649 2202 936 2270 apostolus
958 2217 1064 2254 non
1096 2199 1163 2252 ab
1196 2195 1530 2259 hominibus,
1570 2208 1749 2262 neque
1781 2209 1876 2264 per

304 2295 599 2349 hominem.
630 2312 647 2343 ι
697 2292 852 2346 Sicut
884 2306 1164 2346 sacrarum
1203 2287 1609 2355 Scripturarum
1647 2294 1878 2339 testatur

301 2387 623 2449 auctoritas,
680 2385 952 2438 neminem
1001 2383 1189 2436 venire
1246 2379 1312 2433 ad
1367 2377 1588 2432 Patrem
1641 2379 1748 2431 nisi
1782 2392 1878 2446 per

303 2469 497 2530 Filium
534 2487 586 2530 et
618 2475 881 2544 Spiritum
911 2485 1158 2527 sanctum
1188 2489 1201 2525 :
1233 2471 1360 2525 item
1393 2470 1662 2522 neminem
1688 2470 1876 2522 venire

305 2573 369 2623 ad
401 2569 622 2629 Filium.
662 2569 768 2622 nisi
801 2582 981 2645 tqucm
1021 2567 1296 2619 vocaverit
1339 2562 1500 2616 Pater
1547 2569 1600 2615 et
1642 2561 1877 2630 Spiritus

305 2673 570 2716 sanctus:
628 2663 702 2714 ita
754 2670 807 2714 et
870 2661 971 2713 hoc
1025 2659 1142 2713 loco
1200 2657 1488 2712 manifeste
1540 2653 1873 2722 ostenditur,

306 2755 532 2807 Paulum
594 2752 900 2822 apostolum
959 2752 1012 2805 in
1069 2751 1345 2819 Evangelii
1406 2749 1874 2818 prmdicationem,

301 2861 398 2915 per
425 2846 611 2900 Jesum
633 2844 912 2899 Christum
947 2853 1002 2897 ct
1033 2844 1197 2897 Deum
1227 2843 1444 2896 Patrem
1470 2850 1723 2896 vocatum
1757 2855 1876 2895 esse

305 2955 332 2992 a
368 2949 557 2992 sancto
600 2938 828 3006 Spiritu.
884 2937 1349 3004 Quemadmodum
1383 2935 1519 2988 liber
1550 2934 1876 3004 apostolico-

306 3046 422 3082 rum
463 3030 697 3083 Actuutn
725 3030 905 3092 docet,
945 3030 1137 3083 dicens
1172 3045 1187 3083 :
1233 3025 1666 3080 Ministramibus
1696 3037 1874 3079 autem

303 3123 410 3174 illis
443 3122 688 3184 Domino,
727 3120 1181 3190 etjejunantibus,
1203 3120 1335 3172 dixit
1369 3117 1598 3186 Spiritus
1620 3128 1871 3172 sanctus:

302 3214 580 3284 Segregale
627 3213 754 3266 mihi
801 3213 1124 3275 Barnabam,
1174 3222 1224 3264 et
1273 3211 1578 3265 Suulumiri
1625 3227 1754 3278 opus
1806 3212 1874 3264 ad

299 3305 437 3375 quod
481 3306 743 3371 assumpsi
785 3321 870 3359 eos
912 3307 1053 3374 (.lct.
1089 3320 1172 3367 Ill,
1209 3303 1287 3370 2).
1353 3303 1484 3357 ltem
1537 3312 1593 3356 et
1637 3303 1775 3357 infra
1817 3303 1869 3357 in

300 3399 487 3452 eodem
523 3399 639 3452 loco
672 3416 683 3450 :
719 3396 786 3450 Et
825 3399 926 3460 ipsi
963 3397 1170 3467 quidem
1202 3398 1346 3450 missi
1377 3416 1408 3450 a
1440 3395 1647 3466 Spiritu
1686 3408 1870 3450 sancto

303 3491 542 3541 abierunt
603 3488 895 3544 Seleuciam
947 3487 1223 3558 (lbid.-5).
1301 3489 1457 3555 Quod
1521 3498 1704 3544 autem
1781 3491 1870 3544 hic

298 3579 485 3632 .Iesum
529 3580 808 3634 Christum
863 3582 1038 3649 primo
1070 3580 1189 3634 loco
1238 3581 1408 3648 ponit,
1443 3589 1496 3635 et
1533 3582 1603 3634 ita
1653 3579 1870 3634 demum

301 3669 540 3732 Patrem,
573 3682 626 3723 et
657 3672 782 3724 alibi
817 3671 1186 3724 indifferenter
1237 3670 1405 3725 Deum
1448 3669 1665 3724 Patrem
1715 3677 1871 3724 ante-

299 3760 474 3827 ponit,
528 3763 849 3830 frequenter
892 3762 1056 3815 etiam
1118 3761 1382 3830 Spiritum
1433 3771 1681 3815 sanctum
1720 3779 1732 3814 :
1770 3762 1872 3815 hoc

303 3854 568 3920 ostendit,
624 3855 878 3922 quoniam
917 3855 968 3907 in
1029 3853 1190 3909 Patre
1250 3865 1304 3909 et
1357 3853 1496 3909 Filio
1556 3864 1611 3908 et
1662 3853 1870 3922 Spiritu

301 3959 512 4012 sancto,
545 3939 649 4000 non
693 3947 850 4011 ordo,
887 3963 991 4000 non
1046 3949 1218 4016 major
1259 3957 1353 4002 aut
1390 3950 1586 4011 minor,
1626 3948 1720 4002 sed
1762 3962 1870 4001 una

303 4049 384 4092 est
417 4037 608 4108 gloria,
642 4038 947 4105 eademque
969 4037 1298 4092 substantia.
1352 4035 1507 4102 Quod
1545 4051 1672 4090 vero
1712 4035 1865 4102 dicit,

302 4143 477 4197 neque
529 4143 625 4196 per
674 4129 975 4190 hominem,
1023 4131 1116 4183 sed
1165 4144 1262 4196 per
1307 4127 1490 4183 Jesum
1568 4127 1866 4192 Christum,

303 4220 392 4272 bic
423 4233 712 4287 personam
740 4218 954 4271 deitatis
984 4219 1242 4272 ostendit.
1307 4219 1460 4284 Quod
1507 4228 1686 4272 autem
1741 4220 1816 4271 ait
1850 4232 1864 4269 :

298 4312 400 4377 Qui
442 4310 725 4364 suscitavit
757 4325 880 4364 eum
915 4326 944 4363 a
997 4313 1254 4375 mortuis,
1319 4311 1586 4380 assumpti
1631 4309 1868 4364 hominis

296 4406 565 4476 signillcat
617 4403 1078 4458 incarnationem.
1141 4402 1313 4456 Aliter
1385 4419 1400 4459 ξ
1453 4401 1572 4459 Non
1630 4403 1866 4456 humana

295 4499 746 4567 praesumptione,
792 4505 850 4550 ut
890 4495 964 4548 illi
999 4496 1203 4560 dicunt,
1241 4509 1418 4563 neque
1465 4481 1562 4564 per
1593 4494 1866 4562 apostolos

295 4591 454 4656 alios,
493 4600 552 4643 ut
580 4590 762 4642 Aaron
795 4601 891 4657 per
919 4584 1145 4654 Moysen
1183 4603 1196 4638 :
1232 4585 1325 4639 sed
1353 4600 1448 4654 per
1480 4585 1651 4654 ipsum
1687 4584 1869 4638 Domi-

296 4698 450 4746 num,
479 4693 538 4733 ut
568 4680 778 4749 Moyses
801 4690 854 4733 et
892 4693 1082 4733 omnes
1117 4677 1498 4746 apostoli,ch
1545 4676 1860 4746 prephetaa;

1905 2105 1952 2164 Β
1984 2099 2293 2156 conculcari
2325 2099 2650 2167 doctrinam,
2681 2099 2974 2172 Apostolus
3020 2104 3410 2176 objurgaturus
3444 2095 3582 2164 ρει-ι’

1981 2194 2117 2248 latas
2152 2204 2376 2264 propter
2415 2201 2892 2251 conversationem
2926 2212 3078 2252 suam
3109 2214 3126 2265 ς
3171 2215 3279 2252 non
3339 2209 3554 2255 tantum

1979 2295 2044 2335 cx
2093 2298 2188 2337 sua
2226 2298 2463 2353 persona
2502 2283 2699 2338 scribit
2728 2283 2814 2359 ad
2866 2299 2982 2351 eos,
3040 2288 3133 2341 sed
3188 2303 3253 2342 ex
3304 2291 3552 2343 omnium

1978 2373 2234 2440 fratrum,
2283 2377 2375 2444 qui
2407 2375 2461 2429 in
2519 2376 2800 2431 consortio
2834 2392 3019 2431 secum
3055 2391 3213 2433 erant
3249 2396 3264 2444 ;
3327 2396 3462 2448 quos
3498 2383 3553 2434 in

1978 2463 2216 2536 Epistola
2257 2467 2322 2520 ad
2369 2467 2684 2521 Corinthios
2731 2470 3013 2536 apostolos
3075 2481 3253 2537 vocat,
3306 2473 3489 2526 dicens
3535 2491 3550 2530 :

1979 2556 2098 2612 Sive
2132 2560 2325 2628 fratres
2353 2561 2520 2612 nostri
2544 2561 2770 2628 apostoli
2802 2554 2857 2632 (Ι
2886 2563 3009 2618 Cor.
3046 2579 3119 2630 ιι,
3152 2564 3230 2633 2),
3252 2561 3552 2619 Ecclesiani

1977 2650 2163 2722 gloria:
2197 2653 2428 2708 Christi.

2056 2765 2073 2794 ι
2101 2744 2288 2798 Gratia
2325 2746 2496 2801 vobis.
2533 2766 2550 2798 ι
2592 2745 2726 2813 Quia
2755 2749 2868 2802 sola
2902 2749 3036 2804 estis
3065 2749 3168 2806 [ide
3208 2749 3419 2805 salvati.

2055 2855 2072 2886 ι
2105 2835 2166 2888 Et
2201 2853 2307 2906 pax
2336 2853 2364 2890 a
2418 2841 2525 2893 Deo
2569 2839 2730 2893 Patre
2787 2851 2996 2906 nostro,
3049 2852 3102 2895 et
3151 2842 3381 2896 Domino
3421 2841 3553 2898 .Iesu

1975 2926 2216 2982 Christo.
2255 2949 2273 2980 ι
2355 2931 2470 2995 Qua
2515 2930 2764 2987 remissis
2797 2932 3012 2987 delictis
3045 2936 3322 3000 omnibus,
3354 2950 3552 2990 recon-

1977 3020 2144 3073 ciliati
2184 3019 2396 3075 fuerant
2432 3021 2563 3075 Deo.

2059 3133 2076 3163 ι
2104 3115 2208 3180 Qui
2248 3117 2392 3170 dedit
2454 3116 2806 3187 semetipsum
2869 3134 2966 3188 pro
3001 3122 3237 3189 peccatis
3269 3122 3492 3176 nostris.
3525 3139 3542 3172 ›

1974 3205 2219 3262 Ostendit
2237 3210 2496 3264 beneﬁcia
2527 3210 2751 3274 Christi,
2774 3213 2972 3279 quibus
2991 3213 3306 3267 existebant
3327 3215 3548 3287 ingrati,

1979 3300 2034 3354 in
2074 3301 2213 3369 lege,
2248 3318 2369 3371 qua:
2399 3305 2781 3368 peccatoribus
2804 3305 2930 3359 data
2966 3317 3070 3370 est,
3107 3308 3291 3362 vivere
3316 3308 3550 3377 cupien-

1979 3391 2149 3456 tibus,
2180 3408 2303 3446 cum
2340 3393 2445 3446 illis
2470 3395 2653 3448 omnia
2689 3406 2875 3449 CSsCltl
2905 3407 3125 3462 peccata
3158 3400 3403 3453 dimissa.

2027 3467 2071 3535 ἰ
2107 3482 2175 3539 Ut
2203 3487 2444 3555 eriperet
2488 3501 2583 3540 nos
2617 3488 2682 3541 de
2713 3490 2964 3555 praesenti
3006 3489 3204 3542 saeculo
3237 3505 3490 3560 nequam.
3526 3513 3545 3542 ι

1957 3578 2093 3632 Νοιι
2131 3578 2275 3646 quod
2329 3578 2587 3632 saeculum
2637 3595 2870 3648 nequam
2923 3580 3016 3644 sit,
3073 3581 3168 3634 sed
3218 3583 3362 3650 quod
3412 3577 3590 3658 mala"

1974 3670 2081 3723 sint
2117 3685 2234 3737 quae
2264 3679 2501 3739 aguntur
2536 3671 2585 3723 in
2625 3672 2827 3726 saeculo
2859 3689 2873 3725 :
2909 3673 3049 3725 sicut
3103 3684 3158 3724 et
3187 3672 3451 3729 Dominus
3483 3673 3540 3726 in
3585 3673 3598 3686 ‘

1975 3759 2269 3829 Evangelio
2332 3763 2506 3816 dicit:
2561 3758 2758 3831 Suﬁ’icit
2804 3763 2910 3815 diei
2936 3761 3143 3815 malitia
3187 3780 3284 3816 sua
3319 3763 3543 3834 (Matth.

1975 3867 2046 3916 vt,
2079 3853 2194 3920 54).
2253 3849 2370 3908 Non
2409 3856 2538 3923 quia
2571 3856 2687 3909 dies
2729 3857 2870 3908 mala
2901 3855 2996 3918 sit,
3031 3856 3127 3909 sed
3161 3867 3382 3926 propter
3431 3858 3544 3920 illa,

1973 3959 2090 4012 quae
2121 3941 2174 3997 in
2205 3944 2325 4008 eius
2353 3957 2595 4013 tempore
2629 3957 2884 4016 aguntur,
2931 3949 3012 4002 vel
3066 3950 3229 4014 bona,
3267 3951 3350 4003 vel
3404 3952 3542 4004 mala

1972 4036 2192 4091 dicitur.
2245 4036 2380 4091 ltem
2441 4039 2582 4092 mala
2645 4039 2831 4094 saeculi
2880 4056 3046 4107 opera
3095 4042 3379 4107 dicuntur;
3423 4058 3545 4112 qua:

1973 4130 2390 4184 committuntur
2421 4132 2473 4184 in
2514 4132 2655 4202 ipso.

2050 4241 2065 4273 ι
2095 4221 2402 4277 Secundum
2453 4227 2784 4280 voluntatem
2844 4228 2938 4283 Dei
2969 4239 3022 4283 et
3073 4228 3249 4284 Patris
3282 4232 3481 4288 nostri.
3517 4251 3538 4284 ι

1969 4313 2088 4370 Νοη
2125 4316 2426 4369 secundum
2465 4319 2662 4372 merita
2699 4331 2905 4374 nostra.

2047 4428 2064 4460 ‹
2094 4409 2196 4464 Cui
2223 4419 2308 4464 est
2356 4410 2528 4479 gloria
2569 4411 2622 4465 in
2658 4413 2856 4467 saecula
2897 4416 3238 4473 sarculorum.
3288 4418 3482 4474 Amen.
3516 4436 3536 4470 ι

1969 4501 2203 4557 lnfinitis
2228 4501 2506 4558 beneficiis
2541 4505 2749 4558 inlinita
2777 4507 2950 4576 gloria
2982 4509 3228 4565 debetur.

2044 4613 2062 4645 ι
2095 4593 2259 4649 Miror
2306 4599 2453 4664 quod
2486 4597 2563 4651 sic
2613 4607 2722 4651 tam
2775 4601 2886 4654 cito
2922 4603 3314 4658 transferimini
3353 4605 3420 4657 ab
3450 4619 3536 4668 eo,

1967 4687 2059 4754 qui
2089 4699 2184 4740 Vos
2218 4687 2431 4740 vocavit
2463 4688 2516 4742 in
2547 4690 2780 4758 gratiam
2814 4691 3046 4757 Christi,
3090 4696 3142 4748 in
3172 4696 3315 4749 aliud
3351 4696 3534 4749 Evan-

291 4774 387 4828 sed
427 4772 672 4841 plerique
729 4770 797 4825 ab
837 4770 1148 4824 hominibus
1177 4765 1523 4833 ordinantur,
1566 4781 1688 4821 cum
1723 4767 1864 4820 iudi-

1998 4777 2212 4846 ;eliu_m:
2249 4781 2389 4848 quod
2419 4795 2527 4834 non
2571 4792 2655 4836 est
2688 4782 2856 4838 aliud.
2887 4802 2905 4834 ›
2966 4785 3334 4840 Manifestatis
3367 4789 3536 4841 bene-

290 4879 393 4932 gne
419 4864 601 4914 favore
629 4861 810 4930 populi
837 4859 1154 4928 patientiam
1187 4858 1399 4912 Domini
1421 4867 1859 4923 centemnentes,

292 4955 476 5007 divino
509 4953 822 5007 sacerdOtio
858 4963 1048 5005 contra
1087 4953 1343 5029 meritum
1369 4951 1718 5005 ordinantur.

368 5063 386 5096 ι
419 5046 524 5099 Sed
591 5060 686 5114 per
728 5043 914 5098 Jesum
951 5045 1250 5098 Christum.
1286 5062 1306 5096 ι
1368 5044 1470 5110 Qui
1525 5045 1743 5097 Petrum
1805 5053 1860 5098 et

287 5145 518 5190 ceteros
559 5137 848 5206 Apostolus
878 5137 931 5191 in
974 5138 1339 5192 ministerium
1373 5138 1710 5206 apostolatus
1746 5137 1859 5192 ele-

288 5234 388 5298 git.

363 5341 381 5372 ι
415 5321 480 5375 Et
523 5322 688 5376 Deum
720 5325 958 5380 Patrem.
989 5343 1010 5376 ι
1045 5323 1297 5380 Ostendit
1334 5337 1498 5380 unam
1525 5337 1648 5382 esse
1677 5324 1858 5380 Patris

283 5425 342 5468 et
377 5411 500 5467 Filii
533 5416 928 5482 operationem.

363 5506 512 5572 «Qui
565 5508 851 5563 suscitavit
897 5525 1020 5565 eum
1077 5526 1105 5564 a
1162 5509 1412 5566 mortuis.
1469 5529 1489 5564 ι
1547 5510 1856 5568 Secundum

281 5600 431 5666 quod
467 5599 603 5652 mori
636 5601 830 5667 potuit,
864 5603 1162 5656 secundum
1201 5617 1424 5658 carnem
1455 5603 1685 5659 scilicet.

347 5708 366 5739 ι
403 5687 467 5742 Et
515 5694 607 5760 qui
665 5705 876 5745 mecum
912 5703 1041 5747 sunt
1086 5707 1275 5749 omnes
1318 5692 1542 5762 fratres,
1593 5695 1856 5752 Ecclesiis

277 5779 531 5836 Galatiae.
564 5800 583 5834 ι
621 5782 700 5837 Ne
733 5785 880 5839 solos
914 5785 1137 5854 indigne
1164 5785 1332 5860 ferre;
1351 5797 1662 5859 putaretur,
1699 5807 1852 5848 suam

605 5881 872 5942 ΡΑῖιιοι.
917 5883 1116 5948 XXX.

1972 4870 2132 4935 ficiis,
2171 4872 2357 4925 mirari
2389 4888 2448 4928 se
2477 4874 2607 4929 dicit
2669 4877 2813 4945 quod
2851 4878 2920 4932 ab
2959 4880 3049 4933 illo
3073 4883 3352 4949 potuerint
3382 4896 3540 4951 sepao

1970 4977 2099 5016 rari.

2045 5075 2062 5108 ι
2089 5055 2203 5111 Nisi
2248 5065 2375 5113 sunt
2415 5057 2619 5127 aliqui,
2663 5061 2755 5124 qui
2805 5075 2900 5115 vos
2942 5061 3292 5115 conturbant.
3336 5079 3354 5113 ι
3399 5058 3538 5115 Nam

1967 5145 2316 5217 Evangelium
2369 5165 2559 5204 verum
2606 5151 2755 5208 aliud
2801 5168 2923 5210 esse
2979 5169 3084 5207 non
3146 5163 3363 5223 potest,
3427 5155 3534 5210 nisi

1965 5241 2188 5297 Chrisu.

2043 5356 2062 5388 ι
2098 5334 2162 5390 Ει
2210 5337 2395 5393 volunt
2447 5350 2772 5396 convertere
2829 5339 3180 5410 Evangelium
3238 5341 3463 5398 Christi.
3506 5361 3526 5394 ι

1967 5429 2104 5483 Dum
2142 5428 2253 5484 Lex
2288 5430 2354 5485 ad
2382 5423 2740 5502 Evangelium
2769 5431 3063 5500 profecerit
3090 5447 3105 5488 :
3135 5434 3236 5501 illi,
3275 5448 3532 5504 perverso

1964 5524 2180 5588 ordine,
2223 5518 2575 5596 Evangelium
2605 5526 2672 5582 ad
2701 5526 2875 5596 legem
2912 5542 3210 5597 provocare
3261 5529 3531 5583 nituntur.

2041 5635 2060 5666 ι
2085 5615 2188 5670 Sed
2221 5615 2347 5671 licet
2381 5632 2501 5682 nos,
2540 5628 2633 5673 aut
2669 5621 2896 5690 angelus
2929 5619 2997 5674 de
3031 5621 3170 5674 ccelo
3198 5619 3534 5690 evangelizet

1961 5706 2117 5762 vobis
2169 5718 2532 5780 praeterquam
2598 5708 2741 5780 quod
2801 5711 3242 5782 evangelizamus
3294 5711 3472 5768 vobis.
3505 5730 3524 5764 ι

1962 5798 2210 5856 Breviter
2237 5801 2383 5857 onmi
2423 5802 2589 5859 voluit
2621 5802 2977 5874 pra-judicare
3004 5820 3276 5876 personae,
3312 5804 3530 5877 quando

3093 5901 3166 5963 27
