3954 6194
759 255 772 289 ἱ

419 373 528 443 εῐπ

1341 372 1402 436 S.
1445 364 1896 431 HIERONYMI
1940 356 2260 420 OPERUM
2305 353 2708 416 MANTISSA.
3554 344 3640 409 sit,

423 505 524 544 nec
547 483 838 556 Apostolus
884 485 1072 536 contra
1111 479 1163 534 id
1192 478 1340 549 quod
1381 477 1620 548 primum
1664 471 1999 544 prmdicave-
2029 498 2071 544 Α
2105 463 2438 529 exercuerit,
2483 476 2662 530 neque
2700 470 2826 514 tunc
2867 457 3046 512 carnis
3079 465 3138 512 et
3176 455 3456 528 sanguinis
3485 471 3648 514 vocent

429 593 529 643 rat,
571 594 666 634 nee
699 591 884 631 vorem
936 573 1002 627 de
1035 573 1176 629 cmlo
1212 571 1484 642 loquentis
1519 567 1698 636 angeli
1747 561 1993 634 permisit

425 673 632 727 audire.
687 668 840 722 Facit
870 675 1052 721 autem
1084 663 1357 720 sententia
1383 671 1574 718 contra
1600 674 1792 716 omnes
1827 661 1994 716 hare-

427 765 586 826 ticos,
624 764 712 830 qui
745 760 1068 814 traditiones
1093 757 1426 828 apostolicas
1457 764 1670 809 mutare
1701 763 1994 810 conantur.

501 875 519 906 ι
546 854 849 908 Anathema
875 853 965 906 sit.
998 869 1016 902 ι
1053 850 1167 904 Hoc
1187 858 1293 913 est,
1325 845 1710 903 abominabilis
1725 845 1881 900 vobis
1902 845 1997 901 sit.

506 967 522 999 ι
556 947 709 1002 Sicut
764 945 1145 1016 praediximus,
1196 951 1254 996 et
1283 953 1428 996 nunc
1481 940 1679 1012 iterum
1725 937 1850 992 dico
1887 951 1902 989 :
1941 934 2000 990 Si

427 1041 550 1110 quis
573 1039 727 1093 vobis
743 1034 1200 1105 evangelizaverit
1229 1043 1425 1104 praeter
1443 1031 1495 1087 id
1515 1031 1658 1102 quod
1689 1027 1999 1098 accepistis,

428 1133 718 1187 anathema
742 1131 834 1186 sit.
867 1147 886 1180 ι
921 1127 1230 1197 Repetitutn
1261 1123 1458 1180 fortius
1483 1123 1926 1178 commendatur.

503 1239 522 1272 ι
557 1220 714 1274 Modo
765 1219 910 1273 enim
969 1214 1287 1272 hominibus
1339 1213 1566 1280 suadeo,
1650 1229 1718 1266 an
1782 1211 1934 1269 Deo?
1978 1230 1996 1263 ι

428 1313 698 1383 Numquid
767 1319 986 1380 propter
1035 1309 1284 1363 homines
1355 1307 1510 1361 vobis
1560 1305 1788 1369 suadeo,
1862 1304 2006 1360 sicut

429 1415 653 1473 propter
713 1399 1026 1456 Judmorum
1102 1396 1427 1450 traditiones
1506 1401 1633 1448 ante
1698 1391 2006 1448 faciebam?

430 1492 734 1549 Ostendere
778 1490 892 1544 vult
943 1487 1064 1542 odia
1115 1487 1400 1540 hominum
1452 1499 1512 1541 se
1567 1499 1672 1540 non
1705 1484 2002 1551 timentem,

431 1588 604 1641 libere
632 1582 924 1638 defendere
952 1578 1262 1632 veritatem.

507 1695 525 1728 ι
558 1678 636 1728 An
693 1686 876 1742 quaero
929 1668 1246 1723 hominibus
1299 1665 1548 1735 placere?
1588 1685 1607 1718 ι
1669 1665 2010 1734 Ubicumque

432 1770 554 1825 sine
589 1766 962 1820 additamenta
1016 1761 1198 1829 aliquo
1245 1757 1495 1814 homines
1542 1758 1915 1823 nominantur,
1953 1755 2008 1810 in

432 1858 632 1912 malam
705 1861 910 1921 partem
969 1849 1235 1916 accipitur
1297 1848 1350 1901 in
1406 1845 1726 1916 Scripturis.
1794 1845 1862 1901 Ut
1919 1853 2081 1909 estB

433 1947 564 2003 illud
593 1964 607 2000 :
674 1944 859 1998 Omnis
885 1941 1039 1995 homo
1090 1937 1318 1994 mendax
1350 1937 1526 2006 (Psal.
1560 1953 1686 2003 cxv,
1730 1937 1840 2008 il).
1893 1937 1958 1992 Et
1991 1956 2004 1991 :

435 2042 603 2104 Quem
649 2037 828 2088 dicunt
867 2025 1100 2085 homines
1160 2046 1272 2084 esse
1315 2029 1536 2097 (Matth.
1585 2045 1695 2096 xvi,
1730 2029 1864 2101 i3)?
1903 2029 2008 2084 Et‘

436 2132 625 2185 Nonne
643 2129 874 2180 homines
899 2127 1044 2189 estis,
1070 2133 1118 2178 et
1141 2127 1431 2177 secundum
1449 2122 1710 2175 hominem
1727 2122 2010 2177 ambulotis

432 2221 484 2291 (ι
518 2221 642 2276 Cor.
679 2236 761 2285 tu,
811 2217 919 2288 5)?
987 2217 1150 2286 Igitur
1198 2215 1502 2284 quicunque
1555 2213 1752 2268 talibus
1797 2216 2011 2284 placere

433 2313 689 2379 voluerit,
727 2326 966 2366 necesse
999 2317 1080 2366 est
1133 2317 1193 2361 ut
1223 2321 1411 2361 eorum
1450 2307 1615 2361 faciat
1649 2307 2010 2361 voluntatem.

435 2405 619 2459 Sancti
669 2413 851 2458 autem
917 2400 1028 2455 Deo
1080 2409 1316 2462 tantum,
1349 2407 1403 2452 et
1468 2396 1636 2452 Deum
1691 2397 2011 2452 amantibus

437 2498 652 2566 placent
687 2509 702 2550 :
731 2494 824 2563 qui
880 2491 1001 2562 plus
1029 2504 1191 2559 quam
1235 2488 1486 2542 homines
1512 2501 1634 2543 esse
1669 2496 2009 2542 meruerunt.

513 2607 533 2640 ι
565 2588 622 2642 Si
654 2586 831 2642 adhuc
863 2584 1179 2638 hominibus
1222 2583 1530 2651 placerem,
1575 2579 1781 2634 Christi
1822 2592 2014 2634 servus

436 2697 542 2734 non
569 2693 770 2735 essem.
805 2696 824 2730 ι
861 2677 996 2732 Nam
1045 2675 1173 2730 ideo
1218 2687 1306 2728 me
1353 2675 1609 2738 oderunt,
1665 2672 1792 2742 quia
1823 2687 2013 2727 servus

438 2790 556 2828 sum
583 2759 812 2826 Christi.

516 2883 532 2917 ι
565 2865 764 2921 Notum
793 2862 937 2918 enim
969 2860 1120 2916 vobis
1153 2858 1320 2925 facio,
1372 2857 1595 2924 fratres,
1626 2855 2010 2926 Evangelium,

437 2961 582 3031 quod
632 2957 1066 3028 evangelizatum
1134 2964 1218 3009 est
1263 2969 1294 3008 a
1353 2967 1458 3008 me.
1497 2971 1516 3004 ι
1589 2949 1718 3005 Vult
1785 2963 2017 3020 purgare

439 3053 806 3121 usurpationis
839 3059 894 3104 et
925 3049 1177 3103 humanae
1218 3045 1533 3101 traditionis
1567 3043 1870 3100 infamiam.

513 3161 531 3196 ι
560 3143 696 3210 Quia
731 3154 842 3196 non
883 3149 964 3194 est
993 3139 1291 3195 secundum
1325 3138 1620 3192 hominem.
1654 3135 1843 3205 Neque
1870 3133 2014 3188 enim

440 3252 540 3306 ego
565 3237 634 3290 ab
666 3234 886 3287 homine
936 3233 1121 3300 accepi
1159 3229 1314 3295 illud,
1351 3242 1526 3297 neque
1555 3227 1740 3292 didici,
1777 3226 1871 3280 sed
1912 3240 2010 3295 per
2039 3213 2082 3270 Ο

441 3329 832 3384 revelationem
857 3323 985 3378 Jesu
1017 3321 1242 3376 Christi.
1270 3338 1290 3371 ι
1340 3320 1527 3390 Neque
1564 3335 1592 3372 a
1632 3335 1717 3374 me
1749 3319 2008 3386 confinxi,

441 3437 616 3489 neque
651 3421 718 3474 ab
750 3418 862 3470 alio
896 3415 1120 3469 homine
1157 3415 1366 3483 accepi,
1430 3428 1605 3483 neque
1661 3428 1689 3467 a
1739 3427 2012 3484 quoquam

442 3513 626 3576 didici,
659 3510 806 3580 quod
833 3517 1021 3580 gentes
1047 3506 1159 3561 sola
1192 3505 1294 3559 (ide
1327 3505 1692 3560 salvarentur.

518 3623 537 3655 ι
567 3602 810 3656 Audistis
839 3601 986 3655 enim
1022 3597 1501 3653 conversationem
1529 3612 1700 3651 meam
1723 3595 2012 3665 aliquando

443 3701 494 3752 in
524 3696 827 3751 Judaismo.
857 3713 875 3746 ι
941 3692 1052 3746 Nec
1091 3705 1186 3745 vos
1231 3689 1397 3745 credo
1448 3693 1619 3745 latere
1663 3690 1806 3758 quod
1865 3690 2010 3744 dico.

445 3788 744 3844 Ustcndcre
772 3787 882 3839 iuit.
925 3798 1088 3854 quam
1125 3783 1355 3837 firmiter
1384 3784 1617 3837 tenuerit
1641 3780 2005 3848 Judaismum,

442 3896 495 3938 ct
530 3899 690 3951 quam
726 3880 956 3933 fideliter
1005 3891 1104 3947 pro
1155 3875 1540 3930 traditionibus
1587 3883 1800 3943 patrum
1844 3887 2016 3941 eapu-

442 3974 617 4042 gnarit
646 3970 968 4032 Ecclesiam,
1021 3976 1080 4020 ut
1102 3965 1468 4034 intelligamus
1488 3979 1609 4018 eum
1641 3978 1749 4018 non
1771 3963 2015 4033 potuisse

445 4066 572 4117 inde
606 4064 843 4115 humano
906 4057 1160 4123 consilio,
1214 4055 1320 4112 nisi
1373 4053 1713 4110 revelatione
1771 4053 2014 4124 separari

445 4155 647 4209 divina.

520 4262 540 4295 ι
565 4242 832 4308 Quoniam
869 4254 1031 4309 supra
1058 4237 1278 4294 modum
1317 4237 1686 4308 persequebar
1717 4235 2014 4291 Ecclesiam

446 4334 567 4398 Dei,
602 4344 655 4386 et
687 4333 1063 4402 expugnabam
1103 4332 1279 4391 illam,
1321 4340 1374 4384 et
1421 4321 1777 4400 proficiebam
1815 4330 1874 4382 in
1917 4325 2016 4381 Ju-

448 4431 658 4482 daismo
707 4439 869 4494 supra
921 4423 1117 4478 multos
1167 4431 1474 4477 coactaneos
1507 4435 1659 4476 meos
1706 4421 1760 4474 in
1821 4434 2019 4491 genere

451 4538 593 4584 meo,
645 4517 1007 4576 abundantius
1045 4517 1335 4572 aemulator
1369 4517 1612 4568 existens
1661 4522 2014 4582 paternarum
2045 4548 2100 4608 Β

453 4631 694 4670 mearum
732 4615 1108 4668 traditiouum.
1137 4631 1157 4664 ι
1210 4611 1326 4668 Non
1377 4624 1542 4680 supra
1577 4623 1792 4676 omnes,
1831 4621 1899 4664 ne
1927 4609 2016 4680 ja-

451 4713 760 4766 etaliundus
797 4721 1106 4778 putaretur.

527 4821 544 4852 ι
577 4800 710 4855 Cum
737 4811 915 4855 autent
939 4799 1138 4870 placuit
1163 4799 1212 4856 ei
1239 4798 1328 4869 qui
1355 4796 1756 4869 mesegregavit
1775 4810 1842 4852 ex
1864 4804 2019 4849 utero

450 4895 636 4948 matris
673 4907 822 4946 ntere.
860 4911 879 4944 ι
942 4890 1040 4946 Hic
1072 4891 1472 4961 praescientiatn
1505 4891 1622 4956 Dei,
1676 4888 1740 4943 ad
1774 4889 2021 4943 dilectio-

447 5003 571 5040 nem
602 4986 852 5056 Apostoli
889 4994 1183 5055 antequam
1219 4993 1560 5049 nasceretur,
1590 4983 1852 5038 ostendit.
1884 4981 2019 5034 ltetn

445 5081 536 5148 qui
568 5095 652 5134 me
678 5079 732 5133 in
767 5077 1104 5147 pra-scientia
1139 5077 1207 5152 ab
1237 5086 1398 5132 utero
1425 5076 1754 5146 segregavit,
1795 5075 2017 5145 quando

445 5172 637 5236 voluit,
672 5170 805 5225 fecit
825 5170 968 5239 quod
996 5169 1207 5225 sciebat
1237 5184 1361 5223 esse
1394 5169 1662 5222 futurum.

529 5262 626 5316 cEt
657 5265 865 5316 vocavit
898 5275 992 5329 per
1007 5261 1238 5331 gratiam
1257 5275 1468 5315 suam.»
1488 5260 1607 5314 Non
1631 5258 1839 5314 meritis
1861 5260 2017 5316 meis.

521 5372 538 5404 ι
579 5351 645 5407 Ut
671 5351 942 5406 revelaret
987 5348 1185 5404 Filium
1221 5363 1376 5404 suum
1409 5349 1460 5402 in
1505 5361 1624 5416 me,
1661 5357 1717 5401 ut
1743 5347 2019 5418 evangeli-

447 5459 626 5500 zarcm
665 5443 816 5498 illum
854 5443 909 5495 in
955 5443 1272 5512 gentibus.»
1336 5439 1407 5494 Ut
1446 5440 1644 5495 Filiqu
1703 5453 1861 5492 suum
1920 5453 2015 5508 per

445 5550 533 5590 me
571 5535 824 5604 gentibus
854 5531 1142 5590 revelaret.

519 5644 538 5677 ι
581 5626 848 5680 Continuo
889 5637 995 5677 non
1053 5625 1300 5694 acquievi
1338 5626 1492 5682 carni
1545 5639 1598 5682 et
1663 5628 1942 5698 sanguini.
1995 5649 2012 5680 ι

449 5716 560 5769 lloc
593 5717 746 5779 dicit,
811 5717 1069 5783 quoniam
1112 5719 1412 5773 secundum
1459 5723 1776 5790 mysterium
1814 5723 2019 5776 revela-

457 5806 637 5871 tihnis,
695 5806 1040 5860 commissam
1094 5809 1194 5864 sibi
1246 5811 1685 5879 praedicationem
1739 5815 2016 5882 Evangelii

2105 555 2339 618 audixit,
2376 555 2468 608 sed
2504 553 2617 608 Dei.

2179 663 2202 701 ι
2235 645 2423 716 N‘eque
2446 646 2566 700 veni
2601 643 2998 715 Jerosolymam
3027 643 3095 698 ad
3123 651 3494 697 antecessores
3524 656 3654 697 meos

2107 739 2411 808 apostolos,
2446 740 2540 792 sed
2570 737 2680 792 abii
2710 737 2763 790 in
2797 737 3074 803 Arabiam,
3124 745 3180 790 et
3204 736 3396 789 iterum
3431 749 3658 789 reversus

2127 847 2244 887 sum
2276 832 2621 885 Damascum.
2661 847 2680 880 ι
2720 829 2838 884 Non
2867 829 3010 897 quod
3045 827 3175 881 mihi
3207 841 3431 881 necesse
3473 826 3586 889 fuit.
3611 835 3657 880 ut

2109 924 2174 977 ab
2205 923 2311 978 illis
2337 923 2546 993 aliquid
2586 922 2850 977 edocerer
2879 937 2894 976 :
2955 919 3048 974 sed
3079 920 3145 974 de
3175 918 3436 973 Damasco
3466 919 3518 973 in
3545 920 3661 974 Ara-

2109 1014 2254 1070 biam
2288 1016 2537 1084 protinus
2571 1015 2738 1078 ibam,
2775 1025 2835 1068 ut
2880 1013 3133 1066 docerem
3166 1011 3310 1079 quod
3346 1011 3477 1066 mihi
3502 1028 3532 1064 a
3563 1010 3652 1068 Deo

2113 1106 2410 1161 revelatum
2443 1105 2643 1161 fuerat.

2187 1215 2208 1249 ι
2235 1198 2442 1252 Deinde
2470 1207 2592 1267 post
2621 1212 2794 1251 annos
2829 1206 2962 1252 tres.
2996 1213 3015 1248 ι
3043 1194 3298 1252 Ostendit
3317 1210 3376 1250 se
3401 1211 3508 1249 non
3541 1195 3660 1249 indi-

2111 1289 2291 1358 guisse
2319 1289 2632 1359 doceri,qui
2661 1289 2832 1343 tribus
2857 1289 2968 1357 jam
3001 1289 3158 1342 annis
3188 1288 3310 1343 aliis
3345 1287 3661 1358 praedicant.

2188 1400 2207 1432 ί
2237 1381 2369 1436 Veni
2422 1381 2873 1452 Hierosolymam.
2903 1399 2922 1432 ι
2995 1379 3227 1446 Quando
3276 1395 3336 1435 se
3397 1379 3660 1449 discipulis

2109 1474 2336 1544 jungere
2360 1475 2687 1530 attentabat.

2191 1583 2210 1616 ‹
2248 1564 2444 1619 Videre
2490 1564 2736 1618 Petrum.
2762 1581 2780 1614 ι
2848 1563 2914 1618 Et
2972 1573 3288 1632 susceptum
3315 1576 3375 1616 se
3403 1562 3470 1616 ab
3507 1561 3592 1616 illo
3621 1562 3663 1615 in

2116 1660 2384 1716 charitate
2429 1659 2816 1715 demonstrat:
2864 1667 2920 1716 et
2965 1662 3018 1714 in
3065 1669 3174 1715 tam
3226 1660 3376 1714 brevi
3441 1669 3667 1729 tempore

2118 1751 2252 1806 nihil
2286 1753 2494 1807 discere
2533 1754 2803 1822 potuisse.

2180 1861 2199 1894 ι
2229 1843 2294 1897 Ει
2318 1846 2492 1898 mansi
2525 1845 2666 1915 apud
2687 1860 2805 1899 eum
2827 1845 3018 1902 diebus
3041 1844 3369 1915 quindecim.
3406 1862 3424 1895 ι
3458 1841 3668 1896 κτὶᾱειικιὶ

2112 1937 2312 2005 gratia,
2343 1951 2452 1991 non
2487 1936 2756 1991 discendi.-

2188 2046 2206 2080 ι
2237 2029 2417 2083 Alium
2449 2040 2632 2084 autem
2670 2031 3041 2099 apostolorum
3076 2029 3184 2084 vidi
3213 2028 3510 2084 neminem.
3546 2044 3563 2077 ι
3599 2023 3667 2079 Ne

2113 2121 2198 2177 vel
2231 2122 2298 2176 ab
2326 2121 2437 2176 illis
2478 2121 2735 2178 didicisse
2783 2123 3084 2178 videretur.

2187 2211 2351 2267 «Nisi
2402 2209 2664 2268 Iacobum
2730 2213 2954 2269 fratrem
3011 2215 3248 2270 Domini.
3307 2215 3443 2282 Qua:
3505 2222 3666 2267 auten

2112 2305 2293 2365 scribo
2322 2305 2497 2372 vobis,
2527 2320 2653 2361 ecce
2685 2320 2870 2360 coram
2897 2305 3028 2372 Deo,
3062 2308 3190 2378 quia
3228 2324 3333 2363 nOn
3370 2308 3621 2361 mentior.
3649 2325 3666 2357 ι

2113 2396 2361 2462 Quatuor
2416 2396 2594 2451 modis
2649 2398 2850 2452 fratres
2914 2398 3197 2468 appellari,
3255 2401 3380 2470 quis
3437 2399 3673 2454 dubitati

2113 2489 2320 2554 Primo,
2341 2497 2545 2565 natura
2567 2506 2583 2556 ;
2609 2491 2869 2557 secundo,
2889 2493 3246 2562 mgnatione;
3276 2493 3460 2558 tertio,
3495 2503 3672 2563 gente;

2116 2593 2332 2652 quarto,
2369 2581 2588 2636 affectu.
2625 2582 2778 2639 Unde
2804 2583 3039 2639 Jac-obus
3067 2586 3360 2640 secundum
3407 2589 3676 2656 cognatio-

2115 2691 2238 2730 nem
2287 2675 2458 2730 frater
2515 2674 2735 2732 Domini
2793 2678 3044 2733 dicitur:
3098 2681 3354 2749 quoniam
3409 2681 3478 2735 de
3528 2680 3681 2734 Maria

2115 2766 2386 2838 Cleopliae,
2421 2783 2612 2824 sorore
2656 2771 2845 2827 matris
2887 2770 3133 2836 Domini,
3178 2780 3338 2826 natus
3369 2786 3493 2827 esse
3534 2787 3678 2825 mon-

2117 2869 2345 2916 stratur.
3061 2916 3064 2921 .

2191 2971 2208 3004 ‹
2235 2953 2441 3008 Deinde
2469 2954 2592 3009 veni
2632 2954 2683 3008 in
2721 2964 2906 3024 partes
2946 2955 3119 3027 Syriae
3145 2965 3200 3012 et
3233 2955 3464 3010 Ciliciae.
3523 2953 3674 3008 Eram

2117 3055 2295 3099 autem
2322 3047 2538 3116 ignotus
2575 3046 2712 3102 facie
2745 3047 3009 3103 Ecclesiis
3039 3047 3257 3110 Iudaeas.
3289 3068 3307 3099 ι
3380 3047 3684 3101 Notandum

2117 3139 2243 3210 quia
2297 3155 2395 3210 per
2435 3141 2732 3194 triennium
2767 3140 3032 3196 Eeelesiis
3059 3139 3261 3195 Iudaea:
3293 3151 3413 3194 erat
3453 3142 3682 3212 ignotus.

2191 3247 2208 3280 ε
2234 3228 2364 3294 Quae
2403 3239 2560 3284 erant
2589 3230 2641 3284 in
2671 3228 2912 3286 Christo.
2970 3230 3202 3284 Tantum
3234 3241 3419 3285 autem
3450 3231 3687 3285 auditum

2116 3320 2386 3376 habebant
2432 3338 2452 3378 :
2501 3323 2754 3391 quoniam
2815 3323 2908 3392 qui
2959 3323 3388 3392 persequebatur
3438 3338 3542 3378 nos
3599 3323 3691 3376 ali-

2115 3416 2352 3486 quando,
2393 3431 2542 3472 nunc
2572 3415 2912 3487 evangelizat
2954 3415 3146 3482 fidem,
3179 3430 3340 3485 quam
3393 3414 3692 3486 aliquando

2115 3509 2478 3578 expugnabat.
2521 3526 2538 3560 ›
2585 3508 2868 3574 Seorsum,
2909 3509 3000 3577 qui
3033 3523 3100 3561 ex
3137 3507 3340 3563 Judaeis
3379 3518 3570 3572 erant,
3605 3506 3694 3560 Ec-

2117 3599 2296 3656 clesia:
2331 3599 2692 3667 habebantur,
2731 3615 2830 3655 nec
2886 3600 2971 3655 his
3003 3601 3098 3669 qui
3123 3610 3276 3657 erant
3317 3616 3379 3655 ex
3448 3601 3698 3672 gentibus

2117 3687 2559 3750 tniscebantur.‘

2202 3798 2222 3832 ‹
2249 3778 2316 3834 Ει
2345 3781 2398 3836 iii
2437 3796 2522 3836 me
2559 3781 2932 3838 clarificabant
2961 3781 3153 3838 Deum.
3185 3801 3205 3834 ι
3281 3781 3356 3836 De
3393 3798 3454 3836 re
3503 3780 3698 3838 difficili

2118 3871 2350 3924 maxima
2407 3873 2648 3926 nascitur
2704 3872 3016 3938 admiratio,
3070 3881 3124 3928 et
3169 3873 3504 3929 laudabatur
3565 3873 3698 3928 Deus

2116 3964 2207 4033 qui
2241 3964 2345 4018 hoc
2382 3965 2530 4019 solus
2556 3976 2738 4035 posset
2766 3965 2998 4022 efficere.
3037 3965 3114 4022 De
3145 3965 3297 4022 falsis
3328 3967 3627 4033 fratribus,
3650 3975 3700 4021 et

2117 4057 2184 4112 de
2209 4054 2374 4112 Petro
2399 4057 2451 4113 in
2493 4058 2932 4126 circumcisione,
2963 4057 3135 4115 Paulo
3163 4073 3294 4116 vero
3356 4060 3413 4116 in
3440 4063 3699 4133 gentibus

2120 4151 2412 4210 ordinatis.

2739 4223 2966 4280 CAPUT
3025 4223 3093 4278 ll.

2198 4355 2216 4388 ‹
2251 4337 2455 4393 Deinde
2483 4345 2604 4409 post
2631 4353 2803 4393 annos
2841 4339 3280 4410 quatuordecim.
3319 4359 3338 4392 ι
3376 4340 3621 4408 Quando
3639 4339 3704 4396 de

2127 4431 2391 4511 oneribus
2415 4432 2550 4502 legis
2575 4433 2802 4502 quaestio
2834 4433 3175 4487 movebatur.

2205 4541 2224 4575 ‹
2262 4521 2461 4578 lterum
2512 4523 2733 4578 ascendi
2782 4522 3176 4593 Jerosolymam
3253 4539 3377 4578 cum
3425 4522 3709 4587 Barnaba,

2125 4625 2404 4685 assumpto
2429 4625 2482 4670 et
2501 4614 2644 4671 Tito.
2689 4633 2708 4666 ι
2745 4615 2862 4671 Non
2890 4615 3170 4670 voluntate
3189 4631 3328 4684 mea,
3366 4603 3467 4672 sed
3496 4617 3711 4686 imperii

2125 4707 2310 4776 divini.
2349 4709 2690 4763 necessitate.

2197 4819 2216 4852 ι
2255 4799 2492 4855 Ascendi
2535 4811 2712 4856 autem
2745 4802 3044 4857 secundum
3076 4802 3499 4858 revelationem.
3539 4825 3562 4858 ι
3608 4801 3714 4856 Hoc

2123 4895 2198 4948 ait
2225 4893 2536 4964 Apostolus.
2574 4894 2708 4950 Cum
2735 4897 3001 4964 venirem,
3033 4897 3228 4966 inquit,
3263 4895 3710 4968 Hierosolymam

2122 4987 2416 5042 secundum
2450 4987 2832 5048 revelationem
2863 4988 2981 5053 Dei,
3012 4990 3426 5059 congregationi
3474 4991 3711 5044 fratrum

2123 5095 2218 5150 per
2243 5077 2654 5133 aedificationem
2686 5095 2862 5134 meam
2893 5080 3098 5135 reddidi
3131 5083 3422 5146 rationem,
3459 5095 3714 5137 seorsum

2121 5180 2180 5226 et
2207 5171 2466 5240 apostolis
2498 5189 2512 5225 :
2546 5187 2654 5226 non
2699 5182 2755 5226 ut
2799 5174 2866 5227 ab
2907 5172 3012 5227 illis
3051 5173 3106 5227 in
3151 5175 3331 5244 aliquo
3367 5176 3714 5237 instruerer,

2126 5265 2220 5334 qui
2271 5265 2482 5333 plenam
2540 5263 2750 5322 fueram
2801 5267 3031 5334 gratiam
3081 5277 3448 5332 consecutus;
3506 5269 3611 5322 sed
3667 5277 3716 5319 ut

2123 5355 2530 5410 manifestarem
2565 5356 2643 5410 eis
2675 5367 2820 5410 recto
2851 5355 3042 5410 ordine
3096 5371 3182 5412 me
3216 5357 3420 5414 Christi
3459 5358 3722 5426 Evange-

2124 5445 2261 5508 liutn
2289 5445 2610 5515 prmdicare.

2199 5558 2217 5590 ι
2255 5539 2320 5594 Et
2348 5538 2554 5610 contuli
2583 5553 2706 5594 cum
2740 5539 2845 5596 illis
2876 5540 3249 5616 Evangelium,
3282 5545 3432 5614 quod
3475 5546 3720 5614 pradieo

2125 5634 2177 5686 in
2211 5633 2478 5703 gentibus.
2511 5650 2528 5683 ι
2573 5631 2688 5687 Non
2731 5632 2922 5710 didich
2955 5637 3048 5690 sed
3089 5637 3292 5693 contuli
3323 5636 3715 5709 Evangeliuni,

2126 5741 2220 5792 per
2249 5724 2393 5793 quod
2425 5733 2607 5792 gentes
2642 5725 2754 5778 sola
2794 5727 2898 5781 fide
2931 5727 3232 5784 salvantur.

2203 5835 2218 5866 ι
2269 5819 2520 5870 Seorsum
2578 5829 2755 5871 autem
2819 5820 2902 5875 his
2959 5824 3049 5891 qui
3103 5823 3434 5878 videbantur
3507 5825 3720 5894 aliquid
