3954 6194
256 361 371 425 ⁸845

1249 359 1656 425 EXPOSITIO
1699 358 1784 423 IN
1818 358 2061 424 EPIST.
2098 359 2201 422 AD
2228 360 2503 428 GALAT:

3423 371 3531 435 846

268 491 418 534 esse.
447 493 468 529 ι
514 474 593 530 Ne
652 472 776 531 illos
828 472 1076 547 discipuli
1134 474 1200 534 de
1247 476 1545 551 Evangelia
1602 479 1855 539 dubitare
1888 462 2243 551 Averitatetn
2276 480 2555 557 Evangelii
2602 495 2711 540 non
2758 480 2929 541 libere
2975 484 3286 543 defendenti
3328 506 3342 543 :
3386 490 3532 547 sicut

307 575 539 623 vitarent.

307 585 539 623 urerent.

268 585 304 639 ρ
344 678 363 713 ι
407 658 485 714 Ne
541 657 680 712 forte
736 659 790 713 in
843 672 1076 714 vacuum
1131 673 1451 730 currerem,
1506 673 1600 721 aut
1651 678 1850 723 cucur-

267 756 485 811 rissem.
526 771 546 806 ι
587 748 701 807 Hoc
739 765 851 806 non
895 761 979 817 est
1016 751 1350 824 dubitantis,
1378 755 1473 813 sed
1503 757 1688 831 potius
1717 772 1852 814 con-
1900 768 1903 771 ‘

268 845 563 901 ﬁrmantis.

345 955 363 987 ι
403 936 511 990 Sed
557 951 735 1006 neque
760 933 941 997 Titus,
969 935 1061 1004 qui
1110 950 1322 992 meeum
1368 946 1506 1005 erat,
1538 952 1660 994 cum
1702 946 1851 995 esset

266 1027 857 1101 gentilis,,compulsus
905 1035 993 1080 est
1041 1026 1377 1086 circumcidi.
1418 1049 1438 1082 ι
1499 1028 1559 1087 ιιι
1614 1044 1866 1099 vacuum.

267 1120 534 1175 cucurrit.
1760 1181 1765 1185 .

346 1230 365 1263 ι
408 1211 515 1266 Sed
567 1221 789 1284 propter
840 1213 1284 1285 subintroductos
1339 1212 1509 1270 falsos
1551 1212 1776 1269 fratres.
1819 1233 1839 1266 ι

268 1302 467 1358 Reddit
521 1320 712 1361 causas
763 1322 862 1361 cur
910 1306 1252 1362 circumcidit
1299 1304 1483 1361 Titum
1520 1321 1675 1361 :non
1719 1307 1847 1376 quia

270 1396 348 1450 illi
378 1396 727 1453 circumcisio
773 1402 1081 1469 prodesset,
1114 1398 1209 1454 sed
1238 1407 1297 1452 ut
1322 1398 1639 1454 scandalum
1671 1399 1848 1456 itumi-

268 1505 405 1544 nens
431 1490 713 1547 vitaretur.

347 1598 366 1631 ι
406 1578 511 1647 Qui
570 1580 1001 1637 subintroierunt
1044 1581 1333 1652 explorare
1387 1580 1696 1638 libertatem
1751 1598 1847 1637 no-

266 1678 460 1734 stram,
492 1685 654 1740 quam
697 1670 961 1747 habemus
993 1670 1047 1725 in
1076 1670 1293 1727 Christo
1340 1668 1469 1727 Jesu
1502 1689 1517 1726 :
1554 1683 1614 1727 ut
1647 1688 1746 1727 nos
1792 1674 1845 1729 in

265 1762 586 1816 servitutem
644 1761 975 1833 redigerent.
1026 1782 1044 1816 ι
1102 1761 1221 1829 Qua
1277 1763 1514 1826 absoluti
1572 1779 1763 1821 sumus
1815 1780 1845 1818 a

262 1852 392 1925 iugo
425 1854 579 1923 legis.

346 1961 365 1994 ο
402 1943 609 2008 Quibus
653 1959 828 2012 neque
854 1942 931 2004 ad
975 1945 1162 1999 horam
1198 1947 1465 2001 cessimus
1498 1945 1842 2013 subjectioni,

268 2048 331 2090 ut
384 2036 584 2093 vvritas
637 2035 914 2103 Evangelii
968 2048 1287 2105 permaneat
1337 2038 1483 2108 apud
1542 2055 1656 2097 vos.
1702 2059 1720 2091 ι
1780 2039 1849 2097 Ut

269 2127 568 2196 periculum
602 2128 901 2182 vitaremus
931 2144 950 2193 ς
979 2136 1035 2182 et
1056 2138 1238 2183 essent
1262 2130 1315 2183 in
1350 2129 1508 2186 nobis
1536 2130 1628 2200 qui
1653 2131 1850 2186 verita-

270 2227 379 2273 tem
409 2216 686 2289 Evangelii
717 2216 1127 2273 conﬁrmarent.

351 2328 371 2363 ‹
405 2310 488 2365 Ab
538 2311 624 2365 his
676 2318 860 2364 autem
900 2310 991 2380 qui
1026 2310 1353 2365 videbantur
1391 2327 1519 2368 esse
1562 2310 1784 2380 aliquid.
1823 2332 1841 2365 ι

268 2402 373 2457 Hic
400 2414 497 2457 eos
534 2400 829 2472 signiﬁcat,
857 2402 947 2472 qui
985 2400 1207 2456 Galatas
1245 2401 1528 2481 judaizare
1573 2404 1852 2474 compule-

269 2504 434 2559 rant;
464 2495 556 2564 qui
589 2495 882 2563 aliquando
927 2492 1168 2567 insignes
1207 2494 1349 2551 inter
1380 2495 1679 2566 discipulos
1714 2511 1849 2563 apo-

266 2588 535 2640 stolorum
582 2584 841 2650 fuerant;
873 2587 1078 2654 quique
1112 2586 1364 2656 praesenti
1416 2595 1658 2653 tempore
1686 2601 1715 2639 a
1747 2586 1852 2641 (ide

267 2674 583 2729 Christiana
638 2674 705 2728 ad
745 2674 1186 2730 observationem
1232 2672 1515 2730 Judaicam
1559 2688 1850 2731 converte-

267 2766 425 2821 bunt.

350 2875 370 2908 ι
406 2855 606 2923 Quales
657 2856 948 2928 aliquando
990 2855 1214 2922 fuerint,
1248 2856 1383 2911 nihil
1431 2872 1550 2912 mea
1595 2858 1848 2915 interest.

270 2949 423 3004 Deus
464 2950 609 3006 enim
645 2966 932 3021 personam
984 2951 1220 3008 hominis
1263 2966 1372 3007 non
1413 2953 1634 3023 accipit.
1669 2971 1691 3005 ι
1733 2953 1851 3008 Non

271 3042 414 3096 mihi
459 3058 586 3096 cura
632 3053 734 3110 est,
771 3044 896 3112 quia
942 3057 1068 3096 cum
1112 3041 1342 3097 Domino
1380 3044 1796 3100 ambulaverunt
1834 3060 1850 3101 :

268 3135 403 3203 quia
436 3149 535 3188 nec
566 3144 782 3204 tempus
820 3133 1136 3203 praeiudicat
1169 3135 1317 3200 fidei,
1351 3148 1452 3190 nec
1500 3149 1741 3205 persona
1776 3136 1856 3192 la-

268 3225 422 3281 bori.

357 3337 377 3369 σ
414 3316 543 3373 Mihi
594 3325 774 3373 autem
808 3318 901 3389 qui
928 3317 1258 3374 videbantur
1288 3333 1413 3375 esse
1456 3319 1683 3390 aliquid,
1715 3320 1853 3376 nihil

269 3408 629 3465 contulerunt
660 3424 677 3465 :
711 3409 803 3464 sed
849 3418 1076 3465 econtra
1094 3424 1217 3463 cum
1241 3410 1521 3477 vidissent,
1554 3411 1699 3481 quod
1730 3426 1851 3465 cre-

270 3503 451 3557 ditum
484 3513 568 3557 est
606 3503 739 3556 mihi
770 3502 1126 3573 Evangelium
1174 3503 1447 3572 praeputii.
1490 3521 1510 3554 ι
1553 3502 1620 3559 Ut
1659 3505 1854 3575 praedi-

267 3609 397 3648 cent
430 3592 485 3646 in
516 3593 789 3663 gentibus,
822 3593 962 3649 sicut
995 3593 1104 3649 illis
1126 3590 1351 3649 Judaeis.

356 3702 376 3735 ς
408 3683 558 3739 Sicut
582 3695 635 3739 et
663 3683 826 3740 Petro
853 3685 1310 3741 circumcisionis.
1345 3686 1449 3753 Qui
1487 3672 1635 3743 enim
1663 3703 1856 3764 opera:

270 3787 370 3831 tus
393 3787 473 3831 est
500 3776 662 3834 Petro
689 3777 745 3832 in
774 3779 1140 3849 apostolatum
1172 3779 1630 3849 circumcisionis,
1658 3797 1855 3852 opera-

270 3878 370 3921 tus
398 3877 483 3923 est
505 3879 557 3923 et
590 3868 722 3925 mihi
769 3868 912 3924 inter
955 3879 1168 3940 gentes.
1206 3870 1428 3927 Etcum
1461 3877 1857 3943 cognovissent

265 3963 533 4031 gratiam,
579 3976 699 4031 quae
746 3961 871 4016 data
917 3971 1001 4017 est
1047 3962 1204 4019 mihi.
1239 3982 1259 4017 ι
1315 3964 1376 4019 In
1419 3966 1567 4021 nullo
1603 3981 1722 4022 sum
1762 3967 1856 4023 illo

262 4052 505 4109 inferior
538 4067 555 4110 :
594 4053 719 4123 quia
759 4055 828 4108 ab
881 4069 989 4109 uno
1040 4052 1152 4110 Deo
1204 4069 1394 4112 sumus
1439 4056 1495 4112 in
1550 4057 1855 4114 ministerio

266 4148 541 4204 ordinati.

357 4256 378 4290 ι
416 4235 675 4301 Jacobus,
706 4247 761 4293 et
790 4240 1025 4309 Cephas,
1055 4248 1112 4295 et
1149 4238 1412 4305 Joannes,
1452 4240 1544 4310 qui
1594 4240 1855 4297 videban-

262 4344 370 4388 tur
396 4333 660 4386 columnae
689 4348 830 4388 esse.
862 4351 882 4385 ι
920 4331 1098 4403 Super
1122 4346 1259 4408 quas
1296 4342 1416 4387 erat
1444 4330 1690 4401 Ecclesia
1718 4348 1855 4389 con-

268 4426 525 4478 ﬁrmata.
1361 4447 1365 4450 ν

354 4538 376 4566 α
416 4516 642 4569 Dextras
673 4515 958 4569 dederunt.
992 4531 1012 4565 ι
1057 4515 1129 4569 ita
1161 4528 1260 4570 nos
1293 4515 1484 4571 docere
1514 4516 1734 4574 debere.

354 4626 375 4659 ι
417 4607 544 4661 hithi
573 4622 627 4660 et
662 4606 1256 4671 Barnabm,,societatis
1285 4588 1393 4664 :lut
1423 4623 1524 4663 nos
1557 4611 1608 4665 in
1640 4619 1851 4678 gentes,

240 4701 383 4773 ipsi
417 4710 601 4752 autem
632 4700 689 4751 in
722 4699 1213 4754 circumcisionem.
1253 4717 1272 4751 ι
1314 4700 1490 4755 Ambo
1520 4704 1667 4760 enim
1704 4703 1854 4757 missi

230 4800 438 4853 erant
469 4791 628 4845 simul
683 4799 739 4843 ut
769 4792 1021 4858 gentibus
1051 4791 1432 4860 pra-dicerent.

350 4902 373 4935 ι
412 4882 646 4935 Tantum
678 4891 735 4934 ut
766 4895 1060 4948 pauperum
1095 4894 1363 4934 memores
1392 4895 1656 4938 essemus.
1693 4901 1710 4934 ι
1748 4881 1853 4948 Qui

228 4976 465 5036 omnia
518 4988 616 5027 sua
672 4972 1104 5037 distribuentes,
1154 4973 1221 5026 ad
1272 4973 1637 5040 apostolorum
1689 4975 1855 5045 pedes

226 5070 456 5144 pretia
505 5063 846 5134 deputtebant
880 5062 1020 5130 (Act.
1047 5077 1123 5125 tv.
1153 5062 1267 5129 35).
1303 5061 1396 5118 Vel
1430 5078 1658 5132 quorum
1712 5065 1853 5118 booa

220 5166 497 5220 fuerant
550 5172 582 5210 a
624 5153 829 5211 Judaeis
883 5155 1111 5218 invasa,
1162 5153 1308 5210 sicut
1357 5155 1588 5225 legimus
1636 5160 1704 5211 ad
1751 5156 1856 5213 lle-

216 5264 455 5318 braeos
488 5250 623 5319 (lino
655 5247 685 5303 I
718 5248 898 5303 Thess.
931 5262 992 5313 Il,
1022 5247 1129 5318 14).

200 5345 209 5350 ’
351 5370 375 5397 ι
415 5343 573 5409 Quod
608 5343 775 5396 etiam
821 5339 1087 5395 sollicitus
1119 5338 1198 5395 fui
1238 5338 1342 5395 hoc
1374 5337 1548 5410 ipsum
1585 5338 1787 5396 facere.
1826 5358 1846 5393 ι

208 5443 393 5503 [loc
432 5446 538 5501 est,
572 5434 714 5505 quod
752 5433 807 5486 in
836 5432 983 5485 oumi
1016 5446 1154 5499 pene
1189 5432 1377 5486 scribit
1409 5432 1675 5501 Epistola.

348 5552 373 5584 ι
419 5530 560 5583 Cum
612 5538 793 5580 autem
844 5524 1084 5577 venisset
1134 5521 1345 5592 Ccpltas
1387 5523 1758 5588 Antiochiam,
1800 5522 1854 5577 in

204 5622 481 5688 faciem
555 5618 604 5670 ei
677 5617 848 5670 restiti
894 5628 909 5672 :
950 5614 1075 5683 Quia
1136 5613 1577 5682 roprehensilﬁlis
1646 5624 1786 5669 erat.
1830 5633 1849 5667 ι

196 5717 598 5781 Galatarum
634 5710 924 5761 inﬁrmitas
965 5705 1239 5774 compellit
1274 5720 1396 5759 eum
1435 5720 1681 5772 narrare,
1712 5705 1855 5777 quod

196 5824 375 5876 nec
429 5802 536 5874 ipsi
592 5797 957 5871 apostolorum
1016 5794 1247 5866 principi
1297 5793 1458 5853 Petro
1511 5798 1853 5868 pepercerit,

1879 3180 1945 3244 ο,

1952 569 2117 625 etiain
2145 570 2210 625 ad
2245 570 2551 641 profectum
2579 570 2987 633 Corinthiorum
3019 577 3338 635 manifestat
3367 581 3535 641 visio-

1954 674 2103 727 nem,
2134 674 2297 731 quam
2329 663 2490 719 annis
2519 665 2935 734 quatuordecim
2969 667 3261 726 celaverat.
3295 670 3410 726 Hoc
3437 689 3538 729 au-

1955 759 2062 806 tem
2097 759 2266 806 totum
2309 752 2404 819 ait,
2447 761 2507 808 ut
2555 756 2809 809 ostendat
2841 770 3118 826 nunquam
3153 760 3533 817 circumcisio-

1955 842 2040 896 ttis
2074 842 2247 899 fuisse
2279 842 2566 910 factorem,
2596 847 2741 913 quod
2773 846 2840 901 de
2871 847 2962 903 illo
2993 847 3113 905 falsi
3144 853 3374 919 apostoli
3406 869 3535 909 con-

1953 930 2252 1001 tingebant.
2288 933 2442 990 Unde
2480 943 2534 989 et
2566 935 2694 990 alibi
2727 936 2858 991 dicit
2898 954 2912 993 :
2945 937 3058 1008 Ego
3089 950 3284 1009 autem,
3315 945 3530 1013 fratres.

1952 1020 2472 1078 sicircumcisionem
2520 1025 2773 1091 prtedico,
2822 1027 2948 1097 quid
2996 1027 3169 1083 adhuc
3212 1036 3534 1100 persecutio-

1953 1128 2067 1166 nem
2095 1115 2270 1177 patior
2299 1113 2502 1183 (ϐαιοὶ.
2538 1130 2591 1180 v,
2628 1116 2755 1186 ιω

2028 1220 2047 1251 ι
2082 1201 2245 1259 Prius
2283 1205 2428 1260 enim
2502 1221 2664 1276 quam
2702 1211 2950 1267 venirent
2989 1213 3209 1284 quidam
3240 1233 3267 1271 a
3303 1216 3530 1286 Jacobo,

1953 1308 2074 1347 cum
2123 1296 2376 1363 gentibus
2418 1297 2634 1353 edebat.
2677 1318 2696 1352 ι
2738 1303 2931 1359 Sciens
2981 1305 3084 1361 sibi
3131 1317 3434 1381 ostensum,
3469 1322 3532 1367 ut

1952 1383 2156 1440 nullius
2186 1386 2401 1455 generis
2434 1388 2709 1445 hominem
2738 1405 2959 1453 vocaret
2988 1397 3345 1457 immundum.

2029 1494 2048 1527 ι
2089 1475 2223 1531 Cum
2258 1488 2438 1535 autem
2473 1482 2772 1549 venissent,
2802 1478 3159 1544 subtrahebat
3190 1501 3247 1547 et
3275 1508 3529 1567 segrega-

1951 1563 2046 1619 bat
2076 1581 2155 1628 se.
2188 1569 2386 1625 timens
2414 1584 2507 1625 eos
2544 1571 2639 1642 qui
2673 1587 2737 1628 ex
2774 1576 3192 1637 circumcisione
3226 1563 3388 1638 erant
3418 1563 3531 1643 :vet

1954 1657 2285 1713 simulationi
2317 1661 2435 1729 ejus
2464 1674 2868 1721 consenserunt
2894 1672 3079 1737 exteri
3108 1669 3306 1731 Judaei.
3342 1693 3361 1727 ι
3406 1674 3527 1732 Non

1956 1745 2080 1800 ideo
2127 1750 2571 1818 reprehensibilis
2610 1763 2751 1819 erat,
2784 1757 2911 1825 quia
2956 1772 3084 1815 cum
3133 1761 3240 1819 illis
3280 1764 3529 1823 edebat:

1880 1830 1921 1884 Β
1951 1836 2045 1891 sed
2079 1838 2203 1908 quia
2234 1852 2419 1909 postea
2451 1857 2672 1915 propter
2702 1847 2952 1906 homines
2981 1866 3043 1907 se
3077 1854 3455 1912 subtrahebat.

2029 1948 2047 1981 ε
2091 1930 2166 1985 lta
2208 1942 2354 1988 utet
2386 1933 2665 2008 Barnabas
2713 1938 3011 1997 duceretur
3048 1944 3118 1997 ah
3154 1945 3235 1999 eis
3278 1946 3334 2001 in
3375 1947 3527 2003 illam

1950 2025 2373 2080 simulationem.
2407 2046 2425 2078 ι
2457 2025 2558 2093 Qui
2590 2044 2798 2085 mecuut
2825 2033 2889 2086 ad
2918 2043 3109 2103 gentes
3140 2038 3361 2101 missus.
3394 2042 3529 2095 nihil

1951 2118 2090 2170 inter
2120 2132 2214 2171 eos
2244 2118 2501 2172 docuerat
2532 2135 2654 2175 esse
2687 2122 3042 2181 discriminis.

2029 2228 2047 2259 ι
2087 2208 2193 2265 Sed
2223 2226 2344 2267 cum
2378 2211 2659 2279 vidissem,
2688 2215 2831 2284 quod
2864 2231 2969 2271 non
3004 2225 3148 2275 recte
3181 2222 3528 2278 ambularent

1950 2300 2015 2353 ad
2070 2302 2351 2355 veritatem
2406 2303 2705 2373 Evangelii.
2750 2324 2769 2357 ι
2831 2306 3092 2373 Quamvis
3146 2312 3250 2368 hoc
3306 2324 3529 2383 propter

1951 2393 2267 2447 scandalum
2301 2394 2503 2449 faceret
2526 2394 2837 2453 Judarorum
2874 2418 2887 2454 :
2925 2410 3100 2455 tamen
3130 2405 3344 2472 publice
3374 2407 3523 2460 illum

1952 2487 2202 2549 conveni,
2235 2493 2293 2538 ut
2328 2483 2529 2540 Judazis
2581 2491 2853 2561 superbia,
2889 2502 2945 2547 et
2980 2496 3236 2565 gentibus
3269 2497 3530 2569 despera-

1954 2576 2028 2629 tin
2062 2576 2360 2633 tolleretur.

2028 2682 2048 2716 ι
2094 2664 2206 2723 Dixi
2237 2665 2437 2737 Cephae
2465 2682 2650 2724 coram
2682 2670 2956 2726 omnibus.
2993 2691 3012 2725 ι
3050 2672 3335 2730 Publicum
3369 2690 3533 2734 scan-

1953 2756 2132 2811 dalum
2166 2774 2270 2813 non
2302 2770 2516 2830 poterat
2546 2762 2756 2831 private
2789 2765 2998 2819 curari.
3377 2764 3387 2773 ’

2031 2865 2050 2897 ι
2088 2847 2147 2901 Si
2179 2858 2235 2902 tu
2263 2863 2382 2903 cum
2413 2849 2634 2906 Judaeus
2665 2852 2765 2907 sis.
2802 2870 2821 2902 ι
2864 2851 2921 2907 Si
2956 2869 3008 2908 tu
3041 2870 3148 2911 non
3177 2837 3353 2925 tenes,
3379 2862 3527 2930 quod

1956 2949 2114 2993 natus
2141 2954 2200 2994 es
2227 2956 2242 2997 :
2273 2943 2543 3008 quomodo
2566 2942 2690 2997 illos
2717 2941 2855 2998 facis
2886 2954 3071 3001 tenere
3098 2947 3241 3016 quod
3275 2950 3385 3003 nati
3417 2964 3523 3006 non

1954 3032 2120 3086 sunt?
2152 3032 2438 3093 Rationem
2473 3033 2675 3101 reddit,
2712 3049 2817 3088 non
2850 3035 3104 3105 injuriam
3136 3038 3285 3092 facit.

2034 3140 2053 3173 ι
2093 3120 2380 3178 Geutiliter
2409 3123 2568 3190 vivis,
2600 3133 2653 3178 et
2688 3139 2795 3178 non
2821 3122 3064 3180 Judaice.
3098 3146 3118 3179 ι
3156 3126 3270 3183 Non
3298 3144 3363 3184 ex
3388 3145 3526 3201 ope-

1957 3213 2109 3269 ribus
2161 3213 2316 3285 legis,
2358 3213 2452 3268 sed
2488 3218 2605 3269 sola
2652 3215 2760 3271 fide
2811 3217 2955 3271 sicut
3006 3229 3218 3288 gentes,
3263 3224 3428 3277 vitam
3468 3224 3528 3280 in

1952 3303 2172 3359 Christo
2205 3307 2482 3362 invenisse
2514 3316 2568 3362 te
2598 3308 2764 3363 nosti.
3134 3316 3144 3331 ‘

2029 3416 2049 3450 ι
2090 3400 2371 3464 Quomodo
2398 3410 2588 3472 gentes
2635 3403 2786 3473 cogis
2830 3402 3133 3473 jutlaizare.
3172 3428 3191 3461 ι
3235 3409 3345 3467 Cur
3391 3412 3524 3469 sub-

1956 3490 2126 3545 trahis
2159 3500 2231 3559 te,
2263 3501 2518 3563 tanquam
2551 3508 2580 3548 a
2612 3497 3029 3563 peccatoribus?

2030 3600 2050 3633 ι
2084 3580 2194 3638 Nos
2236 3593 2433 3638 natura
2466 3583 2660 3651 Judaei,
2690 3598 2746 3642 et
2779 3604 2885 3643 non
2927 3605 2990 3644 ex
3041 3593 3291 3660 gentibus
3325 3612 3522 3665 pecca-

1956 3682 2122 3729 tores.
2160 3693 2180 3727 ι
2215 3675 2539 3732 Peccatores
2572 3687 2749 3732 tamen
2780 3693 3000 3737 eramus
3038 3698 3053 3739 :
3086 3686 3212 3754 quia
3262 3690 3522 3745 conclusit

1954 3765 2227 3835 Scriptura
2263 3770 2441 3822 omnia
2470 3771 2565 3822 sub
2590 3782 2803 3836 peccato
2832 3772 3034 3843 (Galat.
3062 3790 3144 3840 ιιι,
3168 3778 3286 3848 22).

2028 3878 2047 3911 ι
2090 3862 2337 3916 Scieutes
2364 3873 2543 3916 autem
2575 3864 2719 3933 quod
2756 3880 2863 3919 non
2901 3867 3234 3937 justificatur
3260 3873 3423 3927 homo
3454 3888 3521 3929 ex

1953 3949 2212 4019 operibus
2242 3949 2396 4017 legis,
2432 3951 2530 4005 nisi
2563 3966 2663 4021 per
2702 3952 2862 4008 fidem
2903 3952 3032 4010 Jesu
3078 3956 3308 4025 Christi,
3340 3972 3394 4016 et
3423 3973 3523 4018 u’os

1954 4039 2008 4094 in
2051 4040 2271 4098 Christo
2301 4040 2433 4100 Jesu
2478 4045 2771 4114 credimus,
2800 4058 2859 4104 ut
2900 4050 3269 4121 justillcemur
3303 4071 3368 4110 ex
3417 4059 3525 4113 fide

1954 4133 2178 4201 Christi,
2210 4143 2265 4189 et
2293 4149 2399 4190 non
2431 4150 2499 4191 ex
2529 4139 2784 4206 operibus
2813 4140 2972 4211 legis.
3008 4144 3236 4214 Propter
3267 4150 3414 4217 quod
3447 4165 3517 4206 ex

1954 4226 2207 4294 operibus
2260 4226 2392 4296 legis
2443 4243 2551 4284 non
2627 4230 3022 4302 justiticabitur
3077 4241 3254 4295 omnis
3300 4255 3451 4297 caro.
3496 4261 3518 4297 ι

1955 4317 2129 4388 Opera
2180 4319 2309 4391 legis
2343 4335 2359 4375 :
2393 4307 2828 4381 circumcisioet
2869 4327 3180 4396 sabbatum,
3212 4332 3331 4388 dies
3376 4333 3524 4404 festi,

1955 4424 2012 4468 et
2041 4422 2259 4480 caetera,
2288 4430 2409 4483 qua:
2437 4430 2546 4471 non
2582 4428 2802 4486 propter
2828 4419 3115 4488 justitiam,
3151 4425 3244 4478 sed
3284 4426 3352 4481 ad
3395 4428 3528 4484 edo-

1872 4526 1924 4587 υ
1959 4506 2206 4561 mandant
2234 4508 2417 4578 populi
2443 4508 2697 4564 duritiam
2730 4521 2860 4565 sunt
2890 4514 3164 4569 mandata.

2035 4616 2055 4649 ι
2095 4597 2250 4664 Quod
2288 4601 2330 4655 si
2368 4606 2677 4671 quaerentes
2718 4602 3006 4673 iustificari
3056 4607 3109 4660 in
3150 4608 3406 4677 Christo,
3446 4612 3530 4667 in-

1959 4691 2109 4745 venti
2133 4706 2322 4745 sumus
2350 4700 2403 4745 et
2435 4692 2535 4759 ipsi
2565 4703 2879 4761 peccatores
2912 4711 2928 4748 :
2988 4699 3233 4767 nunquid
3273 4700 3525 4760 Christus

1958 4783 2166 4850 peccati
2203 4781 2453 4836 minister
2478 4782 2599 4836 est?
2629 4770 2811 4837 Absit!
2850 4801 2868 4833 ο
2909 4784 2964 4838 Si
2995 4786 3139 4839 enim
3171 4797 3359 4857 gentes
3392 4789 3527 4844 lides

1956 4874 2070 4929 sola
2102 4888 2210 4928 non
2246 4873 2439 4939 salvat,
2476 4889 2578 4931 nec
2624 4889 2723 4953 nos
2756 4892 2771 4931 :
2799 4877 2928 4946 quia
2963 4894 3029 4933 ex
3068 4879 3323 4948 operibus
3366 4896 3527 4939 nemo

1950 4962 2299 5033 justifieatur.
2324 4963 2465 5034 Ergo
2492 4965 2671 5020 adhuc
2693 4977 3007 5036 peccatores
3036 4984 3249 5035 sumus,
3282 4980 3338 5026 et
3366 4971 3530 5028 Chri-

1954 5065 2074 5111 stus
2107 5066 2454 5127 peccatorum
2489 5059 2742 5116 minister
2769 5070 2873 5129 est,
2906 5070 3161 5131 tauquam
3196 5078 3305 5118 non
3340 5065 3530 5123 valens

1956 5142 2175 5218 peccata
2207 5149 2503 5220 indulgere.

2032 5260 2051 5294 ι
2091 5240 2148 5297 Si
2174 5245 2318 5298 enim
2368 5261 2489 5314 qua:
2529 5245 2800 5313 destruxi,
2839 5249 3032 5304 iterum
3079 5250 3193 5305 haec
3234 5253 3529 5323 reasdilieo,

1956 5339 2426 5406 praevaricatorem
2460 5353 2545 5393 me
2568 5341 2859 5396 constituo.
2889 5359 2907 5392 ι
2936 5341 2990 5396 Si
3014 5342 3261 5400 destruxi
3288 5344 3529 5412 Judaos,

1956 5437 2012 5482 et
2059 5443 2201 5485 nunc
2232 5430 2313 5500 (ut
2344 5429 2419 5483 illi
2455 5430 2665 5500 dicunt)
2703 5433 2847 5501 ipsos
2881 5432 3175 5501 reazdifico,
3218 5451 3353 5491 meae
3400 5451 3532 5493 seno

1960 5522 2142 5576 tentia:
2180 5524 2565 5591 pratvaricatur
2594 5508 2863 5582 invenior.

2035 5633 2054 5668 ι
2087 5616 2201 5685 Ego
2239 5620 2384 5671 enim
2420 5632 2515 5685 per
2544 5618 2716 5690 legem
2752 5619 2857 5687 legi
2903 5628 3149 5675 mortuus
3178 5636 3320 5677 sum.
3357 5640 3377 5676 ι
3417 5623 3535 5682 Hoc

1958 5713 2061 5769 est,
2102 5708 2243 5777 quod
2280 5708 2432 5774 dicit,
2462 5724 2558 5778 per
2586 5709 2757 5781 legem
2786 5709 3013 5779 Christi,
3048 5711 3147 5785 legi
3182 5712 3349 5783 Moysi
3380 5731 3536 5776 mor—

1959 5805 2084 5853 tuus
2127 5812 2270 5854 sum.
2304 5800 2412 5857 Aut
2445 5810 2592 5858 certe
2624 5816 2721 5873 per
2753 5802 2927 5874 ipsam
2961 5802 3131 5876 Moysi
3167 5807 3363 5878 legem,
3398 5804 3537 5880 legis

2024 6042 2049 6059 κ
