  <div class='ocr_page' id='page_1' title='image "/cluster/home/n/w/nwhite01/storage/ocr_20150623/30/hvd.32044096580527/429.png"; bbox 0 0 3956 6196; ppageno 0'>
   <div class='ocr_carea' id='block_1_1' title="bbox 397 386 504 452">
    <p class='ocr_par' dir='ltr' id='par_1_1' title="bbox 397 386 504 452">
     <span class='ocr_line' id='line_1_1' title="bbox 397 386 504 452; baseline 0 -1"><span class='ocrx_word' id='word_1_1' title='bbox 397 386 504 452; x_wconf 69' lang='grc'><strong>847</strong></span> 
     </span>
    </p>
   </div>
   <div class='ocr_carea' id='block_1_2' title="bbox 1337 387 2692 453">
    <p class='ocr_par' dir='ltr' id='par_1_2' title="bbox 1337 387 2692 453">
     <span class='ocr_line' id='line_1_2' title="bbox 1337 387 2692 453; baseline 0.002 -3"><span class='ocrx_word' id='word_1_2' title='bbox 1337 389 1399 452; x_wconf 90' lang='lat' dir='ltr'><strong>S.</strong></span> <span class='ocrx_word' id='word_1_3' title='bbox 1442 387 1887 453; x_wconf 83' lang='lat' dir='ltr'><strong>HIERONYMI</strong></span> <span class='ocrx_word' id='word_1_4' title='bbox 1924 388 2247 453; x_wconf 83' lang='lat' dir='ltr'><strong>OPERUM</strong></span> <span class='ocrx_word' id='word_1_5' title='bbox 2287 387 2692 453; x_wconf 81' lang='lat' dir='ltr'><strong>MANTISSA.</strong></span> 
     </span>
    </p>
   </div>
   <div class='ocr_carea' id='block_1_3' title="bbox 3554 382 3660 453">
    <p class='ocr_par' dir='ltr' id='par_1_3' title="bbox 3554 382 3660 453">
     <span class='ocr_line' id='line_1_3' title="bbox 3554 382 3660 453; baseline 0.019 -2"><span class='ocrx_word' id='word_1_6' title='bbox 3554 382 3660 453; x_wconf 68' lang='grc' dir='ltr'><strong>διδ</strong></span> 
     </span>
    </p>
   </div>
   <div class='ocr_carea' id='block_1_4' title="bbox 404 497 3660 573">
    <p class='ocr_par' dir='ltr' id='par_1_4' title="bbox 404 497 3660 573">
     <span class='ocr_line' id='line_1_4' title="bbox 404 497 3660 573; baseline 0 -16"><span class='ocrx_word' id='word_1_7' title='bbox 404 499 652 573; x_wconf 83' lang='lat' dir='ltr'><strong>ejusdem</strong></span> <span class='ocrx_word' id='word_1_8' title='bbox 694 512 813 556; x_wconf 89' lang='lat' dir='ltr'><strong>sum</strong></span> <span class='ocrx_word' id='word_1_9' title='bbox 860 497 1336 557; x_wconf 83' lang='lat' dir='ltr'><strong>Observationibus</strong></span> <span class='ocrx_word' id='word_1_10' title='bbox 1369 498 1632 556; x_wconf 88' lang='lat' dir='ltr'><strong>liberatus</strong></span> <span class='ocrx_word' id='word_1_11' title='bbox 1667 518 1684 555; x_wconf 86' lang='lat'><strong>:</strong></span> <span class='ocrx_word' id='word_1_12' title='bbox 1718 499 1976 571; x_wconf 85' lang='lat' dir='ltr'><strong>quoniam</strong></span> <span class='ocrx_word' id='word_1_13' title='bbox 2004 514 2049 569; x_wconf 71' lang='grc' dir='ltr'><strong>Α</strong></span> <span class='ocrx_word' id='word_1_14' title='bbox 2077 502 2314 559; x_wconf 89' lang='lat' dir='ltr'><strong>cundum</strong></span> <span class='ocrx_word' id='word_1_15' title='bbox 2362 502 2491 559; x_wconf 91' lang='lat' dir='ltr'><strong>illud</strong></span> <span class='ocrx_word' id='word_1_16' title='bbox 2525 518 2541 560; x_wconf 85' lang='lat'><strong>:</strong></span> <span class='ocrx_word' id='word_1_17' title='bbox 2575 501 2632 557; x_wconf 94' lang='lat' dir='ltr'><strong>Si</strong></span> <span class='ocrx_word' id='word_1_18' title='bbox 2699 509 2879 556; x_wconf 87' lang='lat' dir='ltr'><strong>tamen</strong></span> <span class='ocrx_word' id='word_1_19' title='bbox 2923 499 3128 572; x_wconf 88' lang='lat' dir='ltr'><strong>justum</strong></span> <span class='ocrx_word' id='word_1_20' title='bbox 3173 504 3261 557; x_wconf 86' lang='lat' dir='ltr'><strong>est</strong></span> <span class='ocrx_word' id='word_1_21' title='bbox 3303 497 3445 571; x_wconf 88' lang='lat' dir='ltr'><strong>apud</strong></span> <span class='ocrx_word' id='word_1_22' title='bbox 3486 500 3660 558; x_wconf 85' lang='lat' dir='ltr'><strong>Deum</strong></span> 
     </span>
    </p>
   </div>
   <div class='ocr_carea' id='block_1_5' title="bbox 396 588 1965 662">
    <p class='ocr_par' dir='ltr' id='par_1_5' title="bbox 396 588 1965 662">
     <span class='ocr_line' id='line_1_5' title="bbox 396 588 1965 662; baseline 0.001 -17"><span class='ocrx_word' id='word_1_23' title='bbox 396 591 654 661; x_wconf 82' lang='lat' dir='ltr'><strong>scriptum</strong></span> <span class='ocrx_word' id='word_1_24' title='bbox 689 597 772 645; x_wconf 84' lang='lat' dir='ltr'><strong>est</strong></span> <span class='ocrx_word' id='word_1_25' title='bbox 804 588 858 644; x_wconf 90' lang='lat' dir='ltr'><strong>in</strong></span> <span class='ocrx_word' id='word_1_26' title='bbox 897 588 1085 644; x_wconf 89' lang='lat' dir='ltr'><strong>eadem</strong></span> <span class='ocrx_word' id='word_1_27' title='bbox 1122 589 1261 660; x_wconf 83' lang='lat' dir='ltr'><strong>lege,</strong></span> <span class='ocrx_word' id='word_1_28' title='bbox 1289 589 1418 662; x_wconf 83' lang='lat' dir='ltr'><strong>quia</strong></span> <span class='ocrx_word' id='word_1_29' title='bbox 1452 588 1727 644; x_wconf 79' lang='lat' dir='ltr'><strong>Abraham</strong></span> <span class='ocrx_word' id='word_1_30' title='bbox 1761 606 1829 646; x_wconf 90' lang='lat' dir='ltr'><strong>ex</strong></span> <span class='ocrx_word' id='word_1_31' title='bbox 1860 591 1965 647; x_wconf 85' lang='lat' dir='ltr'><strong>ﬁde</strong></span> 
     </span>
    </p>
   </div>
   <div class='ocr_carea' id='block_1_6' title="bbox 394 679 1968 753">
    <p class='ocr_par' dir='ltr' id='par_1_6' title="bbox 394 679 1968 753">
     <span class='ocr_line' id='line_1_6' title="bbox 394 679 1968 753; baseline 0.003 -20"><span class='ocrx_word' id='word_1_32' title='bbox 394 682 719 753; x_wconf 73' lang='lat' dir='ltr'><strong>jnstiﬁcatus</strong></span> <span class='ocrx_word' id='word_1_33' title='bbox 764 687 871 746; x_wconf 88' lang='lat' dir='ltr'><strong>est,</strong></span> <span class='ocrx_word' id='word_1_34' title='bbox 898 688 953 736; x_wconf 87' lang='lat' dir='ltr'><strong>et</strong></span> <span class='ocrx_word' id='word_1_35' title='bbox 990 694 1101 736; x_wconf 90' lang='lat' dir='ltr'><strong>non</strong></span> <span class='ocrx_word' id='word_1_36' title='bbox 1132 695 1200 738; x_wconf 89' lang='lat' dir='ltr'><strong>ex</strong></span> <span class='ocrx_word' id='word_1_37' title='bbox 1231 681 1491 751; x_wconf 82' lang='lat' dir='ltr'><strong>operibus</strong></span> <span class='ocrx_word' id='word_1_38' title='bbox 1516 680 1653 752; x_wconf 90' lang='lat' dir='ltr'><strong>legis</strong></span> <span class='ocrx_word' id='word_1_39' title='bbox 1681 679 1839 753; x_wconf 78' lang='lat' dir='ltr'><strong>(Gut.</strong></span> <span class='ocrx_word' id='word_1_40' title='bbox 1875 697 1968 752; x_wconf 89' lang='lat' dir='ltr'><strong>xv,</strong></span> 
     </span>
    </p>
   </div>
   <div class='ocr_carea' id='block_1_7' title="bbox 396 769 1970 843">
    <p class='ocr_par' dir='ltr' id='par_1_7' title="bbox 396 769 1970 843">
     <span class='ocr_line' id='line_1_7' title="bbox 396 769 1970 843; baseline 0.001 -17"><span class='ocrx_word' id='word_1_41' title='bbox 396 771 463 837; x_wconf 86' lang='lat'><strong>6;</strong></span> <span class='ocrx_word' id='word_1_42' title='bbox 501 770 656 826; x_wconf 83' lang='lat' dir='ltr'><strong>Rom.</strong></span> <span class='ocrx_word' id='word_1_43' title='bbox 690 785 764 834; x_wconf 80' lang='lat' dir='ltr'><strong>iv,</strong></span> <span class='ocrx_word' id='word_1_44' title='bbox 790 769 870 841; x_wconf 75' lang='lat'><strong>5).</strong></span> <span class='ocrx_word' id='word_1_45' title='bbox 900 769 1031 827; x_wconf 86' lang='lat' dir='ltr'><strong>Item</strong></span> <span class='ocrx_word' id='word_1_46' title='bbox 1056 786 1156 842; x_wconf 89' lang='lat' dir='ltr'><strong>per</strong></span> <span class='ocrx_word' id='word_1_47' title='bbox 1177 771 1348 843; x_wconf 80' lang='lat' dir='ltr'><strong>legem</strong></span> <span class='ocrx_word' id='word_1_48' title='bbox 1370 770 1598 838; x_wconf 85' lang='lat' dir='ltr'><strong>Christi,</strong></span> <span class='ocrx_word' id='word_1_49' title='bbox 1619 772 1724 842; x_wconf 88' lang='lat' dir='ltr'><strong>legi</strong></span> <span class='ocrx_word' id='word_1_50' title='bbox 1753 771 1970 839; x_wconf 63' lang='lat' dir='ltr'><strong>litterae,</strong></span> 
     </span>
    </p>
   </div>
   <div class='ocr_carea' id='block_1_8' title="bbox 395 860 1971 935">
    <p class='ocr_par' dir='ltr' id='par_1_8' title="bbox 395 860 1971 935">
     <span class='ocr_line' id='line_1_8' title="bbox 395 860 1971 935; baseline 0.002 -17"><span class='ocrx_word' id='word_1_51' title='bbox 395 870 450 918; x_wconf 87' lang='lat' dir='ltr'><strong>et</strong></span> <span class='ocrx_word' id='word_1_52' title='bbox 486 860 651 933; x_wconf 68' lang='lat' dir='ltr'><strong>Moysi</strong></span> <span class='ocrx_word' id='word_1_53' title='bbox 698 861 801 931; x_wconf 87' lang='lat' dir='ltr'><strong>legi</strong></span> <span class='ocrx_word' id='word_1_54' title='bbox 850 862 1022 918; x_wconf 84' lang='lat' dir='ltr'><strong>veteri</strong></span> <span class='ocrx_word' id='word_1_55' title='bbox 1069 877 1193 918; x_wconf 87' lang='lat' dir='ltr'><strong>sum</strong></span> <span class='ocrx_word' id='word_1_56' title='bbox 1240 872 1537 918; x_wconf 87' lang='lat' dir='ltr'><strong>mortuus:</strong></span> <span class='ocrx_word' id='word_1_57' title='bbox 1573 864 1701 933; x_wconf 87' lang='lat' dir='ltr'><strong>quia</strong></span> <span class='ocrx_word' id='word_1_58' title='bbox 1745 864 1859 935; x_wconf 91' lang='lat' dir='ltr'><strong>ipsa</strong></span> <span class='ocrx_word' id='word_1_59' title='bbox 1910 877 1971 921; x_wconf 83' lang='lat' dir='ltr'><strong>se</strong></span> 
     </span>
    </p>
   </div>
   <div class='ocr_carea' id='block_1_9' title="bbox 396 953 1644 1023">
    <p class='ocr_par' dir='ltr' id='par_1_9' title="bbox 396 953 1644 1023">
     <span class='ocr_line' id='line_1_9' title="bbox 396 953 1644 1023; baseline 0.002 -16"><span class='ocrx_word' id='word_1_60' title='bbox 396 961 729 1008; x_wconf 88' lang='lat' dir='ltr'><strong>cessaturam</strong></span> <span class='ocrx_word' id='word_1_61' title='bbox 764 968 885 1009; x_wconf 85' lang='lat' dir='ltr'><strong>esse</strong></span> <span class='ocrx_word' id='word_1_62' title='bbox 916 953 1188 1023; x_wconf 70' lang='lat' dir='ltr'><strong>pratdixit.</strong></span> <span class='ocrx_word' id='word_1_63' title='bbox 1632 964 1644 975; x_wconf 84' lang='lat'><strong>&#39;</strong></span> 
     </span>
    </p>
   </div>
   <div class='ocr_carea' id='block_1_10' title="bbox 472 1040 1894 1117">
    <p class='ocr_par' dir='ltr' id='par_1_10' title="bbox 472 1040 1894 1117">
     <span class='ocr_line' id='line_1_10' title="bbox 472 1040 1894 1117; baseline 0.007 -24"><span class='ocrx_word' id='word_1_64' title='bbox 472 1060 490 1093; x_wconf 77' lang='grc' dir='ltr'>ι</span> <span class='ocrx_word' id='word_1_65' title='bbox 523 1040 593 1098; x_wconf 88' lang='lat' dir='ltr'><strong>Ut</strong></span> <span class='ocrx_word' id='word_1_66' title='bbox 619 1042 727 1098; x_wconf 88' lang='lat' dir='ltr'><strong>Deo</strong></span> <span class='ocrx_word' id='word_1_67' title='bbox 750 1044 949 1099; x_wconf 88' lang='lat' dir='ltr'><strong>vivam.</strong></span> <span class='ocrx_word' id='word_1_68' title='bbox 983 1062 1003 1096; x_wconf 75' lang='grc' dir='ltr'><strong><em>ι</em></strong></span> <span class='ocrx_word' id='word_1_69' title='bbox 1040 1045 1175 1114; x_wconf 84' lang='lat' dir='ltr'><strong>Quia</strong></span> <span class='ocrx_word' id='word_1_70' title='bbox 1204 1045 1376 1117; x_wconf 89' lang='lat' dir='ltr'><strong>legem</strong></span> <span class='ocrx_word' id='word_1_71' title='bbox 1406 1060 1563 1101; x_wconf 88' lang='lat' dir='ltr'><strong>suam</strong></span> <span class='ocrx_word' id='word_1_72' title='bbox 1593 1047 1894 1103; x_wconf 74' lang='lat' dir='ltr'><strong>innovavit.</strong></span> 
     </span>
    </p>
   </div>
   <div class='ocr_carea' id='block_1_11' title="bbox 471 1130 1973 1209">
    <p class='ocr_par' dir='ltr' id='par_1_11' title="bbox 471 1130 1973 1209">
     <span class='ocr_line' id='line_1_11' title="bbox 471 1130 1973 1209; baseline 0.007 -25"><span class='ocrx_word' id='word_1_73' title='bbox 471 1150 491 1184; x_wconf 70' lang='grc' dir='ltr'>ι</span> <span class='ocrx_word' id='word_1_74' title='bbox 527 1130 744 1189; x_wconf 75' lang='lat' dir='ltr'><strong>Christo</strong></span> <span class='ocrx_word' id='word_1_75' title='bbox 776 1133 1072 1191; x_wconf 85' lang='lat' dir='ltr'><strong>cruciﬁxus</strong></span> <span class='ocrx_word' id='word_1_76' title='bbox 1104 1151 1226 1191; x_wconf 90' lang='lat' dir='ltr'><strong>sum</strong></span> <span class='ocrx_word' id='word_1_77' title='bbox 1257 1137 1429 1193; x_wconf 85' lang='lat' dir='ltr'><strong>cruci.</strong></span> <span class='ocrx_word' id='word_1_78' title='bbox 1464 1154 1484 1188; x_wconf 77' lang='grc' dir='ltr'><strong><em>ι</em></strong></span> <span class='ocrx_word' id='word_1_79' title='bbox 1522 1135 1792 1193; x_wconf 87' lang='lat' dir='ltr'><strong>Omnibus</strong></span> <span class='ocrx_word' id='word_1_80' title='bbox 1841 1153 1973 1209; x_wconf 86' lang='lat' dir='ltr'><strong>pec-</strong></span> 
     </span>
    </p>
   </div>
   <div class='ocr_carea' id='block_1_12' title="bbox 395 1224 1972 1300">
    <p class='ocr_par' dir='ltr' id='par_1_12' title="bbox 395 1224 1972 1300">
     <span class='ocr_line' id='line_1_12' title="bbox 395 1224 1972 1300; baseline 0.004 -21"><span class='ocrx_word' id='word_1_81' title='bbox 395 1224 554 1290; x_wconf 89' lang='lat' dir='ltr'><strong>catis,</strong></span> <span class='ocrx_word' id='word_1_82' title='bbox 587 1224 785 1295; x_wconf 84' lang='lat' dir='ltr'><strong>quibus</strong></span> <span class='ocrx_word' id='word_1_83' title='bbox 821 1224 906 1280; x_wconf 89' lang='lat' dir='ltr'><strong>lex</strong></span> <span class='ocrx_word' id='word_1_84' title='bbox 939 1235 1025 1281; x_wconf 90' lang='lat' dir='ltr'><strong>est</strong></span> <span class='ocrx_word' id='word_1_85' title='bbox 1060 1226 1209 1294; x_wconf 84' lang='lat' dir='ltr'><strong>data,</strong></span> <span class='ocrx_word' id='word_1_86' title='bbox 1239 1242 1357 1282; x_wconf 90' lang='lat' dir='ltr'><strong>sum</strong></span> <span class='ocrx_word' id='word_1_87' title='bbox 1389 1237 1636 1284; x_wconf 88' lang='lat' dir='ltr'><strong>mortuus</strong></span> <span class='ocrx_word' id='word_1_88' title='bbox 1670 1246 1686 1283; x_wconf 86' lang='lat'><strong>:</strong></span> <span class='ocrx_word' id='word_1_89' title='bbox 1716 1242 1849 1300; x_wconf 88' lang='lat' dir='ltr'><strong>ergo</strong></span> <span class='ocrx_word' id='word_1_90' title='bbox 1885 1230 1972 1286; x_wconf 89' lang='lat' dir='ltr'><strong>lex</strong></span> 
     </span>
    </p>
   </div>
   <div class='ocr_carea' id='block_1_13' title="bbox 396 1316 1087 1373">
    <p class='ocr_par' dir='ltr' id='par_1_13' title="bbox 396 1316 1087 1373">
     <span class='ocr_line' id='line_1_13' title="bbox 396 1316 1087 1373; baseline 0.001 -2"><span class='ocrx_word' id='word_1_91' title='bbox 396 1316 620 1371; x_wconf 85' lang='lat' dir='ltr'><strong>minime</strong></span> <span class='ocrx_word' id='word_1_92' title='bbox 643 1327 729 1373; x_wconf 88' lang='lat' dir='ltr'><strong>est</strong></span> <span class='ocrx_word' id='word_1_93' title='bbox 758 1319 1087 1373; x_wconf 83' lang='lat' dir='ltr'><strong>necessaria.</strong></span> 
     </span>
    </p>
   </div>
   <div class='ocr_carea' id='block_1_14' title="bbox 469 1405 1632 1478">
    <p class='ocr_par' dir='ltr' id='par_1_14' title="bbox 469 1405 1632 1478">
     <span class='ocr_line' id='line_1_14' title="bbox 469 1405 1632 1478; baseline 0.006 -18"><span class='ocrx_word' id='word_1_94' title='bbox 469 1425 490 1460; x_wconf 87' lang='grc'><em>‹</em></span> <span class='ocrx_word' id='word_1_95' title='bbox 526 1405 665 1463; x_wconf 80' lang='lat' dir='ltr'><strong>Vivo</strong></span> <span class='ocrx_word' id='word_1_96' title='bbox 687 1414 867 1463; x_wconf 90' lang='lat' dir='ltr'><strong>autem</strong></span> <span class='ocrx_word' id='word_1_97' title='bbox 901 1424 1007 1463; x_wconf 93' lang='lat' dir='ltr'><strong>non</strong></span> <span class='ocrx_word' id='word_1_98' title='bbox 1034 1424 1157 1478; x_wconf 85' lang='lat' dir='ltr'><strong>ego.</strong></span> <span class='ocrx_word' id='word_1_99' title='bbox 1190 1427 1209 1461; x_wconf 74' lang='grc' dir='ltr'><strong><em>ι</em></strong></span> <span class='ocrx_word' id='word_1_100' title='bbox 1245 1407 1416 1465; x_wconf 78' lang='lat' dir='ltr'><strong>Vetus</strong></span> <span class='ocrx_word' id='word_1_101' title='bbox 1446 1412 1632 1467; x_wconf 92' lang='lat' dir='ltr'><strong>homo.</strong></span> 
     </span>
    </p>
   </div>
   <div class='ocr_carea' id='block_1_15' title="bbox 468 1497 2055 1583">
    <p class='ocr_par' dir='ltr' id='par_1_15' title="bbox 468 1497 2055 1583">
     <span class='ocr_line' id='line_1_15' title="bbox 468 1497 2055 1583; baseline 0.006 -32"><span class='ocrx_word' id='word_1_102' title='bbox 468 1515 489 1551; x_wconf 71' lang='grc' dir='ltr'>ι</span> <span class='ocrx_word' id='word_1_103' title='bbox 528 1498 677 1555; x_wconf 84' lang='lat' dir='ltr'><strong>Vivit</strong></span> <span class='ocrx_word' id='word_1_104' title='bbox 704 1513 834 1554; x_wconf 90' lang='lat' dir='ltr'><strong>vero</strong></span> <span class='ocrx_word' id='word_1_105' title='bbox 876 1498 931 1553; x_wconf 90' lang='lat' dir='ltr'><strong>in</strong></span> <span class='ocrx_word' id='word_1_106' title='bbox 960 1515 1046 1553; x_wconf 90' lang='lat' dir='ltr'><strong>me</strong></span> <span class='ocrx_word' id='word_1_107' title='bbox 1077 1497 1356 1555; x_wconf 90' lang='lat' dir='ltr'><strong>Christus.</strong></span> <span class='ocrx_word' id='word_1_108' title='bbox 1393 1519 1413 1554; x_wconf 73' lang='grc' dir='ltr'><strong><em>ι</em></strong></span> <span class='ocrx_word' id='word_1_109' title='bbox 1449 1502 1505 1556; x_wconf 91' lang='lat' dir='ltr'><strong>in</strong></span> <span class='ocrx_word' id='word_1_110' title='bbox 1535 1503 1628 1559; x_wconf 89' lang='lat' dir='ltr'><strong>illo</strong></span> <span class='ocrx_word' id='word_1_111' title='bbox 1653 1504 1785 1560; x_wconf 90' lang='lat' dir='ltr'><strong>vivit</strong></span> <span class='ocrx_word' id='word_1_112' title='bbox 1815 1504 1975 1583; x_wconf 81' lang='lat' dir='ltr'><strong>Chri-</strong></span> <span class='ocrx_word' id='word_1_113' title='bbox 2044 1530 2055 1549; x_wconf 76' lang='grc' dir='ltr'><strong>ι</strong></span> 
     </span>
    </p>
   </div>
   <div class='ocr_carea' id='block_1_16' title="bbox 394 1589 1759 1661">
    <p class='ocr_par' dir='ltr' id='par_1_16' title="bbox 394 1589 1759 1661">
     <span class='ocr_line' id='line_1_16' title="bbox 394 1589 1759 1661; baseline 0.004 -15"><span class='ocrx_word' id='word_1_114' title='bbox 394 1598 531 1654; x_wconf 87' lang='lat' dir='ltr'><strong>stus,</strong></span> <span class='ocrx_word' id='word_1_115' title='bbox 562 1589 619 1645; x_wconf 92' lang='lat' dir='ltr'><strong>in</strong></span> <span class='ocrx_word' id='word_1_116' title='bbox 648 1606 758 1661; x_wconf 90' lang='lat' dir='ltr'><strong>quo</strong></span> <span class='ocrx_word' id='word_1_117' title='bbox 781 1589 1035 1646; x_wconf 84' lang='lat' dir='ltr'><strong>Christus</strong></span> <span class='ocrx_word' id='word_1_118' title='bbox 1059 1601 1273 1661; x_wconf 81' lang='lat' dir='ltr'><strong>vegetat</strong></span> <span class='ocrx_word' id='word_1_119' title='bbox 1302 1600 1458 1649; x_wconf 86' lang='lat' dir='ltr'><strong>actus</strong></span> <span class='ocrx_word' id='word_1_120' title='bbox 1487 1601 1542 1649; x_wconf 87' lang='lat' dir='ltr'><strong>et</strong></span> <span class='ocrx_word' id='word_1_121' title='bbox 1571 1594 1759 1651; x_wconf 87' lang='lat' dir='ltr'><strong>vitam.</strong></span> 
     </span>
    </p>
   </div>
   <div class='ocr_carea' id='block_1_17' title="bbox 473 1682 1973 1754">
    <p class='ocr_par' dir='ltr' id='par_1_17' title="bbox 473 1682 1973 1754">
     <span class='ocr_line' id='line_1_17' title="bbox 473 1682 1973 1754; baseline 0.007 -19"><span class='ocrx_word' id='word_1_122' title='bbox 473 1702 492 1735; x_wconf 72' lang='grc' dir='ltr'>ι</span> <span class='ocrx_word' id='word_1_123' title='bbox 523 1682 679 1751; x_wconf 84' lang='lat' dir='ltr'><strong>Quod</strong></span> <span class='ocrx_word' id='word_1_124' title='bbox 727 1691 909 1737; x_wconf 90' lang='lat' dir='ltr'><strong>autem</strong></span> <span class='ocrx_word' id='word_1_125' title='bbox 954 1697 1102 1738; x_wconf 87' lang='lat' dir='ltr'><strong>nunc</strong></span> <span class='ocrx_word' id='word_1_126' title='bbox 1145 1683 1273 1740; x_wconf 92' lang='lat' dir='ltr'><strong>vivo</strong></span> <span class='ocrx_word' id='word_1_127' title='bbox 1309 1685 1365 1740; x_wconf 89' lang='lat' dir='ltr'><strong>in</strong></span> <span class='ocrx_word' id='word_1_128' title='bbox 1409 1700 1599 1754; x_wconf 91' lang='lat' dir='ltr'><strong>carne,</strong></span> <span class='ocrx_word' id='word_1_129' title='bbox 1632 1689 1689 1743; x_wconf 91' lang='lat' dir='ltr'><strong>in</strong></span> <span class='ocrx_word' id='word_1_130' title='bbox 1719 1689 1823 1746; x_wconf 87' lang='lat' dir='ltr'><strong>ﬁde</strong></span> <span class='ocrx_word' id='word_1_131' title='bbox 1850 1690 1973 1746; x_wconf 90' lang='lat' dir='ltr'><strong>vivo</strong></span> 
     </span>
    </p>
   </div>
   <div class='ocr_carea' id='block_1_18' title="bbox 397 1773 1971 1854">
    <p class='ocr_par' dir='ltr' id='par_1_18' title="bbox 397 1773 1971 1854">
     <span class='ocr_line' id='line_1_18' title="bbox 397 1773 1971 1854; baseline 0.006 -23"><span class='ocrx_word' id='word_1_132' title='bbox 397 1773 524 1831; x_wconf 85' lang='lat' dir='ltr'><strong>Filii</strong></span> <span class='ocrx_word' id='word_1_133' title='bbox 565 1777 679 1831; x_wconf 87' lang='lat' dir='ltr'><strong>Dei.</strong></span> <span class='ocrx_word' id='word_1_134' title='bbox 716 1792 736 1828; x_wconf 71' lang='grc' dir='ltr'><strong><em>ι</em></strong></span> <span class='ocrx_word' id='word_1_135' title='bbox 796 1773 855 1829; x_wconf 85' lang='lat' dir='ltr'><strong>in</strong></span> <span class='ocrx_word' id='word_1_136' title='bbox 910 1776 1023 1831; x_wconf 88' lang='lat' dir='ltr'><strong>sola</strong></span> <span class='ocrx_word' id='word_1_137' title='bbox 1072 1773 1233 1832; x_wconf 85' lang='lat' dir='ltr'><strong>ﬁde:</strong></span> <span class='ocrx_word' id='word_1_138' title='bbox 1272 1778 1399 1848; x_wconf 85' lang='lat' dir='ltr'><strong>quia</strong></span> <span class='ocrx_word' id='word_1_139' title='bbox 1449 1778 1583 1835; x_wconf 88' lang='lat' dir='ltr'><strong>nihil</strong></span> <span class='ocrx_word' id='word_1_140' title='bbox 1632 1780 1808 1839; x_wconf 89' lang='lat' dir='ltr'><strong>debeo</strong></span> <span class='ocrx_word' id='word_1_141' title='bbox 1866 1781 1971 1854; x_wconf 88' lang='lat' dir='ltr'><strong>legi</strong></span> 
     </span>
    </p>
   </div>
   <div class='ocr_carea' id='block_1_19' title="bbox 397 1870 1025 1935">
    <p class='ocr_par' dir='ltr' id='par_1_19' title="bbox 397 1870 1025 1935">
     <span class='ocr_line' id='line_1_19' title="bbox 397 1870 1025 1935; baseline -0.005 -15"><span class='ocrx_word' id='word_1_142' title='bbox 397 1870 654 1935; x_wconf 65' lang='lat' dir='ltr'><strong>antiquae.</strong></span> <span class='ocrx_word' id='word_1_143' title='bbox 1015 1904 1025 1917; x_wconf 78' lang='lat'><strong>.</strong></span> 
     </span>
    </p>
   </div>
   <div class='ocr_carea' id='block_1_20' title="bbox 471 1958 1966 2033">
    <p class='ocr_par' dir='ltr' id='par_1_20' title="bbox 471 1958 1966 2033">
     <span class='ocr_line' id='line_1_20' title="bbox 471 1958 1966 2033; baseline 0.003 -21"><span class='ocrx_word' id='word_1_144' title='bbox 471 1976 493 2012; x_wconf 78' lang='grc' dir='ltr'>ι</span> <span class='ocrx_word' id='word_1_145' title='bbox 529 1958 632 2026; x_wconf 87' lang='lat' dir='ltr'><strong>Qui</strong></span> <span class='ocrx_word' id='word_1_146' title='bbox 670 1960 859 2016; x_wconf 75' lang='lat' dir='ltr'><strong>dilexit</strong></span> <span class='ocrx_word' id='word_1_147' title='bbox 893 1973 999 2023; x_wconf 90' lang='lat' dir='ltr'><strong>me,</strong></span> <span class='ocrx_word' id='word_1_148' title='bbox 1029 1967 1084 2015; x_wconf 93' lang='lat' dir='ltr'><strong>et</strong></span> <span class='ocrx_word' id='word_1_149' title='bbox 1121 1958 1341 2015; x_wconf 86' lang='lat' dir='ltr'><strong>tradidit</strong></span> <span class='ocrx_word' id='word_1_150' title='bbox 1389 1961 1630 2032; x_wconf 89' lang='lat' dir='ltr'><strong>seipsum</strong></span> <span class='ocrx_word' id='word_1_151' title='bbox 1661 1977 1762 2033; x_wconf 91' lang='lat' dir='ltr'><strong>pro</strong></span> <span class='ocrx_word' id='word_1_152' title='bbox 1797 1978 1907 2021; x_wconf 90' lang='lat' dir='ltr'><strong>me.</strong></span> <span class='ocrx_word' id='word_1_153' title='bbox 1946 1983 1966 2016; x_wconf 84' lang='lat' dir='ltr'><strong>s</strong></span> 
     </span>
    </p>
   </div>
   <div class='ocr_carea' id='block_1_21' title="bbox 397 2037 1970 2123">
    <p class='ocr_par' dir='ltr' id='par_1_21' title="bbox 397 2037 1970 2123">
     <span class='ocr_line' id='line_1_21' title="bbox 397 2037 1970 2123; baseline 0.003 -15"><span class='ocrx_word' id='word_1_154' title='bbox 397 2050 514 2108; x_wconf 86' lang='lat' dir='ltr'><strong>Non</strong></span> <span class='ocrx_word' id='word_1_155' title='bbox 545 2053 852 2122; x_wconf 84' lang='lat' dir='ltr'><strong>pecuniam,</strong></span> <span class='ocrx_word' id='word_1_156' title='bbox 882 2037 989 2108; x_wconf 79' lang='lat' dir='ltr'><strong>non</strong></span> <span class='ocrx_word' id='word_1_157' title='bbox 1033 2053 1254 2121; x_wconf 84' lang='lat' dir='ltr'><strong>aliquod</strong></span> <span class='ocrx_word' id='word_1_158' title='bbox 1286 2052 1433 2108; x_wconf 84' lang='lat' dir='ltr'><strong>aliud</strong></span> <span class='ocrx_word' id='word_1_159' title='bbox 1462 2054 1716 2123; x_wconf 89' lang='lat' dir='ltr'><strong>pretium,</strong></span> <span class='ocrx_word' id='word_1_160' title='bbox 1750 2059 1845 2112; x_wconf 89' lang='lat' dir='ltr'><strong>sed</strong></span> <span class='ocrx_word' id='word_1_161' title='bbox 1887 2072 1970 2114; x_wconf 92' lang='lat' dir='ltr'><strong>se.</strong></span> 
     </span>
    </p>
   </div>
   <div class='ocr_carea' id='block_1_22' title="bbox 472 2142 1971 2215">
    <p class='ocr_par' dir='ltr' id='par_1_22' title="bbox 472 2142 1971 2215">
     <span class='ocr_line' id='line_1_22' title="bbox 472 2142 1971 2215; baseline 0.005 -20"><span class='ocrx_word' id='word_1_162' title='bbox 472 2163 491 2195; x_wconf 81' lang='lat' dir='ltr'><strong>r</strong></span> <span class='ocrx_word' id='word_1_163' title='bbox 525 2142 642 2199; x_wconf 83' lang='lat' dir='ltr'><strong>Non</strong></span> <span class='ocrx_word' id='word_1_164' title='bbox 682 2144 877 2214; x_wconf 86' lang='lat' dir='ltr'><strong>abjicio</strong></span> <span class='ocrx_word' id='word_1_165' title='bbox 914 2145 1141 2215; x_wconf 89' lang='lat' dir='ltr'><strong>gratiam</strong></span> <span class='ocrx_word' id='word_1_166' title='bbox 1180 2144 1294 2199; x_wconf 89' lang='lat' dir='ltr'><strong>Dei.</strong></span> <span class='ocrx_word' id='word_1_167' title='bbox 1329 2162 1349 2196; x_wconf 77' lang='grc' dir='ltr'><strong><em>ι</em></strong></span> <span class='ocrx_word' id='word_1_168' title='bbox 1388 2143 1507 2200; x_wconf 83' lang='grc' dir='ltr'><strong>Νοη</strong></span> <span class='ocrx_word' id='word_1_169' title='bbox 1539 2145 1714 2201; x_wconf 88' lang='lat' dir='ltr'><strong>debeo</strong></span> <span class='ocrx_word' id='word_1_170' title='bbox 1743 2162 1865 2203; x_wconf 89' lang='lat' dir='ltr'><strong>esse</strong></span> <span class='ocrx_word' id='word_1_171' title='bbox 1894 2148 1971 2203; x_wconf 91' lang='lat' dir='ltr'><strong>illi</strong></span> 
     </span>
    </p>
   </div>
   <div class='ocr_carea' id='block_1_23' title="bbox 399 2234 1972 2307">
    <p class='ocr_par' dir='ltr' id='par_1_23' title="bbox 399 2234 1972 2307">
     <span class='ocr_line' id='line_1_23' title="bbox 399 2234 1972 2307; baseline 0.005 -20"><span class='ocrx_word' id='word_1_172' title='bbox 399 2235 641 2305; x_wconf 85' lang='lat' dir='ltr'><strong>ingratus</strong></span> <span class='ocrx_word' id='word_1_173' title='bbox 675 2252 689 2289; x_wconf 88' lang='lat'><strong>:</strong></span> <span class='ocrx_word' id='word_1_174' title='bbox 719 2236 811 2305; x_wconf 90' lang='lat' dir='ltr'><strong>qui</strong></span> <span class='ocrx_word' id='word_1_175' title='bbox 852 2250 941 2290; x_wconf 89' lang='lat' dir='ltr'><strong>me</strong></span> <span class='ocrx_word' id='word_1_176' title='bbox 982 2243 1195 2289; x_wconf 89' lang='lat' dir='ltr'><strong>tantum</strong></span> <span class='ocrx_word' id='word_1_177' title='bbox 1232 2234 1442 2302; x_wconf 84' lang='lat' dir='ltr'><strong>dilexit,</strong></span> <span class='ocrx_word' id='word_1_178' title='bbox 1477 2247 1533 2292; x_wconf 92' lang='lat' dir='ltr'><strong>ut</strong></span> <span class='ocrx_word' id='word_1_179' title='bbox 1564 2253 1663 2307; x_wconf 87' lang='lat' dir='ltr'><strong>pro</strong></span> <span class='ocrx_word' id='word_1_180' title='bbox 1694 2253 1779 2293; x_wconf 92' lang='lat' dir='ltr'><strong>me</strong></span> <span class='ocrx_word' id='word_1_181' title='bbox 1808 2241 1972 2295; x_wconf 88' lang='lat' dir='ltr'><strong>etiam</strong></span> 
     </span>
    </p>
   </div>
   <div class='ocr_carea' id='block_1_24' title="bbox 400 2326 1973 2401">
    <p class='ocr_par' dir='ltr' id='par_1_24' title="bbox 400 2326 1973 2401">
     <span class='ocr_line' id='line_1_24' title="bbox 400 2326 1973 2401; baseline 0.004 -22"><span class='ocrx_word' id='word_1_182' title='bbox 400 2337 726 2383; x_wconf 81' lang='lat' dir='ltr'><strong>moreretur.</strong></span> <span class='ocrx_word' id='word_1_183' title='bbox 748 2326 971 2398; x_wconf 87' lang='lat' dir='ltr'><strong>Abjecta</strong></span> <span class='ocrx_word' id='word_1_184' title='bbox 992 2329 1139 2384; x_wconf 83' lang='lat' dir='ltr'><strong>enim</strong></span> <span class='ocrx_word' id='word_1_185' title='bbox 1163 2337 1245 2383; x_wconf 89' lang='lat' dir='ltr'><strong>est</strong></span> <span class='ocrx_word' id='word_1_186' title='bbox 1272 2329 1465 2401; x_wconf 90' lang='lat' dir='ltr'><strong>gratia,</strong></span> <span class='ocrx_word' id='word_1_187' title='bbox 1492 2329 1537 2384; x_wconf 88' lang='lat' dir='ltr'><strong>si</strong></span> <span class='ocrx_word' id='word_1_188' title='bbox 1567 2329 1701 2383; x_wconf 89' lang='lat' dir='ltr'><strong>mihi</strong></span> <span class='ocrx_word' id='word_1_189' title='bbox 1727 2331 1842 2385; x_wconf 90' lang='lat' dir='ltr'><strong>sola</strong></span> <span class='ocrx_word' id='word_1_190' title='bbox 1864 2347 1973 2386; x_wconf 88' lang='lat' dir='ltr'><strong>non</strong></span> 
     </span>
    </p>
   </div>
   <div class='ocr_carea' id='block_1_25' title="bbox 397 2418 617 2475">
    <p class='ocr_par' dir='ltr' id='par_1_25' title="bbox 397 2418 617 2475">
     <span class='ocr_line' id='line_1_25' title="bbox 397 2418 617 2475; baseline 0.005 -1"><span class='ocrx_word' id='word_1_191' title='bbox 397 2418 617 2475; x_wconf 83' lang='lat' dir='ltr'><strong>suﬁicit.</strong></span> 
     </span>
    </p>
   </div>
   <div class='ocr_carea' id='block_1_26' title="bbox 474 2531 1973 2606">
    <p class='ocr_par' dir='ltr' id='par_1_26' title="bbox 474 2531 1973 2606">
     <span class='ocr_line' id='line_1_26' title="bbox 474 2531 1973 2606; baseline 0.007 -21"><span class='ocrx_word' id='word_1_192' title='bbox 474 2549 495 2583; x_wconf 74' lang='grc' dir='ltr'>ι</span> <span class='ocrx_word' id='word_1_193' title='bbox 528 2532 588 2586; x_wconf 91' lang='lat' dir='ltr'><strong>Si</strong></span> <span class='ocrx_word' id='word_1_194' title='bbox 614 2531 761 2586; x_wconf 90' lang='lat' dir='ltr'><strong>enim</strong></span> <span class='ocrx_word' id='word_1_195' title='bbox 793 2547 889 2601; x_wconf 87' lang='lat' dir='ltr'><strong>per</strong></span> <span class='ocrx_word' id='word_1_196' title='bbox 914 2532 1087 2605; x_wconf 88' lang='lat' dir='ltr'><strong>legem</strong></span> <span class='ocrx_word' id='word_1_197' title='bbox 1114 2532 1348 2604; x_wconf 76' lang='lat' dir='ltr'><strong>iustitia,</strong></span> <span class='ocrx_word' id='word_1_198' title='bbox 1371 2548 1503 2603; x_wconf 85' lang='lat' dir='ltr'><strong>ergo</strong></span> <span class='ocrx_word' id='word_1_199' title='bbox 1530 2539 1699 2606; x_wconf 80' lang='lat' dir='ltr'><strong>gratis</strong></span> <span class='ocrx_word' id='word_1_200' title='bbox 1721 2536 1973 2595; x_wconf 90' lang='lat' dir='ltr'><strong>Christus</strong></span> 
     </span>
    </p>
   </div>
   <div class='ocr_carea' id='block_1_27' title="bbox 398 2624 1972 2701">
    <p class='ocr_par' dir='ltr' id='par_1_27' title="bbox 398 2624 1972 2701">
     <span class='ocr_line' id='line_1_27' title="bbox 398 2624 1972 2701; baseline 0.004 -21"><span class='ocrx_word' id='word_1_201' title='bbox 398 2633 646 2680; x_wconf 89' lang='lat' dir='ltr'><strong>mortuus</strong></span> <span class='ocrx_word' id='word_1_202' title='bbox 676 2634 781 2680; x_wconf 86' lang='lat' dir='ltr'><strong>est.</strong></span> <span class='ocrx_word' id='word_1_203' title='bbox 819 2643 839 2677; x_wconf 70' lang='grc' dir='ltr'>δ</span> <span class='ocrx_word' id='word_1_204' title='bbox 880 2624 937 2679; x_wconf 90' lang='lat' dir='ltr'><strong>Si</strong></span> <span class='ocrx_word' id='word_1_205' title='bbox 968 2626 1055 2681; x_wconf 89' lang='lat' dir='ltr'><strong>lex</strong></span> <span class='ocrx_word' id='word_1_206' title='bbox 1094 2635 1310 2695; x_wconf 82' lang='lat' dir='ltr'><strong>poterat</strong></span> <span class='ocrx_word' id='word_1_207' title='bbox 1339 2626 1665 2699; x_wconf 81' lang='lat' dir='ltr'><strong>justiﬁearc,</strong></span> <span class='ocrx_word' id='word_1_208' title='bbox 1698 2630 1972 2701; x_wconf 74' lang='lat' dir='ltr'><strong>superﬂue</strong></span> 
     </span>
    </p>
   </div>
   <div class='ocr_carea' id='block_1_28' title="bbox 400 2714 1060 2772">
    <p class='ocr_par' dir='ltr' id='par_1_28' title="bbox 400 2714 1060 2772">
     <span class='ocr_line' id='line_1_28' title="bbox 400 2714 1060 2772; baseline 0.003 -2"><span class='ocrx_word' id='word_1_209' title='bbox 400 2727 647 2771; x_wconf 82' lang='lat' dir='ltr'><strong>mortuus</strong></span> <span class='ocrx_word' id='word_1_210' title='bbox 673 2726 757 2771; x_wconf 86' lang='lat' dir='ltr'><strong>est</strong></span> <span class='ocrx_word' id='word_1_211' title='bbox 786 2714 1060 2772; x_wconf 84' lang='lat' dir='ltr'><strong>Christus.</strong></span> 
     </span>
    </p>
   </div>
   <div class='ocr_carea' id='block_1_29' title="bbox 986 2873 1339 2933">
    <p class='ocr_par' dir='ltr' id='par_1_29' title="bbox 986 2873 1339 2933">
     <span class='ocr_line' id='line_1_29' title="bbox 986 2873 1339 2933; baseline -0.003 0"><span class='ocrx_word' id='word_1_212' title='bbox 986 2873 1214 2933; x_wconf 79' lang='lat' dir='ltr'><strong>CAPUT</strong></span> <span class='ocrx_word' id='word_1_213' title='bbox 1252 2874 1339 2932; x_wconf 89' lang='lat' dir='ltr'><strong>Ill.</strong></span> 
     </span>
    </p>
   </div>
   <div class='ocr_carea' id='block_1_30' title="bbox 472 2989 1970 3051">
    <p class='ocr_par' dir='ltr' id='par_1_30' title="bbox 472 2989 1970 3051">
     <span class='ocr_line' id='line_1_30' title="bbox 472 2989 1970 3051; baseline 0.005 -7"><span class='ocrx_word' id='word_1_214' title='bbox 472 3012 491 3044; x_wconf 75' lang='grc' dir='ltr'><strong><em>ι</em></strong></span> <span class='ocrx_word' id='word_1_215' title='bbox 529 2989 573 3046; x_wconf 92' lang='grc' dir='ltr'>Ο</span> <span class='ocrx_word' id='word_1_216' title='bbox 605 2990 863 3049; x_wconf 88' lang='lat' dir='ltr'><strong>insensati</strong></span> <span class='ocrx_word' id='word_1_217' title='bbox 889 2990 1115 3048; x_wconf 66' lang='lat' dir='ltr'><strong>Galatae.</strong></span> <span class='ocrx_word' id='word_1_218' title='bbox 1154 3009 1172 3043; x_wconf 85' lang='lat' dir='ltr'><strong>s</strong></span> <span class='ocrx_word' id='word_1_219' title='bbox 1215 2989 1335 3047; x_wconf 87' lang='lat' dir='ltr'><strong>Non</strong></span> <span class='ocrx_word' id='word_1_220' title='bbox 1377 3000 1461 3047; x_wconf 89' lang='lat' dir='ltr'><strong>est</strong></span> <span class='ocrx_word' id='word_1_221' title='bbox 1488 2990 1821 3049; x_wconf 88' lang='lat' dir='ltr'><strong>contrarium</strong></span> <span class='ocrx_word' id='word_1_222' title='bbox 1855 2994 1970 3051; x_wconf 86' lang='lat' dir='ltr'><strong>Sal-</strong></span> 
     </span>
    </p>
   </div>
   <div class='ocr_carea' id='block_1_31' title="bbox 397 3082 1969 3157">
    <p class='ocr_par' dir='ltr' id='par_1_31' title="bbox 397 3082 1969 3157">
     <span class='ocr_line' id='line_1_31' title="bbox 397 3082 1969 3157; baseline 0.003 -20"><span class='ocrx_word' id='word_1_223' title='bbox 397 3085 601 3137; x_wconf 86' lang='lat' dir='ltr'><strong>vatoris</strong></span> <span class='ocrx_word' id='word_1_224' title='bbox 648 3085 838 3150; x_wconf 83' lang='lat' dir='ltr'><strong>verbo,</strong></span> <span class='ocrx_word' id='word_1_225' title='bbox 875 3099 980 3153; x_wconf 89' lang='lat' dir='ltr'><strong>quo</strong></span> <span class='ocrx_word' id='word_1_226' title='bbox 1030 3084 1257 3138; x_wconf 81' lang='lat' dir='ltr'><strong>fratrem</strong></span> <span class='ocrx_word' id='word_1_227' title='bbox 1305 3082 1515 3137; x_wconf 81' lang='lat' dir='ltr'><strong>fatuum</strong></span> <span class='ocrx_word' id='word_1_228' title='bbox 1560 3087 1742 3140; x_wconf 89' lang='lat' dir='ltr'><strong>vocari</strong></span> <span class='ocrx_word' id='word_1_229' title='bbox 1781 3088 1969 3157; x_wconf 87' lang='lat' dir='ltr'><strong>prohi-</strong></span> 
     </span>
    </p>
   </div>
   <div class='ocr_carea' id='block_1_32' title="bbox 399 3174 1577 3230">
    <p class='ocr_par' dir='ltr' id='par_1_32' title="bbox 399 3174 1577 3230">
     <span class='ocr_line' id='line_1_32' title="bbox 399 3174 1577 3230; baseline 0 -1"><span class='ocrx_word' id='word_1_230' title='bbox 399 3174 550 3229; x_wconf 89' lang='lat' dir='ltr'><strong>buit:</strong></span> <span class='ocrx_word' id='word_1_231' title='bbox 577 3191 683 3230; x_wconf 72' lang='lat' dir='ltr'><strong>noti</strong></span> <span class='ocrx_word' id='word_1_232' title='bbox 714 3178 858 3230; x_wconf 88' lang='lat' dir='ltr'><strong>enim</strong></span> <span class='ocrx_word' id='word_1_233' title='bbox 894 3176 980 3229; x_wconf 91' lang='lat' dir='ltr'><strong>hic</strong></span> <span class='ocrx_word' id='word_1_234' title='bbox 1013 3175 1215 3230; x_wconf 81' lang='lat' dir='ltr'><strong>dicitur</strong></span> <span class='ocrx_word' id='word_1_235' title='bbox 1241 3175 1358 3228; x_wconf 89' lang='lat' dir='ltr'><strong>sine</strong></span> <span class='ocrx_word' id='word_1_236' title='bbox 1390 3189 1577 3229; x_wconf 83' lang='lat' dir='ltr'><strong>causa.</strong></span> 
     </span>
    </p>
   </div>
   <div class='ocr_carea' id='block_1_33' title="bbox 474 3266 1969 3335">
    <p class='ocr_par' dir='ltr' id='par_1_33' title="bbox 474 3266 1969 3335">
     <span class='ocr_line' id='line_1_33' title="bbox 474 3266 1969 3335; baseline 0.004 -16"><span class='ocrx_word' id='word_1_237' title='bbox 474 3287 493 3319; x_wconf 85' lang='grc'><strong>‹</strong></span> <span class='ocrx_word' id='word_1_238' title='bbox 531 3268 662 3333; x_wconf 91' lang='lat' dir='ltr'><strong>Quis</strong></span> <span class='ocrx_word' id='word_1_239' title='bbox 692 3283 788 3323; x_wconf 87' lang='lat' dir='ltr'><strong>vos</strong></span> <span class='ocrx_word' id='word_1_240' title='bbox 818 3266 1124 3324; x_wconf 81' lang='lat' dir='ltr'><strong>fascinavit.</strong></span> <span class='ocrx_word' id='word_1_241' title='bbox 1159 3286 1178 3319; x_wconf 76' lang='grc' dir='ltr'><strong><em>ι</em></strong></span> <span class='ocrx_word' id='word_1_242' title='bbox 1227 3266 1330 3320; x_wconf 85' lang='lat' dir='ltr'><strong>Per</strong></span> <span class='ocrx_word' id='word_1_243' title='bbox 1370 3266 1511 3335; x_wconf 83' lang='lat' dir='ltr'><strong>vulgi</strong></span> <span class='ocrx_word' id='word_1_244' title='bbox 1549 3267 1797 3333; x_wconf 86' lang='lat' dir='ltr'><strong>verbum,</strong></span> <span class='ocrx_word' id='word_1_245' title='bbox 1830 3269 1969 3325; x_wconf 89' lang='lat' dir='ltr'><strong>invi-</strong></span> 
     </span>
    </p>
   </div>
   <div class='ocr_carea' id='block_1_34' title="bbox 399 3355 1970 3428">
    <p class='ocr_par' dir='ltr' id='par_1_34' title="bbox 399 3355 1970 3428">
     <span class='ocr_line' id='line_1_34' title="bbox 399 3355 1970 3428; baseline 0.003 -16"><span class='ocrx_word' id='word_1_246' title='bbox 399 3358 542 3412; x_wconf 85' lang='lat' dir='ltr'><strong>diam</strong></span> <span class='ocrx_word' id='word_1_247' title='bbox 592 3359 951 3428; x_wconf 84' lang='lat' dir='ltr'><strong>sigmticavit;</strong></span> <span class='ocrx_word' id='word_1_248' title='bbox 992 3361 1134 3413; x_wconf 90' lang='lat' dir='ltr'><strong>sicut</strong></span> <span class='ocrx_word' id='word_1_249' title='bbox 1182 3359 1258 3412; x_wconf 86' lang='lat' dir='ltr'><strong>ait</strong></span> <span class='ocrx_word' id='word_1_250' title='bbox 1312 3355 1569 3413; x_wconf 84' lang='lat' dir='ltr'><strong>Salomon</strong></span> <span class='ocrx_word' id='word_1_251' title='bbox 1605 3376 1619 3414; x_wconf 92' lang='lat'><strong>:</strong></span> <span class='ocrx_word' id='word_1_252' title='bbox 1659 3357 1970 3417; x_wconf 85' lang='lat' dir='ltr'><strong>Fascinatio</strong></span> 
     </span>
    </p>
   </div>
   <div class='ocr_carea' id='block_1_35' title="bbox 399 3450 1200 3520">
    <p class='ocr_par' dir='ltr' id='par_1_35' title="bbox 399 3450 1200 3520">
     <span class='ocr_line' id='line_1_35' title="bbox 399 3450 1200 3520; baseline 0 -16"><span class='ocrx_word' id='word_1_253' title='bbox 399 3451 722 3520; x_wconf 86' lang='lat' dir='ltr'><strong>nugacitatis</strong></span> <span class='ocrx_word' id='word_1_254' title='bbox 751 3453 1007 3505; x_wconf 89' lang='lat' dir='ltr'><strong>obscurat</strong></span> <span class='ocrx_word' id='word_1_255' title='bbox 1038 3450 1200 3505; x_wconf 90' lang='lat' dir='ltr'><strong>bona.</strong></span> 
     </span>
    </p>
   </div>
   <div class='ocr_carea' id='block_1_36' title="bbox 475 3541 1968 3614">
    <p class='ocr_par' dir='ltr' id='par_1_36' title="bbox 475 3541 1968 3614">
     <span class='ocr_line' id='line_1_36' title="bbox 475 3541 1968 3614; baseline 0.003 -19"><span class='ocrx_word' id='word_1_256' title='bbox 475 3561 495 3595; x_wconf 74' lang='grc' dir='ltr'>ι</span> <span class='ocrx_word' id='word_1_257' title='bbox 541 3542 654 3596; x_wconf 88' lang='lat' dir='ltr'><strong>Non</strong></span> <span class='ocrx_word' id='word_1_258' title='bbox 708 3543 931 3597; x_wconf 86' lang='lat' dir='ltr'><strong>obedire</strong></span> <span class='ocrx_word' id='word_1_259' title='bbox 986 3542 1242 3597; x_wconf 76' lang='lat' dir='ltr'><strong>veritati?</strong></span> <span class='ocrx_word' id='word_1_260' title='bbox 1291 3541 1432 3598; x_wconf 89' lang='lat' dir='ltr'><strong>Ante</strong></span> <span class='ocrx_word' id='word_1_261' title='bbox 1484 3559 1715 3614; x_wconf 90' lang='lat' dir='ltr'><strong>quorum</strong></span> <span class='ocrx_word' id='word_1_262' title='bbox 1774 3544 1968 3601; x_wconf 82' lang='lat' dir='ltr'><strong>oculos</strong></span> 
     </span>
    </p>
   </div>
   <div class='ocr_carea' id='block_1_37' title="bbox 396 3631 1969 3709">
    <p class='ocr_par' dir='ltr' id='par_1_37' title="bbox 396 3631 1969 3709">
     <span class='ocr_line' id='line_1_37' title="bbox 396 3631 1969 3709; baseline 0.002 -19"><span class='ocrx_word' id='word_1_263' title='bbox 396 3632 644 3690; x_wconf 76' lang='lat' dir='ltr'><strong>Christus</strong></span> <span class='ocrx_word' id='word_1_264' title='bbox 673 3631 833 3689; x_wconf 77' lang='lat' dir='ltr'><strong>Jesus</strong></span> <span class='ocrx_word' id='word_1_265' title='bbox 868 3636 1201 3705; x_wconf 86' lang='lat' dir='ltr'><strong>proscriptus</strong></span> <span class='ocrx_word' id='word_1_266' title='bbox 1228 3645 1333 3692; x_wconf 88' lang='lat' dir='ltr'><strong>est.</strong></span> <span class='ocrx_word' id='word_1_267' title='bbox 1363 3654 1383 3688; x_wconf 72' lang='grc' dir='ltr'><strong><em>ι</em></strong></span> <span class='ocrx_word' id='word_1_268' title='bbox 1423 3636 1633 3703; x_wconf 86' lang='lat' dir='ltr'><strong>Quibus</strong></span> <span class='ocrx_word' id='word_1_269' title='bbox 1670 3655 1769 3709; x_wconf 89' lang='lat' dir='ltr'><strong>per</strong></span> <span class='ocrx_word' id='word_1_270' title='bbox 1796 3653 1969 3694; x_wconf 85' lang='lat' dir='ltr'><strong>meam</strong></span> 
     </span>
    </p>
   </div>
   <div class='ocr_carea' id='block_1_38' title="bbox 397 3726 1971 3801">
    <p class='ocr_par' dir='ltr' id='par_1_38' title="bbox 397 3726 1971 3801">
     <span class='ocr_line' id='line_1_38' title="bbox 397 3726 1971 3801; baseline 0.005 -21"><span class='ocrx_word' id='word_1_271' title='bbox 397 3726 839 3798; x_wconf 78' lang='lat' dir='ltr'><strong>praedicationem</strong></span> <span class='ocrx_word' id='word_1_272' title='bbox 889 3727 964 3780; x_wconf 88' lang='lat' dir='ltr'><strong>ita</strong></span> <span class='ocrx_word' id='word_1_273' title='bbox 1010 3726 1358 3782; x_wconf 82' lang='lat' dir='ltr'><strong>manifestata</strong></span> <span class='ocrx_word' id='word_1_274' title='bbox 1402 3737 1486 3783; x_wconf 84' lang='lat' dir='ltr'><strong>est</strong></span> <span class='ocrx_word' id='word_1_275' title='bbox 1524 3732 1705 3801; x_wconf 86' lang='lat' dir='ltr'><strong>passio</strong></span> <span class='ocrx_word' id='word_1_276' title='bbox 1744 3731 1882 3800; x_wconf 87' lang='lat' dir='ltr'><strong>ejus,</strong></span> <span class='ocrx_word' id='word_1_277' title='bbox 1915 3740 1971 3788; x_wconf 91' lang='lat' dir='ltr'><strong>ut</strong></span> 
     </span>
    </p>
   </div>
   <div class='ocr_carea' id='block_1_39' title="bbox 399 3819 1965 3893">
    <p class='ocr_par' dir='ltr' id='par_1_39' title="bbox 399 3819 1965 3893">
     <span class='ocr_line' id='line_1_39' title="bbox 399 3819 1965 3893; baseline 0.004 -19"><span class='ocrx_word' id='word_1_278' title='bbox 399 3820 574 3889; x_wconf 88' lang='lat' dir='ltr'><strong>ipsum</strong></span> <span class='ocrx_word' id='word_1_279' title='bbox 603 3830 729 3873; x_wconf 87' lang='lat' dir='ltr'><strong>ante</strong></span> <span class='ocrx_word' id='word_1_280' title='bbox 758 3833 853 3873; x_wconf 90' lang='lat' dir='ltr'><strong>vos</strong></span> <span class='ocrx_word' id='word_1_281' title='bbox 884 3820 1120 3888; x_wconf 88' lang='lat' dir='ltr'><strong>pendere</strong></span> <span class='ocrx_word' id='word_1_282' title='bbox 1153 3819 1435 3889; x_wconf 84' lang='lat' dir='ltr'><strong>putaretis.</strong></span> <span class='ocrx_word' id='word_1_283' title='bbox 1469 3820 1816 3892; x_wconf 82' lang='lat' dir='ltr'><strong>Proscriptus</strong></span> <span class='ocrx_word' id='word_1_284' title='bbox 1860 3832 1965 3893; x_wconf 83' lang='lat' dir='ltr'><strong>est,</strong></span> 
     </span>
    </p>
   </div>
   <div class='ocr_carea' id='block_1_40' title="bbox 398 3909 1398 3982">
    <p class='ocr_par' dir='ltr' id='par_1_40' title="bbox 398 3909 1398 3982">
     <span class='ocr_line' id='line_1_40' title="bbox 398 3909 1398 3982; baseline 0.001 -15"><span class='ocrx_word' id='word_1_285' title='bbox 398 3912 727 3967; x_wconf 84' lang='lat' dir='ltr'><strong>sententiam</strong></span> <span class='ocrx_word' id='word_1_286' title='bbox 761 3909 1131 3964; x_wconf 81' lang='lat' dir='ltr'><strong>damnationis</strong></span> <span class='ocrx_word' id='word_1_287' title='bbox 1166 3914 1398 3982; x_wconf 89' lang='lat' dir='ltr'><strong>accepit.</strong></span> 
     </span>
    </p>
   </div>
   <div class='ocr_carea' id='block_1_41' title="bbox 475 3998 1971 4073">
    <p class='ocr_par' dir='ltr' id='par_1_41' title="bbox 475 3998 1971 4073">
     <span class='ocr_line' id='line_1_41' title="bbox 475 3998 1971 4073; baseline 0.005 -23"><span class='ocrx_word' id='word_1_288' title='bbox 475 4015 495 4050; x_wconf 76' lang='grc' dir='ltr'>ι</span> <span class='ocrx_word' id='word_1_289' title='bbox 530 3998 596 4053; x_wconf 86' lang='grc' dir='ltr'>Ει</span> <span class='ocrx_word' id='word_1_290' title='bbox 621 4001 673 4052; x_wconf 92' lang='lat' dir='ltr'><strong>iu</strong></span> <span class='ocrx_word' id='word_1_291' title='bbox 707 3999 856 4052; x_wconf 85' lang='lat' dir='ltr'><strong>vobis</strong></span> <span class='ocrx_word' id='word_1_292' title='bbox 886 3998 1193 4054; x_wconf 86' lang='lat' dir='ltr'><strong>cruciﬁxus.</strong></span> <span class='ocrx_word' id='word_1_293' title='bbox 1231 4017 1251 4052; x_wconf 71' lang='grc' dir='ltr'><strong><em>ι</em></strong></span> <span class='ocrx_word' id='word_1_294' title='bbox 1293 3999 1454 4066; x_wconf 88' lang='lat' dir='ltr'><strong>Quasi</strong></span> <span class='ocrx_word' id='word_1_295' title='bbox 1487 4002 1633 4073; x_wconf 88' lang='lat' dir='ltr'><strong>apud</strong></span> <span class='ocrx_word' id='word_1_296' title='bbox 1662 4017 1757 4058; x_wconf 81' lang='lat' dir='ltr'><strong>vos</strong></span> <span class='ocrx_word' id='word_1_297' title='bbox 1786 4000 1971 4057; x_wconf 86' lang='lat' dir='ltr'><strong>omnia</strong></span> 
     </span>
    </p>
   </div>
   <div class='ocr_carea' id='block_1_42' title="bbox 402 4091 1970 4164">
    <p class='ocr_par' dir='ltr' id='par_1_42' title="bbox 402 4091 1970 4164">
     <span class='ocr_line' id='line_1_42' title="bbox 402 4091 1970 4164; baseline 0.004 -19"><span class='ocrx_word' id='word_1_298' title='bbox 402 4093 542 4145; x_wconf 75' lang='lat' dir='ltr'><strong>facta</strong></span> <span class='ocrx_word' id='word_1_299' title='bbox 582 4092 711 4144; x_wconf 75' lang='lat' dir='ltr'><strong>sint.</strong></span> <span class='ocrx_word' id='word_1_300' title='bbox 759 4091 885 4144; x_wconf 84' lang='lat' dir='ltr'><strong>Sive</strong></span> <span class='ocrx_word' id='word_1_301' title='bbox 931 4091 1032 4154; x_wconf 90' lang='lat' dir='ltr'><strong>sic,</strong></span> <span class='ocrx_word' id='word_1_302' title='bbox 1066 4106 1225 4160; x_wconf 89' lang='lat' dir='ltr'><strong>quem</strong></span> <span class='ocrx_word' id='word_1_303' title='bbox 1277 4106 1400 4148; x_wconf 89' lang='lat' dir='ltr'><strong>vere</strong></span> <span class='ocrx_word' id='word_1_304' title='bbox 1447 4108 1546 4164; x_wconf 88' lang='lat' dir='ltr'><strong>pro</strong></span> <span class='ocrx_word' id='word_1_305' title='bbox 1592 4095 1873 4162; x_wconf 89' lang='lat' dir='ltr'><strong>damnato,</strong></span> <span class='ocrx_word' id='word_1_306' title='bbox 1915 4104 1970 4152; x_wconf 87' lang='lat' dir='ltr'><strong>et</strong></span> 
     </span>
    </p>
   </div>
   <div class='ocr_carea' id='block_1_43' title="bbox 398 4184 1970 4257">
    <p class='ocr_par' dir='ltr' id='par_1_43' title="bbox 398 4184 1970 4257">
     <span class='ocr_line' id='line_1_43' title="bbox 398 4184 1970 4257; baseline 0.004 -21"><span class='ocrx_word' id='word_1_307' title='bbox 398 4193 612 4237; x_wconf 87' lang='lat' dir='ltr'><strong>mortuo</strong></span> <span class='ocrx_word' id='word_1_308' title='bbox 636 4184 800 4236; x_wconf 88' lang='lat' dir='ltr'><strong>etiam</strong></span> <span class='ocrx_word' id='word_1_309' title='bbox 835 4197 978 4237; x_wconf 90' lang='lat' dir='ltr'><strong>nunc</strong></span> <span class='ocrx_word' id='word_1_310' title='bbox 1007 4185 1163 4237; x_wconf 87' lang='lat' dir='ltr'><strong>vilem</strong></span> <span class='ocrx_word' id='word_1_311' title='bbox 1195 4184 1428 4252; x_wconf 89' lang='lat' dir='ltr'><strong>habetis,</strong></span> <span class='ocrx_word' id='word_1_312' title='bbox 1455 4185 1581 4241; x_wconf 91' lang='lat' dir='ltr'><strong>dum</strong></span> <span class='ocrx_word' id='word_1_313' title='bbox 1611 4187 1813 4257; x_wconf 88' lang='lat' dir='ltr'><strong>putatis</strong></span> <span class='ocrx_word' id='word_1_314' title='bbox 1845 4203 1970 4244; x_wconf 88' lang='lat' dir='ltr'><strong>eum</strong></span> 
     </span>
    </p>
   </div>
   <div class='ocr_carea' id='block_1_44' title="bbox 399 4272 1349 4331">
    <p class='ocr_par' dir='ltr' id='par_1_44' title="bbox 399 4272 1349 4331">
     <span class='ocr_line' id='line_1_44' title="bbox 399 4272 1349 4331; baseline 0.003 -3"><span class='ocrx_word' id='word_1_315' title='bbox 399 4275 552 4330; x_wconf 87' lang='lat' dir='ltr'><strong>vobis</strong></span> <span class='ocrx_word' id='word_1_316' title='bbox 581 4290 687 4328; x_wconf 91' lang='lat' dir='ltr'><strong>non</strong></span> <span class='ocrx_word' id='word_1_317' title='bbox 719 4272 966 4329; x_wconf 78' lang='lat' dir='ltr'><strong>sufﬁcere</strong></span> <span class='ocrx_word' id='word_1_318' title='bbox 998 4274 1067 4328; x_wconf 88' lang='lat' dir='ltr'><strong>ad</strong></span> <span class='ocrx_word' id='word_1_319' title='bbox 1098 4278 1349 4331; x_wconf 80' lang='lat' dir='ltr'><strong>salutem.</strong></span> 
     </span>
    </p>
   </div>
   <div class='ocr_carea' id='block_1_45' title="bbox 476 4362 1970 4430">
    <p class='ocr_par' dir='ltr' id='par_1_45' title="bbox 476 4362 1970 4430">
     <span class='ocr_line' id='line_1_45' title="bbox 476 4362 1970 4430; baseline 0.006 -13"><span class='ocrx_word' id='word_1_320' title='bbox 476 4382 497 4417; x_wconf 74' lang='grc' dir='ltr'>ι</span> <span class='ocrx_word' id='word_1_321' title='bbox 533 4364 648 4419; x_wconf 86' lang='lat' dir='ltr'><strong>lloc</strong></span> <span class='ocrx_word' id='word_1_322' title='bbox 686 4362 862 4417; x_wconf 85' lang='lat' dir='ltr'><strong>solum</strong></span> <span class='ocrx_word' id='word_1_323' title='bbox 906 4378 936 4417; x_wconf 91' lang='lat' dir='ltr'><strong>a</strong></span> <span class='ocrx_word' id='word_1_324' title='bbox 967 4365 1131 4430; x_wconf 82' lang='lat' dir='ltr'><strong>vobis</strong></span> <span class='ocrx_word' id='word_1_325' title='bbox 1171 4367 1289 4422; x_wconf 86' lang='lat' dir='ltr'><strong>volo</strong></span> <span class='ocrx_word' id='word_1_326' title='bbox 1332 4366 1563 4425; x_wconf 83' lang='lat' dir='ltr'><strong>discere.</strong></span> <span class='ocrx_word' id='word_1_327' title='bbox 1595 4387 1614 4423; x_wconf 76' lang='grc' dir='ltr'><strong><em>ι</em></strong></span> <span class='ocrx_word' id='word_1_328' title='bbox 1659 4367 1773 4426; x_wconf 81' lang='lat' dir='ltr'><strong>Hoc</strong></span> <span class='ocrx_word' id='word_1_329' title='bbox 1803 4385 1970 4426; x_wconf 91' lang='lat' dir='ltr'><strong>unum</strong></span> 
     </span>
    </p>
   </div>
   <div class='ocr_carea' id='block_1_46' title="bbox 398 4458 830 4527">
    <p class='ocr_par' dir='ltr' id='par_1_46' title="bbox 398 4458 830 4527">
     <span class='ocr_line' id='line_1_46' title="bbox 398 4458 830 4527; baseline 0.002 -17"><span class='ocrx_word' id='word_1_330' title='bbox 398 4470 496 4512; x_wconf 88' lang='lat' dir='ltr'><strong>vos</strong></span> <span class='ocrx_word' id='word_1_331' title='bbox 530 4458 830 4527; x_wconf 80' lang='lat' dir='ltr'><strong>interrogo.</strong></span> 
     </span>
    </p>
   </div>
   <div class='ocr_carea' id='block_1_47' title="bbox 2072 592 3413 666">
    <p class='ocr_par' dir='ltr' id='par_1_47' title="bbox 2072 592 3413 666">
     <span class='ocr_line' id='line_1_47' title="bbox 2072 592 3413 666; baseline -0.001 -16"><span class='ocrx_word' id='word_1_332' title='bbox 2072 596 2396 661; x_wconf 86' lang='lat' dir='ltr'><strong>retribuere,</strong></span> <span class='ocrx_word' id='word_1_333' title='bbox 2425 595 2518 666; x_wconf 87' lang='lat' dir='ltr'><strong>qui</strong></span> <span class='ocrx_word' id='word_1_334' title='bbox 2549 609 2651 651; x_wconf 91' lang='lat' dir='ltr'><strong>nos</strong></span> <span class='ocrx_word' id='word_1_335' title='bbox 2682 593 2948 650; x_wconf 87' lang='lat' dir='ltr'><strong>tribulant</strong></span> <span class='ocrx_word' id='word_1_336' title='bbox 2980 592 3413 650; x_wconf 81' lang='lat' dir='ltr'><strong>tribulationem.</strong></span> 
     </span>
    </p>
   </div>
   <div class='ocr_carea' id='block_1_48' title="bbox 2146 682 3653 756">
    <p class='ocr_par' dir='ltr' id='par_1_48' title="bbox 2146 682 3653 756">
     <span class='ocr_line' id='line_1_48' title="bbox 2146 682 3653 756; baseline 0.002 -18"><span class='ocrx_word' id='word_1_337' title='bbox 2146 702 2168 738; x_wconf 74' lang='grc' dir='ltr'>ι</span> <span class='ocrx_word' id='word_1_338' title='bbox 2210 684 2312 751; x_wconf 86' lang='lat' dir='ltr'><strong>Qui</strong></span> <span class='ocrx_word' id='word_1_339' title='bbox 2354 698 2486 754; x_wconf 88' lang='lat' dir='ltr'><strong>ergo</strong></span> <span class='ocrx_word' id='word_1_340' title='bbox 2532 683 2726 740; x_wconf 88' lang='lat' dir='ltr'><strong>tribuit</strong></span> <span class='ocrx_word' id='word_1_341' title='bbox 2766 682 2924 740; x_wconf 90' lang='lat' dir='ltr'><strong>vobis</strong></span> <span class='ocrx_word' id='word_1_342' title='bbox 2968 683 3246 755; x_wconf 89' lang='lat' dir='ltr'><strong>spiritum,</strong></span> <span class='ocrx_word' id='word_1_343' title='bbox 3286 692 3345 741; x_wconf 88' lang='lat' dir='ltr'><strong>et</strong></span> <span class='ocrx_word' id='word_1_344' title='bbox 3387 693 3653 756; x_wconf 83' lang='lat' dir='ltr'><strong>operatur</strong></span> 
     </span>
    </p>
   </div>
   <div class='ocr_carea' id='block_1_49' title="bbox 2070 773 3654 846">
    <p class='ocr_par' dir='ltr' id='par_1_49' title="bbox 2070 773 3654 846">
     <span class='ocr_line' id='line_1_49' title="bbox 2070 773 3654 846; baseline -0.001 -15"><span class='ocrx_word' id='word_1_345' title='bbox 2070 777 2302 832; x_wconf 84' lang='lat' dir='ltr'><strong>virtutes</strong></span> <span class='ocrx_word' id='word_1_346' title='bbox 2333 775 2389 831; x_wconf 85' lang='lat' dir='ltr'><strong>in</strong></span> <span class='ocrx_word' id='word_1_347' title='bbox 2420 774 2576 832; x_wconf 85' lang='lat' dir='ltr'><strong>vobis</strong></span> <span class='ocrx_word' id='word_1_348' title='bbox 2606 790 2621 829; x_wconf 92' lang='lat'><strong>:</strong></span> <span class='ocrx_word' id='word_1_349' title='bbox 2656 789 2724 830; x_wconf 88' lang='lat' dir='ltr'><strong>ex</strong></span> <span class='ocrx_word' id='word_1_350' title='bbox 2762 774 3025 846; x_wconf 83' lang='lat' dir='ltr'><strong>operibus</strong></span> <span class='ocrx_word' id='word_1_351' title='bbox 3062 773 3222 846; x_wconf 87' lang='lat' dir='ltr'><strong>legis,</strong></span> <span class='ocrx_word' id='word_1_352' title='bbox 3254 788 3325 830; x_wconf 86' lang='lat' dir='ltr'><strong>an</strong></span> <span class='ocrx_word' id='word_1_353' title='bbox 3356 788 3428 832; x_wconf 88' lang='lat' dir='ltr'><strong>ex</strong></span> <span class='ocrx_word' id='word_1_354' title='bbox 3458 776 3654 831; x_wconf 86' lang='lat' dir='ltr'><strong>auditu</strong></span> 
     </span>
    </p>
   </div>
   <div class='ocr_carea' id='block_1_50' title="bbox 2071 862 3658 936">
    <p class='ocr_par' dir='ltr' id='par_1_50' title="bbox 2071 862 3658 936">
     <span class='ocr_line' id='line_1_50' title="bbox 2071 862 3658 936; baseline -0.001 -12"><span class='ocrx_word' id='word_1_355' title='bbox 2071 868 2222 934; x_wconf 86' lang='lat' dir='ltr'><strong>ﬁdei,</strong></span> <span class='ocrx_word' id='word_1_356' title='bbox 2252 867 2394 922; x_wconf 89' lang='lat' dir='ltr'><strong>sicut</strong></span> <span class='ocrx_word' id='word_1_357' title='bbox 2434 867 2698 936; x_wconf 88' lang='lat' dir='ltr'><strong>scriptum</strong></span> <span class='ocrx_word' id='word_1_358' title='bbox 2731 873 2839 921; x_wconf 90' lang='lat' dir='ltr'><strong>est.</strong></span> <span class='ocrx_word' id='word_1_359' title='bbox 2873 882 2894 918; x_wconf 88' lang='lat' dir='ltr'><strong>s</strong></span> <span class='ocrx_word' id='word_1_360' title='bbox 2929 862 3196 936; x_wconf 82' lang='lat' dir='ltr'><strong>Spiritum</strong></span> <span class='ocrx_word' id='word_1_361' title='bbox 3250 874 3500 922; x_wconf 87' lang='lat' dir='ltr'><strong>sanctum</strong></span> <span class='ocrx_word' id='word_1_362' title='bbox 3538 866 3658 923; x_wconf 83' lang='lat' dir='ltr'><strong>sola</strong></span> 
     </span>
    </p>
   </div>
   <div class='ocr_carea' id='block_1_51' title="bbox 2072 957 3659 1032">
    <p class='ocr_par' dir='ltr' id='par_1_51' title="bbox 2072 957 3659 1032">
     <span class='ocr_line' id='line_1_51' title="bbox 2072 957 3659 1032; baseline -0.001 -16"><span class='ocrx_word' id='word_1_363' title='bbox 2072 960 2179 1016; x_wconf 85' lang='lat' dir='ltr'><strong>ﬁde</strong></span> <span class='ocrx_word' id='word_1_364' title='bbox 2228 960 2538 1032; x_wconf 85' lang='lat' dir='ltr'><strong>accepistis,</strong></span> <span class='ocrx_word' id='word_1_365' title='bbox 2577 961 2671 1032; x_wconf 91' lang='lat' dir='ltr'><strong>qui</strong></span> <span class='ocrx_word' id='word_1_366' title='bbox 2731 974 2837 1015; x_wconf 88' lang='lat' dir='ltr'><strong>non</strong></span> <span class='ocrx_word' id='word_1_367' title='bbox 2891 958 3000 1015; x_wconf 90' lang='lat' dir='ltr'><strong>nisi</strong></span> <span class='ocrx_word' id='word_1_368' title='bbox 3047 973 3077 1011; x_wconf 88' lang='lat' dir='ltr'><strong>a</strong></span> <span class='ocrx_word' id='word_1_369' title='bbox 3116 957 3287 1027; x_wconf 82' lang='lat' dir='ltr'><strong>justis</strong></span> <span class='ocrx_word' id='word_1_370' title='bbox 3336 958 3605 1029; x_wconf 81' lang='lat' dir='ltr'><strong>accipitur</strong></span> <span class='ocrx_word' id='word_1_371' title='bbox 3639 975 3659 1014; x_wconf 93' lang='lat'><strong>:</strong></span> 
     </span>
    </p>
   </div>
   <div class='ocr_carea' id='block_1_52' title="bbox 2068 1037 3664 1121">
    <p class='ocr_par' dir='ltr' id='par_1_52' title="bbox 2068 1037 3664 1121">
     <span class='ocr_line' id='line_1_52' title="bbox 2068 1037 3664 1121; baseline 0.001 -15"><span class='ocrx_word' id='word_1_372' title='bbox 2068 1049 2246 1121; x_wconf 87' lang='lat' dir='ltr'><strong>justos</strong></span> <span class='ocrx_word' id='word_1_373' title='bbox 2320 1061 2501 1108; x_wconf 90' lang='lat' dir='ltr'><strong>autem</strong></span> <span class='ocrx_word' id='word_1_374' title='bbox 2589 1051 2711 1109; x_wconf 89' lang='lat' dir='ltr'><strong>sine</strong></span> <span class='ocrx_word' id='word_1_375' title='bbox 2748 1037 2755 1043; x_wconf 77' lang='grc'><strong>’</strong></span> <span class='ocrx_word' id='word_1_376' title='bbox 2794 1049 2932 1120; x_wconf 86' lang='lat' dir='ltr'><strong>legis</strong></span> <span class='ocrx_word' id='word_1_377' title='bbox 3021 1049 3284 1106; x_wconf 87' lang='lat' dir='ltr'><strong>oneribus</strong></span> <span class='ocrx_word' id='word_1_378' title='bbox 3362 1064 3486 1107; x_wconf 85' lang='lat' dir='ltr'><strong>esse</strong></span> <span class='ocrx_word' id='word_1_379' title='bbox 3561 1066 3664 1108; x_wconf 80' lang='lat' dir='ltr'><strong>vos</strong></span> 
     </span>
    </p>
   </div>
   <div class='ocr_carea' id='block_1_53' title="bbox 2072 1152 2315 1200">
    <p class='ocr_par' dir='ltr' id='par_1_53' title="bbox 2072 1152 2315 1200">
     <span class='ocr_line' id='line_1_53' title="bbox 2072 1152 2315 1200; baseline 0.004 -1"><span class='ocrx_word' id='word_1_380' title='bbox 2072 1152 2315 1200; x_wconf 86' lang='lat' dir='ltr'><strong>constat.</strong></span> 
     </span>
    </p>
   </div>
   <div class='ocr_carea' id='block_1_54' title="bbox 2153 1231 3659 1303">
    <p class='ocr_par' dir='ltr' id='par_1_54' title="bbox 2153 1231 3659 1303">
     <span class='ocr_line' id='line_1_54' title="bbox 2153 1231 3659 1303; baseline 0.003 -17"><span class='ocrx_word' id='word_1_381' title='bbox 2153 1253 2173 1286; x_wconf 71' lang='grc' dir='ltr'><strong>α</strong></span> <span class='ocrx_word' id='word_1_382' title='bbox 2215 1236 2490 1291; x_wconf 79' lang='lat' dir='ltr'><strong>Abraham</strong></span> <span class='ocrx_word' id='word_1_383' title='bbox 2521 1233 2755 1291; x_wconf 86' lang='lat' dir='ltr'><strong>credidit</strong></span> <span class='ocrx_word' id='word_1_384' title='bbox 2784 1231 2915 1298; x_wconf 91' lang='lat' dir='ltr'><strong>Deo,</strong></span> <span class='ocrx_word' id='word_1_385' title='bbox 2945 1240 3000 1289; x_wconf 89' lang='lat' dir='ltr'><strong>et</strong></span> <span class='ocrx_word' id='word_1_386' title='bbox 3031 1241 3340 1303; x_wconf 86' lang='lat' dir='ltr'><strong>reputatum</strong></span> <span class='ocrx_word' id='word_1_387' title='bbox 3365 1241 3452 1289; x_wconf 86' lang='lat' dir='ltr'><strong>est</strong></span> <span class='ocrx_word' id='word_1_388' title='bbox 3480 1233 3559 1289; x_wconf 88' lang='lat' dir='ltr'><strong>illi</strong></span> <span class='ocrx_word' id='word_1_389' title='bbox 3589 1235 3659 1290; x_wconf 82' lang='lat' dir='ltr'><strong>ad</strong></span> 
     </span>
    </p>
   </div>
   <div class='ocr_carea' id='block_1_55' title="bbox 2070 1324 3662 1397">
    <p class='ocr_par' dir='ltr' id='par_1_55' title="bbox 2070 1324 3662 1397">
     <span class='ocr_line' id='line_1_55' title="bbox 2070 1324 3662 1397; baseline 0.001 -17"><span class='ocrx_word' id='word_1_390' title='bbox 2070 1325 2365 1397; x_wconf 85' lang='lat' dir='ltr'><strong>justitiam.</strong></span> <span class='ocrx_word' id='word_1_391' title='bbox 2395 1346 2414 1379; x_wconf 73' lang='grc' dir='ltr'><strong>ο</strong></span> <span class='ocrx_word' id='word_1_392' title='bbox 2454 1325 2531 1382; x_wconf 87' lang='lat' dir='ltr'><strong>ita</strong></span> <span class='ocrx_word' id='word_1_393' title='bbox 2574 1336 2627 1382; x_wconf 88' lang='lat' dir='ltr'><strong>et</strong></span> <span class='ocrx_word' id='word_1_394' title='bbox 2680 1326 2834 1381; x_wconf 84' lang='lat' dir='ltr'><strong>vobis</strong></span> <span class='ocrx_word' id='word_1_395' title='bbox 2882 1324 2950 1380; x_wconf 89' lang='lat' dir='ltr'><strong>ad</strong></span> <span class='ocrx_word' id='word_1_396' title='bbox 2992 1324 3261 1395; x_wconf 90' lang='lat' dir='ltr'><strong>justitiam</strong></span> <span class='ocrx_word' id='word_1_397' title='bbox 3304 1325 3421 1382; x_wconf 88' lang='lat' dir='ltr'><strong>sola</strong></span> <span class='ocrx_word' id='word_1_398' title='bbox 3459 1328 3662 1383; x_wconf 83' lang='lat' dir='ltr'><strong>suﬁicit</strong></span> 
     </span>
    </p>
   </div>
   <div class='ocr_carea' id='block_1_56' title="bbox 2076 1419 2234 1473">
    <p class='ocr_par' dir='ltr' id='par_1_56' title="bbox 2076 1419 2234 1473">
     <span class='ocr_line' id='line_1_56' title="bbox 2076 1419 2234 1473; baseline 0.006 -2"><span class='ocrx_word' id='word_1_399' title='bbox 2076 1419 2234 1473; x_wconf 85' lang='lat' dir='ltr'><strong>iides.</strong></span> 
     </span>
    </p>
   </div>
   <div class='ocr_carea' id='block_1_57' title="bbox 2152 1508 3660 1589">
    <p class='ocr_par' dir='ltr' id='par_1_57' title="bbox 2152 1508 3660 1589">
     <span class='ocr_line' id='line_1_57' title="bbox 2152 1508 3660 1589; baseline 0.002 -26"><span class='ocrx_word' id='word_1_400' title='bbox 2152 1529 2172 1562; x_wconf 80' lang='grc' dir='ltr'>ι</span> <span class='ocrx_word' id='word_1_401' title='bbox 2209 1508 2533 1581; x_wconf 87' lang='lat' dir='ltr'><strong>Cognoscite</strong></span> <span class='ocrx_word' id='word_1_402' title='bbox 2565 1525 2718 1579; x_wconf 82' lang='lat' dir='ltr'><strong>ergo,</strong></span> <span class='ocrx_word' id='word_1_403' title='bbox 2749 1510 2877 1581; x_wconf 86' lang='lat' dir='ltr'><strong>quia</strong></span> <span class='ocrx_word' id='word_1_404' title='bbox 2905 1509 3000 1589; x_wconf 81' lang='lat' dir='ltr'><strong>qui</strong></span> <span class='ocrx_word' id='word_1_405' title='bbox 3032 1523 3100 1565; x_wconf 86' lang='lat' dir='ltr'><strong>ex</strong></span> <span class='ocrx_word' id='word_1_406' title='bbox 3125 1509 3232 1565; x_wconf 89' lang='lat' dir='ltr'><strong>ﬁde</strong></span> <span class='ocrx_word' id='word_1_407' title='bbox 3258 1519 3410 1579; x_wconf 88' lang='lat' dir='ltr'><strong>sunt,</strong></span> <span class='ocrx_word' id='word_1_408' title='bbox 3440 1510 3495 1566; x_wconf 91' lang='lat' dir='ltr'><strong>bi</strong></span> <span class='ocrx_word' id='word_1_409' title='bbox 3526 1518 3660 1567; x_wconf 88' lang='lat' dir='ltr'><strong>sunt</strong></span> 
     </span>
    </p>
   </div>
   <div class='ocr_carea' id='block_1_58' title="bbox 2077 1600 3661 1669">
    <p class='ocr_par' dir='ltr' id='par_1_58' title="bbox 2077 1600 3661 1669">
     <span class='ocr_line' id='line_1_58' title="bbox 2077 1600 3661 1669; baseline 0.003 -14"><span class='ocrx_word' id='word_1_410' title='bbox 2077 1600 2174 1656; x_wconf 90' lang='lat' dir='ltr'><strong>ﬁlii</strong></span> <span class='ocrx_word' id='word_1_411' title='bbox 2208 1601 2465 1657; x_wconf 70' lang='lat' dir='ltr'><strong>Abrahae.</strong></span> <span class='ocrx_word' id='word_1_412' title='bbox 2500 1621 2519 1655; x_wconf 76' lang='grc' dir='ltr'><strong><em>ι</em></strong></span> <span class='ocrx_word' id='word_1_413' title='bbox 2560 1600 2690 1659; x_wconf 88' lang='lat' dir='ltr'><strong>Sive</strong></span> <span class='ocrx_word' id='word_1_414' title='bbox 2717 1601 2917 1668; x_wconf 75' lang='lat' dir='ltr'><strong>Judaei,</strong></span> <span class='ocrx_word' id='word_1_415' title='bbox 2945 1601 3062 1658; x_wconf 80' lang='lat' dir='ltr'><strong>sive</strong></span> <span class='ocrx_word' id='word_1_416' title='bbox 3092 1600 3291 1669; x_wconf 73' lang='lat' dir='ltr'><strong>Graeci,</strong></span> <span class='ocrx_word' id='word_1_417' title='bbox 3326 1615 3434 1658; x_wconf 86' lang='lat' dir='ltr'><strong>non</strong></span> <span class='ocrx_word' id='word_1_418' title='bbox 3463 1618 3661 1659; x_wconf 78' lang='lat' dir='ltr'><strong>carna—</strong></span> 
     </span>
    </p>
   </div>
   <div class='ocr_carea' id='block_1_59' title="bbox 2072 1692 2567 1750">
    <p class='ocr_par' dir='ltr' id='par_1_59' title="bbox 2072 1692 2567 1750">
     <span class='ocr_line' id='line_1_59' title="bbox 2072 1692 2567 1750; baseline 0 -2"><span class='ocrx_word' id='word_1_419' title='bbox 2072 1692 2199 1749; x_wconf 89' lang='lat' dir='ltr'><strong>liter</strong></span> <span class='ocrx_word' id='word_1_420' title='bbox 2231 1694 2567 1750; x_wconf 84' lang='lat' dir='ltr'><strong>circumcisi.</strong></span> 
     </span>
    </p>
   </div>
   <div class='ocr_carea' id='block_1_60' title="bbox 2153 1784 3662 1857">
    <p class='ocr_par' dir='ltr' id='par_1_60' title="bbox 2153 1784 3662 1857">
     <span class='ocr_line' id='line_1_60' title="bbox 2153 1784 3662 1857; baseline 0.003 -19"><span class='ocrx_word' id='word_1_421' title='bbox 2153 1807 2171 1838; x_wconf 73' lang='grc' dir='ltr'>ι</span> <span class='ocrx_word' id='word_1_422' title='bbox 2211 1784 2513 1842; x_wconf 89' lang='lat' dir='ltr'><strong>Providens</strong></span> <span class='ocrx_word' id='word_1_423' title='bbox 2545 1795 2724 1842; x_wconf 88' lang='lat' dir='ltr'><strong>autem</strong></span> <span class='ocrx_word' id='word_1_424' title='bbox 2758 1785 3066 1856; x_wconf 86' lang='lat' dir='ltr'><strong>Scriptura,</strong></span> <span class='ocrx_word' id='word_1_425' title='bbox 3097 1785 3226 1857; x_wconf 90' lang='lat' dir='ltr'><strong>quia</strong></span> <span class='ocrx_word' id='word_1_426' title='bbox 3255 1800 3322 1847; x_wconf 89' lang='lat' dir='ltr'><strong>ex</strong></span> <span class='ocrx_word' id='word_1_427' title='bbox 3356 1785 3462 1843; x_wconf 87' lang='lat' dir='ltr'><strong>ﬁde</strong></span> <span class='ocrx_word' id='word_1_428' title='bbox 3488 1786 3662 1856; x_wconf 84' lang='lat' dir='ltr'><strong>justi—</strong></span> 
     </span>
    </p>
   </div>
   <div class='ocr_carea' id='block_1_61' title="bbox 2002 1876 3665 1951">
    <p class='ocr_par' dir='ltr' id='par_1_61' title="bbox 2002 1876 3665 1951">
     <span class='ocr_line' id='line_1_61' title="bbox 2002 1876 3665 1951; baseline 0.001 -19"><span class='ocrx_word' id='word_1_429' title='bbox 2002 1883 2047 1939; x_wconf 83' lang='lat' dir='ltr'><strong>B</strong></span> <span class='ocrx_word' id='word_1_430' title='bbox 2078 1876 2207 1951; x_wconf 85' lang='lat' dir='ltr'><strong>ﬁcat</strong></span> <span class='ocrx_word' id='word_1_431' title='bbox 2229 1886 2417 1949; x_wconf 89' lang='lat' dir='ltr'><strong>gentes</strong></span> <span class='ocrx_word' id='word_1_432' title='bbox 2443 1879 2608 1943; x_wconf 87' lang='lat' dir='ltr'><strong>Deus,</strong></span> <span class='ocrx_word' id='word_1_433' title='bbox 2634 1879 3024 1949; x_wconf 64' lang='lat' dir='ltr'><strong>praenuntiavit</strong></span> <span class='ocrx_word' id='word_1_434' title='bbox 3050 1878 3280 1933; x_wconf 68' lang='lat' dir='ltr'><strong>Abralm</strong></span> <span class='ocrx_word' id='word_1_435' title='bbox 3304 1897 3319 1933; x_wconf 88' lang='lat'><strong>:</strong></span> <span class='ocrx_word' id='word_1_436' title='bbox 3348 1880 3474 1949; x_wconf 85' lang='lat' dir='ltr'><strong>quia</strong></span> <span class='ocrx_word' id='word_1_437' title='bbox 3500 1879 3665 1934; x_wconf 84' lang='lat' dir='ltr'><strong>bene-</strong></span> 
     </span>
    </p>
   </div>
   <div class='ocr_carea' id='block_1_62' title="bbox 2077 1968 3657 2042">
    <p class='ocr_par' dir='ltr' id='par_1_62' title="bbox 2077 1968 3657 2042">
     <span class='ocr_line' id='line_1_62' title="bbox 2077 1968 3657 2042; baseline 0.002 -19"><span class='ocrx_word' id='word_1_438' title='bbox 2077 1968 2328 2024; x_wconf 89' lang='lat' dir='ltr'><strong>dicentur</strong></span> <span class='ocrx_word' id='word_1_439' title='bbox 2363 1969 2419 2025; x_wconf 92' lang='lat' dir='ltr'><strong>in</strong></span> <span class='ocrx_word' id='word_1_440' title='bbox 2453 1980 2510 2026; x_wconf 91' lang='lat' dir='ltr'><strong>te</strong></span> <span class='ocrx_word' id='word_1_441' title='bbox 2543 1984 2733 2026; x_wconf 90' lang='lat' dir='ltr'><strong>omnes</strong></span> <span class='ocrx_word' id='word_1_442' title='bbox 2776 1980 2985 2042; x_wconf 84' lang='lat' dir='ltr'><strong>gentes.</strong></span> <span class='ocrx_word' id='word_1_443' title='bbox 3021 1988 3042 2023; x_wconf 84' lang='lat' dir='ltr'><strong>s</strong></span> <span class='ocrx_word' id='word_1_444' title='bbox 3081 1970 3200 2024; x_wconf 82' lang='lat' dir='ltr'><strong>Non</strong></span> <span class='ocrx_word' id='word_1_445' title='bbox 3249 1985 3355 2025; x_wconf 91' lang='lat' dir='ltr'><strong>una</strong></span> <span class='ocrx_word' id='word_1_446' title='bbox 3390 1985 3523 2041; x_wconf 87' lang='lat' dir='ltr'><strong>gens</strong></span> <span class='ocrx_word' id='word_1_447' title='bbox 3554 1969 3657 2025; x_wconf 81' lang='lat' dir='ltr'><strong>Ju-</strong></span> 
     </span>
    </p>
   </div>
   <div class='ocr_carea' id='block_1_63' title="bbox 2075 2060 3477 2134">
    <p class='ocr_par' dir='ltr' id='par_1_63' title="bbox 2075 2060 3477 2134">
     <span class='ocr_line' id='line_1_63' title="bbox 2075 2060 3477 2134; baseline 0 -17"><span class='ocrx_word' id='word_1_448' title='bbox 2075 2060 2254 2126; x_wconf 87' lang='lat' dir='ltr'><strong>daica,</strong></span> <span class='ocrx_word' id='word_1_449' title='bbox 2286 2062 2380 2118; x_wconf 90' lang='lat' dir='ltr'><strong>sed</strong></span> <span class='ocrx_word' id='word_1_450' title='bbox 2410 2078 2601 2118; x_wconf 89' lang='lat' dir='ltr'><strong>omnes</strong></span> <span class='ocrx_word' id='word_1_451' title='bbox 2631 2078 2751 2132; x_wconf 69' lang='lat' dir='ltr'><strong>quae</strong></span> <span class='ocrx_word' id='word_1_452' title='bbox 2779 2079 2846 2118; x_wconf 87' lang='lat' dir='ltr'><strong>ex</strong></span> <span class='ocrx_word' id='word_1_453' title='bbox 2880 2062 3139 2133; x_wconf 64' lang='lat' dir='ltr'><strong>oneribus</strong></span> <span class='ocrx_word' id='word_1_454' title='bbox 3170 2062 3304 2134; x_wconf 81' lang='lat' dir='ltr'><strong>legis</strong></span> <span class='ocrx_word' id='word_1_455' title='bbox 3333 2072 3477 2118; x_wconf 90' lang='lat' dir='ltr'><strong>sunt.</strong></span> 
     </span>
    </p>
   </div>
   <div class='ocr_carea' id='block_1_64' title="bbox 2156 2154 3655 2226">
    <p class='ocr_par' dir='ltr' id='par_1_64' title="bbox 2156 2154 3655 2226">
     <span class='ocr_line' id='line_1_64' title="bbox 2156 2154 3655 2226; baseline 0.003 -20"><span class='ocrx_word' id='word_1_456' title='bbox 2156 2174 2175 2206; x_wconf 70' lang='grc' dir='ltr'>ι</span> <span class='ocrx_word' id='word_1_457' title='bbox 2215 2155 2387 2226; x_wconf 89' lang='lat' dir='ltr'><strong>Igitur</strong></span> <span class='ocrx_word' id='word_1_458' title='bbox 2412 2155 2503 2226; x_wconf 92' lang='lat' dir='ltr'><strong>qui</strong></span> <span class='ocrx_word' id='word_1_459' title='bbox 2531 2168 2598 2210; x_wconf 89' lang='lat' dir='ltr'><strong>ex</strong></span> <span class='ocrx_word' id='word_1_460' title='bbox 2624 2156 2727 2211; x_wconf 90' lang='lat' dir='ltr'><strong>ﬁde</strong></span> <span class='ocrx_word' id='word_1_461' title='bbox 2754 2165 2899 2222; x_wconf 90' lang='lat' dir='ltr'><strong>sunt,</strong></span> <span class='ocrx_word' id='word_1_462' title='bbox 2929 2156 3319 2211; x_wconf 87' lang='lat' dir='ltr'><strong>benedicentur</strong></span> <span class='ocrx_word' id='word_1_463' title='bbox 3348 2170 3473 2209; x_wconf 91' lang='lat' dir='ltr'><strong>cum</strong></span> <span class='ocrx_word' id='word_1_464' title='bbox 3504 2154 3655 2211; x_wconf 87' lang='lat' dir='ltr'><strong>ﬁdeli</strong></span> 
     </span>
    </p>
   </div>
   <div class='ocr_carea' id='block_1_65' title="bbox 2075 2232 3657 2317">
    <p class='ocr_par' dir='ltr' id='par_1_65' title="bbox 2075 2232 3657 2317">
     <span class='ocr_line' id='line_1_65' title="bbox 2075 2232 3657 2317; baseline 0 -14"><span class='ocrx_word' id='word_1_465' title='bbox 2075 2232 2373 2304; x_wconf 77' lang='lat' dir='ltr'><strong>Abraham.</strong></span> <span class='ocrx_word' id='word_1_466' title='bbox 2405 2266 2424 2300; x_wconf 74' lang='grc' dir='ltr'><strong><em>ι</em></strong></span> <span class='ocrx_word' id='word_1_467' title='bbox 2458 2246 2576 2302; x_wconf 82' lang='lat' dir='ltr'><strong>Non</strong></span> <span class='ocrx_word' id='word_1_468' title='bbox 2616 2248 2762 2303; x_wconf 91' lang='lat' dir='ltr'><strong>enim</strong></span> <span class='ocrx_word' id='word_1_469' title='bbox 2807 2246 3151 2301; x_wconf 75' lang='lat' dir='ltr'><strong>circumcisa:</strong></span> <span class='ocrx_word' id='word_1_470' title='bbox 3187 2256 3317 2301; x_wconf 91' lang='lat' dir='ltr'><strong>sunt</strong></span> <span class='ocrx_word' id='word_1_471' title='bbox 3347 2255 3557 2317; x_wconf 88' lang='lat' dir='ltr'><strong>gentes,</strong></span> <span class='ocrx_word' id='word_1_472' title='bbox 3592 2258 3657 2303; x_wconf 88' lang='lat' dir='ltr'><strong>ut</strong></span> 
     </span>
    </p>
   </div>
   <div class='ocr_carea' id='block_1_66' title="bbox 2074 2334 2977 2411">
    <p class='ocr_par' dir='ltr' id='par_1_66' title="bbox 2074 2334 2977 2411">
     <span class='ocr_line' id='line_1_66' title="bbox 2074 2334 2977 2411; baseline -0.006 -15"><span class='ocrx_word' id='word_1_473' title='bbox 2074 2340 2288 2411; x_wconf 85' lang='lat' dir='ltr'><strong>possint</strong></span> <span class='ocrx_word' id='word_1_474' title='bbox 2317 2354 2380 2393; x_wconf 91' lang='lat' dir='ltr'><strong>ex</strong></span> <span class='ocrx_word' id='word_1_475' title='bbox 2416 2339 2670 2408; x_wconf 88' lang='lat' dir='ltr'><strong>operibus</strong></span> <span class='ocrx_word' id='word_1_476' title='bbox 2708 2334 2977 2394; x_wconf 83' lang='lat' dir='ltr'><strong>benedici.</strong></span> 
     </span>
    </p>
   </div>
   <div class='ocr_carea' id='block_1_67' title="bbox 2152 2428 3651 2502">
    <p class='ocr_par' dir='ltr' id='par_1_67' title="bbox 2152 2428 3651 2502">
     <span class='ocr_line' id='line_1_67' title="bbox 2152 2428 3651 2502; baseline 0.001 -18"><span class='ocrx_word' id='word_1_477' title='bbox 2152 2450 2173 2484; x_wconf 75' lang='grc' dir='ltr'>ι</span> <span class='ocrx_word' id='word_1_478' title='bbox 2214 2432 2538 2501; x_wconf 85' lang='lat' dir='ltr'><strong>Quicunque</strong></span> <span class='ocrx_word' id='word_1_479' title='bbox 2577 2431 2721 2485; x_wconf 89' lang='lat' dir='ltr'><strong>enim</strong></span> <span class='ocrx_word' id='word_1_480' title='bbox 2773 2445 2841 2485; x_wconf 88' lang='lat' dir='ltr'><strong>ex</strong></span> <span class='ocrx_word' id='word_1_481' title='bbox 2890 2428 3148 2501; x_wconf 79' lang='lat' dir='ltr'><strong>operibus</strong></span> <span class='ocrx_word' id='word_1_482' title='bbox 3192 2429 3328 2502; x_wconf 83' lang='lat' dir='ltr'><strong>legis</strong></span> <span class='ocrx_word' id='word_1_483' title='bbox 3370 2439 3518 2496; x_wconf 82' lang='lat' dir='ltr'><strong>sunt,</strong></span> <span class='ocrx_word' id='word_1_484' title='bbox 3547 2432 3651 2486; x_wconf 85' lang='lat' dir='ltr'><strong>sub</strong></span> 
     </span>
    </p>
   </div>
   <div class='ocr_carea' id='block_1_68' title="bbox 2075 2507 3655 2591">
    <p class='ocr_par' dir='ltr' id='par_1_68' title="bbox 2075 2507 3655 2591">
     <span class='ocr_line' id='line_1_68' title="bbox 2075 2507 3655 2591; baseline -0.003 -11"><span class='ocrx_word' id='word_1_485' title='bbox 2075 2524 2366 2580; x_wconf 88' lang='lat' dir='ltr'><strong>maledicto</strong></span> <span class='ocrx_word' id='word_1_486' title='bbox 2429 2533 2574 2578; x_wconf 88' lang='lat' dir='ltr'><strong>sunt.</strong></span> <span class='ocrx_word' id='word_1_487' title='bbox 2641 2507 2920 2591; x_wconf 69' lang='lat' dir='ltr'><strong>Scriptum</strong></span> <span class='ocrx_word' id='word_1_488' title='bbox 2975 2530 3060 2576; x_wconf 90' lang='lat' dir='ltr'><strong>est</strong></span> <span class='ocrx_word' id='word_1_489' title='bbox 3113 2521 3283 2577; x_wconf 91' lang='lat' dir='ltr'><strong>enim.</strong></span> <span class='ocrx_word' id='word_1_490' title='bbox 3326 2540 3345 2573; x_wconf 78' lang='grc' dir='ltr'><strong><em>ι</em></strong></span> <span class='ocrx_word' id='word_1_491' title='bbox 3390 2521 3525 2588; x_wconf 88' lang='lat' dir='ltr'><strong>Quia</strong></span> <span class='ocrx_word' id='word_1_492' title='bbox 3575 2522 3655 2576; x_wconf 89' lang='lat' dir='ltr'><strong>ita</strong></span> 
     </span>
    </p>
   </div>
   <div class='ocr_carea' id='block_1_69' title="bbox 2073 2612 3653 2686">
    <p class='ocr_par' dir='ltr' id='par_1_69' title="bbox 2073 2612 3653 2686">
     <span class='ocr_line' id='line_1_69' title="bbox 2073 2612 3653 2686; baseline -0.002 -16"><span class='ocrx_word' id='word_1_493' title='bbox 2073 2615 2358 2686; x_wconf 76' lang='lat' dir='ltr'><strong>praevaluit</strong></span> <span class='ocrx_word' id='word_1_494' title='bbox 2403 2613 2740 2670; x_wconf 83' lang='lat' dir='ltr'><strong>consuetudo</strong></span> <span class='ocrx_word' id='word_1_495' title='bbox 2781 2613 3067 2683; x_wconf 85' lang='lat' dir='ltr'><strong>peccandi,</strong></span> <span class='ocrx_word' id='word_1_496' title='bbox 3111 2622 3169 2668; x_wconf 92' lang='lat' dir='ltr'><strong>ut</strong></span> <span class='ocrx_word' id='word_1_497' title='bbox 3199 2627 3359 2669; x_wconf 90' lang='lat' dir='ltr'><strong>nemo</strong></span> <span class='ocrx_word' id='word_1_498' title='bbox 3381 2612 3495 2683; x_wconf 83' lang='lat' dir='ltr'><strong>jam</strong></span> <span class='ocrx_word' id='word_1_499' title='bbox 3527 2628 3653 2684; x_wconf 85' lang='lat' dir='ltr'><strong>per-</strong></span> 
     </span>
    </p>
   </div>
   <div class='ocr_carea' id='block_1_70' title="bbox 2074 2706 2441 2776">
    <p class='ocr_par' dir='ltr' id='par_1_70' title="bbox 2074 2706 2441 2776">
     <span class='ocr_line' id='line_1_70' title="bbox 2074 2706 2441 2776; baseline -0.005 -14"><span class='ocrx_word' id='word_1_500' title='bbox 2074 2706 2221 2762; x_wconf 86' lang='lat' dir='ltr'><strong>ﬁciat</strong></span> <span class='ocrx_word' id='word_1_501' title='bbox 2248 2707 2441 2776; x_wconf 85' lang='lat' dir='ltr'><strong>legem.</strong></span> 
     </span>
    </p>
   </div>
   <div class='ocr_carea' id='block_1_71' title="bbox 2151 2797 3653 2869">
    <p class='ocr_par' dir='ltr' id='par_1_71' title="bbox 2151 2797 3653 2869">
     <span class='ocr_line' id='line_1_71' title="bbox 2151 2797 3653 2869; baseline 0.003 -20"><span class='ocrx_word' id='word_1_502' title='bbox 2151 2816 2171 2849; x_wconf 73' lang='lat' dir='ltr'><strong>t</strong></span> <span class='ocrx_word' id='word_1_503' title='bbox 2216 2797 2531 2854; x_wconf 78' lang='lat' dir='ltr'><strong>Maledictus</strong></span> <span class='ocrx_word' id='word_1_504' title='bbox 2588 2798 2768 2855; x_wconf 92' lang='lat' dir='ltr'><strong>omnis</strong></span> <span class='ocrx_word' id='word_1_505' title='bbox 2790 2821 2813 2865; x_wconf 81' lang='lat'><strong>,-</strong></span> <span class='ocrx_word' id='word_1_506' title='bbox 2861 2797 2955 2869; x_wconf 89' lang='lat' dir='ltr'><strong>qui</strong></span> <span class='ocrx_word' id='word_1_507' title='bbox 3012 2813 3119 2853; x_wconf 87' lang='lat' dir='ltr'><strong>non</strong></span> <span class='ocrx_word' id='word_1_508' title='bbox 3176 2798 3537 2869; x_wconf 85' lang='lat' dir='ltr'><strong>permanserit</strong></span> <span class='ocrx_word' id='word_1_509' title='bbox 3592 2799 3653 2854; x_wconf 87' lang='lat' dir='ltr'><strong>in</strong></span> 
     </span>
    </p>
   </div>
   <div class='ocr_carea' id='block_1_72' title="bbox 2073 2889 3653 2962">
    <p class='ocr_par' dir='ltr' id='par_1_72' title="bbox 2073 2889 3653 2962">
     <span class='ocr_line' id='line_1_72' title="bbox 2073 2889 3653 2962; baseline 0.001 -18"><span class='ocrx_word' id='word_1_510' title='bbox 2073 2890 2329 2944; x_wconf 89' lang='lat' dir='ltr'><strong>omnibus</strong></span> <span class='ocrx_word' id='word_1_511' title='bbox 2363 2905 2481 2959; x_wconf 61' lang='lat' dir='ltr'><strong>quae</strong></span> <span class='ocrx_word' id='word_1_512' title='bbox 2525 2891 2732 2960; x_wconf 88' lang='lat' dir='ltr'><strong>scripta</strong></span> <span class='ocrx_word' id='word_1_513' title='bbox 2781 2899 2909 2946; x_wconf 91' lang='lat' dir='ltr'><strong>sunt</strong></span> <span class='ocrx_word' id='word_1_514' title='bbox 2948 2896 3004 2945; x_wconf 89' lang='lat' dir='ltr'><strong>in</strong></span> <span class='ocrx_word' id='word_1_515' title='bbox 3041 2890 3179 2945; x_wconf 84' lang='lat' dir='ltr'><strong>libro</strong></span> <span class='ocrx_word' id='word_1_516' title='bbox 3208 2890 3361 2962; x_wconf 82' lang='lat' dir='ltr'><strong>legis,</strong></span> <span class='ocrx_word' id='word_1_517' title='bbox 3394 2901 3450 2945; x_wconf 91' lang='lat' dir='ltr'><strong>ut</strong></span> <span class='ocrx_word' id='word_1_518' title='bbox 3478 2889 3653 2947; x_wconf 80' lang='lat' dir='ltr'><strong>faciat</strong></span> 
     </span>
    </p>
   </div>
   <div class='ocr_carea' id='block_1_73' title="bbox 2071 2981 3654 3054">
    <p class='ocr_par' dir='ltr' id='par_1_73' title="bbox 2071 2981 3654 3054">
     <span class='ocr_line' id='line_1_73' title="bbox 2071 2981 3654 3054; baseline 0.001 -16"><span class='ocrx_word' id='word_1_519' title='bbox 2071 2997 2154 3038; x_wconf 88' lang='lat' dir='ltr'><strong>ea.</strong></span> <span class='ocrx_word' id='word_1_520' title='bbox 2193 3001 2210 3035; x_wconf 71' lang='grc' dir='ltr'><strong>ι</strong></span> <span class='ocrx_word' id='word_1_521' title='bbox 2256 2981 2367 3038; x_wconf 88' lang='lat' dir='ltr'><strong>lioc</strong></span> <span class='ocrx_word' id='word_1_522' title='bbox 2392 2994 2497 3049; x_wconf 89' lang='lat' dir='ltr'><strong>est,</strong></span> <span class='ocrx_word' id='word_1_523' title='bbox 2524 2984 2616 3054; x_wconf 90' lang='lat' dir='ltr'><strong>qui</strong></span> <span class='ocrx_word' id='word_1_524' title='bbox 2654 2998 2759 3037; x_wconf 91' lang='lat' dir='ltr'><strong>non</strong></span> <span class='ocrx_word' id='word_1_525' title='bbox 2791 2983 2975 3038; x_wconf 88' lang='lat' dir='ltr'><strong>omnia</strong></span> <span class='ocrx_word' id='word_1_526' title='bbox 3009 3000 3180 3054; x_wconf 88' lang='lat' dir='ltr'><strong>usque</strong></span> <span class='ocrx_word' id='word_1_527' title='bbox 3216 2985 3281 3039; x_wconf 93' lang='lat' dir='ltr'><strong>ad</strong></span> <span class='ocrx_word' id='word_1_528' title='bbox 3322 2985 3483 3039; x_wconf 87' lang='lat' dir='ltr'><strong>ﬁdem</strong></span> <span class='ocrx_word' id='word_1_529' title='bbox 3514 2985 3654 3054; x_wconf 80' lang='lat' dir='ltr'><strong>legis</strong></span> 
     </span>
    </p>
   </div>
   <div class='ocr_carea' id='block_1_74' title="bbox 2074 3077 3653 3143">
    <p class='ocr_par' dir='ltr' id='par_1_74' title="bbox 2074 3077 3653 3143">
     <span class='ocr_line' id='line_1_74' title="bbox 2074 3077 3653 3143; baseline 0.003 -15"><span class='ocrx_word' id='word_1_530' title='bbox 2074 3077 2325 3131; x_wconf 87' lang='lat' dir='ltr'><strong>mandata</strong></span> <span class='ocrx_word' id='word_1_531' title='bbox 2371 3077 2692 3132; x_wconf 84' lang='lat' dir='ltr'><strong>servaverit.</strong></span> <span class='ocrx_word' id='word_1_532' title='bbox 2743 3077 3018 3142; x_wconf 69' lang='lat' dir='ltr'><strong>Quaeritur</strong></span> <span class='ocrx_word' id='word_1_533' title='bbox 3065 3093 3199 3132; x_wconf 85' lang='lat' dir='ltr'><strong>sane</strong></span> <span class='ocrx_word' id='word_1_534' title='bbox 3250 3077 3353 3133; x_wconf 89' lang='lat' dir='ltr'><strong>hoc</strong></span> <span class='ocrx_word' id='word_1_535' title='bbox 3397 3079 3557 3143; x_wconf 90' lang='lat' dir='ltr'><strong>loco,</strong></span> <span class='ocrx_word' id='word_1_536' title='bbox 3600 3078 3653 3133; x_wconf 79' lang='lat' dir='ltr'><strong>si</strong></span> 
     </span>
    </p>
   </div>
   <div class='ocr_carea' id='block_1_75' title="bbox 2073 3168 3653 3226">
    <p class='ocr_par' dir='ltr' id='par_1_75' title="bbox 2073 3168 3653 3226">
     <span class='ocr_line' id='line_1_75' title="bbox 2073 3168 3653 3226; baseline 0.003 -5"><span class='ocrx_word' id='word_1_537' title='bbox 2073 3168 2207 3223; x_wconf 82' lang='lat' dir='ltr'><strong>ﬁdes</strong></span> <span class='ocrx_word' id='word_1_538' title='bbox 2257 3170 2368 3223; x_wconf 89' lang='lat' dir='ltr'><strong>sola</strong></span> <span class='ocrx_word' id='word_1_539' title='bbox 2419 3169 2648 3223; x_wconf 80' lang='lat' dir='ltr'><strong>snlﬁciat</strong></span> <span class='ocrx_word' id='word_1_540' title='bbox 2695 3168 3013 3225; x_wconf 68' lang='lat' dir='ltr'><strong>Christiano</strong></span> <span class='ocrx_word' id='word_1_541' title='bbox 3051 3190 3065 3225; x_wconf 85' lang='lat'><strong>:</strong></span> <span class='ocrx_word' id='word_1_542' title='bbox 3103 3182 3159 3225; x_wconf 90' lang='lat' dir='ltr'><strong>et</strong></span> <span class='ocrx_word' id='word_1_543' title='bbox 3197 3183 3378 3225; x_wconf 91' lang='lat' dir='ltr'><strong>utrum</strong></span> <span class='ocrx_word' id='word_1_544' title='bbox 3421 3186 3531 3226; x_wconf 85' lang='lat' dir='ltr'><strong>non</strong></span> <span class='ocrx_word' id='word_1_545' title='bbox 3575 3169 3653 3226; x_wconf 84' lang='lat' dir='ltr'><strong>sit</strong></span> 
     </span>
    </p>
   </div>
   <div class='ocr_carea' id='block_1_76' title="bbox 2074 3260 3649 3331">
    <p class='ocr_par' dir='ltr' id='par_1_76' title="bbox 2074 3260 3649 3331">
     <span class='ocr_line' id='line_1_76' title="bbox 2074 3260 3649 3331; baseline 0.001 -19"><span class='ocrx_word' id='word_1_546' title='bbox 2074 3260 2432 3325; x_wconf 81' lang='lat' dir='ltr'><strong>maledictus,</strong></span> <span class='ocrx_word' id='word_1_547' title='bbox 2483 3261 2577 3331; x_wconf 90' lang='lat' dir='ltr'><strong>qui</strong></span> <span class='ocrx_word' id='word_1_548' title='bbox 2632 3261 2941 3329; x_wconf 88' lang='lat' dir='ltr'><strong>evangelica</strong></span> <span class='ocrx_word' id='word_1_549' title='bbox 2996 3275 3266 3331; x_wconf 68' lang='lat' dir='ltr'><strong>praecepta</strong></span> <span class='ocrx_word' id='word_1_550' title='bbox 3311 3270 3649 3317; x_wconf 89' lang='lat' dir='ltr'><strong>contemnet.</strong></span> 
     </span>
    </p>
   </div>
   <div class='ocr_carea' id='block_1_77' title="bbox 2074 3350 3656 3422">
    <p class='ocr_par' dir='ltr' id='par_1_77' title="bbox 2074 3350 3656 3422">
     <span class='ocr_line' id='line_1_77' title="bbox 2074 3350 3656 3422; baseline 0.002 -15"><span class='ocrx_word' id='word_1_551' title='bbox 2074 3350 2178 3407; x_wconf 84' lang='lat' dir='ltr'><strong>Sed</strong></span> <span class='ocrx_word' id='word_1_552' title='bbox 2213 3354 2345 3408; x_wconf 86' lang='lat' dir='ltr'><strong>ﬁdes</strong></span> <span class='ocrx_word' id='word_1_553' title='bbox 2381 3355 2447 3407; x_wconf 91' lang='lat' dir='ltr'><strong>ad</strong></span> <span class='ocrx_word' id='word_1_554' title='bbox 2486 3354 2591 3408; x_wconf 90' lang='lat' dir='ltr'><strong>hoc</strong></span> <span class='ocrx_word' id='word_1_555' title='bbox 2627 3357 2864 3422; x_wconf 87' lang='lat' dir='ltr'><strong>proﬁcit,</strong></span> <span class='ocrx_word' id='word_1_556' title='bbox 2894 3363 2950 3407; x_wconf 91' lang='lat' dir='ltr'><strong>ut</strong></span> <span class='ocrx_word' id='word_1_557' title='bbox 2985 3353 3037 3407; x_wconf 87' lang='lat' dir='ltr'><strong>in</strong></span> <span class='ocrx_word' id='word_1_558' title='bbox 3066 3355 3322 3420; x_wconf 81' lang='lat' dir='ltr'><strong>primitiis</strong></span> <span class='ocrx_word' id='word_1_559' title='bbox 3350 3355 3656 3410; x_wconf 83' lang='lat' dir='ltr'><strong>credulita-</strong></span> 
     </span>
    </p>
   </div>
   <div class='ocr_carea' id='block_1_78' title="bbox 2072 3444 3651 3515">
    <p class='ocr_par' dir='ltr' id='par_1_78' title="bbox 2072 3444 3651 3515">
     <span class='ocr_line' id='line_1_78' title="bbox 2072 3444 3651 3515; baseline 0.002 -17"><span class='ocrx_word' id='word_1_560' title='bbox 2072 3445 2140 3499; x_wconf 90' lang='lat' dir='ltr'><strong>tis</strong></span> <span class='ocrx_word' id='word_1_561' title='bbox 2187 3445 2514 3501; x_wconf 86' lang='lat' dir='ltr'><strong>accedentes</strong></span> <span class='ocrx_word' id='word_1_562' title='bbox 2563 3446 2633 3501; x_wconf 86' lang='lat' dir='ltr'><strong>ad</strong></span> <span class='ocrx_word' id='word_1_563' title='bbox 2682 3445 2855 3500; x_wconf 88' lang='lat' dir='ltr'><strong>Deum</strong></span> <span class='ocrx_word' id='word_1_564' title='bbox 2896 3444 3184 3515; x_wconf 85' lang='lat' dir='ltr'><strong>justiﬁcet,</strong></span> <span class='ocrx_word' id='word_1_565' title='bbox 3217 3445 3263 3499; x_wconf 91' lang='lat' dir='ltr'><strong>si</strong></span> <span class='ocrx_word' id='word_1_566' title='bbox 3308 3446 3564 3514; x_wconf 82' lang='lat' dir='ltr'><strong>deinceps</strong></span> <span class='ocrx_word' id='word_1_567' title='bbox 3593 3447 3651 3502; x_wconf 80' lang='lat' dir='ltr'><strong>in</strong></span> 
     </span>
    </p>
   </div>
   <div class='ocr_carea' id='block_1_79' title="bbox 2065 3536 3648 3609">
    <p class='ocr_par' dir='ltr' id='par_1_79' title="bbox 2065 3536 3648 3609">
     <span class='ocr_line' id='line_1_79' title="bbox 2065 3536 3648 3609; baseline 0.002 -20"><span class='ocrx_word' id='word_1_568' title='bbox 2065 3536 2457 3606; x_wconf 84' lang='lat' dir='ltr'><strong>justiﬁeatione</strong></span> <span class='ocrx_word' id='word_1_569' title='bbox 2489 3549 2853 3609; x_wconf 88' lang='lat' dir='ltr'><strong>permaneant</strong></span> <span class='ocrx_word' id='word_1_570' title='bbox 2883 3554 2897 3592; x_wconf 91' lang='lat'><strong>:</strong></span> <span class='ocrx_word' id='word_1_571' title='bbox 2931 3546 3188 3592; x_wconf 73' lang='lat' dir='ltr'><strong>caeterum</strong></span> <span class='ocrx_word' id='word_1_572' title='bbox 3228 3540 3347 3593; x_wconf 88' lang='lat' dir='ltr'><strong>sine</strong></span> <span class='ocrx_word' id='word_1_573' title='bbox 3388 3538 3648 3608; x_wconf 81' lang='lat' dir='ltr'><strong>operibus</strong></span> 
     </span>
    </p>
   </div>
   <div class='ocr_carea' id='block_1_80' title="bbox 2072 3623 3645 3697">
    <p class='ocr_par' dir='ltr' id='par_1_80' title="bbox 2072 3623 3645 3697">
     <span class='ocr_line' id='line_1_80' title="bbox 2072 3623 3645 3697; baseline 0.004 -19"><span class='ocrx_word' id='word_1_574' title='bbox 2072 3623 2223 3693; x_wconf 85' lang='lat' dir='ltr'><strong>ﬁdei,</strong></span> <span class='ocrx_word' id='word_1_575' title='bbox 2258 3642 2365 3681; x_wconf 89' lang='lat' dir='ltr'><strong>non</strong></span> <span class='ocrx_word' id='word_1_576' title='bbox 2411 3629 2567 3697; x_wconf 89' lang='lat' dir='ltr'><strong>legis,</strong></span> <span class='ocrx_word' id='word_1_577' title='bbox 2604 3639 2815 3683; x_wconf 90' lang='lat' dir='ltr'><strong>mortua</strong></span> <span class='ocrx_word' id='word_1_578' title='bbox 2867 3637 2953 3684; x_wconf 87' lang='lat' dir='ltr'><strong>est</strong></span> <span class='ocrx_word' id='word_1_579' title='bbox 3003 3628 3155 3683; x_wconf 88' lang='lat' dir='ltr'><strong>ﬁdes.</strong></span> <span class='ocrx_word' id='word_1_580' title='bbox 3192 3627 3296 3695; x_wconf 86' lang='lat' dir='ltr'><strong>Qui</strong></span> <span class='ocrx_word' id='word_1_581' title='bbox 3344 3630 3492 3683; x_wconf 90' lang='lat' dir='ltr'><strong>enim</strong></span> <span class='ocrx_word' id='word_1_582' title='bbox 3532 3644 3645 3684; x_wconf 87' lang='lat' dir='ltr'><strong>non</strong></span> 
     </span>
    </p>
   </div>
   <div class='ocr_carea' id='block_1_81' title="bbox 2070 3716 3649 3792">
    <p class='ocr_par' dir='ltr' id='par_1_81' title="bbox 2070 3716 3649 3792">
     <span class='ocr_line' id='line_1_81' title="bbox 2070 3716 3649 3792; baseline 0.002 -21"><span class='ocrx_word' id='word_1_583' title='bbox 2070 3716 2245 3771; x_wconf 81' lang='lat' dir='ltr'><strong>credit</strong></span> <span class='ocrx_word' id='word_1_584' title='bbox 2271 3719 2561 3784; x_wconf 87' lang='lat' dir='ltr'><strong>mandatis,</strong></span> <span class='ocrx_word' id='word_1_585' title='bbox 2586 3731 2641 3774; x_wconf 89' lang='lat' dir='ltr'><strong>et</strong></span> <span class='ocrx_word' id='word_1_586' title='bbox 2668 3733 2763 3774; x_wconf 88' lang='lat' dir='ltr'><strong>eos</strong></span> <span class='ocrx_word' id='word_1_587' title='bbox 2792 3720 2884 3789; x_wconf 88' lang='lat' dir='ltr'><strong>qui</strong></span> <span class='ocrx_word' id='word_1_588' title='bbox 2915 3721 3192 3789; x_wconf 82' lang='lat' dir='ltr'><strong>Evangelii</strong></span> <span class='ocrx_word' id='word_1_589' title='bbox 3221 3730 3493 3792; x_wconf 66' lang='lat' dir='ltr'><strong>praecepta</strong></span> <span class='ocrx_word' id='word_1_590' title='bbox 3521 3735 3649 3777; x_wconf 84' lang='lat' dir='ltr'><strong>con-</strong></span> 
     </span>
    </p>
   </div>
   <div class='ocr_carea' id='block_1_82' title="bbox 2074 3812 3643 3880">
    <p class='ocr_par' dir='ltr' id='par_1_82' title="bbox 2074 3812 3643 3880">
     <span class='ocr_line' id='line_1_82' title="bbox 2074 3812 3643 3880; baseline 0.001 -16"><span class='ocrx_word' id='word_1_591' title='bbox 2074 3819 2363 3878; x_wconf 92' lang='lat' dir='ltr'><strong>temnunt,</strong></span> <span class='ocrx_word' id='word_1_592' title='bbox 2415 3812 2737 3867; x_wconf 88' lang='lat' dir='ltr'><strong>maledictos</strong></span> <span class='ocrx_word' id='word_1_593' title='bbox 2790 3827 2952 3880; x_wconf 87' lang='lat' dir='ltr'><strong>esse,</strong></span> <span class='ocrx_word' id='word_1_594' title='bbox 2997 3822 3051 3867; x_wconf 91' lang='lat' dir='ltr'><strong>et</strong></span> <span class='ocrx_word' id='word_1_595' title='bbox 3101 3812 3352 3868; x_wconf 73' lang='lat' dir='ltr'><strong>Salvator</strong></span> <span class='ocrx_word' id='word_1_596' title='bbox 3394 3814 3643 3878; x_wconf 83' lang='lat' dir='ltr'><strong>edocuit,</strong></span> 
     </span>
    </p>
   </div>
   <div class='ocr_carea' id='block_1_83' title="bbox 2072 3902 3645 3975">
    <p class='ocr_par' dir='ltr' id='par_1_83' title="bbox 2072 3902 3645 3975">
     <span class='ocr_line' id='line_1_83' title="bbox 2072 3902 3645 3975; baseline 0.003 -18"><span class='ocrx_word' id='word_1_597' title='bbox 2072 3902 2259 3957; x_wconf 78' lang='lat' dir='ltr'><strong>dicens</strong></span> <span class='ocrx_word' id='word_1_598' title='bbox 2293 3919 2307 3957; x_wconf 89' lang='lat'><strong>:</strong></span> <span class='ocrx_word' id='word_1_599' title='bbox 2351 3902 2612 3957; x_wconf 80' lang='lat' dir='ltr'><strong>Discedite</strong></span> <span class='ocrx_word' id='word_1_600' title='bbox 2656 3921 2690 3958; x_wconf 90' lang='lat' dir='ltr'><strong>a</strong></span> <span class='ocrx_word' id='word_1_601' title='bbox 2738 3920 2840 3969; x_wconf 83' lang='lat' dir='ltr'><strong>me,</strong></span> <span class='ocrx_word' id='word_1_602' title='bbox 2873 3905 3169 3971; x_wconf 82' lang='lat' dir='ltr'><strong>maledicti,</strong></span> <span class='ocrx_word' id='word_1_603' title='bbox 3202 3908 3256 3959; x_wconf 82' lang='lat' dir='ltr'><strong>in</strong></span> <span class='ocrx_word' id='word_1_604' title='bbox 3288 3908 3459 3975; x_wconf 77' lang='lat' dir='ltr'><strong>ignem</strong></span> <span class='ocrx_word' id='word_1_605' title='bbox 3498 3916 3645 3961; x_wconf 71' lang='lat' dir='ltr'><strong>irier-</strong></span> 
     </span>
    </p>
   </div>
   <div class='ocr_carea' id='block_1_84' title="bbox 2071 3993 3645 4067">
    <p class='ocr_par' dir='ltr' id='par_1_84' title="bbox 2071 3993 3645 4067">
     <span class='ocr_line' id='line_1_84' title="bbox 2071 3993 3645 4067; baseline 0.005 -21"><span class='ocrx_word' id='word_1_606' title='bbox 2071 4010 2194 4047; x_wconf 77' lang='lat' dir='ltr'><strong>nam</strong></span> <span class='ocrx_word' id='word_1_607' title='bbox 2226 3993 2443 4064; x_wconf 75' lang='lat' dir='ltr'><strong>(Matth.</strong></span> <span class='ocrx_word' id='word_1_608' title='bbox 2476 4011 2601 4062; x_wconf 79' lang='lat' dir='ltr'><strong>xxv,</strong></span> <span class='ocrx_word' id='word_1_609' title='bbox 2637 3997 2751 4067; x_wconf 73' lang='grc'><strong>41).</strong></span> <span class='ocrx_word' id='word_1_610' title='bbox 2788 3996 2856 4051; x_wconf 87' lang='grc' dir='ltr'><strong>Ει</strong></span> <span class='ocrx_word' id='word_1_611' title='bbox 2883 3997 3116 4052; x_wconf 70' lang='lat' dir='ltr'><strong>Iacobus</strong></span> <span class='ocrx_word' id='word_1_612' title='bbox 3149 4001 3425 4067; x_wconf 84' lang='lat' dir='ltr'><strong>apostolus</strong></span> <span class='ocrx_word' id='word_1_613' title='bbox 3484 3998 3645 4054; x_wconf 80' lang='lat' dir='ltr'><strong>unius</strong></span> 
     </span>
    </p>
   </div>
   <div class='ocr_carea' id='block_1_85' title="bbox 2073 4086 3642 4158">
    <p class='ocr_par' dir='ltr' id='par_1_85' title="bbox 2073 4086 3642 4158">
     <span class='ocr_line' id='line_1_85' title="bbox 2073 4086 3642 4158; baseline 0.003 -19"><span class='ocrx_word' id='word_1_614' title='bbox 2073 4086 2315 4142; x_wconf 88' lang='lat' dir='ltr'><strong>mandati</strong></span> <span class='ocrx_word' id='word_1_615' title='bbox 2389 4098 2850 4158; x_wconf 87' lang='lat' dir='ltr'><strong>transgressorem</strong></span> <span class='ocrx_word' id='word_1_616' title='bbox 2895 4091 3138 4145; x_wconf 87' lang='lat' dir='ltr'><strong>omnium</strong></span> <span class='ocrx_word' id='word_1_617' title='bbox 3190 4105 3341 4145; x_wconf 86' lang='lat' dir='ltr'><strong>reum</strong></span> <span class='ocrx_word' id='word_1_618' title='bbox 3385 4104 3507 4146; x_wconf 86' lang='lat' dir='ltr'><strong>esse</strong></span> <span class='ocrx_word' id='word_1_619' title='bbox 3549 4089 3642 4145; x_wconf 54' lang='lat' dir='ltr'><strong>de.</strong></span> 
     </span>
    </p>
   </div>
   <div class='ocr_carea' id='block_1_86' title="bbox 2070 4179 2799 4251">
    <p class='ocr_par' dir='ltr' id='par_1_86' title="bbox 2070 4179 2799 4251">
     <span class='ocr_line' id='line_1_86' title="bbox 2070 4179 2799 4251; baseline 0.004 -19"><span class='ocrx_word' id='word_1_620' title='bbox 2070 4179 2397 4233; x_wconf 85' lang='lat' dir='ltr'><strong>monstravit</strong></span> <span class='ocrx_word' id='word_1_621' title='bbox 2422 4179 2562 4250; x_wconf 83' lang='lat' dir='ltr'><strong>(Jac.</strong></span> <span class='ocrx_word' id='word_1_622' title='bbox 2596 4196 2655 4247; x_wconf 89' lang='lat' dir='ltr'><strong>ll,</strong></span> <span class='ocrx_word' id='word_1_623' title='bbox 2687 4181 2799 4251; x_wconf 81' lang='grc'><strong>10).</strong></span> 
     </span>
    </p>
   </div>
   <div class='ocr_carea' id='block_1_87' title="bbox 2145 4290 3642 4365">
    <p class='ocr_par' dir='ltr' id='par_1_87' title="bbox 2145 4290 3642 4365">
     <span class='ocr_line' id='line_1_87' title="bbox 2145 4290 3642 4365; baseline 0.002 -21"><span class='ocrx_word' id='word_1_624' title='bbox 2145 4309 2166 4344; x_wconf 75' lang='lat' dir='ltr'><strong>r</strong></span> <span class='ocrx_word' id='word_1_625' title='bbox 2211 4290 2479 4359; x_wconf 88' lang='lat' dir='ltr'><strong>Quoniam</strong></span> <span class='ocrx_word' id='word_1_626' title='bbox 2514 4301 2692 4347; x_wconf 88' lang='lat' dir='ltr'><strong>autem</strong></span> <span class='ocrx_word' id='word_1_627' title='bbox 2724 4293 2777 4347; x_wconf 91' lang='lat' dir='ltr'><strong>iu</strong></span> <span class='ocrx_word' id='word_1_628' title='bbox 2810 4293 2929 4365; x_wconf 88' lang='lat' dir='ltr'><strong>lege</strong></span> <span class='ocrx_word' id='word_1_629' title='bbox 2960 4309 3120 4350; x_wconf 87' lang='lat' dir='ltr'><strong>nemo</strong></span> <span class='ocrx_word' id='word_1_630' title='bbox 3142 4295 3481 4365; x_wconf 75' lang='lat' dir='ltr'><strong>iustiﬁcetur</strong></span> <span class='ocrx_word' id='word_1_631' title='bbox 3507 4294 3642 4365; x_wconf 73' lang='lat' dir='ltr'><strong>apud</strong></span> 
     </span>
    </p>
   </div>
   <div class='ocr_carea' id='block_1_88' title="bbox 2070 4380 3637 4453">
    <p class='ocr_par' dir='ltr' id='par_1_88' title="bbox 2070 4380 3637 4453">
     <span class='ocr_line' id='line_1_88' title="bbox 2070 4380 3637 4453; baseline 0.003 -16"><span class='ocrx_word' id='word_1_632' title='bbox 2070 4380 2243 4438; x_wconf 89' lang='lat' dir='ltr'><strong>Deum</strong></span> <span class='ocrx_word' id='word_1_633' title='bbox 2286 4384 2635 4440; x_wconf 82' lang='lat' dir='ltr'><strong>manifestum</strong></span> <span class='ocrx_word' id='word_1_634' title='bbox 2664 4394 2768 4441; x_wconf 85' lang='lat' dir='ltr'><strong>est.</strong></span> <span class='ocrx_word' id='word_1_635' title='bbox 2808 4404 2827 4439; x_wconf 71' lang='grc' dir='ltr'><strong><em>ι</em></strong></span> <span class='ocrx_word' id='word_1_636' title='bbox 2859 4387 2995 4453; x_wconf 87' lang='lat' dir='ltr'><strong>Quia</strong></span> <span class='ocrx_word' id='word_1_637' title='bbox 3029 4404 3188 4443; x_wconf 87' lang='lat' dir='ltr'><strong>nemo</strong></span> <span class='ocrx_word' id='word_1_638' title='bbox 3226 4389 3380 4444; x_wconf 91' lang='lat' dir='ltr'><strong>illum</strong></span> <span class='ocrx_word' id='word_1_639' title='bbox 3414 4384 3637 4445; x_wconf 75' lang='lat' dir='ltr'><strong>serval:</strong></span> 
     </span>
    </p>
   </div>
   <div class='ocr_carea' id='block_1_89' title="bbox 2073 4476 3641 4552">
    <p class='ocr_par' dir='ltr' id='par_1_89' title="bbox 2073 4476 3641 4552">
     <span class='ocr_line' id='line_1_89' title="bbox 2073 4476 3641 4552; baseline 0 -19"><span class='ocrx_word' id='word_1_640' title='bbox 2073 4476 2196 4533; x_wconf 92' lang='lat' dir='ltr'><strong>ideo</strong></span> <span class='ocrx_word' id='word_1_641' title='bbox 2228 4478 2434 4533; x_wconf 86' lang='lat' dir='ltr'><strong>dictqu</strong></span> <span class='ocrx_word' id='word_1_642' title='bbox 2473 4489 2576 4547; x_wconf 91' lang='lat' dir='ltr'><strong>est,</strong></span> <span class='ocrx_word' id='word_1_643' title='bbox 2609 4484 2751 4550; x_wconf 90' lang='lat' dir='ltr'><strong>quod</strong></span> <span class='ocrx_word' id='word_1_644' title='bbox 2785 4482 2902 4537; x_wconf 91' lang='lat' dir='ltr'><strong>sola</strong></span> <span class='ocrx_word' id='word_1_645' title='bbox 2934 4482 3040 4537; x_wconf 89' lang='lat' dir='ltr'><strong>ﬁde</strong></span> <span class='ocrx_word' id='word_1_646' title='bbox 3081 4481 3419 4552; x_wconf 88' lang='lat' dir='ltr'><strong>justiﬁcandi</strong></span> <span class='ocrx_word' id='word_1_647' title='bbox 3458 4490 3641 4537; x_wconf 77' lang='lat' dir='ltr'><strong>essent</strong></span> 
     </span>
    </p>
   </div>
   <div class='ocr_carea' id='block_1_90' title="bbox 472 4561 3635 4647">
    <p class='ocr_par' dir='ltr' id='par_1_90' title="bbox 472 4561 3635 4647">
     <span class='ocr_line' id='line_1_90' title="bbox 472 4561 3635 4647; baseline 0.002 -27"><span class='ocrx_word' id='word_1_648' title='bbox 472 4590 492 4625; x_wconf 69' lang='grc' dir='ltr'><strong><em>ι</em></strong></span> <span class='ocrx_word' id='word_1_649' title='bbox 529 4571 607 4627; x_wconf 67' lang='lat' dir='ltr'><strong>Ex</strong></span> <span class='ocrx_word' id='word_1_650' title='bbox 653 4572 912 4641; x_wconf 79' lang='lat' dir='ltr'><strong>operibus</strong></span> <span class='ocrx_word' id='word_1_651' title='bbox 956 4572 1093 4644; x_wconf 69' lang='lat' dir='ltr'><strong>legis</strong></span> <span class='ocrx_word' id='word_1_652' title='bbox 1135 4574 1385 4645; x_wconf 69' lang='lat' dir='ltr'><strong>spiritum</strong></span> <span class='ocrx_word' id='word_1_653' title='bbox 1437 4576 1750 4647; x_wconf 60' lang='lat' dir='ltr'><strong>accepistis,</strong></span> <span class='ocrx_word' id='word_1_654' title='bbox 1780 4591 1850 4632; x_wconf 71' lang='lat' dir='ltr'><strong>an</strong></span> <span class='ocrx_word' id='word_1_655' title='bbox 1898 4591 1968 4632; x_wconf 69' lang='grc' dir='ltr'><strong>εχ</strong></span> <span class='ocrx_word' id='word_1_656' title='bbox 1997 4561 2045 4620; x_wconf 76' lang='grc' dir='ltr'><strong>ι)</strong></span> <span class='ocrx_word' id='word_1_657' title='bbox 2072 4567 2381 4623; x_wconf 86' lang='lat' dir='ltr'><strong>credentes.</strong></span> <span class='ocrx_word' id='word_1_658' title='bbox 2416 4570 2552 4625; x_wconf 91' lang='lat' dir='ltr'><strong>item</strong></span> <span class='ocrx_word' id='word_1_659' title='bbox 2598 4573 2709 4626; x_wconf 90' lang='lat' dir='ltr'><strong>vult</strong></span> <span class='ocrx_word' id='word_1_660' title='bbox 2752 4572 3069 4638; x_wconf 90' lang='lat' dir='ltr'><strong>ostendere,</strong></span> <span class='ocrx_word' id='word_1_661' title='bbox 3106 4574 3234 4642; x_wconf 85' lang='lat' dir='ltr'><strong>quia</strong></span> <span class='ocrx_word' id='word_1_662' title='bbox 3280 4589 3348 4631; x_wconf 86' lang='lat' dir='ltr'><strong>ex</strong></span> <span class='ocrx_word' id='word_1_663' title='bbox 3386 4574 3635 4643; x_wconf 78' lang='lat' dir='ltr'><strong>operibus</strong></span> 
     </span>
    </p>
   </div>
   <div class='ocr_carea' id='block_1_91' title="bbox 397 4664 1972 4738">
    <p class='ocr_par' dir='ltr' id='par_1_91' title="bbox 397 4664 1972 4738">
     <span class='ocr_line' id='line_1_91' title="bbox 397 4664 1972 4738; baseline 0.003 -19"><span class='ocrx_word' id='word_1_664' title='bbox 397 4665 588 4720; x_wconf 89' lang='lat' dir='ltr'><strong>auditu</strong></span> <span class='ocrx_word' id='word_1_665' title='bbox 634 4664 795 4720; x_wconf 72' lang='lat' dir='ltr'><strong>ﬁdei?</strong></span> <span class='ocrx_word' id='word_1_666' title='bbox 834 4683 854 4717; x_wconf 72' lang='grc' dir='ltr'><strong><em>ι</em></strong></span> <span class='ocrx_word' id='word_1_667' title='bbox 891 4665 949 4719; x_wconf 90' lang='lat' dir='ltr'><strong>Si</strong></span> <span class='ocrx_word' id='word_1_668' title='bbox 995 4680 1059 4719; x_wconf 93' lang='lat' dir='ltr'><strong>ex</strong></span> <span class='ocrx_word' id='word_1_669' title='bbox 1108 4668 1303 4722; x_wconf 88' lang='lat' dir='ltr'><strong>merito</strong></span> <span class='ocrx_word' id='word_1_670' title='bbox 1354 4668 1475 4721; x_wconf 90' lang='lat' dir='ltr'><strong>ﬁdei</strong></span> <span class='ocrx_word' id='word_1_671' title='bbox 1520 4669 1771 4738; x_wconf 86' lang='lat' dir='ltr'><strong>spiritum</strong></span> <span class='ocrx_word' id='word_1_672' title='bbox 1812 4682 1972 4724; x_wconf 86' lang='lat' dir='ltr'><strong>acce-</strong></span> 
     </span>
    </p>
   </div>
   <div class='ocr_carea' id='block_1_92' title="bbox 397 4755 1761 4829">
    <p class='ocr_par' dir='ltr' id='par_1_92' title="bbox 397 4755 1761 4829">
     <span class='ocr_line' id='line_1_92' title="bbox 397 4755 1761 4829; baseline 0.004 -21"><span class='ocrx_word' id='word_1_673' title='bbox 397 4757 576 4827; x_wconf 86' lang='lat' dir='ltr'><strong>pistis,</strong></span> <span class='ocrx_word' id='word_1_674' title='bbox 615 4756 746 4826; x_wconf 92' lang='lat' dir='ltr'><strong>quid</strong></span> <span class='ocrx_word' id='word_1_675' title='bbox 773 4756 934 4812; x_wconf 86' lang='lat' dir='ltr'><strong>nobis</strong></span> <span class='ocrx_word' id='word_1_676' title='bbox 968 4755 1055 4811; x_wconf 87' lang='lat' dir='ltr'><strong>lex</strong></span> <span class='ocrx_word' id='word_1_677' title='bbox 1089 4759 1321 4828; x_wconf 86' lang='lat' dir='ltr'><strong>amplius</strong></span> <span class='ocrx_word' id='word_1_678' title='bbox 1354 4761 1555 4829; x_wconf 89' lang='lat' dir='ltr'><strong>poterit</strong></span> <span class='ocrx_word' id='word_1_679' title='bbox 1590 4759 1761 4815; x_wconf 67' lang='lat' dir='ltr'><strong>dare!</strong></span> 
     </span>
    </p>
   </div>
   <div class='ocr_carea' id='block_1_93' title="bbox 470 4872 1970 4946">
    <p class='ocr_par' dir='ltr' id='par_1_93' title="bbox 470 4872 1970 4946">
     <span class='ocr_line' id='line_1_93' title="bbox 470 4872 1970 4946; baseline 0.005 -22"><span class='ocrx_word' id='word_1_680' title='bbox 470 4891 489 4924; x_wconf 73' lang='grc' dir='ltr'>ι</span> <span class='ocrx_word' id='word_1_681' title='bbox 528 4872 620 4928; x_wconf 87' lang='lat' dir='ltr'><strong>Sic</strong></span> <span class='ocrx_word' id='word_1_682' title='bbox 647 4872 798 4931; x_wconf 87' lang='lat' dir='ltr'><strong>stulti</strong></span> <span class='ocrx_word' id='word_1_683' title='bbox 828 4873 981 4940; x_wconf 90' lang='lat' dir='ltr'><strong>estis,</strong></span> <span class='ocrx_word' id='word_1_684' title='bbox 1011 4882 1070 4929; x_wconf 92' lang='lat' dir='ltr'><strong>ut</strong></span> <span class='ocrx_word' id='word_1_685' title='bbox 1103 4888 1226 4929; x_wconf 90' lang='lat' dir='ltr'><strong>cum</strong></span> <span class='ocrx_word' id='word_1_686' title='bbox 1266 4874 1461 4944; x_wconf 87' lang='lat' dir='ltr'><strong>spiritu</strong></span> <span class='ocrx_word' id='word_1_687' title='bbox 1496 4875 1795 4946; x_wconf 70' lang='lat' dir='ltr'><strong>cmperitis,</strong></span> <span class='ocrx_word' id='word_1_688' title='bbox 1825 4889 1970 4931; x_wconf 91' lang='lat' dir='ltr'><strong>nunc</strong></span> 
     </span>
    </p>
   </div>
   <div class='ocr_carea' id='block_1_94' title="bbox 393 4955 2053 5025">
    <p class='ocr_par' dir='ltr' id='par_1_94' title="bbox 393 4955 2053 5025">
     <span class='ocr_line' id='line_1_94' title="bbox 393 4955 2053 5025; baseline 0 -6"><span class='ocrx_word' id='word_1_689' title='bbox 393 4979 560 5019; x_wconf 85' lang='lat' dir='ltr'><strong>carne</strong></span> <span class='ocrx_word' id='word_1_690' title='bbox 622 4965 1120 5020; x_wconf 81' lang='lat' dir='ltr'><strong>consummemini?</strong></span> <span class='ocrx_word' id='word_1_691' title='bbox 1174 4984 1193 5018; x_wconf 75' lang='grc' dir='ltr'><strong>ι</strong></span> <span class='ocrx_word' id='word_1_692' title='bbox 1250 4967 1385 5023; x_wconf 85' lang='lat' dir='ltr'><strong>Cum</strong></span> <span class='ocrx_word' id='word_1_693' title='bbox 1443 4983 1545 5023; x_wconf 91' lang='lat' dir='ltr'><strong>nec</strong></span> <span class='ocrx_word' id='word_1_694' title='bbox 1590 4955 1759 5024; x_wconf 71' lang='lat' dir='ltr'><strong>Judaei</strong></span> <span class='ocrx_word' id='word_1_695' title='bbox 1815 4970 1972 5025; x_wconf 84' lang='lat' dir='ltr'><strong>aliter</strong></span> <span class='ocrx_word' id='word_1_696' title='bbox 2043 5009 2053 5019; x_wconf 94' lang='lat'><strong>.</strong></span> 
     </span>
    </p>
   </div>
   <div class='ocr_carea' id='block_1_95' title="bbox 392 5058 1972 5128">
    <p class='ocr_par' dir='ltr' id='par_1_95' title="bbox 392 5058 1972 5128">
     <span class='ocr_line' id='line_1_95' title="bbox 392 5058 1972 5128; baseline 0.003 -15"><span class='ocrx_word' id='word_1_697' title='bbox 392 5059 642 5126; x_wconf 83' lang='lat' dir='ltr'><strong>spiritum</strong></span> <span class='ocrx_word' id='word_1_698' title='bbox 682 5058 970 5127; x_wconf 87' lang='lat' dir='ltr'><strong>accipiant,</strong></span> <span class='ocrx_word' id='word_1_699' title='bbox 1022 5073 1184 5128; x_wconf 89' lang='lat' dir='ltr'><strong>quam</strong></span> <span class='ocrx_word' id='word_1_700' title='bbox 1239 5073 1335 5128; x_wconf 90' lang='lat' dir='ltr'><strong>per</strong></span> <span class='ocrx_word' id='word_1_701' title='bbox 1387 5060 1546 5116; x_wconf 90' lang='lat' dir='ltr'><strong>ﬁdem</strong></span> <span class='ocrx_word' id='word_1_702' title='bbox 1601 5062 1830 5128; x_wconf 87' lang='lat' dir='ltr'><strong>Christi,</strong></span> <span class='ocrx_word' id='word_1_703' title='bbox 1875 5078 1972 5118; x_wconf 88' lang='lat' dir='ltr'><strong>vos</strong></span> 
     </span>
    </p>
   </div>
   <div class='ocr_carea' id='block_1_96' title="bbox 394 5149 1973 5229">
    <p class='ocr_par' dir='ltr' id='par_1_96' title="bbox 394 5149 1973 5229">
     <span class='ocr_line' id='line_1_96' title="bbox 394 5149 1973 5229; baseline 0.006 -26"><span class='ocrx_word' id='word_1_704' title='bbox 394 5150 705 5205; x_wconf 78' lang='lat' dir='ltr'><strong>econtrario</strong></span> <span class='ocrx_word' id='word_1_705' title='bbox 725 5149 933 5229; x_wconf 85' lang='lat' dir='ltr'><strong>putatis</strong></span> <span class='ocrx_word' id='word_1_706' title='bbox 954 5151 1108 5207; x_wconf 87' lang='lat' dir='ltr'><strong>vobis</strong></span> <span class='ocrx_word' id='word_1_707' title='bbox 1137 5151 1388 5223; x_wconf 89' lang='lat' dir='ltr'><strong>spiritum</strong></span> <span class='ocrx_word' id='word_1_708' title='bbox 1426 5169 1535 5209; x_wconf 91' lang='lat' dir='ltr'><strong>non</strong></span> <span class='ocrx_word' id='word_1_709' title='bbox 1570 5154 1821 5211; x_wconf 86' lang='lat' dir='ltr'><strong>suﬁicere</strong></span> <span class='ocrx_word' id='word_1_710' title='bbox 1851 5158 1973 5213; x_wconf 87' lang='lat' dir='ltr'><strong>sine</strong></span> 
     </span>
    </p>
   </div>
   <div class='ocr_carea' id='block_1_97' title="bbox 394 5243 531 5311">
    <p class='ocr_par' dir='ltr' id='par_1_97' title="bbox 394 5243 531 5311">
     <span class='ocr_line' id='line_1_97' title="bbox 394 5243 531 5311; baseline -0.007 -14"><span class='ocrx_word' id='word_1_711' title='bbox 394 5243 433 5297; x_wconf 70' lang='lat' dir='ltr'><strong>lt</strong></span> <span class='ocrx_word' id='word_1_712' title='bbox 447 5256 531 5311; x_wconf 78' lang='lat' dir='ltr'><strong>ge.</strong></span> 
     </span>
    </p>
   </div>
   <div class='ocr_carea' id='block_1_98' title="bbox 475 5353 1974 5429">
    <p class='ocr_par' dir='ltr' id='par_1_98' title="bbox 475 5353 1974 5429">
     <span class='ocr_line' id='line_1_98' title="bbox 475 5353 1974 5429; baseline 0.007 -21"><span class='ocrx_word' id='word_1_713' title='bbox 475 5374 495 5407; x_wconf 75' lang='grc' dir='ltr'>ι</span> <span class='ocrx_word' id='word_1_714' title='bbox 537 5353 711 5410; x_wconf 85' lang='lat' dir='ltr'><strong>Tanta</strong></span> <span class='ocrx_word' id='word_1_715' title='bbox 757 5357 902 5426; x_wconf 86' lang='lat' dir='ltr'><strong>passi</strong></span> <span class='ocrx_word' id='word_1_716' title='bbox 953 5359 1086 5414; x_wconf 75' lang='lat' dir='ltr'><strong>eStis</strong></span> <span class='ocrx_word' id='word_1_717' title='bbox 1135 5359 1255 5415; x_wconf 88' lang='lat' dir='ltr'><strong>sine</strong></span> <span class='ocrx_word' id='word_1_718' title='bbox 1304 5375 1490 5429; x_wconf 88' lang='lat' dir='ltr'><strong>causa,</strong></span> <span class='ocrx_word' id='word_1_719' title='bbox 1532 5362 1576 5417; x_wconf 88' lang='lat' dir='ltr'><strong>si</strong></span> <span class='ocrx_word' id='word_1_720' title='bbox 1625 5373 1804 5418; x_wconf 89' lang='lat' dir='ltr'><strong>tamen</strong></span> <span class='ocrx_word' id='word_1_721' title='bbox 1853 5363 1974 5419; x_wconf 86' lang='lat' dir='ltr'><strong>sine</strong></span> 
     </span>
    </p>
   </div>
   <div class='ocr_carea' id='block_1_99' title="bbox 392 5448 1972 5528">
    <p class='ocr_par' dir='ltr' id='par_1_99' title="bbox 392 5448 1972 5528">
     <span class='ocr_line' id='line_1_99' title="bbox 392 5448 1972 5528; baseline 0.006 -24"><span class='ocrx_word' id='word_1_722' title='bbox 392 5464 577 5504; x_wconf 85' lang='lat' dir='ltr'><strong>causa.</strong></span> <span class='ocrx_word' id='word_1_723' title='bbox 612 5467 632 5501; x_wconf 71' lang='grc' dir='ltr'><strong><em>ι</em></strong></span> <span class='ocrx_word' id='word_1_724' title='bbox 686 5448 957 5519; x_wconf 74' lang='lat' dir='ltr'><strong>Ostendit,</strong></span> <span class='ocrx_word' id='word_1_725' title='bbox 984 5453 1109 5519; x_wconf 88' lang='lat' dir='ltr'><strong>quia</strong></span> <span class='ocrx_word' id='word_1_726' title='bbox 1163 5455 1215 5509; x_wconf 89' lang='lat' dir='ltr'><strong>in</strong></span> <span class='ocrx_word' id='word_1_727' title='bbox 1270 5452 1481 5510; x_wconf 86' lang='lat' dir='ltr'><strong>Galatia</strong></span> <span class='ocrx_word' id='word_1_728' title='bbox 1537 5458 1841 5525; x_wconf 83' lang='lat' dir='ltr'><strong>constituti,</strong></span> <span class='ocrx_word' id='word_1_729' title='bbox 1874 5473 1972 5528; x_wconf 84' lang='lat' dir='ltr'><strong>pro</strong></span> 
     </span>
    </p>
   </div>
   <div class='ocr_carea' id='block_1_100' title="bbox 392 5538 1972 5617">
    <p class='ocr_par' dir='ltr' id='par_1_100' title="bbox 392 5538 1972 5617">
     <span class='ocr_line' id='line_1_100' title="bbox 392 5538 1972 5617; baseline 0.005 -24"><span class='ocrx_word' id='word_1_730' title='bbox 392 5538 596 5594; x_wconf 83' lang='lat' dir='ltr'><strong>Christi</strong></span> <span class='ocrx_word' id='word_1_731' title='bbox 635 5540 737 5594; x_wconf 89' lang='lat' dir='ltr'><strong>iide</strong></span> <span class='ocrx_word' id='word_1_732' title='bbox 770 5541 913 5608; x_wconf 85' lang='lat' dir='ltr'><strong>passi</strong></span> <span class='ocrx_word' id='word_1_733' title='bbox 948 5549 1077 5595; x_wconf 90' lang='lat' dir='ltr'><strong>sunt</strong></span> <span class='ocrx_word' id='word_1_734' title='bbox 1120 5549 1583 5617; x_wconf 85' lang='lat' dir='ltr'><strong>persecutionem.</strong></span> <span class='ocrx_word' id='word_1_735' title='bbox 1633 5546 1766 5601; x_wconf 90' lang='lat' dir='ltr'><strong>item</strong></span> <span class='ocrx_word' id='word_1_736' title='bbox 1821 5558 1972 5602; x_wconf 87' lang='lat' dir='ltr'><strong>tanta</strong></span> 
     </span>
    </p>
   </div>
   <div class='ocr_carea' id='block_1_101' title="bbox 389 5632 1969 5713">
    <p class='ocr_par' dir='ltr' id='par_1_101' title="bbox 389 5632 1969 5713">
     <span class='ocr_line' id='line_1_101' title="bbox 389 5632 1969 5713; baseline 0.007 -25"><span class='ocrx_word' id='word_1_737' title='bbox 389 5635 510 5689; x_wconf 89' lang='lat' dir='ltr'><strong>sine</strong></span> <span class='ocrx_word' id='word_1_738' title='bbox 538 5648 698 5687; x_wconf 85' lang='lat' dir='ltr'><strong>causa</strong></span> <span class='ocrx_word' id='word_1_739' title='bbox 730 5632 1068 5703; x_wconf 84' lang='lat' dir='ltr'><strong>proChristo</strong></span> <span class='ocrx_word' id='word_1_740' title='bbox 1100 5636 1390 5705; x_wconf 86' lang='lat' dir='ltr'><strong>tolerastis,</strong></span> <span class='ocrx_word' id='word_1_741' title='bbox 1417 5642 1462 5693; x_wconf 87' lang='lat' dir='ltr'><strong>si</strong></span> <span class='ocrx_word' id='word_1_742' title='bbox 1497 5655 1603 5695; x_wconf 90' lang='lat' dir='ltr'><strong>nou</strong></span> <span class='ocrx_word' id='word_1_743' title='bbox 1641 5643 1835 5696; x_wconf 86' lang='lat' dir='ltr'><strong>iterum</strong></span> <span class='ocrx_word' id='word_1_744' title='bbox 1870 5660 1969 5713; x_wconf 88' lang='lat' dir='ltr'><strong>pro</strong></span> 
     </span>
    </p>
   </div>
   <div class='ocr_carea' id='block_1_102' title="bbox 391 5725 1969 5801">
    <p class='ocr_par' dir='ltr' id='par_1_102' title="bbox 391 5725 1969 5801">
     <span class='ocr_line' id='line_1_102' title="bbox 391 5725 1969 5801; baseline 0.008 -20"><span class='ocrx_word' id='word_1_745' title='bbox 391 5725 611 5781; x_wconf 65' lang='lat' dir='ltr'><strong>Christo</strong></span> <span class='ocrx_word' id='word_1_746' title='bbox 653 5727 965 5796; x_wconf 81' lang='lat' dir='ltr'><strong>corrigatis.</strong></span> <span class='ocrx_word' id='word_1_747' title='bbox 1014 5728 1141 5784; x_wconf 90' lang='lat' dir='ltr'><strong>Sive</strong></span> <span class='ocrx_word' id='word_1_748' title='bbox 1191 5731 1335 5800; x_wconf 90' lang='lat' dir='ltr'><strong>quod</strong></span> <span class='ocrx_word' id='word_1_749' title='bbox 1386 5734 1494 5797; x_wconf 91' lang='lat' dir='ltr'><strong>hic,</strong></span> <span class='ocrx_word' id='word_1_750' title='bbox 1529 5735 1570 5787; x_wconf 90' lang='lat' dir='ltr'><strong>si</strong></span> <span class='ocrx_word' id='word_1_751' title='bbox 1620 5743 1823 5801; x_wconf 87' lang='lat' dir='ltr'><strong>tamen,</strong></span> <span class='ocrx_word' id='word_1_752' title='bbox 1863 5752 1969 5793; x_wconf 89' lang='lat' dir='ltr'><strong>non</strong></span> 
     </span>
    </p>
   </div>
   <div class='ocr_carea' id='block_1_103' title="bbox 391 5819 1971 5903">
    <p class='ocr_par' dir='ltr' id='par_1_103' title="bbox 391 5819 1971 5903">
     <span class='ocr_line' id='line_1_103' title="bbox 391 5819 1971 5903; baseline 0.008 -29"><span class='ocrx_word' id='word_1_753' title='bbox 391 5819 687 5876; x_wconf 62' lang='lat' dir='ltr'><strong>dubitantis</strong></span> <span class='ocrx_word' id='word_1_754' title='bbox 732 5836 915 5877; x_wconf 85' lang='lat' dir='ltr'><strong>sermo</strong></span> <span class='ocrx_word' id='word_1_755' title='bbox 952 5822 1043 5892; x_wconf 83' lang='lat' dir='ltr'><strong>sit,</strong></span> <span class='ocrx_word' id='word_1_756' title='bbox 1085 5823 1180 5878; x_wconf 91' lang='lat' dir='ltr'><strong>sed</strong></span> <span class='ocrx_word' id='word_1_757' title='bbox 1219 5825 1400 5894; x_wconf 81' lang='lat' dir='ltr'><strong>potius</strong></span> <span class='ocrx_word' id='word_1_758' title='bbox 1440 5826 1851 5903; x_wconf 72' lang='lat' dir='ltr'><strong>confirmantis;</strong></span> <span class='ocrx_word' id='word_1_759' title='bbox 1885 5846 1971 5887; x_wconf 80' lang='lat' dir='ltr'><strong>sc~</strong></span> 
     </span>
    </p>
   </div>
   <div class='ocr_carea' id='block_1_104' title="bbox 2076 4658 3635 4734">
    <p class='ocr_par' dir='ltr' id='par_1_104' title="bbox 2076 4658 3635 4734">
     <span class='ocr_line' id='line_1_104' title="bbox 2076 4658 3635 4734; baseline 0.003 -22"><span class='ocrx_word' id='word_1_760' title='bbox 2076 4660 2211 4730; x_wconf 87' lang='lat' dir='ltr'><strong>legis</strong></span> <span class='ocrx_word' id='word_1_761' title='bbox 2252 4658 2423 4731; x_wconf 82' lang='lat' dir='ltr'><strong>Moysi</strong></span> <span class='ocrx_word' id='word_1_762' title='bbox 2470 4660 2765 4730; x_wconf 74' lang='lat' dir='ltr'><strong>iustiﬁcari</strong></span> <span class='ocrx_word' id='word_1_763' title='bbox 2811 4664 2972 4718; x_wconf 85' lang='lat' dir='ltr'><strong>homo</strong></span> <span class='ocrx_word' id='word_1_764' title='bbox 3019 4678 3128 4719; x_wconf 85' lang='lat' dir='ltr'><strong>non</strong></span> <span class='ocrx_word' id='word_1_765' title='bbox 3174 4666 3370 4734; x_wconf 64' lang='lat' dir='ltr'><strong>possit,</strong></span> <span class='ocrx_word' id='word_1_766' title='bbox 3401 4664 3506 4720; x_wconf 85' lang='lat' dir='ltr'><strong>nisi</strong></span> <span class='ocrx_word' id='word_1_767' title='bbox 3543 4664 3635 4717; x_wconf 84' lang='lat' dir='ltr'><strong>ba-</strong></span> 
     </span>
    </p>
   </div>
   <div class='ocr_carea' id='block_1_105' title="bbox 2072 4749 3631 4822">
    <p class='ocr_par' dir='ltr' id='par_1_105' title="bbox 2072 4749 3631 4822">
     <span class='ocr_line' id='line_1_105' title="bbox 2072 4749 3631 4822; baseline 0.002 -19"><span class='ocrx_word' id='word_1_768' title='bbox 2072 4749 2252 4804; x_wconf 90' lang='lat' dir='ltr'><strong>buerit</strong></span> <span class='ocrx_word' id='word_1_769' title='bbox 2282 4762 2336 4806; x_wconf 90' lang='lat' dir='ltr'><strong>et</strong></span> <span class='ocrx_word' id='word_1_770' title='bbox 2367 4751 2526 4806; x_wconf 86' lang='lat' dir='ltr'><strong>ﬁdem</strong></span> <span class='ocrx_word' id='word_1_771' title='bbox 2557 4771 2571 4807; x_wconf 88' lang='lat'><strong>:</strong></span> <span class='ocrx_word' id='word_1_772' title='bbox 2604 4767 2724 4822; x_wconf 82' lang='lat' dir='ltr'><strong>quae</strong></span> <span class='ocrx_word' id='word_1_773' title='bbox 2756 4754 2966 4807; x_wconf 89' lang='lat' dir='ltr'><strong>veniam</strong></span> <span class='ocrx_word' id='word_1_774' title='bbox 3015 4755 3108 4807; x_wconf 90' lang='lat' dir='ltr'><strong>dat</strong></span> <span class='ocrx_word' id='word_1_775' title='bbox 3146 4755 3387 4810; x_wconf 85' lang='lat' dir='ltr'><strong>credenti</strong></span> <span class='ocrx_word' id='word_1_776' title='bbox 3419 4754 3474 4808; x_wconf 89' lang='lat' dir='ltr'><strong>in</strong></span> <span class='ocrx_word' id='word_1_777' title='bbox 3506 4753 3631 4808; x_wconf 85' lang='lat' dir='ltr'><strong>Deo.</strong></span> 
     </span>
    </p>
   </div>
   <div class='ocr_carea' id='block_1_106' title="bbox 2073 4840 3635 4918">
    <p class='ocr_par' dir='ltr' id='par_1_106' title="bbox 2073 4840 3635 4918">
     <span class='ocr_line' id='line_1_106' title="bbox 2073 4840 3635 4918; baseline 0.002 -21"><span class='ocrx_word' id='word_1_778' title='bbox 2073 4840 2193 4897; x_wconf 83' lang='lat' dir='ltr'><strong>Non</strong></span> <span class='ocrx_word' id='word_1_779' title='bbox 2227 4843 2374 4899; x_wconf 90' lang='lat' dir='ltr'><strong>enim</strong></span> <span class='ocrx_word' id='word_1_780' title='bbox 2408 4844 2502 4914; x_wconf 89' lang='lat' dir='ltr'><strong>qui</strong></span> <span class='ocrx_word' id='word_1_781' title='bbox 2545 4845 2779 4901; x_wconf 88' lang='lat' dir='ltr'><strong>credunt</strong></span> <span class='ocrx_word' id='word_1_782' title='bbox 2808 4846 2863 4900; x_wconf 90' lang='lat' dir='ltr'><strong>in</strong></span> <span class='ocrx_word' id='word_1_783' title='bbox 2898 4845 3138 4911; x_wconf 86' lang='lat' dir='ltr'><strong>Christo,</strong></span> <span class='ocrx_word' id='word_1_784' title='bbox 3168 4848 3292 4902; x_wconf 88' lang='lat' dir='ltr'><strong>sine</strong></span> <span class='ocrx_word' id='word_1_785' title='bbox 3319 4848 3437 4918; x_wconf 88' lang='lat' dir='ltr'><strong>iege</strong></span> <span class='ocrx_word' id='word_1_786' title='bbox 3467 4848 3635 4901; x_wconf 81' lang='lat' dir='ltr'><strong>vivere</strong></span> 
     </span>
    </p>
   </div>
   <div class='ocr_carea' id='block_1_107' title="bbox 2075 4947 2329 5008">
    <p class='ocr_par' dir='ltr' id='par_1_107' title="bbox 2075 4947 2329 5008">
     <span class='ocr_line' id='line_1_107' title="bbox 2075 4947 2329 5008; baseline 0.004 -17"><span class='ocrx_word' id='word_1_787' title='bbox 2075 4947 2329 5008; x_wconf 87' lang='lat' dir='ltr'><strong>possunt.</strong></span> 
     </span>
    </p>
   </div>
   <div class='ocr_carea' id='block_1_108' title="bbox 2151 5051 3631 5122">
    <p class='ocr_par' dir='ltr' id='par_1_108' title="bbox 2151 5051 3631 5122">
     <span class='ocr_line' id='line_1_108' title="bbox 2151 5051 3631 5122; baseline 0.011 -19"><span class='ocrx_word' id='word_1_788' title='bbox 2151 5068 2171 5103; x_wconf 74' lang='grc' dir='ltr'>ι</span> <span class='ocrx_word' id='word_1_789' title='bbox 2218 5051 2355 5119; x_wconf 91' lang='lat' dir='ltr'><strong>Quia</strong></span> <span class='ocrx_word' id='word_1_790' title='bbox 2391 5052 2568 5122; x_wconf 87' lang='lat' dir='ltr'><strong>justus</strong></span> <span class='ocrx_word' id='word_1_791' title='bbox 2611 5069 2677 5108; x_wconf 88' lang='lat' dir='ltr'><strong>ex</strong></span> <span class='ocrx_word' id='word_1_792' title='bbox 2714 5054 2818 5110; x_wconf 87' lang='lat' dir='ltr'><strong>ﬁde</strong></span> <span class='ocrx_word' id='word_1_793' title='bbox 2851 5054 3000 5111; x_wconf 80' lang='lat' dir='ltr'><strong>vivit.</strong></span> <span class='ocrx_word' id='word_1_794' title='bbox 3036 5075 3057 5109; x_wconf 82' lang='lat' dir='ltr'><strong>s</strong></span> <span class='ocrx_word' id='word_1_795' title='bbox 3101 5055 3351 5114; x_wconf 79' lang='lat' dir='ltr'><strong>Perfecta</strong></span> <span class='ocrx_word' id='word_1_796' title='bbox 3382 5056 3631 5119; x_wconf 53' lang='lat' dir='ltr'><strong>ﬁdesaut</strong></span> 
     </span>
    </p>
   </div>
   <div class='ocr_carea' id='block_1_109' title="bbox 2075 5144 3451 5214">
    <p class='ocr_par' dir='ltr' id='par_1_109' title="bbox 2075 5144 3451 5214">
     <span class='ocr_line' id='line_1_109' title="bbox 2075 5144 3451 5214; baseline 0.005 -17"><span class='ocrx_word' id='word_1_797' title='bbox 2075 5158 2183 5198; x_wconf 90' lang='lat' dir='ltr'><strong>non</strong></span> <span class='ocrx_word' id='word_1_798' title='bbox 2217 5145 2391 5199; x_wconf 87' lang='lat' dir='ltr'><strong>solum</strong></span> <span class='ocrx_word' id='word_1_799' title='bbox 2419 5144 2725 5214; x_wconf 83' lang='lat' dir='ltr'><strong>Christum,</strong></span> <span class='ocrx_word' id='word_1_800' title='bbox 2752 5149 2848 5204; x_wconf 87' lang='lat' dir='ltr'><strong>sed</strong></span> <span class='ocrx_word' id='word_1_801' title='bbox 2879 5160 2935 5202; x_wconf 89' lang='lat' dir='ltr'><strong>et</strong></span> <span class='ocrx_word' id='word_1_802' title='bbox 2966 5149 3184 5205; x_wconf 85' lang='lat' dir='ltr'><strong>Christo</strong></span> <span class='ocrx_word' id='word_1_803' title='bbox 3209 5149 3451 5207; x_wconf 86' lang='lat' dir='ltr'><strong>credere.</strong></span> 
     </span>
    </p>
   </div>
   <div class='ocr_carea' id='block_1_110' title="bbox 2148 5236 3626 5314">
    <p class='ocr_par' dir='ltr' id='par_1_110' title="bbox 2148 5236 3626 5314">
     <span class='ocr_line' id='line_1_110' title="bbox 2148 5236 3626 5314; baseline 0.004 -25"><span class='ocrx_word' id='word_1_804' title='bbox 2148 5254 2169 5288; x_wconf 71' lang='grc' dir='ltr'>ς</span> <span class='ocrx_word' id='word_1_805' title='bbox 2201 5236 2311 5292; x_wconf 86' lang='lat' dir='ltr'><strong>Lex</strong></span> <span class='ocrx_word' id='word_1_806' title='bbox 2335 5251 2518 5294; x_wconf 91' lang='lat' dir='ltr'><strong>autem</strong></span> <span class='ocrx_word' id='word_1_807' title='bbox 2548 5255 2654 5295; x_wconf 89' lang='lat' dir='ltr'><strong>non</strong></span> <span class='ocrx_word' id='word_1_808' title='bbox 2684 5252 2765 5297; x_wconf 87' lang='lat' dir='ltr'><strong>est</strong></span> <span class='ocrx_word' id='word_1_809' title='bbox 2794 5255 2862 5296; x_wconf 91' lang='lat' dir='ltr'><strong>ex</strong></span> <span class='ocrx_word' id='word_1_810' title='bbox 2891 5242 3021 5298; x_wconf 86' lang='lat' dir='ltr'><strong>ﬁde.</strong></span> <span class='ocrx_word' id='word_1_811' title='bbox 3050 5260 3069 5294; x_wconf 71' lang='grc' dir='ltr'><strong>ι</strong></span> <span class='ocrx_word' id='word_1_812' title='bbox 3105 5241 3221 5297; x_wconf 80' lang='lat' dir='ltr'><strong>Non</strong></span> <span class='ocrx_word' id='word_1_813' title='bbox 3240 5243 3499 5314; x_wconf 85' lang='lat' dir='ltr'><strong>justiﬁcat</strong></span> <span class='ocrx_word' id='word_1_814' title='bbox 3521 5239 3626 5295; x_wconf 80' lang='lat' dir='ltr'><strong>sola</strong></span> 
     </span>
    </p>
   </div>
   <div class='ocr_carea' id='block_1_111' title="bbox 2076 5328 2230 5384">
    <p class='ocr_par' dir='ltr' id='par_1_111' title="bbox 2076 5328 2230 5384">
     <span class='ocr_line' id='line_1_111' title="bbox 2076 5328 2230 5384; baseline 0.013 -2"><span class='ocrx_word' id='word_1_815' title='bbox 2076 5328 2230 5384; x_wconf 83' lang='lat' dir='ltr'><strong>ﬁdes.</strong></span> 
     </span>
    </p>
   </div>
   <div class='ocr_carea' id='block_1_112' title="bbox 2208 5443 3624 5516">
    <p class='ocr_par' dir='ltr' id='par_1_112' title="bbox 2208 5443 3624 5516">
     <span class='ocr_line' id='line_1_112' title="bbox 2208 5443 3624 5516; baseline 0.001 -18"><span class='ocrx_word' id='word_1_816' title='bbox 2208 5443 2314 5500; x_wconf 90' lang='lat' dir='ltr'><strong>Sed</strong></span> <span class='ocrx_word' id='word_1_817' title='bbox 2347 5448 2436 5516; x_wconf 90' lang='lat' dir='ltr'><strong>qni</strong></span> <span class='ocrx_word' id='word_1_818' title='bbox 2475 5445 2665 5502; x_wconf 85' lang='lat' dir='ltr'><strong>fecerit</strong></span> <span class='ocrx_word' id='word_1_819' title='bbox 2695 5462 2780 5514; x_wconf 92' lang='lat' dir='ltr'><strong>ea,</strong></span> <span class='ocrx_word' id='word_1_820' title='bbox 2807 5447 2951 5505; x_wconf 88' lang='lat' dir='ltr'><strong>vivet</strong></span> <span class='ocrx_word' id='word_1_821' title='bbox 2984 5449 3037 5504; x_wconf 90' lang='lat' dir='ltr'><strong>in</strong></span> <span class='ocrx_word' id='word_1_822' title='bbox 3069 5449 3198 5505; x_wconf 89' lang='lat' dir='ltr'><strong>illis.</strong></span> <span class='ocrx_word' id='word_1_823' title='bbox 3239 5469 3260 5503; x_wconf 77' lang='grc' dir='ltr'><strong><em>ι</em></strong></span> <span class='ocrx_word' id='word_1_824' title='bbox 3306 5448 3417 5505; x_wconf 91' lang='lat' dir='ltr'><strong>Suo</strong></span> <span class='ocrx_word' id='word_1_825' title='bbox 3456 5448 3624 5504; x_wconf 85' lang='lat' dir='ltr'><strong>labore</strong></span> 
     </span>
    </p>
   </div>
   <div class='ocr_carea' id='block_1_113' title="bbox 2075 5538 3331 5609">
    <p class='ocr_par' dir='ltr' id='par_1_113' title="bbox 2075 5538 3331 5609">
     <span class='ocr_line' id='line_1_113' title="bbox 2075 5538 3331 5609; baseline 0.003 -16"><span class='ocrx_word' id='word_1_826' title='bbox 2075 5538 2362 5607; x_wconf 86' lang='lat' dir='ltr'><strong>conquirat</strong></span> <span class='ocrx_word' id='word_1_827' title='bbox 2381 5539 2673 5609; x_wconf 86' lang='lat' dir='ltr'><strong>justitiam,</strong></span> <span class='ocrx_word' id='word_1_828' title='bbox 2700 5552 2754 5596; x_wconf 90' lang='lat' dir='ltr'><strong>et</strong></span> <span class='ocrx_word' id='word_1_829' title='bbox 2782 5542 2927 5596; x_wconf 89' lang='lat' dir='ltr'><strong>vivet</strong></span> <span class='ocrx_word' id='word_1_830' title='bbox 2960 5543 3015 5598; x_wconf 92' lang='lat' dir='ltr'><strong>in</strong></span> <span class='ocrx_word' id='word_1_831' title='bbox 3042 5554 3331 5599; x_wconf 64' lang='lat' dir='ltr'><strong>mternum.</strong></span> 
     </span>
    </p>
   </div>
   <div class='ocr_carea' id='block_1_114' title="bbox 2154 5650 3617 5728">
    <p class='ocr_par' dir='ltr' id='par_1_114' title="bbox 2154 5650 3617 5728">
     <span class='ocr_line' id='line_1_114' title="bbox 2154 5650 3617 5728; baseline 0.005 -25"><span class='ocrx_word' id='word_1_832' title='bbox 2154 5670 2173 5703; x_wconf 73' lang='grc' dir='ltr'>ι</span> <span class='ocrx_word' id='word_1_833' title='bbox 2206 5650 2457 5708; x_wconf 85' lang='lat' dir='ltr'><strong>Christus</strong></span> <span class='ocrx_word' id='word_1_834' title='bbox 2483 5670 2580 5709; x_wconf 86' lang='lat' dir='ltr'><strong>nos</strong></span> <span class='ocrx_word' id='word_1_835' title='bbox 2608 5655 2835 5711; x_wconf 87' lang='lat' dir='ltr'><strong>redemit</strong></span> <span class='ocrx_word' id='word_1_836' title='bbox 2867 5657 2930 5713; x_wconf 89' lang='lat' dir='ltr'><strong>de</strong></span> <span class='ocrx_word' id='word_1_837' title='bbox 2962 5657 3251 5713; x_wconf 70' lang='lat' dir='ltr'><strong>maledicto</strong></span> <span class='ocrx_word' id='word_1_838' title='bbox 3279 5658 3435 5728; x_wconf 69' lang='lat' dir='ltr'><strong>legis.</strong></span> <span class='ocrx_word' id='word_1_839' title='bbox 3466 5657 3617 5710; x_wconf 73' lang='lat' dir='ltr'><strong>iactu</strong></span> 
     </span>
    </p>
   </div>
   <div class='ocr_carea' id='block_1_115' title="bbox 2077 5744 3617 5815">
    <p class='ocr_par' dir='ltr' id='par_1_115' title="bbox 2077 5744 3617 5815">
     <span class='ocr_line' id='line_1_115' title="bbox 2077 5744 3617 5815; baseline 0.001 -19"><span class='ocrx_word' id='word_1_840' title='bbox 2077 5759 2178 5815; x_wconf 88' lang='lat' dir='ltr'><strong>pro</strong></span> <span class='ocrx_word' id='word_1_841' title='bbox 2229 5744 2385 5800; x_wconf 85' lang='lat' dir='ltr'><strong>nobis</strong></span> <span class='ocrx_word' id='word_1_842' title='bbox 2436 5746 2802 5802; x_wconf 86' lang='lat' dir='ltr'><strong>maledictum.</strong></span> <span class='ocrx_word' id='word_1_843' title='bbox 2842 5766 2861 5800; x_wconf 77' lang='grc' dir='ltr'><strong><em>ι</em></strong></span> <span class='ocrx_word' id='word_1_844' title='bbox 2907 5746 3009 5814; x_wconf 86' lang='lat' dir='ltr'><strong>Qui</strong></span> <span class='ocrx_word' id='word_1_845' title='bbox 3054 5750 3155 5803; x_wconf 88' lang='lat' dir='ltr'><strong>sub</strong></span> <span class='ocrx_word' id='word_1_846' title='bbox 3204 5747 3484 5803; x_wconf 81' lang='lat' dir='ltr'><strong>maledicto</strong></span> <span class='ocrx_word' id='word_1_847' title='bbox 3524 5754 3617 5798; x_wconf 82' lang='lat' dir='ltr'><strong>non</strong></span> 
     </span>
    </p>
   </div>
   <div class='ocr_carea' id='block_1_116' title="bbox 2077 5826 3616 5912">
    <p class='ocr_par' dir='ltr' id='par_1_116' title="bbox 2077 5826 3616 5912">
     <span class='ocr_line' id='line_1_116' title="bbox 2077 5826 3616 5912; baseline 0 -22"><span class='ocrx_word' id='word_1_848' title='bbox 2077 5848 2195 5891; x_wconf 79' lang='lat' dir='ltr'><strong>erat</strong></span> <span class='ocrx_word' id='word_1_849' title='bbox 2224 5852 2239 5891; x_wconf 89' lang='lat'><strong>:</strong></span> <span class='ocrx_word' id='word_1_850' title='bbox 2272 5837 2395 5905; x_wconf 80' lang='lat' dir='ltr'><strong>quia</strong></span> <span class='ocrx_word' id='word_1_851' title='bbox 2429 5854 2523 5909; x_wconf 86' lang='lat' dir='ltr'><strong>per</strong></span> <span class='ocrx_word' id='word_1_852' title='bbox 2553 5840 2732 5895; x_wconf 85' lang='lat' dir='ltr'><strong>omnia</strong></span> <span class='ocrx_word' id='word_1_853' title='bbox 2763 5841 2932 5912; x_wconf 78' lang='lat' dir='ltr'><strong>legem</strong></span> <span class='ocrx_word' id='word_1_854' title='bbox 2962 5826 3223 5910; x_wconf 76' lang='lat' dir='ltr'><strong>implevit.</strong></span> <span class='ocrx_word' id='word_1_855' title='bbox 3258 5839 3320 5894; x_wconf 83' lang='lat' dir='ltr'><strong>Et</strong></span> <span class='ocrx_word' id='word_1_856' title='bbox 3352 5840 3469 5896; x_wconf 86' lang='lat' dir='ltr'><strong>ideo</strong></span> <span class='ocrx_word' id='word_1_857' title='bbox 3490 5836 3616 5891; x_wconf 67' lang='lat' dir='ltr'><strong>indt-</strong></span> 
     </span>
    </p>
   </div>
  </div>
