3954 6194
235 371 343 438 διε

1222 372 1636 436 EXPOSITIO
1666 372 1748 436 IN
1780 371 2015 439 EPIST.
2055 373 2171 435 Ατο-
2192 371 2449 434 GALAT

3390 360 3527 425 850*

235 484 349 540 hito
380 481 667 539 maledicto
699 483 819 557 ejus
849 487 1092 539 nostrum
1116 480 1355 537 debitum
1391 490 1804 554 compensatum
1834 483 1888 547 Α
1986 502 2006 535 ι
2047 480 2309 537 Ordinata
2366 497 2464 552 per
2494 481 2738 552 angelos.
2780 497 2800 531 ι
2833 478 2949 535 Hoc
2992 478 3115 535 loco
3151 477 3359 541 Mosen.
3410 476 3506 532 Dei

236 586 337 641 est,
370 584 429 631 ut
462 575 658 631 liberet
691 584 1042 631 transeuntes
1075 574 1140 627 ad
1170 573 1351 632 ﬁdem.

310 688 329 720 ι
364 666 501 736 Quia
531 668 795 740 scriptum
826 675 951 724 est:
982 664 1304 721 Maledictus
1331 666 1512 723 omnis
1543 668 1635 737 qui
1686 680 1820 735 pen-

235 762 324 818 det
351 761 406 814 in
435 760 604 830 ligno.
637 779 656 812 ι
691 759 783 815 Sic
812 767 900 814 est
934 758 1200 827 scriptum
1234 775 1249 816 :
1280 757 1339 813 Si
1369 759 1455 811 cui
1484 758 1645 828 fuerit
1666 758 1821 828 judi-

236 854 380 906 ciunt
412 852 622 917 mortis,
661 851 991 916 suspendetis
1042 866 1161 906 eum
1207 851 1263 905 in
1310 849 1455 921 ligno
1490 850 1673 918 (Deut.
1704 865 1820 916 nt,

235 947 352 1017 ἓξ).
390 945 507 1001 Non
555 946 677 1001 ideo
709 946 1051 1014 maledictus,
1087 946 1213 1016 quia
1269 947 1503 1018 pendet;
1552 946 1646 1002 sed
1700 947 1824 1002 ideo

235 1039 458 1106 pendet,
499 1038 627 1107 quia
683 1036 1028 1092 maledictus.
1074 1035 1326 1093 Christus
1371 1051 1528 1109 ergo,
1567 1037 1656 1094 cui
1714 1052 1823 1092 non

236 1136 352 1183 erat
375 1127 639 1197 judicium
665 1127 881 1196 mortis,
909 1142 1011 1184 nec
1036 1140 1202 1185 causa
1223 1129 1521 1185 subeundae
1543 1129 1747 1193 crucis,
1771 1139 1827 1184 et

240 1218 513 1275 maledicti
544 1229 755 1286 reatus,
791 1234 889 1288 pro
929 1220 1090 1276 nobis
1127 1218 1478 1275 maledictum
1530 1218 1773 1289 suscepit
1811 1236 1827 1274 :

237 1309 366 1380 quia
407 1325 600 1367 omnes
634 1311 912 1368 maledicti
964 1326 1209 1378 eramus,
1249 1320 1304 1366 et
1346 1311 1517 1367 debiti
1566 1312 1734 1382 ligno,
1768 1318 1822 1367 et

240 1402 364 1456 ideo
394 1402 671 1459 maledicti
697 1418 715 1471 ;
752 1402 875 1473 quia
910 1417 1018 1457 non
1057 1400 1463 1474 permansintus
1493 1401 1549 1456 in
1578 1402 1831 1459 omnibus

243 1509 365 1563 qua:
390 1495 596 1564 scripta
631 1505 791 1550 erant
819 1491 874 1550 in
907 1493 1046 1565 lege.

319 1603 340 1637 σ
373 1585 443 1641 Ut
490 1586 546 1641 in
586 1587 842 1658 gentibus
910 1585 1220 1642 benedictio
1279 1586 1513 1643 Abrahte
1576 1586 1731 1642 ﬁeret
1778 1586 1832 1641 in

192 1731 201 1737 .
248 1676 473 1733 Christo
494 1676 645 1733 Jesu.
689 1695 710 1731 ι
745 1678 819 1735 Ut
843 1678 956 1734 sola
996 1677 1100 1733 ﬁde
1126 1687 1317 1748 gentes
1375 1678 1834 1734 benedicerentur

241 1770 297 1825 in
326 1766 570 1835 Christo,
604 1770 744 1825 sicut
772 1771 1103 1840 promissum
1129 1771 1307 1826 fuerat
1331 1771 1586 1826 Abrahae.

316 1877 339 1912 ι
362 1857 433 1915 Ut
448 1860 896 1931 pollicitationem
919 1861 1141 1930 spiritus
1159 1862 1487 1930 accipiamus
1504 1876 1600 1931 per
1619 1861 1832 1916 ﬁdem.»

250 1950 385 2016 Quae
414 1967 510 2021 per
531 1950 736 2008 Joelem
788 1954 1111 2024 pr0phetam
1173 1954 1321 2008 omni
1352 1954 1503 2009 carni
1561 1955 1837 2024 promissa

247 2053 354 2109 εει,
379 2043 433 2097 id
468 2050 573 2109 est,
606 2044 862 2100 universo
889 2045 1075 2113 generi
1104 2044 1411 2099 hominum.

328 2134 607 2200 «Fratres,
632 2139 929 2193 secundum
974 2137 1253 2192 hominem
1305 2137 1430 2193 dico
1461 2145 1682 2194 :tamen
1736 2139 1836 2194 ho-

254 2229 422 2283 minis
454 2227 835 2284 conﬁrmatum
887 2238 1302 2286 testamentum.
1346 2250 1365 2284 ι
1401 2232 1658 2289 Humano
1712 2248 1839 2287 utor

250 2320 504 2391 exemplo
539 2336 556 2376 :
589 2322 897 2393 comparari
960 2325 1105 2378 enim
1153 2323 1396 2379 humana
1453 2323 1675 2389 divinis,
1710 2338 1836 2395 pro-

248 2419 376 2481 pter
452 2411 843 2469 evidentiorem
912 2413 1244 2469 intellectum
1312 2422 1566 2484 possunt,
1632 2418 1836 2486 aequari

245 2518 359 2561 non
407 2512 657 2574 possunt.

324 2615 348 2648 ε
387 2594 558 2655 Nemo
592 2599 817 2667 spernit,
858 2608 950 2654 aut
978 2598 1379 2669 superordinat.
1412 2599 1646 2656 Abrahae
1681 2600 1839 2657 dicta:

244 2696 382 2744 sunt
435 2690 823 2759 promissiones
853 2731 869 2756 ,
916 2700 972 2747 et
1016 2690 1215 2746 semini
1279 2692 1431 2755 eius;
1450 2690 1568 2748 Non
1619 2692 1753 2748 dicit
1786 2703 1841 2748 et

250 2780 586 2847 seminibus,
622 2782 780 2853 quasi
808 2783 858 2836 in
904 2781 1129 2838 multis:
1170 2783 1263 2838 sed
1323 2784 1477 2852 quasi
1512 2784 1564 2838 in
1618 2799 1750 2851 uno,
1785 2794 1840 2840 et

244 2872 450 2928 semini
478 2882 592 2938 tuo,
625 2875 717 2945 qui
758 2882 841 2929 est
891 2871 1166 2930 Christus.
1208 2891 1227 2926 ι
1265 2873 1401 2941 Quia
1455 2882 1578 2945 post
1629 2884 1838 2931 tantum

264 2965 518 3035 emporia
550 2967 671 3021 data
702 2966 787 3022 lex
819 2974 924 3024 est.

328 3076 351 3112 ε
382 3057 500 3114 Hoc
545 3069 727 3114 autem
758 3059 885 3115 dico
935 3067 1325 3117 testamentum
1375 3060 1763 3118 conﬁrmatum
1805 3078 1837 3117 a

246 3149 392 3206 Deo.
434 3168 456 3202 ι
496 3149 554 3205 1η
588 3150 805 3206 Christo
828 3149 980 3206 Iesu.

327 3261 351 3293 ε
387 3239 517 3306 Quae
551 3250 674 3312 post
692 3243 1126 3313 quadringentos
1150 3252 1205 3298 et
1228 3243 1448 3314 triginta
1475 3258 1666 3311 annos,
1698 3243 1835 3299 facta

244 3342 341 3389 est
392 3330 520 3388 lex:
559 3347 666 3388 non
732 3333 950 3390 irritum
1002 3333 1138 3390 facit
1184 3336 1251 3391 ad
1305 3337 1670 3392 evacuandam
1715 3351 1841 3407 pro-

248 3423 602 3479 missionem.
642 3442 662 3476 ι
699 3420 776 3480 Ne
812 3426 938 3495 quis
975 3435 1130 3496 putet
1152 3441 1275 3482 esse
1309 3427 1669 3493 contrarium,
1704 3442 1840 3497 quo-

244 3515 411 3570 niam
446 3515 497 3570 in
530 3515 668 3571 libro
694 3514 972 3572 Geneseos
1002 3517 1068 3571 ad
1093 3518 1367 3572 Abraham
1403 3532 1432 3571 a
1458 3518 1568 3573 Deo
1598 3517 1839 3574 dicitur:

248 3602 415 3660 Scito
435 3620 781 3673 prtenoscens,
815 3608 956 3680 quod
992 3609 1331 3681 peregrinum
1373 3610 1615 3677 futurum
1662 3613 1732 3666 sit
1764 3628 1844 3666 se-

240 3712 386 3753 mis
407 3706 553 3752 tuum
582 3700 637 3753 iu
664 3709 804 3754 terra
829 3717 932 3756 non
964 3718 1064 3757 sua
1097 3717 1118 3757 :
1140 3712 1190 3757 et
1234 3703 1515 3772 subjicient
1542 3721 1630 3759 eos
1682 3705 1847 3759 servi-

244 3790 396 3853 tuti,
425 3801 474 3843 et
505 3791 726 3862 aﬁligent
753 3794 1162 3865 quadringentos
1188 3811 1354 3849 annos
1397 3794 1552 3865 (Gen.
1585 3810 1678 3860 xv,
1706 3795 1792 3867 l5)
1827 3812 1843 3863 ;

234 3881 444 3938 et'bic
495 3885 788 3955 Apostolus
826 3885 1073 3957 ’triginta
1124 3900 1298 3941 annos
1356 3885 1593 3955 amplius
1657 3896 1843 3958 ponat.

228 3974 420 4042 Quod
451 3986 630 4031 autem
653 3977 810 4041 dicit,
853 3979 956 4035 hoc
1018 3986 1126 4044 est,
1185 3978 1595 4048 septuagesimo
1650 3979 1848 4050 quinto

1920 587 1974 632 et
2011 576 2363 630 Hebraeorum
2414 574 2771 629 mediatorem
2806 613 2822 640 ,
2863 571 3135 644 signiﬁcat
3189 571 3361 639 legent
3415 583 3541 637 per

1922 669 2172 738 angelum
2213 667 2426 723 Domini
2460 666 2740 737 accepisse
2770 682 2785 731 ;
2811 665 2954 721 sicut
2986 664 3040 719 in
3094 664 3234 719 libro
3277 662 3537 716 Actuum'

1922 759 2288 831 apostolorum
2323 759 2633 826 Stephanus
2688 756 2995 814 dicit:Hic
3051 764 3130 810 est
3192 753 3367 808 Moses
3421 752 3513 822 qui

1924 854 2029 923 fuit
2050 852 2104 906 in
2141 849 2384 907 Ecclesia
2419 852 2475 905 in
2504 849 2790 904 solitudine
2815 865 2934 904 cum
2964 846 3176 918 angelo,
3207 847 3300 916 qui
3330 845 3512 907 loque-

1925 946 2083 1000 batur
2111 946 2158 1001 ei
2187 945 2242 999 in
2276 952 2452 999 monte
2487 942 2620 999 Sina
2649 943 2787 1014 (Act.
2819 957 2918 1009 vn,
2959 940 3074 1011 58).
3115 939 3247 995 Item
3289 938 3517 1009 legimus

1927 1040 2148 1110 angelos
2174 1054 2268 1109 per
2292 1038 2464 1109 legem
2506 1052 2649 1107 saepe
2681 1035 2881 1106 popqu
2908 1035 3160 1090 aﬁ'uisse.

2006 1149 2025 1184 ‹
2068 1130 2124 1187 In
2158 1146 2327 1186 manu
2368 1128 2703 1185 mediatoris.
2742 1147 2760 1181 t
2790 1128 2919 1185 Sive
2972 1127 3107 1183 Mosi
3163 1126 3243 1197 (ut
3293 1124 3519 1197 qttidam

1929 1224 2170 1297 putant),
2199 1225 2314 1280 sive
2370 1223 2596 1280 Christi.
2630 1222 2768 1279 Nam
2823 1231 2877 1277 et
2920 1221 3119 1288 Moses,
3151 1219 3327 1286 aiunt,
3377 1218 3523 1275 inter

1933 1318 2102 1373 Deum
2138 1324 2189 1371 et
2211 1315 2468 1387 populum
2500 1316 2710 1371 medius
2745 1315 2868 1371 fuit.

2010 1426 2029 1460 ι
2059 1406 2324 1463 Mediator
2352 1414 2533 1461 autem
2583 1406 2745 1462 unius
2771 1420 2879 1463 non
2902 1413 3003 1462 est.
3050 1423 3068 1459 ι
3102 1405 3161 1462 ld
3220 1414 3325 1472 est,
3361 1403 3524 1461 unius

1934 1500 2129 1571 partis.

2012 1613 2031 1646 «
2068 1593 2209 1648 Deus
2240 1602 2418 1648 autem
2483 1593 2648 1648 unius
2669 1598 2777 1647 est.
2810 1610 2830 1644 ι
2866 1588 2983 1646 Ηοε
3048 1590 3170 1646 ideo
3229 1588 3401 1654 addit,
3453 1601 3522 1642 ne

1937 1685 2059 1757 quis
2082 1693 2295 1753 putaret
2330 1683 2623 1740 Christum
2672 1682 2998 1738 ab-unitate
3069 1681 3264 1736 divinm
3318 1685 3529 1733 natura!

1944 1775 2163 1847 penitus
2194 1790 2314 1831 esse
2341 1775 2573 1831 divisum
2603 1790 2618 1829 :
2656 1774 2784 1845 quia
2819 1772 3140 1829 mediatoris
3194 1770 3531 1840 suscepisset

1944 1866 2119 1924 olllciu
2129 1884 2200 1923 nt.

2017 1977 2036 2011 ι
2072 1958 2181 2013 Lex
2247 1973 2377 2032 ergo
2426 1960 2690 2015 adversus
2742 1958 3012 2025 promissa
3061 1958 3151 2013 Dei
3186 1954 3429 2010 ?Absitl
3469 1952 3529 2008 Si

1939 2054 2085 2110 enim
2110 2053 2237 2108 data
2264 2064 2415 2109 esset
2444 2053 2556 2119 lex,
2581 2067 2702 2123 quae
2730 2061 2915 2123 posset
2956 2051 3258 2115 vivilicare,
3290 2060 3421 2123 vere
3462 2059 3530 2099 ex

1939 2144 2060 2216 lege
2086 2154 2236 2201 esset
2260 2144 2495 2216 iustitia.
2536 2162 2556 2196 ι
2596 2143 2750 2199 Sicut
2781 2143 2847 2197 ad
2890 2141 3168 2198 Romanos
3216 2138 3293 2193 ait
3326 2154 3340 2189 :
3377 2134 3530 2202 Quod

1939 2235 2259 2306 impossibile
2284 2246 2399 2291 erat
2432 2235 2555 2305 legi,
2575 2236 2627 2289 in
2658 2251 2762 2305 quo
2788 2232 3170 2303 infirmabatur
3189 2229 3371 2302 (Rom.
3406 2241 3527 2295 vttt,

1939 2328 2018 2399 5),
2052 2328 2283 2394 scilicet,
2306 2342 2428 2397 qua:
2457 2342 2488 2381 a
2524 2325 2744 2381 nemine
2767 2326 3114 2380 servabatur.

2017 2441 2035 2474 ι
2071 2419 2178 2477 Sed
2212 2419 2484 2475 conclusit
2510 2417 2797 2493 Scriptura
2825 2418 3008 2472 omnia
3030 2416 3133 2472 sub
3160 2426 3385 2485 peccato
3408 2434 3431 2474 :
3462 2426 3525 2473 ut

1937 2512 2228 2583 promissio
2251 2526 2315 2567 ex
2335 2511 2438 2565 ﬁde
2462 2510 2591 2566 Jesu
2608 2508 2812 2565 Christi
2840 2508 3066 2564 daretur
3092 2508 3464 2567 credentibus.
3492 2529 3513 2561 ι

1938 2604 2276 2659 Adveniente
2305 2602 2549 2670 Christo,
2580 2601 2671 2674 qui
2722 2600 2824 2657 sub
2858 2599 2975 2671 lege
3002 2600 3139 2656 Mosi
3189 2610 3370 2669 erant,
3398 2618 3535 2658 con-

1938 2696 2073 2751 clusi
2110 2704 2238 2750 sunt
2286 2704 2536 2766 peccato,
2570 2692 2617 2749 si
2678 2693 2818 2747 ultra
2867 2691 2922 2746 in
2952 2693 3091 2763 legis
3150 2693 3537 2750 observatione

1938 2801 2259 2857 permanere
2294 2785 2586 2841 voluerint.
2611 2783 2747 2852 Quia
2776 2782 3052 2838 maledicti
3082 2782 3177 2863 qui
3226 2783 3433 2838 umbrae
3462 2783 3541 2839 Ie-

1938 2878 2021 2948 gis
2044 2880 2439 2942 deservierttnt,
2490 2878 2718 2931 veritate
2740 2880 3032 2946 praesente.
3070 2872 3203 2929 Item
3268 2874 3531 2940 ostendit,

1937 2971 2195 3041 quoniam
2220 2986 2326 3024 non
2357 2970 2531 3040 potuit
2562 2968 2830 3033 inveniri,
2866 2967 2958 3045 qui
3004 2965 3233 3021 daretur
3293 2965 3529 3022 creden-

1937 3064 2116 3119 tibus:
2152 3070 2210 3116 ut
2240 3076 2465 3117 necesse
2493 3068 2639 3116 esset
2686 3059 2798 3115 sola
2842 3057 2950 3114 ﬁde
2979 3056 3180 3113 salvari
3213 3055 3532 3118 credentes.

2023 3173 2042 3207 ι
2072 3154 2230 3210 Prius
2264 3162 2468 3220 autem,
2495 3166 2658 3222 quam
2704 3150 2919 3206 veniret
2958 3147 3113 3204 ﬁdes.
3155 3165 3175 3200 ι
3208 3146 3532 3219 Priusquam

1947 3249 2177 3315 veniret,
2213 3245 2300 3302 cui
2334 3244 2709 3302 crederemus.

2022 3358 2042 3391 ι
2072 3337 2183 3395 Sub
2212 3337 2328 3409 lege
2357 3334 2819 3399 custouiebamur,
2850 3329 3092 3389 conclusi
3131 3330 3185 3387 in
3207 3344 3327 3387 eam
3355 3330 3542 3404 ﬁdem,

1948 3445 2068 3499 quae
2123 3427 2414 3483 revelanda
2478 3435 2597 3482 erat
2627 3464 2643 3481 .
2684 3442 2704 3478 ι
2755 3423 3122 3480 Servabamur
3155 3439 3187 3480 a
3246 3424 3365 3496 lege
3406 3422 3537 3480 huic

1951 3520 2099 3588 ﬁdei,
2129 3535 2248 3591 quae
2272 3528 2393 3576 erat
2423 3533 2523 3575 suo
2548 3528 2790 3589 tempore
2818 3516 3131 3572 revelanda.

2035 3631 2055 3665 ι
2093 3613 2285 3681 Itaque
2314 3612 2396 3667 lex
2425 3610 2748 3681 paedagogus
2775 3616 2962 3662 noster
2988 3605 3090 3661 fuit
3115 3606 3169 3661 in
3205 3604 3427 3661 Christo
3483 3611 3543 3660 ut

1956 3724 2023 3765 ex
2052 3707 2159 3763 ﬁde
2202 3704 2589 3778 justiﬁcemur.
2627 3721 2646 3754 ι
2674 3701 2754 3758 Ad
2795 3698 3137 3769 disciplinam
3184 3711 3285 3753 nos
3340 3695 3545 3752 arctius

1957 3810 2286 3857 retentans:
2343 3794 2642 3867 perfectam
2707 3784 3014 3848 doctrinam
3084 3803 3214 3845 vero
3275 3787 3544 3860 magistro

1958 3890 2236 3946 servabat.

2035 4000 2054 4035 ι
2088 3983 2157 4035 At
2191 3981 2281 4035 ubi
2314 3977 2459 4034 venit
2489 3977 2642 4043 ﬁdes,
2663 3974 2777 4048 iam
2826 3988 2936 4051 non
2976 3987 3169 4029 sumus
3199 3972 3302 4029 sub
3352 3970 3537 4044 paeda-

226 4064 443 4124 astatis
478 4083 589 4123 suae
640 4082 806 4135 anno,
841 4067 1118 4126 Abraham
1181 4069 1390 4139 accepit
1419 4084 1451 4125 a
1507 4069 1620 4127 Deo
1664 4086 1851 4142 repro.

222 4156 608 4227 missionem,
644 4172 675 4212 s
702 4172 809 4228 quo
843 4170 1090 4227 tempore
1151 4172 1325 4230 usque
1353 4158 1420 4213 ad
1471 4158 1685 4213 initium
1715 4159 1850 4230 legis

214 4246 536 4311 Mosaicae,
570 4247 955 4319 quadringenti
979 4258 1035 4303 et
1062 4248 1288 4318 triginta
1317 4248 1469 4315 anni,
1508 4250 1611 4303 hac
1644 4249 1853 4303 ratione

208 4339 633 4410 complentur.
657 4338 736 4395 Er
767 4350 1014 4412 tempore
1055 4340 1521 4411 repromissionis,
1561 4356 1737 4409 usque
1783 4357 1834 4397 at

1964 4347 2016 4403 in
2047 4346 2262 4403 Christo
2308 4343 2464 4401 Jesu.
2504 4359 2529 4397 ο
2565 4340 2876 4413 1Eq’ualiter
2912 4348 2970 4397 et
3025 4337 3201 4398 Judaei
3252 4346 3311 4395 et
3358 4344 3550 4413 gentes

213 4429 630 4489 centesimum
688 4446 889 4486 annum
951 4430 1480 4499 Abrahassqusndo
1518 4431 1671 4487 lsaac
1715 4431 1857 4487 ﬁlius
1964 4455 2060 4512 per
2119 4438 2294 4497 solam
2363 4436 2525 4495 ﬁdem
2588 4435 2687 4492 ﬁlii
2722 4434 2821 4491 Dei
2861 4433 3019 4500 estis,
3070 4446 3180 4507 qua
3235 4430 3549 4489 credidistis

212 4528 305 4584 ei
368 4533 536 4580 natus
594 4520 720 4592 fuit,
766 4523 959 4595 viginti
1005 4525 1248 4599 quinque
1297 4524 1429 4580 anni
1478 4534 1854 4581 numerantur.
1887 4530 2200 4595 Dahristo.

202 4619 474 4677 Postea
507 4614 699 4686 quinto
742 4616 917 4673 aetatis
966 4631 1132 4680 anno.
1158 4616 1311 4672 Isaac
1362 4616 1623 4688 parvulus
1655 4617 1725 4673 ab
1772 4616 1856 4674 ιε-
2035 4643 2059 4679 ι
2092 4622 2418 4697 Quicunque
2440 4621 2588 4679 enim
2618 4619 2676 4676 in
2702 4618 2923 4677 Christo
2952 4616 3081 4675 Jesu
3105 4615 3367 4691 bsptizati
3391 4616 3547 4683 estis,

196 4706 449 4773 maele
477 4707 881 4780 cmpitaﬂligi:
918 4709 1064 4766 sicut
1117 4709 1262 4764 idem
1296 4707 1590 4780 Apostolus
1639 4708 1694 4764 in
1756 4709 1857 4767 hac
1958 4717 2237 4774 Christum
2282 4713 2558 4772 indulstis.
2599 4732 2620 4768 ι
2668 4711 2868 4768 Filium
2916 4709 3014 4768 Dei
3079 4710 3294 4777 induti,
3335 4717 3392 4767 et
3450 4708 3549 4767 toti

186 4808 388 4877 ipsa
417 4798 659 4868 Epimola
707 4802 919 4857 scribit-
949 4800 1246 4858 Evidenter
1300 4816 1433 4874 ergo
1495 4810 1859 4869 monstratur.
1962 4810 2203 4866 membra
2235 4808 2355 4879 ejus
2385 4807 2589 4874 euecti,
2626 4806 2723 4862 mu
2745 4805 2840 4862 Dei
2882 4804 3027 4873 sitis,
3065 4816 3292 4860 necesse
3322 4811 3452 4876 est:
3488 4810 3552 4858 ut

183 4894 581 4959 secundum
641 4909 955 4951 sermonem
1015 4893 1113 4951 Dei
1166 4893 1237 4951 Id
1290 4895 1571 4952 Abraham
1615 4894 1857 4965 facturn,
1960 4902 2091 4974 quid
2126 4915 2258 4972 ergo
2291 4900 2448 4957 vobis
2504 4898 2617 4968 lex,
2665 4913 2788 4971 qua
2830 4896 3005 4955 servis
3061 4904 3119 4952 et
3171 4892 3550 4967 peccatoribus

174 4997 397 5070 post
432 4995 654 5042 centum
692 4987 917 5059 triginta
952 5001 1128 5044 annos
1174 4989 1643 5060 repromissionis,
1674 5004 1859 5046 semen
1961 4993 2091 5050 data
2121 5002 2231 5059 est,
2260 4991 2461 5063 quibus
2508 5006 2605 5064 per
2647 4991 2980 5064 baptismum
3042 4996 3268 5063 peccata
3322 4984 3573 5044 remissas

172 5086 267 5159 ej
280 5094 390 5139 us
415 5078 895 5150 persecutionibus
915 5079 1171 5136 laborare
1197 5079 1456 5151 coepisse.
1964 5097 2095 5144 sunt
2120 5086 2146 5141 ‘P

320 5191 361 5228 ε
409 5170 551 5227 Nam
581 5172 625 5227 si
654 5186 721 5228 ex
777 5172 893 5242 lege
956 5172 1279 5241 hereditas,
1308 5174 1423 5244 jam
1467 5189 1579 5230 non
1619 5190 1685 5231 ex
1736 5189 1864 5246 pro-
2042 5199 2063 5234 ε
2095 5179 2213 5236 Non
2246 5190 2331 5237 est
2360 5179 2603 5246 Judaeus,
2636 5194 2813 5250 neque
2869 5177 3088 5235 Graecus
3120 5193 3136 5233 :
3167 5188 3274 5230 non
3299 5180 3386 5231 est
3435 5186 3550 5228 ser-

1966 5288 2088 5338 vus,
2123 5288 2300 5340 neque
2327 5272 2468 5329 liber
2498 5290 2512 5327 :
2540 5285 2646 5328 non
2677 5280 2762 5327 est
2794 5271 3093 5334 mascitlus,
3115 5283 3293 5338 neque
3321 5266 3547 5321 femina.

1969 5367 2171 5422 Omnes
2198 5365 2344 5421 enim
2364 5376 2660 5436 vosgunum
2686 5365 2821 5420 estis
2849 5362 2903 5418 iu
2925 5360 3147 5418 Christo
3168 5358 3322 5417 Jesu.
3358 5377 3377 5412 ι
3409 5358 3552 5414 Ante

1970 5455 2115 5510 enim
2164 5470 2269 5509 non
2316 5454 2491 5509 solum
2557 5453 2702 5509 inter
2733 5452 2975 5508 Judaeum
3032 5460 3087 5506 et
3148 5448 3419 5515 Crtecutn,
3453 5446 3554 5503 sed

1969 5547 2133 5602 etiam
2166 5546 2312 5601 inter
2368 5544 2571 5602 tribum
2605 5557 2662 5603 et
2689 5546 2891 5602 tribum
2941 5551 3059 5598 erat
3090 5556 3282 5614 magna
3323 5540 3555 5597 diversi-

1975 5648 2079 5696 tas.

2053 5750 2072 5782 ι
2106 5732 2162 5786 Si
2187 5741 2367 5788 autem
2390 5746 2486 5788 vos
2512 5729 2738 5794 Christi,
2761 5742 2889 5800 ergo
2917 5741 3104 5784 semen
3139 5725 3368 5783 Abrahae
3394 5725 3550 5783 estis.

1974 5819 2272 5879 secundum
2355 5821 2767 5893 promissionem
2841 5818 3121 5877 hatredes.
3164 5836 3183 5871 ι
3248 5817 3305 5873 Si
3362 5830 3579 5873 omnes.

1959 4088 2118 4149 gogo.
2148 4092 2167 4127 ι
2205 4070 2466 4129 Perfecta
2495 4069 2673 4127 aetatis
2717 4065 2968 4138 discipuli
3015 4079 3123 4122 non
3158 4064 3404 4137 indigent
3436 4078 3544 4137 pat-

1961 4163 2294 4309 “llam
2313 4251 2463 4309 enim
2509 4248 2605 4306 ﬁlii
2631 4247 2729 4305 Dei
2758 4248 2891 4306 estis
2913 4262 3010 4322 per
3060 4245 3246 4313 ﬁdem,
3278 4258 3403 4316 qua:
3460 4251 3550 4301 est

168 5264 566 5337 missione.
596 5265 833 5322 Abrahae
869 5275 1049 5322 autem
1077 5282 1176 5337 per
1223 5268 1708 5339 repromissioncm
1767 5269 1866 5324 do-

166 5360 428 5430 navit
464 5356 631 5414 Deus.
669 5375 689 5410 ι
729 5356 847 5414 Non
881 5372 976 5428 per
1007 5357 1202 5427 legem,
1236 5374 1360 5429 qua:
1396 5359 1625 5415 necdum
1651 5369 1791 5415 erat.

302 5474 345 5512 α
408 5449 555 5518 Quid
587 5450 750 5521 igitur
781 5452 868 5507 lex
896 5451 921 5505 ἲ
963 5469 981 5502 ›
1022 5449 1203 5518 Quare
1235 5466 1366 5522 ergo
1402 5453 1526 5508 data
1559 5462 1644 5509 est
1667 5452 1797 5509 lex?

306 5566 345 5601 σ
430 5542 671 5612 Propter
715 5542 1207 5612 transgressionem
1263 5542 1439 5614 posita
1512 5550 1630 5610 εει,
1690 5545 1867 5599 donec

156 5660 345 5708 ven
362 5638 490 5695 iret
523 5647 706 5689 semen
744 5634 830 5690 cui
861 5635 1205 5705 promiserat.
1240 5653 1259 5688 ι
1296 5634 1592 5707 Propterea
1617 5637 1736 5693 data
1763 5646 1865 5705 est,

162 5759 263 5805 οι
330 5745 471 5790 nos
503 5744 615 5784 non
678 5728 1007 5798 transgredi,
1048 5727 1132 5782 vel
1187 5738 1430 5801 cogeret,
1486 5728 1569 5785 vel
1626 5729 1864 5797 doceret,

158 5840 451 5906 usque
489 5821 621 5878 dum
656 5821 905 5879 Christus
947 5822 1173 5878 veniret.
