3956 6196
298 290 403 352 85'!

1290 287 1704 350 EXPOSITIO
1740 288 1826 349 IN
1857 289 2098 352 EPIST.
2131 288 2230 350 AD
2271 272 2556 349 GALAT.‘

3454 283 3574 344 854¹

298 395 500 465 Utique
537 395 858 452 charissima
893 397 1139 467 corporis
1169 397 1252 452 sui
1291 399 1526 454 membra
1557 400 1730 454 eidem
1769 408 1879 454 tra-
1909 405 1953 464 Α
1981 400 2220 466 demuet,
2256 398 2350 454 sed
2381 407 2433 452 et
2476 403 2660 467 postea
2689 393 3140 464 reprehendendo
3187 403 3348 463 atque
3379 394 3562 448 vindi-

295 487 427 541 dere
450 487 750 554 cupierant,
782 488 922 541 hanc
951 489 1119 543 solam
1155 487 1486 556 Evangelico
1545 489 1736 542 lumini
1793 489 1877 544 di-

297 592 454 648 gnam
487 593 611 632 esse
666 577 1102 633 vicissitudinem
1152 579 1505 643 arbitrantes,
1541 579 1587 632 si
1640 593 1739 634 sua
1788 578 1878 633 lu-

299 671 446 726 mina
484 672 530 724 ei
575 669 969 724 reddidissent.

379 781 398 814 ι
434 763 578 827 Ergo
613 761 867 816 inimicus
892 762 1047 818 vobis
1080 761 1256 817 factus
1294 777 1440 828 sum,
1482 776 1669 816 verum
1691 761 1878 817 dicens

299 856 459 910 vobis
485 855 508 907 ?
542 873 560 905 ›
603 853 728 910 Haec
760 867 843 910 est
875 856 1117 926 conditio
1144 857 1416 918 veritatis,
1445 865 1500 908 ut
1521 870 1640 910 eam
1665 870 1883 924 semper

300 945 608 1000 inimicitiae
646 954 980 1011 sequantur:
1015 946 1154 1000 sicut
1192 961 1287 1016 per
1327 945 1694 1000 adulationem
1759 959 1886 1013 per-

299 1038 562 1092 niciosam
639 1039 896 1093 amicitiae
943 1041 1376 1108 conquiruntur.
1423 1039 1678 1094 Libenter
1735 1038 1882 1093 enim

301 1132 450 1199 quod
489 1131 748 1197 delectat,
778 1131 997 1185 auditur
1026 1148 1041 1187 :
1067 1141 1123 1186 et
1151 1131 1375 1186 oﬁendit
1424 1145 1588 1185 omne
1615 1131 1758 1200 quod
1782 1145 1886 1184 no-

302 1216 611 1275 lumus.lta
635 1221 778 1274 enim
816 1232 871 1276 et
920 1223 974 1276 hi
1041 1223 1267 1293 diligere
1321 1232 1602 1288 cceperant
1664 1219 1887 1276 Sabbati

303 1313 435 1378 otia,
471 1323 523 1366 et
556 1312 767 1367 dierum
803 1312 1064 1368 festorum
1087 1315 1275 1383 epulas
1301 1313 1663 1383 praedicantes
1691 1320 1882 1367 contra

302 1405 621 1474 Apostolum
657 1445 673 1470 ,
742 1408 836 1476 qui
883 1421 1102 1462 omnem
1165 1406 1554 1461 continentiam
1606 1421 1706 1461 suo
1781 1405 1889 1460 illis

303 1497 556 1565 exemplo
589 1498 948 1554 monstrabat.

377 1607 398 1640 ‹
436 1588 791 1644 ᾸΞιιιιιιςιιιιιιι-
819 1605 916 1645 vos
948 1605 1054 1644 non
1082 1591 1220 1644 bene
1251 1608 1264 1644 :
1308 1590 1403 1644 sed
1445 1589 1737 1644 excludere
1786 1601 1888 1644 vos

298 1680 512 1747 volunt,
546 1690 605 1734 ut
635 1681 761 1736 illos
791 1681 1147 1737 aeruulemini.
1183 1700 1200 1734 ι
1224 1681 1506 1746 λΕιηιιιιιε,
1537 1692 1591 1735 et
1641 1681 1888 1734 imitator

303 1782 481 1840 potest
505 1783 557 1827 et
590 1775 844 1830 inimicus
877 1775 1129 1846 intelligi.
1158 1774 1250 1830 Sic
1278 1789 1384 1829 non
1407 1775 1547 1829 bene
1574 1773 1883 1838 aemulatur,

303 1863 396 1932 qui
428 1873 486 1918 ut
509 1865 670 1918 alium
695 1865 1049 1936 dejiciat,non
1069 1878 1127 1919 ut
1145 1868 1260 1933 ipse
1279 1867 1550 1936 proﬁciat,
1577 1865 1884 1919 aemulatur.

302 1954 659 2010 Ernulamiui
685 1967 860 2010 autem
880 1961 1099 2012 mettora
1122 1958 1450 2012 charismata
1470 1955 1520 2028 (l
1539 1955 1888 2021 Cor.xtt,31).

389 2067 408 2100 ι
443 2047 649 2102 Bonum
691 2057 870 2118 autem
923 2049 1252 2104 aemulamini
1295 2049 1350 2103 in
1384 2051 1527 2104 bono
1558 2065 1798 2119 semper,
1837 2059 1893 2105 et

311 2157 424 2197 non
459 2151 666 2195 tantum
699 2155 820 2194 cum
877 2155 1116 2208 praesens
1150 2156 1271 2195 sum
1301 2142 1443 2212 apud
1494 2156 1612 2196 vos.
1653 2161 1673 2195 ι
1708 2141 1891 2196 Nolite

313 2233 439 2286 illos
475 2232 744 2297 aemulari,
771 2233 862 2286 Sed
894 2234 1096 2287 bouum
1125 2248 1341 2302 semper
1370 2234 1727 2300 aemulamini,
1781 2249 1891 2290 non

311 2324 371 2379 in
413 2324 698 2392 praesentia
732 2339 846 2378 mea
881 2333 1112 2379 tantum.

388 2433 408 2467 ι
441 2413 619 2470 Filioli
671 2417 800 2485 mei,
837 2432 973 2485 quos
1020 2417 1214 2471 iterum
1275 2419 1541 2488 parturio,
1579 2419 1752 2473 donec
1787 2418 1897 2473 for-

312 2519 494 2561 metur
515 2508 772 2561 Christus
799 2509 850 2561 in
893 2509 1068 2563 vobis.
1101 2527 1121 2560 ι
1164 2508 1460 2564 Evidenter
1490 2512 1594 2565 hoc
1630 2515 1896 2569 adversus

313 2598 602 2654 haereticos
658 2599 845 2654 valet:
879 2601 972 2668 qui
1029 2611 1153 2670 post
1197 2603 1461 2671 baptisma
1519 2603 1894 2670 peccantibus,

315 2691 698 2760 pmnitentiam
731 2705 838 2744 non
873 2693 1024 2746 dant.
1058 2692 1190 2746 Item
1242 2694 1294 2746 in
1330 2693 1421 2748 illo
1474 2709 1601 2748 vere
1645 2693 1898 2749 Christus

318 2779 611 2846 formatur,
639 2782 732 2852 qui
765 2783 1018 2837 virtutem
1058 2785 1182 2840 ﬁdei
1247 2782 1363 2851 ejus
1421 2785 1696 2854 intelligit,
1741 2798 1795 2840 et
1841 2786 1895 2840 in

317 2886 426 2940 quo
453 2873 632 2927 omnis
668 2874 1012 2929 conversatio
1047 2875 1164 2944 ejus
1198 2877 1528 2944 exprimitur
1584 2886 1748 2947 atque
1803 2877 1898 2931 de-

323 2962 586 3032 pingitur.

1983 495 2159 546 cando
2188 491 2463 557 ostendat,
2492 490 2585 544 illa
2615 503 2719 542 non
2745 500 2963 556 propter
3009 503 3106 542 sua
3149 487 3407 557 mysteria
3440 487 3560 540 ﬁeri

1977 581 2216 637 voluisse
2244 599 2258 635 :
2307 590 2570 651 praecepta
2598 579 2973 635 verodiﬁlcile
3006 579 3250 633 inveniet
3286 578 3561 647 Apostoli,

1978 674 2160 728 taliter
2177 671 2521 743 exponentis,
2553 685 2624 750 ne
2657 685 2848 726 eorum
2879 670 3043 724 vitam
3087 669 3362 723 videretur
3394 683 3556 723 euer-

1987 782 2139 822 vare.

2062 878 2082 911 ι
2147 857 2272 914 Haec
2303 859 2447 913 enim
2503 866 2630 913 sunt
2659 857 2764 912 duo
2815 842 3209 912 Testamenta:
3252 873 3270 907 ι
3313 853 3480 911 Vetus
3509 864 3564 911 et

1984 967 2208 1014 novum,
2261 951 2512 1020 singulos
2551 950 2778 1020 populos
2813 950 3161 1020 generantia.

2060 1061 2081 1095 ‹
2115 1043 2300 1100 Unum
2349 1044 2567 1111 quidem
2606 1043 2659 1096 in
2713 1051 2898 1097 monte
2949 1041 3108 1104 Sina,
3147 1041 3201 1094 in
3243 1040 3564 1095 servitutem

1996 1150 2286 1204 generans.
2323 1154 2342 1187 ι
2393 1134 2563 1190 Judaei
2610 1142 2760 1188 metu
2808 1134 3155 1204 praesentium
3206 1133 3562 1200 cogebantur,

1994 1235 2054 1280 ut
2083 1226 2210 1281 ferae
2239 1243 2254 1280 :
2294 1241 2393 1282 nos
2429 1241 2559 1281 vero
2595 1226 2835 1296 praemiis
2869 1225 3162 1279 invitamur
3191 1233 3252 1278 ut
3301 1223 3484 1286 liberi,
3510 1229 3566 1276 et

1979 1316 2060 1370 illi
2093 1316 2250 1392 quasi
2300 1316 2444 1372 servi
2497 1324 2700 1386 praeter
2766 1314 2998 1370 moralia
3050 1323 3348 1384 praecepta,
3397 1312 3564 1366 etiam

1986 1408 2218 1463 diversis
2247 1409 2504 1478 operibus
2535 1409 2924 1477 premebantur
2958 1420 2973 1459 :
3003 1407 3159 1461 nobis
3205 1414 3383 1459 autem
3410 1403 3568 1473 quasi

1992 1501 2140 1569 ﬁliis,
2174 1501 2469 1557 moralibus
2517 1500 2737 1555 monitis
2767 1499 3109 1568 adimpletis,
3145 1497 3368 1553 servilia
3399 1509 3568 1551 onera

1982 1594 2326 1649 auferuntur.
2375 1592 2484 1649 Sed
2526 1592 2604 1647 illi
2667 1592 3046 1663 sacerdotibus
3097 1591 3210 1645 suis
3263 1604 3329 1644 ex
3386 1588 3570 1642 debito

1988 1688 2339 1752 servientes,
2402 1685 2606 1741 tributa
2664 1685 2828 1740 etiam
2907 1683 3140 1739 reddere
3191 1681 3568 1752 cogebantur:

1995 1793 2092 1834 nos
2150 1785 2348 1846 praeter
2390 1778 2711 1833 charitatem
2775 1776 2910 1831 nihil
2967 1776 3250 1839 debentes,
3300 1772 3575 1829 antistites

1995 1879 2210 1926 nostros
2236 1869 2536 1924 voluntarie
2577 1869 2932 1924 honoramus.

2077 1981 2096 2016 ι
2135 1962 2265 2030 Qum
2289 1964 2556 2033 estAgar.
2593 1979 2612 2012 ι
2645 1959 2815 2030 Cujus
2841 1971 3025 2030 typum
3055 1957 3247 2013 habuit
3278 1972 3567 2028 synagoga.

2067 2071 2087 2104 ι
2127 2053 2256 2108 Sina
2281 2054 2426 2106 enim
2460 2066 2614 2106 mons
2635 2058 2717 2106 est
2783 2050 2838 2104 in
2861 2049 3084 2112 Arabia,
3113 2049 3208 2118 qui
3234 2048 3563 2117 conjunctus

1994 2156 2078 2202 est
2113 2146 2163 2200 ei
2219 2159 2342 2216 qua:
2372 2159 2518 2200 nunc
2557 2151 2640 2198 est
2673 2141 3000 2198 Jerusalem.
3045 2159 3064 2192 ι
3107 2139 3181 2194 Ex
3219 2139 3568 2207 qualitatibus

1995 2236 2242 2292 locorum
2276 2235 2389 2290 vult
2417 2233 2642 2304 intelligi
2672 2233 3041 2288 diversitatem
3074 2229 3567 2285 Testamentorum.

2079 2345 2097 2379 ι
2122 2327 2189 2381 Et
2219 2327 2387 2383 servit
2407 2341 2530 2380 cum
2559 2325 2685 2380 ﬁliis
2710 2323 2846 2380 suis.
2871 2341 2890 2375 ι
2916 2321 3050 2378 Cum
3083 2321 3209 2376 ﬁliis
3235 2317 3570 2386 Jerusalem,

1995 2423 2249 2496 gentibus
2291 2419 2484 2474 servit.

2073 2534 2092 2566 ι
2126 2514 2223 2568 Illa
2255 2521 2432 2567 autem
2473 2523 2594 2580 qua:
2637 2522 2856 2564 sursum
2893 2515 2979 2562 est
3027 2505 3354 2570 Jerusalem,
3389 2505 3563 2559 libera

1995 2615 2079 2661 est
2112 2623 2128 2660 :
2172 2620 2292 2675 quae
2341 2611 2424 2659 est
2457 2609 2633 2658 mater
2662 2610 2871 2655 nostra.
2906 2618 2924 2652 ι
2987 2599 3151 2654 Recte
3179 2599 3311 2652 dicit
3350 2599 3579 2665 Aposto-

1997 2699 2102 2763 lus,
2138 2696 2440 2752 Jerusalem
2479 2695 2764 2750 coelestem
2793 2691 3038 2748 sterilem
3064 2706 3188 2746 esse
3218 2690 3582 2760 generatione

1998 2790 2257 2853 ﬁliorum,
2293 2793 2419 2860 quia
2456 2803 2568 2842 non
2602 2787 2714 2841 illic
2745 2794 2970 2856 generat
3003 2785 3142 2839 ﬁlios
3174 2797 3190 2836 :
3228 2785 3321 2838 sed
3359 2782 3447 2836 hic
3479 2796 3576 2850 per

1998 2882 2160 2937 ﬁdem
2201 2891 2426 2936 renatos
2455 2882 2507 2934 in
2539 2880 2780 2944 Christo,
2809 2888 2994 2945 postea
3022 2876 3273 2944 suscipit,
3307 2885 3361 2928 et
3387 2889 3575 2928 eorum

1997 2988 2138 3042 quos
2165 2972 2490 3042 susceperit,
2535 2978 2711 3024 mater
2743 2968 2990 3022 efﬁcitur.
3028 2965 3142 3021 Hoc
3212 2975 3392 3021 autem
3436 2964 3583 3018 valet

399 3055 631 3110 «Vellem
655 3066 832 3111 autem
865 3071 984 3113 esse
1006 3059 1146 3128 apud
1177 3059 1468 3114 vosmodo.
1491 3078 1510 3112 ι
1535 3060 1672 3127 Quia
1697 3069 1897 3130 quanta
1924 3093 1970 3154 α
2005 3075 2192 3121 contra
2238 3065 2432 3135 dogma
2480 3077 2670 3119 eorum
2715 3063 2805 3131 qui
2849 3062 3062 3122 dicunt,
3095 3059 3305 3114 animas
3329 3058 3397 3112 de
3439 3058 3584 3112 cmlo

324 3164 424 3203 vos
466 3148 656 3201 audire
692 3149 1002 3212 meremini,
1053 3149 1296 3205 scribere
1332 3159 1480 3205 tanta
1513 3166 1620 3204 non
1653 3165 1898 3219 possum.

404 3257 422 3289 ι
467 3238 530 3292 Ει
580 3249 790 3294 mutare
817 3254 1006 3294 vocem
1036 3255 1234 3294 meam.
1277 3259 1296 3292 ι
1333 3241 1537 3296 Vocem
1572 3241 1904 3298 blandientis

323 3328 515 3399 patris,
541 3329 594 3383 in
623 3330 852 3399 rigorem
884 3330 1129 3398 magistri
1159 3334 1360 3388 veteris
1387 3342 1621 3388 mutare.

405 3439 424 3472 ι
449 3419 711 3486 Quoniam
735 3420 1036 3476 conluudor
1065 3422 1118 3476 in
1145 3423 1319 3478 vobis.
1357 3441 1376 3474 ι
1408 3422 1799 3478 Detrimentum
1824 3423 1908 3479 di-

329 3512 664 3580 scipulorum
719 3512 970 3569 confusio
1021 3523 1106 3569 est
1131 3515 1421 3584 magistri:
1455 3517 1596 3569 sicut
1632 3513 1908 3585 prolectus

311 3601 522 3658 eorum
574 3612 656 3658 est
684 3604 853 3674 gloria
884 3605 1257 3675 praeceptoris.
1300 3605 1667 3661 Coul‘uuditur
1696 3613 1908 3670 autem,

337 3697 464 3766 quia
493 3695 606 3763 jam
643 3697 736 3750 ﬁlii
769 3696 919 3762 lacti,
959 3713 1172 3752 rursum
1204 3698 1350 3753 servi
1376 3713 1496 3753 esse
1520 3699 1836 3766 cupiebant.

419 3806 438 3840 ι
477 3789 647 3842 Dicite
674 3789 823 3854 mihi,
850 3791 944 3859 qui
967 3789 1067 3844 sub
1091 3790 1208 3859 lege
1235 3790 1392 3844 vultis
1413 3803 1554 3845 esse.
1580 3787 1775 3858 Legem
1803 3804 1911 3843 non

334 3880 596 3951 legistis?
634 3881 906 3948 Scriptum
944 3891 1027 3936 est
1079 3884 1246 3948 enim,
1317 3884 1575 3950 quoniam
1632 3881 1910 3935 Abraham

340 3974 481 4029 duos
505 3974 644 4028 lilios
679 3975 892 4040 habuit,
926 3991 1092 4030 unum
1123 3976 1188 4030 de
1219 3976 1437 4042 ancilla,
1466 3987 1520 4030 ct
1550 3990 1719 4030 unum
1752 3973 1820 4028 de
1846 3973 1915 4028 li-

339 4067 494 4120 bcra.
529 4066 634 4119 Sed
667 4066 755 4136 qui
791 4066 858 4119 de
887 4066 1106 4131 ancilla,
1159 4068 1460 4121 secundum
1495 4081 1716 4120 carnem
1751 4075 1914 4119 natus

333 4160 438 4212 ἐει
469 4173 486 4212 :
535 4159 625 4227 qui
658 4162 834 4212 autem
867 4159 934 4212 de
961 4158 1152 4224 libera,
1200 4175 1296 4227 per
1349 4159 1858 4227 repromissionem.
1887 4176 1910 4210 ι

343 4250 565 4313 lsmael,
597 4252 808 4317 carnis;
835 4250 1002 4317 Isaac,
1042 4250 1182 4304 ﬁlius
1212 4251 1358 4308 ﬁdei.
1391 4250 1544 4304 illum
1566 4250 1709 4304 enim
1738 4250 1916 4305 Abra-

347 4343 475 4395 ham
499 4345 799 4396 secundnm
834 4340 1108 4396 carnalem
1144 4329 1296 4395 usum
1323 4342 1509 4410 genuit
1538 4357 1552 4392 :
1593 4341 1757 4394 istum
1787 4355 1918 4394 con-

350 4441 434 4486 tra
469 4443 714 4484 naturam
748 4435 1106 4501 promissione
1136 4434 1400 4501 suscepit.

432 4541 452 4574 ι
498 4522 629 4588 Qua:
658 4534 781 4577 sunt
809 4524 905 4592 per
937 4524 1255 4594 allegoriam
1293 4523 1458 4578 dicta.
1495 4541 1512 4575 ι
1545 4523 1676 4588 Qua:
1701 4522 1922 4593 quidem

359 4625 488 4669 sunt
516 4630 612 4684 per
663 4615 972 4684 allegoriam
1026 4617 1170 4671 dicta
1207 4632 1222 4673 :
1254 4619 1355 4670 hoc
1407 4624 1514 4680 est,
1561 4615 1666 4668 alia
1698 4631 1765 4668 ex
1805 4615 1926 4670 aliis

358 4707 611 4776 ﬁgurata.
650 4705 810 4762 Dedit
844 4717 1022 4764 autem
1070 4709 1314 4779 regulam
1358 4709 1462 4762 hoc
1494 4689 1611 4762 loco
1636 4707 1928 4778 Apostolus

357 4801 693 4870 intelligendi
713 4801 1032 4868 allegoricae
1056 4801 1316 4861 rationes,
1336 4799 1548 4854 scilicet
1569 4809 1644 4867 ut,
1674 4808 1929 4853 manente

359 4892 605 4947 historiae
657 4893 913 4958 veritate,
949 4891 1152 4964 ﬁguras
1190 4890 1402 4947 Veteris
1468 4891 1807 4946 Testatnenti
1838 4906 1932 4946 ex-

355 5000 647 5055 ponamus.
690 4982 823 5038 Natn
857 5001 980 5040 cum
1031 4987 1284 5048 dixisset,
1332 4986 1602 5039 Abraham
1634 4987 1766 5040 duas
1800 5001 1932 5039 uxo-

360 5091 452 5130 res
471 5077 752 5131 verissime
775 5077 1054 5141 habuisse,
1077 5087 1260 5147 postea
1285 5079 1414 5146 quid
1442 5077 1934 5154 prmﬁguraveriut,

360 5169 806 5225 demonstravit:
857 5178 910 5223 et
957 5169 1058 5224 hoc
1104 5170 1281 5239 ipsum
1329 5169 1401 5224 ibi
1436 5169 1582 5233 fecit,
1620 5169 1708 5222 ubi
1755 5169 1935 5238 aliqua

362 5271 678 5316 sanctorum
713 5264 934 5333 honesta
971 5274 1120 5333 gesta
1153 5260 1508 5327 referuntur;
1547 5277 1655 5316 non
1689 5262 1776 5317 ubi
1811 5278 1937 5332 pec—

362 5365 489 5407 cata
531 5362 810 5409 notantur.
850 5354 1120 5408 Caeterum
1155 5352 1353 5406 delicta
1387 5350 1570 5407 dicere
1609 5367 1705 5420 per
1739 5362 1939 5423 myste-

364 5445 474 5509 ria,
514 5453 606 5500 aut
644 5447 1125 5514 impossihilitatis,
1157 5455 1248 5498 aut
1295 5445 1612 5514 ignorantiae
1650 5446 1818 5499 Deum
1853 5455 1940 5501 est

364 5538 674 5594 criminari.
729 5539 832 5604 Qui
889 5550 1072 5592 autem
1132 5540 1290 5592 aliter
1339 5553 1434 5590 sua
1490 5549 1798 5593 monstrare
1835 5555 1938 5593 nou

363 5630 568 5702 poterit
599 5642 935 5685 sacramenta
969 5639 1101 5698 ;aut
1133 5641 1279 5685 certe
1316 5643 1513 5700 putans
1548 5631 1648 5684 sibi
1682 5645 1941 5699 quorum-

364 5723 496 5776 dam
526 5733 744 5793 peccata
781 5724 1108 5788 necessaria,
1145 5723 1291 5792 prius
1338 5724 1423 5779 illa
1458 5724 1777 5795 generaliter
1809 5739 1938 5780 eon-

2004 3164 2222 3227 propter
2247 3163 2548 3222 peccatum,
2588 3153 2641 3208 in
2677 3161 2856 3206 terras
2887 3150 3120 3216 demitti,
3149 3159 3202 3204 et
3227 3147 3583 3202 nascentibus

2005 3246 2330 3316 corporibus
2383 3243 2618 3299 infundi.
2672 3243 2825 3310 Quod
2875 3252 3057 3296 autem
3111 3241 3242 3294 ait:
3304 3237 3456 3292 Multi
3486 3237 3582 3290 ﬁlii

2006 3338 2236 3394 deserta:
2269 3337 2460 3406 magis,
2493 3350 2656 3405 quam
2692 3348 2814 3404 qua:
2860 3334 3022 3387 habet
3052 3331 3252 3386 virum.
3285 3327 3454 3382 Filios
3487 3327 3584 3381 de-

2011 3438 2172 3486 sertae
2241 3428 2510 3497 signiﬁcat
2535 3425 2797 3481 Ecclesiae
2829 3425 3058 3494 populos
3087 3437 3152 3476 ex
3181 3421 3430 3492 gentibus
3459 3434 3590 3473 con-

2009 3531 2283 3591 gregatos.
2323 3519 2623 3574 [labentem
2658 3527 2841 3572 autem
2887 3517 3088 3583 virum,
3123 3527 3452 3585 synagogam
3490 3511 3590 3566 Ju-

2013 3615 2255 3668 dreorum
2290 3622 2542 3678 testatur,
2601 3611 2742 3665 sicut
2794 3607 2934 3664 Osee
2972 3606 3236 3676 prapbeta
3269 3611 3536 3659 monstrat
3571 3617 3590 3661 ε

2011 3704 2264 3760 Judicate
2314 3712 2537 3758 matrem
2591 3711 2841 3766 uestram,
2886 3699 3148 3767 judicate,
3187 3697 3313 3767 quia
3344 3699 3462 3765 ipsa
3488 3711 3593 3749 non

2014 3812 2148 3851 uxor
2169 3805 2365 3859 mea,et
2393 3810 2484 3864 ego
2503 3810 2606 3848 non
2631 3794 2707 3846 vir
2732 3792 2846 3861 ejus
2867 3791 3044 3860 (Osee,
3075 3788 3230 3858 11,2).
3250 3787 3383 3842 ltem
3411 3786 3594 3841 Eccle-

2015 3888 2094 3944 sia
2146 3895 2323 3941 mater
2370 3894 2454 3940 est
2511 3893 2617 3938 tam
2667 3882 2952 3953 gentilium
3011 3879 3372 3944 credentium,
3425 3893 3591 3946 quam

2017 3978 2185 4034 etiam
2211 3971 2547 4040 Iudaeorum,
2583 3972 2740 4042 cujus
2771 3972 2864 4025 ﬁlii
2891 3969 3033 4025 servi
3060 3983 3179 4025 esse
3205 3983 3312 4023 non
3339 3976 3590 4036 possunt.

2015 4069 2084 4126 Et
2123 4070 2242 4123 ideo
2276 4076 2332 4121 et
2363 4065 2628 4123 mediator
2676 4064 2797 4117 novi
2846 4061 3183 4116 Testamenti
3211 4059 3281 4113 de
3311 4058 3450 4112 cmlo
3493 4059 3591 4112 ad-

2017 4161 2165 4217 venit
2201 4157 2448 4213 Pontifex
2479 4174 2491 4210 :
2525 4165 2579 4210 et
2614 4147 2976 4224 Evangelium
3020 4167 3129 4206 nou
3168 4151 3222 4204 in
3277 4165 3388 4203 uno
3445 4150 3591 4217 loco,

2020 4253 2116 4308 sed
2146 4251 2196 4304 in
2236 4258 2346 4304 toto
2373 4250 2591 4311 ~mundo
2618 4255 2703 4301 est
2751 4244 3132 4316 praedicatum.
3448 4315 3454 4320 ι

2096 4362 2116 4395 ι
2147 4341 2578 4410 Sicutscriptum
2613 4349 2694 4394 est
2730 4354 2744 4391 :
2808 4335 3040 4398 Laetare,
3073 4332 3298 4397 sterilis,
3335 4347 3454 4400 quae
3488 4347 3594 4386 non

1953 4432 1999 4488 D
2030 4437 2198 4506 paris.
2257 4453 2277 4487 ι
2337 4435 2663 4506 Prophetico
2713 4429 3030 4486 testimonio
3083 4428 3275 4497 probat
3318 4425 3596 4480 meliorem

2033 4545 2152 4595 nos,
2177 4543 2338 4597 quam
2360 4525 2594 4592 Judaaos,
2618 4533 2844 4578 matrem
2867 4520 3089 4576 habere.

2109 4641 2128 4674 ι
2159 4621 2393 4690 Erumpe
2417 4629 2470 4672 ct
2494 4619 2688 4682 clama,
2717 4629 2838 4684 quae
2865 4629 2970 4668 non
2999 4609 3264 4680 parturis.
3299 4627 3316 4661 ι
3354 4607 3596 4671 Clamor,

2030 4727 2128 4784 pro
2157 4711 2441 4783 prepbetia
2472 4708 2693 4778 ponitur
2728 4706 2782 4758 in
2821 4707 2923 4758 hoc
2956 4705 3096 4758 loco.

2113 4823 2132 4856 (
2155 4804 2288 4871 Quia
2339 4801 2490 4856 multi
2521 4799 2752 4854 deserta
2784 4795 2978 4866 magis.
3015 4813 3036 4846 ›
3071 4791 3183 4847 Hoc
3220 4785 3602 4860 prteﬁgurabat

2033 4898 2207 4960 Anna,
2249 4907 2370 4964 qua)
2401 4892 2537 4946 dixit
2575 4908 2588 4944 :
2643 4887 2856 4944 Sterih‘s
2901 4902 3019 4956 qua:
3068 4883 3263 4954 peperit
3292 4880 3506 4949 septem,
3550 4883 3604 4931 et

2036 4989 2207 5059 fetosa
2247 4987 2301 5039 in
2329 4984 2459 5055 ﬁliis
2503 4983 2774 5052 inﬁrmata
2819 4989 2898 5033 est
2927 4977 2979 5049 (ι
3025 4976 3156 5045 Req.
3191 4989 3254 5040 tt,
3280 4974 3356 5042 5).

2114 5099 2133 5132 ι
2159 5081 2330 5147 Quam
2365 5077 2501 5147 ejus,
2531 5090 2647 5144 quae
2676 5073 2837 5127 habet
2864 5072 3056 5125 virum.
3081 5085 3102 5120 ι
3133 5066 3262 5132 Quae
3297 5064 3468 5118 virum
3503 5063 3602 5115 ha-
3628 5087 3632 5089 >

2037 5175 2167 5230 bere
2218 5180 2436 5242 putans,
2486 5170 2553 5224 de
2606 5165 2946 5222 fecunditate
2995 5160 3282 5230 gloriatur.
3338 5156 3446 5210 Aut
3476 5155 3603 5224 quia

2041 5265 2280 5320 habebat
2342 5263 2542 5324 virum.
2609 5269 2906 5326 antequam
2963 5253 3254 5324 ejiceretur
3309 5264 3432 5303 eum
3495 5246 3604 5300 ﬁlio

2042 5373 2160 5414 SUO.

2119 5445 2257 5501 «Nos
2275 5453 2478 5508 autem,
2502 5440 2720 5506 fratres,
2745 5435 3042 5492 secundum
3067 5433 3218 5489 Isaac
3233 5430 3610 5502 promissionis

2049 5540 2140 5594 lilii
2198 5553 2406 5594 sumus.
2437 5557 2455 5587 ρ
2512 5531 2797 5600 Quomodo
2823 5529 2890 5583 de
2949 5526 3122 5593 Isaac,
3171 5526 3246 5581 ita
3278 5526 3424 5580 etde
3454 5522 3618 5578 nobis

2043 5643 2126 5686 est
2151 5629 2380 5686 Abrahae
2410 5625 2820 5696 repromissum,
2868 5620 3013 5690 quod
3041 5619 3246 5676 scilicet
3269 5619 3323 5674 ln
3352 5630 3418 5672 eo
3446 5613 3613 5669 bette-

2045 5726 2280 5780 diccuda:
2311 5729 2491 5780 essent
2534 5731 2721 5775 omnes
2754 5723 2962 5785 gentes.
