3956 6196
472 269 580 333 855

1414 269 1477 332 s.
1516 269 1961 334 IIIERONYMI
2001 271 2325 338 OPERUM
2361 261 2775 343 MANTISSA.‘

3569 294 3655 356 856

546 399 569 438 ι
605 379 714 441 Sed
745 380 1021 453 quomodo
1048 388 1178 437 tunc
1219 380 1291 448 is,
1326 383 1420 451 qui
1473 383 1774 440 secundum
1805 400 2029 442 carnem
2072 405 2122 467 Α
2147 399 2204 448 et
2271 392 2405 451 fides
2459 404 2727 466 operatur.
2752 408 2850 468 per
2898 397 3237 469 charitatem,
3265 416 3366 458 non
3421 418 3505 471 per
3534 410 3660 467 timo-

468 485 631 533 natus
659 473 855 531 fuerat.
883 492 902 526 ι
939 472 1166 544 Semper
1209 475 1456 531 carnales
1501 476 1751 533 homines
1796 492 1893 533 eos
1952 477 2046 548 qui

469 564 828 637 spiritualiter
877 573 1006 619 sunt
1057 576 1482 635 persequuntur.
1528 565 1685 623 Unde
1716 568 1913 623 mirum
1938 584 2046 624 non

469 668 582 724 est,
623 658 671 714 si
703 658 865 712 modo
895 655 1083 712 carnei
1125 665 1179 712 et
1209 658 1503 714 saeculares
1549 659 1799 715 homines
1829 671 2048 716 sanctos

470 752 752 815 tribulent,
783 758 837 807 et
868 749 1147 822 aﬂligant;
1203 751 1315 807 imo
1345 751 1478 825 inde
1510 752 1874 823 cognoscendi
1921 764 2050 808 sunt

463 844 598 915 justi
628 857 774 909 esse,
801 843 846 899 si
881 857 911 896 a
943 842 1152 899 talibus
1181 843 1582 914 opprimantur.

545 955 566 990 ‹
599 924 1044 1005 Pet-sequebatur
1061 950 1211 1004 eum,
1261 938 1354 1007 qui
1381 936 1682 993 secundum
1712 936 1990 1007 spiritum.
2024 957 2045 991 ι

466 1029 526 1085 1η
548 1028 751 1087 Genesi
779 1030 1007 1101 quidem
1045 1029 1148 1086 hoc
1175 1029 1440 1100 scriptum
1471 1038 1555 1087 est
1589 1048 1604 1087 :
1636 1030 1779 1099 Quia
1806 1031 2053 1087 illaturus

471 1122 633 1179 Isaac
659 1121 858 1179 Ismuc!
878 1123 1035 1190 (Gen.
1074 1140 1189 1191 ut,
1217 1123 1275 1196 9)
1305 1138 1325 1190 ;
1356 1123 1452 1180 sed
1487 1124 1784 1195 Apostolus
1810 1122 2052 1181 ostendit

468 1233 576 1273 non
608 1218 913 1290 simplicem
950 1217 1131 1274 lusum
1177 1217 1376 1285 fuisse,
1411 1233 1577 1288 quem
1612 1219 2050 1289 persecutionem

468 1312 723 1383 appellat.
757 1311 895 1379 Quia
915 1302 1202 1368 scurrilem
1260 1327 1409 1378 eum,
1441 1321 1498 1368 et
1525 1312 1727 1378 levem,
1762 1312 1909 1368 sicut
1936 1313 2053 1381 ipse

469 1413 611 1468 erat,
643 1403 829 1459 facere
855 1404 1110 1473 cupiebat
1142 1420 1158 1463 :
1197 1418 1265 1460 ne
1309 1404 1385 1459 illi
1416 1402 1596 1474 possit
1636 1404 1690 1457 in
1734 1404 2053 1460 haereditate

468 1493 735 1564 praeferri.
799 1494 925 1549 ldeo
964 1494 1247 1550 Abraham
1296 1492 1608 1564 dejiciendo
1641 1510 1806 1563 eum,
1860 1508 2049 1550 vocem

471 1585 622 1642 Sarae
647 1586 801 1658 jubet
835 1587 1025 1641 audire
1071 1585 1238 1657 (Ibid.
1286 1585 1397 1654 12).

543 1696 564 1730 s
591 1678 672 1733 Ita
694 1688 751 1733 et
788 1693 954 1733 nunc.
982 1696 1002 1730 ι
1038 1676 1116 1732 lta
1149 1687 1203 1733 et
1228 1677 1320 1733 isti
1344 1693 1530 1735 servos
1547 1693 1675 1736 suos
1710 1679 1817 1737 sibi
1842 1679 2053 1736 similes

469 1767 647 1825 facere
677 1770 944 1825 nituntur.

548 1881 569 1915 ς
593 1864 698 1919 Sed
715 1864 843 1933 quid
861 1864 992 1920 dicit
1017 1865 1338 1935 Scriptura?
1361 1864 1509 1935 Ejice
1527 1864 1778 1920 ancillam
1802 1875 1855 1919 et
1877 1864 2046 1919 tilium

469 1952 589 2021 eius
621 1970 635 2007 :
663 1968 770 2007 non
799 1955 942 2008 enim
974 1954 1148 2009 haeres
1180 1955 1285 2008 erit
1329 1955 1471 2008 illius
1515 1953 1748 2017 ancillaz,
1776 1967 1899 2008 cum
1935 1951 2050 2005 tilio

467 2045 678 2104 liberae.
706 2064 727 2098 ›
762 2045 1126 2112 Quantumvis
1157 2060 1217 2101 se
1276 2047 1484 2102 exullut
1532 2047 1820 2115 iniquitas.
1852 2044 2049 2100 ancilla

466 2146 573 2203 est,
609 2146 663 2193 et
713 2139 1056 2207 subjicienda
1088 2138 1296 2193 sanctis
1325 2138 1468 2193 sicut
1504 2149 1558 2192 et
1590 2137 1761 2193 Judaei
1803 2154 1817 2190 :
1853 2150 2050 2205 quam-

465 2233 552 2288 vis
574 2234 809 2288 Abt-aha:
850 2233 989 2287 lilios
1012 2248 1075 2288 se
1105 2233 1321 2303 jactant
1374 2230 1560 2303 (Joau.
1593 2246 1710 2295 Vill.
1759 2230 1829 2285 55
1859 2228 2048 2298 seq/1.),

467 2323 707 2393 quandiu
749 2322 843 2377 lilii
876 2324 1093 2377 ancil'm
1134 2322 1360 2385 fuerint,
1420 2321 1704 2376 nobiscum
1759 2316 2052 2373 haeredita—

468 2426 576 2470 tem
617 2414 822 2470 habere
847 2430 951 2468 non
988 2420 1239 2482 possunt.

544 2527 565 2560 s
621 2506 832 2578 Itaque,
871 2505 1096 2569 fratres,
1130 2520 1240 2559 non
1298 2518 1491 2559 smnus
1538 2503 1746 2557 ancillae
1784 2501 1906 2563 ﬁlii,
1956 2501 2055 2555 sed

467 2601 694 2657 liberas:
732 2616 839 2667 qua
870 2600 1121 2653 libertate
1152 2614 1250 2653 nos
1284 2596 1539 2652 Christus
1566 2595 1841 2650 liberavit.
1874 2612 1894 2647 ι
1932 2591 2053 2647 Non

469 2695 733 2749 debemus
761 2692 1013 2747 ancillam
1043 2690 1223 2760 sequi,
1275 2699 1449 2744 matre
1477 2687 1687 2751 relicta,
1722 2687 1874 2757 quia,
1925 2686 2054 2740 licet

466 2786 711 2856 ejusdem
745 2784 846 2839 viri
878 2783 1043 2838 fuerit
1089 2798 1247 2847 uxor,
1286 2789 1475 2837 tamen
1514 2780 1583 2834 ad
1641 2787 1874 2848 tempus,
1924 2778 2053 2848 quia

469 2878 620 2934 Sara:
651 2887 864 2948 tempus
896 2877 1136 2932 nondum
1169 2884 1395 2930 venerat
1425 2872 1745 2944 generandi.

1081 3035 1313 3118 CAPUT
1381 3035 1446 3093 ν.

544 3175 564 3205 ι
598 3156 769 3217 State.
785 3166 839 3210 et
866 3156 1033 3209 nolite
1055 3158 1248 3209 iterum
1269 3153 1400 3225 jugo
1416 3151 1696 3209 servitutis
1717 3149 2005 3205 contineri.
2020 3168 2037 3200 ι

478 3250 631 3305 State
658 3251 710 3304 in
743 3250 847 3304 title
880 3248 1186 3319 Evangelii,
1210 3247 1329 3318 ‘jam
1350 3249 1494 3301 enim
1526 3256 1742 3315 tempus
1777 3243 1909 3312 legis
1971 3241 2051 3296 ef-

466 3345 629 3399 ﬂuxit
664 3362 680 3399 :
708 3344 878 3397 nolite
907 3343 1100 3411 jugum
1135 3355 1259 3395 cum
1288 3337 1493 3397 Judmis
1526 3339 1929 3406 trahere,'quod
1950 3349 2050 3390 nec

464 3435 572 3504 ipsi
606 3434 753 3489 ferre
798 3442 1050 3503 possunt.

544 3544 568 3581 ‹
619 3525 762 3583 Ecce
807 3542 904 3598 ego
932 3526 1133 3581 Paulus
1190 3524 1311 3581 dico
1343 3523 1518 3578 vobis.
1572 3541 1590 3574 ι
1626 3521 1738 3590 Ego
1772 3520 1923 3598 vobis
1956 3533 2051 3573 an-

468 3621 661 3678 dettter
718 3619 1161 3685 dico,neminetn
1202 3618 1624 3687 pertimescens.
1904 3588 1925 3621 ’

545 3732 566 3764 s
603 3710 871 3778 Quoniam
933 3710 980 3766 si
1015 3707 1526 3789 cireutncidamini,
1590 3704 1848 3761 Christus
1898 3688 2081 3759 vobis.

465 3803 606 3860 nihil
640 3802 896 3872 proderit.
934 3819 953 3853 ι
989 3800 1127 3868 Quia
1150 3800 1325 3857 solum
1355 3798 1507 3853 illum
1540 3796 1611 3852 ad
1636 3795 1870 3852 salutem
1895 3794 2054 3850 vobis

468 3894 719 3954 sufﬁcere
748 3911 854 3950 non
881 3894 1107 3966 putatis.

551 4008 572 4043 ι
619 3987 916 4045 Testiﬁror
960 3999 1142 4043 autem
1184 4001 1375 4058 rursus
1405 3983 1553 4041 omni
1581 3982 2057 4059 bominicircum-

470 4082 674 4137 cidenti
722 4096 803 4144 se,
847 4079 1109 4150 quoniam
1143 4077 1360 4133 debitor
1389 4085 1476 4132 est
1503 4075 1775 4131 universa:
1806 4073 1944 4142 legis
1974 4071 2055 4128 fa-

471 4174 701 4231 ciendae.
745 4193 765 4227 ι
793 4172 896 4240 Qui
923 4181 1084 4242 caput
1113 4185 1341 4240 operum
1369 4170 1507 4240 legis
1534 4168 1795 4238 suscepit,
1829 4180 2056 4221 necesse

471 4275 558 4321 est
579 4275 639 4320 ut
666 4274 861 4321 caetera
892 4262 1138 4319 membra
1172 4262 1465 4324 sustineat,
1498 4276 1567 4316 ne
1602 4255 1897 4316 maledicto
1925 4259 2057 4313 sub-

469 4363 672 4433 jaceat.

549 4473 572 4510 s
610 4452 864 4509 Evacuati
899 4451 1033 4507 estis
1067 4448 1378 4507 a.Christo:
1404 4447 1495 4516 qui
1543 4448 1598 4501 in
1632 4447 1751 4515 lege
1779 4441 2053 4515 justifies-

474 4550 630 4613 mini,
666 4564 695 4604 a
727 4549 906 4620 gratia
937 4545 1244 4601 excldistis.
1274 4562 1292 4595 ι
1330 4543 1388 4597 Si
1423 4543 1476 4597 in
1506 4540 1624 4611 lege
1653 4555 1803 4610 spem
1828 4540 2053 4611 ponitis,

481 4654 538 4699 et
563 4642 869 4712 justlﬂcare
910 4655 1074 4710 posse
1121 4654 1221 4694 vos
1270 4636 1515 4703 creditis,
1545 4634 1821 4690 inﬁrmam
1855 4633 2059 4688 Christi

478 4738 710 4810 gratiam
757 4733 1067 4804 iudicatis:
1113 4740 1168 4787 et
1219 4730 1363 4800 quod
1392 4732 1503 4800 jam
1557 4729 1728 4798 gratis
1776 4723 2060 4782 consecuti

478 4829 638 4897 estis,
669 4838 925 4901 tanquam
981 4841 1085 4880 non
1116 4823 1404 4890 habentes,
1436 4820 1674 4893 propriis
1703 4819 1871 4875 vultis
1901 4817 2059 4874 labo-

398 4916 417 4937 ’
478 4921 634 4977 ribus
659 4918 903 4989 adipisci.

553 5032 573 5066 ι
610 5012 721 5069 Nos
745 5011 893 5067 enim
928 5008 1125 5080 spiritu
1155 5023 1220 5062 ex
1251 5005 1358 5062 ﬁde
1395 5017 1547 5075 spem
1576 5001 1805 5074 iustitiae
1864 5013 2058 5071 exspe-

477 5115 742 5165 ctamus.»
774 5102 1050 5176 Spirituali
1085 5102 1502 5158 conversatione
1518 5095 1771 5168 perfecta:
1797 5094 1920 5151 fidei
1941 5109 2066 5165 spe-

479 5215 668 5256 ramus
714 5213 816 5255 nos
861 5196 1091 5273 justitia‘.
1150 5194 1520 5251 immortalem
1563 5199 1887 5263 accepturos
1937 5202 2065 5245 esse

480 5293 812 5350 mercedem.

556 5404 580 5439 α
622 5384 761 5442 Nam
807 5385 864 5438 in
893 5381 1115 5439 Christo
1144 5378 1295 5440 Jesu.
1329 5391 1509 5448 neque
1565 5373 1919 5431 circumcisio
1966 5372 2064 5427 ali-

483 5477 615 5548 quid
645 5454 810 5543 valet,
843 5487 1022 5545 neque
1053 5469 1400 5544 praeputium.
1440 5485 1459 5520 ο
1499 5462 1687 5536 Neque
1716 5462 2065 5521 circumcisio

480 5571 743 5647 prodest,
777 5582 878 5625 nec
925 5565 1251 5638 praeputium
1307 5571 1469 5617 uocet
1512 5558 1849 5629 temporibus
1903 5555 2063 5615 Chri-

518 5665 707 5720 tianis.

518 5679 557 5720 ιι
599 5679 707 5720 nts.

488 5682 515 5723 ὃ
562 5679 593 5810 ἲ
631 5753 736 5813 Sed
763 5751 917 5822 fides,
955 5763 1075 5823 quae
1103 5760 1201 5820 per
1219 5744 1535 5806 charitatem
1552 5751 1828 5815 operatur.
1871 5761 1889 5797 ι
1924 5738 2066 5815 Ergo

2081 3099 2125 3159 α

2152 501 2271 542 rem
2314 504 2332 549 ε
2389 489 2481 558 qui
2523 490 2669 543 enim
2697 489 2874 546 credit
2917 490 3047 559 Deo,
3097 494 3321 548 attendit
3374 498 3605 558 mandatis
3646 520 3661 563 :

2152 593 2280 633 nam
2324 579 2417 649 qui
2452 581 2628 636 credit
2678 579 2903 648 futuris,
2957 582 3194 654 amplius
3257 597 3494 657 operatur
3529 607 3660 660 quam

2152 671 2244 739 qui
2289 681 2611 739 praesentem
2667 674 2860 729 metuit
2909 688 3146 744 pcenam.

2233 781 2254 815 ι
2280 762 2606 822 Currebatis
2624 767 2783 823 bene.
2814 783 2836 819 ι
2857 765 3013 823 Fidei
3036 768 3328 839 gressibus,
3348 781 3400 827 et
3421 775 3663 833 moralibus

2152 854 2483 923 disciplinis.

2231 965 2251 999 ι
2316 948 2451 1014 Quis
2487 963 2587 1006 vos
2622 950 2904 1021 impedivit
2950 952 3164 1007 veritati
3215 952 3423 1010 obedire
3447 956 3512 1009 τι
3561 958 3665 1022 Quis

2153 1037 2244 1093 ille
2274 1038 2379 1094 fuit
2398 1041 2490 1110 qui
2515 1055 2611 1098 vos
2637 1041 2771 1111 legis
2798 1041 3056 1110 operibus
3083 1043 3389 1113 implicavit,
3418 1058 3665 1101 utcursum

2153 1138 2350 1186 vestrm
2383 1129 2511 1186 ﬁdei
2544 1131 2837 1202 impediret
2866 1131 2891 1185 Ἰ

2230 1240 2251 1275 ο
2310 1219 2528 1278 Nemini
2578 1225 2992 1297 consenseritis.
3036 1223 3324 1280 Persuasio
3353 1225 3459 1279 haec
3482 1239 3571 1280 non
3601 1234 3668 1280 est

2153 1329 2221 1370 ex
2259 1330 2325 1370 eo
2370 1316 2463 1384 qui
2516 1323 2671 1370 vocat
2715 1331 2834 1371 vos.
2884 1335 2903 1369 ι
2943 1315 3053 1372 Nec
3087 1317 3217 1385 illis,
3270 1332 3365 1372 nec
3395 1318 3532 1382 mihi.
3576 1320 3668 1373 sine

2154 1406 2336 1462 verbis
2373 1406 2469 1461 Dei
2502 1408 2815 1463 consentire
2857 1409 3064 1465 debetis
3105 1425 3119 1466 :
3176 1409 3265 1479 qui
3300 1423 3389 1464 vos
3429 1410 3594 1465 iterum
3616 1409 3666 1465 ad

2153 1498 2526 1569 posuitentiam
2563 1509 2740 1554 vocat.

2231 1610 2251 1642 ‹
2281 1588 2549 1645 Modicum
2576 1591 2900 1645 fermentum
2923 1586 3089 1645 totam
3114 1574 3345 1648 massam
3368 1592 3666 1662 corrumpi“

2154 1677 2235 1736 Ne
2289 1681 2412 1750 quis
2449 1681 2659 1736 diceret
2699 1698 2713 1737 :
2766 1682 2881 1736 Cur
2923 1698 3116 1738 omnes
3164 1684 3407 1753 corripis,
3439 1682 3551 1737 dum
3589 1697 3669 1735 non

2082 1756 2124 1810 Β
2152 1787 2347 1827 omnes
2381 1782 2711 1828 erraverunt
2741 1771 2766 1826 ?
2801 1771 3056 1829 Ostendit
3113 1775 3259 1843 quod
3309 1775 3556 1828 modicum
3584 1787 3671 1824 u~a~

2155 1864 2286 1919 lilia:
2319 1864 2665 1930 fermentum,
2694 1872 2862 1920 totam
2891 1868 3063 1936 possit
3087 1865 3385 1922 Ecclesiam
3410 1877 3457 1925 et
3483 1878 3672 1919 massam

2154 1968 2310 2008 suam
2336 1969 2366 2008 a
2394 1955 2626 2011 veritate
2656 1970 3029 2025 corrumpere.
3080 1978 3087 1989 ·

2232 2063 2251 2096 ι
2296 2044 2410 2114 Ego
2437 2045 2653 2100 conﬁdo
2682 2045 2734 2099 in
2775 2048 2950 2111 vobis,
2990 2047 3047 2102 in
3109 2046 3362 2110 Domino,
3409 2048 3541 2118 quod
3570 2044 3673 2101 nihil

2155 2136 2302 2191 aliud
2335 2137 2583 2205 sapietis.
2628 2156 2647 2190 ι
2682 2137 2859 2204 Quam
2899 2138 3061 2193 habet
3093 2141 3297 2194 veritas
3329 2138 3533 2194 Christi.

2231 2245 2251 2279 ι
2277 2227 2379 2293 Qui
2403 2238 2587 2284 autem
2619 2230 2909 2285 conturbat
2934 2246 3029 2286 vos
3055 2232 3292 2299 portabit
3313 2231 3568 2303 judicium,
3589 2228 3677 2299 qui-

2154 2333 2372 2389 cunque
2396 2328 2481 2376 est
2508 2320 2618 2377 ille.
2647 2341 2666 2373 ι
2698 2322 2781 2375 Ab
2821 2321 3095 2391 Evangelii
3133 2325 3378 2379 veritate.

2232 2431 2251 2463 t
2292 2412 2406 2483 Ego
2458 2422 2663 2481 autem,
2700 2414 2924 2479 fratres.
2955 2416 3002 2470 si
3052 2415 3513 2472 circumcisionem
3542 2415 3678 2466 adhuc

2155 2507 2412 2577 praedico,
2447 2508 2580 2578 quid
2612 2510 2787 2563 adhuc
2815 2488 3260 2578 persecutionem
3286 2509 3489 2579 patior?
3515 2527 3531 2559 ι
3560 2505 3679 2571 Quod

2155 2600 2222 2655 de
2259 2615 2354 2673 me.
2390 2603 2544 2657 vobis
2594 2603 2805 2658 mentiti
2843 2612 2973 2658 sunt
2998 2603 3342 2673 deceptorcs,
3390 2603 3457 2657 ita
3485 2616 3558 2654 me
3582 2598 3681 2651 aliis

2154 2694 2476 2762 praedicare.
2533 2692 2673 2760 Quid
2730 2694 3177 2764 persecutionem
3242 2695 3431 2764 patior,
3453 2692 3491 2746 si
3539 2689 3683 2758 ipsius

2158 2783 2602 2840 circumcisionis
2634 2802 2750 2858 non.
2772 2786 3031 2841 inimicus
3062 2801 3211 2850 sum,
3241 2795 3298 2840 ut
3331 2780 3627 2839 aﬂirmatur?

2234 2898 2253 2930 r
2295 2879 2438 2949 Ergo
2471 2891 2794 2935 evacuatum
2827 2890 2912 2933 est
2950 2880 3278 2935 scandalum
3310 2877 3515 2932 crucis?
3540 2894 3555 2926 ι
3585 2876 3684 2927 Ideo

2159 2972 2480 3027 scandalum
2516 2973 2801 3042 patiuntur
2837 2987 2852 3026 :
2885 2971 3016 3036 quia
3052 2971 3104 3025 in
3140 2972 3260 3026 sola
3292 2970 3390 3026 fide
3410 2969 3572 3025 crucis
3588 2967 3685 3021 dico

2158 3079 2281 3121 esse
2318 3065 2572 3117 salutem.

2238 3172 2257 3204 α
2296 3153 2514 3209 Utinam
2556 3155 2949 3211 abscindautur
2972 3154 3064 3223 qui
3097 3168 3198 3208 vos
3234 3152 3562 3208 conturhant.
3590 3167 3604 3197 ι
3633 3145 3677 3199 Si

2161 3254 2353 3315 putant
2374 3246 2474 3300 sibi
2496 3247 2597 3300 hoc
2615 3249 2897 3316 prodesse,
2923 3262 3029 3300 non
3049 3245 3230 3301 solum
3258 3241 3686 3300 circumciduntur.

2158 3341 2256 3395 scd
2284 3340 2446 3395 etiam
2468 3342 2893 3397 abscinduntur:
2924 3340 2970 3394 si
2993 3340 3136 3394 enim
3161 3337 3472 3407 exspoliatiu
3501 3328 3689 3389 membri

2159 3432 2393 3504 prolicit,
2418 3434 2586 3487 multo
2614 3433 2780 3505 magis
2805 3432 3051 3487 abolitio.
3081 3430 3317 3498 Quidam
3367 3430 3559 3482 dicunt:
3596 3420 3689 3476 Uti-

2161 3540 2486 3580 namr-rrore
2531 3526 2762 3580 abscissi
2826 3525 3075 3579 veritatis
3112 3524 3385 3579 radicibus
3405 3521 3690 3576 inserantur.

2239 3639 2256 3672 ι
2296 3617 2406 3673 Vos
2434 3620 2578 3674 enim
2617 3620 2670 3673 in
2704 3620 3011 3674 libertatem
3060 3620 3242 3674 vocati
3302 3618 3455 3679 estis,
3487 3612 3689 3671 fratres;

2161 3722 2374 3767 tantum
2403 3728 2471 3768 ne
2496 3712 2806 3768 libertatem
2836 3712 2890 3767 in
2923 3713 3276 3767 occasionem
3315 3710 3453 3765 detis
3480 3703 3687 3761 caruiu

2161 3803 2399 3859 Tantum
2436 3819 2503 3859 ne
2541 3819 2639 3874 per
2676 3802 3022 3859 occasionem
3051 3798 3483 3858 circumcisionis
3512 3794 3569 3849 ad
3591 3789 3693 3860 legi!

2162 3897 2446 3951 servitium
2472 3896 2735 3952 redeatis.

2246 4005 2267 4039 ι
2309 3988 2415 4043 Sed
2440 4003 2537 4058 per
2566 3988 2888 4044 charilatem
2933 3986 3158 4056 spiritus
3195 3986 3403 4041 servile
3427 3982 3645 4039 invicem.
3674 3990 3691 4025 ο

2162 4080 2282 4140 Νυη
2316 4082 2625 4152 superbiam
2675 4096 2773 4152 per
2813 4081 3048 4150 speciem
3083 4079 3362 4137 libertatis
3386 4079 3605 4133 insinuo.
3625 4063 3699 4123 sed

2166 4183 2529 4247 spontaneum
2584 4187 2708 4228 esse
2739 4171 2863 4228 volo
2908 4171 3219 4238 servitium,
3262 4187 3375 4227 non
3403 4176 3641 4226 coactum.

2243 4286 2262 4319 (
2316 4265 2508 4322 Omnis
2544 4266 2692 4320 enim
2745 4265 2831 4322 lex
2871 4265 2927 4320 itt
2981 4281 3091 4323 uno
3118 4282 3382 4322 sermone
3404 4262 3695 4333 impletur-l

2166 4358 2330 4430 Legis
2376 4359 2545 4412 etiam
2572 4358 2688 4427 ipsa
2743 4358 2991 4423 moralia,
3040 4374 3390 4430 quaecunque
3439 4365 3574 4416 sunt,
3614 4358 3700 4404 uno

2089 4462 2136 4522 υ
2167 4461 2399 4525 possunt
2431 4466 2688 4509 sermone
2719 4451 2994 4517 concludi,
3030 4462 3086 4507 et
3116 4452 3168 4507 in
3203 4467 3317 4509 uno
3356 4454 3455 4508 hoc
3483 4448 3703 4519 praceP'o

2163 4543 2458 4615 compleri.

2246 4654 2265 4688 (
2293 4636 2490 4708 Diliges
2512 4636 2822 4705 proximum
2847 4641 3025 4690 tuum.
3062 4653 3080 4685 ι
3106 4634 3359 4698 Dilectio,
3384 4634 3463 4689 vel
3486 4628 3701 4689 cbaritas,

2165 4728 2220 4783 in
2244 4737 2479 4796 quatuor
2493 4726 2672 4780 modis
2690 4725 2980 4791 consistit;
3000 4725 3102 4781 hoc
3123 4735 3229 4794 est,
3251 4727 3307 4780 in
3333 4724 3425 4779 Dei
3442 4719 3703 4780 dilectione,

2166 4831 2289 4891 quat
2324 4816 2498 4887 prima
2523 4825 2649 4882 est;
2683 4816 2947 4878 secunda.
2982 4816 3025 4871 si
3052 4817 3424 4886 nosmetipsos
3452 4809 3703 4869 secundum

2166 4908 2334 4964 Deum
2370 4923 2613 4964 amemus
2643 4924 2660 4976 ;
2716 4909 2901 4973 tertia,
2934 4908 3212 4980 proximos
3247 4926 3265 4975 ;
3322 4915 3535 4979 quarta,
3573 4902 3704 4958 etiam

2166 5001 2444 5060 inimicos.
2476 5002 2649 5058 Deum
2683 5016 2812 5072 ergo
2858 5001 3148 5073 plusquam
3183 5017 3288 5058 nos
3317 5002 3539 5071 diligere
3577 4994 3708 5051 debe-

2166 5107 2325 5161 mus;
2344 5093 2670 5163 proximum,
2699 5091 2842 5149 sicut
2856 5108 2957 5150 nos
2977 5109 2995 5160 ;
3013 5092 3321 5159 inimicum,
3346 5102 3405 5147 ut
3419 5088 3704 5161 proximum.

2165 5183 2456 5241 Proximus
2494 5185 2823 5266 diligebatur
2853 5182 2910 5240 in
2947 5184 3107 5258 lege;
3149 5195 3206 5241 et
3228 5184 3340 5241 nisi
3374 5183 3537 5240 Deum
3564 5178 3707 5250 primo

2168 5278 2544 5348 dilexerimus,
2585 5293 2687 5335 nos
2723 5278 2948 5336 minime
3000 5293 3299 5351 possumus
3330 5291 3438 5333 non
3470 5267 3706 5348 peccando

2170 5371 2437 5443 diligere:
2466 5379 2521 5427 et
2549 5386 2652 5426 nos
2682 5370 2975 5442 diligamus
2999 5370 3067 5425 ad
3100 5383 3262 5442 quam
3298 5369 3529 5424 formam
3552 5358 3705 5437 proxi-

2169 5480 2292 5525 mos
2346 5464 2660 5536 diligimus;
2695 5464 2843 5535 quod
2900 5464 2946 5520 si
2984 5465 3264 5534 proximos
3327 5478 3437 5517 non
3469 5464 3701 5514 amamus,

2169 5558 2387 5627 quando
2416 5557 2701 5611 inimicum
2757 5569 2945 5611 amare
2977 5553 3313 5626 poterimus?
3346 5551 3404 5608 Si
3437 5563 3561 5621 ergo
3582 5543 3706 5599 vol!-

2096 5698 2107 5706 .
2170 5664 2294 5706 mus
2334 5649 2685 5705 dilectionem
2741 5646 2966 5715 habere,
3017 5647 3194 5716 primo
3242 5644 3416 5701 Deum
3460 5642 3707 5713 plusqusll

2174 5749 2391 5797 nostras
2410 5739 2622 5798 animas
2655 5742 2950 5811 diligamus
2978 5753 2995 5805 ;
3034 5736 3177 5809 quod
3209 5734 3343 5793 inde
3392 5732 3643 5807 probatur.
3665 5718 3705 5779 εί
