3956 6196
337 297 440 360 857

337 513 454 553 mas
486 507 924 553 contemnamus.

411 607 432 641 ι
461 589 612 645 Sicut
646 592 909 659 teipsum.
938 611 958 644 ι
988 591 1089 657 Qtti
1147 608 1333 650 secum
1366 596 1671 665 proximum
1710 597 1911 668 diligit,

332 692 568 751 utraque
595 685 831 753 complet
864 699 1061 754 genera
1090 687 1495 743 ’maudatorum
1534 705 1549 746 :
1583 690 1637 745 id
1669 697 1773 756 est,
1814 704 1917 746 nec

334 774 538 833 malum
574 773 706 826 facit
741 774 862 837 ulli,
919 777 1012 830 sed
1044 776 1246 832 bonum
1289 777 1445 834 facit.

258 856 264 861 ’
416 889 435 922 ι
479 868 632 934 Quod
664 868 708 921 si
740 868 973 923 invicem
1003 872 1289 937 mordetis,
1318 884 1373 929 et
1394 874 1719 930 comedetis.
1750 894 1769 928 ι
1810 875 1916 931 Per

338 963 727 1017 contentiones
775 963 974 1033 singuli
1043 980 1140 1020 vos
1192 966 1444 1021 meliores
1491 967 1718 1023 alterius
1766 967 1916 1039 judi-

335 1058 533 1110 Cautio.

399 1167 418 1199 ι
472 1147 667 1204 Videte
703 1164 773 1204 ne
804 1151 871 1204 ab
922 1150 1157 1205 invicem
1215 1152 1639 1208 consumamini.
1702 1170 1723 1206 ι
1776 1152 1914 1208 Dum

337 1241 477 1295 alter
515 1241 669 1295 alteri
703 1243 929 1296 occasio
978 1236 1528 1312 perditionis‘exstat.

412 1375 432 1408 ι
478 1357 606 1410 Dico
662 1368 845 1411 autem
907 1357 959 1410 in
992 1356 1254 1415 Christo:
1315 1358 1519 1428 Spiritu
1555 1356 1846 1413 ambulate.
1889 1377 1911 1412 ι

335 1446 724 1520 ερίτίιιιιιιίιιυε
741 1450 976 1514 actibus,
1012 1465 1148 1520 quos
1179 1450 1314 1504 infra
1348 1452 1633 1506 describit.

414 1562 432 1594 ι
467 1543 529 1596 Ει
573 1542 843 1597 desideria
875 1546 1056 1597 carnis
1083 1560 1189 1597 non
1228 1546 1543 1612 pcrticietis.
1588 1563 1607 1595 ι
1664 1543 1782 1601 Non
1808 1556 1918 1614 quo

334 1650 463 1689 caro
516 1635 635 1689 sine
681 1637 864 1689 anima
915 1636 1311 1704 concupiscat;
1380 1639 1478 1691 sed
1529 1637 1748 1705 quando
1801 1637 1915 1705 ipsa

335 1730 517 1780 anima
545 1727 782 1780 carnalia
815 1727 1038 1796 cogitat,
1063 1742 1193 1781 caro
1224 1728 1461 1795 dicitur;
1517 1727 1737 1796 quando
1790 1739 1921 1780 vero

1324 300 1749 369 EXPOSITIO
1787 306 1873 370 IN
1909 308 2153 376 EPIST.
2190 316 2290 376 VD
2314 318 2590 380 GALAT.
3487 324 3594 387 858

336 412 565 478 propter
585 403 756 460 Deum
790 404 955 461 etiam
987 404 1219 463 salutem
1250 420 1517 480 nostram,
1548 423 1603 469 et
1625 415 1776 486 ipsas
1796 415 1920 471 ani-
1946 424 1994 480 Α

2099 442 2119 474 ι
2154 423 2532 483 Mansuetudo.
2571 448 2590 482 ι
2631 428 2772 484 Nulli
2805 431 3053 500 iniuriam
3083 432 3339 505 irrogarc.

2094 532 2115 566 ι
2158 516 2337 573 Fides.
2376 538 2396 571 ι
2428 519 2524 574 Vel
2576 522 2742 576 debes
2799 522 3043 589 credere,
3081 525 3162 579 vel
3193 526 3443 581 omnibus
3472 542 3593 598 pro-

2016 607 2182 661 missa
2220 623 2337 664 com
2347 611 2511 675 plere.

2094 718 2114 751 ι
2160 698 2445 757 Modestia.
2478 723 2498 755 ›
2538 704 2647 761 Nec
2680 707 2840 761 lzcsus
2871 709 3058 767 irasci.

2092 808 2113 844 ι
2151 792 2521 849 Continentia.
2573 814 2593 847 ι
2650 796 2705 851 1η
2738 799 3007 869 coniugiis
3043 801 3441 871 spiritualibus.

2095 903 2116 937 ο
2154 884 2409 942 Castitas.
2457 908 2476 940 ›
2514 886 2572 942 In
2602 891 2899 961 virginibus
2937 894 3276 963 intelligitur.

2092 995 2112 1030 ι
2141 979 2421 1034 Adversus
2447 981 2818 1050 hujuscemodi
2850 999 2957 1037 non
2990 994 3072 1039 est
3101 987 3211 1041 lex.
3246 1006 3264 1038 ι
3301 987 3416 1042 Νοιι
3445 991 3590 1045 enim

2018 1071 2118 1126 ista
2158 1072 2477 1141 prohibuit;
2510 1073 2604 1128 sed
2656 1085 2710 1129 et
2754 1075 2848 1144 qui
2904 1091 3099 1130 novum
3129 1079 3339 1149 implet,
3375 1091 3585 1137 nonest

2017 1162 2117 1218 sub
2144 1165 2318 1217 veteri
2345 1165 2714 1221 Testamento.

2094 1273 2114 1307 ι
2159 1255 2262 1321 Qui
2298 1266 2478 1311 autem
2515 1268 2644 1312 sunt
2686 1258 2914 1325 Christi,
2958 1275 3179 1315 carnem
3212 1279 3365 1317 suam
3407 1264 3591 1321 cruci-

2019 1347 2253 1401 ﬂxerunt
2286 1363 2409 1401 cum
2440 1348 2588 1403 vitiis
2641 1358 2696 1403 et
2741 1352 3220 1418 concupiscentiis.
3268 1374 3286 1406 ι
3312 1355 3368 1410 Si
3408 1357 3590 1411 omnia

2016 1439 2177 1494 simul
2219 1437 2350 1492 vitia
2386 1439 2646 1493 cruciﬂxa
2685 1451 2852 1504 sunt.
2885 1450 2940 1496 et
2977 1458 3107 1498 caro
3156 1447 3311 1512 quasi
3346 1449 3590 1516 pendens

2018 1531 2075 1586 in
2108 1532 2275 1601 ligno,
2310 1547 2417 1585 non
2447 1535 2783 1602 concupiscit
2815 1549 2829 1586 :
2872 1542 2931 1587 ut
2963 1537 3087 1604 quid
3136 1539 3292 1592 nobis
3333 1540 3436 1606 lex,
3472 1555 3591 1609 quae

2019 1625 2146 1679 data
2178 1633 2261 1678 est
2292 1624 2356 1677 ad
2390 1625 2520 1679 vitia
2545 1626 2885 1680 coercenda?
2919 1625 3088 1680 Simul
3114 1629 3244 1682 illud
3270 1634 3589 1696 notandum,

2019 1718 2161 1785 quod
2192 1730 2287 1771 eos
2310 1716 2729 1772 dixeritChristi
2761 1733 2902 1782 esse,
2929 1720 3017 1787 qui
3044 1735 3265 1774 carnem
3296 1734 3418 1775 cum
3448 1724 3592 1777 vitiis

338 1820 667 1890 spiritualia,
702 1835 839 1875 unus
868 1793 991 1873 cum
1026 1820 1133 1873 Deo
1153 1793 1473 1891 ﬁtspiritus.
1497 1793 1744 1887 Q'uandiu
1778 1834 1910 1889 ergo

2036 1806 2426 1863 :rueiﬁxerunt.
2486 1806 2599 1863 Hoc
2644 1806 2838 1866 contra
2894 1810 3037 1878 illos,
3092 1815 3185 1883 qni
3225 1814 3393 1870 solam
3433 1815 3589 1870 tidem

338 1914 534 1980 duplex
558 1915 612 1966 in
646 1914 797 1968 nobis
847 1924 927 1968 est
965 1914 1320 1978 desiderium,
1378 1914 1461 1967 vel
1492 1915 1764 1979 voluntas,
1801 1926 1910 1965 non

336 2006 649 2075 perficitnus
692 2022 1034 2076 quaecunque
1058 2007 1330 2073 volumus,
1362 2020 1471 2059 uno
1517 2004 1824 2060 :edilicante
1854 2001 1910 2055 in

338 2097 519 2160 nobis,
549 2109 605 2152 et
651 2098 759 2152 alio
787 2098 1161 2154 destruente..

419 2232 437 2265 ι
464 2213 607 2267 Caro
641 2214 784 2267 enim
828 2210 1165 2281 concupiscit
1201 2209 1465 2264 adversus
1495 2208 1765 2277 spiritum,
1796 2207 1907 2276 spi-

334 2312 476 2367 ritus
522 2317 702 2362 autem
736 2306 998 2360 adversus
1041 2294 1283 2359 carnem.
1343 2322 1362 2355 ι
1401 2302 1649 2358 Carnalis
1676 2316 1911 2358 consue-

340 2405 473 2459 tudo
512 2401 773 2455 adversus
796 2397 1081 2465 spirituale
1108 2395 1459 2450 desiderium.

419 2512 440 2546 ι
470 2493 594 2547 llaec
642 2491 791 2546 enim
847 2489 949 2543 sibi
989 2489 1221 2541 invicem
1270 2488 1653 2549 adversantur,
1682 2496 1742 2542 nt
1803 2503 1909 2543 non

341 2600 681 2659 quaecunque
712 2583 895 2644 vultis,
935 2581 1024 2635 illa
1056 2579 1294 2635 faciatis.
1341 2598 1360 2631 ι
1414 2580 1529 2635 Iloc
1562 2580 1696 2635 facit
1741 2582 1908 2647 ratio,

338 2690 399 2735 ut
422 2693 527 2734 non
552 2676 885 2730 voluntatem
915 2683 1173 2742 sequatur
1198 2672 1452 2727 effectus.

414 2807 436 2843 ι
466 2787 619 2855 Quod
641 2787 686 2841 si
717 2786 911 2854 spiritu
935 2785 1221 2849 ducimini,
1265 2799 1373 2838 non
1413 2782 1550 2838 estis
1578 2783 1682 2839 sub
1713 2784 1849 2853 lege.
1886 2802 1905 2837 ι

338 2880 399 2936 Si
424 2896 523 2934 vos
555 2877 938 2948 spiritualibus
966 2891 1062 2944 per
1114 2876 1297 2931 omnia
1334 2876 1551 2930 actibus
1608 2878 1910 2946 occupetis,

339 2988 449 3028 non
485 2980 569 3026 est
596 2969 752 3023 vobis
798 2968 880 3022 lex
917 2967 1252 3033 necessaria,
1284 2982 1404 3035 quae
1434 2968 1751 3022 carnalibus
1780 2968 1908 3022 data

336 3074 445 3119 εει.

413 3171 434 3205 ι
490 3151 772 3208 Manifesta
804 3158 930 3206 sunt
977 3159 1161 3205 autem
1195 3164 1361 3219 opera
1390 3149 1594 3203 carnis.
1630 3167 1649 3200 ›
1677 3147 1797 3204 Νοιι
1828 3161 1910 3206 est
1940 3155 1986 3215 ο

337 3245 556 3304 ὐίαἱοηθ
588 3247 904 3301 discernere
941 3246 1086 3299 inter
1118 3255 1353 3313 utraque
1373 3258 1564 3314 opera.

416 3382 437 3415 ι
470 3362 599 3429 Quae
631 3372 758 3417 sunt
790 3359 1101 3425 foruicatio,
1145 3360 1512 3428 immunditia,
1548 3362 1911 3430 impudicitia,

336 3455 578 3520 luxuria,
613 3453 880 3508 idolorum
938 3453 1195 3517 servitus,
1236 3451 1520 3519 veneﬁcia,
1590 3452 1912 3517 inimicitire,

312 3547 734 3621 'contentiones,
766 3544 1161 3608 aemulationes,
1184 3545 1300 3608 irae,
1324 3544 1480 3608 rixm,
1515 3543 1913 3610 dissensiones,

337 3651 524 3708 sectae,
558 3640 791 3701 iuvidim,
845 3638 1159 3703 homicidia,
1200 3638 1521 3701 ebrietates,
1558 3637 1918 3693 comessatio-

334 3746 459 3795 nes,
483 3741 532 3783 et
552 3730 638 3784 bis
669 3728 888 3783 similia.
912 3747 931 3779 ι
961 3726 1284 3782 Inimicitias
1311 3736 1364 3781 et
1389 3736 1582 3781 caetera
1606 3728 1911 3797 sequentia,

336 3822 582 3876 carnalia
634 3822 788 3887 dicit,
840 3834 961 3888 quae
1007 3820 1203 3874 anima:
1251 3828 1401 3883 sunt,
1429 3832 1534 3873 non
1565 3821 1794 3877 carnis:
1846 3835 1916 3874 ne

336 3913 621 3969 Manichzel
671 3928 792 3969 eum
834 3913 1195 3971 substantiam
1233 3912 1417 3966 carnis
1457 3927 1718 3969 accusare
1762 3924 1917 3983 puta-

337 4015 463 4061 rent
488 4023 503 4063 :
525 4006 621 4060 sed
660 4019 822 4060 omne
855 4005 1080 4069 malum,
1113 4005 1333 4060 carnale
1387 4005 1653 4069 deﬁniunt
1682 4024 1697 4061 :
1753 4021 1917 4064 omne

335 4098 561 4162 bonum,
585 4098 886 4167 spirituale.
911 4099 1039 4168 quia
1066 4101 1310 4156 caeleste.

410 4208 432 4242 ι
470 4188 601 4255 Quae
630 4189 861 4258 praedico
888 4191 1063 4259 vobis,
1100 4192 1240 4246 sicut
1269 4190 1552 4259 praedixi.»
1585 4191 1665 4247 Ex
1697 4190 1784 4245 his
1815 4204 1920 4265 cae-

340 4292 453 4337 tera
474 4282 733 4353 colligere
767 4293 1023 4357 pateram
1079 4299 1201 4353 quae
1228 4283 1537 4354 compendii
1570 4286 1749 4353 gratia
1777 4299 1918 4354 pra:-

340 4376 574 4431 terruisi.

2015 1900 2261 1957 suﬁieere
2286 1901 2644 1958 arbitrantur.

2617 2060 2847 2118 CAPUT
2882 2064 2968 2120 VI.

2084 2155 2131 2225 ἶ
2149 2173 2204 2229 Si
2240 2159 2436 2245 spiritu
2463 2176 2717 2240 vivimus,
2755 2180 2948 2247 spiritu
2980 2189 3033 2234 et
3083 2183 3442 2238 ambulemus.
3475 2203 3492 2236 ι
3531 2185 3588 2242 Si

2013 2280 2112 2337 per
2152 2268 2398 2336 spiritum
2432 2272 2595 2325 vitam
2648 2272 2929 2340 habemus,
2970 2274 3328 2343 spiritualiter
3355 2292 3587 2334 ccuver-

2013 2372 2218 2423 scmur,
2251 2368 2305 2414 et
2336 2376 2442 2415 non
2475 2363 2773 2417 carnaliter
2804 2365 2906 2432 legi
2944 2366 3271 2422 serviamus.

2091 2467 2111 2501 ι
2148 2450 2267 2504 Non
2315 2451 2616 2506 efﬁciamur
2653 2453 2831 2509 inanis
2867 2456 3050 2521 gloriae
3086 2457 3290 2526 Cupidi.
3344 2477 3363 2511 ι
3411 2459 3593 2515 Inanis

2015 2540 2199 2611 gloriae
2254 2553 2337 2596 est
2387 2544 2645 2611 cupidus,
2697 2545 2790 2614 qui
2843 2538 3072 2617 alterius
3113 2548 3362 2616 quamvis
3404 2565 3590 2604 veram

2015 2630 2315 2685 doctrinam
2356 2634 2619 2687 cvacbare
2674 2646 2941 2698 conatur,
2996 2647 3054 2689 ut
3117 2636 3297 2706 plures
3334 2637 3592 2693 videatur

2015 2722 2218 2776 habere
2245 2723 2580 2793 discipulos;
2613 2725 2919 2794 hujustnodi
2955 2736 3136 2781 tamen
3168 2743 3227 2783 se
3264 2729 3589 2783 alterutrum

2016 2815 2082 2867 ad
2116 2815 2448 2869 iracundiam
2489 2832 2783 2885 provocare
2821 2828 3243 2885 consueverunt,
3319 2822 3585 2889 qu-tndiu

2014 2906 2115 2960 sibi
2165 2906 2396 2962 invicem
2428 2909 2670 2962 invidere
2704 2924 2808 2962 non
2858 2909 3139 2965 desinunt.
3192 2912 3380 2966 Inanis
3428 2914 3587 2969 aliter

2015 3000 2188 3068 gloria
2216 3010 2320 3062 est,
2353 3001 2396 3053 si
2425 3016 2488 3054 ex
2530 3001 2615 3055 his
2645 3017 2765 3070 quae
2808 3017 2917 3056 non
2949 3003 3339 3071 prmcipiuntur
3371 3006 3419 3058 itt
3452 3006 3587 3075 lege,

2016 3107 2204 3147 omnes
2272 3108 2532 3163 cogamur
2584 3092 2767 3147 facere
2795 3133 2809 3155 ,
2842 3105 3105 3163 quantum
3152 3112 3255 3149 non
3310 3095 3589 3155 facimus:

2017 3197 2227 3240 etcum
2272 3185 2374 3255 ipsi
2409 3199 2518 3240 non
2562 3185 2902 3253 poterimus,
2948 3188 3063 3240 haec
3114 3186 3386 3257 superﬂua
3441 3176 3605 3244 dies!

2016 3293 2157 3331 mus.

2094 3388 2112 3420 ι
2153 3368 2389 3425 Invicem
2425 3380 2809 3435 provocantes,
2854 3371 3087 3426 invicem
3122 3372 3447 3428 inridenter.
3480 3391 3500 3423 ι
3533 3370 3591 3426 Si

2016 3460 2297 3516 irridendo
2333 3462 2591 3520 seductos
2618 3465 2688 3519 ad
2717 3465 3050 3519 iracundiam
3083 3468 3409 3535 provncctis,
3436 3478 3489 3521 et
3517 3466 3594 3521 illi

2018 3555 2169 3607 vobis
2209 3555 2508 3610 invideant.

2094 3667 2114 3698 ι
2173 3647 2434 3711 Fratres,
2491 3656 2547 3703 et
2593 3649 2639 3704 si
2694 3658 3118 3720 praaoccupatus.
3146 3651 3310 3707 fuerit
3345 3652 3508 3705 homo
3539 3651 3592 3705 in

2015 3742 2198 3809 aliquo
2230 3742 2427 3795 delicto
2466 3757 2482 3797 :
2512 3757 2602 3796 vos
2630 3743 2722 3811 qui
2771 3744 3084 3811 spiritualcs
3128 3744 3262 3798 estis
3294 3785 3308 3803 .
3344 3743 3598 3811 hujusce-

2018 3833 2163 3888 modi
2199 3833 2449 3888 instruite
2471 3833 2522 3887 in
2563 3835 2758 3902 Spiritu
2791 3834 3053 3888 lenitatis.
3084 3854 3104 3885 ι
3146 3834 3262 3889 Iloc
3297 3836 3405 3889 illis
3432 3835 3592 3895 dicit.

1957 3961 1975 3972 .
2017 3924 2110 3993 qui
2140 3939 2251 3978 non
2288 3922 2507 3977 fuerant
2538 3925 2811 3993 pet-suasi,
2858 3934 2916 3978 ttt
2963 3935 3273 3993 prtcvcntos
3321 3925 3598 3993 corrigam

2018 4014 2327 4070 mansuete.
2367 4012 2587 4070 Sanein
2626 4016 2711 4069 his
2745 4015 3074 4082 praevenitur
3115 4014 3347 4068 humana
3384 4014 3596 4083 fragili-

2020 4113 2125 4169 tas,
2163 4120 2286 4176 quae
2332 4104 2534 4161 leviora
2560 4116 2709 4171 sunt,
2737 4115 2793 4159 et
2837 4121 2905 4160 ex
2933 4106 3211 4172 insperato
3248 4105 3592 4175 contingunt.

2017 4196 2288 4251 Cancrum
2323 4212 2431 4251 non
2462 4205 2547 4252 est
2582 4196 2904 4265 prteventio,
2948 4196 3038 4250 ubi
3069 4196 3274 4266 aliquid
3304 4212 3426 4251 cum
3464 4211 3595 4251 cou-

2020 4290 2143 4345 silio
2176 4289 2268 4345 diu
2299 4289 2560 4344 meditato
2592 4290 2971 4344 committitur.

2096 4402 2115 4435 ι
2155 4383 2523 4440 Considerans
2554 4384 2810 4453 teipsum,
2843 4399 2909 4437 ne
2947 4394 3001 4438 et
3030 4392 3086 4437 tu
3122 4383 3369 4438 tcnteris.
3401 4401 3420 4433 ι
3460 4382 3595 4449 Quia

414 4484 435 4520 ι
471 4467 740 4533 Quoniam
764 4468 855 4537 qui
882 4465 1009 4521 talia
1037 4478 1229 4540 agunt,
1264 4484 1489 4540 regnum
1514 4467 1605 4522 Dei
1640 4483 1752 4525 non
1777 4483 1911 4523 cou-

2036 4485 2075 4531 ξι
2104 4485 2158 4531 tu
2184 4477 2300 4545 ipse
2334 4476 2498 4530 homo
2528 4491 2651 4530 cum
2681 4476 2781 4542 sis,
2818 4474 3042 4543 potesiu
3072 4474 3256 4544 aliquo
3281 4472 3592 4542 przcvcniri,

333 4567 654 4627 sequentur.
701 4576 720 4609 ι
756 4557 1064 4612 Notandum
1119 4572 1282 4629 atque
1327 4561 1718 4629 plangendum,
1768 4562 1913 4631 quod

330 4652 713 4705 contentiosos
747 4661 908 4719 atque
940 4653 1293 4718 dissidentes,
1324 4655 1403 4707 vet
1450 4653 1765 4719 iracundos,
1791 4668 1912 4708 cum

337 4744 671 4809 idololatris,
712 4755 768 4799 et
799 4745 1080 4810 veneﬁcis,
1117 4756 1172 4802 et
1200 4745 1511 4812 bomicidis,
1544 4747 1759 4816 penitus
1810 4760 1912 4802 ex-

335 4835 500 4892 clusit
526 4851 555 4889 a
587 4851 776 4905 regno.

413 4943 436 4978 ι
478 4925 716 4982 Fructus
766 4937 947 4983 autem
995 4927 1247 5000 spiritus,
1301 4941 1390 4987 est
1422 4929 1691 4987 charitas.
1731 4948 1752 4983 ι
1785 4927 1914 4985 0m-

340 5019 492 5074 nium
518 5018 782 5075 virtutum
809 5024 982 5092 prima
1004 5029 1091 5077 est
1114 5022 1376 5089 charitas,
1399 5037 1561 5096 quam
1591 5022 1652 5079 in
1677 5033 1916 5093 quatuor

334 5121 520 5181 partes
546 5111 873 5167 divisibilem
904 5116 1313 5170 annotavituus.

409 5222 431 5257 ι
465 5202 759 5260 Gaudium.
804 5223 823 5258 ι
858 5204 1172 5280 Spiritnale.

411 5315 433 5349 ι
474 5296 584 5353 Pas
611 5337 627 5365 ,
689 5297 975 5369 patientia.
1020 5318 1041 5354 ι
1076 5300 1250 5358 Etiam
1294 5315 1420 5357 cum
1456 5301 1766 5359 odientibus
1799 5307 1918 5373 'pa-

336 5403 479 5445 cem.

415 5495 436 5530 ι
469 5476 819 5552 Benignitas,
855 5481 1102 5540 bonitas.
1149 5500 1169 5536 ι
1204 5482 1433 5556 Semper
1473 5484 1614 5542 bene
1647 5485 1784 5544 velle
1828 5486 1911 5543 fa-

333 5584 484 5626 cere.

414 5679 438 5716 ι
485 5663 913 5737 Longanimitas.
959 5686 981 5724 ι
1010 5668 1194 5728 Illatas
1232 5669 1461 5743 injurias
1494 5673 1768 5733 sustinere
1810 5690 1907 5747 pa-

345 5756 562 5819 tienter,

2021 4573 2074 4620 et
2106 4565 2376 4633 adjutorio
2406 4565 2668 4634 indigere,
2699 4566 2837 4619 sicut
2863 4565 2981 4619 sani
3026 4564 3274 4617 infirmos
3299 4564 3597 4626 sustinent,

2019 4667 2073 4712 et
2109 4670 2352 4727 mortuos
2390 4660 2659 4728 sepeliant
2700 4658 2807 4712 vivi
2842 4674 2857 4711 :
2892 4640 3014 4728 quia
3052 4669 3108 4712 et
3159 4659 3261 4728 ipsi
3331 4654 3597 4711 inﬁrmari

2019 4763 2072 4809 et
2097 4752 2230 4808 mori
2256 4765 2315 4805 se
2349 4765 2508 4820 posse
2534 4752 2784 4805 credunt.

2095 4861 2115 4895 ι
2150 4842 2301 4897 Alter
2326 4842 2554 4899 alterius
2581 4856 2751 4898 onera
2775 4853 3011 4910 portate,
3040 4850 3093 4897 et
3125 4841 3206 4898 sic
3232 4838 3597 4910 adimplehitis
3644 4830 3661 4845 ’

2015 4934 2190 5004 legem
2214 4932 2443 4989 Christi.
2491 4951 2512 4985 ο
2568 4932 2679 4989 Lex
2730 4933 2956 5000 Christi,
3012 4932 3255 4989 charitas
3301 4943 3426 4987 est:
3454 4932 3599 4987 sicut

2018 5024 2135 5093 ipse
2177 5023 2314 5079 dicit
2346 5039 2363 5081 :
2399 5021 2718 5078 Mandatum
2762 5040 2953 5079 novum
3005 5025 3074 5077 do
3106 5024 3267 5091 vobis,
3309 5033 3365 5078 tu
3396 5039 3486 5078 vos
3510 5022 3598 5075 tn-

2015 5118 2179 5171 vicem
2213 5116 2456 5187 diligatis
2480 5130 2500 5169 :
2528 5115 2666 5171 sicut
2696 5124 2747 5170 et
2777 5131 2871 5185 ego
2914 5114 3081 5170 dilexi
3131 5131 3220 5170 vos
3250 5112 3434 5185 (Jaan.
3468 5129 3598 5180 aut,

2014 5205 2131 5277 54).
2160 5203 2472 5261 Notandum
2503 5206 2650 5276 quod
2683 5207 2860 5277 gratia
2891 5206 2973 5261 lex
3004 5206 3236 5262 dicatur.

2095 5316 2114 5350 ι
2149 5294 2287 5351 Nam
2318 5297 2366 5353 si
2412 5298 2538 5367 quis
2575 5297 2856 5353 existimat
2895 5312 2957 5353 se
3007 5296 3214 5367 aliquid
3254 5309 3378 5352 esse
3407 5331 3425 5360 ,
3458 5308 3593 5351 cum

2017 5391 2149 5447 nihil
2178 5393 2272 5456 sit,
2303 5392 2419 5463 ipse
2438 5407 2499 5449 se
2533 5393 2768 5449 seducit.
2808 5409 2827 5443 ι
2865 5391 2966 5459 Qui
3001 5406 3062 5447 se
3101 5400 3255 5462 putat
3288 5406 3392 5447 non
3423 5404 3593 5461 posse

2017 5484 2216 5540 tentari
2253 5498 2269 5539 :
2309 5484 2427 5540 sive
2474 5485 2569 5556 qui
2618 5484 2739 5554 plus
2788 5483 2857 5539 de
2888 5498 2949 5540 se
2982 5482 3251 5547 laudanti,
3283 5497 3444 5554 quam
3473 5495 3593 5538 sua

2011 5578 2359 5635 conscientia
2385 5577 2582 5634 credit.

2087 5689 2107 5724 ι
2142 5668 2292 5741 Opus
2328 5679 2511 5726 autem
2549 5686 2706 5724 suum
2740 5673 2933 5741 probet
2963 5670 3361 5743 unusquisque.
3402 5689 3421 5723 ι
3481 5669 3585 5724 Te-

2010 5766 2262 5823 stimonio
2295 5766 2662 5823 conscientiae.
