3954 6194
466 222 584 293 359

1433 227 1495 288 S.
1536 225 1975 287 HlERONYMl
2015 226 2337 290 OPERUM
2382 231 2789 293 MAN'l'lSSA.

3598 237 3693 302 860

540 366 560 400 α
591 346 658 403 Et
690 346 769 402 sic
803 345 856 400 in
893 343 1186 411 semetipso
1219 350 1426 411 tantum
1457 342 1681 412 gloriam
1713 343 1952 410 habebit,
1985 351 2039 411 et
2072 352 2111 405 Α
2150 362 2240 400 nn.
2284 364 2302 397 ι
2357 347 2645 416 lutelligite
2692 349 2839 419 quod
2892 365 3000 405 nou
3056 351 3273 405 timeam
3308 391 3324 415 ,
3382 352 3473 422 qui
3522 352 3698 413 litteras

459 456 568 499 non
603 427 655 493 in
692 439 885 492 altero.
917 453 937 487 ι
967 433 1024 488 ln
1056 448 1154 489 sua
1177 433 1537 508 conscientia,
1564 444 1617 489 et
1649 450 1754 488 non
1800 435 1853 489 in
1899 436 2041 489 altev

460 538 578 593 rius
632 530 989 587 adulatione:
1023 530 1139 583 sive
1184 528 1235 581 in
1277 543 1372 582 sua
1434 528 1668 596 iustitia,
1699 546 1805 583 non
1863 530 2042 584 alieno

462 631 705 695 peccato.
742 618 911 673 Nemo
940 619 1086 672 enim
1122 619 1338 687 prolicit
1374 620 1440 675 ad
1475 621 1702 675 alterius
1737 622 2042 676 detrimen-

462 726 575 772 tum
606 730 622 768 :
664 727 765 767 nec
790 727 856 767 ex
893 710 1040 767 illius
1072 711 1275 767 delicto
1307 712 1509 785 justior
1541 727 1704 783 quam
1731 711 1920 778 fuerit,
1951 727 2044 782 ap-

462 804 694 875 parebit.

538 914 557 947 ο
590 893 980 965 Unusquisque
1010 896 1155 950 enim
1204 909 1345 949 onus
1376 909 1535 951 suum
1572 893 1830 963 portabit.
1871 913 1889 947 ι
1924 892 2042 949 Non

463 986 606 1041 enim
630 1003 771 1042 onus
816 988 936 1054 ejus
972 987 1149 1041 aufert
1187 987 1305 1043 laus
1336 988 1623 1044 sectantis.

539 1096 557 1129 ι
578 1076 967 1134 ‘Cumuumicct
998 1091 1180 1133 autem
1222 1081 1290 1143 is,
1335 1081 1426 1149 qui
1457 1080 1828 1135 catechizatur
1855 1078 2043 1143 verbo,

463 1171 513 1225 ei
548 1172 641 1239 qui
679 1185 739 1225 se
771 1172 1078 1225 catechizat
1105 1171 1158 1226 in
1188 1173 1444 1226 omnibus
1485 1174 1658 1228 bouis.
1698 1191 1720 1225 ι
1767 1173 1891 1227 Sive
1920 1172 2046 1227 obe-

466 1264 724 1318 dientiaut
760 1266 954 1333 verbo,
983 1277 1039 1334 et
1082 1265 1295 1320 actibus
1331 1266 1710 1329 imitationem,
1754 1266 1869 1321 sive
1910 1265 2046 1320 sub-

464 1355 721 1410 stantiam
754 1358 946 1411 victus.

541 1463 561 1495 ι
603 1445 779 1499 Nolite
825 1454 1049 1511 errare,
1094 1445 1239 1501 Deus
1299 1462 1405 1500 non
1461 1445 1743 1502 irridetur.
1797 1465 1817 1499 ι
1870 1445 2046 1502 Homo

476 1547 657 1604 potest
686 1552 715 1590 a
752 1545 1027 1601 serpente,
1065 1535 1157 1588 Dei
1183 1538 1475 1591 vindictam
1506 1549 1759 1607 negante,
1796 1538 2044 1603 irrideri,

467 1625 612 1679 sicut
648 1626 756 1678 Eva
797 1624 951 1695 (Gen.
985 1640 1071 1691 tu,
1105 1626 1182 1696 1).
1237 1625 1367 1681 Nam
1424 1628 1566 1682 Deus
1602 1630 1828 1684 exhibet
1851 1670 1866 1691 ,
1899 1630 2043 1700 quod

470 1715 739 1785 promittit

468 1816 573 1869 ret,
626 1807 860 1877 amplius
911 1808 1087 1877 primo
1134 1813 1490 1878 peccantibus
1560 1813 1834 1878 reddidit,
1885 1828 2047 1883 quam

466 1900 719 1970 promisit
752 1899 912 1967 (Ibid.
950 1900 1019 1955 l3
1047 1908 1250 1973 seqq.),
1284 1915 1339 1958 et
1373 1905 1529 1957 uxori
1558 1902 1663 1959 Lot
1708 1905 1872 1959 etiam
1904 1907 2050 1976 quod

468 2005 577 2045 non
611 1993 839 2056 dixerat,
870 1992 998 2047 fecit
1036 1991 1192 2063 (Gen.
1229 2010 1350 2059 xix,
1403 1995 1518 2065 26).

546 2100 565 2133 ε
611 2082 743 2149 Qum
785 2083 927 2137 enim
967 2087 1323 2140 seminaverit
1376 2088 1575 2149 homo,
1611 2089 1725 2145 hmc
1755 2098 1808 2145 et
1846 2100 2048 2160 metet;

468 2176 723 2240 quoniam
748 2176 836 2244 qui
865 2178 1099 2232 seminat
1130 2180 1179 2232 in
1204 2194 1370 2234 carne
1396 2196 1517 2248 sua,
1550 2182 1615 2236 de
1636 2194 1869 2240 carneet
1889 2196 2054 2240 metet

466 2270 898 2330 corruptionem.
935 2288 954 2320 ι
993 2270 1093 2335 Qui
1152 2285 1303 2340 spem
1359 2272 1522 2327 habet
1553 2273 1605 2328 in
1634 2275 2053 2334 circumcisione

467 2357 696 2420 carnali,
737 2359 818 2411 vel
851 2361 940 2428 qui
977 2362 1102 2413 vitia
1136 2363 1391 2427 seminat,
1434 2372 1598 2418 metet
1631 2381 1872 2435 poenam.

548 2465 568 2499 ε
598 2447 702 2513 Qui
735 2458 917 2504 autent
952 2453 1187 2506 seruiunt
1226 2454 1278 2507 in
1311 2456 1530 2524 spiritu,
1556 2456 1625 2510 de
1656 2459 1852 2524 spiritu
1888 2468 2053 2517 metet

468 2540 636 2593 vitam
670 2553 954 2595 aeternam.
987 2562 1006 2594 ι
1045 2543 1179 2609 Quia
1211 2545 1261 2600 in
1301 2548 1566 2617 spirituali
1611 2555 2049 2615 conversatione.

472 2632 555 2686 vel
588 2630 715 2685 ﬁde.

543 2763 563 2796 ι
605 2746 810 2799 Bonum
834 2756 959 2802 ante
983 2766 1013 2801 u
1052 2749 1316 2807 facientes
1351 2772 1456 2808 nou
1490 2756 1810 2812 deficiamus
1866 2779 1885 2805 ι
1920 2760 2049 2818 εἷθ’

469 2845 529 2890 ut
597 2836 1009 2893 Ei-clesiasticus
1050 2842 1129 2895 ait
1160 2858 1175 2897 :
1211 2842 1335 2898 Non
1367 2848 1679 2916 impediuris
1727 2868 1883 2905 orare
1915 2868 2051 2905 sem-

465 2941 580 2996 per,
622 2936 671 2981 et
725 2944 829 2981 non
883 2934 1107 2985 verearis
1133 2949 1296 3003 usque
1332 2936 1402 2988 ad
1450 2948 1665 2991 mortem
1705 2940 2003 3009 justi/ﬁcari
2030 2957 2050 2996 .°

465 3022 719 3089 quoniam
767 3037 958 3075 merces
1018 3024 1229 3079 Domini
1264 3040 1438 3081 nauiter
1471 3033 1521 3082 in
1562 3043 1819 3084 wteruum
1855 3032 2049 3095 (Eccli.
2078 3044 2123 3102 ο

467 3128 624 3174 xvut,
656 3114 771 3183 22).
807 3113 1209 3172 lndelicieutettt
1243 3122 1672 3191 enimjustitiam
1733 3127 2055 3181 indeiiciens

467 3207 743 3271 praemium
778 3209 1152 3276 subsequitur,
1177 3212 1300 3276 quia
1324 3215 1412 3279 qui
1442 3217 1847 3277 peneoerareril
1889 3231 2055 3285 usque

466 3294 522 3348 in
548 3295 730 3366 ﬁnem,
756 3297 935 3351 salvus
963 3300 1060 3352 erit
1105 3298 1325 3370 (Matth.
1361 3317 1416 3365 ι,
1443 3300 1557 3371 2'3).

541 3425 564 3461 σ
602 3408 872 3476 Tempore
917 3413 1063 3465 enim
1091 3430 1190 3467 suo
1226 3424 1492 3471 metemus
1522 3434 1627 3472 non
1660 3418 2034 3476 deficientes.)

472 3498 631 3555 Nunc
657 3512 872 3571 tempus
915 3505 1218 3558 semiuandi
1261 3520 1364 3572 est,
1398 3524 1503 3562 non
1540 3513 1801 3566 metendi.

546 3632 568 3665 ι
608 3614 750 3684 Ergo
778 3615 905 3669 dum
935 3626 1146 3687 tempus
1174 3618 1456 3683 habemus.
1490 3640 1508 3674 ι
1543 3621 1806 3679 Ultimum
1833 3641 2052 3683 semen-

474 3707 551 3763 tis
583 3708 687 3762 hoc
722 3716 938 3776 tempus
980 3721 1086 3766 est.
1124 3710 1465 3767 Festinemns
1513 3729 1640 3781 ergo
1689 3733 1910 3786 campos
1939 3736 2053 3774 om-

470 3812 571 3851 nes
618 3813 841 3863 serere;
872 3799 966 3854 sed
1000 3803 1173 3872 magis
1207 3818 1323 3866 eos,
1366 3803 1457 3873 qui
1492 3816 1619 3858 sunt
1653 3808 1935 3873 uberrimi,
1965 3825 2052 3865 reo

470 3891 716 3957 pleamus
740 3909 754 3946 :
781 3907 850 3945 ne
878 3893 1203 3962 incipiamus
1231 3904 1477 3968 tempore
1501 3900 1720 3965 messis,
1741 3899 1864 3956 aliis
1880 3902 2051 3957 abun-

472 3980 746 4045 dantibus,
780 3985 1018 4038 esurire.

548 4114 569 4147 ι
608 4096 908 4164 Operetttttt‘
940 4099 1137 4153 bonum
1171 4101 1237 4155 ad
1272 4104 1943 4169 omnes,‘maximeautem
1982 4108 2048 4162 ad

476 4184 809 4241 domesticos
841 4186 987 4244 fidei.
1025 4208 1044 4241 ι
1075 4189 1689 4262 lndigentibusludaeis,
1717 4209 1772 4251 et
1802 4198 2046 4267 paganis,

473 4291 526 4333 et
557 4279 813 4333 omnibus
847 4280 1193 4343 Christianis,
1228 4284 1385 4339 bonis
1433 4288 1698 4356 malisque
1732 4289 2049 4343 misericor-

785 1730 799 1767 :
844 1731 972 1770 nam
1000 1726 1056 1769 ut
1088 1732 1303 1772 omnem
1340 1718 1459 1788 ejus
1500 1722 1760 1774 astutiam
1791 1722 2049 1778 exelude-
2081 1708 2122 1763 Β

2147 452 2309 491 mauu
2343 454 2459 492 mea
2493 455 2665 507 nuper
2693 441 2915 510 scripsi.

2223 547 2242 579 ι
2290 529 2619 600 Quicunque
2664 531 2809 586 enim
2845 533 3061 603 placere
3109 534 3161 589 in
3216 551 3403 599 carne.
3438 536 3489 591 bi
3525 550 3703 609 cogunt

2150 637 2248 676 vos
2276 624 2597 677 eirtumcidi
2633 639 2648 678 :
2690 633 2908 678 tantum
2945 635 3001 679 ut
3033 627 3215 680 crucis
3246 627 3448 682 Christi
3480 644 3703 696 persecu-

2148 711 2348 765 tionem
2381 728 2486 765 non
2520 713 2820 783 patiantur.
2853 734 2872 767 ι
2909 715 3013 781 Qui
3041 715 3246 772 Judaﬁs
3277 721 3579 776 carnalibus
3606 722 3701 791 pla-

2145 817 2268 857 cere
2295 803 2624 867 desiderant,
2653 808 2836 862 crucis
2860 808 3066 865 Christi
3118 813 3559 881 persecutionem
3592 829 3702 871 sus-

2146 895 2319 949 tinere
2351 897 2629 954 timentes.

2225 1005 2244 1038 r
2283 986 2469 1057 Neque
2497 993 2644 1044 enim
2682 991 2777 1061 qui
2811 991 3308 1059 circumciduntur,
3339 994 3515 1066 legem
3542 1009 3702 1055 custo-

2147 1080 2326 1135 diunt.
2366 1099 2384 1133 ι
2418 1081 2474 1136 Si
2511 1084 2869 1141 circumcisio
2927 1086 3102 1154 legem
3160 1084 3366 1143 faceret
3418 1093 3699 1161 custodire,

2148 1172 2352 1242 aliquid
2377 1175 2658 1230 videretur
2698 1176 2902 1232 habere
2953 1178 3182 1232 rationis
3211 1179 3315 1234 ista
3351 1185 3645 1250 persuasio.

2227 1284 2245 1316 c
2283 1264 2392 1319 Sed
2428 1266 2617 1321 volunt
2653 1283 2751 1323 vos
2783 1270 3130 1332 circumcidi,
3167 1280 3228 1325 ut
3273 1271 3327 1324 in
3353 1287 3519 1328 carne
3548 1287 3704 1330 vestra

2147 1358 2471 1430 glorientur.
2520 1380 2539 1414 ι
2582 1361 2652 1418 Ut
2684 1364 2754 1417 de
2785 1378 2954 1417 carne
2985 1373 3164 1419 vestra
3189 1364 3330 1430 apud
3360 1362 3574 1422 Iudaeos
3603 1368 3700 1421 lau-

2148 1450 2271 1503 dem
2324 1450 2562 1505 habe-ant
2609 1468 2624 1507 :
2672 1457 2791 1508 sive
2836 1453 2984 1524 quod
3037 1453 3338 1524 discipulos
3364 1456 3432 1509 ad
3464 1468 3704 1513 setraxe—

2149 1540 2278 1607 rint,
2312 1541 2636 1612 glorientur.

2227 1674 2245 1707 ι
2276 1655 2410 1710 Mihi
2442 1665 2622 1712 autem
2651 1657 2791 1712 absit
2829 1659 3074 1731 gloriari,
3105 1661 3209 1717 nisi
3241 1664 3295 1718 iu
3324 1680 3489 1719 cruce
3517 1664 3703 1720 Domini

2153 1748 2325 1802 nostri
2358 1746 2507 1803 .Je~u
2541 1749 2746 1805 Christi
2782 1765 2798 1805 :
2838 1767 2933 1820 per
2965 1769 3126 1823 quem
3180 1756 3309 1810 mihi
3352 1757 3581 1812 mundus
3604 1773 3708 1811 cru-

2151 1839 2347 1893 ciﬁxus
2386 1851 2492 1906 est,
2523 1853 2578 1895 et
2609 1858 2710 1912 ego
2744 1844 2975 1899 mundo.
3014 1863 3034 1897 ι
3063 1844 3180 1900 Non
3229 1846 3280 1901 in
3325 1851 3542 1918 propria
3566 1849 3708 1919 justi-

2152 1930 2251 1994 tia,
2296 1930 2379 1984 vel
2416 1931 2705 2000 doctrina,
2744 1934 2841 1989 sed
2898 1935 2953 1989 in
3010 1936 3119 1991 line
3174 1939 3407 1993 crucis:
3449 1955 3543 2008 per
3570 1956 3707 2009 quam

2153 2021 2286 2075 mihi
2337 2023 2519 2076 omnia
2574 2036 2802 2093 peccata
2835 2026 3064 2082 dimissa
3087 2039 3241 2095 sunt,
3278 2041 3340 2084 ut
3380 2046 3486 2100 ego
3532 2030 3709 2085 mundo

2153 2129 2419 2179 morerer,
2449 2123 2506 2170 et
2541 2116 2630 2169 ille
2654 2116 2811 2171 mihi.

2230 2245 2249 2280 ι
2285 2227 2343 2283 lu
2372 2228 2594 2285 Christo
2642 2231 2791 2287 enim
2836 2230 2969 2289 Jesu
2997 2275 3013 2301 ,
3053 2250 3230 2305 neque
3261 2237 3606 2294 circumcisio
3629 2236 3711 2290 ali-

2154 2320 2284 2389 quid
2316 2321 2479 2385 valet,
2514 2337 2693 2393 neque
2718 2326 3068 2394 praeputium,
3106 2328 3203 2382 sed
3232 2344 3369 2383 nova
3404 2339 3661 2385 creatura.
3686 2345 3704 2380 ι

2154 2410 2271 2466 Hoc
2304 2422 2549 2482 tempore
2598 2415 2774 2469 solum
2814 2415 2920 2472 hoc
2950 2419 3211 2489 prodest,
3259 2420 3304 2474 si
3353 2420 3481 2489 quis
3521 2429 3712 2475 renatus

2156 2502 2209 2556 in
2238 2503 2478 2571 Christo,
2511 2521 2650 2560 nova
2681 2512 3107 2565 conversatione
3133 2520 3341 2577 utatur,
3369 2523 3429 2565 ut
3461 2512 3709 2580 Propheta

2153 2598 2229 2649 ait
2256 2608 2271 2647 :
2317 2594 2573 2650 liinovate
2614 2598 2757 2653 vobis
2792 2617 2978 2655 ηουαηι
3006 2619 3245 2667 messem,
3278 2613 3327 2657 et
3354 2619 3419 2657 ne
3440 2604 3709 2658 seminare-

2154 2688 2270 2742 ritis
2312 2689 2452 2742 inter
2492 2692 2701 2758 spinas.
2751 2691 3123 2748 Circumcidire
3153 2712 3241 2749 vos
3276 2696 3382 2748 Deo
3419 2706 3584 2749 oestro
3612 2709 3628 2725 '
3664 2704 3705 2747 et

2153 2781 2837 2854 circumcidireprwputium
2866 2771 3039 2842 cordis
3061 2790 3214 2843 vestri
3240 2788 3465 2859 (Jerem.
3482 2778 3554 2850 tv'.
3573 2789 3623 2853 3,
3643 2788 3708 2857 ι).

2138 2904 2145 2910 ·
2231 2913 2250 2945 ι
2290 2894 2351 2948 Et
2383 2897 2704 2968 quicunque
2761 2899 2902 2954 hanc
2960 2902 3204 2969 regulam
3263 2904 3444 2956 secuti
3492 2900 3711 2964 fuerint,

2158 3001 2257 3053 pax
2287 3002 2451 3054 super
2477 2989 2623 3053 illus,
2653 3000 2705 3043 et
2734 2991 3138 3047 misericordia.
3171 3013 3189 3045 ι
3225 2994 3363 3061 Quia
3402 2995 3458 3049 in
3485 2995 3599 3061 sola
3626 2992 3715 3048 lide

2159 3093 2282 3146 Spes
2316 3079 2613 3133 colloCatur
2662 3084 2993 3138 animarum.

2234 3185 2253 3219 ι
2297 3169 2359 3221 lit
2409 3186 2573 3238 super
2629 3170 2797 3227 Israel
2859 3175 2974 3229 Dei.
3012 3193 3031 3226 ι
3081 3174 3172 3229 Dei
3222 3187 3305 3230 est
3358 3192 3494 3247 ergo
3520 3174 3712 3231 Israel:

2157 3258 2281 3313 Non
2312 3263 2445 3315 enim
2489 3278 2668 3317 omnes
2704 3265 2795 3334 qui
2825 3276 2947 3320 sunt
2999 3283 3064 3320 ea:
3100 3266 3295 3330 Israel,
3324 3271 3380 3322 hi
3405 3277 3534 3323 sunt
3562 3265 3717 3322 Isra-

2156 3372 2267 3427 lita:
2302 3372 2482 3442 (Rom.
2516 3390 2592 3438 ιι,
2625 3376 2706 3446 6).

2229 3454 2259 3517 ι’
2284 3466 2359 3520 De
2393 3476 2594 3522 caetero
2627 3484 2788 3523 nemo
2844 3469 2977 3524 mihi
3008 3471 3269 3527 molestus
3321 3473 3417 3530 sit.
3458 3476 3568 3545 Ego
3594 3474 3715 3530 enim

2154 3557 2409 3625 stigmata
2444 3555 2659 3613 Domini
2687 3559 2814 3615 .lesu
2860 3562 2914 3615 in
2947 3577 3179 3632 corpore
3212 3581 3330 3621 meo
3361 3578 3549 3636 porto.
3588 3586 3607 3618 ι
3632 3567 3716 3620 Ne-

2156 3664 2242 3704 mo
2294 3664 2379 3704 me
2408 3651 2643 3719 amplius
2703 3654 3027 3728 interroget,
3077 3658 3233 3724 qnasi
3281 3659 3567 3721 dubitans,
3599 3660 3710 3728 quia

2152 3756 2370 3796 omnem
2431 3746 2660 3814 exposui
2722 3747 3030 3803 veritatem.
3089 3748 3201 3819 Ego
3257 3752 3405 3804 enim
3467 3753 3617 3821 signa
3668 3755 3714 3804 et

2151 3835 2499 3891 characteres
2525 3875 2540 3901 ,
2574 3852 2685 3891 non
2725 3838 3255 3909 incircumcisionis,
3308 3843 3409 3899 sed
3468 3845 3639 3903 crucis
3672 3850 3719 3895 et

2152 3928 2425 3996 passionis
2460 3929 2513 3983 in
2537 3945 2768 4001 corpore
2800 3940 2917 3987 nico
2947 3933 3298 3992 circumfero.

2231 4038 2250 4071 ε
2294 4019 2478 4076 Gratia
2522 4021 2734 4078 Domini
2769 4027 2944 4096 nastri
2977 4027 3104 4082 Jesu
3135 4029 3340 4085 Christi
3383 4047 3517 4086 cum
3544 4033 3716 4102 spiritu

2150 4122 2356 4177 vestro,
2378 4113 2600 4170 fratres.
2627 4118 2826 4172 Amen.
2868 4139 2888 4173 ι
2925 4119 3271 4193 Subscriptio
3314 4127 3445 4182 talis
3477 4138 3561 4182 est
3590 4128 3717 4196 Apo-

2151 4204 2299 4260 stoli.
2332 4204 2496 4278 Optat
2528 4218 2710 4264 autem
2739 4220 2793 4265 ut
2830 4214 3005 4282 gratia
3041 4229 3137 4270 eos
3170 4214 3417 4283 Domini,
3462 4235 3569 4274 non
3604 4220 3716 4285 legis

2152 4313 2321 4366 Opera
2375 4302 2729 4356 comitentur.
2766 4301 2941 4358 Simul
3007 4316 3062 4360 et
3119 4308 3389 4375 attende,
3430 4310 3557 4380 quia
3608 4325 3715 4364 cum

473 4358 617 4424 diam
649 4370 950 4441 faciamus;
986 4389 1081 4429 nec
1112 4375 1275 4430 alicui
1312 4379 1455 4446 quod
1505 4379 1768 4435 Dominus
1794 4396 2047 4437 commuc
2077 4408 2122 4463 ι)
2150 4390 2349 4459 spiritu
2399 4400 2584 4447 vestro
2642 4394 2864 4458 dixerit,
2909 4410 3014 4450 nou
3061 4410 3189 4451 cum
3240 4358 3465 4453 carne:
3500 4402 3552 4453 in
3584 4400 3718 4467 cujus

476 4462 629 4516 niter
656 4465 865 4530 tribuit,
902 4470 1273 4538 denegamus;
1305 4473 1543 4527 maxime
1577 4484 1761 4529 tamen
1808 4476 1917 4542 his,
1948 4477 2042 4549 qui

473 4556 799 4625 peculiarem
835 4558 957 4615 fidei
989 4562 1247 4618 exhibent
1278 4562 1621 4622 famulatum.

548 4666 569 4701 ι
606 4645 795 4705 Videte
841 4652 1099 4722 qualibus
1128 4655 1324 4712 litteris
1364 4660 1560 4728 scripsi
1598 4660 1753 4717 vobis'
1781 4676 1899 4718 mea
1930 4679 2049 4719 ma-

2152 4484 2567 4540 eircumcisione
2595 4486 2905 4558 gloriantur
2953 4489 3242 4551 carnales:
3272 4505 3370 4545 vos
3408 4503 3593 4546 autem
3621 4491 3718 4560 spi-

2156 4575 2425 4633 ritualiter
2474 4579 2879 4636 courersamini
2909 4620 2926 4648 ,
2980 4589 3040 4637 ut
3092 4583 3461 4653 spiritualiter
3497 4585 3718 4640 circum-

2156 4668 2282 4723 cisi.
2512 4686 2536 4707 ·

490 4809 3705 4848 w-——-——______________________________

1184 4986 1313 5076 IN
1389 4923 2080 5084 EPISTOLAM
2153 4991 2303 5121 AD
2378 4994 3009 5094 EPHESIOS.

966 5296 1200 5354 CAPUT
1247 5296 1545 5356 PRIMUM.

550 5410 569 5444 ι
610 5391 809 5448 Paulus
842 5394 1121 5462 apostolus
1154 5391 1281 5449 Iesu
1314 5392 1542 5460 Christi,
1571 5409 1666 5464 per
1709 5396 2042 5454 voluntatem

472 5483 590 5540 Dei.
627 5504 646 5538 ι
681 5484 795 5540 Non
829 5489 966 5542 meis
1007 5487 1245 5542 meritis.

552 5597 571 5629 σ
634 5578 901 5635 Omnibus
942 5581 1149 5637 sanctis
1200 5604 1241 5629 «ο
1283 5578 1485 5635 Omnes
1524 5583 1701 5638 sancti
1742 5621 1758 5647 ,
1810 5582 1996 5639 ﬁdeles
2034 5601 2049 5639 :

479 5685 586 5723 non
623 5686 808 5727 omnes
851 5670 1054 5736 fideles,
1086 5673 1284 5727 samti.
1318 5672 1452 5742 Quia
1502 5684 1724 5744 possunt
1756 5674 1920 5733 etiam
1954 5691 2049 5733 ca-

2154 5305 2463 5361 techumeni
2515 5320 2580 5361 ex
2634 5323 2700 5364 eo
2749 5311 2894 5380 quod
2942 5312 3166 5372 Christo
3227 5318 3492 5387 credunt,
3550 5317 3715 5375 ﬁdeles

2160 5399 2269 5454 dici
2302 5417 2317 5456 :
2357 5416 2465 5456 non
2495 5410 2674 5457 tamen
2713 5407 2886 5461 sancti
2935 5418 3083 5477 sunt,
3113 5411 3239 5482 quia
3289 5427 3397 5468 non
3437 5429 3538 5484 per
3564 5412 3713 5482 bapti~

2160 5504 2335 5544 sinum
2392 5492 2742 5548 sanctiﬁcati.
2797 5493 2927 5553 Sive
2975 5499 3054 5555 sic
3094 5501 3509 5572 intelligendum
3539 5545 3557 5570 ,
3585 5503 3710 5573 quod

2159 5582 2367 5637 scribat
2401 5581 2633 5664 fideliter
2664 5590 3012 5645 servantibus
3044 5592 3274 5658 gratiam
3323 5597 3648 5651 sanctitatis.

2241 5693 2258 5728 ι
2295 5673 2391 5742 Qui
2418 5685 2546 5732 sunt
2578 5676 2813 5771 Ephesi,’
2833 5690 2884 5737 et
2917 5682 3163 5741 ﬁdelibus
3201 5685 3256 5742 in
3278 5683 3500 5747 Christo
3525 5687 3664 5748 Iesu.
3684 5704 3705 5738 ι
