3956 6196
371 304 474 373 861

1356 297 1774 365 exrosmo
1809 294 1889 358 IN
1926 262 2302 357 erismae
2330 288 2602 350 EPHES.

3515 271 3619 333 862

370 428 492 486 Non
541 422 797 480 omnibus
847 420 1122 494 Ephesiis,
1188 416 1283 474 sed
1330 416 1419 474 bis
1459 418 1552 490 qui
1609 415 1843 472 credunt
1891 415 1949 470 in
1978 410 2199 475 Asatio
2230 402 2745 491 temporuin,_legis
2780 407 2836 457 et
2888 405 3100 453 natura.
3127 391 3623 465 prophetarumque

372 519 615 579 Christo.

450 628 472 664 ι
492 607 697 673 _Gratia
724 605 882 663 vobis
913 615 966 660 et
995 619 1119 675 pax.
1154 621 1175 657 ι
1214 602 1374 658 Tune
1410 600 1571 657 vobis
1592 598 1796 654 valebit
1825 612 1947 667 gra-

376 702 474 766 tia,
502 701 545 755 si
572 699 625 753 ei
648 713 753 753 non
788 696 910 753 sitis
937 696 1164 766 ingrati,
1220 695 1454 750 salutem
1484 703 1721 747 vestram
1748 687 1948 744 vestris

378 792 588 846 meritis
642 789 991 857 deputantes.
1040 786 1238 841 Pacem
1296 800 1428 840 vero
1484 782 1950 839 reconciliationis

376 884 824 941 ob~ervaltimus:
858 882 905 937 si
959 881 1092 936 nihil
1152 880 1271 950 ejus
1318 877 1569 942 bonitati,
1619 874 1950 944 veljustitia

377 980 631 1043 ill!:nCt’p'-‘i
667 975 931 1036 faciamus
962 973 1321 1028 cantrarium.
1347 1013 1352 1018 .

453 1116 470 1141 ι
510 1094 546 1142 Α
583 1093 688 1142 lleo
725 1088 882 1140 Patre
906 1097 1115 1149 nostro,
1147 1096 1197 1140 et
1228 1084 1455 1140 Domino
1490 1081 1620 1138 Jesu
1644 1078 1886 1135 Christo.
1923 1096 1945 1130 ι

380 1184 559 1239 linum
599 1197 720 1236 esse
752 1183 970 1233 Patrem
1012 1187 1068 1233 et
1114 1177 1309 1233 Filium
1358 1178 1736 1238 demonstrat,
1766 1174 1952 1241 utique

381 1291 587 1343 puriter
615 1284 929 1337 operuttles.

458 1388 473 1417 ι
512 1366 833 1417 Bt‘llctlicltts
869 1363 1011 1416 Deus
1046 1372 1100 1415 et
1129 1363 1296 1415 Pater
1328 1357 1543 1415 Domini
1599 1356 1771 1412 nostri
1819 1352 1949 1409 Jesu

378 1458 599 1511 Chiistt.
642 1476 660 1507 ι
701 1456 909 1509 Laudat
955 1454 1147 1519 Deum,
1178 1468 1243 1507 eo
1282 1452 1427 1523 quod
1474 1450 1759 1507 donaverit
1810 1445 1949 1501 infra

350 1550 425 1606 ἐι
450 1554 612 1619 ripta.

456 1663 474 1694 ι
521 1642 625 1708 Qui
673 1639 951 1695 benedixit
985 1653 1085 1694 nos
1132 1637 1186 1691 in
1242 1636 1392 1693 omni
1441 1634 1816 1692 benedictione
1843 1633 1955 1703 spi-

382 1736 585 1790 rituali.
614 1751 634 1784 ι
666 1732 779 1786 Non
811 1731 1126 1799 aliquantis,
1162 1728 1257 1784 sed
1294 1730 1549 1784 omnibus
1575 1725 1955 1797 Spiritualibus
1986 1740 2032 1802 Β

382 1824 569 1897 gratiae
597 1822 1070 1877 benedictionibus
1099 1838 1114 1874 :
1154 1828 1212 1873 ut
1238 1818 1511 1889 quomodo
1542 1817 1598 1871 in
1627 1816 1787 1871 nobis
1816 1814 1951 1867 nihil

383 1918 537 1971 deest
563 1930 633 1969 ex
669 1913 783 1977 illo,
815 1912 890 1966 ita
921 1910 1186 1967 voluntati
1231 1909 1349 1978 ejus
1392 1907 1532 1962 nihil
1567 1907 1707 1962 desit
1754 1920 1821 1961 ex
1852 1919 1952 1960 no-

382 2008 485 2063 bis.

458 2115 478 2148 ι
522 2096 578 2148 in
616 2092 951 2149 coelestibus.
998 2111 1019 2147 ι
1065 2089 1185 2149 Νοη
1229 2090 1285 2146 in
1321 2088 1524 2146 carnali
1568 2088 1954 2161 prosperitate,

387 2204 486 2243 nec
516 2190 568 2241 in
600 2198 814 2242 terrena
858 2185 1213 2240 abundantia.

461 2320 479 2353 ι
526 2301 583 2356 1η
619 2300 859 2356 Christo.
900 2317 920 2352 ι
969 2298 1024 2354 ln
1052 2298 1232 2369 capite
1264 2296 1447 2352 omnia
1500 2294 1742 2350 membra
1786 2293 1957 2348 bene-

389 2394 544 2447 dixit.
581 2392 735 2448 Sicut
780 2393 932 2463 elegit
977 2410 1070 2447 nos
1099 2394 1153 2445 in
1193 2392 1305 2459 ipso
1338 2398 1461 2443 ante
1488 2390 1671 2443 mundi
1702 2388 1959 2441 constitu-

385 2490 603 2550 tionem,
662 2499 715 2540 ut
743 2503 972 2542 essemus
1001 2485 1172 2540 sancti
1200 2495 1249 2543 et
1278 2481 1628 2538 immaculati.
1658 2478 1793 2546 Quia
1823 2477 1960 2532 nihil

391 2595 588 2633 novum
622 2590 705 2633 εει
744 2579 817 2642 ei,
851 2577 993 2647 apud
1030 2592 1191 2645 quem
1233 2576 1416 2630 omnia
1442 2584 1620 2635 erant.
1665 2582 1958 2641 antequam

392 2670 586 2724 tierent
614 2689 628 2724 :
671 2686 777 2723 non
810 2679 867 2723 ut
893 2671 1113 2738 quidam
1144 2668 1381 2722 haeretici
1418 2666 1712 2731 somniant,
1750 2664 1960 2718 animas

392 2773 549 2816 antra
582 2764 636 2815 in
671 2764 811 2817 rmlo
843 2761 1012 2815 fuisse
1053 2768 1389 2829 segregatas.

468 2871 489 2904 ι
518 2852 577 2906 In
606 2866 898 2920 cons'pectu
928 2851 1067 2921 ejus.
1116 2869 1136 2902 ι
1180 2850 1296 2904 Non
1331 2847 1638 2902 hominum.

470 2964 489 2997 ι
537 2946 596 2998 in
634 2947 927 3000 charitate.
994 2962 1014 2996 ι
1061 2944 1179 2998 Hoc
1235 2942 1386 3007 fecit,
1422 2941 1537 2996 sive
1585 2936 1962 2993 immaculatos

391 3039 567 3108 diligit
601 3038 762 3093 Dens.

472 3147 491 3179 ι
514 3131 613 3195 Qui
634 3127 1040 3198 praedestinavit
1070 3141 1165 3181 nos
1198 3127 1254 3180 in
1281 3125 1625 3194 adoptionem
1663 3122 1954 3176 ﬁliorum.»

394 3219 507 3275 lloc
535 3223 959 3290 praedestinavit,
988 3230 1045 3274 ut
1079 3221 1345 3275 haberent
1380 3223 1702 3287 potestatem
1743 3215 1836 3268 lilii
1867 3213 1962 3269 Dei

396 3315 511 3368 ﬁeri
551 3314 817 3380 homines,
854 3330 941 3383 qui
976 3321 1200 3367 credere
1235 3313 1538 3366 voluissent
1573 3325 1587 3362 :
1631 3308 1776 3361 sicut
1821 3306 1967 3361 scri-

394 3416 540 3475 ptum
569 3415 653 3460 est
689 3421 705 3460 :
734 3404 1104 3475 Loqnebantur
1155 3406 1366 3458 uerbum
1420 3417 1540 3455 cum
1583 3399 1785 3468 ﬁducia
1816 3401 1965 3455 otnni

396 3500 594 3552 volenti
626 3502 848 3553 credere
875 3498 1015 3568 (Act.
1055 3511 1105 3550 tv
1128 3537 1144 3563 ,
1180 3497 1296 3564 5i).

470 3608 489 3640 ι
528 3587 628 3641 Per
656 3586 837 3642 Jesum
868 3587 1147 3643 Christum
1199 3589 1253 3642 in
1305 3589 1508 3659 ipsum.
1540 3607 1561 3641 ›
1606 3587 1676 3645 Ut
1721 3584 1970 3643 membra

398 3694 518 3749 ers
551 3696 745 3735 Sttntts.

475 3791 495 3824 ε
532 3771 840 3826 Secundum
893 3772 1231 3842 propositum
1280 3771 1576 3828 voluntatis
1622 3786 1756 3828 suae.
1790 3788 1810 3823 ι
1844 3767 1966 3825 Non

399 3872 702 3919 secundum
739 3866 929 3919 merita
967 3876 1174 3919 nostra.

481 3996 501 4029 ι
533 3978 591 4031 ln
640 3978 852 4032 laudem
892 3978 1076 4047 gloriae
1119 3979 1308 4047 gratiae
1353 3991 1484 4032 suae.
1526 3995 1547 4029 ι
1574 3975 1647 4031 Ut
1687 3975 1969 4031 laudemus

400 4072 630 4142 gloriam
662 4074 849 4142 gratiae
877 4072 1021 4140 ejus.

482 4205 502 4237 ο
536 4186 595 4240 In
622 4201 727 4254 qua
753 4185 1080 4255 gratiﬁcavit
1105 4198 1207 4240 nos
1230 4184 1285 4238 in
1307 4183 1503 4239 dilecto
1533 4181 1669 4238 Filio
1699 4196 1819 4236 suo.
1862 4199 1881 4233 ι
1909 4180 1967 4236 in

400 4295 507 4349 qua
533 4280 705 4349 gratia
756 4290 941 4348 gratos
977 4276 1106 4332 fecit
1141 4291 1242 4332 nos
1269 4276 1373 4332 sibi
1398 4277 1452 4331 iu
1481 4275 1722 4332 Christo.

476 4413 497 4446 ι
534 4395 589 4448 In
614 4409 722 4462 quo
749 4393 1009 4448 habemus
1032 4391 1485 4461 redemptionem,
1517 4403 1614 4458 per
1649 4387 1968 4457 sanguinem

402 4487 521 4553 ejus
570 4486 624 4536 in
683 4483 1063 4538 remissionem
1105 4491 1474 4550 peccatorum,
1501 4477 1799 4533 secundum
1831 4476 1972 4530 divi-

403 4590 508 4629 tias
541 4578 732 4644 gratiae
784 4576 922 4644 ejus.
961 4594 980 4628 ι
1014 4575 1130 4629 Non
1174 4575 1351 4629 solum
1387 4570 1637 4636 redemit,
1667 4569 1765 4624 sed
1806 4568 1969 4623 etiam

405 4677 617 4732 peredit!
643 4666 852 4719 remisit
877 4665 1036 4720 :sine
1063 4664 1250 4720 labore
1275 4672 1459 4719 nostro
1487 4660 1665 4732 justos
1685 4673 1786 4716 nos
1818 4658 1972 4724 facit,

405 4758 702 4811 secundum
731 4756 956 4811 divitias
985 4757 1171 4826 gloria:
1202 4757 1345 4828 ejus.

483 4905 500 4922 .
544 4871 674 4937 Quae
704 4871 1171 4940 superabundavit
1202 4873 1257 4928 in
1283 4873 1467 4943 nobis,
1499 4874 1554 4929 in
1584 4875 1732 4931 omni
1761 4873 1978 4946 sapien-

408 4966 503 5024 tia,
529 4974 584 5017 et
615 4965 947 5031 prudentia:
993 4950 1284 5019 ut'notum
1336 4964 1545 5022 faceret
1593 4966 1751 5022 nobis
1796 4979 1979 5021 sacra-

409 5061 649 5108 mentum
687 5053 980 5125 voluntatis
1029 5069 1140 5109 sua:
1165 5093 1180 5119 ,
1214 5058 1517 5110 secundum
1576 5055 1975 5126 beneplacitum

409 5145 547 5215 ejus,
574 5146 719 5215 quod
755 5145 1040 5216 proposuit
1072 5147 1127 5201 in
1153 5162 1240 5202 eo.
1278 5166 1298 5200 ι
1336 5147 1626 5219 Plusquam
1657 5148 1977 5211 abundavit,

413 5244 473 5291 ut
519 5253 629 5290 non
674 5236 847 5292 solum
901 5251 931 5292 a
970 5246 1148 5292 morte
1194 5237 1492 5310 redemptis
1535 5239 1707 5310 gratis
1756 5248 1978 5310 peccata

413 5331 744 5394 dimitteret,
796 5331 895 5387 sed
950 5333 1113 5387 etiam
1174 5332 1332 5389 nobis
1395 5344 1598 5389 tantam
1656 5334 1975 5405 sapientiam

411 5423 659 5492 donaret,
693 5433 751 5480 ut
778 5426 1077 5482 voluntatis
1102 5424 1221 5496 ejus
1251 5427 1464 5484 occulta
1494 5429 1752 5500 mysteria
1788 5441 1970 5484 nosce-

410 5528 612 5570 remus.

486 5646 508 5683 ι
556 5629 614 5686 In
647 5631 1051 5704 dispensatione
1095 5634 1449 5706 plenitudinis
1502 5646 1829 5706 temporum.
1863 5652 1883 5685 ι
1919 5633 1977 5688 1η

414 5722 722 5780 novissimis
767 5727 1117 5798 temporibus,
1160 5729 1378 5797 quando
1400 5729 1512 5798 jam
1540 5727 1719 5785 omnis
1753 5726 1977 5796 dispen-

2050 507 2331 557 transacta
2366 507 2472 553 est.

2127 609 2149 644 ι
2183 572 2500 644 lnslaurare
2532 585 2714 642 omnia
2746 583 2803 639 in
2838 581 3083 647 Christo,
3113 592 3233 647 quas
3264 575 3316 628 in
3354 573 3534 635 crelis,
3570 579 3624 625 ct

2050 697 2170 753 qua:
2199 682 2252 736 in
2276 689 2421 735 terra
2451 688 2577 734 sunt
2618 677 2673 732 in
2706 677 2844 745 ipso.
2882 692 2901 726 ι
2935 671 3085 727 Multi
3117 684 3281 738 super
3313 669 3414 722 hac
3449 682 3507 721 re
3541 667 3627 718 di-

2052 787 2209 827 versa
2239 772 2520 827 dixerunt.
2552 768 2685 823 Nam
2718 767 2938 836 quidam
2974 762 3127 816 aiunt
3158 763 3351 821 castos,
3385 757 3621 818 animus,

2052 873 2283 927 terram,
2308 876 2541 931 corpora
2605 858 2942 926 accipienda.
2991 853 3095 907 Alii
3148 850 3349 914 cados,
3410 847 3625 902 Iudaeos

2051 956 2144 1025 qui
2195 953 2438 1009 ctelestia
2489 959 2756 1020 praecepta
2821 948 3125 1001 habuerant
3168 960 3184 996 :
3238 954 3441 995 terram
3501 951 3625 991 esse

2053 1045 2290 1116 gentiles
2316 1044 2608 1100 al'ﬁrrnant.
2649 1042 2751 1095 Alii
2789 1055 2916 1094 vero
2946 1044 3222 1095 asserunt.
3262 1048 3371 1086 non
3406 1031 3628 1097 angelos

2052 1150 2150 1210 per
2200 1138 2371 1194 crelos
2421 1135 2746 1206 signiﬁcari,
2802 1135 2898 1187 sed
2953 1145 3143 1184 eorum
3193 1127 3481 1181 scientiam
3518 1137 3626 1177 :ex

2053 1232 2253 1286 Christi
2308 1230 2452 1284 enim
2515 1238 2763 1296 tempore
2817 1223 3163 1292 profecisse,
3210 1220 3301 1287 qui
3364 1226 3619 1284 tanquam

2053 1321 2229 1389 ignari
2255 1320 2667 1389 interrogabant
2701 1334 2717 1370 :
2748 1319 2881 1383 Quis
2909 1326 2984 1369 est
3006 1315 3103 1367 iste
3126 1328 3217 1365 rex
3237 1311 3419 1380 gloria:
3445 1306 3624 1369 (Paul.

2056 1428 2215 1476 mn.
2247 1412 2303 1479 8)
2326 1411 2430 1465 YEt
2455 1412 2722 1465 docentur
2752 1408 3041 1461 Dominum
3064 1418 3187 1458 eum
3222 1416 3342 1455 es~e
3364 1399 3625 1454 virtutum

2055 1504 2222 1571 (Ibid.
2247 1504 2360 1572 10).
2396 1501 2501 1557 Sed
2538 1501 2798 1572 quoniam
2821 1495 3113 1552 instaurari
3146 1509 3252 1548 non
3284 1493 3485 1545 dicitur
3516 1489 3624 1543 nisi

2059 1596 2291 1664 lapsum,
2343 1593 2539 1648 melius
2588 1601 2674 1646 est
2700 1628 2718 1656 ,
2765 1590 2809 1644 si
2850 1602 3036 1643 eorum
3069 1586 3327 1655 gaudium
3365 1583 3419 1637 in
3453 1581 3630 1635 salute

2060 1687 2341 1742 hominum
2377 1688 2740 1741 instauratum
2773 1696 2895 1737 esse
2925 1680 3212 1735 dicamus:
3240 1665 3384 1745 q'uod
3424 1674 3629 1728 bahueo

2062 1787 2181 1833 rant
2236 1788 2525 1847 antequam
2560 1775 2868 1829 bominesa
2913 1771 3126 1839 jnszitia
3185 1768 3399 1836 penitus
3460 1761 3629 1816 decli-

2054 1878 2267 1925 narent.
2299 1866 2355 1923 In
2387 1877 2533 1923 terra
2566 1881 2696 1920 vero
2735 1866 3099 1920 instauratum
3138 1874 3312 1932 genus
3352 1858 3632 1913 hominum

2054 1974 2150 2028 per
2173 1959 2473 2024 Christum,
2506 1959 2693 2012 nullus
2733 1956 2971 2027 ignorat.

2130 2071 2150 2105 t
2196 2052 2256 2108 ln
2286 2066 2394 2121 quo
2445 2051 2608 2104 etiam
2662 2063 2765 2103 nos
2812 2056 2959 2101 sorte
3002 2045 3177 2101 vocati
3215 2056 3426 2098 sumus.
3466 2059 3485 2092 ι
3521 2036 3632 2093 Hos

2054 2144 2149 2216 qui
2170 2160 2236 2198 ex
2261 2142 2467 2197 ludatis
2495 2141 2798 2196 credimus.

2135 2256 2156 2290 ι
2200 2237 2596 2293 Predestinati.
2631 2253 2651 2286 ι
2686 2235 2791 2301 Pe;
2820 2232 3002 2297 (idem,
3036 2231 3152 2287 sive
3182 2226 3520 2299 praecogniti.

2133 2349 2153 2383 α
2197 2331 2513 2386 Secundum
2542 2327 2886 2399 propositum
2919 2326 3095 2395 ejus»
3131 2322 3418 2392 Proposuit
3444 2319 3632 2373 omnia

2057 2434 2402 2487 restaurare,
2444 2424 2537 2476 sed
2580 2422 2758 2490 primo
2788 2432 2920 2474 oves
2952 2416 3196 2488 perditas
3229 2419 3423 2470 domus
3467 2410 3632 2467 Israel

2061 2515 2279 2587 (Matth.
2311 2529 2401 2578 xv,
2439 2513 2556 2583 at).

2136 2624 2155 2658 ι
2203 2605 2307 2671 Qui
2339 2614 2601 2674 operatur
2629 2601 2835 2657 omnia.
2873 2621 2895 2655 ι
2926 2597 3180 2655 Omnium
3225 2596 3417 2651 horum
3446 2607 3630 2659 causa,

2060 2699 2312 2753 voluntas
2345 2697 2439 2751 Dei
2468 2703 2590 2751 est:
2624 2709 2787 2765 quam
2826 2690 3209 2748 rationabilem
3240 2701 3363 2743 esse
3392 2700 3497 2741 non
3532 2684 3634 2739 du-

2062 2787 2210 2842 bium
2232 2798 2337 2842 est.
2610 2798 2625 2809 '

2138 2895 2158 2930 ι
2200 2876 2512 2933 Secundum
2569 2874 2864 2931 consilium
2916 2870 3215 2929 voluntatis
3262 2883 3392 2925 suae.
3438 2886 3460 2921 a
3517 2865 3634 2924 Non

2063 2969 2368 3023 secundum
2400 2966 2594 3021 merita
2622 2976 2828 3020 nostra.
3193 3029 3203 3041 .

2141 3075 2162 3109 ι
2206 3055 2279 3112 Ut
2313 3057 2485 3111 simus
2513 3058 2563 3109 in
2603 3056 2815 3110 laudem
2854 3054 3039 3124 gloriae
3062 3050 3203 3117 ejus.
3238 3068 3258 3103 ο
3286 3048 3357 3105 Ut
3375 3063 3471 3118 per
3497 3062 3637 3103 con-

2067 3150 2429 3203 versationem
2466 3160 2732 3214 nostram,
2769 3157 2826 3202 et
2856 3148 3010 3216 signa
3034 3160 3155 3215 quae
3182 3142 3435 3209 iacimus,
3473 3141 3633 3195 detur

2066 3241 2232 3311 gloria
2260 3241 2391 3295 Deo:
2456 3266 2463 3275 ο

2143 3352 2163 3387 r
2208 3332 2317 3387 Nos
2342 3332 2433 3403 qui
2493 3341 2623 3387 ante
2678 3330 3020 3401 speravimus
3077 3329 3132 3383 in
3169 3325 3412 3382 Christe.
3456 3344 3478 3379 ι
3527 3323 3642 3381 Nos

2068 3424 2324 3496 apostoli,
2354 3425 2436 3478 vel
2463 3422 2656 3486 Judaei,
2684 3422 2775 3490 qui
2806 3424 3018 3492 priores
3040 3416 3373 3496 credidimus
3391 3416 3634 3481 Christo,

2067 3517 2183 3571 sive
2218 3531 2284 3570 ex
2312 3516 2426 3585 lege
2450 3515 2908 3584 exspectavimus.
3141 3549 3150 3558 -
3192 3492 3208 3508 ⁸

2143 3622 2163 3656 r
2210 3605 2268 3659 In
2307 3622 2412 3674 quo
2434 3615 2486 3659 et
2516 3620 2612 3660 vos
2640 3620 2763 3659 cum
2802 3603 3095 3658 audissetis
3114 3603 3338 3658 verbum
3371 3597 3637 3662 veritatis,

2070 3695 2421 3767 Evangelium
2483 3697 2674 3751 salutis
2730 3708 2945 3750 vcsrrze.
2987 3711 3007 3745 ι
3039 3693 3097 3748 lu
3133 3709 3239 3764 quo
3270 3692 3437 3748 etiam
3491 3688 3641 3744 vobis

2068 3788 2326 3859 gentibus
2355 3786 2683 3842 annuntiata
2714 3795 2798 3841 est
2818 3786 2984 3839 salus.
3596 3820 3601 3827 .

2146 3897 2167 3931 ι
2209 3878 2268 3934 lu
2304 3894 2411 3948 quo
2456 3875 2763 3933 credentes.
2808 3895 2830 3928 ι
2875 3875 2933 3931 lu
2973 3889 3081 3945 quo
3136 3871 3465 3944 Evangelio,
3528 3870 3644 3926 sive

2072 3969 2313 4026 Christo.

2150 4080 2170 4114 ι
2218 4060 2427 4133 Signati
2460 4061 2592 4117 estis
2643 4060 2840 4130 spiritu
2894 4057 3273 4130 promissionis
3306 4066 3519 4123 sancto,
3550 4054 3644 4121 qui

2075 4162 2159 4234 est
2184 4155 2379 4225 pignus
2411 4155 2744 4212 brereditatis
2771 4161 2994 4209 nostrae.
3025 4170 3046 4204 ι
3080 4149 3218 4205 Hinc
3247 4145 3646 4220 cognoscimini

2076 4261 2245 4301 unum
2306 4260 2450 4313 esse,
2520 4246 2646 4315 quia
2698 4245 2950 4299 eumdem
3017 4241 3271 4311 spiritum
3314 4235 3642 4305 accepistis:

2077 4337 2238 4408 cujus
2259 4337 2437 4405 signa,
2465 4338 2631 4392 arrha
2665 4347 2798 4391 sunt
2828 4333 3163 4390 baereditatis
3191 4331 3406 4385 future.
3438 4327 3495 4381 Si
3519 4339 3649 4395 ergo

2000 4422 2049 4481 ι)
2080 4438 2324 4482 mortuos
2355 4428 2625 4483 suscitare
2658 4427 2817 4481 arrba
2846 4435 2948 4493 est,
2991 4432 3193 4493 quanta
3241 4421 3349 4475 erit
3402 4421 3503 4474 ista
3526 4431 3652 4487 pos—

2078 4519 2288 4574 sessio!
2320 4517 2524 4589 Pignus
2559 4533 2687 4575 vero
2719 4517 3008 4588 promissis
3041 4515 3201 4570 iidem
3234 4521 3496 4583 operatur
3529 4508 3648 4577 spi-

2079 4613 2189 4666 ritu
2222 4613 2622 4680 promissionis,
2647 4612 2739 4682 qui
2773 4626 2881 4664 non
2907 4608 3061 4665 carni
3101 4608 3398 4677 promissus
3431 4610 3538 4656 est.

2153 4720 2173 4754 ι
2218 4704 2277 4757 in
2345 4705 2772 4774 redemptionem
2829 4699 3247 4769 acquisitionis,
3308 4698 3363 4752 in
3431 4693 3645 4748 laudem

2078 4794 2265 4864 gloria:
2286 4794 2479 4864 ipsius.
2527 4812 2546 4846 ι
2592 4795 2740 4861 Quos
2784 4793 3106 4848 redimendo
3134 4807 3235 4846 suo
3269 4788 3531 4857 sanguine
3557 4799 3648 4840 ac-

2079 4890 2327 4962 quisivit,
2359 4900 2417 4945 ut
2439 4891 2601 4946 etiam
2628 4893 2684 4944 in
2716 4891 2818 4946 hoc
2837 4891 3129 4945 laudemus
3152 4886 3377 4957 gloriam
3397 4881 3540 4951 ejus.

2153 5002 2174 5038 ι
2220 4983 2510 5053 Pr0pterea
2550 4991 2607 5038 et
2633 4998 2733 5054 ego
2771 4982 3001 5037 audiens
3026 4984 3200 5050 {tidem
3240 4983 3499 5040 vestram,
3529 4985 3648 5041 quae

2080 5086 2166 5133 est
2198 5077 2253 5132 in
2278 5075 2497 5132 Christo
2522 5073 2673 5133 Jesu.
2706 5094 2727 5130 ι
2772 5076 2946 5144 Quam
2980 5074 3211 5128 ﬁrmiter
3232 5067 3464 5129 teneatis
3491 5065 3650 5120 iidem

2080 5169 2232 5227 Jesu.

2160 5279 2181 5314 r
2226 5261 2292 5318 Et
2319 5261 2666 5318 dilectionem
2713 5261 2767 5317 in
2839 5273 3031 5317 omnes
3063 5265 3303 5313 sanctos.
3348 5272 3370 5307 ι
3400 5251 3516 5308 Hoc
3544 5258 3651 5316 est,

2085 5354 2247 5412 ﬁdem
2286 5356 2546 5426 operibus
2574 5353 2942 5423 comprobatis
2976 5363 3074 5407 :et
3102 5364 3293 5406 omnes
3322 5348 3496 5402 bonos
3534 5344 3657 5399 sine

2083 5449 2405 5516 exceptione
2462 5461 2704 5516 persona:
2752 5445 2841 5500 vel
2894 5443 3097 5500 notitiae
3142 5441 3388 5512 diligitis.
3445 5435 3657 5492 Cavere

2085 5552 2266 5597 autem
2321 5556 2351 5595 a
2403 5539 2917 5611 pseudoprophetis,
2957 5546 3014 5593 et
3066 5551 3172 5592 non
3229 5533 3378 5590 omni
3434 5527 3651 5601 spiritui

2084 5631 2309 5689 credere
2359 5630 2546 5702 (Joan.
2590 5646 2665 5695 tv,
2722 5632 2799 5698 i),
2849 5640 2904 5685 ct
2956 5645 3060 5686 non
3115 5638 3239 5682 ante
3268 5620 3647 5696 probationem

2086 5724 2242 5781 nobis
2264 5725 2511 5795 judicare
2536 5723 2866 5795 praecipitur.
