3956 6196
410 290 514 356 863

412 491 582 546 vestri
644 490 853 545 faciens
906 491 957 544 in
1036 490 1376 545 orationibus
1438 492 1593 545 meis.
1665 509 1685 543 ι
1750 490 1867 546 Non
1931 502 1988 545 ut

413 585 636 654 quidam
663 588 714 638 in
739 584 1080 651 iucunditate
1128 584 1361 639 convivii
1404 601 1419 640 :
1458 583 1586 639 mihi
1626 594 1804 639 autem
1854 584 1989 638 nihil

415 675 664 730 oratione
698 673 1011 741 jucundius.

493 788 511 818 ι
562 766 627 821 Ut
686 766 824 820 Deus
868 766 1083 821 Domini
1162 769 1335 825 nostri
1399 768 1526 823 Jer-u
1572 767 1800 831 Christi,
1828 767 1991 822 Pater

417 860 622 928 glorim,
650 861 739 914 det
771 860 921 915 vobis
942 860 1192 928 spiritum
1218 861 1499 929 sapientia:
1516 869 1569 915 et
1588 859 1983 915 revelationis.»

417 950 730 1004 Notandum
764 951 890 1018 quia
946 952 1106 1007 fidem
1154 962 1210 1008 et
1269 957 1592 1007 charitalem
1641 951 1989 1015 habentibus,

416 1043 680 1113 sapientia
715 1058 741 1097 a
780 1045 1006 1099 Domino
1036 1046 1399 1116 praedicatur:
1423 1055 1643 1103 noverat
1671 1046 1814 1100 enim
1836 1043 1994 1113 adju-

417 1136 609 1189 tricem
636 1150 756 1190 esse
783 1138 1068 1192 virtutum.

493 1246 511 1277 ι
558 1227 610 1280 lu
646 1226 980 1291 agnitionem
1006 1227 1146 1298 ejus.
1186 1247 1205 1280 ι
1253 1227 1537 1295 Quomodo
1566 1237 1718 1298 optat
1742 1236 1799 1282 ut
1829 1240 1994 1297 agno-

418 1327 573 1370 scant
610 1316 799 1384 Deum,
857 1334 1019 1388 quem
1080 1336 1255 1389 usque
1306 1324 1442 1374 adeo
1494 1302 1759 1375 noverant
1789 1336 1804 1372 :
1838 1327 1896 1373 ut
1934 1318 1984 1371 ei

419 1408 642 1460 credent
664 1423 722 1465 ~s.
747 1424 938 1462 omnes
968 1410 1381 1479 propteripsum
1422 1409 1708 1478 diligerent
1729 1407 1991 1462 sanctos?

421 1496 531 1551 Sed
565 1497 665 1550 hor
707 1499 859 1566 petit,
900 1508 957 1552 ut
1017 1498 1261 1568 perfecte
1313 1508 1607 1567 agnoscant
1656 1498 1993 1567 magnitudi-

418 1601 545 1640 nem
594 1587 710 1655 ejus
767 1598 929 1657 atque
983 1590 1266 1649 virtutem.
1325 1604 1427 1657 qua
1490 1598 1668 1658 potest
1721 1588 1991 1657 promissa

418 1681 665 1749 przeniia,
714 1680 797 1733 vel
858 1695 1046 1747 paruas
1087 1680 1312 1748 implere
1378 1680 1852 1749 magnitudinem:
1902 1680 1992 1750 Qui

418 1787 542 1825 cum
574 1772 774 1841 ubique
801 1774 893 1836 sit,
930 1774 1062 1826 nlhil
1112 1790 1235 1827 eum
1298 1785 1471 1841 potest
1524 1776 1747 1827 omnino
1777 1772 1989 1825 latere:
2026 1761 2067 1815 Β

419 1864 512 1934 qni
542 1863 688 1916 enim
721 1880 818 1932 pro
838 1876 991 1918 certo
1024 1868 1361 1935 cognoverit,
1391 1867 1538 1920 nullo
1567 1866 1761 1935 poterit
1788 1866 1841 1920 in
1871 1866 1989 1919 loco

421 1967 675 2022 peccare;
715 1970 837 2007 nam
902 1956 994 2024 qui
1065 1957 1365 2010 humanum
1438 1958 1805 2013 testimonium
1870 1970 1995 2009 eru-

420 2043 616 2103 bescit.
648 2044 814 2099 inulto
845 2047 1019 2114 magis
1042 2047 1281 2100 dirimunt
1314 2048 1511 2115 poterit
1538 2045 1797 2100 revereri.
1831 2045 1990 2099 Unde

422 2137 516 2193 lilii
550 2136 628 2190 Eli
668 2153 788 2191 ςιιτιι
839 2142 1147 2193 smerdotes
1195 2149 1401 2202 essent,
1434 2140 1602 2191 'lleum
1645 2139 1885 2192 nescisse
1912 2136 1996 2190 die

422 2238 621 2282 cuntur
648 2229 702 2297 (Ι
732 2228 858 2300 Reg.
896 2245 956 2295 ll,
996 2229 1080 2300 t2)
1119 2247 1134 2287 :
1166 2231 1292 2307 quia
1348 2234 1690 2298 pra-sentiant
1721 2239 1773 2283 et
1806 2238 1995 2297 poteno

424 2319 555 2373 tiam
591 2319 710 2388 ejus
735 2322 957 2376 minime
986 2323 1302 2378 timuerunt.
1346 2320 1411 2376 Et
1438 2321 1671 2377 Joannes
1698 2319 1993 2391 Apostolus

421 2425 641 2466 omnem
668 2415 759 2481 qui
793 2424 1000 2483 peccat,
1032 2413 1200 2469 Deum
1222 2430 1330 2470 non
1362 2415 1679 2487 cognovisse
1709 2414 1993 2470 continuat

422 2502 474 2573 (Ι
504 2504 668 2559 Joan.
704 2522 783 2569 ut,
809 2506 887 2576 6).

500 2615 520 2649 ι
560 2597 902 2654 llluiuinatos
936 2600 1127 2655 oculos
1174 2601 1355 2655 cordis
1396 2600 1584 2656 vestri.
1625 2620 1642 2654 ι
1676 2599 1991 2670 Spiritualia

423 2690 687 2757 promissa
719 2705 825 2743 non
869 2691 972 2745 nisi
1015 2692 1384 2761 spiritualibns
1419 2694 1591 2749 oculis
1624 2693 1991 2759 pervidenlur.

502 2800 521 2834 ι
572 2781 638 2836 L‘t
667 2784 878 2849 sciatis,
908 2800 1026 2854 qua:
1049 2786 1119 2841 sit
1149 2801 1272 2855 Spes
1300 2785 1596 2839 vocationis
1627 2784 1765 2854 ejus,
1789 2791 1841 2837 et
1874 2798 1992 2852 qua:

424 2875 628 2931 divitiae
676 2878 862 2946 gloria:
920 2879 1252 2934 hmreditatis
1316 2882 1435 2946 ejus
1481 2884 1532 2931 in
1584 2879 1810 2932 sanctis.
1857 2895 1875 2928 ι
1936 2875 1994 2930 Si

425 2967 639 3024 sciretis
696 2968 764 3024 ad
827 2980 1087 3039 quautam
1145 2985 1296 3037 spem
1356 2970 1532 3024 vocati
1587 2971 1738 3034 estis,
1777 2984 1993 3025 omnem

426 3072 581 3128 spem
612 3060 796 3114 saeculi
824 3060 988 3117 facile
1020 3063 1469 3126 contemneretis,
1508 3072 1558 3114 et
1581 3063 1625 3115 si
1653 3061 1866 3115 divitias
1891 3061 1998 3115 bte-

426 3151 677 3205 reditatis
698 3151 789 3206 Dei
823 3154 1104 3221 videretis,
1136 3156 1315 3209 omnis
1340 3164 1555 3209 terrena
1578 3155 1733 3209 vobis
1758 3152 2001 3208 horrebit

428 3241 742 3298 licereditas.
782 3243 953 3299 Nemo
979 3248 1124 3301 enim
1178 3262 1406 3315 regnum
1442 3262 1565 3298 cum
1597 3244 1853 3314 operibus
1887 3247 2002 3300 suis

428 3349 658 3403 sperans
690 3351 912 3391 curator
966 3353 1106 3407 esse,
1165 3349 1220 3393 et
1274 3339 1604 3393 mediocrem
1638 3337 2001 3393 substantiam

429 3430 710 3497 possidere
742 3433 1018 3500 dignatur.

508 3539 528 3572 ι
574 3522 637 3574 Et
666 3539 785 3592 qua:
832 3527 906 3578 sit
954 3525 1368 3595 supereminens
1434 3528 1747 3599 magnitudo
1782 3528 2004 3584 virtutis
2048 3596 2054 3601 υ

431 3614 553 3683 eius
588 3614 642 3670 in
673 3633 793 3683 nos,
824 3619 916 3687 qui
946 3621 1225 3676 credimus
1277 3625 1582 3677 secundum
1630 3623 2003 3693 operationem

432 3709 691 3777 potentia:
714 3710 934 3764 virtutis
966 3712 1106 3781 ejus,
1143 3728 1307 3783 quam
1337 3726 1598 3782 operatus
1627 3724 1709 3768 est
1747 3714 1800 3767 in
1843 3714 2005 3768 Cbri~
2042 3744 2051 3753 -

431 3812 518 3851 sto
549 3799 699 3864 .lesu,
741 3805 1013 3858 suscitans
1060 3805 1208 3859 illum
1257 3822 1285 3859 a
1327 3807 1579 3861 mortuis.
1621 3825 1640 3860 ι
1674 3804 1863 3861 O.nnis
1893 3822 2006 3860 ma-

431 3892 658 3959 gnitudo
688 3893 944 3948 virtutum
971 3896 1085 3963 Dei,
1113 3897 1162 3950 in
1207 3907 1438 3961 natura,-
1457 3898 1538 3954 vel
1565 3897 1677 3967 lege
1705 3898 2006 3968 superemi-

436 3995 547 4051 ἰαί,
614 3985 740 4057 quia
803 3989 1057 4057 praestitit
1132 3989 1499 4055 Christianis,
1573 4000 1632 4045 ut
1703 3990 1845 4045 Filio
1908 4004 2007 4044 suo

434 4091 469 4130 ιι
492 4095 541 4130 ut
574 4088 821 4146 parceret
851 4098 864 4132 :
892 4090 951 4134 ιιι
993 4096 1116 4136 eum
1172 4091 1338 4152 caput
1388 4093 1633 4139 nostrum
1684 4081 1914 4148 factum,
1938 4079 2005 4135 ad

432 4185 589 4224 suam
619 4171 905 4228 dexteram
941 4177 992 4228 in
1028 4175 1348 4231 coelestibus
1372 4175 1686 4230 collocaret.

513 4281 533 4316 ι
568 4262 635 4319 Ει
661 4270 1004 4324 constituens
1032 4271 1098 4324 ad
1133 4269 1420 4325 dexteram
1472 4284 1625 4324 suam
1679 4270 1732 4324 in
1763 4268 2008 4325 cmiesti-

433 4356 558 4414 lius.
599 4377 619 4411 ι
658 4358 755 4415 llic
780 4364 1002 4417 dextera
1054 4353 1154 4432 pro
1215 4361 1424 4418 honore
1468 4363 1734 4435 ponitur:
1772 4378 1838 4418 ne
1865 4364 2007 4418 Deus

1351 292 1410 353 S.
1457 291 1901 351 lllEllOSYMl
1944 291 2267 351 OPERUM
2314 288 2721 350 MANTISSA.

492 416 513 451 ι
562 396 676 453 Non
707 411 861 453 cesso
887 398 1092 468 gratias
1121 411 1287 468 agens
1321 415 1418 467 pro
1462 400 1638 466 vobis,
1676 400 1991 453 memoriam
2020 403 2066 457 Λ

3542 279 3637 344 εει

2172 416 2192 450 ι
2239 398 2340 464 Qui
2381 400 2563 451 omnia
2612 397 2669 451 in
2717 393 2976 450 omnibus
3012 389 3360 460 adimpletur.
3392 406 3411 440 ι
3448 387 3663 452 Quando

2096 505 2286 545 omnes
2340 490 2585 555 credent,
2633 495 2767 542 tunc
2814 485 2921 540 erit
2976 496 3175 551 corpus
3221 478 3340 549 ejus
3364 478 3659 533 ell'ectusiu

2095 584 2347 637 omnibus
2380 582 2673 637 membris:
2694 581 2863 635 Totus
2898 577 3041 632 enim
3075 577 3127 629 in
3168 572 3449 635 membris,
3477 585 3584 625 non
3616 570 3663 624 in

2096 674 2328 744 singulis
2376 674 2635 743 impletur
2690 693 2705 731 :
2761 687 2828 727 ne
2886 671 2991 723 ulla
3046 669 3117 722 sit
3172 666 3467 722 diversitas
3509 677 3670 719 meri.

2101 777 2302 822 torum.

2719 832 2948 893 CAPUT
2990 832 3055 889 11.

2175 973 2195 1007 ι
2233 955 2300 1009 Et
2336 968 2431 1008 vos
2460 951 2865 1008 convivilicavit
2929 965 3052 1005 cum
3098 947 3294 1003 essetis
3349 945 3553 1001 mortui
3580 946 3674 998 de-

2099 1045 2244 1099 lictis
2274 1053 2327 1099 et
2355 1044 2592 1114 peccatis
2641 1042 2863 1097 vestris.
2906 1058 2925 1093 ι
2968 1039 3164 1103 Incipit
3187 1036 3383 1091 collata
3412 1033 3671 1090 beneﬁcia

2099 1136 2388 1205 replicare,
2429 1145 2490 1190 ut
2516 1134 2672 1206 juxta
2706 1132 2942 1187 olliciunt
2999 1130 3406 1193 mandatorum,
3448 1141 3513 1181 ex
3546 1140 3672 1179 con-

2104 1226 2450 1296 templatione
2488 1226 2701 1282 donatae
2746 1221 3091 1292 indulgentiae
3131 1220 3344 1273 avidius
3392 1216 3669 1270 conciten-

2103 1330 2209 1373 tur.
2249 1318 2446 1374 Mortui
2472 1320 2616 1374 enim
2643 1327 2803 1374 erant
2860 1312 3101 1385 peccatis
3145 1309 3504 1372 facientibus,
3542 1307 3674 1362 sicut

2101 1410 2271 1464 Adam
2301 1421 2357 1466 et
2383 1411 2494 1466 Eva
2530 1411 2582 1464 in
2613 1409 2823 1464 deliciis
2848 1408 3116 1461 viventes.

2181 1520 2200 1553 ι
2238 1501 2296 1557 In
2322 1503 2518 1572 quibus
2571 1499 2867 1570 aliquando
2923 1495 3265 1552 ambulastis.
3310 1513 3327 1547 ι
3366 1494 3671 1550 Notandum

2103 1593 2247 1661 quoi
2279 1594 2330 1646 in
2393 1593 2634 1662 peccatis
2694 1589 3004 1646 ambulasse
3061 1587 3206 1653 illos,
3262 1601 3369 1641 non
3398 1585 3677 1641 ambulare

2102 1684 2327 1740 dixerit.

2174 1795 2192 1829 ι
2233 1776 2543 1832 Secundum
2603 1766 2860 1832 smculum
2933 1774 3119 1829 munli
3172 1773 3355 1841 hujus.
3403 1791 3423 1824 ι
3482 1771 3673 1825 επιξυιί

2103 1870 2420 1926 hominibus
2455 1870 2663 1925 similes
2692 1880 2983 1938 sequentes
3014 1867 3210 1922 diaboli
3250 1866 3604 1935 voluptatem.

2178 1981 2196 2014 ι
2237 1962 2548 2017 Secundum
2613 1963 2913 2031 principem
2967 1959 3253 2028 potestatis
3303 1959 3454 2013 aeris
3518 1959 3672 2025 hujus

2097 2054 2347 2124 spiritus.
2383 2073 2402 2108 ι
2438 2053 2748 2109 Secundum
2803 2052 3099 2121 principem
3166 2051 3315 2106 illius
3354 2050 3662 2120 potestitis,

2102 2147 2192 2214 qui
2225 2146 2389 2216 huius
2421 2147 2566 2201 aeris
2588 2145 2917 2200 satellitibus
2951 2144 3063 2198 suis
3104 2143 3170 2198 ad
3206 2143 3562 2212 decipiendos
3595 2142 3670 2196 di-

2104 2238 2278 2294 versis
2312 2237 2549 2308 peccatis
2578 2235 2850 2300 homines,
2883 2235 3034 2288 dives
3061 2244 3177 2288 erat
3207 2242 3501 2303 pmestate.

2184 2348 2204 2382 ι
2248 2328 2348 2396 Qui
2378 2344 2523 2384 nunc
2557 2335 2817 2396 Operatur
2864 2327 2918 2380 in
2952 2327 3091 2379 lilios
3125 2324 3455 2380 diuidi-olim.
3494 2343 3513 2376 ι
3544 2324 3671 2391 Ορθ-

2105 2432 2257 2477 ratur
2284 2422 2563 2485 suasione,
2596 2435 2702 2473 non
2738 2419 2812 2482 vi,
2864 2417 2917 2472 in
2962 2433 3058 2472 eos
3084 2417 3173 2486 qui
3205 2418 3454 2471 credunt.
3482 2413 3558 2469 Illi
3585 2432 3674 2468 au-

2106 2520 2213 2567 tem
2250 2513 2340 2578 qui
2373 2510 2671 2578 desperant
2721 2518 2886 2576 atque
2935 2507 3185 2562 dilIidunt
3226 2507 3293 2560 de
3325 2506 3674 2575 promissione

2106 2603 2150 2657 D
2190 2606 2226 2671 i,
2274 2605 2532 2658 dicuntur
2580 2600 2677 2655 lilii
2731 2600 3069 2668 dilItdentize,
3132 2600 3274 2655 sicut
3328 2598 3422 2654 lilii
3483 2600 3596 2663 irze,
3625 2604 3674 2652 et

2107 2696 2207 2766 geli
2229 2710 2364 2749 ‘unae
2399 2705 2451 2749 et
2486 2694 2700 2749 mortis.

2184 2804 2203 2838 ι
2243 2786 2297 2839 ln
2329 2785 2527 2856 quibus
2553 2795 2604 2840 et
2631 2799 2732 2840 nos
2793 2800 2985 2840 omnes
3038 2782 3331 2852 aliquando
3379 2778 3673 2836 conversati

2106 2894 2319 2933 sumus.
2360 2897 2378 2930 ι
2414 2876 2529 2931 Νοη
2563 2877 2740 2933 solum
2773 2893 2868 2933 vos
2902 2887 3091 2946 gentes
3120 2891 3224 2929 non
3259 2873 3556 2938 credendo,
3586 2872 3671 2927 sed

2110 2981 2161 3026 et
2191 2986 2288 3025 nos
2323 2967 2494 3024 Judaei
2528 2970 2824 3040 peciando.
3074 3022 3079 3026 .

2192 3082 2212 3116 ι
2255 3062 2311 3117 ln
2350 3063 2634 3118 desideriis
2661 3063 2844 3118 (atriis
2877 3070 3097 3127 nostrae,
3142 3060 3405 3115 facientes
3439 3057 3674 3114 voluntso

2030 3123 2076 3185 Ο
2108 3165 2212 3209 tem
2234 3142 2422 3208 carnis
2452 3164 2505 3209 et
2536 3155 2952 3223 cogitationum.
2989 3172 3007 3204 ι
3060 3151 3286 3218 Quando
3318 3166 3472 3204 mens
3505 3160 3673 3203 nostra

2110 3248 2275 3302 rebus
2309 3250 2543 3303 terrenis
2570 3259 2623 3303 et
2648 3247 2959 3302 carnalibus
2994 3245 3292 3299 inhaerebat
3323 3259 3338 3296 :
3368 3259 3476 3296 non
3502 3242 3665 3296 solum

2102 3338 2511 3405 desiderabant,
2562 3343 2657 3394 sed
2702 3348 2757 3393 et
2806 3337 3074 3393 faciebant
3129 3351 3487 3407 quaecumque
3543 3332 3667 3387 mala

2107 3433 2370 3501 cogitatio
2396 3434 2779 3504 suggessisset.

2180 3541 2199 3575 ι
2243 3523 2305 3578 Ει
2339 3540 2560 3580 eramus
2606 3533 2802 3580 natura
2864 3523 2959 3579 lilii
3016 3524 3133 3588 irze,
3165 3522 3303 3578 sicut
3334 3532 3385 3576 et
3421 3520 3619 3577 caeteri.
3650 3535 3668 3571 ι

2104 3615 2182 3671 ita
2212 3632 2310 3672 nos
2344 3628 2586 3686 paternae
2617 3617 2929 3672 traditionis
2973 3615 3315 3671 consuetudo
3349 3614 3670 3683 possederat,

2108 3719 2164 3763 ut
2199 3725 2390 3764 omnes
2429 3710 2495 3764 ad
2533 3711 2943 3765 damnationem
2980 3710 3137 3763 nasci
3174 3708 3509 3764 videremur.

2185 3821 2203 3852 ι
2243 3796 2385 3856 Deus
2410 3811 2614 3866 autem,
2645 3803 2736 3870 qui
2797 3801 2950 3857 dives
3006 3813 3089 3855 est
3138 3801 3191 3854 in
3224 3797 3618 3855 misericordia.
3650 3814 3668 3847 ι

2107 3892 2422 3949 Misericors
2484 3894 2840 3949 hominibus:
2885 3892 3013 3964 quia
3071 3893 3257 3947 omnia
3311 3891 3518 3961 diligis,
3569 3903 3671 3961 qua:

2107 3988 2313 4042 creasti
2341 4003 2357 4040 :
2390 4002 2489 4043 nec
2519 3987 2664 4042 enim
2693 3984 2886 4041 odiens
2920 3984 3125 4055 aliquid
3155 3983 3516 4040 constituisti.

2187 4121 2206 4156 ι
2246 4103 2478 4172 Propter
2514 4100 2743 4155 nimiam
2774 4098 3098 4156 cbaritatem
3134 4112 3315 4159 suam,
3353 4110 3463 4166 qua
3504 4093 3672 4150 dilexit

2109 4210 2229 4251 nos.
2272 4215 2291 4247 ι
2321 4194 2500 4250 Nimia
2534 4192 2782 4247 'cbaritas
2829 4200 2934 4259 est,
2994 4190 3229 4246 rebelles
3282 4203 3479 4244 servos
3535 4184 3669 4255 quasi

2109 4289 2252 4345 lilios
2287 4287 2532 4358 diligere.
2584 4285 2742 4343 Unde
2793 4283 3256 4340 considerandum
3309 4292 3395 4337 est
3427 4291 3669 4352 quantum

2111 4381 2293 4451 diligit
2319 4389 2545 4435 sanctos
2595 4387 2652 4434 et
2703 4377 3003 4449 perfectos,
3048 4374 3144 4447 qui
3189 4383 3402 4431 tantum
3440 4374 3671 4444 dignatus

434 4463 725 4517 corporeus
783 4466 902 4507 esse
956 4454 1234 4509 credatur.
1272 4450 1408 4506 Nam
1455 4462 1509 4507 et
1552 4452 1716 4507 Pater
1741 4467 1769 4506 a
1800 4452 2005 4508 dextris
2037 4478 2082 4534 ι)
2113 4483 2199 4527 εει
2226 4450 2456 4541 diligere
2486 4478 2835 4541 peccatores.

432 4554 555 4593 esse
610 4542 867 4597 scribitur
920 4544 1177 4600 Christi:
1216 4545 1489 4611 Dominus,
1542 4563 1573 4600 a
1620 4546 1823 4600 dextris
1875 4544 2002 4611 tuis,

433 4636 689 4704 confregit
712 4638 769 4691 in
791 4639 873 4690 die
895 4639 992 4693 ira:
1020 4653 1132 4693 sua:
1154 4654 1293 4709 reges
1326 4636 1496 4710 (Psal.
1519 4652 1629 4704 ets,
1654 4636 1708 4701 l,
1739 4636 1816 4707 5).
1835 4635 2008 4690 Ambo

433 4745 561 4801 ergo
587 4750 612 4783 ιι
644 4733 848 4789 dextris
903 4742 1070 4789 sunt:
1114 4733 1242 4805 quia
1264 4732 1399 4789 nihil
1424 4742 1505 4789 est
1534 4730 1589 4786 in
1615 4730 1898 4788 divinitate
1930 4728 2008 4785 si-

434 4824 688 4879 nistrunt.

511 4943 530 4978 ι
573 4922 750 4996 Super
770 4934 987 4977 omnem
1031 4920 1420 4994 principatum,
1471 4928 1524 4976 et
1561 4922 1916 4992 potestatem,
1954 4923 2012 4969 et

433 5022 713 5086 virtutem,
765 5025 821 5074 et
868 5016 1322 5073 dominationem.
1356 5032 1376 5068 ι
1406 5013 1542 5082 Quia
1603 5027 1769 5070 unum
1794 5018 1878 5068 est
1898 5010 2009 5081 jam

439 5125 563 5167 cum
602 5109 714 5166 Deo
744 5119 1058 5180 assumptus
1080 5107 1267 5172 homo,
1289 5106 1383 5177 qui
1411 5104 1707 5163 suscitatus
1726 5111 1831 5160 est.

518 5220 538 5255 ι
574 5201 639 5257 Et
664 5215 829 5257 omne
875 5214 1072 5257 nomen
1117 5196 1261 5269 quod
1305 5197 1616 5253 nominatur
1651 5209 1668 5248 :
1703 5209 1809 5249 non
1837 5192 2011 5249 solum

440 5295 496 5353 in
530 5295 635 5353 hoc
669 5294 891 5364 saeculo,
928 5293 1028 5351 sed
1060 5294 1226 5350 etiam
1260 5278 1330 5348 'in
1362 5288 1566 5347 futuro.
1606 5307 1627 5343 ι
1662 5286 1720 5343 Si
1750 5286 1893 5357 quod
1931 5294 2015 5341 est

439 5389 608 5446 aliud.

518 5503 538 5537 ι
575 5483 639 5538 Et
671 5482 853 5537 omnia
884 5482 1117 5552 subjecit
1167 5480 1266 5537 sub
1297 5479 1528 5552 pedibus
1556 5477 1696 5549 ejus.
1734 5474 1800 5528 Et
1839 5473 2012 5543 ipsum

443 5577 596 5633 dedit
632 5587 794 5648 caput
819 5592 986 5647 super
1014 5590 1230 5630 omnem
1275 5573 1593 5634 Ecclesiam,
1621 5584 1743 5640 qua;
1774 5577 1858 5623 est
1898 5580 2018 5622 cor-

445 5683 547 5739 pus
573 5670 768 5740 ipsius,
811 5682 864 5722 ct
924 5667 1207 5737 plenitudo
1236 5667 1373 5732 ejus.
1425 5684 1443 5718 ι
1488 5661 1726 5719 licclcsia
1772 5660 2013 5716 omnium

445 5763 727 5834 plenitudo
761 5765 1128 5820 irembtorum
1154 5772 1253 5820 est.

2190 4606 2210 4640 ι
2255 4585 2467 4643 Etcum
2511 4596 2756 4642 essemus
2802 4583 3005 4640 mortui
3046 4584 3314 4654 peccatis,
3344 4583 3673 4643 conviviﬁca-

2115 4679 2190 4734 vit
2222 4695 2321 4737 nos
2346 4680 2399 4735 in
2427 4677 2671 4735 Christo.
2716 4695 2736 4731 ι
2773 4675 2904 4732 Sine
2953 4687 3199 4747 peccato,
3249 4677 3669 4744 sicuthristus,

2114 4790 2213 4848 per
2237 4772 2566 4845 baptismum
2594 4770 2869 4830 faciendo.

2193 4910 2213 4944 ι
2248 4889 2420 4973 Cujus
2440 4889 2616 4960 gratis
2647 4885 2780 4944 estis
2810 4885 3031 4945 salvati.
3069 4904 3089 4939 ι
3115 4884 3347 4956 PrOpter
3371 4900 3551 4951 usum,
3573 4883 3675 4941 sive

2117 4984 2211 5055 qui
2240 4998 2339 5052 pro
2369 4983 2526 5038 vobis
2565 4980 2764 5053 gratia,
2799 4979 2949 5034 nullo
3000 4989 3186 5034 vestro
3223 4976 3458 5046 iustitia
3500 4975 3676 5033 merito

2118 5075 2515 5140 intercedente,
2568 5080 2813 5128 mortuus
2864 5079 2988 5136 cst,
3024 5083 3168 5125 cum
3228 5069 3346 5140 ipse
3402 5082 3532 5124 reus
3581 5080 3675 5121 non

2117 5177 2282 5226 esset.

2198 5303 2216 5336 ι
2259 5282 2326 5339 Et
2357 5279 2840 5345 conresnscitavit,
2893 5289 2949 5334 et
2998 5276 3296 5334 consedere
3342 5275 3474 5333 fecit
3502 5274 3552 5331 in
3578 5287 3678 5329 ι’ωο

2120 5379 2375 5443 lestibus,
2411 5377 2462 5431 iu
2501 5374 2723 5431 Christo
2770 5370 2922 5427 Jesu.
2964 5390 2982 5424 ι
3024 5369 3143 5425 Non
3189 5385 3479 5442 possumus
3507 5369 3679 5436 despe-

2123 5488 2270 5537 rare,
2307 5468 2449 5537 quod
2505 5477 2686 5522 nostra
2729 5467 2838 5538 jam
2897 5466 3136 5534 possidet
3194 5472 3417 5526 natura,
3449 5463 3571 5532 quia
3598 5457 3677 5512 ubi

2123 5572 2289 5635 caput
2324 5569 2428 5626 est,
2465 5562 2538 5615 ibi
2572 5562 2679 5616 erit
2725 5569 2775 5613 et
2831 5573 3066 5627 corpus;
3122 5558 3264 5610 sicut
3297 5555 3413 5624 ipse
3442 5554 3537 5619 ait,
3564 5550 3676 5607 Volo

2128 5659 2213 5712 ubi
2250 5673 2341 5724 rgo
2369 5669 2505 5719 sum,
2534 5662 2582 5705 et
2620 5654 2707 5706 isti
2732 5653 2834 5706 sint
2864 5666 3064 5705 mecum
3105 5646 3288 5718 (Joan.
3322 5662 3449 5709 xvtt,
3478 5643 3587 5713 Si).

2156 5780 2173 5787 -
2208 5767 2226 5802 ι
2273 5747 2338 5803 Lit
2370 5745 2679 5803 ostenderet
2729 5744 2780 5801 in
2840 5740 3053 5799 secettlis
3107 5736 3620 5812 supervenientibus.
3650 5746 3673 5783 ι
