3956 6196
294 286 403 351 885

290 487 559 560 pleturus.

367 596 389 632 s
431 577 793 636 Abundantes
838 577 1056 636 divitias
1102 578 1293 649 gratim
1322 595 1457 637 sum.
1485 597 1506 633 ι
1540 578 1678 637 Vere
1702 582 1880 637 abun-

289 671 431 728 dan
453 678 542 727 est
566 671 768 741 gratia,
810 685 933 741 quae
968 684 1082 726 non
1130 673 1309 728 solum
1353 682 1575 741 peccata
1627 672 1873 740 donarit,

285 763 386 820 sed
418 762 584 818 etiam
622 777 749 819 cum
776 761 996 820 Christo
1025 764 1360 831 resuscitans
1407 764 1462 821 in
1497 766 1718 821 dextera
1746 763 1863 832 Dei.

284 853 343 911 in
369 853 687 910 ctelestibus
709 854 1024 910 collocavit.

363 964 387 998 s
422 946 482 1000 In
515 946 762 1001 bonitate
793 959 960 1015 super
982 960 1087 1000 nos
1120 945 1174 1000 in
1200 944 1423 1003 Christo
1452 945 1638 1004 Jesu.»
1675 945 1877 1002 Exem-

289 1033 411 1103 pio,
443 1033 528 1090 vel
551 1049 784 1105 corpore
811 1033 1042 1089 Christi.

358 1142 380 1179 ι
429 1123 617 1181 Gratia
673 1126 820 1181 enim
869 1129 1003 1180 estis
1061 1127 1281 1194 salvati,
1327 1142 1425 1197 per
1456 1126 1641 1194 fidem,
1677 1138 1733 1183 et
1767 1130 1869 1184 hoc

284 1233 395 1274 non
424 1234 495 1274 ex
520 1219 699 1275 vobis.
729 1236 751 1272 ι
787 1215 906 1273 Non
959 1219 1169 1275 meritis
1209 1220 1411 1289 prioris
1444 1220 1591 1285 vitae,
1624 1221 1719 1276 sed
1751 1220 1868 1276 sola

286 1310 392 1365 (ide
420 1326 437 1365 :
463 1311 559 1366 sed
583 1319 767 1366 tamen
797 1326 906 1365 non
938 1311 1060 1367 sine
1091 1311 1218 1367 fide.

360 1417 382 1453 s
424 1399 519 1456 Dei
549 1403 694 1456 enim
752 1400 953 1456 donum
1001 1411 1108 1466 est,
1152 1417 1259 1456 non
1306 1416 1371 1457 ex
1402 1402 1682 1471 operibus,
1716 1412 1871 1458 utne

282 1495 412 1562 quis
474 1493 763 1563 glorietur.
821 1512 842 1547 ι
897 1495 1066 1560 Quasi
1123 1493 1242 1549 suis
1292 1496 1506 1551 meritis
1558 1494 1764 1565 aliquid
1809 1496 1865 1549 in

284 1589 562 1660 baptismo
589 1590 917 1657 accepisset.

363 1700 383 1733 ι
426 1680 604 1751 lpsius
629 1681 777 1737 enim
821 1696 1013 1737 sumus
1052 1680 1261 1737 factura
1291 1693 1307 1735 :
1336 1682 1504 1737 creati
1556 1681 1610 1737 in
1647 1680 1866 1735 Christo

1278 286 1689 350 EXPOSITIO
1711 289 1789 352 IN
1835 286 2078 354 EPIST.
2120 286 2221 352 AD
2251 288 2523 354 EPHES’.

290 398 435 453 Ante
465 396 903 467 predestinavit,
934 397 1079 471 quod
1108 400 1335 458 erathis
1365 401 1702 472 temporibus
1726 415 1875 457 como
1899 406 1951 463 Δ

3432 303 3543 369 866

2054 419 2074 454 s
2113 399 2175 455 ln
2198 415 2309 457 uno
2349 417 2494 457 novo
2518 403 2739 461 homine
2768 405 2974 464 faciens
3002 422 3212 479 pacem.
3248 427 3268 464 s
3297 408 3357 467 In
3384 428 3553 471 unum

1904 514 1911 525 -
1984 492 2240 564 populum
2263 494 2637 553 Christianum
2662 513 2727 553 ex
2768 497 2984 556 duobus
3010 501 3285 558 electum.

2060 602 2080 638 ι
2127 582 2197 642 Ut
2230 587 2550 644 reconciliet
2599 594 2790 647 ambos
2842 595 2895 647 in
2952 609 3061 651 uno
3106 611 3336 664 corpore
3358 595 3490 655 Deo.
3525 616 3553 655 a

1982 673 2123 744 Quia
2145 678 2307 735 ambo
2331 693 2431 750 per
2474 691 2757 751 peceatum
2787 683 3003 740 fuerant
3039 685 3268 741 inimici.

2060 786 2081 820 ι
2116 766 2222 824 Per
2254 785 2474 827 erucem
2535 773 2875 830 interﬁciens
2928 777 3242 834 inimicitias
3277 779 3331 835 in
3358 788 3555 837 semeta

1984 859 2123 929 ipso.
2158 878 2176 913 ι
2218 860 2322 918 Per
2354 864 2527 921 solam
2558 866 2717 921 ﬁdem
2752 869 2956 934 etttcis,
2987 885 3104 940 quae
3135 874 3340 929 nullum
3376 877 3556 929 deter-

1981 960 2103 1006 ret:
2136 970 2242 1009 non
2268 956 2413 1011 enim
2441 959 2619 1027 gravis
2659 972 2751 1015 aut
2777 960 3009 1018 diﬂicilis
3040 971 3142 1031 est,
3166 966 3554 1035 quamhmese

1978 1045 2142 1099 etiam
2175 1045 2313 1102 latro
2339 1053 2512 1117 potuit
2540 1053 2869 1109 cruciﬁxus.

2053 1154 2072 1187 ι
2116 1135 2181 1190 Ει
2236 1140 2460 1196 veniens
2513 1145 2906 1216 evangelizavit
2977 1164 3166 1219 pacein
3226 1153 3405 1218 vobis,
3457 1155 3553 1225 qui

1976 1222 2140 1295 longe
2166 1226 2346 1284 fuistis
2385 1241 2485 1286 :et
2530 1247 2715 1300 tacem
2773 1238 2860 1294 his
2912 1240 3003 1308 qui
3071 1254 3260 1312 prope.
3289 1263 3309 1297 ο
3337 1245 3419 1301 Ad
3450 1222 3555 1303 hoc

1976 1316 2524 1408 venit,utdissidens
2582 1326 2878 1385 humanum
2929 1348 3101 1402 genus
3147 1335 3201 1390 in
3233 1339 3551 1408 semetipso,

1973 1417 2028 1459 et
2063 1407 2116 1460 in
2148 1407 2278 1474 Deo,
2313 1410 2380 1465 ad
2437 1417 2907 1478 reconciliationis
2965 1427 3200 1495 gratiam
3247 1407 3548 1484 revocaret.

2055 1513 2075 1547 ι
2118 1497 2386 1564 Quatiiam
2419 1519 2517 1573 per
2559 1506 2736 1577 ipsum
2786 1513 3049 1571 habemus
3082 1533 3359 1573 accessum
3391 1522 3554 1575 ambo

1974 1587 2029 1641 in
2066 1604 2174 1645 uno
2203 1594 2397 1663 spiritu
2429 1599 2494 1651 ad
2525 1597 2762 1655 Patrem.
2793 1620 2812 1654 ι
2842 1600 3011 1659 Nemo
3041 1609 3177 1661 venit
3212 1610 3280 1661 ad
3311 1607 3551 1676 Patrem,

1974 1679 2080 1733 nisi
2115 1697 2209 1748 per
2275 1701 2355 1739 me
2406 1685 2589 1757 (JOGIL.
2646 1706 2699 1758 ν,
2766 1695 2843 1761 (ἱ).
2900 1694 2959 1749 in
3007 1712 3114 1750 uno
3142 1701 3356 1768 spiritu,
3384 1716 3552 1756 unum

282 1773 437 1835 Jesu,
470 1773 523 1827 in
555 1773 816 1842 operibus
853 1773 1012 1828 bonis
1047 1787 1062 1826 :
1098 1788 1221 1843 quae
1250 1773 1577 1841 praeparavit
1612 1773 1779 1836 Deus,
1806 1783 1867 1825 ut
1901 1774 1942 1830 Β
1973 1786 2195 1842 corpus,
2228 1791 2395 1830 unum
2423 1781 2674 1848 spiritum
2710 1784 2873 1840 bsbet
2897 1799 2949 1841 et
2977 1791 3189 1857 signum
3218 1791 3387 1858 paris.

282 1867 339 1919 in
368 1865 477 1919 illis
505 1864 869 1920 ambulemus.
906 1883 925 1917 ι
953 1864 1088 1932 Quia
1132 1880 1305 1935 nuper
1330 1880 1521 1921 sumus
1564 1866 1619 1921 in
1650 1865 1875 1923 Christo

286 1955 492 2020 renati,
519 1966 579 2010 ut
606 1971 727 2025 quae
754 1959 807 2011 in
840 1957 1149 2029 Evangeliis
1179 1968 1307 2012 sunt
1337 1958 1580 2012 defensa.

362 2066 384 2100 s
420 2047 648 2117 Propter
673 2053 816 2119 quod
858 2064 1130 2105 memores
1163 2058 1359 2115 estote,
1399 2050 1544 2117 quod
1572 2050 1870 2117 aliquando

282 2152 381 2193 vos
414 2138 509 2208 qui
550 2149 739 2207 gentes
768 2139 939 2193 eratis
973 2140 1026 2192 in
1050 2152 1237 2194 carne.
1267 2157 1288 2191 ι
1323 2138 1728 2194 Commemorat
1760 2139 1870 2207 illa,

286 2243 356 2285 ne
407 2228 480 2284 de
530 2239 675 2283 tanta
739 2230 1097 2300 ignobilitate,
1140 2246 1247 2300 qua
1298 2229 1365 2284 ad
1414 2243 1683 2284 summam
1718 2231 1869 2300 regni

286 2320 534 2388 perducti
589 2329 718 2375 sunt
780 2323 1126 2392 dignitatem,
1175 2321 1289 2376 sint
1341 2321 1539 2392 ingrati
1590 2322 1873 2377 benehciis

287 2411 506 2482 largitet
521 2412 591 2467 is.

365 2523 386 2557 ι
423 2506 527 2572 Qui
562 2506 886 2562 dicebamini
935 2507 1260 2576 praeputium
1308 2508 1377 2562 ab
1423 2522 1488 2562 ea
1518 2523 1639 2578 qua:
1671 2508 1870 2565 dicitur

288 2598 660 2655 circumcisio.
701 2598 953 2656 rGetttes
1010 2600 1360 2670 prmputium,
1409 2596 1581 2655 ειυάωί
1632 2600 1871 2655 circum-

290 2694 444 2746 cisio.

366 2800 385 2835 ι
424 2783 480 2839 ln
537 2799 704 2841 carne
758 2785 1088 2842 manufacta.
1128 2805 1146 2838 ι
1192 2785 1250 2840 lu
1300 2802 1460 2841 manu
1488 2786 1729 2841 humana
1764 2805 1779 2842 :
1812 2786 1867 2842 itt

289 2891 481 2943 carne,
514 2894 619 2933 non
656 2880 709 2933 in
746 2881 937 2949 spiritu
989 2879 1106 2945 Dei,
1133 2890 1225 2933 aut
1252 2880 1438 2935 corde.
1796 2882 1803 2890 “

370 2985 388 3017 ι
432 2967 565 3032 Quis
597 2969 767 3024 eratis
803 2970 894 3024 illo
924 2971 975 3024 in
1017 2979 1263 3040 tempore
1285 2971 1409 3026 sine
1440 2971 1680 3027 Christo.
1714 2991 1733 3024 ι
1763 2970 1869 3027 Ne-

288 3059 532 3115 scientes
548 3060 853 3127 Christum,
884 3063 1024 3116 idola
1059 3063 1401 3119 inscnsihilia
1437 3063 1722 3120 colebatis.

365 3170 384 3202 ι
422 3153 658 3207 Alienati
710 3169 739 3207 a
791 3158 1210 3211 conversatione
1263 3155 1450 3211 Israel.
1486 3174 1506 3208 ι
1575 3155 1679 3224 Qui
1739 3168 1867 3212 tunc

291 3254 415 3299 erat
436 3247 664 3314 pupulas
692 3244 835 3316 Dein

368 3351 390 3387 ι
426 3334 492 3390 Et
538 3338 783 3405 hospites
833 3346 1303 3394 testamentorum.
1342 3357 1362 3391 ι
1395 3337 1572 3393 Etiam
1618 3337 1664 3394 si
1692 3337 1869 3393 credi-

289 3430 496 3486 deratis
527 3446 541 3483 :
569 3441 623 3484 et
650 3432 932 3501 proselyti,
959 3434 1062 3487 hoc
1106 3443 1209 3496 est,
1241 3434 1466 3486 advena:
1492 3430 1864 3486 habebamini.

367 3541 387 3575 ι
446 3521 834 3579 Promissionis
893 3539 1047 3594 spem
1104 3540 1213 3579 non
1264 3526 1548 3579 habentes.
1608 3541 1629 3575 ι
1688 3521 1867 3588 Quam

290 3615 437 3672 Deus
476 3617 727 3687 promisit
774 3618 1028 3683 Abrahae,
1080 3617 1160 3672 illi
1188 3616 1309 3674 'soli
1348 3631 1571 3687 sperare
1606 3614 1867 3669 videban-

291 3719 400 3765 tur.

365 3819 385 3852 s
432 3800 501 3854 Et
543 3802 662 3857 sine
713 3801 826 3857 Deo
888 3801 943 3857 in
992 3800 1097 3856 hoc
1154 3801 1374 3856 mundo.
1413 3817 1433 3852 ι
1474 3802 1672 3856 Multos
1716 3802 1862 3856 enim

286 3889 458 3947 falsos
494 3892 628 3946 deos
662 3900 977 3961 sequentes,
1012 3905 1181 3944 unum
1219 3891 1519 3945 amiserant
1543 3904 1757 3945 verum.

364 3998 384 4032 ι
430 3979 588 4035 Nunc
612 3990 797 4036 autem
823 3982 878 4035 in
907 3978 1129 4035 Christo
1152 3978 1308 4044 Jesu,
1337 3994 1432 4034 vos
1458 3980 1550 4051 qui
1574 3980 1867 4050 aliquando

285 4072 458 4126 eratis
487 4073 665 4140 longe,
698 4072 825 4128 lacti
858 4074 991 4127 estis
1022 4086 1210 4143 prope.
1254 4088 1274 4123 ι
1312 4070 1391 4125 lta
1438 4079 1495 4124 ut
1517 4070 1734 4126 intimos
1780 4087 1867 4128 se-

282 4167 610 4236 queretttini,
640 4169 731 4238 qui
755 4182 875 4222 cum
908 4165 1021 4222 Deo
1047 4177 1225 4220 erant.

364 4296 383 4329 s
426 4277 484 4331 In
522 4279 791 4348 sanguine
819 4278 1048 4333 Christi.
1089 4296 1110 4329 s
1142 4278 1430 4335 Credendo
1461 4293 1560 4336 vos
1583 4291 1705 4335 esse
1734 4291 1858 4334 san-

284 4372 452 4441 guine
484 4371 626 4441 ejus,
654 4383 711 4427 et
754 4373 1005 4442 passione
1046 4373 1326 4428 liberatos.

363 4504 384 4540 ι
426 4485 546 4556 Ipse
575 4485 721 4542 enim
767 4496 851 4542 est
885 4502 986 4555 pax
1047 4497 1253 4553 nostra,
1315 4488 1406 4558 qui
1450 4485 1579 4543 fecit
1631 4497 1862 4558 utraque

285 4594 477 4634 unum.
532 4595 553 4630 ι
609 4576 729 4648 ipse
771 4593 856 4635 est
908 4581 1277 4636 reconciliatio
1337 4584 1626 4651 utriusque
1678 4583 1863 4652 populi

284 4676 354 4729 ad
385 4674 618 4730 invicem
651 4682 721 4729 ad
754 4673 946 4729 Deum.
1771 4686 1780 4693 ‘

361 4809 384 4844 ι
422 4790 490 4845 Et
515 4790 755 4845 medium
788 4791 1051 4860 parietem
1087 4789 1359 4846 maceriae.
1391 4807 1412 4842 s
1442 4787 1651 4845 Medius
1684 4790 1865 4860 paries

283 4896 347 4943 et
378 4886 545 4956 scpis,
582 4894 638 4940 et
675 4887 965 4949 maceries,
999 4897 1171 4938 onera
1203 4884 1338 4949 legis
1383 4891 1561 4949 erant,
1600 4885 1737 4938 duos
1768 4898 1863 4953 po-

286 4979 449 5049 pulos
486 4978 840 5033 dividentes:
880 4986 936 5031 et
986 4976 1110 5031 ideo
1156 4975 1272 5044 ipse
1325 4977 1506 5045 paries
1561 4977 1863 5032 inimicitiae

288 5072 662 5129 nominantur.

366 5203 385 5236 ι
424 5182 657 5240 Solvens
685 5182 1000 5238 inimicitias
1050 5182 1103 5236 in
1160 5194 1326 5236 carne
1352 5194 1472 5235 sua.
1506 5196 1526 5231 ι
1560 5178 1865 5236 Circumci-

284 5279 461 5334 sionis
488 5287 545 5334 et
576 5286 924 5341 ceterorum,
962 5291 1084 5346 qua:
1149 5289 1254 5330 non
1302 5261 1429 5327 tam‘
1467 5272 1561 5329 Dei
1591 5274 1860 5339 voluntas,

283 5387 451 5444 quam
485 5372 746 5440 temporis
775 5370 933 5434 ratio,
968 5378 1062 5422 aut
1104 5368 1288 5437 populi
1333 5368 1535 5421 duritia
1580 5375 1859 5435 exegerat.

368 5483 388 5517 s
436 5462 634 5532 Legem
669 5462 1049 5516 mandatorum
1086 5461 1323 5516 decretis
1356 5472 1652 5513 evacuans.
1695 5476 1712 5509 ι
1755 5458 1862 5511 Per

284 5556 475 5613 solam
502 5556 661 5611 fidem
678 5555 1008 5627 justilicans,
1044 5554 1271 5607 moralia
1316 5550 1429 5604 sola
1466 5552 1789 5603 decernens.

365 5665 389 5703 s
426 5647 494 5703 Ut
537 5650 674 5705 duos
728 5648 932 5704 condat
997 5646 1051 5700 itt
1100 5644 1413 5713 semetipso.
1456 5660 1473 5692 ι
1506 5639 1777 5704 Judaeum,
1809 5651 1863 5695 et

284 5744 543 5814 gentilem
576 5744 629 5798 in
655 5757 759 5800 suo
787 5755 1016 5811 corpore
1045 5739 1331 5810 aequaliter
1358 5735 1718 5806 coniungens.

2057 1883 2079 1912 ι
2123 1866 2393 1939 Ergojam
2452 1887 2561 1926 non
2600 1876 2736 1932 es:is
2783 1878 3030 1947 hospites
3083 1891 3135 1935 et
3183 1884 3424 1945 advenae,
3456 1885 3551 1938 sed

1976 1956 2113 2011 estis
2139 1959 2288 2013 cives
2316 1973 2653 2027 sanctorum,
2686 1976 2741 2019 et
2766 1969 3047 2023 domestici
3085 1971 3198 2024 Dei.
3239 1991 3257 2022 ι
3287 1971 3405 2026 Jam
3439 1990 3548 2028 non

1976 2050 2221 2104 extranei
2257 2060 2312 2105 et
2338 2055 2605 2126 proselyti
2635 2072 2650 2110 ε
2682 2074 2779 2112 nec
2805 2062 2946 2112 enim
2977 2065 3251 2129 separavit
3282 2081 3381 2118 nos
3406 2066 3548 2121 Deus

1975 2154 2005 2193 a
2041 2141 2243 2211 populo
2273 2158 2404 2210 suo;
2438 2152 2579 2200 sicut
2606 2148 2744 2203 dixit
2782 2149 2950 2205 Isaias
2976 2154 3131 2222 (Cap.
3159 2170 3269 2216 Lvt,
3302 2173 3437 2210 vers.
3465 2158 3545 2227 5),

1974 2232 2067 2285 Sed
2093 2234 2261 2298 cives,
2298 2235 2391 2304 qui
2423 2247 2552 2292 sunt
2608 2238 2853 2310 ejusdem
2903 2246 3149 2313 originis,
3184 2246 3267 2301 vel
3296 2248 3546 2316 hospitii,

1974 2330 2028 2373 ct
2065 2324 2441 2382 habitationis.

2049 2432 2068 2463 ι
2108 2413 2530 2486 Supemdilicali
2586 2438 2748 2492 super
2809 2426 3218 2482 fundamentum
3275 2431 3551 2499 apostolo-

1976 2521 2117 2571 rum,
2154 2517 2210 2562 et
2241 2512 2651 2579 prephetarum,
2687 2516 2807 2583 ipso
2846 2531 3057 2571 summo
3087 2520 3332 2589 angulari
3369 2523 3548 2591 lapide

1971 2598 2187 2653 Christo
2216 2600 2346 2653 Jesu
2383 2618 2397 2655 :
2425 2602 2476 2656 in
2509 2618 2617 2672 quo
2642 2608 2819 2659 munis
2862 2608 3145 2662 aediﬁcatio
3177 2621 3543 2665 constructam

1970 2684 2371 2756 Prophetarum
2427 2696 2548 2746 novi
2604 2692 2934 2749 Testautenti
2981 2698 3059 2759 (in
3093 2700 3295 2766 quibus
3324 2702 3546 2766 Agahus

1970 2776 2093 2846 fuit)
2116 2777 2366 2836 Christus
2395 2784 2555 2836 etiam
2591 2781 3004 2839 fundamentum
3044 2805 3059 2841 :
3090 2789 3183 2858 qui
3217 2794 3377 2843 etiam
3410 2790 3547 2860 lapis
3632 2813 3639 2819 ν

1970 2869 2171 2924 dicitur
2204 2872 2502 2941 angularis,
2565 2878 2698 2928 duos
2755 2877 3110 2945 conjungeus,
3169 2891 3224 2934 et
3258 2883 3546 2936 continens

1970 2963 2230 3032 parietes.
2288 2964 2410 3019 ldeo
2465 2973 2645 3019 autem
2700 2964 3140 3034 fundamentum,
3192 2981 3247 3025 et
3299 2985 3546 3025 sunmus

1970 3055 2235 3125 est;quia
2268 3054 2323 3110 in
2388 3055 2505 3125 ipso
2566 3056 2846 3122 fundatur,
2900 3069 2953 3113 et
3003 3073 3415 3116 consummatur
3443 3063 3546 3118 Ec-

1973 3147 2161 3203 clesia.
2261 3206 2267 3213 ,

2047 3259 2065 3292 ι
2095 3240 2306 3295 Crescit
2354 3238 2407 3296 in
2443 3241 2701 3311 templum
2738 3254 2986 3299 sanctum
3038 3244 3091 3298 in
3130 3245 3379 3300 Domino.
3425 3265 3442 3298 ι
3482 3247 3541 3300 in

1970 3335 2173 3403 templo
2204 3343 2391 3388 sancto
2415 3349 2520 3388 non
2554 3339 3010 3405 passuut‘iaptdcs
3040 3337 3140 3391 nisi
3172 3341 3343 3392 sancti
3376 3341 3497 3407 poni
3526 3356 3543 3394 :

1969 3429 2036 3481 ad
2080 3431 2543 3497 comparationem
2576 3430 2761 3498 templi
2809 3428 3135 3496 Jerusalem,
3168 3433 3306 3487 dixit
3331 3433 3543 3488 exstrui

1970 3535 2172 3591 corpus
2191 3522 2398 3577 Christi
2433 3538 2449 3578 :
2479 3522 2527 3575 id
2560 3533 2666 3587 est,
2698 3523 2993 3578 Eeclesiam
3024 3539 3041 3581 :
3076 3534 3129 3578 et
3166 3528 3336 3578 multo
3376 3544 3439 3577 Ill;
3455 3526 3544 3596 jn-

1972 3604 2087 3667 rem
2115 3615 2438 3669 munditiam
2465 3627 2519 3670 et
2541 3618 2888 3671 Sanctitatem
2938 3618 3099 3672 habet
3135 3617 3357 3682 veritas,
3381 3634 3543 3687 quam

1969 3704 2174 3776 imago.

2047 3812 2067 3846 ι
2100 3795 2158 3849 In
2185 3810 2293 3865 quo
2324 3804 2377 3850 et
2418 3811 2514 3851 vos
2563 3799 2968 3853 coaediﬁcamiui
3026 3801 3078 3853 in
3137 3799 3545 3852 tabernaculum

1969 3885 2087 3952 Dei,
2123 3885 2176 3940 in
2209 3888 2415 3955 Spiritu
2444 3899 2661 3945 sancto.
2692 3907 2712 3941 ι
2754 3889 2825 3946 Ut
2860 3905 2987 3945 cum
3035 3890 3297 3961 apostolis
3337 3898 3392 3943 et
3421 3904 3546 3957 pro-

1966 3978 2145 4045 phetis
2180 3980 2298 4034 sitis
2353 3981 2723 4035 habitaculum
2756 3981 2849 4036 Dei
2881 3983 3189 4051 spirituale,
3223 3996 3329 4035 non
3380 3997 3545 4037 manu

1966 4060 2192 4123 factum.

2577 4138 2805 4198 CAPUT
2833 4141 2924 4200 Ill.

2044 4275 2064 4308 ι
2098 4253 2269 4324 Cujus
2297 4254 2376 4309 rei
2409 4254 2604 4324 gratia.
2648 4248 2671 4306 ᾧ
2707 4253 2882 4321 Quam
2911 4257 3164 4326 superius
3197 4261 3538 4325 memoravit,

1967 4350 2109 4420 quod
2141 4348 2310 4403 Filius
2339 4347 2455 4414 Dei,
2478 4357 2533 4402 et
2579 4356 2767 4416 gentes
2796 4350 3105 4417 salvaverit,
3133 4361 3187 4408 et
3213 4349 3451 4420 Judzeos,
3487 4364 3544 4408 et

1894 4462 1940 4518 ι)
1967 4455 2227 4513 utrosque
2259 4441 2445 4495 lecetit
2475 4456 2660 4494 unum.

2044 4553 2064 4587 ι
2091 4535 2205 4605 Ego
2239 4534 2440 4589 Paulus
2473 4534 2687 4588 vinctus
2707 4533 2906 4589 Christi
2932 4533 3083 4591 Jesu.
3107 4556 3127 4589 ›
3160 4536 3285 4591 Sive
3314 4538 3540 4602 catenis,

1966 4625 2082 4683 sive
2108 4626 2309 4681 Christi
2344 4640 2531 4680 amore
2570 4627 2791 4694 ligatus,
2818 4642 2922 4679 non
2952 4643 3178 4697 possunt
3212 4644 3415 4692 meam,
3440 4631 3541 4684 nisi

1967 4719 2182 4775 Domini
2220 4718 2409 4773 facere
2427 4720 2782 4772 voluntatem.
2826 4719 2972 4774 Sane
2998 4721 3274 4789 quomodo
3305 4732 3540 4774 vinctum

1967 4826 2026 4867 se
2054 4809 2626 4878 nominal,conﬁrntat
2650 4809 3001 4880 Evangelium
3043 4813 3270 4866 Christi.
3293 4811 3545 4866 Ostendit

1966 4912 2169 4974 quanta
2206 4906 2277 4958 sit
2309 4917 2456 4972 spes,
2482 4916 2580 4971 pro
2616 4917 2725 4971 quo
2756 4902 2881 4955 talia
2910 4902 3021 4969 pati
3076 4902 3307 4955 libenter
3333 4901 3543 4968 ample-

1965 4997 2129 5052 ctitur
2162 5014 2178 5051 :
2209 5012 2334 5051 cum
2371 5006 2552 5063 posset
2600 4999 2741 5063 apud
2769 4993 2982 5049 Jndieos
3013 4997 3094 5059 (ut
3140 4994 3270 5060 legis
3329 4991 3539 5064 doctor)

1970 5099 2025 5143 et
2052 5087 2265 5155 magnis
2287 5085 2495 5140 divitiis
2531 5086 2909 5150 abundare,'et
2936 5097 3149 5138 summo
3180 5082 3385 5136 honore
3410 5096 3543 5150 gau-

1966 5185 2114 5236 dere.

2044 5290 2063 5323 ι
2102 5273 2209 5326 Pro
2242 5269 2395 5326 vobis
2448 5269 2718 5341 gentibus.
2752 5286 2773 5320 ι
2811 5264 3119 5321 Secundum
3168 5263 3537 5332 Evangi-lium,

1965 5363 2171 5419 inimici
2203 5373 2424 5433 propter
2467 5377 2562 5417 vos
2598 5378 2612 5415 :
2644 5359 2766 5429 quia
2797 5374 2891 5413 vos
2925 5356 3131 5419 similes
3155 5370 3278 5411 esse
3305 5355 3539 5410 dicimus

1963 5452 2295 5512 Judmorum.

2047 5567 2065 5600 ι
2097 5548 2152 5601 Si
2205 5557 2383 5600 tamen
2423 5545 2651 5598 audistis
2681 5540 3143 5611 dispensationem
3198 5540 3387 5609 gratia:
3419 5536 3537 5602 Dei,

1964 5656 2082 5710 quae
2120 5643 2242 5694 data
2264 5651 2345 5692 est
2370 5639 2502 5692 mihi
2525 5638 2578 5689 in
2612 5635 2786 5688 vobis.
2821 5653 2841 5687 ι
2870 5633 2923 5689 Si
2947 5642 3127 5686 tamen
3157 5632 3384 5686 lirutiter
3403 5630 3535 5683 reti-

1964 5734 2104 5789 netis
2123 5749 2207 5787 me
2229 5733 2281 5786 in
2301 5732 2451 5786 vobis
2473 5729 2613 5799 dispe
2630 5727 2932 5781 nsatioucm
2958 5726 3231 5795 accepisse
3253 5724 3533 5779 doctrina.

3580 4112 3591 4159 ἰ
