3954 6194
428 277 527 340 867

429 488 532 531 tnu
559 476 811 531 Dominus
835 486 989 540 super
1010 467 1274 538 familiam
1296 479 1450 520 suam
1476 477 1495 516 :
1514 470 1571 515 ut
1596 461 1682 517 del
1701 461 1805 517 illis
1828 477 2004 516 escam

431 573 485 625 in
519 581 747 637 tempore
777 561 994 632 (Matth.
1026 562 1178 624 xxiv,
1203 557 1338 626 45)?

509 682 527 713 ι
552 659 818 725 Quoniam
848 652 1144 709 secundum
1169 644 1576 706 revelationem.
1614 664 1634 699 ι
1660 645 1779 702 Non
1810 658 2008 701 secun-

402 752 561 815 dum
600 749 888 802 humanam
937 743 1265 799 doctrinam.

510 857 530 891 σ
561 838 757 893 Notum
789 835 991 890 factum
1036 833 1168 887 mihi
1192 841 1274 887 est
1303 831 1726 898 sacramentum,
1757 831 1895 887 sicut
1918 844 2010 885 su-

432 946 528 1000 pra
556 929 773 999 scripsi.
816 945 837 981 ι
868 924 1086 981 Iudaeos
1111 935 1164 979 et
1180 936 1366 995 gentes
1399 939 1566 978 unum
1599 938 1722 978 esse
1754 924 1806 978 in
1833 922 2007 978 Chri—

430 1031 538 1076 810.

507 1131 528 1166 ι
566 1110 622 1166 ln
670 1111 867 1169 brevi:
912 1120 1075 1182 prout
1125 1110 1358 1182 potestis
1411 1113 1649 1180 legentes
1708 1105 2013 1177 intelligere

428 1203 777 1271 prudentiam
825 1217 1023 1257 meam.
1062 1219 1083 1255 ι
1119 1199 1236 1256 Non
1297 1210 1563 1268 quantum
1597 1207 1841 1266 poterant
1904 1211 2009 1265 ego

432 1298 697 1361 scribere.
733 1298 827 1353 sed
854 1307 1117 1367 quantum
1153 1310 1253 1350 vos
1276 1295 1489 1360 assequi
1508 1292 1796 1347 valebatis.

508 1408 529 1441 ι
566 1389 627 1442 In
662 1390 972 1443 ministerio
1003 1387 1223 1441 Christi.
1262 1406 1281 1439 ι
1304 1387 1418 1440 Non
1447 1386 1665 1453 eloquio
1712 1369 1976 1438 sa'culari.

510 1497 531 1533 ι
556 1480 709 1546 Quod
733 1481 853 1535 aliis
889 1479 1329 1549 generationibus
1359 1491 1467 1529 non
1495 1487 1579 1530 est
1610 1474 1851 1543 agnitum
1887 1473 2009 1527 ﬁliis

432 1573 752 1628 hominum:
782 1571 939 1625 sicuti
992 1586 1138 1623 nunc
1174 1568 1474 1623 revelatum
1507 1578 1591 1621 est
1627 1567 1830 1620 snnctis
1879 1581 2012 1633 apo-

434 1663 593 1716 stolis
618 1663 739 1728 ejus
771 1671 826 1715 et
854 1660 1152 1729 prophetis.
1182 1677 1201 1710 ι
1242 1658 1498 1712 Sciebant
1526 1655 1744 1724 quidem
1780 1657 2011 1724 prophe-

1374 269 1436 328 s.
1480 263 1925 327 HIERONYMI
1969 258 2291 323 OIERUM
2328 236 2741 320 MANrIsssé

431 388 566 454 Qui:
585 384 724 441 enim
787 380 958 452 ﬁdelis
1012 391 1187 432 servus
1216 384 1263 430 et
1316 373 1571 443 prudens,
1610 381 1763 442 quem
1808 371 2007 425 constio
2033 385 2086 440 Α

3568 248 3667 313 868

2188 388 2207 420 ι
2234 370 2292 423 In
2324 383 2431 438 quo
2451 368 2717 439 habemus
2763 362 3013 418 ﬁduciam
3041 368 3096 419 et
3128 372 3407 417 accessum
3435 358 3490 414 in
3515 362 3674 416 conﬁ.

2095 458 2291 514 ‘dentia
2315 471 2411 526 per
2434 455 2594 510 ﬁdem
2626 457 2769 524 ejus.
2806 471 2826 504 ι
2863 451 2982 505 Non
3010 464 3108 519 per
3137 458 3380 504 nostram
3395 445 3672 516 justitiam,

2107 550 2205 606 sed
2228 564 2324 618 per
2354 563 2477 603 eum
2506 547 2663 616 cujus
2695 546 2828 600 ﬁdes
2855 550 3075 613 peccata
3106 540 3337 596 dimisit.

2184 660 2204 694 ς
2248 641 2477 710 Propter
2513 641 2657 707 quod
2686 648 2813 706 peto
2844 652 2911 690 ne
2934 632 3206 689 deﬁciatis
3236 632 3293 686 in
3325 629 3674 686 tribulationi-

2107 729 2208 785 bus
2239 733 2372 785 meis
2393 745 2493 800 pro
2518 729 2696 795 vobis,
2716 742 2835 797 quae
2863 734 2947 780 est
2976 724 3148 794 gloria
3198 732 3401 776 vestra.
3441 728 3461 772 ι
3498 721 3573 776 Ne
3600 736 3678 776 me

2106 821 2393 878 audientes
2419 824 2645 889 impune
2668 820 2807 885 laedi,
2843 819 2910 873 ad
2948 817 3121 872 Deum
3148 829 3260 869 non
3290 814 3561 883 pertinere
3586 829 3680 883 pu-

2107 913 2259 975 tetis.
2288 913 2345 967 in
2375 927 2487 982 quo
2531 913 2705 979 magis
2738 908 2963 979 gloriari
3017 906 3231 961 debetis
3272 923 3289 959 :
3326 904 3678 972 intelligentes

2110 1020 2197 1060 me
2231 1012 2382 1059 tanta
2421 1008 2624 1072 absque
2656 1010 2805 1056 certa
2860 999 2979 1070 spei
3026 998 3226 1054 ﬁducia
3274 994 3545 1053 sustinere
3576 1011 3674 1051 non

2109 1112 2288 1168 posse.
2516 1120 2522 1125 λ
3188 1150 3195 1155 λ

2186 1206 2205 1240 ‹
2246 1186 2421 1256 llnjus
2452 1186 2530 1242 rei
2579 1184 2749 1255 gratia
2781 1183 2940 1239 ﬁecto
2996 1198 3171 1252 genua
3224 1198 3347 1239 mea
3379 1184 3448 1237 ad
3475 1182 3675 1236 Patrem

2111 1278 2325 1331 Domini
2357 1276 2688 1331 nostriJesu
2725 1275 2929 1331 Christi
2958 1292 2971 1328 :
3009 1290 3076 1329 ea
3109 1290 3220 1344 quo
3254 1276 3436 1328 omnis
3458 1273 3676 1342 paterni-

2112 1378 2195 1421 tas
2228 1369 2283 1420 in
2321 1368 2476 1421 caelis
2503 1376 2560 1420 et
2589 1369 2642 1419 itt
2678 1378 2820 1419 terra
2849 1366 3189 1419 nominatur.
3224 1383 3246 1416 ι
3282 1365 3362 1418 Es
3391 1380 3497 1432 quo
3518 1366 3675 1417 munis

2111 1461 2410 1527 paternitas
2444 1474 2641 1514 nomen
2671 1457 2902 1525 accepit.
2939 1456 3066 1511 Sive
3111 1472 3178 1511 es
3201 1472 3312 1525 quo
3360 1457 3536 1510 outnis
3598 1471 3675 1510 res

2113 1562 2273 1622 pater
2309 1552 2645 1604 nominatur.
2664 1600 2687 1607 ,

2189 1661 2208 1693 ι
2252 1642 2318 1696 Ut
2340 1643 2434 1695 det
2464 1642 2620 1695 vobis
2651 1640 2951 1695 Secundum
2985 1638 3203 1692 divitias
3236 1636 3423 1707 gloria:
3451 1651 3563 1690 suae
3584 1637 3677 1688 vir-

437 1759 527 1813 ιω,
558 1750 768 1819 priores
793 1758 981 1817 gentes
1011 1762 1131 1802 esse
1164 1746 1476 1812 vocandas;
1518 1761 1623 1799 non
1654 1755 1831 1799 tamen
1869 1748 2015 1798 scie-
2047 1737 2087 1790 Β
2122 1744 2290 1788 tutem
2316 1736 2658 1788 Cnrrohorari
2714 1750 2808 1802 per
2843 1733 3093 1801 spiritum
3135 1732 3274 1800 ejus.
3315 1749 3336 1782 ι
3376 1729 3447 1786 υι
3472 1747 3562 1784 vos
3595 1747 3677 1799 per

435 1843 590 1904 bant,
625 1840 827 1894 nullam
858 1840 1001 1894 inter
1023 1840 1167 1908 ipsas
1198 1849 1251 1892 et
1272 1837 1487 1893 Judmos
1516 1836 1903 1891 discretionem
1928 1836 2012 1890 itt-

438 1944 638 1988 turam.

513 2041 533 2075 ι
568 2021 626 2075 In
677 2020 868 2088 Spiritu
903 2033 1022 2073 esse
1052 2027 1243 2088 gentes
1274 2018 1609 2073 cohaere-des.
1641 2036 1663 2071 ι
1701 2018 1805 2073 Per
1855 2017 2016 2087 spiri-

438 2128 548 2169 tum
592 2113 725 2167 mihi
754 2111 1079 2176 revelatum,
1109 2113 1225 2164 sive
1264 2110 1316 2164 in
1350 2111 1546 2181 spiritu
1598 2111 1721 2165 illos
1777 2110 2013 2168 sociatos

435 2222 577 2272 esse,
616 2219 720 2258 non
765 2202 949 2257 carnis
978 2202 1413 2257 circumcisione.

515 2311 536 2345 ι
578 2291 1111 2359 Etconcorporsles,
1137 2300 1191 2344 et
1235 2292 1660 2362 comparticipes
1696 2293 2013 2364 promissio-

435 2385 518 2439 nis
546 2385 598 2437 in
625 2383 846 2440 Christo
877 2380 1028 2436 Jesu.
1080 2400 1100 2433 ι
1130 2383 1185 2436 ld
1224 2391 1328 2448 est,
1380 2386 1538 2437 unius
1567 2387 1814 2452 corporis
1854 2402 1869 2439 :
1902 2400 2012 2438 non

436 2475 608 2528 solum
643 2474 970 2534 coita-redes,
1002 2473 1148 2541 quod
1183 2475 1357 2542 patuit
1379 2475 1579 2529 diversi
1608 2476 1822 2543 generis
1841 2490 2005 2532 esse:

436 2580 534 2618 nec
566 2565 736 2619 solum
762 2564 1093 2633 corporales,
1117 2566 1242 2634 quia
1272 2577 1498 2633 possunt
1522 2567 1767 2636 ejusdem
1798 2569 2012 2636 generis

436 2658 554 2718 lilii,
597 2671 703 2710 non
739 2657 978 2722 ejusdem
1012 2655 1066 2708 itt
1103 2654 1418 2710 haereditate
1450 2672 1570 2711 esse
1597 2661 1937 2714 substantiae.
1976 2656 1979 2657 ⁷

513 2766 531 2798 ί
571 2745 675 2800 Per
705 2745 1051 2815 Evangelium
1086 2760 1100 2797 :
1134 2745 1292 2815 cujus
1333 2746 1506 2823 factus
1539 2764 1653 2802 sunt
1706 2765 1805 2818 ego
1852 2751 2015 2805 mini-

436 2849 570 2894 ster.
616 2857 635 2890 ι
664 2838 767 2893 Per
803 2854 977 2893 meam
1030 2840 1469 2908 praedicationem
1515 2841 1770 2895 omnibus
1797 2844 2011 2898 innote-

436 2939 571 2995 scct,
605 2930 731 2999 quia
764 2930 867 2984 hoc
896 2928 1028 2983 mihi
1063 2929 1411 2998 peculiariter
1437 2930 1758 2985 revelatum.

515 3041 533 3073 ι
561 3020 868 3075 Secundum
911 3018 1116 3073 donum
1150 3019 1339 3088 gratiae
1365 3018 1482 3086 Dei,
1500 3035 1621 3090 qua:
1648 3022 1773 3075 data
1801 3030 1882 3078 est
1904 3023 2012 3078 mi-

435 3111 514 3167 hi.
546 3129 565 3162 ι
599 3110 713 3166 Νοιι
754 3112 1047 3166 secundum
1088 3111 1346 3165 meritum
1378 3126 1585 3166 meum.

511 3223 529 3255 ι
555 3202 862 3258 Secundum
900 3203 1275 3272 operationem
1328 3202 1545 3258 virtutis
1589 3205 1747 3274 ejus.
1786 3222 1806 3256 ι
1842 3204 2010 3274 Cujus

436 3296 606 3350 virtus
631 3310 716 3350 me
759 3294 1103 3351 conﬁrmavit
1136 3311 1152 3348 :
1187 3297 1303 3351 sive
1348 3295 1505 3366 cujus
1558 3297 1788 3351 virtutes
1829 3312 2010 3352 meum

434 3387 1161 3456 conlirtnantEvangelium.
1244 3408 1247 3413 ⁴

513 3495 533 3530 ι
574 3477 703 3531 Mihi
734 3479 875 3532 enim
914 3482 1153 3533 omnium
1189 3488 1503 3535 sanctorum
1532 3480 1757 3535 minimo
1779 3482 1901 3535 data
1931 3490 2013 3535 est

432 3570 605 3640 gratia
632 3569 771 3625 haec.
818 3588 837 3621 ι
868 3569 1095 3625 Minimo
1131 3581 1397 3641 tempore,
1432 3586 1538 3625 non
1560 3571 1764 3629 labore.
1810 3571 2014 3627 Notan-

435 3660 561 3714 dum
594 3659 735 3729 quod
778 3660 920 3716 inter
941 3669 1163 3716 sanctos
1190 3674 1250 3716 se
1281 3658 1618 3714 humiliando
1664 3658 1857 3715 iecerit
1891 3675 2015 3730 gra-

437 3760 571 3807 tum.

523 3862 544 3897 ι
583 3845 641 3900 ln
674 3845 921 3916 gentibus
955 3843 1331 3913 evangelizare
1383 3843 1850 3915 ininvestigabiles
1879 3832 2023 3898 divi-l

435 3936 542 3992 tias
572 3935 800 3991 Christi.
832 3955 853 3988 ι
894 3935 1237 3990 Annuntiarc
1266 3934 1478 3989 futuras
1512 3932 1895 4000 hereditates;
1925 3933 2012 3987 di-

433 4030 597 4086 vitias
627 4029 928 4100 promissas
954 4045 971 4085 :
1004 4042 1140 4096 quas
1162 4041 1358 4081 sensus
1408 4027 1681 4080 humanus
1710 4028 2015 4095 apprehen-

435 4123 564 4175 dere
594 4135 699 4173 nou
723 4120 888 4183 valet,
916 4117 1021 4171 nisi
1052 4130 1148 4185 per
1179 4116 1585 4169 revelationem.

507 4229 530 4264 ι
563 4214 627 4266 Ει
648 4212 957 4265 illuminare
986 4221 1193 4275 omnes,
1218 4220 1341 4274 qua:
1374 4208 1446 4259 sit
1468 4207 1803 4276 dispensatio
1821 4222 2011 4264 sacra-

430 4304 623 4379 menti.
663 4320 682 4353 ι
710 4299 914 4356 Iudaeis
948 4311 1005 4355 et
1030 4297 1282 4368 gentibus
1309 4296 1475 4365 hujus
1509 4297 1843 4353 sacramenti
1873 4312 2011 4367 pan-

431 4397 562 4451 dere
600 4396 887 4449 rationem.

507 4507 528 4539 ι
569 4485 885 4541 Absconditi
911 4498 941 4537 a
972 4482 1187 4537 saeculis
1224 4483 1277 4537 in
1309 4481 1438 4537 Deo.
1469 4501 1487 4535 ι
1516 4479 1629 4537 Hoc
1654 4490 1756 4548 est,
1787 4483 1931 4552 quod
1957 4482 2012 4538 in

431 4580 621 4652 primis
657 4577 1012 4647 temporibus,
1052 4575 1155 4629 soli
1193 4575 1302 4629 Deo
1334 4575 1710 4629 conﬁrmatum
1741 4582 1879 4629 erat.

508 4691 527 4723 ι
553 4671 655 4737 Qui
689 4670 868 4723 omnia
901 4668 1127 4721 creavit.
1169 4684 1188 4717 ι
1214 4666 1278 4719 Et
1302 4666 1518 4721 Judaeos
1569 4674 1625 4721 et
1643 4676 1834 4736 gentes
1857 4681 1873 4720 :
1897 4664 2013 4719 sive

430 4778 646 4819 omnem
688 4770 1017 4824 creaturam,
1075 4767 1134 4812 ut
1186 4773 1381 4813 sensus
1434 4768 1626 4813 contra
1672 4757 2011 4815 Marcionem

435 4856 712 4927 proﬁciat,
746 4864 801 4905 et
828 4866 1018 4905 omnes
1061 4850 1369 4906 haereticos.

508 4966 528 4999 ς
570 4947 638 5001 Ut
674 4948 974 5000 innotescat
1022 4943 1414 5013 principatibus
1462 4950 1520 4997 et
1568 4942 1922 5011 potestatibus
1949 4941 2007 4996 in

430 5041 743 5096 cmlestibus
766 5053 859 5108 per
878 5037 1174 5106 Ecclesium
1200 5036 1544 5089 multiformis
1566 5036 1827 5100 sapientia
1854 5035 2002 5089 Dei.)

434 5133 501 5187 Ut
525 5148 619 5202 per
649 5148 732 5184 tne
756 5132 839 5183 his
870 5131 959 5199 qui
991 5131 1152 5183 rebus
1183 5128 1497 5181 caelestibus
1532 5143 1630 5195 per
1656 5143 1871 5181 omnem
1904 5126 2008 5182 Ec-

433 5223 656 5276 clesium
696 5218 1095 5288 principaliter,
1130 5215 1479 5272 multiformis
1506 5218 1769 5286 sapientia
1792 5220 2006 5272 innote-

430 5327 568 5370 arat.

509 5425 527 5457 ι
564 5406 873 5459 Secundum
912 5403 1327 5473 praeﬁnitionem
1355 5401 1699 5468 saeculorum,
1730 5415 1890 5470 quam
1920 5401 2004 5456 le-

438 5498 515 5552 cit
552 5498 603 5552 in
639 5496 867 5553 Christo
893 5496 1023 5550 .Iesu
1061 5495 1291 5550 Domino
1327 5503 1533 5549 nostro.
1575 5512 1594 5546 ι
1629 5493 1799 5559 Quam
1830 5497 2005 5564 praeli-

436 5591 666 5645 niuntct
694 5591 800 5644 hoc
828 5597 1094 5657 tempore,
1130 5587 1352 5658 quando
1394 5585 1506 5654 jam
1560 5585 2007 5657 hominesaliter

438 5680 631 5735 satVari
661 5696 765 5736 non
799 5687 1074 5748 poterunt,
1096 5678 1197 5735 nisi
1228 5676 1430 5734 Christi
1462 5676 1567 5732 ﬁde
1594 5676 1895 5733 salventur.

2118 1829 2567 1883 illuminationem
2595 1828 2839 1883 scientiae
2876 1840 2932 1882 et
2958 1828 3267 1883 divitiarum
3296 1826 3536 1879 fructum
3559 1840 3676 1880 con-

2118 1918 2319 1974 ﬁrmet.

2191 2012 2210 2062 ἐ
2242 2009 2299 2064 in
2339 2012 2584 2067 interiori
2620 2011 2839 2065 homine
2886 2010 3166 2065 Christum
3214 2008 3471 2063 habitare
3504 2024 3596 2079 per
3624 2009 3677 2063 ﬁ-

2115 2103 2235 2155 dem
2275 2102 2327 2156 in
2362 2105 2619 2155 cordibus
2659 2104 2873 2157 vestris.
2914 2120 2933 2153 ›
2966 2100 3066 2156 Ubi
3126 2102 3357 2155 interior
3402 2102 3563 2156 homo
3592 2116 3674 2171 per

2114 2192 2275 2248 ﬁdem
2326 2194 2584 2249 robustus
2624 2205 2728 2261 est,
2765 2195 2839 2249 ibi
2874 2196 3085 2248 habitat
3147 2193 3426 2258 Christus.
3456 2208 3560 2248 non
3595 2191 3671 2248 ubi

2114 2282 2350 2340 exteritir
2379 2287 2681 2353 saginatur.

2190 2394 2209 2437 ι
2247 2375 2304 2429 In
2339 2377 2610 2431 cltaritate
2660 2379 2881 2432 radicati
2938 2387 2992 2432 et
3041 2377 3272 2431 fundati.
3320 2395 3340 2429 ι
3385 2377 3453 2432 Ut
3481 2376 3532 2430 in
3558 2374 3671 2444 ejus

2115 2482 2299 2522 amore
2325 2467 2552 2523 ﬁrmiter
2581 2477 2815 2529 starent.
2849 2469 3232 2523 beneﬁciorum
3262 2471 3383 2539 ejus
3438 2470 3670 2523 recorda-

2117 2571 2203 2613 tur
2224 2568 2280 2612 ut
2299 2575 2421 2613 eum
2440 2561 2675 2628 cognitis
2706 2561 2826 2629 ejus
2856 2560 3133 2615 beneﬁciis
3161 2562 3476 2627 diligerent.

2188 2667 2209 2702 r
2250 2649 2323 2704 Ut
2345 2652 2567 2718 possitis
2593 2652 3081 2718 comprehendere.
3118 2666 3139 2700 ι
3172 2649 3245 2704 Ut
3272 2666 3342 2704 ex
3366 2650 3512 2705 omni
3532 2657 3671 2719 parte

2115 2741 2548 2810 magnitudinem
2583 2739 2826 2793 scientia:
2861 2739 3084 2809 adipisci
3124 2741 3366 2794 valeatis.

2191 2830 2210 2880 ἃ
2248 2829 2380 2884 Cum
2410 2830 2663 2884 erunibus
2688 2832 2915 2883 sanctis.
2945 2848 2964 2880 ι
2999 2830 3189 2894 ρηωτε
3207 2832 3523 2898 sapientiam
3543 2828 3671 2899 apud

2114 2923 2304 2989 titulos,
2329 2933 2376 2975 et
2408 2937 2502 2975 nos
2538 2923 2765 2975 invenies
2798 2920 2991 2990 (Eccli.
3024 2936 3139 2983 ιιι,
3189 2921 3247 2975 21
3286 2938 3302 2987 ;
3340 2919 3499 2975 Prov.
3536 2936 3669 2982 utr,

2117 3015 2228 3081 15).
2260 3016 2327 3068 Ει
2351 3014 2477 3068 alibi
2507 3032 2521 3068 :
2562 3017 2625 3067 In
2650 3015 2807 3067 corde
2835 3021 3007 3066 autem
3032 3013 3153 3068 boni
3183 3013 3461 3083 requiescit
3477 3014 3671 3081 sapies-

2115 3110 2191 3160 tia
2219 3106 2518 3176 (Pronum,
2550 3106 2665 3175 55).

2096 3198 2105 3207 ’
2189 3217 2208 3246 ι
2237 3198 2368 3263 Quae
2388 3200 2459 3253 sit
2482 3199 2728 3266 latitudo,
2760 3211 2813 3251 et
2843 3198 3142 3268 lungitudo,
3173 3209 3229 3253 et
3273 3199 3595 3260 sublimitas.
3623 3207 3675 3253 et

2114 3292 2464 3360 profundum.
2496 3288 2782 3356 {Quidam
2816 3294 3004 3346 dicunt
3030 3293 3174 3362 quod
3205 3294 3452 3355 latitudo.
3483 3293 3673 3362 spatio-

2115 3381 2279 3434 savia
2314 3380 2644 3450 intelligatur
2679 3398 2694 3435 :
2728 3382 3029 3452 longitudo,
3063 3385 3173 3435 vita
3220 3394 3465 3449 aeterna;
3500 3384 3674 3437 altitu-

2117 3476 2209 3537 do,
2246 3475 2444 3529 omium
2473 3494 2489 3541 ;
2524 3476 2873 3546 profundum,
2909 3477 3221 3544 infernum;
3259 3487 3320 3531 ut
3350 3478 3560 3533 scilicet
3588 3481 3672 3532 ho-

2117 3579 2238 3619 rum
2270 3566 2515 3620 omnium
2544 3567 2791 3621 notitiam
2818 3570 3106 3635 habentes,
3133 3572 3388 3624 noverint
3413 3572 3541 3640 quid
3564 3568 3676 3625 dili-

2113 3666 2263 3728 gant,
2289 3659 2374 3712 vel
2398 3659 2526 3727 quid
2555 3659 2810 3715 refutent.
2894 3670 2901 3675 '

2189 3766 2211 3802 ι
2246 3749 2402 3804 Scire
2433 3752 2594 3805 etiam
2626 3752 3124 3821 supereminentem
3174 3753 3425 3809 scientia:
3453 3754 3676 3810 charito-

2118 3851 2222 3898 tem
2253 3841 2482 3898 Christi.
2515 3861 2536 3894 ο
2573 3844 2953 3913 Supereminet
3002 3848 3230 3900 fructus.

2190 3951 2213 3988 ί
2249 3932 2321 3989 Ut
2353 3935 2684 4004 impleamini
2717 3938 2775 3990 in
2807 3950 3024 3991 omnem
3071 3938 3469 4005 plenitudinem
3518 3936 3629 3994 Dei.
3651 3955 3671 3991 ι

2116 4026 2189 4084 Ut
2208 4029 2522 4084 eﬁictamini
2572 4031 2713 4098 pleni
2744 4033 2998 4085 omnibus
3024 4033 3338 4088 virtutibus.

2199 4137 2219 4171 ι
2256 4119 2316 4172 Ei
2351 4131 2530 4176 autem
2562 4123 2654 4190 qui
2688 4132 2882 4191 potens
2911 4132 2998 4178 est
3025 4116 3206 4177 utunia
3275 4128 3458 4180 facere
3504 4139 3679 4197 super-

2116 4214 2456 4269 abundanter
2505 4230 2666 4284 quam
2688 4217 2943 4284 petimus,
2972 4224 3065 4271 aut
3095 4216 3473 4289 intelligimus.
3493 4235 3678 4277 secqu

2115 4304 2243 4358 dum
2274 4305 2527 4360 virtutem
2584 4321 2703 4375 quae
2735 4320 2990 4374 operatur
3018 4308 3072 4362 itt
3095 4308 3271 4365 nobis.
3304 4328 3327 4361 ι
3362 4309 3680 4380 Frequenter

2036 4409 2084 4465 ι)
2114 4395 2318 4465 majora
2339 4397 2555 4462 tribuit,
2576 4415 2680 4453 non
2711 4400 2885 4454 solum
2940 4415 3102 4470 quam
3132 4404 3392 4471 petimus,
3412 4410 3503 4459 sed
3523 4405 3680 4458 etiam

2117 4502 2283 4557 quam
2316 4501 2499 4558 petere
2530 4492 2904 4561 intelligimus,
2926 4508 3045 4563 quae
3098 4507 3358 4562 operatur
3390 4495 3447 4549 in
3482 4495 3653 4549 nobis.

2192 4594 2215 4642 r
2251 4574 2354 4645 ipsi
2390 4577 2558 4647 gloria
2588 4579 2644 4632 in
2705 4578 2951 4636 Ecclesia
3012 4592 3067 4637 et
3107 4585 3160 4636 itt
3218 4585 3438 4640 Christo
3484 4585 3629 4639 Jesu.
3656 4601 3675 4634 ι

2114 4663 2249 4731 Quia
2283 4671 2505 4722 veniens
2539 4667 2789 4725 Christus
2815 4670 3030 4726 sibimet
3054 4672 3124 4727 ad
3177 4672 3273 4728 Dei
3325 4677 3554 4745 gloriam
3587 4673 3681 4730 Ec-

2115 4757 2334 4813 clesiam
2380 4762 2747 4830 congregavit.

2189 4868 2211 4903 ι
2279 4850 2337 4905 In
2394 4867 2584 4908 omnes
2643 4856 3022 4925 generationes
3084 4858 3271 4913 saeculi
3343 4860 3677 4915 saculorum.

2111 4941 2306 5001 Amen.
2347 4961 2367 4996 ι
2390 4944 2657 5001 lmmensa
2692 4949 2950 5003 beneﬁcia
2991 4951 3273 5006 immensis
3302 4950 3559 5007 laudibus
3592 4967 3681 5007 ce.

2111 5037 2392 5103 lebranda,
2426 5051 2533 5093 non
2565 5040 2740 5093 solum
2767 5042 2833 5095 de
2858 5042 2942 5096 his
2963 5057 3080 5112 qua:
3110 5042 3317 5100 Christi
3354 5047 3680 5110 temporibus

2113 5133 2367 5200 contulit,
2395 5136 2488 5188 sed
2521 5134 2686 5189 etiam
2708 5151 2830 5205 qua
2850 5148 2977 5191 ante
3002 5137 3129 5193 fecit
3162 5137 3350 5195 faciet.
3384 5143 3579 5195 Amen.

2708 5290 2939 5349 CAPUT
2993 5290 3086 5349 IV.

2189 5423 2210 5458 α
2248 5404 2489 5462 Obsecro
2518 5407 2703 5477 itaque
2746 5422 2843 5463 vos
2870 5422 2969 5480 ego
3006 5409 3218 5465 vinetus
3247 5410 3308 5485 in_
3347 5410 3675 5474 Domino.ut

2112 5498 2272 5570 digne
2307 5498 2603 5554 ambuletis
2657 5500 2962 5563 vocatione,
2997 5516 3102 5566 qua
3133 5504 3309 5557 νοωιί
3335 5503 3487 5557 estis.
3515 5520 3537 5554 ι
3569 5501 3678 5569 Ego

2114 5605 2211 5644 vos
2244 5605 2395 5659 rogo,
2422 5590 2516 5661 qui
2542 5590 2707 5645 vestri
2731 5606 2893 5646 causa
2941 5593 3325 5663 sum_vinetus,
3375 5607 3431 5648 ut
3465 5610 3563 5649 vos
3587 5594 3672 5647 Det

2111 5682 2309 5739 Filium
2365 5692 2742 5755 agnoscentes,
2775 5682 2940 5754 digne
2974 5693 3123 5742 tanto
3156 5688 3365 5743 honore
3398 5702 3677 5744 conver5e~
