3954 6194
280 277 389 345 869

1281 282 1696 344 EXPDSITIO
1744 285 1826 345 ΙΝ
1862 287 2106 349 Ei‘lST.
2136 290 2239 351 AD
2271 289 2549 353 EPHES.

3452 296 3563 363 870

290 389 423 446 mini
457 405 471 444 :
499 387 624 459 quia
659 402 764 445 una
786 386 1025 459 dignitas
1054 398 1163 457 est,
1207 404 1313 461 qua
1351 404 1721 465 agnoscuntur
1741 413 1873 470 pro-
1901 406 1953 463 Α
1980 400 2096 457 sive
2120 417 2243 473 quae
2274 403 2477 473 scripta
2497 412 2646 471 sunt,
2676 404 2793 463 sive
2816 405 2944 462 dum
2969 405 3085 478 jam
3107 404 3422 466 humanitas
3439 426 3567 469 cum

287 499 339 552 ρο
357 484 403 537 ia
434 483 703 537 instituta.

364 593 383 626 ι
413 573 551 629 Cum
578 572 730 629 omni
770 573 1100 644 humilitate,
1159 585 1214 635 et
1269 583 1704 647 mansuetudine.
1746 600 1874 643 cum

284 666 569 737 patientia.
600 684 620 719 ι
652 665 722 722 Et
756 669 957 724 mentis
986 679 1043 724 et
1087 672 1356 741 corporis.
1404 674 1698 733 Humilitas
1743 692 1874 734 vera

283 760 425 815 nihil
455 760 561 817 sibi
592 761 857 826 vindicat,
886 772 1210 827 mansuetus
1260 766 1391 823 nulli
1442 780 1626 837 nocet,
1658 770 1873 839 patiens

282 853 415 907 nulli
446 851 618 907 vicem
650 852 832 909 reddit
880 855 1110 931 injuriae.

361 963 379 997 ι
413 944 815 1015 Supportantes
843 947 1076 1005 invicem
1120 950 1501 1023 incliaritate.
1539 969 1558 1003 δ
1591 951 1873 1009 Sum-runt

279 1049 333 1093 et
364 1040 699 1110 philosophi,
727 1042 822 1095 sed
852 1059 956 1095 non
990 1044 1045 1098 in
1081 1046 1375 1101 charitate.
1400 1046 1509 1102 Nos
1528 1062 1657 1103 vero
1682 1064 1787 1111 non
1813 1057 1873 1104 ut

278 1128 513 1196 laudari,
532 1132 627 1185 sed
656 1139 713 1185 ut
742 1130 852 1195 ille,
880 1149 1045 1202 quem
1080 1137 1421 1194 sustinemus
1444 1137 1717 1210 proﬁciat,
1748 1140 1873 1196 dili-

280 1232 472 1289 gentes
501 1221 772 1275 sustinere
811 1223 1088 1278 debemus.

360 1329 379 1361 ι
420 1309 647 1364 Solliciti
682 1326 905 1367 servare
933 1314 1219 1370 .nnitatem
1263 1315 1489 1386 spiritus
1544 1317 1599 1371 in
1652 1317 1869 1374 vinculo

285 1404 457 1471 pacis.
494 1421 513 1455 ι
545 1401 651 1458 Per
677 1404 947 1458 vinculum
983 1406 1134 1475 pacis
1159 1406 1213 1462 in
1252 1408 1409 1467 vobis
1434 1409 1619 1465 unitas
1646 1411 1873 1480 spiritus

280 1494 619 1549 continetur.
654 1494 1021 1573 Multitudinis
1067 1499 1207 1553 enim
1243 1502 1567 1569 credentium
1617 1512 1731 1555 erat
1782 1519 1874 1555 cor

280 1602 466 1650 unum,
498 1596 546 1639 et
580 1588 761 1640 anima
791 1603 896 1641 una
929 1589 1073 1657 (Act.
1104 1605 1180 1655 tv,
1223 1590 1340 1661 52).

362 1697 383 1731 ι
410 1677 590 1734 Unum
616 1696 838 1750 corpus,
878 1689 934 1735 et
1005 1698 1145 1738 unus
1180 1685 1404 1754 spiritus
1441 1703 1455 1739 :
1489 1685 1632 1741 sicut
1694 1686 1867 1739 vocati

277 1777 415 1827 estis
442 1774 494 1826 itt
529 1787 633 1826 una
663 1788 760 1844 spe
795 1773 1101 1830 vocationis
1157 1788 1368 1832 vestrm.
1407 1775 1561 1833 Unus
1587 1779 1864 1844 Dominus,
1903 1764 1942 1817 Β

278 1880 387 1920 una
411 1866 565 1932 fides,
586 1883 749 1921 unum
773 1868 1065 1936 baptisma.
1101 1887 1119 1920 ο
1152 1867 1329 1924 Unum
1357 1885 1687 1926 consensum
1710 1872 1872 1925 debet

280 1959 489 2014 habere
520 1959 575 2013 in
606 1975 717 2014 uno
741 1976 973 2031 corpore
1000 1963 1250 2017 omnium
1285 1978 1551 2034 compago
1602 1962 1873 2017 membro-

278 2068 428 2116 rum,
457 2067 576 2123 quae
600 2054 667 2107 ad
709 2069 871 2108 unam
903 2070 1055 2123 spem
1087 2067 1211 2110 sunt
1240 2068 1431 2111 vocata
1466 2057 1683 2111 salutis.
1713 2054 1871 2110 Unde

278 2143 595 2213 diligentius
635 2143 813 2216 legere
842 2146 1036 2201 debent
1060 2146 1204 2203 hunc
1231 2148 1409 2202 locum
1439 2148 1489 2203 bi
1529 2149 1647 2217 qui,
1684 2150 1735 2203 iit
1767 2162 1868 2203 sa:-

278 2236 385 2292 culi
422 2226 873 2305 occupationibus
901 2237 1077 2308 ligati,
1113 2248 1304 2308 putant
1346 2240 1449 2294 sibi
1480 2239 1652 2295 licere
1677 2256 1871 2311 pecca-

279 2344 361 2392 re,
392 2339 443 2383 et
472 2330 594 2384 aliis
619 2344 724 2383 non
756 2329 924 2385 licere
949 2346 968 2398 ;
1001 2345 1123 2385 cum
1152 2345 1346 2387 omnes
1373 2332 1428 2386 in
1468 2347 1635 2386 unum
1669 2348 1868 2401 corpus

277 2419 569 2490 baptizati,
596 2424 851 2475 eumdem
895 2422 1151 2491 spiritum
1186 2424 1518 2490 acceperint,
1550 2431 1606 2478 et
1663 2423 1715 2477 in
1763 2438 1868 2478 una

278 2526 377 2581 spe
402 2513 584 2567 vocati
606 2514 717 2567 sint
742 2512 860 2567 Dei.
894 2514 1023 2568 Sive
1055 2514 1135 2569 sic
1169 2529 1185 2571 :
1216 2515 1262 2570 si
1297 2529 1463 2570 unum
1492 2516 1744 2585 spiritum
1768 2513 1868 2569 ha-

283 2604 447 2669 betis,
481 2615 533 2658 et
562 2620 628 2659 ex
660 2619 768 2660 uno
794 2604 956 2660 Patre
1002 2606 1113 2660 Deo
1139 2606 1253 2661 nati
1304 2608 1463 2673 estis,
1493 2606 1661 2662 nolite
1713 2608 1867 2663 vobis

284 2698 355 2751 de
386 2706 601 2752 terrena
638 2696 924 2751 nobilitate
949 2696 1157 2766 aliquid
1205 2711 1487 2769 arrogare,
1519 2713 1588 2754 ne
1629 2707 1866 2754 vestram

276 2789 506 2861 gloriam
537 2790 821 2845 amittatis.

359 2899 379 2933 ι
412 2880 564 2936 Unus
600 2880 742 2937 Deus
770 2894 825 2938 et
859 2881 1024 2938 Pater
1071 2883 1341 2940 omnium.
1372 2903 1393 2938 ι
1425 2882 1600 2940 Etiam
1649 2900 1862 2955 eorum,

270 2974 366 3046 qui
391 2989 457 3029 ex
492 2975 744 3044 gentibus
771 2976 1146 3031 crediderunt.

349 3083 371 3118 ι
405 3065 507 3133 Qui
544 3080 710 3137 super
739 3083 955 3135 omnes,
989 3078 1043 3123 et
1071 3083 1169 3139 per
1201 3069 1382 3125 omnia
1415 3077 1471 3124 et
1523 3070 1576 3124 in
1606 3070 1860 3126 omnibus

274 3160 453 3215 nobis.
481 3178 501 3213 r
535 3160 708 3231 Super
729 3177 920 3216 omnes
950 3164 1200 3224 virtutes.
1228 3172 1286 3216 ut
1314 3170 1526 3232 potens,
1553 3176 1650 3231 per
1677 3165 1858 3219 omnia

272 3266 439 3323 opera
464 3268 560 3308 sua
593 3254 725 3324 :qui
760 3253 1059 3309 immensus
1083 3257 1342 3312 omnibus
1374 3257 1724 3323 Christianis,
1769 3272 1861 3314 se-

270 3348 510 3400 cundum
543 3361 703 3417 quem
739 3347 988 3402 habitare
1015 3349 1289 3416 dignatur.

349 3457 370 3490 r
406 3437 708 3509 Unicuique
735 3450 918 3494 autem
982 3450 1229 3494 nostrum
1291 3441 1414 3496 data
1465 3449 1551 3499 est
1603 3442 1798 3511 gratia.
1832 3460 1855 3495 ι

270 3526 391 3584 Non
419 3529 589 3585 multa
610 3541 736 3586 sunt
770 3546 996 3601 corpora
1031 3547 1128 3602 per
1174 3536 1499 3588 varietatem
1533 3536 1857 3605 gratiarum,

271 3621 371 3675 sed
403 3623 645 3675 membra
699 3621 933 3676 diversa.
1446 3647 1450 3651 -

353 3732 373 3766 ι
412 3714 722 3769 Secundum
753 3729 1084 3770 mensuram.
1122 3732 1141 3766 ι
1176 3713 1295 3771 Non
1333 3724 1443 3772 tam
1471 3726 1674 3774 nostra
1700 3731 1867 3788 capa-

273 3808 488 3873 citatis,
522 3822 687 3879 qnam
712 3807 856 3864 illius
885 3810 1189 3878 largientis.

352 3918 374 3953 e
404 3900 723 3958 Donationis
752 3902 979 3958 Christi.
1021 3903 1141 3956 iAd
1177 3917 1340 3973 quam
1377 3904 1642 3975 gratiam,
1670 3905 1765 3978 qui
1800 3919 1861 3962 se

278 3995 569 4066 aptavet-it,
600 3997 770 4066 ipsam
796 3997 1149 4066 consequitur
1176 4013 1192 4050 :
1215 4007 1274 4051 ut
1290 4007 1446 4068 puta,
1465 3999 1556 4068 qui
1581 4000 1859 4054 studiosus

280 4087 416 4159 legis
440 4098 545 4154 est,
575 4089 897 4157 sapientiam
949 4091 1173 4146 multam
1210 4110 1225 4147 :
1276 4082 1462 4148 oranti
1497 4102 1553 4149 et
1586 4093 1856 4166 jejunanti

274 4179 599 4235 conceditur
626 4181 850 4251 spiritus
878 4189 1140 4250 potestas.

353 4312 371 4345 ι
404 4290 636 4363 Propter
682 4278 823 4363 quod
856 4294 987 4348 dicit
1017 4311 1032 4348 :
1070 4294 1387 4351 Ascendens
1450 4296 1503 4350 in
1553 4296 1745 4363 altum,
1768 4310 1858 4352 ca-

276 4387 481 4456 ptivam
517 4387 671 4440 duxit
698 4388 1063 4455 captivitatem
1092 4405 1108 4443 :
1136 4388 1282 4443 dedit
1315 4388 1455 4444 dona
1489 4389 1850 4446 hominibus.»

1980 493 2266 548 divinitate
2297 509 2464 549 unum
2497 496 2749 551 enectum
2782 511 2890 552 est.

2057 603 2078 638 ι
2113 585 2180 640 Ει
2213 588 2330 657 ipse
2358 587 2509 643 dedit
2532 589 2798 658 quosdam
2833 591 3054 660 quidem
3080 593 3381 659 apostolos,
3404 608 3570 661 quos-

1979 673 2103 731 dam
2137 686 2321 732 autem
2351 679 2671 749 prophetas.
2717 697 2738 731 ι
2770 679 2972 735 Contra
2998 684 3256 749 Arianos,
3290 692 3347 737 ut
3374 686 3491 739 Filii
3516 699 3548 737 e

1981 766 2163 824 Patris
2190 784 2296 823 una
2334 771 2403 825 sit
2429 772 2697 839 operatio.
2726 771 2864 827 Nam
2903 774 2969 827 ad
3029 774 3355 849 Corinthios
3402 756 3567 830 Deum

1979 856 2196 915 Patrem
2227 860 2361 915 dicit
2388 863 2443 916 in
2478 862 2718 917 Ecclesia
2751 864 3038 919 ordinasse
3069 866 3117 935 (Ι
3155 866 3278 921 Car.
3312 882 3408 933 xit,
3436 870 3560 934 28);

1977 950 2066 1007 hic
2104 968 2228 1008 vero
2251 954 2522 1009 Christum
2558 957 2657 1010 hoc
2687 956 2910 1024 dixisse,
2943 970 3353 1014 commemorat.

2056 1062 2075 1096 ι
2127 1045 2277 1100 Alios
2324 1061 2451 1100 vero
2512 1049 2892 1118 evangelistas.
2956 1068 2973 1100 ι
3026 1049 3217 1105 Omnis
3259 1054 3535 1119 apostolus

1977 1138 2307 1207 evangelista
2336 1156 2478 1209 anon
2509 1142 2687 1195 omnis
2719 1144 3074 1209 evangelista,
3096 1146 3370 1212 apostolus
3402 1161 3416 1197 :
3456 1148 3561 1199 sic-

1979 1237 2038 1282 ut
2095 1228 2395 1300 Philippus,
2423 1232 2514 1301 qui
2548 1242 2665 1305 erat
2703 1249 2845 1288 unus
2876 1249 2942 1289 ex
2969 1247 3175 1303 septem
3206 1238 3346 1303 (Act.
3379 1251 3452 1300 vt,
3488 1237 3567 1303 ὃς

1974 1334 2090 1383 nt,
2114 1320 2190 1389 8).
3418 1317 3429 1325 ’

2051 1431 2069 1467 t
2102 1414 2251 1467 Alios
2277 1424 2457 1468 autem
2492 1423 2740 1484 pastores
2762 1426 2813 1471 ct
2841 1418 3112 1474 doctores.
3145 1439 3164 1472 ι
3198 1421 3449 1475 Pastores
3474 1439 3566 1475 ve-

1976 1520 2038 1559 ro
2067 1520 2283 1566 omnes,
2312 1505 2403 1574 qui
2469 1516 2593 1558 sunt
2662 1505 2844 1560 idonei
2903 1513 2971 1562 ad
3021 1512 3155 1564 alios
3196 1514 3564 1567 ittslrttctttltts.

1974 1598 2169 1652 Omnis
2199 1612 2330 1665 ergo
2367 1604 2573 1665 pastor,
2615 1598 2809 1652 ductor
2842 1616 2856 1655 ;
2894 1616 3003 1653 non
3035 1602 3215 1655 omnis
3246 1606 3334 1670 qui
3372 1606 3567 1658 (Iactor

1975 1697 2083 1751 est,
2114 1697 2169 1740 et
2201 1696 2411 1755 pastor.

2046 1796 2067 1830 ι
2107 1779 2188 1833 Ad
2251 1778 2781 1833 consummationem
2841 1790 3155 1835 sanctorum
3190 1781 3246 1835 in
3296 1797 3434 1853 opus
3468 1783 3567 1837 mi-

1974 1870 2208 1934 nisterii,
2246 1869 2297 1922 iit
2328 1869 2741 1924 aediﬁcationem
2767 1872 3015 1939 corporis
3043 1873 3268 1927 (llniati.
3303 1893 3321 1924 ι
3350 1874 3419 1929 Ut
3445 1890 3567 1942 per-

1971 1959 2231 2016 ﬁciantur
2285 1962 2480 2025 sancti,
2516 1965 2635 2016 sive
2684 1979 2875 2017 eorum
2935 1980 3198 2019 numerus
3251 1967 3563 2035 impleatur,

1970 2067 2160 2109 omnes
2199 2062 2327 2107 sunt
2383 2054 2667 2106 constituti
2727 2057 2793 2106 ad
2827 2055 3200 2108 aedificandam
3235 2055 3559 2124 Ecclesium,

1971 2158 2093 2212 qua:
2122 2158 2322 2213 corpus
2347 2142 2555 2197 Christi
2602 2153 2707 2207 est,
2737 2154 2797 2197 ut
2825 2160 3017 2199 ttinttes
3058 2136 3131 2200 ad
3165 2146 3558 2216 perfectionem

1976 2236 2100 2291 ﬁdei
2134 2238 2459 2306 perducant.

2049 2348 2067 2381 ι
2106 2329 2288 2383 Donec
2321 2343 2677 2385 occurramus
2714 2344 2905 2382 omnes
2968 2329 3023 2384 in
3083 2330 3291 2386 unitate
3354 2332 3497 2388 ﬁdei.
3528 2352 3549 2387 ι

1972 2421 2087 2477 Hoc
2118 2432 2303 2476 votum
2328 2423 2490 2476 etiam
2521 2422 2679 2478 falsis
2698 2423 3016 2479 doctoribus
3044 2426 3205 2490 inest,
3232 2425 3284 2481 id
3305 2436 3412 2491 est,
3441 2427 3563 2484 volo

1970 2528 2164 2569 omnes
2190 2528 2310 2569 esse
2359 2518 2501 2568 sicut
2532 2530 2639 2569 me.

2046 2624 2066 2657 ι
2103 2607 2170 2661 Et
2195 2605 2489 2676 agnitionis
2511 2606 2633 2661 Filii
2695 2606 2810 2664 Dei.
2852 2625 2873 2659 ι
2916 2607 3012 2661 Ille
3069 2611 3287 2678 agnovit
3321 2611 3555 2679 gratiam

1970 2697 2091 2753 Filii
2128 2697 2245 2764 Dei,
2278 2700 2369 2768 qui
2416 2716 2520 2753 non
2550 2707 2741 2769 peccat
2777 2716 2793 2754 :
2827 2701 2952 2767 quia
2984 2700 3163 2755 omnis
3217 2702 3313 2770 qui
3342 2709 3555 2771 peccat,

1957 2782 2077 2850 non
2109 2794 2254 2849 videt
2284 2809 2431 2857 eum,
2458 2808 2560 2849 nec
2588 2796 2845 2862 cognovit
2874 2808 3021 2848 eum.

2047 2903 2067 2938 ι
2102 2885 2161 2940 In
2187 2887 2361 2939 virum
2397 2887 2721 2954 perlectum,
2749 2887 2804 2938 in
2854 2900 3160 2939 mensuram
3188 2886 3363 2938 a-tatis
3390 2885 3563 2954 ρΙθιιί-

1971 2979 2176 3035 tudinis
2204 2978 2463 3041 ,υΙιι-ἰειί.
2507 2995 2526 3029 r
2571 2977 2675 3042 Qui
2731 2978 2869 3030 enim
2928 2993 2981 3030 se
3042 2978 3168 3030 dicit
3222 2979 3276 3030 in
3342 2979 3553 3032 Christo

1968 3089 2201 3139 manere,
2283 3071 2430 3126 debet
2479 3070 2736 3141 quomodo
2780 3069 2871 3122 ille
2926 3070 3241 3135 ambulavit,
3286 3070 3561 3126 ambulare

1966 3165 2020 3237 (I
2043 3167 2204 3220 Joau.
2250 3179 2312 3226 tt.
2360 3166 2417 3233 ὃ)
2450 3181 2463 3218 :
2507 3173 2561 3217 ct
2597 3178 2701 3215 non
2733 3176 2995 3215 annorum
3022 3160 3141 3230 ejus
3193 3168 3427 3226 aetatem,
3460 3161 3557 3215 sed

1964 3256 2360 3328 plenitudinem
2399 3254 2623 3309 imitari.
2664 3238 2670 3244 ’

2044 3366 2063 3401 ι
2104 3346 2174 3403 Ut
2201 3348 2316 3418 jam
2352 3363 2458 3403 non
2512 3348 2685 3402 simus
2717 3346 2925 3418 parvuli
2973 3345 3417 3412 fluctuantes,.et
3449 3347 3556 3399 cir-

1964 3438 2338 3495 cumferamur
2364 3440 2512 3492 omni
2555 3450 2718 3492 vento
2746 3440 3026 3492 doctrinae.
3066 3455 3084 3487 ι
3125 3435 3192 3491 Ut
3235 3453 3340 3492 non
3384 3439 3556 3492 simus

1963 3533 2299 3604 ignorantes,
2341 3546 2440 3585 nec
2477 3532 2648 3594 dubii,
2673 3546 2736 3584 ac
2776 3531 3118 3595 vacillantes,
3153 3540 3206 3584 et
3249 3545 3399 3585 more
3448 3534 3553 3583 im-

1962 3624 2120 3692 periti
2157 3623 2561 3694 gubernatoris,
2605 3624 2785 3677 omnis
2836 3624 3101 3678 doctrina:
3138 3632 3300 3678 vento
3352 3634 3551 3677 nostra)

1962 3716 2089 3774 fidei
2108 3718 2224 3773 vela
2251 3717 2645 3789 appendentes,
2670 3731 2737 3771 ne
2766 3716 2923 3769 facile
2943 3716 3344 3784 naufragemns,
3365 3726 3459 3769 aut
3483 3720 3552 3769 ad

1962 3819 2175 3882 portum
2206 3808 2557 3879 perfectionis
2606 3823 2886 3878 nunquam
2915 3807 3200 3877 pervenire
3249 3811 3548 3875 possimus.

2039 3917 2060 3953 ι
2100 3899 2159 3955 In
2182 3900 2422 3967 nequitia
2446 3900 2753 3963 ltominum,
2776 3901 2828 3953 in
2846 3902 3071 3954 astutia.
3108 3918 3128 3951 ι
3167 3898 3422 3968 Nequitia
3456 3904 3549 3952 lto.

1963 3994 2194 4059 minum,
2218 3994 2414 4049 astutis
2458 3994 2930 4071 disputationibus
2963 4006 2993 4047 a
3021 4002 3170 4048 recto
3225 3991 3349 4047 ﬁdei
3381 4006 3549 4047 cursu

1961 4086 2251 4155 detorquet
2282 4084 2550 4141 incautos.

2038 4196 2056 4228 ι
2091 4177 2174 4234 Ad
2207 4179 2727 4233 circumventionem
2760 4178 2990 4233 erroris.
3032 4196 3053 4230 ι
3084 4176 3209 4232 Sive
3241 4194 3362 4232 cum
3390 4179 3547 4234 ttmlti

1960 4270 2232 4340 quoddam
2255 4270 2461 4326 erroris
2493 4271 2580 4326 sui
2611 4273 2909 4325 remedium
2937 4282 3145 4340 putent,
3178 4273 3223 4326 si
3247 4274 3447 4327 multos
3464 4289 3552 4328 se-

1962 4376 2085 4417 cum
2111 4363 2465 4417 traxerintad
2506 4378 2795 4418 errorem:
2830 4365 2947 4419 sive
3004 4365 3318 4421 errantibus
3373 4382 3550 4421 reme~

278 4455 431 4543 Quos
466 4477 719 4532 diabolus
765 4481 1017 4548 captivos
1058 4480 1276 4534 tenebat
1297 4479 1366 4535 ad
1412 4491 1665 4545 mortem,
1699 4478 1857 4535 Curi-
1888 4468 1933 4524 ι)
1962 4456 2112 4511 dium
2135 4458 2253 4512 sine
2274 4455 2463 4513 labore
2509 4458 2918 4527 promittentes,
2950 4475 3276 4530 permanere
3334 4464 3546 4517 faciunt

281 4578 372 4624 tus
401 4570 696 4639 captivavit
723 4571 791 4626 ad
824 4572 990 4626 vitam
1034 4587 1051 4626 :
1089 4572 1156 4627 ad
1197 4582 1360 4642 caput
1394 4580 1637 4629 nostrum
1669 4573 1722 4628 in
1752 4588 1860 4630 cte-

280 4662 511 4717 lestthus
545 4663 942 4717 collocandum.

358 4793 378 4826 ι
418 4772 572 4841 Quod
601 4786 783 4831 autem
820 4776 1090 4845 ascendit,
1113 4777 1244 4848 quid
1274 4787 1357 4835 est
1383 4778 1487 4834 nisi
1517 4779 1641 4850 quia
1682 4789 1737 4836 et
1763 4780 1856 4836 de-

280 4867 519 4921 scendit.
554 4885 574 4919 ι
617 4867 848 4936 Exponit
879 4862 978 4924 cur
1041 4869 1258 4924 dicatur
1313 4873 1644 4938 ascendisse,
1695 4890 1857 4945 quem

281 4973 549 5029 nusquam
580 4975 685 5013 non
711 4974 853 5025 esse,
888 4975 997 5016 non
1030 4961 1255 5017 dubium
1288 4972 1394 5028 est,
1427 4968 1725 5020 secundum
1750 4966 1860 5022 for-

279 5066 428 5106 mam
455 5052 664 5107 scilicet
692 5056 836 5107 servi
862 5070 879 5107 :
908 5055 975 5109 ad
1009 5070 1170 5125 quam
1208 5068 1313 5110 non
1346 5055 1614 5124 localiter,
1645 5057 1740 5112 sed
1772 5057 1856 5113 dio

277 5153 510 5212 gnanter
536 5144 910 5201 descenderat.

355 5273 375 5307 ι
406 5253 643 5310 Primum
675 5259 728 5312 in
768 5258 1050 5316 inferiores
1097 5272 1282 5331 partes
1309 5271 1485 5318 terrae.
1528 5278 1548 5315 ι
1574 5260 1855 5317 lnfernum

272 5354 378 5403 sub
402 5358 547 5403 terra
568 5366 691 5406 esse
718 5368 879 5411 nemo
900 5353 1012 5423 jam
1032 5357 1292 5427 ambigat.

358 5482 379 5516 ι
416 5463 519 5531 Qui
546 5467 850 5533 descendit,
882 5469 997 5537 ipse
1040 5480 1127 5525 est
1153 5479 1207 5525 et
1247 5474 1338 5542 qui
1406 5475 1651 5530 ascendit
1690 5488 1855 5542 super

262 5575 469 5617 omnes
493 5562 683 5616 caelos.
710 5578 729 5612 ι
767 5562 869 5627 Qui
898 5564 1181 5617 descendit
1213 5580 1336 5620 cum
1371 5566 1551 5622 anima
1593 5567 1646 5621 in
1684 5570 1853 5620 inier-

266 5666 427 5717 num,
448 5652 564 5719 ipse
586 5667 711 5707 cum
742 5657 921 5709 anima
946 5664 1002 5711 et
1025 5671 1253 5724 corpore
1275 5660 1519 5716 ascendit
1550 5659 1605 5714 in
1625 5662 1844 5717 cmlum.

354 5763 373 5796 ι
415 5742 482 5800 Ut
511 5745 830 5815 aditnpleret
886 5749 1093 5805 omnia.
1124 5769 1143 5801 ι
1180 5749 1361 5807 Gloria
1427 5753 1844 5821 triumphantes,

1960 4564 2017 4604 ll)
2046 4564 2257 4607 errore.

2036 4661 2056 4695 ι
2080 4643 2384 4700 Veritatem
2409 4654 2590 4700 autem
2614 4644 2877 4703 facientes
2912 4649 2965 4704 in
3001 4650 3293 4707 charitate.
3319 4670 3337 4703 ι
3396 4651 3533 4706 0m-

1959 4734 2049 4789 nia
2091 4736 2143 4790 in
2176 4738 2406 4792 veritate
2430 4747 2654 4809 propter
2682 4740 3014 4797 cbaritatem
3049 4745 3276 4810 Christi,
3311 4756 3363 4799 ct
3393 4745 3563 4808 ninil,

1958 4827 2015 4882 in
2047 4828 2318 4898 hypocrisi
2357 4829 2643 4886 facientes.

2036 4938 2057 4973 ι
2088 4920 2413 4980 Crescamus
2454 4925 2505 4979 in
2544 4925 2635 4980 illo
2658 4941 2756 4997 per
2785 4931 2992 4984 omnia.
3040 4948 3060 4981 ι
3104 4930 3160 4985 In
3209 4930 3356 4985 illius
3417 4946 3540 5001 pcr-

1957 5011 2197 5068 fectione
2215 5028 2282 5069 ex
2310 5017 2457 5070 omni
2490 5026 2645 5085 parte
2670 5034 3007 5077 crescamus.

2034 5123 2055 5159 r
2092 5108 2193 5174 Qui
2234 5118 2319 5163 est
2351 5120 2514 5178 caput
2553 5110 2845 5183 Christus;
2878 5133 2941 5171 ex
2974 5131 3083 5185 quo
3108 5124 3277 5171 totum
3336 5136 3536 5192 corpus

1957 5212 2321 5270 compactum,
2353 5214 2409 5260 et
2457 5219 2763 5263 connexum
2805 5224 2901 5278 per
2951 5224 3170 5264 omnem
3214 5212 3531 5279 juncturam

1956 5293 2498 5353 subministrationis
2529 5303 2830 5356 secundum
2857 5302 3248 5370 operationem.
3278 5322 3297 5356 ι
3342 5306 3417 5359 Ex
3445 5325 3536 5360 ca-

1954 5387 2067 5458 pite
2090 5403 2397 5445 connexum
2448 5408 2673 5463 corpus;
2692 5409 2788 5462 per
2816 5410 3034 5448 onmem
3095 5399 3532 5467 Slllljllllt'llOllell:

1954 5484 2293 5551 operationis
2320 5486 2539 5549 crescit,
2563 5492 2686 5540 dum
2711 5502 2770 5542 se
2798 5488 3115 5542 alterutrum
3148 5496 3385 5545 membra
3403 5495 3537 5548 ω.ίί-

1958 5574 2124 5630 ficanl
2177 5576 2492 5648 diligendo;
2531 5581 2604 5633 ita
2663 5594 2721 5635 ut
2767 5585 3186 5653 unumquodque
3226 5592 3531 5642 membrum

1958 5669 2009 5721 in
2045 5682 2140 5723 sua
2163 5685 2418 5726 mensura
2447 5684 2752 5742 augeatur;
2781 5675 2882 5731 hoc
2916 5688 3022 5742 εει,
3057 5688 3115 5732 ιιι
3153 5678 3246 5748 qui
3305 5690 3388 5735 est
3436 5698 3532 5749 per

1957 5761 2283 5831 sapientiam
2315 5767 2528 5835 oculus,
2552 5768 2601 5821 in
2628 5782 2822 5823 eorum
2856 5787 3140 5827 numerum
3176 5783 3410 5839 crescat,
3434 5776 3527 5841 qui
