3956 6196
482 308 582 381 871

1408 318 1466 382 S.
1512 312 1956 385 HIERONYMI
1993 315 2311 381 OPERUM
2354 315 2764 384 MANTISSA.

3573 323 3661 389 872

481 424 628 481 oculi
681 423 1165 530 oﬁicium.gesturi
1218 436 1347 485 sunt
1382 446 1400 486 :
1443 440 1501 489 et
1546 430 1760 503 singula
1821 444 2050 503 quaque
2072 467 2130 530 Δ
2230 448 2249 484 ‹
2281 431 2351 487 Et
2377 431 2588 491 induite
2608 447 2813 491 novum
2837 431 3133 489 hominem.
3168 450 3189 486 ο
3218 430 3296 488 Ex
3318 429 3475 488 veteri
3495 429 3665 489 intelli-

481 515 724 569 membra
756 513 1064 586 proﬁciant.

560 624 583 661 ι
616 605 678 662 in
714 622 968 664 mensura
1020 609 1446 683 uniuscuiusque
1498 613 1729 672 membri
1784 631 2051 689 augmen-

481 706 598 757 tum
630 703 873 771 corporis
899 700 1036 758 facit
1068 703 1122 759 in
1153 706 1573 762 adiﬁcationem
1604 708 1689 764 sui
1721 708 1777 764 in
1811 711 2052 766 charita-

482 801 555 847 te.
597 810 617 844 ι
657 791 790 846 Dum
828 794 1038 864 singula
1062 798 1302 853 membra
1325 809 1603 864 crescunt,
1625 799 1799 866 majus
1819 801 2050 858 efﬁcitur

481 898 701 953 corpus.

561 1014 579 1047 ι
626 996 739 1052 lloc
767 998 936 1065 igitur
968 1000 1111 1065 dico,
1143 1012 1195 1057 et
1216 1003 1480 1060 testiﬁcor
1503 1006 1557 1061 in
1581 1006 1828 1064 Domino.
1861 1028 1879 1062 ι
1903 1008 2052 1078 Quos

483 1090 734 1154 superius
757 1089 1165 1159 obsecraverat,
1191 1093 1279 1149 hic
1315 1094 1369 1149 in
1401 1094 1635 1153 Domino
1675 1099 2045 1157 obtestatione

483 1181 829 1250 coiistringit.

560 1306 580 1339 ς
613 1288 676 1344 Ut
701 1291 814 1361 jam
842 1308 948 1347 non
982 1294 1299 1361 ambuletis,
1330 1295 1475 1351 sicut
1507 1306 1563 1354 et
1599 1309 1789 1369 gentes
1852 1304 2050 1358 ambu-

483 1375 615 1430 lant.
649 1396 668 1429 ›
706 1380 868 1448 Nolo,
897 1383 999 1449 ait,
1021 1385 1137 1439 solo
1163 1400 1257 1440 vos
1282 1388 1503 1442 nomine
1523 1404 1647 1444 esse
1665 1391 2048 1464 Christianosf;

483 1479 534 1522 et
560 1471 727 1525 Deum
756 1487 853 1528 ore
899 1475 1245 1542 conﬁtentes,
1289 1480 1545 1547 cperibus
1613 1483 1914 1552 denegare:
1956 1487 2053 1542 sed

480 1574 736 1628 quantum
763 1563 905 1618 inter
937 1558 1213 1621 diabolum
1234 1569 1496 1634 distat,et
1531 1569 1723 1636 Deum,
1754 1584 1900 1629 tanta
1953 1576 2059 1631 (lif-

481 1651 708 1706 lerentia
743 1656 941 1709 debent
967 1657 1179 1712 ﬁliiDei
1207 1674 1239 1712 a
1281 1658 1409 1715 ﬁliis
1430 1661 1628 1717 diaboli
1693 1664 1751 1719 in
1799 1667 2054 1735 operibus

482 1745 818 1813 discrepare.
849 1746 925 1799 Ne
960 1747 1128 1801 Deum
1161 1748 1320 1805 labiis
1354 1752 1704 1822 honorantes,
1753 1760 1935 1813 cordis
1971 1761 2051 1814 ti-

485 1849 636 1887 more
667 1835 877 1904 longius
906 1839 1251 1907 assistamus,
1284 1850 1338 1897 et
1369 1844 1584 1900 dicatur
1615 1847 1681 1901 de
1708 1848 1865 1904 nobis
1887 1868 1901 1904 :
1926 1850 2050 1907 Sine

482 1939 643 1977 causa
680 1930 857 1979 colunt
883 1943 963 1982 me
1006 1929 1253 2001 (Maltlt.,
1290 1947 1389 1998 xv,
1422 1932 1500 2005 9),
1530 1935 1633 1990 hoc
1684 1950 1768 1993 est
1821 1954 1886 1993 ex
1937 1955 2056 1995 mea

482 2013 692 2067 cultura
750 2017 931 2071 nullos
971 2021 1245 2090 accipient
1295 2022 1529 2079 fructus.

560 2146 578 2177 ι
632 2128 688 2181 lu
749 2130 990 2188 vanitate
1052 2136 1248 2188 sensus
1293 2136 1402 2189 sui.
1448 2154 1468 2187 ι
1552 2136 1685 2192 Vani
1735 2151 1855 2194 sunt
1915 2145 2053 2196 enim

484 2229 661 2267 ontues
684 2218 915 2271 homines
972 2219 1158 2289 quibus
1186 2237 1289 2275 non
1318 2233 1396 2277 est
1444 2227 1711 2294 sapientia
1750 2228 1846 2284 Dei
1898 2230 2048 2301 (δίῳ.

486 2310 714 2379 χιηηι).

560 2440 581 2474 ί
624 2421 892 2480 Tenebris
924 2426 1271 2483 obscuratum
1326 2432 1587 2487 habentes
1632 2434 1988 2490 intellectum.
2028 2456 2047 2488 ι

486 2512 707 2568 Scilicet
742 2517 1067 2584 ignorantia,
1091 2528 1146 2572 et
1180 2522 1575 2576 mundanarum
1631 2540 1809 2578 rerum
1843 2526 2053 2581 sollici~

485 2607 730 2660 tudinem
762 2608 996 2677 caligine
1028 2625 1090 2664 ac
1120 2614 1358 2668 tenebris
1392 2615 1766 2672 obscuratum.

562 2717 581 2749 ι
618 2701 850 2754 Alienati
884 2704 1054 2756 avita
1107 2703 1221 2757 Dei.
1266 2723 1287 2756 ι
1331 2707 1405 2758 illi
1450 2708 1569 2762 ideo
1608 2724 1639 2762 a
1683 2712 1791 2764 vita
1829 2713 2050 2769 alienati

484 2804 608 2844 sunt
642 2792 759 2859 Dei,
794 2796 920 2862 quia
958 2797 1205 2864 ignorant
1235 2815 1250 2851 :
1285 2814 1384 2853 nos
1426 2810 1605 2856 autem
1636 2804 1762 2872 quia
1797 2807 2053 2875 cognovi-

484 2884 583 2933 stis
612 2879 802 2947 Deum,
823 2886 977 2953 sequi
1004 2887 1238 2941 debetis.

559 2990 578 3022 ε
614 2970 717 3025 Per
746 2974 1133 3042 ignorantiam,
1171 2993 1291 3048 qua:
1327 2988 1411 3033 est
1440 2980 1497 3034 in
1529 2982 1658 3037 illis.
1698 3002 1719 3035 ι
1741 2982 2048 3042 Notandum

482 3064 606 3132 quia
635 3078 980 3136 contemptus
1010 3071 1372 3136 ignorantiam
1406 3076 1709 3141 generavit.

2153 537 2222 596 ge
2250 537 2476 583 novum.

2228 637 2250 672 ε
2284 619 2392 687 Qui
2427 618 2728 675 secundum
2756 618 2930 674 Deum
2987 625 3206 676 creatus
3248 626 3331 675 est
3367 617 3418 673 in
3467 617 3663 688 institis,

2153 718 2210 766 et
2231 712 2523 767 sanctitate
2539 711 2804 766 veritatis.
2844 727 2866 763 ι
2895 707 3168 780 Exposuit
3187 709 3317 779 quid
3346 708 3414 764 sit
3432 707 3666 765 hominem

2152 802 2532 872 adimaginem
2560 802 2654 858 Dei
2684 812 2931 858 creatum
2972 817 2992 859 :
3053 812 3114 857 ut
3159 800 3369 858 scilicet
3400 801 3583 871 justus,
3625 812 3669 858 et

2153 903 2377 949 sanctus
2399 904 2453 947 et
2478 908 2664 958 verax,
2684 894 2825 950 sicut
2849 896 3018 961 Deus;
3052 904 3109 948 ut
3137 894 3421 950 sanctitate
3444 894 3669 959 veritatis,

2154 999 2264 1039 non
2300 985 2555 1039 vanitatis
2582 984 2653 1038 sit
2678 986 2962 1054 praeditus,
2994 985 3097 1039 hoc
3118 996 3221 1049 est,
3255 1000 3370 1053 qua:
3392 999 3569 1038 vanam
3594 980 3672 1038 lio-

2155 1077 2365 1131 niinum
2393 1077 2622 1145 gloriam
2660 1088 2985 1144 aucupatur,
3027 1092 3146 1130 cum
3174 1063 3432 1146 scriptum
3460 1077 3525 1130 Sit
3546 1092 3560 1129 :
3582 1073 3665 1129 Is-

2154 1177 2233 1220 διε
2257 1166 2395 1237 quod
2419 1166 2627 1235 justum
2668 1175 2745 1221 est
2768 1166 3098 1235 persequeris
3156 1165 3334 1234 (Deut.
3366 1181 3469 1231 ινι,
3499 1165 3597 1234 20).

2232 1275 2251 1309 ‹
2282 1257 2507 1326 Propter
2526 1256 2688 1325 ~quod
2728 1257 3064 1326 deponentes
3126 1258 3483 1311 mendacium.
3516 1275 3534 1308 ι
3596 1256 3671 1311 llic

2154 1348 2537 1403 describuntur
2573 1347 2706 1416 ipsa:
2736 1346 2950 1416 species
2990 1347 3291 1414 castitatis,
3315 1348 3499 1416 quibus
3534 1360 3671 1400 novus

2154 1440 2321 1495 homo
2356 1441 2733 1511 cognoscitur.

2231 1549 2252 1584 ι
2281 1529 2609 1599 .Loquimini
2645 1531 2934 1587 veritatem
2966 1530 3349 1601 unusquisque
3384 1545 3496 1584 cum
3526 1530 3673 1599 proxi-

2156 1638 2247 1677 mo
2265 1638 2364 1677 suo
2392 1640 2406 1677 :
2436 1623 2693 1692 quoniam
2721 1638 2908 1678 sumus
2945 1623 3181 1677 invicem
3214 1621 3467 1677 membra.
3497 1639 3514 1673 ι
3540 1620 3675 1674 Nemo

2157 1729 2317 1769 suum
2362 1715 2755 1770 circumveniat
2783 1713 3006 1769 fratrem
3030 1732 3046 1769 :
3077 1715 3207 1784 quia
3231 1728 3390 1767 unum
3411 1727 3585 1782 corpus
3600 1727 3673 1765 su-

2079 1824 2129 1886 Β
2158 1822 2299 1871 mus,
2323 1816 2378 1861 et
2406 1823 2511 1863 non
2534 1819 2762 1877 possunt
2785 1807 3111 1861 alterutrum
3136 1809 3378 1861 membra
3401 1821 3456 1860 se
3490 1806 3673 1869 l'allere;

2162 1914 2263 1954 nec
2284 1901 2429 1954 enim
2471 1914 2662 1954 manus
2683 1898 2859 1954 illudit
2900 1898 3080 1965 oculo,
3120 1909 3221 1953 aut
3255 1899 3434 1953 dentes
3471 1897 3672 1952 lacerant

2157 1991 2420 2057 membra,
2458 1992 2562 2047 nisi
2594 1992 2736 2047 torte
2768 1992 2859 2047 ubi
2900 1987 3448 2061 spiritusimmu’ndus
3496 1990 3668 2046 inhabi-

2160 2091 2257 2136 tat.

2234 2194 2252 2227 ι
2286 2176 2613 2244 lrascimini,
2645 2186 2700 2233 et
2744 2177 2911 2233 nolite
2946 2192 3203 2248 peccare.
3250 2196 3269 2230 ι
3308 2179 3390 2232 ira
3444 2191 3538 2231 non
3583 2177 3672 2227 iue-

2156 2260 2298 2315 briet
2328 2274 2589 2329 mentem,
2609 2265 2703 2319 sed
2756 2266 2961 2320 veritas
2977 2267 3294 2335 dispenset:
3323 2282 3416 2322 nec
3456 2276 3583 2321 tuam
3607 2266 3671 2317 in-

2149 2351 2370 2420 iuriam,
2397 2355 2492 2409 sed
2522 2354 2714 2410 fratris
2741 2356 3114 2412 animadverte
3137 2368 3440 2426 peccatum.
3616 2358 3625 2366 ’

2232 2461 2251 2495 t
2294 2444 2386 2498 Sol
2419 2461 2525 2500 non
2551 2448 2765 2502 occidat
2788 2464 2952 2517 super
3005 2450 3342 2505 iracundiam
3398 2461 3620 2503 vestram.
3647 2465 3666 2502 ι

2152 2532 2233 2590 Ne
2266 2536 2511 2591 scientia:
2542 2538 2729 2592 lumen
2756 2540 2808 2593 in
2829 2549 2919 2593 tua
2940 2540 3313 2609 indignatione
3340 2540 3554 2594 deﬁciat.

2229 2647 2248 2681 α
2292 2629 2471 2685 Nolite
2505 2632 2685 2685 locum
2741 2633 2873 2685 dare
2914 2632 3151 2688 diabolo.
3198 2652 3219 2685 ι
3264 2633 3553 2697 Irascendo,
3605 2632 3671 2685 vel

2152 2721 2392 2790 quolibet
2422 2721 2530 2776 alio
2563 2723 2780 2778 delicto.
2818 2721 2980 2778 Porta
3015 2725 3160 2777 enim
3190 2725 3387 2779 diaboli
3416 2735 3491 2779 est
3514 2738 3672 2792 peccao

2156 2824 2266 2866 tum
2297 2831 2308 2866 :
2338 2815 2479 2868 sicut
2507 2816 2666 2868 homo
2695 2817 2874 2884 justus
2927 2815 3172 2886 Spiritus
3204 2818 3374 2871 sancti
3421 2828 3556 2887 porta
3583 2825 3668 2869 est.

2228 2926 2247 2959 ι
2284 2908 2384 2974 Qui
2410 2910 2710 2971 iurabatur,
2737 2910 2848 2976 jam
2881 2892 2984 2963 non
3014 2910 3229 2964 l‘uretur
3262 2929 3277 2965 :
3336 2913 3495 2981 magis
3518 2922 3666 2964 autem

2149 3000 2378 3054 laboret.
2423 3000 2683 3054 rAlienos
2706 3003 2920 3056 labores
2948 3003 3246 3071 aliquando
3270 3006 3515 3073 direptos,
3553 3016 3670 3055 nunc

2152 3106 2252 3146 suo
2281 3091 2470 3146 labore
2501 3103 2815 3161 compcnset
2850 3111 2863 3147 :
2896 3103 2951 3148 et
3004 3096 3285 3163 Operatido
3345 3094 3531 3148 tribuat
3563 3091 3673 3145 indi-

557 3170 578 3205 (
610 3154 834 3223 Propter
848 3159 1147 3213 cmcitatem
1175 3162 1353 3215 cordis
1382 3161 1648 3231 ipsorum.
1673 3183 1694 3216 ι
1720 3166 2047 3235 Dicentium,
2072 3153 2121 3218 θ
2153 3183 2429 3252 gentibus,
2453 3185 2542 3252 qui
2584 3153 2783 3237 ηι-υιιυε
2808 3153 3057 3242 iuranan
3075 3187 3210 3240 fecit
3230 3194 3464 3257 egentes.

480 3261 582 3299 non
599 3256 677 3299 est
700 3246 840 3301 Deus
872 3250 1038 3317 (Psal.
1064 3265 1181 3314 sui,
1203 3251 1275 3319 l).

554 3353 575 3388 ι
615 3339 716 3401 Qui
744 3340 1096 3407 desperantes
1122 3342 1450 3411 semetipsos
1487 3347 1833 3403 tradiderunt
1867 3350 2047 3422 impu-

481 3429 698 3483 dicitiae.
726 3446 746 3479 ι
778 3431 1143 3497 Desperantes
1177 3447 1392 3502 pinnam
1427 3438 1742 3506 impiorum,
1801 3454 1856 3496 et
1906 3460 2045 3512 pra:-

481 3519 647 3570 minm
681 3519 976 3587 iustorum,
1005 3534 1228 3574 necesse
1270 3531 1355 3577 est
1399 3533 1455 3577 ut
1489 3529 1846 3592 praesentibus
1900 3533 2046 3585 volu-

478 3608 721 3681 ptatibus
756 3610 1089 3676 adhere-ant,
1123 3613 1215 3681 qui
1240 3612 1419 3667 futura
1449 3617 1744 3686 desperant
1786 3637 1800 3673 :
1842 3618 2041 3689 Venite,

479 3712 528 3755 et
580 3703 825 3772 fruantur
886 3702 1071 3769 bonis,
1136 3720 1253 3774 quis
1309 3717 1474 3774 sum,
1526 3717 1582 3762 et
1618 3720 1814 3764 caetera
1876 3711 2040 3784 (Sap.

478 3810 540 3858 ιι,
568 3794 646 3867 δ).

553 3908 575 3941 ι
610 3890 667 3945 ln
691 3893 1004 3960 operatione
1026 3894 1381 3952 immunditiis
1399 3899 1582 3955 omnis
1601 3901 1653 3956 in
1680 3905 1988 3960 avaritiam.
2017 3923 2036 3958 ι

478 3982 670 4037 Omnia
715 3986 943 4040 crimina
1017 3989 1372 4045 immunditia:
1415 4001 1469 4046 et
1530 3994 1773 4049 avaritiae
1819 3998 2039 4053 nomine

476 4078 909 4145 comprehcndit.

553 4187 573 4220 ι
617 4168 723 4225 Vos
755 4181 935 4227 autem
969 4188 1072 4227 non
1110 4173 1186 4228 ita
1213 4175 1480 4232 didicistis
1515 4177 1795 4236 Chrismm
1833 4200 1848 4236 :
1883 4184 1930 4239 si
1961 4196 2042 4237 ta-

476 4276 599 4315 men
624 4261 772 4315 illum
812 4265 1058 4327 audistis,
1100 4273 1156 4319 et
1197 4267 1250 4320 in
1318 4270 1437 4337 ipso
1461 4272 1636 4326 edocti
1695 4275 1848 4330 estis.
1886 4292 1906 4326 ι
1972 4277 2042 4330 Et

480 4352 624 4406 sicut
674 4353 764 4406 ille
797 4369 901 4408 non
951 4357 1139 4422 gentili
1172 4359 1275 4410 ritu
1328 4361 1544 4414 vivatis.
1599 4361 1689 4417 ille
1739 4368 1881 4419 enim
1914 4383 2041 4424 vere

2226 3294 2245 3328 ί
2280 3274 2573 3346 Opersndo
2602 3281 2850 3335 manibus
2871 3281 3006 3344 suis,
3047 3283 3193 3350 quod
3256 3285 3450 3337 bonum
3481 3288 3583 3335 est:
3628 3286 3673 3330 ut

2148 3367 2345 3422 habeat
2376 3371 2518 3424 unde
2549 3370 2753 3425 tribuat
2796 3373 3179 3427 necessitatem
3244 3374 3484 3444 patienti.
3518 3389 3536 3422 ι
3570 3368 3668 3449 Non

2100 3522 2107 3527 λ
2148 3461 2292 3528 quod
2326 3460 2558 3515 malum:
2594 3471 2721 3515 sunt
2747 3462 2894 3515 enim
2928 3463 3133 3526 multa,
3157 3465 3246 3519 vel
3276 3465 3577 3525 inhonestae,
3601 3459 3670 3514 vel

2149 3548 2305 3602 mala:
2335 3558 2502 3616 artes,
2543 3560 2602 3604 ut
2641 3552 2931 3617 maleﬁcia,
2962 3565 3023 3607 et
3066 3558 3278 3620 omnia,
3330 3569 3445 3624 qua:
3496 3568 3589 3606 non
3617 3550 3669 3603 ad

2147 3649 2354 3694 naturae
2417 3644 2825 3709 necessitatem,
2887 3644 2985 3700 sed
3029 3647 3097 3701 ad
3154 3638 3670 3717 concupiscentiarutu

2146 3732 2434 3799 proﬁciunt
2463 3734 2816 3803 voluptatem.

2222 3840 2240 3873 σ
2270 3821 2461 3878 Omnis
2482 3839 2660 3878 sermo
2683 3810 2855 3882 malus
2874 3844 2936 3884 ex
2957 3843 3054 3885 ore
3071 3841 3255 3888 vestro
3273 3848 3376 3888 non
3399 3831 3663 3902 procedat:

2142 3912 2260 3969 Non
2291 3931 2449 3977 unus,
2480 3931 2582 3971 nec
2600 3922 2729 3983 duo,
2747 3920 2843 3973 sed
2872 3935 3060 3981 omnes
3112 3925 3243 3978 mali
3299 3937 3602 3979 sermones:
3626 3922 3667 3973 in
3724 3946 3735 3951 -

2145 4006 2248 4061 hoc
2275 4007 2573 4063 Christiani
2597 4010 2797 4065 debent
2837 4026 2961 4067 esse
2989 4016 3261 4070 cruciﬁxi.

2221 4116 2240 4150 ι
2267 4098 2370 4153 Sed
2401 4101 2591 4170 siquis
2618 4104 2789 4157 bonus
2819 4114 2905 4158 est
2936 4107 3004 4159 ad
3047 4108 3459 4164 aediﬁcationem
3489 4108 3616 4177 ﬁdei.
3647 4125 3662 4158 ο

2141 4191 2260 4245 Non
2282 4193 2559 4247 silentium
2596 4194 2878 4263 imposuit,
2933 4198 3029 4253 sed
3078 4200 3400 4267 qualitatem
3449 4200 3669 4270 loquendi

2145 4286 2490 4350 monstravit,
2521 4295 2580 4339 ut
2607 4291 2787 4341 omnis
2818 4302 2999 4343 sermo
3049 4291 3208 4345 ﬁdem
3273 4295 3498 4349 aediﬁcet
3541 4292 3671 4346 Chri-

2142 4375 2406 4442 stianam;
2461 4386 2515 4432 et
2560 4392 2621 4433 os
2670 4364 2914 4435 nostrum
2977 4381 3154 4437 solum
3214 4385 3449 4455 appellat
3480 4385 3667 4439 verbum

474 4441 754 4498 Christum
780 4448 1007 4514 audivit,
1035 4459 1087 4502 et
1119 4453 1187 4503 ab
1234 4452 1351 4518 ipso
1377 4453 1583 4517 didicit,
1649 4456 1740 4524 qui
1785 4458 1936 4533 nullo
1963 4460 2034 4514 si-
2067 4488 2116 4546 υ
2143 4466 2257 4520 Dei.
2290 4441 2462 4522 Simul
2490 4471 2808 4538 notandum,
2831 4474 2956 4541 quia
2992 4476 3093 4530 hoc
3134 4441 3402 4533 universa
3442 4474 3668 4531 Ecclesia:

475 4536 621 4590 milis
647 4539 776 4591 vitio
797 4541 1050 4606 gentibus
1084 4542 1380 4596 invenitur.

552 4642 573 4677 ι
616 4628 767 4681 Sicut
809 4640 891 4683 est
932 4631 1135 4685 veritas
1186 4634 1243 4686 in
1282 4631 1431 4687 Jesu.
1474 4652 1493 4686 ι
1548 4633 1701 4691 Sicut
1767 4637 1856 4694 ille
1912 4656 2038 4697 vere

476 4732 721 4774 mortuus
756 4729 921 4776 estet
961 4725 1220 4787 surrexit,
1277 4734 1339 4780 ut
1387 4742 1484 4782 nos
1513 4743 1639 4784 vere
1684 4731 1738 4785 in
1792 4736 2040 4788 novitate

461 4799 833 4864 'atnloulemus.

551 4921 570 4954 ι
594 4903 857 4974 Deponite
879 4921 973 4961 vos
1009 4909 1306 4964 secundum
1341 4911 1623 4980 pristinam
1666 4917 2036 4973 conversatio-

475 5012 597 5049 nem
623 5010 858 5053 veterem
888 5001 1184 5067 lmininem.
1224 5020 1243 5054 δ
1279 5002 1544 5072 Exposuit
1591 5009 1722 5077 quid
1756 5011 1831 5063 sit
1885 5020 2040 5065 vetus

476 5090 661 5152 homo.
690 5101 744 5143 et
768 5093 1039 5159 quomodo
1066 5096 1406 5161 deponatur:
1434 5099 1644 5153 scilicet
1685 5110 1743 5153 ut
1770 5100 2039 5170 pristinos

474 5196 690 5235 errores
718 5182 938 5251 abjiciat
964 5183 1124 5253 liujus
1153 5186 1365 5253 mundi,
1403 5200 1458 5242 et
1492 5204 1598 5243 non
1629 5192 1890 5249 membris
1917 5207 2041 5249 cor-

473 5275 639 5343 poris,
659 5277 753 5329 sed
787 5288 962 5331 mente
989 5288 1043 5331 et
1068 5283 1474 5336 conversatione
1530 5295 1789 5340 mutetur.

548 5383 566 5415 ι
607 5363 706 5430 Qui
728 5369 1096 5434 corrumpitur
1126 5373 1426 5424 secundum
1463 5373 1736 5428 desideria
1760 5378 1987 5433 erroris.
2012 5398 2028 5431 ι

472 5454 699 5512 Faciens
738 5460 1067 5514 voluntatem
1095 5464 1396 5517 carnalium
1430 5466 1852 5533 cogitationum.

549 5567 568 5600 ι
594 5548 1142 5608 lienovaminiautem
1170 5558 1362 5625 spiritu
1390 5560 1585 5613 mentis
1609 5572 1820 5616 vestrm.
1851 5580 1869 5614 ι
1911 5561 2037 5618 Sic-

468 5653 532 5697 ut
587 5642 854 5701 Jeremias
880 5648 957 5701 ait
983 5666 997 5702 :
1021 5647 1204 5703 Facite
1233 5651 1375 5705 vobis
1408 5667 1499 5706 cor
1528 5668 1739 5722 novum,
1788 5667 1835 5710 et
1874 5657 2037 5727 spirio

481 5747 592 5791 tum
614 5753 799 5792 norum
832 5739 985 5810 (into,
1014 5743 1203 5799 Επειδὴ.
1248 5760 1381 5812 xw,
1419 5746 1533 5816 5i).

2141 4557 2474 4624 praecipitur.

2218 4664 2258 4698 ι⁴
2282 4648 2348 4704 Ut
2378 4651 2468 4704 det
2504 4650 2732 4719 gratiam
2759 4653 3127 4711 audientibus.
3164 4676 3183 4709 ι
3225 4656 3343 4714 Hoc
3408 4668 3491 4714 est
3546 4653 3665 4725 quod

2141 4741 2267 4795 alibi
2300 4743 2452 4795 dicit:
2485 4742 2671 4798 Sermo
2706 4756 2871 4798 vester
2897 4749 2949 4799 in
2971 4753 3145 4816 gratia
3172 4752 3237 4803 sit
3270 4751 3385 4805 sale
3419 4751 3661 4809 conditus,

2142 4831 2391 4903 (Coloss.,
2430 4848 2505 4900 tv,
2532 4836 2585 4905 6)
2615 4850 2632 4901 ;
2663 4846 2717 4892 et
2752 4838 2806 4891 iu
2825 4853 3075 4895 sermone
3098 4856 3285 4898 nostro
3312 4847 3529 4912 gratiam
3556 4842 3669 4895 acci-

2141 4924 2289 4990 piant
2308 4925 2617 4981 audientes.

2217 5033 2237 5066 ι
2274 5016 2338 5069 Ει
2387 5019 2551 5072 nolite
2575 5021 2903 5077 contristare
2937 5022 3199 5092 Spiritum
3230 5038 3479 5083 sanctum
3513 5024 3616 5080 Dei.
3646 5042 3662 5072 ι

2144 5105 2465 5163 llomiuibus
2502 5112 2749 5180 loquens,
2785 5119 3243 5185 comparationem
3273 5120 3477 5174 inducit
3500 5120 3663 5172 buma-

2142 5214 2290 5263 nam,
2320 5209 2377 5254 ut
2432 5215 2501 5254 ex
2534 5205 2689 5258 nobis
2734 5206 3099 5275 intelligamus
3166 5220 3424 5278 quantam
3471 5209 3649 5277 Spiritu

2141 5301 2331 5346 sancto
2362 5292 2613 5362 iujuriam
2638 5294 2887 5364 facimus,
2913 5312 3036 5352 cum
3062 5300 3259 5357 donum
3291 5304 3410 5374 eius
3446 5304 3497 5358 in
3515 5303 3664 5369 aliqua

2140 5385 2347 5452 peccati
2365 5387 2527 5442 sorde
2553 5388 2866 5457 polluimus.
2933 5389 3000 5445 Et
3032 5395 3160 5462 quia
3198 5397 3264 5450 de
3318 5396 3540 5467 hospitio
3581 5404 3664 5446 sua

2142 5475 2300 5531 nobis
2331 5478 2615 5544 condolet,
2651 5480 2774 5536 ideo
2820 5484 2927 5538 sibi
2954 5485 3145 5541 dolens
3201 5488 3374 5544 tristis
3431 5481 3662 5540 abscedit.

2143 5566 2410 5623 Caeterum
2437 5572 2656 5626 tristitia
2674 5586 2729 5628 et
2748 5575 2829 5629 ira
2850 5585 2907 5630 et
2928 5588 3125 5634 cetera
3149 5579 3455 5650 hujucmodi
3472 5580 3522 5633 in
3536 5573 3663 5630 nobis

2141 5664 2427 5730 passiones
2449 5675 2596 5730 sunt,
2622 5670 2750 5736 quia
2770 5671 3055 5737 passibiies
3084 5688 3271 5730 sumus
3300 5691 3317 5728 :
3344 5673 3395 5727 t’u
3430 5671 3531 5726 Deo
3553 5681 3662 5722 vero

2145 5754 2600 5825 dispensationes.
2627 5756 2736 5817 Nos
2772 5762 2862 5817 illa
2894 5766 3049 5820 inviti
3082 5768 3339 5836 patimur,
3392 5767 3476 5823 liit:
3502 5764 3634 5817 vvit!"

3156 5934 3185 5961 Ἰ
