3956 6196
296 237 408 304 873

294 538 503 594 tionum
529 540 816 600 diverSitas
833 553 888 600 et
917 559 1136 605 natura.

347 649 388 693 Δ‹
420 631 480 685 1η
503 649 612 704 quo
633 636 831 706 signati
864 642 998 696 estis
1026 642 1080 697 in
1107 643 1192 698 die
1241 647 1662 718 redemptionis.
1697 672 1716 706 ι
1777 655 1864 709 Si-

289 723 578 786 gnaculum
609 729 790 781 sancti
824 727 1059 800 Spiritus
1090 733 1142 786 in
1172 735 1260 790 die
1329 738 1587 810 baptismi
1653 748 1867 816 accepi—

287 815 433 868 Stis:
472 832 672 872 novum
708 822 1048 890 signaculum
1075 825 1279 884 habere
1314 833 1579 900 coepistis.

366 926 387 959 t
421 906 608 964 Omnis
630 912 959 968 amaritudo.
980 933 999 967 ι
1039 915 1093 970 lit
1119 934 1223 988 qua
1244 925 1598 978 contristatur
1625 927 1860 998 Spiritus

285 1014 528 1057 sanctus.
558 1002 726 1064 Recte
766 1016 943 1062 autem
985 1011 1167 1078 posuit
1226 1016 1675 1086 amaritudinem,
1731 1024 1858 1092 quia

283 1090 398 1158 ipsa
431 1103 513 1146 est
535 1096 870 1162 provocatio.

361 1202 379 1235 ι
416 1183 482 1238 Et
507 1185 610 1240 ira.
637 1205 656 1238 ι
693 1186 922 1245 Onmem
953 1191 1137 1249 aufert
1172 1195 1335 1252 iram.

357 1295 377 1329 ι
418 1277 482 1332 Ει
514 1278 838 1350 indignatio.
878 1300 898 1334 ι
953 1283 1264 1354 indignatio
1313 1304 1378 1345 ex
1438 1287 1694 1364 superbia
1749 1311 1852 1368 est,

277 1385 400 1424 cum
436 1372 669 1442 aliquem
685 1373 993 1442 iudicamus
1023 1379 1336 1450 indignum:
1370 1383 1492 1442 ideo
1525 1403 1648 1445 eum
1699 1394 1855 1448 nolu-

277 1478 399 1517 mus
423 1467 718 1520 sustinere.

354 1573 375 1606 ‹
411 1554 477 1609 Et
517 1556 778 1612 clamor.»
823 1559 927 1627 Qui
980 1577 1046 1618 ex
1106 1562 1293 1622 furore
1343 1569 1648 1638 descendit,
1689 1590 1850 1645 quem

272 1661 381 1701 non
414 1648 650 1706 habeant
677 1651 1000 1708 Christiani.
1033 1655 1304 1712 Caeterum
1335 1661 1512 1718 lsaias
1577 1665 1716 1720 bene
1741 1667 1850 1722 cla-

271 1755 422 1791 mare
433 1743 677 1809 jubctttr.
701 1745 808 1801 Sed
842 1755 896 1802 et
925 1747 1037 1817 ipse
1055 1747 1211 1805 lesus
1236 1754 1582 1833 clamabatin
1616 1761 1850 1830 templo:
1879 1773 1930 1834 Β

272 1827 382 1893 Qui
407 1831 544 1898 sitit,
581 1835 756 1887 veniat
789 1845 844 1888 et
903 1836 1044 1891 bibat
1081 1828 1389 1910 (Joanfvu,
1424 1845 1540 1918 37).

346 1939 366 1970 ι
399 1923 464 1976 Et
497 1923 832 1993 blasphemia
869 1928 1091 1984 tollatur
1113 1945 1144 1984 a
1169 1933 1325 1988 vobis
1351 1951 1473 1991 cum
1497 1941 1647 1996 omni
1702 1944 1853 2000 mali-

269 2012 364 2064 tia.
409 2031 429 2064 ι
476 2013 605 2080 Quae
635 2018 719 2072 vel
747 2018 971 2074 inimico
1008 2031 1186 2090 potest
1224 2024 1396 2082 vicem
1423 2029 1673 2091 reddere.

349 2121 368 2155 ‹
402 2104 587 2162 Estote
613 2119 793 2164 autem
825 2111 1060 2170 invicem
1089 2115 1344 2186 benigni.
1394 2138 1413 2172 δ
1468 2122 1664 2181 Servat
1701 2131 1851 2187 ordi-

271 2211 396 2250 nem
428 2197 584 2268 legis,
619 2209 676 2254 ut
703 2217 808 2256 non
835 2203 1012 2260 solum
1051 2208 1260 2266 malitia
1291 2212 1531 2284 tollatur,
1559 2219 1654 2273 sed
1682 2221 1848 2280 etiam

268 2289 578 2359 benignitas
609 2293 906 2354 inseratur.

349 2394 368 2428 ι
413 2379 819 2440 Misericordes.
861 2404 882 2438 ι
929 2385 990 2442 Id
1009 2401 1114 2456 est,
1150 2393 1528 2454 condolentes.

337 2488 360 2524 ε
393 2470 665 2530 Donantes
700 2477 930 2534 invicem
968 2483 1110 2539 sicut
1143 2497 1196 2540 et
1223 2487 1365 2545 Deus
1394 2491 1445 2546 in
1482 2491 1701 2553 Christo
1755 2499 1848 2555 do-

265 2565 418 2618 navit
449 2567 615 2624 vobis.
661 2589 681 2620 ι
717 2567 1081 2631 Remittentes
1106 2589 1350 2647 peccata,
1380 2599 1448 2640 ne
1505 2589 1661 2644 vobis
1693 2590 1846 2647 dica-

267 2665 355 2710 tur
375 2656 556 2714 :Serve
574 2678 972 2734 nequam,omne
997 2669 1223 2726 debitum
1244 2674 1429 2731 dimisi
1450 2679 1548 2733 tibi
1563 2697 1582 2734 :
1602 2687 1837 2750 oportuit

263 2758 313 2802 et
356 2760 406 2804 te
438 2749 701 2809 dimittere
725 2773 970 2814 conservo
1007 2771 1098 2816 tuo
1154 2764 1369 2836 (Matth.
1407 2786 1561 2839 xvm,
1597 2749 1691 2844 32,
1722 2777 1839 2849 55).

875 2921 1106 2980 CAPUT
1139 2925 1200 2982 V.

337 3044 357 3078 ι
394 3025 576 3086 BStote
597 3045 726 3102 ergo
773 3034 1077 3094 imitatores
1116 3039 1230 3108 Dei,
1260 3043 1406 3098 sient
1457 3044 1548 3100 lilii
1582 3048 1840 3106 charissi-

259 3119 362 3176 mi.
397 3139 417 3172 ι
462 3123 776 3180 lmitatione
812 3129 988 3197 enim,
1019 3146 1126 3186 non
1158 3143 1349 3189 natura
1387 3138 1481 3192 lilii
1519 3140 1611 3195 Dei
1630 3157 1837 3209 sumus,

259 3214 402 3269 sicut
432 3216 507 3270 ait
544 3216 830 3274 Salvator:
864 3217 932 3274 Ut
985 3223 1107 3277 sitis
1151 3226 1254 3295 ﬁtii
1287 3229 1470 3304 Patris
1525 3234 1622 3286 mei
1666 3237 1754 3304 qui
1785 3237 1839 3290 iit

258 3307 403 3360 catis
430 3318 527 3375 est,
567 3318 672 3364 etc.
701 3309 920 3381 (Matth.
947 3329 996 3381 v,
1027 3315 1146 3386 45).

338 3419 356 3450 ι
403 3399 469 3454 Et
489 3404 760 3459 ambulate
793 3406 846 3460 in
874 3407 1187 3480 dilectione,
1221 3413 1364 3468 sicut
1389 3425 1440 3471 ct
1468 3415 1723 3476 Christus
1754 3423 1837 3477 di-
1885 3477 1888 3482 .

259 3489 390 3542 lexit
423 3507 542 3546 n0s.
583 3511 601 3545 ι
652 3491 804 3550 Unde
863 3509 918 3551 ct
969 3497 1208 3557 Joatntcs
1251 3509 1536 3573 apostolus
1597 3512 1674 3565 ait
1713 3528 1730 3570 :
1771 3512 1839 3568 In

258 3585 356 3634 Ιιθε
387 3587 720 3654 cognouimus
747 3589 1065 3647 cltaritatem
1101 3635 1118 3662 ,
1153 3597 1275 3664 quia
1299 3597 1389 3652 ille
1420 3603 1653 3656 animam
1683 3622 1838 3661 suam

255 3690 353 3740 pro
385 3677 528 3730 nobis
562 3681 761 3744 posuit.
798 3681 1054 3739 Debemus
1081 3702 1204 3758 ergo
1246 3699 1294 3742 et
1321 3707 1415 3744 nos
1444 3709 1540 3760 pro
1575 3697 1834 3765 fratribus

259 3768 475 3820 animus
502 3785 691 3836 ponere
745 3769 814 3841 (1
847 3773 1033 3843 Joan.,
1073 3777 1303 3849 tt|,16).

338 3877 357 3910 ς
393 3859 462 3913 Ει
525 3863 747 3918 tradidit
790 3868 1198 3937 semetipsum.»
1244 3869 1560 3932 Voluntaric
1619 3879 1736 3947 ipse
1779 3895 1837 3938 se

257 3953 506 4017 tradidit,
543 3970 645 4008 non
673 3957 740 4010 ab
773 3957 878 4012 alio
901 3959 1105 4015 invitus
1141 3965 1374 4019 traditus
1406 3975 1511 4020 est.

336 4061 354 4094 ι
418 4043 525 4097 Pro
572 4049 747 4101 nobis.
797 4066 818 4099 ι
880 4052 989 4106 Pro
1042 4057 1452 4125 peccatoribus,
1521 4069 1578 4115 ut
1639 4063 1836 4122 ﬁerent

248 4135 414 4204 jlhli.

331 4249 350 4281 ι
392 4228 734 4290 Oblationem
767 4246 821 4290 et
856 4236 1091 4292 hostiam
1119 4240 1228 4297 Deo
1257 4244 1309 4297 in
1335 4247 1558 4304 odorem
1594 4252 1834 4308 suavita-

254 4325 348 4378 tis.
386 4344 403 4376 ι
437 4325 806 4385 Suavissitnus
841 4331 950 4388 Deo
978 4334 1112 4388 odor
1141 4349 1221 4391 cst
1254 4335 1551 4404 charitas.,

329 4433 347 4465 ι
386 4413 692 4473 Fornicatio
728 4434 929 4484 autem,
965 4434 1020 4478 et
1057 4429 1237 4482 omnis
1275 4429 1643 4504 immnnditia,
1719 4447 1814 4494 aut

245 4511 499 4564 avaritia.
541 4531 561 4563 ι
601 4513 794 4569 Omnia
837 4518 1066 4571 crimina
1103 4519 1342 4576 breviter
1384 4531 1820 4600 comprehendit,

245 4605 482 4658 duorum
507 4608 800 4662 criminum
833 4611 1170 4682 designanda
1215 4618 1446 4673 radices.

323 4713 342 4746 ι
375 4694 488 4748 Nec
520 4698 831 4752 nominetur
862 4702 914 4754 in
937 4703 1111 4769 vobis,
1141 4704 1283 4759 sicut
1309 4708 1466 4764 decet
1516 4724 1756 4772 sanctos.
1798 4738 1818 4770 ι

239 4788 714 4846 Considerandum
741 4792 954 4848 scilicet
978 4809 1104 4878 non.
1127 4797 1294 4856 licere
1323 4803 1464 4872 ﬁeri,
1526 4815 1669 4878 quod
1707 4827 1823 4868 non

237 4880 372 4934 licet
405 4881 706 4937 nominare.

325 4990 342 5021 ι
376 4974 481 5026 Aut
521 4979 821 5044 turp'nudo,
856 4993 949 5034 aut
984 4979 1400 5054 stultiloquium.
1438 5007 1455 5040 ι
1499 4989 1612 5046 Ηου
1659 4995 1822 5052 etiam

234 5063 296 5119 in
335 5065 459 5120 liliis
481 5067 759 5125 hominum
792 5074 1207 5143 reprehenditur
1236 5083 1607 5138 honestorum.

316 5164 474 5215 «Aut
527 5166 857 5232 scurrilitas,
907 5183 1026 5238 qua:
1075 5173 1141 5225 ad
1193 5187 1304 5227 rem
1360 5190 1468 5229 non
1500 5180 1755 5245 pertinet.
1792 5201 1811 5234 ι

233 5253 430 5308 Risum
462 5273 702 5323 movens,
725 5261 815 5330 qui
837 5263 1092 5332 gravitati
1135 5281 1242 5320 non
1275 5273 1529 5324 convenit
1553 5271 1825 5337 Christia-

230 5365 356 5406 nae;
394 5352 520 5418 quia
559 5351 624 5406 ad
657 5368 770 5408 rem
794 5372 900 5411 non
945 5358 1184 5426 pertinet
1233 5361 1516 5417 caelestem
1565 5374 1622 5419 et
1671 5367 1814 5421 divi-

237 5458 396 5497 Ilﬂnl.

314 5554 332 5587 ι
365 5537 470 5592 Sed
497 5541 669 5611 magis
700 5545 996 5612 gratiarum
1030 5552 1195 5607 actio.
1233 5570 1252 5603 ι
1291 5551 1411 5609 Hoc
1445 5556 1620 5626 magis
1668 5572 1813 5612 sem-

226 5643 332 5698 per
368 5641 602 5687 tractare
627 5637 1157 5709 debetis,qu0modo
1205 5646 1316 5703 Deo
1347 5657 1542 5705 etactu
1576 5661 1632 5707 et
1666 5654 1812 5722 c0gi-

228 5721 439 5774 tatione
466 5721 746 5788 placeatis.
1703 5763 1708 5768 -

397 5816 676 5882 PATROL.
717 5823 911 5887 XXX.

1403 217 1925 331 EXPOSiTIOIlN
1955 267 2203 331 EPIST.
2232 269 2332 331 AD
2361 270 2634 335 EPHES.

302 359 419 408 tate
445 352 513 407 ad
554 363 796 413 nostram
845 361 1286 419 emendationem
1334 373 1586 428 assumit.
1655 375 1722 431 Et
1760 376 1876 431 haec
1900 388 1950 448 Α

291 457 396 513 est,
422 461 542 516 quae
572 452 800 505 assumit
830 451 995 509 Deum
1024 465 1078 511 et
1111 456 1411 528 hominem,
1443 463 1638 520 harum
1669 469 1868 524 condi-

3447 284 3553 352 874

2055 395 2074 428 ι
2114 377 2227 435 lloc
2257 382 2403 437 enim
2458 385 2677 452 scitote,
2737 385 3122 460 intelligentes,
3183 395 3325 462 quod
3372 400 3553 456 omnis

1976 467 2294 536 fornicator,
2337 484 2429 530 aut
2453 490 2671 542 avarus,
2697 478 2842 548 quod
2873 489 2957 535 est
2986 481 3256 538 idolorum
3289 491 3549 558 servitus,

1975 574 2080 614 non
2101 561 2261 617 habet
2273 563 2642 622 hereditatem
2657 568 2708 622 in
2728 583 2894 640 regno
2916 571 3116 628 Christi
3139 583 3194 628 et
3217 575 3332 632 Dei.
3357 597 3377 630 ι
3404 580 3550 638 Con-

1975 657 2055 702 tra
2094 649 2213 707 illos
2239 654 2348 724 agit
2377 655 2468 725 qui
2492 658 2662 712 solam
2693 659 2853 714 tidem
2873 660 3062 716 dicunt
3088 665 3336 725 suilicere
3364 687 3380 724 :
3419 673 3547 742 quia

1974 741 2280 811 hujusmodi
2309 757 2464 804 actus
2489 765 2594 806 non
2628 753 2756 818 Deo,
2789 757 2882 809 sed
2905 759 3134 812 ἀερωοηὶ
3197 741 3544 822 exhibentur.

1972 830 2273 892 llazreditas
2310 850 2493 900 autem
2518 844 2667 914 regni
2703 847 2968 903 cmlorum
3006 849 3102 908 Dei
3127 852 3545 921 liliis,noudin-

1969 923 2096 978 bolo
2122 941 2486 999 praeparatur.
3578 987 3594 1058 Ι,

2045 1035 2064 1058 ι
2101 1017 2267 1058 Νριηη
2286 1039 2376 1058 mm
2399 1029 2616 1058 πολι-πυ..
2685 1048 2703 1058 ι
2749 1029 2983 1058 n:.......l..
3053 1039 3151 1058 ι--
3206 1055 3221 1058 Α
3269 1043 3282 1058 ι
3495 1050 3507 1058 .

2045 1035 2064 1067 ι
2097 1017 2267 1076 Nemo
2286 1039 2378 1078 vos
2399 1029 2640 1082 seducat.
2685 1048 2704 1081 ι
2745 1029 2986 1090 Dieendo
3052 1039 3156 1094 hoc
3200 1043 3544 1104 solummodo

1966 1117 2104 1173 opus
2127 1119 2228 1175 est,
2268 1122 2324 1165 ut
2351 1114 2484 1168 ﬁdes
2513 1117 2610 1185 sit,
2660 1129 2717 1174 et
2781 1123 2946 1179 homo
3003 1127 3208 1186 Christi
3263 1134 3536 1202 baptisma
3579 1121 3585 1186 ti

1911 1223 1914 1226 ~
1965 1211 2332 1269 consequatur
2393 1223 2409 1262 :
2463 1212 2712 1278 quamvis
2757 1227 2966 1286 peccet,
3006 1223 3188 1290 perire
3210 1241 3312 1280 non
3341 1241 3538 1298 potest.
3580 1220 3583 1221 ν

2041 1328 2058 1360 α
2099 1309 2362 1372 lnanibus
2399 1322 2597 1378 verbis.
2636 1343 2654 1376 ι
2692 1324 2823 1394 Quae
2866 1330 3140 1390 hominem
3169 1337 3402 1400 liberare
3431 1361 3537 1402 non

1961 1418 2206 1473 possunt.

2039 1516 2056 1548 ι
2090 1498 2319 1571 Propter
2347 1504 2462 1562 hm’c
2493 1508 2638 1564 enim
2673 1515 2822 1568 venit
2860 1517 2939 1571 ira
2968 1520 3091 1576 Dei.
3131 1544 3149 1574 ι
3182 1524 3264 1580 Ex
3294 1532 3540 1595 praeteri-

1962 1587 2031 1642 tis
2054 1589 2234 1645 futura
2280 1601 2629 1666 cognoscite:
2661 1604 2706 1658 si
2754 1606 3049 1666 Sodomitis
3105 1630 3210 1668 non
3271 1587 3535 1691 pepercit,

1959 1689 2014 1733 et
2045 1679 2134 1737 his
2166 1685 2334 1753 quiin
2371 1690 2576 1747 diluvio
2600 1697 2906 1767 perierunt,
2941 1716 3132 1772 parcet
3165 1679 3369 1765 vobis-3

2033 1788 2052 1821 ‹
2093 1771 2148 1826 In
2175 1775 2318 1832 filios
2350 1779 2680 1842 dilildentiae.
2719 1808 2738 1840 ι
2772 1791 2874 1857 Qui
2907 1771 3535 1863 noitcredidernntiram

1953 1866 2337 1924 comminantis
2365 1887 2423 1927 se
2443 1889 2914 1945 superventuram.

2031 1971 2050 2006 ‹
2078 1953 2253 2014 Nolite
2286 1975 2416 2032 ergo
2444 1966 2582 2022 caici
2603 1975 2895 2043 participes
2925 1993 3132 2040 eorum.
3170 2007 3190 2040 ι
3227 1989 3282 2044 Si
3315 1990 3372 2048 in
3402 2010 3527 2066 pec-

1952 2046 2110 2112 catis,
2135 2047 2346 2117 judicio
2362 2054 2768 2126 deSperantium
2793 2070 3084 2144 participes
3111 2076 3345 2152 fueritis,
3369 2046 3524 2150 ei'itis

1951 2147 2007 2188 In
2048 2151 2205 2205 pinna
2234 2154 2536 2203 000801⁵188.

1985 2284 1990 2290 ,
2028 2244 2048 2279 r
2089 2229 2267 2286 Eratis
2318 2237 2466 2292 enim
2507 2240 2803 2312 aliquando
2835 2254 3093 2324 tenebrae,
3147 2277 3293 2320 nunc
3344 2280 3525 2329 autem

1949 2316 2040 2370 lux
2066 2317 2118 2370 in
2175 2318 2426 2382 Domino.
2463 2327 2536 2384 Ut
2583 2332 2680 2388 lilii
2715 2335 2852 2394 lucis
2904 2316 3202 2408 ambulate.
3225 2316 3525 2425 iniiinii

1947 2411 2276 2471 neseiebatis
2302 2416 2519 2477 Domini
2543 2427 2876 2488 voluntatem
2916 2452 2930 2490 :
2966 2453 3110 2498 nunc
3161 2462 3289 2507 vero
3304 2411 3520 2516 womnia

1948 2507 2298 2574 cegnovistis.
2321 2510 2594 2580 Quantum
2617 2534 2748 2592 ergo
2784 2524 2928 2583 inter
2952 2529 3126 2590 lucem
3160 2541 3326 2600 distat
3359 2559 3412 2603 et
3451 2563 3524 2608 te-

1947 2595 2171 2666 nebras,
2241 2612 2454 2660 tantum
2495 2623 2525 2664 a
2578 2613 2809 2682 pristina
2850 2630 3267 2690 conversatione
3323 2641 3530 2702 discre-

1944 2700 2078 2756 pare
2113 2691 2342 2752 debetis.

2022 2822 2042 2857 ι
2080 2804 2315 2868 Fructus
2347 2817 2492 2871 enim
2542 2819 2680 2880 lucis
2709 2836 2794 2883 est
2851 2833 2908 2888 in
2954 2841 3102 2894 omni
3146 2844 3412 2919 bonitate,
3471 2867 3530 2914 et

1939 2893 2249 2966 justitia,ct
2291 2907 2535 2965 veritate.
2568 2929 2590 2963 ›
2657 2915 2842 2976 Talem
2892 2925 3058 2984 habet
3113 2935 3343 2994 scientia
3398 2893 3519 2999 in:

1940 3002 2110 3047 ctum.

2024 3125 2043 3158 ε
2079 3105 2374 3172 Probautes
2413 3109 2542 3190 quid
2600 3125 2674 3181 sit
2724 3128 3128 3203 beneplacitum
3191 3141 3321 3201 Deo.
3357 3166 3379 3202 ι
3439 3151 3519 3208 Ex

1943 3198 2061 3269 lege
2085 3207 2309 3270 probate
2341 3211 2467 3278 quid
2497 3198 3017 3299 beneplaceat-Deo,
3080 3249 3189 3292 non
3411 3198 3522 3304 ho:

1945 3307 2120 3349 llllllCS
2150 3315 2420 3360 asserunt.

2019 3403 2038 3438 ‹
2073 3388 2139 3444 Et
2167 3394 2336 3451 nolite
2382 3407 2790 3466 communicare
2849 3417 3106 3484 operibus
3162 3423 3548 3490 iniructuosis‘

1943 3481 2312 3568 tenebrat-inn.
2349 3507 2371 3542 ι
2400 3491 2520 3548 Non
2542 3481 3045 3578 prodestquidquid
3079 3515 3138 3568 lit
3177 3520 3297 3574 sine

1945 3566 2027 3624 tia
2059 3577 2340 3647 veritatis;
2370 3586 2495 3652 quia
2526 3603 2627 3645 nec
2649 3591 2739 3646 lux
2766 3609 2940 3664 p0test
2971 3610 3517 3673 communiearecum

1944 3665 2184 3722 tenebris
2243 3669 2329 3738 (II
2353 3673 2472 3732 Cor.
2502 3694 2573 3746 vt,
2613 3683 2724 3753 14).

2018 3772 2037 3804 ι
2070 3755 2237 3829 Magis
2253 3774 2432 3820 autem
2460 3773 2788 3844 redarguite.
2829 3800 2848 3831 ι
2877 3782 2996 3840 Non
3032 3787 3211 3848 solum
3263 3809 3516 3857 commu-

1940 3845 2123 3905 nicare
2145 3854 2327 3922 nolite,
2362 3861 2457 3915 sed
2487 3865 2651 3920 etiam
2672 3874 3014 3945 redarguite.
3252 3926 3260 3934 .

2016 3959 2036 3992 ε
2068 3943 2195 4009 Quae
2219 3951 2362 4004 enim
2395 3953 2450 4009 in
2487 3961 2703 4016 occulto
2729 3965 2866 4021 (iunt
2893 3974 2962 4025 ab
2996 3974 3152 4042 ipsis.
3191 3998 3210 4032 ι
3232 3979 3290 4036 In
3323 3998 3513 4042 secre-

1941 4035 2163 4092 tislocis
2184 4043 2465 4102 domorum
2493 4051 2576 4104 vel
2608 4057 2816 4126 templi.

2016 4148 2036 4180 ‹
2074 4129 2256 4203 Turpe
2290 4150 2374 4194 est
2406 4150 2462 4196 et
2491 4145 2692 4202 dicere.
2732 4167 2752 4201 ι
2788 4151 2956 4210 Nobis
2982 4159 3164 4218 dicere
3194 4175 3347 4236 turpe
3401 4185 3510 4246 est,

1935 4226 2152 4293 quaeilli
2203 4232 2287 4286 vel
2329 4233 2383 4288 in
2422 4240 2661 4298 tenebris
2686 4244 2868 4303 facere
2898 4265 3002 4307 non
3045 4261 3399 4321 erubescunt.

2016 4340 2035 4373 ‹
2071 4320 2267 4380 Omnia
2298 4341 2502 4400 autem,
2530 4351 2650 4417 quae
2675 4353 3000 4412 arguuntur,
3037 4365 3066 4402 a
3097 4352 3300 4412 lumine
3329 4350 3512 4417 mani;

1941 4413 2229 4477 testantur.
2271 4443 2290 4475 ι
2318 4424 2469 4480 Sicut
2495 4433 2560 4482 ad
2585 4413 2897 4492 Corinthios
2920 4443 2996 4494 ait
3029 4459 3045 4498 :
3097 4446 3314 4505 Occulta
3345 4457 3512 4513 etiam

1939 4513 2110 4566 cordis
2137 4515 2252 4583 ejus
2278 4519 2557 4589 manifesta
2581 4523 2717 4591 fiunt
2760 4528 2808 4598 (Ι
2847 4530 2971 4587 Cor.
3002 4550 3112 4604 κεν,
3137 4539 3253 4611 9.5).
3289 4545 3357 4600 Et
3383 4557 3513 4607 tunc

1931 4603 2133 4660 cadens
2167 4611 2218 4662 in
2242 4609 2439 4667 faciem
2462 4615 2718 4673 adorabis
2742 4621 2938 4692 Deum,
2970 4637 3338 4700 pronuntians
3363 4648 3512 4718 quod

1932 4697 1972 4718 In
1991 4715 2056 4718 ---ν
2132 4717 2135 4718 ν
2328 4715 2338 4718 -
2371 4708 2382 4718 ⁸
2526 4711 2536 4718 ⁵
2565 4713 2575 4718 ”

1931 4697 2073 4755 Deus
2108 4717 2233 4757 vere
2261 4708 2422 4774 estin
2447 4711 2632 4768 nobis.

2008 4812 2025 4844 ι
2059 4797 2228 4852 Omne
2253 4801 2400 4862 enim
2437 4808 2576 4873 quod
2605 4811 3004 4884 manifestatur,
3033 4823 3213 4880 lumen
3237 4837 3338 4884 est.
3372 4849 3393 4882 ι
3419 4832 3511 4888 ln-

1932 4886 2064 4955 cipit
2092 4889 2268 4945 lumen
2302 4907 2422 4948 esse
2457 4913 2578 4952 cum
2611 4905 2926 4974 crediderit,
2979 4925 3033 4968 et
3093 4920 3245 4975 vobis
3298 4925 3498 4992 adjun-

1932 4984 2097 5050 gitur.

2007 5091 2025 5124 ι
2061 5074 2291 5148 Propter
2323 5087 2464 5154 quod
2493 5088 2628 5144 dicit
2655 5109 2670 5147 :
2701 5092 2873 5167 Surge
2915 5101 3006 5169 qui
3033 5103 3260 5162 dormis.
3296 5126 3316 5160 ι
3361 5109 3510 5171 Voce

1931 5166 2163 5238 alicujus
2191 5177 2479 5246 sapientis,
2505 5188 2898 5245 conscientiam
2959 5195 3227 5257 increduli
3286 5205 3503 5270 pulsare

1929 5261 2222 5332 cupientis,
2256 5273 2321 5323 de
2355 5287 2549 5330 somno
2572 5278 2893 5349 ignorantiae
2919 5289 3148 5350 excitat.

2004 5369 2022 5402 ι
2069 5353 2134 5408 Et
2186 5372 2423 5432 exsurge
2451 5380 2482 5418 a
2509 5373 2758 5426 mortuis.
2797 5391 2816 5424 ι
2844 5378 2885 5427 A
2919 5381 3162 5444 peccatis
3193 5385 3274 5439 vel
3317 5386 3498 5445 idolis.

2003 5485 2024 5520 ι
2060 5468 2126 5524 Et
2154 5471 2486 5534 illuminabit
2511 5484 2855 5544 teChrislus.
2899 5512 2918 5546 ι
2953 5494 3089 5549 Cum
3111 5496 3163 5553 ei
3182 5501 3500 5576 credideris,

1926 5559 2175 5622 elIicieris
2196 5577 2249 5622 ct
2275 5571 2391 5640 ipse
2417 5574 2529 5633 lux.

2001 5673 2022 5707 ι
2055 5656 2464 5736 Videteitaque,
2501 5671 2717 5740 fratres.
2752 5681 3026 5744 quomodo
3083 5698 3245 5743 caute
3297 5693 3501 5748 ambu-

1925 5747 2049 5804 letts
2068 5766 2083 5806 :
2103 5767 2209 5808 non
2229 5760 2382 5826 quasi
2411 5761 2752 5836 insipientes,
2771 5773 2866 5827 sed
2895 5786 2951 5829 ut
2969 5780 3300 5846 sapientes.»
3329 5783 3493 5854 Quasi

3063 5870 3138 5932 28
