3954 6194
464 358 571 422 875

457 475 552 530 lilii
605 466 883 540 Sapientia:
936 469 992 517 et
1037 452 1193 518 lucis,

458 569 548 632 tis,
577 570 631 618 et
661 531 933 628 incipiatis
966 549 1014 604 ei
1045 557 1206 601 causa
1237 536 1554 609 perditionis
1582 531 1863 589 exsistere.

531 619 950 711 iﬂedinientes
1027 653 1311 707 tempus.»
1385 631 1574 687 Vestra
1623 624 1888 700 sapientia
1961 619 2043 674 vel

458 750 672 809 cautela
684 785 696 800 .

535 862 552 894 ι
589 836 856 906 Quoniam
884 830 1002 887 dies
1035 825 1158 880 mali
1197 826 1346 880 sunt.
1391 836 1411 871 ι
1459 814 1575 870 Νοιι
1597 811 1726 876 dies
1755 805 1884 863 mali
1917 811 2045 859 sunt

463 952 561 1007 per
593 949 672 1000 se,
698 930 791 985 sed
822 941 918 997 per
947 922 1194 978 homines
1229 933 1244 970 :
1270 916 1412 969 sicut
1441 911 1594 962 locus
1619 907 1794 960 malus
1817 898 2038 963 dicitur,

460 1000 514 1080 in
549 1038 656 1093 quo
681 1014 890 1085 aliquid
926 1008 1292 1067 committitur
1318 1000 1466 1056 mali.

553 1076 582 1164 ἶ
615 1076 904 1177 Propterea
948 1101 1116 1157 nolite
1148 1094 1265 1150 ﬁeri
1288 1091 1681 1162 imprudentes,
1717 1081 1810 1138 sed
1843 1076 2044 1134 intelli-

463 1214 653 1277 gentes
687 1174 808 1269 qua
832 1199 905 1251 sit
935 1193 1196 1248 voluntas
1233 1184 1348 1239 Dei.
1388 1199 1410 1235 ι
1446 1178 1782 1236 Serutamini
1841 1174 2042 1242 legem,

465 1318 518 1353 ιιι
581 1312 686 1366 qua
725 1292 972 1348 voluntas
997 1282 1333 1356 agnoscitur.

499 1383 502 1388 ’
547 1408 566 1441 ι
613 1389 676 1441 Et
706 1386 872 1440 nolite
899 1376 1160 1435 inebriari
1213 1373 1358 1436 vino,
1397 1369 1448 1423 in
1501 1379 1606 1436 quo
1661 1369 1744 1417 est
1784 1357 2042 1413 luxuria:

470 1482 565 1537 sed
621 1474 958 1547 impleamini
1013 1468 1221 1538 Spiritu
1261 1470 1471 1518 sancto.
1511 1477 1529 1508 ι
1575 1457 1816 1525 Exponit
1871 1447 2047 1504 conti-

469 1571 670 1629 nentia:
710 1569 1026 1622 utilitatem.
1089 1560 1224 1626 Quia
1263 1553 1491 1609 luxurize
1531 1547 1812 1602 materiam
1879 1537 2048 1609 expe-

473 1681 586 1720 tere
622 1678 732 1718 non
785 1655 1048 1713 convenit
1098 1647 1400 1712 cruciﬁxis,
1433 1644 1527 1700 sed
1589 1639 1794 1712 Spiritu
1858 1640 2048 1690 sancto

475 1757 696 1827 repleri.

1425 338 1484 400 S.
1527 329 1962 396 IllERONY-MI
2007 322 2332 385 OPEliUM
2386 316 2790 379 MANTISSA.

1234 461 1304 504 ne
1335 445 1496 501 alicui
1529 438 1916 499 oll'endiculum
1943 437 2036 490 de-
2068 437 2114 499 Α
2147 446 2200 485 ιιι
2243 430 2466 498 antiqua
2521 426 2751 482 crimina
2807 420 3095 478 ablueret:
3136 426 3194 473 et
3261 429 3415 473 novas
3453 419 3650 474 maculas

3559 311 3646 374 876

2145 523 2418 592 quomodo
2509 515 2859 578 incurrimus,
2913 520 2971 568 et
3033 507 3200 565 verbo
3275 509 3551 564 omenderet
3613 523 3658 565 et

2143 615 2417 683 exeruplo.

2222 725 2240 758 ι
2279 703 2384 760 Sed
2415 714 2472 758 ut
2497 703 2582 764 .sit
2618 708 2806 757 sancta
2834 707 2890 752 et
2922 692 3294 752 immaculata.
3329 707 3346 742 ι
3375 687 3428 744 Si
3452 692 3661 748 omnibus

2146 796 2496 852 immaculata
2543 801 2654 861 est,
2702 789 2958 846 maculati
3013 787 3081 842 ab
3107 801 3169 840 ea
3217 782 3376 837 alieni
3416 797 3526 838 esse
3561 798 3664 838 cen-

2145 896 2354 952 sentur,
2409 885 2512 946 nisi
2552 897 2766 939 rursum
2826 895 2921 949 [ter
2954 875 3337 948 pmnitentiam
3390 871 3664 928 luerintex-

2148 980 2382 1050 purgati.

2223 1091 2241 1124 ι
2285 1072 2368 1126 ita
2393 1079 2446 1125 et
2475 1067 2576 1122 viri
2611 1067 2809 1121 debent
2835 1063 3062 1134 diligere
3092 1072 3290 1113 uxores
3318 1057 3434 1112 suas
3462 1063 3516 1110 ut
3559 1072 3667 1112 cor-

2147 1175 2283 1232 pora
2325 1174 2442 1213 sua.
2479 1175 2500 1210 ι
2536 1157 2671 1212 Item
2709 1153 2900 1226 quales
2957 1165 3156 1206 uxores
3187 1146 3414 1216 cupiunt
3443 1146 3668 1211 invenire,

2151 1254 2285 1307 tales
2321 1248 2614 1304 exhibeant
2647 1262 2706 1301 se
2746 1244 3029 1298 uxoribus.

2227 1363 2244 1395 ι
2284 1343 2387 1410 Qui
2444 1355 2594 1396 suam
2631 1352 2858 1392 uxorem
2921 1333 3118 1403 diligit,
3155 1331 3392 1402 seipsum
3450 1328 3618 1399 diligit.
3651 1348 3666 1382 ι

2149 1435 2287 1504 Quia
2317 1437 2422 1488 duo
2449 1442 2578 1487 sunt
2613 1428 2666 1484 in
2691 1444 2857 1485 carne
2882 1441 2985 1481 una
3010 1424 3164 1496 (Gen.
3199 1439 3262 1488 ll,
3290 1421 3401 1493 Si).

2227 1547 2244 1579 ι
2287 1526 2456 1582 Nemo
2496 1524 2643 1578 enim
2700 1536 2942 1590 unquam
2973 1531 3198 1572 carnem
3259 1531 3412 1568 suam
3447 1514 3557 1569 odio
3602 1513 3677 1567 ha-

2151 1621 2292 1686 buit,
2339 1618 2433 1674 sed
2468 1615 2637 1670 nutrit
2661 1622 2715 1669 et
2745 1615 2889 1667 fovet
2925 1605 3069 1664 eam.
3105 1627 3123 1660 ι
3174 1606 3292 1661 Non
3322 1617 3374 1660 ut
3401 1605 3447 1660 ei
3502 1606 3676 1658 labores

2152 1721 2208 1767 et
2234 1709 2449 1765 dolores
2502 1703 2730 1774 inﬂigat,
2763 1703 2858 1758 sed
2893 1715 2948 1755 ut
2983 1713 3238 1756 securam
3267 1697 3428 1752 faciat
3466 1706 3514 1750 et
3553 1695 3676 1763 quic-

550 1787 696 1811 .uun.

550 1817 566 1900 ι
605 1847 914 1914 Loquentes
947 1829 1353 1900 vobismetipsis
1378 1827 1430 1880 in
1459 1822 1706 1896 psalmis,
1727 1830 1780 1875 et
1804 1817 2043 1890 hymnis,
2081 1817 2122 1873 Β
2153 1813 2286 1858 tam.
2335 1799 2450 1854 Non
2507 1797 2743 1868 nuptias-
2779 1796 3023 1860 damnat,
3074 1791 3174 1848 sed
3237 1792 3307 1844 ad
3336 1787 3674 1844 continentiam

475 1954 524 1995 et
563 1937 794 1993 canticis
833 1927 1234 2001 spiritualtbus.
1269 1940 1288 1974 ι
1324 1919 1440 1974 Νοιι
1478 1922 1531 1971 in
1584 1915 1801 1968 aetihus
1839 1904 2048 1970 szeciili,

477 2039 618 2091 sicut
679 2031 756 2084 ait
809 2025 1085 2092 PrOphcta
1123 2034 1138 2074 ;
1178 2015 1242 2069 Ut
1311 2029 1411 2068 non
1466 2013 1719 2080 loquatur
1767 2020 1824 2059 os
1881 2016 2053 2056 meum

477 2142 633 2194 opera
663 2119 934 2174 hominum
965 2112 1137 2183 (Psal.
1177 2119 1288 2173 XVI,
1326 2106 1404 2175 Δ).
1637 2159 1641 2163 ,

559 2238 577 2270 ι
611 2217 908 2272 Cantantes
933 2219 989 2264 ct
1023 2205 1320 2277 psitllentes
1348 2202 1401 2254 in
1457 2194 1718 2251 cordibus
1774 2189 1994 2248 vestris.
2034 2169 2070 2239 ι¹

478 2313 556 2370 Nc
579 2328 672 2366 ore
704 2317 913 2364 tantum
949 2302 1113 2356 verba
1149 2296 1242 2352 Dei
1287 2305 1632 2360 resonemus.

556 2423 574 2456 ι
617 2400 844 2456 Domino
889 2394 1095 2464 gratias
1123 2394 1348 2456 agentes
1405 2370 1623 2451 semper
1663 2392 1763 2448 pro
1806 2373 2064 2430 omnibus

482 2499 534 2550 in
568 2496 784 2548 nomine
818 2485 1030 2542 Domini
1061 2480 1232 2537 n0stri
1267 2477 1393 2532 Jesu
1409 2473 1636 2530 Christi.
1666 2490 1683 2522 ι
1727 2469 1854 2524 Sive
1883 2466 2061 2529 bonis,

485 2590 598 2643 sive
630 2584 807 2643 tnalis,
839 2579 979 2634 sicut
1010 2576 1085 2630 ait
1111 2571 1212 2628 Job
1263 2585 1277 2624 :
1321 2567 1404 2623 Sit
1437 2581 1621 2620 nomen
1645 2561 1861 2617 Domini
1914 2559 2068 2614 bene-

485 2681 682 2732 dictum
711 2671 833 2744 (Job
862 2686 899 2733 t,
927 2668 1044 2734 2i).

565 2786 586 2822 ι
630 2767 739 2820 Deo
786 2773 840 2818 et
903 2761 1078 2814 Patri.
1137 2754 1381 2824 Subjecti
1457 2751 1691 2806 invicem
1755 2748 1808 2801 in
1879 2745 2072 2800 timore

489 2861 714 2921 Christi.
747 2878 766 2916 ι
799 2855 919 2911 Non
944 2857 1179 2909 humano
1211 2852 1429 2911 timore,
1465 2843 1550 2898 vel
1585 2840 1828 2896 avaritia:
1854 2839 2066 2893 studio:

492 2959 638 3016 sicut
693 2952 918 3025 quidam
956 2947 1072 3004 suis
1102 2943 1354 3016 patronis
1382 2935 1593 2993 adulari
1639 2938 2067 2990 consueverunt.

571 3065 590 3098 ι
630 3023 885 3098 Mulieres
948 3037 1082 3092 viris
1132 3035 1247 3090 suis
1293 3031 1526 3087 subditae
1562 3027 1698 3081 sint.
1749 3043 1768 3077 ι
1800 3023 1924 3079 Νοιι
1980 3036 2075 3076 eos

497 3139 638 3196 sicut
690 3130 1002 3190 Corinthios
1054 3127 1192 3181 lacte
1240 3122 1438 3186 alebat,
1496 3117 1593 3172 sed
1656 3114 1900 3186 perfecto
1941 3111 2073 3166 scibo

499 3227 851 3286 continentiae
883 3220 1184 3276 nutriebat.
1217 3215 1399 3269 Timet
1416 3211 1562 3267 cnim
1617 3225 1683 3263 ne
1714 3216 1966 3262 cesSante
2017 3204 2072 3258 in

501 3323 774 3394 plerisque
807 3315 991 3370 carnis
1049 3310 1246 3374 otlieio,
1301 3316 1395 3361 aut
1429 3303 1750 3359 mulieribus
1783 3297 2073 3368 subjectio,

499 3429 595 3473 aut
622 3419 675 3468 in
701 3413 834 3465 viris
858 3415 1105 3463 cessaret
1131 3399 1417 3456 charitatis
1445 3395 1672 3450 au‘ectns
1694 3379 1724 3450 ἐ
1756 3402 1811 3447 ει
1845 3407 1911 3444 ιιε
1941 3400 2068 3444 tan-

499 3524 661 3582 quam
689 3501 986 3559 divortium
1015 3493 1268 3552 docuisse
1299 3491 1642 3546 crederetur.
1681 3486 1948 3540 Cteterum
1975 3481 2081 3536 tale

504 3580 607 3657 est.
625 3611 677 3652 ut
696 3609 849 3650 nova:
876 3594 998 3645 vitae
1025 3587 1372 3658 praedicator,
1397 3581 1540 3635 nulla
1559 3580 1860 3634 exsisteute
1891 3588 2080 3640 causa,

502 3695 606 3748 hac
644 3691 886 3749 doceret,
941 3680 1082 3751 quod
1137 3677 1460 3731 naturaliter
1494 3671 1868 3742 possidebant.

581 3805 596 3832 ι
640 3785 794 3837 Sicut
845 3775 1096 3830 Domino.
1128 3789 1147 3824 ι
1185 3769 1464 3837 Quomodo
1530 3765 1665 3818 Sara
1715 3762 1929 3816 subdita
1964 3766 2084 3814 erat

507 3875 762 3935 Abrahae,
795 3869 1072 3926 dominum
1103 3877 1227 3916 eum
1252 3872 1450 3914 vocans
1475 3853 1526 3924 (1
1566 3851 1712 3907 Patr.
1747 3867 1831 3916 ιιι,
1859 3851 1937 3918 6).

586 3989 604 4021 ι
640 3963 907 4033 Quoniam
941 3959 1021 4012 vir
1052 3963 1215 4023 caput
1245 3962 1327 4006 est
1360 3946 1628 4011 mulieris,
1659 3950 1800 3998 sicut
1827 3941 2084 3996 Christus

505 4073 669 4131 caput
700 4068 784 4112 est
833 4052 1104 4115 Ecclesiae,
1177 4046 1293 4114 ipse
1335 4041 1586 4096 Salvator
1635 4036 1884 4105 corporis
1941 4031 2080 4100 ejus.

509 4122 616 4207 Sed
656 4151 799 4203 sicut
859 4140 1099 4196 Ecclesia
1153 4133 1400 4200 subjecta
1464 4139 1546 4183 est
1605 4125 1847 4186 Christo,
1901 4122 1974 4172 ita
2033 4126 2085 4171 et

511 4243 767 4300 mulieres
825 4234 957 4290 viris
1011 4231 1125 4286 suis
1177 4228 1233 4281 lu
1263 4223 1537 4279 omnibus.
1577 4237 1596 4271 ι
1637 4217 1835 4272 Reddit
1881 4213 2086 4283 justam

511 4348 732 4392 causam
763 4323 1114 4398 subjectionis
1140 4339 1156 4376 :
1180 4317 1310 4388 quia
1333 4323 1387 4369 et
1409 4313 1556 4383 prior
1573 4319 1657 4366 est
1682 4308 1786 4373 vir,
1807 4316 1861 4362 et
1880 4303 2086 4360 utrius-

514 4443 618 4499 que
645 4421 886 4492 corporis
913 4417 1074 4472 debet
1108 4427 1229 4468 esse
1260 4407 1530 4464 Salvator.

590 4539 609 4573 ι
633 4491 781 4581 .Viri,
813 4510 1022 4580 diligite
1049 4521 1246 4562 uxores
1277 4510 1506 4580 vestras,
1549 4496 1693 4552 sicut
1724 4503 1779 4549 et
1833 4491 2086 4547 Christus
2115 4491 2168 4553 D

515 4609 706 4668 dilexit
740 4602 1060 4660 Ecclesiam.
1096 4617 1114 4648 ι
1159 4594 1292 4649 Tam
1331 4603 1519 4647 sancta
1544 4597 1598 4642 ct
1634 4585 1932 4640 venerabili
1963 4583 2091 4636 cha-

518 4705 705 4758 ritate.

593 4813 613 4845 ι
656 4793 725 4848 Ει
751 4790 989 4858 seipsum
1043 4779 1265 4838 tradidit
1299 4791 1395 4847 pro
1445 4790 1530 4829 ea.
1572 4792 1591 4823 ι
1635 4769 1708 4823 Ita
1742 4779 1797 4824 et
1843 4782 1938 4822 vos
1997 4779 2096 4836 pro

519 4886 802 4943 sanctitate
829 4892 1057 4934 uxorum
1101 4888 1197 4929 nec
1229 4871 1364 4926 tnori
1384 4905 1402 4935 ,
1433 4868 1478 4924 si
1509 4877 1736 4920 necesse
1794 4861 1976 4925 fuerit.
2008 4873 2095 4913 re-

521 4991 747 5036 ευδειιε.

599 5087 618 5120 ι
656 5065 724 5122 Ut
756 5065 902 5119 illam
962 5056 1357 5115 sanctilicaret,
1397 5046 1664 5102 inundans
1713 5055 1834 5096 eam
1883 5039 2099 5092 lavacro

521 5177 676 5233 aqua:
700 5161 750 5213 in
789 5158 957 5211 verbo
982 5153 1127 5206 vine.
1173 5166 1190 5199 ι
1228 5146 1380 5213 Aqua
1414 5129 1803 5204 lavit‘corpus,
1857 5131 2098 5184 attimam

523 5221 771 5313 doctrina
803 5244 1102 5308 mundavit,
1133 5241 1273 5294 sicut
1327 5237 1400 5288 ait
1441 5231 1508 5285 ad
1543 5225 1798 5281 Hebraeos
1837 5239 1852 5279 :
1889 5221 2098 5291 Aspersi

525 5349 687 5404 corda
737 5363 766 5398 α
815 5335 1133 5396 conscientia
1185 5331 1350 5391 mala,
1399 5337 1446 5379 et
1500 5321 1670 5376 abluti
1722 5333 1912 5385 corpus
1961 5327 2101 5383 aqua

524 5439 722 5497 munda
746 5431 931 5504 (Hebr.
969 5445 1020 5495 x,
1049 5427 1183 5495 ‘22);
1222 5426 1293 5476 ita
1339 5429 1393 5473 et
1422 5431 1518 5471 vos
1571 5425 1797 5478 corpora
1848 5419 2100 5468 uxorum,

525 5528 878 5588 conscientia)
903 5523 1137 5584 animas,
1171 5513 1427 5569 inundate
1459 5504 1748 5561 doctrinis.

603 5643 623 5676 ι
661 5620 730 5676 Ut
756 5617 1039 5672 exhiberet
1095 5611 1213 5679 ipse
1278 5604 1384 5658 sibi
1440 5597 1733 5668 gloriosam
1774 5589 2099 5650 Ecclesium,

529 5731 636 5766 non
687 5711 982 5764 habentem
1049 5700 1316 5756 maculam
1380 5703 1471 5747 aut
1525 5702 1735 5758 rugam,
1771 5693 1866 5738 aut
1899 5679 2100 5748 aliquid

531 5799 868 5868 huiusmodi.
905 5815 926 5850 ι
964 5798 1036 5849 ita
1066 5793 1169 5848 sibi
1189 5782 1738 5846 Christustnundavit
1772 5774 2099 5834 Ecclesium,

2157 1895 2499 1951 cohortatur.

2233 2006 2253 2040 ι
2290 1985 2441 2040 Sicut
2491 1993 2546 2039 et
2605 1981 2864 2038 Christus
2924 1975 3228 2035 Ecclesiam
3265 1990 3281 2029 :
3314 1972 3436 2044 quia
3486 1968 3682 2026 membra

2161 2095 2349 2136 sumus
2412 2077 2658 2147 corporis
2704 2076 2845 2145 ejus.
2884 2092 2904 2126 ι
2942 2071 3184 2127 Membra
3224 2070 3344 2137 ejus
3372 2082 3487 2120 eum
3521 2063 3685 2119 debent

2163 2173 2216 2228 in
2253 2170 2506 2228 omnibus
2534 2166 2758 2222 imitari.

2239 2283 2258 2316 ι
2301 2261 2375 2317 De
2405 2275 2570 2316 carne
2611 2259 2729 2329 ejus
2758 2264 2814 2312 et
2844 2255 2911 2309 de
2957 2253 3176 2310 ossibus
3207 2253 3345 2322 ejus.
3377 2249 3582 2320 Propter
3605 2249 3686 2302 hoc

2165 2357 2438 2426 relinquet
2486 2353 2650 2406 homo
2691 2357 2903 2420 patrem
2943 2356 2997 2401 et
3024 2356 3259 2401 matrem
3301 2359 3468 2399 suam.
3503 2359 3521 2394 ι
3551 2343 3683 2393 Aruo-

2168 2465 2248 2516 rc,
2283 2449 2457 2504 sinon
2489 2445 2654 2498 bono.

2245 2560 2262 2592 ι
2303 2539 2366 2594 Et
2395 2535 2691 2592 adhaerebit
2717 2523 2879 2588 uxori
2905 2545 3040 2596 sum,
3082 2538 3137 2584 et
3162 2538 3330 2584 erunt
3356 2526 3455 2582 duo
3490 2523 3535 2577 in
3561 2535 3692 2578 carne

2171 2648 2298 2687 una.
2333 2649 2352 2683 ι
2386 2627 2632 2697 Objectio
2660 2641 2724 2680 ex
2757 2638 2990 2695 persona
3052 2620 3382 2684 carnalium,
3444 2615 3694 2672 volentium

2171 2737 2231 2777 se
2270 2735 2453 2774 amare
2483 2716 2799 2781 carnaliter,
2835 2725 2896 2766 ut
2925 2710 3261 2782 quibusdam
3305 2708 3523 2763 videtur.

2249 2833 2266 2863 ι
2301 2812 2715 2867 Sacratncntum
2775 2806 2876 2860 hoc.
2939 2817 3196 2873 magnum
3251 2811 3358 2855 est.
3404 2797 3507 2867 Ego
3553 2801 3697 2848 autem

2176 2906 2300 2960 dico
2335 2905 2391 2958 itt
2425 2902 2646 2957 Christo
2696 2908 2754 2953 et
2787 2897 2842 2952 in
2865 2896 3130 2951 Ecclesia.
3169 2911 3188 2946 ι
3239 2893 3351 2962 Ego
3382 2891 3498 2953 hoc,
3543 2885 3700 2954 inquit,

2178 3000 2230 3052 in
2259 2999 2475 3053 Christo
2499 2993 2907 3063 intelligendum
2934 2989 3082 3054 dico,
3113 2998 3169 3041 et
3204 2987 3261 3039 in
3300 2983 3566 3038 Ecclesia:
3593 2976 3704 3031 unde

2177 3107 2278 3147 vos
2315 3091 2521 3162 majore
2558 3085 2759 3141 aﬂectu
2790 3081 3004 3152 debetis
3046 3093 3248 3134 uxores
3279 3086 3488 3132 vestras
3529 3079 3706 3126 sanctas

2102 3153 2143 3208 ε
2179 3185 2406 3253 diligere
2439 3177 2774 3250 spirituales,
2806 3177 2898 3244 qui
2937 3182 3066 3236 ante
3097 3170 3372 3225 dilexistis
3401 3166 3705 3238 peccatrires.

2179 3277 2314 3334 etin
2351 3273 2650 3343 gentilitate
2685 3267 2956 3324 carnales.

2259 3388 2277 3420 ι
2319 3366 2710 3420 Verumtamen
2765 3370 2821 3416 et
2851 3373 2948 3413 vos
2977 3355 3179 3427 singuli
3219 3349 3582 3422 unusquisque
3611 3359 3711 3398 uxo-

2183 3478 2294 3518 rem
2327 3473 2480 3515 suam
2543 3457 2686 3512 sicut
2731 3452 2968 3520 seipsum
2999 3449 3188 3518 diligat
3225 3458 3408 3500 :uxor
3458 3452 3619 3494 autem
3662 3437 3713 3488 ti-

2185 3565 2326 3610 meat
2355 3555 2527 3606 virum
2575 3564 2756 3603 suum.
2789 3565 2806 3597 ι
2839 3537 3098 3614 διιιιῇεείε
3126 3539 3199 3594 sit
3233 3539 3283 3594 ei
3312 3549 3559 3605 tanquani
3592 3527 3709 3582 inlit-

2186 3649 2345 3713 mior,
2402 3655 2457 3698 ιιι
2493 3640 2768 3711 regnetur.

2769 3799 2946 3856 CAPU
2958 3797 3000 3852 Τ
3037 3797 3069 3852 V
3083 3795 3124 3852 ι.

2263 3943 2279 3974 ι
2321 3923 2472 3985 Filii,
2502 3917 2716 3974 obcdite
2754 3912 3070 3987 parentibus
3119 3913 3320 3966 vestris
3355 3910 3407 3963 in
3461 3903 3710 3959 Domino.»

2189 4019 2346 4073 Parat
2376 4015 2493 4068 illos
2526 4010 2846 4078 diseiplinm,
2882 4021 2987 4075 qua
3024 4003 3146 4057 illos
3207 4018 3238 4056 a
3303 3997 3612 4072 parentibus
3656 4007 3719 4047 sc-

2189 4109 2422 4164 cundnm
2479 4106 2648 4159 Deum
2705 4097 2962 4170 praecepit
2989 4093 3220 4151 erudiri.

2262 4221 2281 4253 ι
2316 4199 2428 4255 Ιιοε
2453 4198 2598 4254 ειιὶιιι
2628 4195 2837 4262 justum
2899 4201 3003 4246 est.
3049 4208 3068 4241 ι
3115 4187 3186 4243 Ut
3227 4198 3476 4243 mutuam
3531 4183 3716 4239 invicem

2189 4293 2534 4349 dileCtionem
2565 4286 2892 4343 exhibeatis.

2265 4405 2284 4438 ι
2331 4385 2541 4440 Honora
2571 4391 2780 4452 patrem
2807 4389 2961 4432 tuum
2986 4386 3041 4430 et
3069 4384 3304 4428 matrem
3343 4381 3515 4426 tuam.
3550 4386 3566 4419 ι
3593 4361 3720 4420 lubet

2196 4484 2463 4540 honorare
2512 4485 2789 4549 parentes,
2859 4474 2955 4528 sed
3009 4469 3198 4525 bonos.
3261 4465 3532 4522 Cancrum
3581 4467 3726 4513 cutura

2201 4575 2366 4632 Deum
2446 4572 2692 4626 viventes
2771 4566 2894 4635 ipse
2959 4563 3123 4617 etiam
3196 4555 3422 4630 Moyses
3496 4545 3724 4626 prohibuit

2201 4668 2448 4741 agnosci.

2276 4781 2294 4813 t
2339 4759 2490 4826 Quod
2548 4766 2632 4812 est
2694 4755 3008 4809 mandatum
3061 4745 3330 4818 primum.
3374 4762 3392 4795 ι
3427 4741 3481 4794 Ιιι
3535 4730 3725 4793 secunda

2202 4855 2382 4908 tabula
2442 4850 2696 4920 primum,
2733 4863 2854 4916 qua:
2912 4841 2981 4898 ad
3011 4838 3422 4897 humanitatem
3463 4822 3730 4903 pertinentia

2205 4951 2468 5016 praecepta
2503 4955 2598 4994 sex
2635 4953 2862 4993 numero
2892 4931 3230 4991 continebat.
3293 4928 3478 4984 Prima
3507 4924 3632 4978 enim
3672 4920 3731 4964 t1-

2203 5037 2328 5092 bula
2363 5033 2580 5105 proprie
2629 5029 2805 5085 oiiicia
2835 5025 3107 5096 exigebat.

2282 5146 2300 5179 ι
2333 5128 2386 5180 ltt
2422 5101 2808 5194 promissione,
2847 5129 2906 5173 ut
2947 5119 3089 5173 bene
3141 5115 3214 5170 sit
3241 5113 3365 5176 tibi,
3405 5117 3458 5166 et
3480 5107 3552 5164 sis
3577 5101 3731 5168 long!—

2207 5236 2305 5275 vns
2340 5227 2759 5290 superterram.
2796 5231 2814 5266 ι
2840 5209 2955 5266 Non
2991 5212 3045 5263 in
3075 5209 3172 5262 hac
3205 5217 3386 5269 terra,
3413 5203 3468 5256 in
3503 5210 3592 5268 qua
3617 5185 3730 5253 intl’ii

2210 5323 2619 5378 nonnunquam,
2648 5318 2700 5360 et
2732 5306 2784 5358 iu
2838 5311 3091 5373 parentes
3135 5297 3366 5353 scelesti
3397 5334 3413 5358 ,
3452 5287 3729 5345 senescunt:

2207 5405 2301 5460 sed
2338 5418 2499 5470 super
2524 5410 2723 5453 terrain
2759 5397 2902 5450 illam
2925 5410 3087 5464 quam
3120 5389 3395 5442 Dominus
3421 5384 3622 5439 mitibus
3645 5381 3734 5436 πετο-

2208 5497 2394 5558 mittit,
2425 5495 2477 5544 in
2514 5507 2618 5560 qua
2651 5488 2786 5559 justi
2837 5458 3177 5543 habitabunt,
3205 5489 3265 5534 et
3297 5478 3459 5549 cujus
3505 5472 3630 5526 bona
3673 5458 3732 5510 ’ξ’

2209 5601 2372 5642 suros
2395 5599 2520 5638 esse
2549 5597 2607 5636 se
2633 5584 2885 5633 eredunt.

2287 5698 2305 5729 ι
2350 5679 2413 5730 Et
2451 5689 2569 5738 vos,
2603 5685 2805 5743 patres,
2828 5673 2998 5724 nolite
3024 5668 3088 5721 ad
3122 5663 3472 5720 iracundiam
3497 5653 3731 5726 pt‘m’tit‘i‘re

2211 5772 2349 5824 (ilius
2401 5774 2634 5830 vestros,
2691 5763 2785 5817 sed
2840 5763 3068 5816 educat:
3115 5758 3244 5812 illos
3309 5755 3367 5809 in
3421 5745 3668 5813 disciplina
3699 5743 3737 5784 rt
