3954 6194
265 355 333 414 77
1319 351 1852 432 EXPOSZTIOIN
1893 351 2131 414 EPIST.
2161 352 2262 411 AD
2302 350 2578 412 EPHES.

3355 349 3467 418 8'78

229 465 581 535 correptione
643 464 877 521 Domini.
924 483 942 518 ι
983 463 1113 522 Sive
1166 467 1219 521 in
1273 465 1648 521 moderatione
1675 506 1690 531 ,
1745 475 1804 521 et
1829 436 2086 530 (hostes
2118 462 2422 534 spiritualia
2461 477 2614 519 arma
2661 460 2924 518 sumenda
2955 468 3104 526 sunt,
3143 469 3256 516 uta
3307 463 3469 517 dissi'

227 573 333 614 non
363 559 812 613 irrationabiliter
871 559 1212 613 verberando
1247 577 1262 614 :
1294 560 1410 614 sive
1463 573 1530 612 ne
1570 573 1666 614 eos
1722 561 1812 614 ad-

227 650 509 706 stccularia
533 649 709 704 studia
753 657 1129 716 provocantes,
1187 650 1518 704 iracundiam
1584 650 1798 704 discere

227 743 442 796 faciatis
475 759 490 797 :
521 744 617 796 sed
645 741 840 796 divinae
874 742 1009 810 legis
1037 755 1134 796 eos
1167 743 1442 796 instituite
1467 740 1793 810 disciplinis.

226 832 450 886 Talibus
479 847 610 902 ergo
645 832 962 900 parentibus
1012 832 1268 901 praecepit
1300 831 1544 886 obedire.

303 942 322 973 ‹
365 923 543 986 Servi,
569 922 786 976 obedite
801 922 1039 976 dominis
1073 922 1406 976 carnalibus.
1445 940 1465 972 ι
1509 920 1626 976 Non
1653 921 1796 976 enim

224 1016 371 1068 venit
399 1015 653 1069 Christus
687 1013 1035 1068 conditiones
1066 1025 1294 1068 mutare.
1329 1012 1465 1068 Nam
1508 1015 1796 1070 servitium

226 1121 336 1160 non
373 1115 562 1158 natura
597 1105 763 1172 dedit,
822 1106 920 1160 sed
967 1105 1256 1175 captivitas
1291 1105 1418 1161 fecit
1451 1120 1468 1162 :
1505 1121 1680 1176 neque
1730 1122 1797 1160 ex

225 1199 514 1254 maledicto
547 1198 717 1252 Cham
749 1198 904 1268 (Gen.
956 1214 1032 1262 rx,
1071 1200 1188 1271 25),
1227 1211 1282 1254 ut
1313 1202 1532 1268 quidam
1581 1210 1795 1269 putant,

224 1306 350 1346 cum
384 1307 452 1345 ex
484 1305 548 1344 eo
585 1306 738 1360 reges
761 1291 1007 1358 legamus
1041 1306 1168 1347 esse
1213 1303 1521 1362 generatos.
1577 1291 1801 1346 Maledi-

226 1394 374 1437 ctum
412 1382 540 1436 illud
566 1382 618 1435 in
651 1381 778 1437 filiis
803 1381 974 1436 Cham
1019 1384 1301 1450 impletum
1336 1393 1440 1447 est,
1486 1383 1578 1452 qui
1636 1383 1803 1438 Israel

225 1484 359 1529 sunt
383 1474 678 1544 subjugati.
737 1475 992 1530 Providet
1027 1491 1160 1530 sane
1221 1476 1309 1530 hic
1366 1476 1804 1546 Apostolus,~ne

226 1568 473 1620 doctrina
497 1567 592 1620 Dei
621 1568 674 1621 in
711 1569 896 1637 aliquo
960 1569 1389 1638 blasphemetur,
1426 1569 1472 1624 si
1513 1572 1803 1625 credentes

225 1657 374 1711 servi
411 1657 526 1711 suis
552 1658 792 1712 dominis
818 1659 1042 1713 inutiles
1081 1661 1235 1713 flant.
1271 1660 1339 1714 Et
1367 1662 1462 1730 qui
1513 1660 1655 1714 forte
1678 1676 1802 1730 per-

228 1747 503 1802 missurus
555 1756 695 1811 erat.
739 1751 877 1805 alios
936 1765 1127 1806 servos
1162 1751 1277 1805 fieri
1336 1751 1698 1813 Christianos,
1733 1752 1800 1806 de

1901 557 2202 613 militudine
2229 566 2440 612 naturae
2463 557 2662 613 diaboli
2689 569 2967 612 armorum
2999 554 3319 610 fortitudine
3339 572 3470 625 pro.

1901 657 2131 718 tegatur.

1976 758 1994 791 ι
2034 739 2300 805 Quoniam
2340 757 2448 796 non
2503 751 2587 796 est
2631 741 2791 796 nobis
2851 739 3162 794 colluctatio
3205 743 3473 795 adversus

1900 847 2120 886 carnem
2171 842 2224 886 et
2267 833 2616 902 sanguinem.
2657 853 2676 885 ι
2736 833 2879 888 Caro
2919 845 2975 889 et
3033 833 3256 904 sanguis
3310 832 3476 886 homo

1901 921 2126 974 dicitur.

1979 1031 1996 1064 ι
2031 1012 2137 1066 Sed
2195 1015 2464 1068 adversus
2516 1014 2792 1084 principes
2819 1024 2875 1069 et
2921 1023 3239 1086 potestates.
3277 1034 3295 1066 ι
3370 1013 3473 1080 Qui

1900 1105 2002 1159 sibi
2038 1105 2404 1175 principatum
2441 1109 2492 1160 in
2529 1107 2685 1174 hujus
2722 1107 2906 1160 mundi
2949 1107 3197 1162 homines
3241 1122 3474 1177 usurpa-

1903 1203 2050 1259 runt,
2107 1205 2163 1250 et
2219 1198 2310 1266 qui
2361 1197 2680 1268 ignorantes
2716 1197 2929 1250 animas
2959 1211 3057 1266 per
3111 1208 3331 1265 peccata
3384 1212 3471 1250 se-

1901 1285 2133 1341 ducunt.

1977 1395 1998 1429 ι
2031 1379 2304 1434 Adversus
2333 1381 2518 1435 mundi
2547 1389 2792 1436 rectores
2824 1381 3176 1436 tenebrarum
3203 1383 3416 1438 harum.
3445 1399 3463 1432 ι

1899 1466 2100 1523 Contra
2135 1470 2441 1525 daemonum
2485 1479 2837 1541 potestatem,
2875 1473 2966 1540 qui
3003 1473 3109 1527 sibi
3135 1472 3187 1525 in
3219 1472 3472 1526 homines

1902 1559 2095 1612 mundi
2169 1559 2337 1630 hujus
2404 1570 2726 1630 potestatem
2800 1561 3101 1630 capientes,
3150 1561 3470 1628 ignorantia:

1902 1649 2183 1704 erroribus
2242 1659 2578 1720 praesumunt
2613 1668 2629 1704 :
2657 1653 2751 1722 qui
2783 1653 3029 1706 tenebris
3058 1664 3467 1720 comparantur,

1904 1739 2048 1795 sicut
2094 1742 2209 1810 ipse
2258 1745 2379 1796 ait:
2417 1743 2622 1797 Fuisti:
2674 1745 2815 1798 enim
2871 1743 3161 1814 aliquando
3214 1742 3467 1806 teucbrw,

227 1840 366 1907 ipsis
390 1839 500 1908 jam
534 1837 695 1894 factis
740 1839 964 1910 incipiat
995 1841 1287 1910 paenitere.
1332 1839 1388 1895 Si
1438 1856 1570 1896 vero
1602 1841 1800 1896 viderit
1831 1845 1871 1901 Β
1898 1847 2035 1886 nunc
2061 1842 2235 1886 autem
2259 1833 2350 1888 ιιιέι
2371 1835 2427 1888 in
2461 1835 2686 1889 Domino
2722 1833 2960 1906 (EpheS-
2995 1851 3051 1900 ν.
3084 1835 3160 1902 8)-

226 1945 326 1982 eos
351 1931 401 1982 in
435 1930 631 1984 melius
665 1929 983 1999 profeciSse,
1011 1941 1069 1987 et
1113 1947 1181 1985 ex
1241 1931 1553 1986 infidelibus
1614 1932 1799 1987 ﬁdeles

226 2018 472 2082 effectos,
499 2035 608 2073 non
640 2020 813 2073 solum
847 2021 985 2074 alios
1017 2022 1224 2090 optabit
1281 2022 1506 2076 credere
1564 2019 1798 2076 famulos

226 2127 382 2176 suos,
442 2113 536 2166 sed
567 2113 733 2166 etiam
770 2113 886 2182 ipse
915 2111 1156 2178 fortasse
1179 2111 1505 2167 salvabitur.

309 2221 327 2254 ι
364 2201 495 2257 Cum
527 2204 719 2258 timore
749 2214 804 2258 et
836 2217 1095 2270 tremore,
1125 2205 1178 2258 in
1212 2204 1562 2274 simplicitate
1617 2203 1800 2260 cordis

226 2295 418 2349 vestri.
455 2313 474 2347 ι
509 2294 643 2350 Cum
666 2297 814 2352 ontni
845 2297 1159 2354 obedientia
1205 2307 1256 2352 et
1293 2297 1642 2356 festinatione
1695 2299 1797 2352 hn-

227 2388 500 2455 militatis,
531 2390 700 2458 priori
724 2392 974 2460 superbia
1005 2401 1058 2446 et
1090 2390 1438 2446 simulatione
1461 2392 1727 2460 deposita.

309 2496 330 2527 ο
367 2479 516 2535 Sicut
551 2481 786 2535 Christo.
824 2499 844 2532 ι
881 2479 996 2534 lloc
1048 2481 1101 2535 in
1141 2481 1362 2535 Christo
1410 2481 1489 2547 fit,
1541 2480 1800 2549 quidquid

226 2569 350 2640 ejus
374 2570 825 2640 contemplatiOne
859 2570 1170 2625 horninibus
1203 2573 1511 2626 exhibetur.

308 2681 328 2715 ι
357 2663 474 2717 Non
509 2665 576 2716 ad
631 2663 850 2718 oculum
891 2665 1212 2730 servientes,
1263 2663 1424 2732 quasi
1487 2663 1800 2719 hominibus

226 2755 526 2823 placentes.
559 2773 578 2807 ι
613 2755 731 2809 Non
782 2756 1038 2809 timentes
1098 2757 1346 2810 dominos
1377 2763 1610 2822 tantum,
1649 2755 1802 2825 quasi

225 2848 334 2917 ipsi
359 2863 468 2900 non
500 2846 613 2901 Deo
638 2847 850 2916 placere
872 2851 1142 2902 volentes.

306 2959 324 2992 σ
358 2937 468 2996 Sed
495 2950 550 2994 ut
577 2940 722 2996 servi
751 2939 979 3005 Christi,
1031 2938 1294 2995 facientes
1338 2943 1672 3000 voluntatem
1707 2939 1802 2998 Dei

223 3046 297 3088 ex
325 3032 532 3088 animo.
575 3050 595 3083 ›
635 3031 693 3086 in
722 3032 808 3087 bis
828 3046 946 3101 qua:
978 3031 1071 3087 Dei
1097 3047 1204 3087 non
1235 3043 1366 3088 sunt
1390 3033 1664 3088 contraria
1707 3048 1804 3088 vo-

217 3124 454 3179 'luntali.
488 3123 548 3178 In
585 3124 777 3178 multis
803 3125 948 3179 enim
983 3126 1282 3179 concordat
1309 3138 1435 3180 cum
1491 3126 1609 3195 lege
1638 3133 1802 3178 natu-

1985 1941 2004 1975 ι
2044 1924 2244 1979 Contra
2297 1927 2602 1994 spiritualia
2669 1928 2926 1995 nequitiae
2959 1927 3010 1980 in
3065 1925 3408 1982 caelestibus.
3448 1944 3466 1978 ι

1907 2013 2244 2070 Suntautem
2275 2018 2592 2087 spirituales
2622 2021 2894 2074 bonitates
2929 2019 2980 2072 in
3029 2019 3369 2084 cmlestibus,
3420 2019 3475 2072 in

1908 2119 2060 2171 aere,
2092 2108 2182 2162 ubi
2220 2109 2469 2162 volucres
2493 2110 2617 2162 εωιὶ
2651 2111 3016 2178 appellantur.

1983 2215 2004 2248 ι
2037 2196 2326 2265 Propterea
2359 2199 2588 2270 accipite
2613 2209 2948 2256 armaturam
2969 2201 3083 2256 Dei.
3119 2219 3138 2254 ι
3178 2200 3314 2268 Quia
3343 2201 3477 2256 tales

1909 2288 2120 2343 habetis
2145 2289 2418 2344 inimicos.

1984 2398 2004 2434 ι
2046 2379 2383 2451 Ut_possitis
2434 2383 2693 2438 resistere
2723 2385 2776 2439 in
2828 2385 2916 2442 die
2952 2386 3117 2442 malo.
3156 2401 3175 2438 ι
3216 2387 3331 2440 Νοιι
3373 2387 3476 2442 εῑιιί

1909 2473 2082 2529 malus
2140 2485 2224 2529 est
2253 2475 2391 2540 dies,
2429 2473 2526 2530 sed
2556 2477 2733 2542 nobis,
2765 2477 2984 2548 quando
3019 2478 3404 2548 impugnamnr
3440 2499 3468 2532 a

1911 2565 2076 2619 malo.

1990 2674 2008 2708 ι
2051 2657 2114 2711 Ει
2141 2658 2198 2712 in
2228 2657 2482 2714 omnibus
2505 2660 2736 2729 perfecti
2762 2668 2930 2718 stare.
2963 2681 2980 2714 ι
3002 2660 3118 2718 Νοη
3150 2664 3201 2718 in
3239 2664 3484 2733 θξὶιιιιειιιο

1911 2751 1981 2822 tis
2010 2749 2306 2820 perfectum
2337 2755 2451 2806 vult
2483 2754 2779 2822 hominem;
2810 2757 2902 2810 sed
2943 2766 2998 2811 et
3029 2758 3130 2811 hoc
3153 2759 3479 2819 notandum.

1910 2844 2052 2912 quod
2079 2859 2266 2898 omnes
2297 2844 2364 2898 ad
2404 2846 2796 2914 perfectionem
2826 2848 3093 2904 hortatur.

1987 2955 2007 2985 ι
2045 2935 2198 2990 State
2225 2952 2355 3005 ergo
2392 2937 2654 2990 succincti
2677 2938 2894 2992 lumbos
2955 2949 3183 2995 vestros.
3229 2961 3248 2994 ι
3294 2942 3481 2996 Per-fc.

1912 3035 1998 3080 cte
2049 3034 2212 3088 state,
2267 3027 2468 3080 lumbis
2526 3029 2723 3082 mentis
2771 3030 3064 3096 succincti,
3119 3032 3222 3086 hoc
3265 3044 3376 3096 est,
3425 3035 3479 3088 i.i

1894 3116 2056 3170 ’omni
2091 3116 2277 3186 pra-lio
2329 3117 2637 3186 praeparati,
2664 3127 2719 3173 et
2747 3119 2817 3174 ab
2844 3121 3101 3176 omnibus
3122 3123 3269 3176 curis
3297 3125 3481 3178 saeculi

227 3215 332 3270 rali
357 3217 576 3270 animus
610 3201 985 3282 dominorum,
1013 3218 1138 3286 quia
1165 3231 1382 3285 servos,
1416 3228 1472 3272 et
1515 3217 1810 3294 fidelesﬁet
1834 3198 1878 3256 θ
1911 3207 2169 3277 οκυθίηιῖο
2213 3251 2216 3254 ~

225 3309 466 3374 sobrios,
496 3320 553 3366 et
582 3318 782 3374 castos,
815 3318 872 3364 et
903 3309 1138 3364 humiles
1171 3309 1373 3365 habere
1393 3309 1732 3366 desiderant.

310 3419 330 3452 ι
369 3399 504 3455 Cum
528 3400 671 3455 bona
707 3401 985 3457 voluntate
1014 3402 1339 3466 servientes,
1365 3401 1512 3458 sicut
1554 3400 1805 3470 Domino,

223 3500 291 3546 et
311 3505 417 3545 non
457 3490 790 3546 hominibus.
829 3508 850 3542 ι
881 3489 1002 3545 Νοιι
1065 3507 1188 3546 cum
1229 3493 1686 3559 murmuratione,
1741 3510 1809 3549 ne

227 3584 378 3652 apud
436 3583 687 3638 homines
740 3584 938 3654 gratia,
986 3584 1130 3658 apud
1178 3582 1349 3638 Deum
1403 3584 1656 3641 mercede
1701 3586 1810 3655 pri-

225 3675 458 3730 vetnini.

311 3787 331 3820 ι
369 3767 618 3823 Scientes
667 3768 924 3838 quoniam
999 3769 1380 3841 unusquisque
1443 3769 1808 3841 quodcunque

222 3859 428 3916 fecerit
460 3862 682 3926 bonum,
713 3861 814 3916 hoc
834 3860 1060 3932 recipiet
1092 3878 1119 3914 a
1156 3862 1408 3922 Domino.
1440 3863 1556 3918 sive
1587 3877 1803 3925 servus,

223 3951 348 4004 sive
371 3951 526 4005 liber.
563 3969 581 4002 ι
624 3949 901 4021 Quidquid
955 3962 1177 4021 propter
1239 3952 1530 4008 Dominum
1585 3954 1804 4018 feceris,

223 4043 461 4098 habebis
482 4043 550 4096 ab
576 4043 695 4112 ipso
729 4043 1059 4109 mercedem,
1091 4059 1192 4100 nec
1219 4053 1294 4117 pte
1323 4047 1612 4117 desperare
1641 4045 1808 4101 faciat

223 4134 477 4192 conditio
521 4135 820 4189 servitutis.
1217 4115 1225 4124 ί

307 4244 330 4279 α
360 4226 426 4282 Ει
458 4241 574 4291 vos,
636 4226 866 4292 domini,
922 4227 1114 4284 eadem
1172 4227 1337 4284 facite
1382 4227 1510 4283 illis.
1553 4245 1574 4281 ι
1623 4228 1703 4284 Ne
1759 4229 1807 4284 si

221 4319 495 4389 fugerint,
531 4331 636 4374 tua:
667 4319 892 4374 malitia:
923 4321 1156 4390 incipias
1186 4321 1472 4390 deputare,
1517 4337 1619 4374 non
1676 4321 1805 4390 legi.

221 4412 349 4468 Hoc
407 4412 570 4469 etiam
623 4427 865 4482 paganus
899 4411 1141 4477 fecisset,
1193 4415 1237 4467 si
1273 4413 1808 4470 alitertractaretur

1988 3315 2007 3349 ι
2037 3298 2095 3352 lu
2135 3292 2385 3353 veritati!
2421 3319 2440 3350 ι
2482 3298 2600 3356 Νοη
2631 3301 2907 3372 hypocrisi
2939 3321 2953 3358 :
2989 3303 3156 3360 Nemo
3214 3307 3352 3360 enim
3388 3325 3482 3363 co-

1911 3401 2154 3457 ronatur,
2184 3392 2286 3445 nisi
2318 3391 2408 3460 qui
2441 3392 2672 3467 legitimo
2728 3397 3002 3449 certaverit
3034 3395 3118 3463 (Η
3151 3395 3285 3452 Tim.
3315 3412 3374 3463 tt,
3401 3400 3481 3467 5).

1988 3502 2008 3537 α
2048 3485 2110 3538 Et
2142 3485 2318 3539 induti
2348 3485 2830 3554 loricatnjustitite.
2871 3506 2891 3540 ι
2930 3487 3276 3545 Sicutlorica
3297 3496 3483 3546 multis

1909 3576 2130 3632 circulis
2159 3577 2244 3632 vel
2283 3578 2512 3633 armillis
2555 3579 2838 3646 intesitur,
2872 3581 2945 3634 ita
2976 3581 3268 3650 etjustitia
3302 3586 3484 3640 diver-

1910 3670 1984 3724 sis
2013 3671 2277 3724 virtututn
2313 3672 2662 3724 connectitur
2689 3672 2998 3741 speciebus.
3061 3673 3245 3729 Monet
3296 3688 3478 3731 autem

1910 3779 2016 3819 non
2050 3764 2228 3817 solum
2265 3765 2568 3834 peceatoris
2619 3767 3035 3830 conscientiam,
3065 3770 3161 3822 sed
3194 3781 3247 3823 et
3277 3773 3482 3825 ventris

1909 3855 2298 3910 continentiam
2338 3873 2353 3909 :
2388 3871 2596 3911 necnon
2629 3868 2684 3912 et
2718 3859 2784 3911 ad
2833 3859 3098 3914 femorum
3151 3877 3322 3930 usque
3355 3878 3484 3932 per-

1911 3950 2067 4018 tingit
2090 3947 2369 4002 libidinem
2393 3952 2777 4006 coercendam.

1986 4060 2006 4092 ς
2045 4043 2105 4095 Et
2171 4042 2388 4096 calciati
2432 4043 2597 4112 pedes
2643 4044 2696 4098 in
2765 4046 3166 4114 praeparatione
3197 4047 3478 4118 Evangelii

1909 4135 2083 4203 pacis.
2123 4154 2142 4187 ι
2175 4136 2308 4190 Cum
2369 4135 2567 4191 ﬁducia
2629 4137 2964 4204 incedentes,
3023 4139 3295 4211 intrepide
3334 4156 3478 4211 prae-

1909 4226 2106 4281 dicate.

1984 4337 2004 4370 ι
2043 4318 2101 4371 In
2125 4318 2382 4374 omnibus
2407 4330 2691 4375 sumentes
2716 4330 2928 4376 scutum
2953 4321 3100 4387 fidei,
3134 4324 3187 4378 in
3211 4340 3320 4396 quo
3350 4343 3482 4396 pos.

1909 4410 2030 4466 sitis
2060 4412 2242 4465 omnia
2285 4412 2389 4468 tela
2440 4413 2758 4481 nequissimi
2818 4415 2973 4486 ignea
3044 4419 3415 4489 exstinguere.
3455 4439 3474 4471 ι

219 4515 563 4576 preceptum
599 4513 697 4558 :et
733 4512 786 4557 tu
832 4504 1024 4560 audire
1072 4509 1140 4560 de
1193 4503 1288 4560 illo
1337 4521 1444 4561 non
1501 4506 1603 4570 vis,
1657 4505 1802 4576 quod
1831 4499 1968 4592 Dln
2010 4506 2262 4559 omnibus
2319 4505 2708 4561 certaminibus
2776 4507 2882 4562 fide
2957 4509 3292 4564 muniamur.
3342 4510 3480 4579 Quia

209 4598 438 4668 justum
470 4605 553 4650 est
581 4597 606 4650 ἰ

309 4708 330 4742 ς
379 4691 730 4746 Remittentes
758 4692 954 4759 minas,
984 4692 1226 4748 scientes
1252 4689 1378 4759 quia
1407 4697 1465 4746 et
1498 4689 1714 4745 illorum
1747 4697 1804 4743 et

217 4791 418 4838 vester
443 4781 704 4839 Dominus
721 4792 805 4840 est
822 4786 875 4840 in
895 4785 1072 4850 celis,
1111 4793 1166 4839 et
1189 4797 1544 4854 personarum
1564 4781 1808 4852 acceptio

215 4887 346 4930 non
401 4883 484 4928 est
509 4877 650 4945 apud
690 4875 882 4932 Deum.
921 4893 941 4928 ι
975 4875 1261 4932 Miramini
1309 4883 1540 4946 propter
1572 4873 1811 4943 discipliv

215 4981 362 5021 nam
394 4982 410 5030 ;
440 4967 533 5021 sed
560 4967 822 5023 remittite
876 4975 1099 5038 propter
1158 4965 1610 5031 misericordiam,
1663 4973 1721 5020 et
1750 4973 1810 5019 ut

212 5056 397 5112 vobis
422 5072 452 5109 a
484 5067 665 5112 vestro
703 5057 932 5112 Domino
966 5058 1299 5122 remittatur,
1335 5057 1479 5127 apud
1511 5071 1673 5127 quem
1702 5056 1810 5109 uti-

215 5165 344 5218 que
366 5163 532 5203 unum
591 5150 743 5215 estis,
775 5157 836 5205 ut
879 5150 1170 5206 haereditas
1220 5163 1342 5218 qua:
1391 5149 1659 5218 promissa
1725 5157 1810 5202 est

213 5253 344 5293 una
384 5240 457 5292 sit
485 5239 537 5292 in
576 5240 752 5296 vobis.

309 5347 331 5380 ι
367 5325 445 5380 De
467 5340 685 5394 cetero,
719 5330 971 5384 fratres.»
1011 5326 1354 5386 Generaliter
1397 5330 1682 5400 epistolam
1714 5347 1810 5387 ex-

209 5416 547 5473 hortatione
579 5418 872 5474 concludit.

307 5527 330 5560 ι
371 5506 767 5565 Confortamini
800 5512 853 5564 in
893 5509 1145 5576 Domino,
1171 5521 1227 5567 et
1259 5513 1314 5567 in
1352 5513 1592 5581 potentia
1632 5514 1808 5570 virtu-

213 5599 301 5655 tis
335 5599 477 5664 ejus.
520 5617 538 5648 ι
581 5599 841 5670 Exetnplo
871 5600 1080 5655 Domini
1111 5611 1164 5654 et
1201 5602 1428 5658 virtute.

307 5693 576 5746 «induite
615 5709 714 5748 vos
751 5706 1087 5748 armaturam
1144 5693 1258 5760 Dei,
1301 5704 1359 5748 ut
1390 5696 1611 5765 possitis
1663 5705 1810 5752 stare

207 5789 502 5847 adversus
562 5787 790 5842 insidias
872 5788 1094 5844 diaboli.
1134 5807 1152 5839 ι
1211 5786 1414 5844 Contra
1499 5790 1810 5860 spirituales

1910 4597 2054 4651 sicut
2107 4608 2325 4651 scutum
2393 4598 2636 4668 ipsorum
2668 4613 2886 4668 quoque
2921 4615 3197 4657 armorum
3237 4602 3482 4658 defensio

1909 4699 2012 4756 est,
2039 4699 2094 4744 et
2123 4691 2242 4745 sine
2275 4693 2378 4747 hoc
2405 4693 2584 4748 omnis
2617 4705 2864 4748 armatus
2899 4694 3128 4751 inermis
3169 4705 3272 4761 est,
3310 4698 3384 4751 ita
3429 4709 3482 4750 et

1909 4775 1993 4830 hae
2042 4778 2434 4858 virtutes'siue
2476 4779 2583 4835 fide
2615 4783 2829 4838 salvare
2862 4801 2969 4839 non
3022 4799 3270 4854 possunt.
3326 4786 3464 4840 Nam

1911 4867 2053 4922 sicut
2079 4880 2293 4923 scutum
2324 4873 2508 4925 omnia
2541 4872 2738 4942 injecta
2776 4876 2994 4946 repellit
3035 4887 3092 4932 et
3127 4878 3345 4941 recutit,
3404 4879 3480 4931 ita

1909 4967 1967 5012 et
2037 4959 2172 5014 ﬁdes
2225 4976 2415 5016 oirtnes
2475 4965 2675 5020 diaboli
2723 4970 3104 5038 persuasiones
3155 4969 3477 5037 exstinguit,

1910 5051 2161 5119 quamvis
2185 5053 2339 5122 quasi
2368 5054 2550 5110 lumen
2575 5058 2807 5113 rationis
2865 5061 3068 5114 habere
3098 5060 3404 5114 videantur.

1992 5161 2009 5193 ι
2047 5142 2111 5196 Et
2132 5145 2339 5211 galeam
2371 5146 2566 5202 salutis
2597 5152 2874 5206 assumite.
2907 5169 2926 5202 ι
2967 5149 3108 5218 Qua
3147 5166 3337 5206 omnes
3382 5165 3477 5205 ca-

1915 5233 2042 5302 pitis
2102 5249 2293 5290 sensus
2325 5251 2355 5288 a
2381 5240 2565 5307 pravis
2595 5237 2787 5294 ofﬁciis
2816 5250 3060 5310 pcotegat
3083 5249 3136 5294 et
3153 5243 3474 5296 abscondat.

1989 5344 2008 5377 ‹
2048 5325 2114 5380 Ει
2141 5328 2375 5396 gladium
2409 5333 2652 5399 spiritus,
2689 5335 2830 5400 quod
2882 5341 2966 5385 est
3025 5331 3248 5386 verbum
3303 5332 3414 5387 Dei.
3452 5351 3471 5386 ι

1909 5416 2082 5472 Νθωο
2123 5421 2350 5474 militum
2380 5423 2540 5476 audet
2571 5423 2637 5476 ad
2671 5423 2867 5476 bellum
2903 5423 3020 5477 sine
3041 5422 3224 5494 gladio
3264 5425 3481 5493 proiici-

1909 5511 2031 5565 sci:
2078 5524 2139 5564 se
2173 5511 2318 5564 enim
2378 5522 2654 5580 utcunque
2714 5513 2850 5567 tueri
2879 5522 3079 5580 potest,
3135 5516 3230 5568 'sed
3264 5515 3475 5568 hostem

1914 5619 2018 5658 non
2051 5603 2194 5658 valet
2219 5605 2491 5660 occidere.
2545 5604 2941 5673 Nonnunquam
2985 5607 3149 5660 etiam
3172 5607 3239 5660 ab
3280 5607 3474 5663 audaci

1913 5696 2137 5750 inimico
2176 5699 2487 5764 perimitur,
2526 5709 2578 5753 et
2615 5699 2784 5752 armis
2817 5699 3074 5754 omnibus
3096 5697 3477 5764 exspoliatur;

1913 5791 1991 5847 ita
2022 5791 2140 5846 sine
2185 5790 2277 5848 Dei
2317 5792 2505 5858 verbo,
2545 5793 2757 5864 iustitia
2783 5793 2963 5848 omnis
2991 5792 3173 5850 intuta
3205 5801 3308 5852 est.
