  <div class='ocr_page' id='page_1' title='image "/cluster/home/n/w/nwhite01/storage/ocr_20150623/30/hvd.32044096580527/445.png"; bbox 0 0 3956 6196; ppageno 0'>
   <div class='ocr_carea' id='block_1_1' title="bbox 449 335 639 401">
    <p class='ocr_par' dir='ltr' id='par_1_1' title="bbox 449 335 639 401">
     <span class='ocr_line' id='line_1_1' title="bbox 449 335 639 401; baseline 0 -1"><span class='ocrx_word' id='word_1_1' title='bbox 449 335 556 401; x_wconf 73' lang='lat'><strong>879</strong></span> <span class='ocrx_word' id='word_1_2' title='bbox 634 373 639 378; x_wconf 94' lang='lat'><strong><em>-</em></strong></span> 
     </span>
    </p>
   </div>
   <div class='ocr_carea' id='block_1_2' title="bbox 1400 271 3710 385">
    <p class='ocr_par' dir='ltr' id='par_1_2' title="bbox 1400 271 3710 385">
     <span class='ocr_line' id='line_1_2' title="bbox 1400 271 3710 385; baseline -0.019 0"><span class='ocrx_word' id='word_1_3' title='bbox 1400 324 1458 385; x_wconf 91' lang='lat' dir='ltr'><strong>S.</strong></span> <span class='ocrx_word' id='word_1_4' title='bbox 1498 312 1949 383; x_wconf 80' lang='lat' dir='ltr'><strong>lllERONYMI</strong></span> <span class='ocrx_word' id='word_1_5' title='bbox 1987 307 2312 372; x_wconf 81' lang='lat' dir='ltr'><strong>OPERUM</strong></span> <span class='ocrx_word' id='word_1_6' title='bbox 2352 296 2758 364; x_wconf 79' lang='lat' dir='ltr'><strong>MANTISSA.</strong></span> <span class='ocrx_word' id='word_1_7' title='bbox 3593 271 3710 342; x_wconf 71' lang='lat'><strong>830</strong></span> 
     </span>
    </p>
   </div>
   <div class='ocr_carea' id='block_1_3' title="bbox 532 391 3713 499">
    <p class='ocr_par' dir='ltr' id='par_1_3' title="bbox 532 391 3713 499">
     <span class='ocr_line' id='line_1_3' title="bbox 532 391 3713 499; baseline -0.018 1"><span class='ocrx_word' id='word_1_8' title='bbox 532 466 550 499; x_wconf 84' lang='grc' dir='ltr'><strong>ι</strong></span> <span class='ocrx_word' id='word_1_9' title='bbox 590 444 693 499; x_wconf 80' lang='lat' dir='ltr'><strong>Per</strong></span> <span class='ocrx_word' id='word_1_10' title='bbox 748 452 960 498; x_wconf 86' lang='lat' dir='ltr'><strong>omnem</strong></span> <span class='ocrx_word' id='word_1_11' title='bbox 1007 435 1313 493; x_wconf 90' lang='lat' dir='ltr'><strong>orationem</strong></span> <span class='ocrx_word' id='word_1_12' title='bbox 1377 444 1436 490; x_wconf 90' lang='lat' dir='ltr'><strong>et</strong></span> <span class='ocrx_word' id='word_1_13' title='bbox 1489 431 1950 490; x_wconf 89' lang='lat' dir='ltr'><strong>obsecrationem.</strong></span> <span class='ocrx_word' id='word_1_14' title='bbox 2001 444 2020 479; x_wconf 76' lang='grc' dir='ltr'><strong>ι</strong></span> <span class='ocrx_word' id='word_1_15' title='bbox 2055 430 2099 487; x_wconf 73' lang='grc' dir='ltr'><strong>Α</strong></span> <span class='ocrx_word' id='word_1_16' title='bbox 2130 436 2194 484; x_wconf 86' lang='grc' dir='ltr'>ιι.</span> <span class='ocrx_word' id='word_1_17' title='bbox 2222 418 2281 489; x_wconf 85' lang='grc'>9)</span> <span class='ocrx_word' id='word_1_18' title='bbox 2312 433 2330 484; x_wconf 85' lang='grc'><strong>;</strong></span> <span class='ocrx_word' id='word_1_19' title='bbox 2364 423 2495 471; x_wconf 90' lang='lat' dir='ltr'><strong>tunc</strong></span> <span class='ocrx_word' id='word_1_20' title='bbox 2525 411 2672 468; x_wconf 88' lang='lat' dir='ltr'><strong>enim</strong></span> <span class='ocrx_word' id='word_1_21' title='bbox 2707 403 2884 499; x_wconf 73' lang='lat' dir='ltr'><strong>major</strong></span> <span class='ocrx_word' id='word_1_22' title='bbox 2910 399 3114 499; x_wconf 76' lang='lat' dir='ltr'><strong>ﬁducia</strong></span> <span class='ocrx_word' id='word_1_23' title='bbox 3171 396 3277 454; x_wconf 88' lang='lat' dir='ltr'><strong>erit</strong></span> <span class='ocrx_word' id='word_1_24' title='bbox 3329 395 3375 499; x_wconf 78' lang='lat' dir='ltr'><strong>si</strong></span> <span class='ocrx_word' id='word_1_25' title='bbox 3412 391 3713 450; x_wconf 84' lang='lat' dir='ltr'><strong>rationabi-</strong></span> 
     </span>
    </p>
   </div>
   <div class='ocr_carea' id='block_1_4' title="bbox 446 528 1431 609">
    <p class='ocr_par' dir='ltr' id='par_1_4' title="bbox 446 528 1431 609">
     <span class='ocr_line' id='line_1_4' title="bbox 446 528 1431 609; baseline -0.015 -12"><span class='ocrx_word' id='word_1_26' title='bbox 446 541 671 609; x_wconf 82' lang='lat' dir='ltr'><strong>Semper</strong></span> <span class='ocrx_word' id='word_1_27' title='bbox 702 538 843 591; x_wconf 88' lang='lat' dir='ltr'><strong>hunc</strong></span> <span class='ocrx_word' id='word_1_28' title='bbox 871 531 1110 604; x_wconf 77' lang='lat' dir='ltr'><strong>gladium</strong></span> <span class='ocrx_word' id='word_1_29' title='bbox 1137 528 1431 600; x_wconf 78' lang='lat' dir='ltr'><strong>postulate.</strong></span> 
     </span>
    </p>
   </div>
   <div class='ocr_carea' id='block_1_5' title="bbox 526 614 2022 692">
    <p class='ocr_par' dir='ltr' id='par_1_5' title="bbox 526 614 2022 692">
     <span class='ocr_line' id='line_1_5' title="bbox 526 614 2022 692; baseline -0.011 -8"><span class='ocrx_word' id='word_1_30' title='bbox 526 653 543 684; x_wconf 79' lang='grc' dir='ltr'><strong>ι</strong></span> <span class='ocrx_word' id='word_1_31' title='bbox 583 625 977 686; x_wconf 87' lang='lat' dir='ltr'><strong>Orantesomni</strong></span> <span class='ocrx_word' id='word_1_32' title='bbox 1017 631 1260 692; x_wconf 87' lang='lat' dir='ltr'><strong>tempore</strong></span> <span class='ocrx_word' id='word_1_33' title='bbox 1289 621 1342 675; x_wconf 90' lang='lat' dir='ltr'><strong>in</strong></span> <span class='ocrx_word' id='word_1_34' title='bbox 1370 619 1588 688; x_wconf 85' lang='lat' dir='ltr'><strong>spiritu.</strong></span> <span class='ocrx_word' id='word_1_35' title='bbox 1634 635 1652 667; x_wconf 76' lang='grc' dir='ltr'><strong>ι</strong></span> <span class='ocrx_word' id='word_1_36' title='bbox 1686 614 1804 669; x_wconf 85' lang='lat' dir='ltr'><strong>Non</strong></span> <span class='ocrx_word' id='word_1_37' title='bbox 1850 614 2022 681; x_wconf 81' lang='lat' dir='ltr'><strong>impe-</strong></span> 
     </span>
    </p>
   </div>
   <div class='ocr_carea' id='block_1_6' title="bbox 453 705 2026 788">
    <p class='ocr_par' dir='ltr' id='par_1_6' title="bbox 453 705 2026 788">
     <span class='ocr_line' id='line_1_6' title="bbox 453 705 2026 788; baseline -0.015 -8"><span class='ocrx_word' id='word_1_38' title='bbox 453 723 621 780; x_wconf 91' lang='lat' dir='ltr'><strong>diaris</strong></span> <span class='ocrx_word' id='word_1_39' title='bbox 647 734 806 776; x_wconf 88' lang='lat' dir='ltr'><strong>orare</strong></span> <span class='ocrx_word' id='word_1_40' title='bbox 830 731 1067 788; x_wconf 83' lang='lat' dir='ltr'><strong>semper,</strong></span> <span class='ocrx_word' id='word_1_41' title='bbox 1106 723 1165 770; x_wconf 91' lang='lat' dir='ltr'><strong>et</strong></span> <span class='ocrx_word' id='word_1_42' title='bbox 1205 727 1304 783; x_wconf 93' lang='lat' dir='ltr'><strong>pro</strong></span> <span class='ocrx_word' id='word_1_43' title='bbox 1332 711 1496 766; x_wconf 84' lang='lat' dir='ltr'><strong>rebus</strong></span> <span class='ocrx_word' id='word_1_44' title='bbox 1522 706 1898 780; x_wconf 86' lang='lat' dir='ltr'><strong>spiritualibus</strong></span> <span class='ocrx_word' id='word_1_45' title='bbox 1931 705 2026 759; x_wconf 91' lang='lat' dir='ltr'><strong>de-</strong></span> 
     </span>
    </p>
   </div>
   <div class='ocr_carea' id='block_1_7' title="bbox 412 829 690 886">
    <p class='ocr_par' dir='ltr' id='par_1_7' title="bbox 412 829 690 886">
     <span class='ocr_line' id='line_1_7' title="bbox 412 829 690 886; baseline -0.022 -15"><span class='ocrx_word' id='word_1_46' title='bbox 412 853 414 856; x_wconf 65' lang='grc'><strong>›</strong></span> <span class='ocrx_word' id='word_1_47' title='bbox 452 829 690 886; x_wconf 83' lang='lat' dir='ltr'><strong>precari.</strong></span> 
     </span>
    </p>
   </div>
   <div class='ocr_carea' id='block_1_8' title="bbox 529 887 2027 972">
    <p class='ocr_par' dir='ltr' id='par_1_8' title="bbox 529 887 2027 972">
     <span class='ocr_line' id='line_1_8' title="bbox 529 887 2027 972; baseline -0.011 -16"><span class='ocrx_word' id='word_1_48' title='bbox 529 925 546 956; x_wconf 74' lang='grc' dir='ltr'><strong>ι</strong></span> <span class='ocrx_word' id='word_1_49' title='bbox 592 903 657 958; x_wconf 83' lang='grc' dir='ltr'>Ει</span> <span class='ocrx_word' id='word_1_50' title='bbox 688 903 744 957; x_wconf 92' lang='lat' dir='ltr'><strong>in</strong></span> <span class='ocrx_word' id='word_1_51' title='bbox 768 902 888 972; x_wconf 87' lang='lat' dir='ltr'><strong>ipso</strong></span> <span class='ocrx_word' id='word_1_52' title='bbox 913 899 1203 970; x_wconf 81' lang='lat' dir='ltr'><strong>vigilantes</strong></span> <span class='ocrx_word' id='word_1_53' title='bbox 1226 895 1279 951; x_wconf 91' lang='lat' dir='ltr'><strong>in</strong></span> <span class='ocrx_word' id='word_1_54' title='bbox 1312 893 1459 949; x_wconf 92' lang='lat' dir='ltr'><strong>omni</strong></span> <span class='ocrx_word' id='word_1_55' title='bbox 1491 890 1750 946; x_wconf 90' lang='lat' dir='ltr'><strong>instantia</strong></span> <span class='ocrx_word' id='word_1_56' title='bbox 1781 896 1836 942; x_wconf 91' lang='lat' dir='ltr'><strong>et</strong></span> <span class='ocrx_word' id='word_1_57' title='bbox 1866 887 2027 940; x_wconf 79' lang='lat' dir='ltr'><strong>obse-</strong></span> 
     </span>
    </p>
   </div>
   <div class='ocr_carea' id='block_1_9' title="bbox 455 979 2031 1056">
    <p class='ocr_par' dir='ltr' id='par_1_9' title="bbox 455 979 2031 1056">
     <span class='ocr_line' id='line_1_9' title="bbox 455 979 2031 1056; baseline -0.017 -2"><span class='ocrx_word' id='word_1_58' title='bbox 455 997 720 1054; x_wconf 87' lang='lat' dir='ltr'><strong>cratione.</strong></span> <span class='ocrx_word' id='word_1_59' title='bbox 762 1013 779 1045; x_wconf 76' lang='grc' dir='ltr'><strong>ι</strong></span> <span class='ocrx_word' id='word_1_60' title='bbox 823 990 968 1046; x_wconf 80' lang='lat' dir='ltr'><strong>Nihil</strong></span> <span class='ocrx_word' id='word_1_61' title='bbox 1009 989 1157 1044; x_wconf 90' lang='lat' dir='ltr'><strong>enim</strong></span> <span class='ocrx_word' id='word_1_62' title='bbox 1210 985 1431 1056; x_wconf 88' lang='lat' dir='ltr'><strong>prodest</strong></span> <span class='ocrx_word' id='word_1_63' title='bbox 1498 979 1826 1037; x_wconf 84' lang='lat' dir='ltr'><strong>dormientis</strong></span> <span class='ocrx_word' id='word_1_64' title='bbox 1880 988 2031 1030; x_wconf 89' lang='lat' dir='ltr'><strong>more</strong></span> 
     </span>
    </p>
   </div>
   <div class='ocr_carea' id='block_1_10' title="bbox 457 1068 2030 1153">
    <p class='ocr_par' dir='ltr' id='par_1_10' title="bbox 457 1068 2030 1153">
     <span class='ocr_line' id='line_1_10' title="bbox 457 1068 2030 1153; baseline -0.012 -13"><span class='ocrx_word' id='word_1_65' title='bbox 457 1090 631 1140; x_wconf 73' lang='lat' dir='ltr'><strong>latore</strong></span> <span class='ocrx_word' id='word_1_66' title='bbox 683 1097 954 1153; x_wconf 89' lang='lat' dir='ltr'><strong>corpore,</strong></span> <span class='ocrx_word' id='word_1_67' title='bbox 1013 1091 1069 1136; x_wconf 88' lang='lat' dir='ltr'><strong>et</strong></span> <span class='ocrx_word' id='word_1_68' title='bbox 1125 1080 1311 1133; x_wconf 84' lang='lat' dir='ltr'><strong>animo</strong></span> <span class='ocrx_word' id='word_1_69' title='bbox 1368 1075 1692 1146; x_wconf 62' lang='lat' dir='ltr'><strong>praegravari</strong></span> <span class='ocrx_word' id='word_1_70' title='bbox 1733 1071 1912 1140; x_wconf 87' lang='lat' dir='ltr'><strong>;dum</strong></span> <span class='ocrx_word' id='word_1_71' title='bbox 1975 1068 2030 1122; x_wconf 89' lang='lat' dir='ltr'><strong>in</strong></span> 
     </span>
    </p>
   </div>
   <div class='ocr_carea' id='block_1_11' title="bbox 394 1161 2034 1238">
    <p class='ocr_par' dir='ltr' id='par_1_11' title="bbox 394 1161 2034 1238">
     <span class='ocr_line' id='line_1_11' title="bbox 394 1161 2034 1238; baseline -0.01 -8"><span class='ocrx_word' id='word_1_72' title='bbox 394 1211 397 1214; x_wconf 53' lang='grc' dir='ltr'>ν</span> <span class='ocrx_word' id='word_1_73' title='bbox 460 1180 561 1230; x_wconf 79' lang='lat' dir='ltr'><strong>hac</strong></span> <span class='ocrx_word' id='word_1_74' title='bbox 617 1177 857 1230; x_wconf 75' lang='lat' dir='ltr'><strong>vanitate</strong></span> <span class='ocrx_word' id='word_1_75' title='bbox 908 1187 1011 1228; x_wconf 89' lang='lat' dir='ltr'><strong>nec</strong></span> <span class='ocrx_word' id='word_1_76' title='bbox 1074 1173 1142 1226; x_wconf 89' lang='lat' dir='ltr'><strong>ab</strong></span> <span class='ocrx_word' id='word_1_77' title='bbox 1202 1169 1426 1226; x_wconf 85' lang='lat' dir='ltr'><strong>homine</strong></span> <span class='ocrx_word' id='word_1_78' title='bbox 1458 1167 1630 1238; x_wconf 81' lang='lat' dir='ltr'><strong>possit</strong></span> <span class='ocrx_word' id='word_1_79' title='bbox 1677 1163 1886 1234; x_wconf 88' lang='lat' dir='ltr'><strong>aliquid</strong></span> <span class='ocrx_word' id='word_1_80' title='bbox 1930 1161 2034 1215; x_wconf 84' lang='lat' dir='ltr'><strong>itit-</strong></span> 
     </span>
    </p>
   </div>
   <div class='ocr_carea' id='block_1_12' title="bbox 462 1267 1512 1337">
    <p class='ocr_par' dir='ltr' id='par_1_12' title="bbox 462 1267 1512 1337">
     <span class='ocr_line' id='line_1_12' title="bbox 462 1267 1512 1337; baseline -0.015 -15"><span class='ocrx_word' id='word_1_81' title='bbox 462 1267 687 1337; x_wconf 84' lang='lat' dir='ltr'><strong>petrari.</strong></span> <span class='ocrx_word' id='word_1_82' title='bbox 1508 1303 1512 1306; x_wconf 87' lang='lat'><strong>.</strong></span> 
     </span>
    </p>
   </div>
   <div class='ocr_carea' id='block_1_13' title="bbox 540 1341 2129 1410">
    <p class='ocr_par' dir='ltr' id='par_1_13' title="bbox 540 1341 2129 1410">
     <span class='ocr_line' id='line_1_13' title="bbox 540 1341 2129 1410; baseline -0.009 -4"><span class='ocrx_word' id='word_1_83' title='bbox 540 1375 557 1406; x_wconf 73' lang='grc' dir='ltr'><strong>ι</strong></span> <span class='ocrx_word' id='word_1_84' title='bbox 591 1355 692 1408; x_wconf 81' lang='lat' dir='ltr'><strong>Pro</strong></span> <span class='ocrx_word' id='word_1_85' title='bbox 717 1353 972 1408; x_wconf 88' lang='lat' dir='ltr'><strong>omnibus</strong></span> <span class='ocrx_word' id='word_1_86' title='bbox 1007 1348 1242 1405; x_wconf 82' lang='lat' dir='ltr'><strong>sanctis.</strong></span> <span class='ocrx_word' id='word_1_87' title='bbox 1277 1365 1296 1398; x_wconf 78' lang='grc' dir='ltr'><strong>ι</strong></span> <span class='ocrx_word' id='word_1_88' title='bbox 1329 1343 1518 1402; x_wconf 78' lang='lat' dir='ltr'><strong>Sancti</strong></span> <span class='ocrx_word' id='word_1_89' title='bbox 1545 1351 1739 1405; x_wconf 87' lang='lat' dir='ltr'><strong>estote,</strong></span> <span class='ocrx_word' id='word_1_90' title='bbox 1775 1350 1832 1395; x_wconf 89' lang='lat' dir='ltr'><strong>ut</strong></span> <span class='ocrx_word' id='word_1_91' title='bbox 1862 1341 2037 1410; x_wconf 87' lang='lat' dir='ltr'><strong>possi-</strong></span> <span class='ocrx_word' id='word_1_92' title='bbox 2123 1394 2129 1399; x_wconf 73' lang='grc'><strong><em>,</em></strong></span> 
     </span>
    </p>
   </div>
   <div class='ocr_carea' id='block_1_14' title="bbox 465 1442 1103 1514">
    <p class='ocr_par' dir='ltr' id='par_1_14' title="bbox 465 1442 1103 1514">
     <span class='ocr_line' id='line_1_14' title="bbox 465 1442 1103 1514; baseline -0.009 -14"><span class='ocrx_word' id='word_1_93' title='bbox 465 1448 534 1501; x_wconf 87' lang='lat' dir='ltr'><strong>tis</strong></span> <span class='ocrx_word' id='word_1_94' title='bbox 567 1461 726 1500; x_wconf 81' lang='lat' dir='ltr'><strong>orare</strong></span> <span class='ocrx_word' id='word_1_95' title='bbox 757 1460 852 1514; x_wconf 89' lang='lat' dir='ltr'><strong>pro</strong></span> <span class='ocrx_word' id='word_1_96' title='bbox 875 1442 1103 1498; x_wconf 91' lang='lat' dir='ltr'><strong>sanctis.</strong></span> 
     </span>
    </p>
   </div>
   <div class='ocr_carea' id='block_1_15' title="bbox 543 1524 2043 1605">
    <p class='ocr_par' dir='ltr' id='par_1_15' title="bbox 543 1524 2043 1605">
     <span class='ocr_line' id='line_1_15' title="bbox 543 1524 2043 1605; baseline -0.01 -17"><span class='ocrx_word' id='word_1_97' title='bbox 543 1557 560 1588; x_wconf 80' lang='grc' dir='ltr'><strong>ι</strong></span> <span class='ocrx_word' id='word_1_98' title='bbox 609 1537 676 1590; x_wconf 86' lang='lat' dir='ltr'><strong>Et</strong></span> <span class='ocrx_word' id='word_1_99' title='bbox 711 1552 806 1605; x_wconf 89' lang='lat' dir='ltr'><strong>pro</strong></span> <span class='ocrx_word' id='word_1_100' title='bbox 845 1552 950 1599; x_wconf 87' lang='lat' dir='ltr'><strong>me,</strong></span> <span class='ocrx_word' id='word_1_101' title='bbox 979 1541 1041 1587; x_wconf 91' lang='lat' dir='ltr'><strong>ut</strong></span> <span class='ocrx_word' id='word_1_102' title='bbox 1092 1532 1252 1584; x_wconf 86' lang='lat' dir='ltr'><strong>detur</strong></span> <span class='ocrx_word' id='word_1_103' title='bbox 1285 1527 1412 1582; x_wconf 79' lang='lat' dir='ltr'><strong>milii</strong></span> <span class='ocrx_word' id='word_1_104' title='bbox 1461 1539 1644 1582; x_wconf 89' lang='lat' dir='ltr'><strong>sermo</strong></span> <span class='ocrx_word' id='word_1_105' title='bbox 1675 1525 1726 1578; x_wconf 92' lang='lat' dir='ltr'><strong>in</strong></span> <span class='ocrx_word' id='word_1_106' title='bbox 1762 1524 2043 1594; x_wconf 78' lang='lat' dir='ltr'><strong>aper-tione</strong></span> 
     </span>
    </p>
   </div>
   <div class='ocr_carea' id='block_1_16' title="bbox 470 1614 2042 1686">
    <p class='ocr_par' dir='ltr' id='par_1_16' title="bbox 470 1614 2042 1686">
     <span class='ocr_line' id='line_1_16' title="bbox 470 1614 2042 1686; baseline -0.009 -7"><span class='ocrx_word' id='word_1_107' title='bbox 470 1631 582 1686; x_wconf 89' lang='lat' dir='ltr'><strong>oris</strong></span> <span class='ocrx_word' id='word_1_108' title='bbox 611 1628 714 1681; x_wconf 88' lang='lat' dir='ltr'><strong>mei</strong></span> <span class='ocrx_word' id='word_1_109' title='bbox 735 1641 856 1679; x_wconf 90' lang='lat' dir='ltr'><strong>cum</strong></span> <span class='ocrx_word' id='word_1_110' title='bbox 878 1623 1068 1677; x_wconf 85' lang='lat' dir='ltr'><strong>ﬁducia</strong></span> <span class='ocrx_word' id='word_1_111' title='bbox 1101 1628 1288 1674; x_wconf 83' lang='lat' dir='ltr'><strong>notum</strong></span> <span class='ocrx_word' id='word_1_112' title='bbox 1315 1616 1494 1672; x_wconf 83' lang='lat' dir='ltr'><strong>facere</strong></span> <span class='ocrx_word' id='word_1_113' title='bbox 1516 1615 1834 1686; x_wconf 83' lang='lat' dir='ltr'><strong>mysterium</strong></span> <span class='ocrx_word' id='word_1_114' title='bbox 1864 1614 2042 1668; x_wconf 86' lang='lat' dir='ltr'><strong>Evan-</strong></span> 
     </span>
    </p>
   </div>
   <div class='ocr_carea' id='block_1_17' title="bbox 470 1707 2042 1789">
    <p class='ocr_par' dir='ltr' id='par_1_17' title="bbox 470 1707 2042 1789">
     <span class='ocr_line' id='line_1_17' title="bbox 470 1707 2042 1789; baseline -0.01 -17"><span class='ocrx_word' id='word_1_115' title='bbox 470 1719 620 1789; x_wconf 79' lang='lat' dir='ltr'><strong>gelii.</strong></span> <span class='ocrx_word' id='word_1_116' title='bbox 658 1735 676 1768; x_wconf 75' lang='grc' dir='ltr'><strong>ι</strong></span> <span class='ocrx_word' id='word_1_117' title='bbox 745 1713 818 1770; x_wconf 90' lang='lat' dir='ltr'><strong>Ut</strong></span> <span class='ocrx_word' id='word_1_118' title='bbox 879 1712 1226 1766; x_wconf 83' lang='lat' dir='ltr'><strong>abundanter</strong></span> <span class='ocrx_word' id='word_1_119' title='bbox 1286 1717 1344 1763; x_wconf 84' lang='lat' dir='ltr'><strong>et</strong></span> <span class='ocrx_word' id='word_1_120' title='bbox 1404 1707 1524 1762; x_wconf 92' lang='lat' dir='ltr'><strong>sine</strong></span> <span class='ocrx_word' id='word_1_121' title='bbox 1583 1715 1732 1760; x_wconf 88' lang='lat' dir='ltr'><strong>metu</strong></span> <span class='ocrx_word' id='word_1_122' title='bbox 1773 1719 2042 1773; x_wconf 74' lang='lat' dir='ltr'><strong>exponam</strong></span> 
     </span>
    </p>
   </div>
   <div class='ocr_carea' id='block_1_18' title="bbox 2130 489 3696 572">
    <p class='ocr_par' dir='ltr' id='par_1_18' title="bbox 2130 489 3696 572">
     <span class='ocr_line' id='line_1_18' title="bbox 2130 489 3696 572; baseline -0.019 -4"><span class='ocrx_word' id='word_1_123' title='bbox 2130 515 2255 570; x_wconf 86' lang='lat' dir='ltr'><strong>liter</strong></span> <span class='ocrx_word' id='word_1_124' title='bbox 2310 509 2552 572; x_wconf 88' lang='lat' dir='ltr'><strong>dicatur,</strong></span> <span class='ocrx_word' id='word_1_125' title='bbox 2611 510 2668 558; x_wconf 90' lang='lat' dir='ltr'><strong>et</strong></span> <span class='ocrx_word' id='word_1_126' title='bbox 2717 499 2765 556; x_wconf 91' lang='lat' dir='ltr'><strong>si</strong></span> <span class='ocrx_word' id='word_1_127' title='bbox 2819 493 3165 552; x_wconf 73' lang='lat' dir='ltr'><strong>abundanter</strong></span> <span class='ocrx_word' id='word_1_128' title='bbox 3209 489 3549 562; x_wconf 81' lang='lat' dir='ltr'><strong>exprimatur</strong></span> <span class='ocrx_word' id='word_1_129' title='bbox 3601 500 3696 541; x_wconf 85' lang='lat' dir='ltr'><strong>ra-</strong></span> 
     </span>
    </p>
   </div>
   <div class='ocr_carea' id='block_1_19' title="bbox 2133 605 2300 660">
    <p class='ocr_par' dir='ltr' id='par_1_19' title="bbox 2133 605 2300 660">
     <span class='ocr_line' id='line_1_19' title="bbox 2133 605 2300 660; baseline -0.03 0"><span class='ocrx_word' id='word_1_130' title='bbox 2133 605 2300 660; x_wconf 71' lang='lat' dir='ltr'><strong>ﬁone.</strong></span> 
     </span>
    </p>
   </div>
   <div class='ocr_carea' id='block_1_20' title="bbox 2209 678 3712 754">
    <p class='ocr_par' dir='ltr' id='par_1_20' title="bbox 2209 678 3712 754">
     <span class='ocr_line' id='line_1_20' title="bbox 2209 678 3712 754; baseline -0.019 -3"><span class='ocrx_word' id='word_1_131' title='bbox 2209 717 2228 751; x_wconf 73' lang='grc' dir='ltr'><strong>ι</strong></span> <span class='ocrx_word' id='word_1_132' title='bbox 2260 697 2334 754; x_wconf 89' lang='lat' dir='ltr'><strong>Ut</strong></span> <span class='ocrx_word' id='word_1_133' title='bbox 2379 703 2562 750; x_wconf 89' lang='lat' dir='ltr'><strong>autem</strong></span> <span class='ocrx_word' id='word_1_134' title='bbox 2610 700 2666 744; x_wconf 92' lang='lat' dir='ltr'><strong>et</strong></span> <span class='ocrx_word' id='word_1_135' title='bbox 2695 703 2791 742; x_wconf 92' lang='lat' dir='ltr'><strong>vos</strong></span> <span class='ocrx_word' id='word_1_136' title='bbox 2840 684 3028 742; x_wconf 87' lang='lat' dir='ltr'><strong>sciatis</strong></span> <span class='ocrx_word' id='word_1_137' title='bbox 3065 696 3188 752; x_wconf 81' lang='lat' dir='ltr'><strong>quae</strong></span> <span class='ocrx_word' id='word_1_138' title='bbox 3223 678 3370 734; x_wconf 90' lang='lat' dir='ltr'><strong>circa</strong></span> <span class='ocrx_word' id='word_1_139' title='bbox 3417 691 3505 730; x_wconf 88' lang='lat' dir='ltr'><strong>me</strong></span> <span class='ocrx_word' id='word_1_140' title='bbox 3559 681 3712 736; x_wconf 85' lang='lat' dir='ltr'><strong>sunt,</strong></span> 
     </span>
    </p>
   </div>
   <div class='ocr_carea' id='block_1_21' title="bbox 2120 764 3714 861">
    <p class='ocr_par' dir='ltr' id='par_1_21' title="bbox 2120 764 3714 861">
     <span class='ocr_line' id='line_1_21' title="bbox 2120 764 3714 861; baseline -0.016 -19"><span class='ocrx_word' id='word_1_141' title='bbox 2120 788 2264 861; x_wconf 37' lang='lat' dir='ltr'><strong>.quid</strong></span> <span class='ocrx_word' id='word_1_142' title='bbox 2297 801 2478 857; x_wconf 86' lang='lat' dir='ltr'><strong>agam,</strong></span> <span class='ocrx_word' id='word_1_143' title='bbox 2507 783 2690 839; x_wconf 83' lang='lat' dir='ltr'><strong>omnia</strong></span> <span class='ocrx_word' id='word_1_144' title='bbox 2728 782 2886 837; x_wconf 81' lang='lat' dir='ltr'><strong>vobis</strong></span> <span class='ocrx_word' id='word_1_145' title='bbox 2909 786 3040 834; x_wconf 90' lang='lat' dir='ltr'><strong>nota</strong></span> <span class='ocrx_word' id='word_1_146' title='bbox 3067 773 3234 830; x_wconf 81' lang='lat' dir='ltr'><strong>faciet</strong></span> <span class='ocrx_word' id='word_1_147' title='bbox 3265 767 3540 840; x_wconf 85' lang='lat' dir='ltr'><strong>Tycbicus</strong></span> <span class='ocrx_word' id='word_1_148' title='bbox 3575 764 3714 820; x_wconf 82' lang='lat' dir='ltr'><strong>cha-</strong></span> 
     </span>
    </p>
   </div>
   <div class='ocr_carea' id='block_1_22' title="bbox 2143 861 3716 940">
    <p class='ocr_par' dir='ltr' id='par_1_22' title="bbox 2143 861 3716 940">
     <span class='ocr_line' id='line_1_22' title="bbox 2143 861 3716 940; baseline -0.017 -6"><span class='ocrx_word' id='word_1_149' title='bbox 2143 880 2397 935; x_wconf 84' lang='lat' dir='ltr'><strong>rissimus</strong></span> <span class='ocrx_word' id='word_1_150' title='bbox 2419 877 2614 940; x_wconf 85' lang='lat' dir='ltr'><strong>frater,</strong></span> <span class='ocrx_word' id='word_1_151' title='bbox 2646 885 2701 930; x_wconf 94' lang='lat' dir='ltr'><strong>et</strong></span> <span class='ocrx_word' id='word_1_152' title='bbox 2722 872 2900 928; x_wconf 88' lang='lat' dir='ltr'><strong>ﬁdelis</strong></span> <span class='ocrx_word' id='word_1_153' title='bbox 2916 868 3163 924; x_wconf 87' lang='lat' dir='ltr'><strong>minister</strong></span> <span class='ocrx_word' id='word_1_154' title='bbox 3189 865 3240 918; x_wconf 83' lang='lat' dir='ltr'><strong>in</strong></span> <span class='ocrx_word' id='word_1_155' title='bbox 3266 861 3520 918; x_wconf 87' lang='lat' dir='ltr'><strong>Domino.</strong></span> <span class='ocrx_word' id='word_1_156' title='bbox 3551 871 3716 926; x_wconf 87' lang='lat' dir='ltr'><strong>quem</strong></span> 
     </span>
    </p>
   </div>
   <div class='ocr_carea' id='block_1_23' title="bbox 2139 947 3716 1028">
    <p class='ocr_par' dir='ltr' id='par_1_23' title="bbox 2139 947 3716 1028">
     <span class='ocr_line' id='line_1_23' title="bbox 2139 947 3716 1028; baseline -0.014 -8"><span class='ocrx_word' id='word_1_157' title='bbox 2139 969 2260 1021; x_wconf 89' lang='lat' dir='ltr'><strong>misi</strong></span> <span class='ocrx_word' id='word_1_158' title='bbox 2289 967 2355 1019; x_wconf 87' lang='lat' dir='ltr'><strong>ad</strong></span> <span class='ocrx_word' id='word_1_159' title='bbox 2385 980 2480 1019; x_wconf 84' lang='lat' dir='ltr'><strong>vos</strong></span> <span class='ocrx_word' id='word_1_160' title='bbox 2510 965 2564 1018; x_wconf 91' lang='lat' dir='ltr'><strong>in</strong></span> <span class='ocrx_word' id='word_1_161' title='bbox 2600 965 2700 1017; x_wconf 90' lang='lat' dir='ltr'><strong>hoc</strong></span> <span class='ocrx_word' id='word_1_162' title='bbox 2730 963 2904 1028; x_wconf 81' lang='lat' dir='ltr'><strong>ipsum</strong></span> <span class='ocrx_word' id='word_1_163' title='bbox 2941 967 2998 1012; x_wconf 91' lang='lat' dir='ltr'><strong>ut</strong></span> <span class='ocrx_word' id='word_1_164' title='bbox 3024 952 3376 1024; x_wconf 80' lang='lat' dir='ltr'><strong>cognoscatis</strong></span> <span class='ocrx_word' id='word_1_165' title='bbox 3403 963 3526 1018; x_wconf 66' lang='lat' dir='ltr'><strong>quae</strong></span> <span class='ocrx_word' id='word_1_166' title='bbox 3570 947 3716 1002; x_wconf 87' lang='lat' dir='ltr'><strong>circa</strong></span> 
     </span>
    </p>
   </div>
   <div class='ocr_carea' id='block_1_24' title="bbox 2139 1037 3718 1123">
    <p class='ocr_par' dir='ltr' id='par_1_24' title="bbox 2139 1037 3718 1123">
     <span class='ocr_line' id='line_1_24' title="bbox 2139 1037 3718 1123; baseline -0.013 -10"><span class='ocrx_word' id='word_1_167' title='bbox 2139 1074 2238 1113; x_wconf 91' lang='lat' dir='ltr'><strong>nos</strong></span> <span class='ocrx_word' id='word_1_168' title='bbox 2271 1069 2419 1123; x_wconf 87' lang='lat' dir='ltr'><strong>sunt,</strong></span> <span class='ocrx_word' id='word_1_169' title='bbox 2475 1066 2531 1111; x_wconf 91' lang='lat' dir='ltr'><strong>et</strong></span> <span class='ocrx_word' id='word_1_170' title='bbox 2582 1053 2895 1109; x_wconf 77' lang='lat' dir='ltr'><strong>consoletur</strong></span> <span class='ocrx_word' id='word_1_171' title='bbox 2925 1047 3092 1105; x_wconf 88' lang='lat' dir='ltr'><strong>corda</strong></span> <span class='ocrx_word' id='word_1_172' title='bbox 3149 1052 3353 1099; x_wconf 79' lang='lat' dir='ltr'><strong>vestra.</strong></span> <span class='ocrx_word' id='word_1_173' title='bbox 3395 1061 3415 1093; x_wconf 70' lang='grc' dir='ltr'><strong>ι</strong></span> <span class='ocrx_word' id='word_1_174' title='bbox 3473 1037 3718 1095; x_wconf 86' lang='lat' dir='ltr'><strong>Sollicite</strong></span> 
     </span>
    </p>
   </div>
   <div class='ocr_carea' id='block_1_25' title="bbox 2140 1128 3717 1219">
    <p class='ocr_par' dir='ltr' id='par_1_25' title="bbox 2140 1128 3717 1219">
     <span class='ocr_line' id='line_1_25' title="bbox 2140 1128 3717 1219; baseline -0.016 -13"><span class='ocrx_word' id='word_1_175' title='bbox 2140 1151 2270 1219; x_wconf 89' lang='lat' dir='ltr'><strong>agit,</strong></span> <span class='ocrx_word' id='word_1_176' title='bbox 2307 1165 2410 1204; x_wconf 91' lang='lat' dir='ltr'><strong>non</strong></span> <span class='ocrx_word' id='word_1_177' title='bbox 2466 1147 2638 1202; x_wconf 89' lang='lat' dir='ltr'><strong>solum</strong></span> <span class='ocrx_word' id='word_1_178' title='bbox 2663 1155 2721 1201; x_wconf 91' lang='lat' dir='ltr'><strong>ut</strong></span> <span class='ocrx_word' id='word_1_179' title='bbox 2753 1142 3062 1214; x_wconf 86' lang='lat' dir='ltr'><strong>proﬁciant,</strong></span> <span class='ocrx_word' id='word_1_180' title='bbox 3090 1139 3184 1194; x_wconf 87' lang='lat' dir='ltr'><strong>sed</strong></span> <span class='ocrx_word' id='word_1_181' title='bbox 3209 1145 3263 1191; x_wconf 89' lang='lat' dir='ltr'><strong>et</strong></span> <span class='ocrx_word' id='word_1_182' title='bbox 3296 1150 3364 1189; x_wconf 90' lang='lat' dir='ltr'><strong>ne</strong></span> <span class='ocrx_word' id='word_1_183' title='bbox 3405 1133 3458 1186; x_wconf 91' lang='lat' dir='ltr'><strong>in</strong></span> <span class='ocrx_word' id='word_1_184' title='bbox 3490 1128 3717 1186; x_wconf 79' lang='lat' dir='ltr'><strong>tribula-</strong></span> 
     </span>
    </p>
   </div>
   <div class='ocr_carea' id='block_1_26' title="bbox 2144 1231 3646 1314">
    <p class='ocr_par' dir='ltr' id='par_1_26' title="bbox 2144 1231 3646 1314">
     <span class='ocr_line' id='line_1_26' title="bbox 2144 1231 3646 1314; baseline -0.015 -16"><span class='ocrx_word' id='word_1_185' title='bbox 2144 1243 2380 1298; x_wconf 80' lang='lat' dir='ltr'><strong>tionibus</strong></span> <span class='ocrx_word' id='word_1_186' title='bbox 2410 1239 2689 1305; x_wconf 88' lang='lat' dir='ltr'><strong>deﬁciant,</strong></span> <span class='ocrx_word' id='word_1_187' title='bbox 2729 1237 2814 1292; x_wconf 83' lang='lat' dir='ltr'><strong>vel</strong></span> <span class='ocrx_word' id='word_1_188' title='bbox 2839 1250 2906 1290; x_wconf 90' lang='lat' dir='ltr'><strong>ne</strong></span> <span class='ocrx_word' id='word_1_189' title='bbox 2937 1235 2993 1289; x_wconf 91' lang='lat' dir='ltr'><strong>in</strong></span> <span class='ocrx_word' id='word_1_190' title='bbox 3023 1232 3207 1314; x_wconf 85' lang='lat' dir='ltr'><strong>aliquo</strong></span> <span class='ocrx_word' id='word_1_191' title='bbox 3235 1231 3646 1283; x_wconf 82' lang='lat' dir='ltr'><strong>contristentur.</strong></span> 
     </span>
    </p>
   </div>
   <div class='ocr_carea' id='block_1_27' title="bbox 2229 1315 3719 1390">
    <p class='ocr_par' dir='ltr' id='par_1_27' title="bbox 2229 1315 3719 1390">
     <span class='ocr_line' id='line_1_27' title="bbox 2229 1315 3719 1390; baseline -0.012 -3"><span class='ocrx_word' id='word_1_192' title='bbox 2229 1356 2248 1387; x_wconf 82' lang='grc' dir='ltr'><strong>ι</strong></span> <span class='ocrx_word' id='word_1_193' title='bbox 2279 1336 2386 1390; x_wconf 74' lang='lat' dir='ltr'><strong>Pas</strong></span> <span class='ocrx_word' id='word_1_194' title='bbox 2421 1334 2682 1388; x_wconf 80' lang='lat' dir='ltr'><strong>fratribus</strong></span> <span class='ocrx_word' id='word_1_195' title='bbox 2715 1340 2769 1386; x_wconf 91' lang='lat' dir='ltr'><strong>et</strong></span> <span class='ocrx_word' id='word_1_196' title='bbox 2800 1327 3042 1384; x_wconf 85' lang='lat' dir='ltr'><strong>cbaritas</strong></span> <span class='ocrx_word' id='word_1_197' title='bbox 3068 1338 3188 1378; x_wconf 90' lang='lat' dir='ltr'><strong>cum</strong></span> <span class='ocrx_word' id='word_1_198' title='bbox 3221 1322 3324 1375; x_wconf 88' lang='lat' dir='ltr'><strong>ﬁde</strong></span> <span class='ocrx_word' id='word_1_199' title='bbox 3355 1334 3386 1372; x_wconf 90' lang='lat' dir='ltr'><strong>a</strong></span> <span class='ocrx_word' id='word_1_200' title='bbox 3421 1318 3531 1372; x_wconf 78' lang='lat' dir='ltr'><strong>Deo</strong></span> <span class='ocrx_word' id='word_1_201' title='bbox 3562 1315 3719 1369; x_wconf 78' lang='lat' dir='ltr'><strong>Patre</strong></span> 
     </span>
    </p>
   </div>
   <div class='ocr_carea' id='block_1_28' title="bbox 2148 1410 3720 1490">
    <p class='ocr_par' dir='ltr' id='par_1_28' title="bbox 2148 1410 3720 1490">
     <span class='ocr_line' id='line_1_28' title="bbox 2148 1410 3720 1490; baseline -0.015 -7"><span class='ocrx_word' id='word_1_202' title='bbox 2148 1437 2354 1490; x_wconf 85' lang='lat' dir='ltr'><strong>nostro,</strong></span> <span class='ocrx_word' id='word_1_203' title='bbox 2381 1437 2436 1482; x_wconf 90' lang='lat' dir='ltr'><strong>et</strong></span> <span class='ocrx_word' id='word_1_204' title='bbox 2473 1427 2698 1481; x_wconf 89' lang='lat' dir='ltr'><strong>Domino</strong></span> <span class='ocrx_word' id='word_1_205' title='bbox 2729 1421 2854 1477; x_wconf 82' lang='lat' dir='ltr'><strong>Jesu</strong></span> <span class='ocrx_word' id='word_1_206' title='bbox 2895 1419 3163 1474; x_wconf 68' lang='lat' dir='ltr'><strong>Christo.»</strong></span> <span class='ocrx_word' id='word_1_207' title='bbox 3202 1415 3333 1476; x_wconf 80' lang='lat' dir='ltr'><strong>Pax,</strong></span> <span class='ocrx_word' id='word_1_208' title='bbox 3365 1423 3422 1466; x_wconf 87' lang='lat' dir='ltr'><strong>et</strong></span> <span class='ocrx_word' id='word_1_209' title='bbox 3455 1410 3720 1473; x_wconf 82' lang='lat' dir='ltr'><strong>charitas,</strong></span> 
     </span>
    </p>
   </div>
   <div class='ocr_carea' id='block_1_29' title="bbox 2147 1504 3724 1588">
    <p class='ocr_par' dir='ltr' id='par_1_29' title="bbox 2147 1504 3724 1588">
     <span class='ocr_line' id='line_1_29' title="bbox 2147 1504 3724 1588; baseline -0.013 -13"><span class='ocrx_word' id='word_1_210' title='bbox 2147 1532 2202 1576; x_wconf 90' lang='lat' dir='ltr'><strong>et</strong></span> <span class='ocrx_word' id='word_1_211' title='bbox 2234 1521 2388 1586; x_wconf 88' lang='lat' dir='ltr'><strong>ﬁdes,</strong></span> <span class='ocrx_word' id='word_1_212' title='bbox 2446 1517 2742 1588; x_wconf 85' lang='lat' dir='ltr'><strong>perfectum</strong></span> <span class='ocrx_word' id='word_1_213' title='bbox 2802 1514 3010 1569; x_wconf 86' lang='lat' dir='ltr'><strong>faciunt</strong></span> <span class='ocrx_word' id='word_1_214' title='bbox 3063 1509 3461 1565; x_wconf 79' lang='lat' dir='ltr'><strong>ChriStianum.</strong></span> <span class='ocrx_word' id='word_1_215' title='bbox 3515 1504 3724 1558; x_wconf 85' lang='lat' dir='ltr'><strong>Tamen</strong></span> 
     </span>
    </p>
   </div>
   <div class='ocr_carea' id='block_1_30' title="bbox 2150 1596 3726 1668">
    <p class='ocr_par' dir='ltr' id='par_1_30' title="bbox 2150 1596 3726 1668">
     <span class='ocr_line' id='line_1_30' title="bbox 2150 1596 3726 1668; baseline -0.01 -3"><span class='ocrx_word' id='word_1_216' title='bbox 2150 1614 2268 1668; x_wconf 88' lang='lat' dir='ltr'><strong>sine</strong></span> <span class='ocrx_word' id='word_1_217' title='bbox 2322 1611 2428 1664; x_wconf 86' lang='lat' dir='ltr'><strong>ﬁde</strong></span> <span class='ocrx_word' id='word_1_218' title='bbox 2464 1607 2806 1664; x_wconf 82' lang='lat' dir='ltr'><strong>infructuosa</strong></span> <span class='ocrx_word' id='word_1_219' title='bbox 2841 1613 2927 1659; x_wconf 89' lang='lat' dir='ltr'><strong>est</strong></span> <span class='ocrx_word' id='word_1_220' title='bbox 2971 1602 3235 1666; x_wconf 88' lang='lat' dir='ltr'><strong>charitas,</strong></span> <span class='ocrx_word' id='word_1_221' title='bbox 3261 1599 3402 1654; x_wconf 87' lang='lat' dir='ltr'><strong>sicut</strong></span> <span class='ocrx_word' id='word_1_222' title='bbox 3434 1597 3567 1652; x_wconf 86' lang='lat' dir='ltr'><strong>ﬁdes</strong></span> <span class='ocrx_word' id='word_1_223' title='bbox 3607 1596 3726 1650; x_wconf 85' lang='lat' dir='ltr'><strong>sine</strong></span> 
     </span>
    </p>
   </div>
   <div class='ocr_carea' id='block_1_31' title="bbox 2151 1684 3726 1767">
    <p class='ocr_par' dir='ltr' id='par_1_31' title="bbox 2151 1684 3726 1767">
     <span class='ocr_line' id='line_1_31' title="bbox 2151 1684 3726 1767; baseline -0.012 -9"><span class='ocrx_word' id='word_1_224' title='bbox 2151 1703 2420 1758; x_wconf 85' lang='lat' dir='ltr'><strong>charitate</strong></span> <span class='ocrx_word' id='word_1_225' title='bbox 2480 1701 2562 1754; x_wconf 90' lang='lat' dir='ltr'><strong>vel</strong></span> <span class='ocrx_word' id='word_1_226' title='bbox 2608 1713 2761 1767; x_wconf 86' lang='lat' dir='ltr'><strong>pace.</strong></span> <span class='ocrx_word' id='word_1_227' title='bbox 2794 1694 3047 1750; x_wconf 82' lang='lat' dir='ltr'><strong>Charitas</strong></span> <span class='ocrx_word' id='word_1_228' title='bbox 3095 1689 3266 1758; x_wconf 87' lang='lat' dir='ltr'><strong>major</strong></span> <span class='ocrx_word' id='word_1_229' title='bbox 3304 1699 3387 1743; x_wconf 87' lang='lat' dir='ltr'><strong>est</strong></span> <span class='ocrx_word' id='word_1_230' title='bbox 3437 1701 3590 1758; x_wconf 83' lang='lat' dir='ltr'><strong>pace.</strong></span> <span class='ocrx_word' id='word_1_231' title='bbox 3624 1684 3726 1740; x_wconf 87' lang='lat' dir='ltr'><strong>Po-</strong></span> 
     </span>
    </p>
   </div>
   <div class='ocr_carea' id='block_1_32' title="bbox 471 1783 3728 1880">
    <p class='ocr_par' dir='ltr' id='par_1_32' title="bbox 471 1783 3728 1880">
     <span class='ocr_line' id='line_1_32' title="bbox 471 1783 3728 1880; baseline -0.009 -16"><span class='ocrx_word' id='word_1_232' title='bbox 471 1783 877 1880; x_wconf 62' lang='lat' dir='ltr'><strong>persecutiones</strong></span> <span class='ocrx_word' id='word_1_233' title='bbox 915 1805 1000 1860; x_wconf 89' lang='lat' dir='ltr'><strong>vel</strong></span> <span class='ocrx_word' id='word_1_234' title='bbox 1039 1803 1161 1859; x_wconf 91' lang='lat' dir='ltr'><strong>odia</strong></span> <span class='ocrx_word' id='word_1_235' title='bbox 1180 1800 1516 1863; x_wconf 78' lang='lat' dir='ltr'><strong>Judaeorum,</strong></span> <span class='ocrx_word' id='word_1_236' title='bbox 1544 1797 1735 1852; x_wconf 88' lang='lat' dir='ltr'><strong>muniti</strong></span> <span class='ocrx_word' id='word_1_237' title='bbox 1765 1797 1816 1851; x_wconf 91' lang='lat' dir='ltr'><strong>in</strong></span> <span class='ocrx_word' id='word_1_238' title='bbox 1836 1797 2042 1851; x_wconf 83' lang='lat' dir='ltr'><strong>Christi</strong></span> <span class='ocrx_word' id='word_1_239' title='bbox 2077 1797 2116 1852; x_wconf 81' lang='grc' dir='ltr'><strong>Β</strong></span> <span class='ocrx_word' id='word_1_240' title='bbox 2149 1805 2254 1850; x_wconf 76' lang='lat' dir='ltr'><strong>test</strong></span> <span class='ocrx_word' id='word_1_241' title='bbox 2308 1799 2451 1847; x_wconf 79' lang='lat' dir='ltr'><strong>eiiim</strong></span> <span class='ocrx_word' id='word_1_242' title='bbox 2501 1791 2628 1847; x_wconf 91' lang='lat' dir='ltr'><strong>odio</strong></span> <span class='ocrx_word' id='word_1_243' title='bbox 2681 1805 2786 1846; x_wconf 90' lang='lat' dir='ltr'><strong>non</strong></span> <span class='ocrx_word' id='word_1_244' title='bbox 2846 1786 3038 1842; x_wconf 90' lang='lat' dir='ltr'><strong>haberi</strong></span> <span class='ocrx_word' id='word_1_245' title='bbox 3095 1783 3240 1852; x_wconf 84' lang='lat' dir='ltr'><strong>quis,</strong></span> <span class='ocrx_word' id='word_1_246' title='bbox 3275 1798 3381 1836; x_wconf 88' lang='lat' dir='ltr'><strong>non</strong></span> <span class='ocrx_word' id='word_1_247' title='bbox 3442 1791 3627 1836; x_wconf 87' lang='lat' dir='ltr'><strong>tamen</strong></span> <span class='ocrx_word' id='word_1_248' title='bbox 3673 1789 3728 1834; x_wconf 88' lang='lat' dir='ltr'><strong>et</strong></span> 
     </span>
    </p>
   </div>
   <div class='ocr_carea' id='block_1_33' title="bbox 474 1900 928 1970">
    <p class='ocr_par' dir='ltr' id='par_1_33' title="bbox 474 1900 928 1970">
     <span class='ocr_line' id='line_1_33' title="bbox 474 1900 928 1970; baseline 0 -18"><span class='ocrx_word' id='word_1_249' title='bbox 474 1901 658 1970; x_wconf 80' lang='lat' dir='ltr'><strong>pepuli</strong></span> <span class='ocrx_word' id='word_1_250' title='bbox 694 1900 928 1954; x_wconf 77' lang='lat' dir='ltr'><strong>ratione.</strong></span> 
     </span>
    </p>
   </div>
   <div class='ocr_carea' id='block_1_34' title="bbox 551 1979 2049 2058">
    <p class='ocr_par' dir='ltr' id='par_1_34' title="bbox 551 1979 2049 2058">
     <span class='ocr_line' id='line_1_34' title="bbox 551 1979 2049 2058; baseline -0.008 -15"><span class='ocrx_word' id='word_1_251' title='bbox 551 2011 568 2043; x_wconf 79' lang='grc' dir='ltr'><strong>σ</strong></span> <span class='ocrx_word' id='word_1_252' title='bbox 605 1991 710 2045; x_wconf 86' lang='lat' dir='ltr'><strong>Pro</strong></span> <span class='ocrx_word' id='word_1_253' title='bbox 757 2005 864 2054; x_wconf 88' lang='lat' dir='ltr'><strong>quo</strong></span> <span class='ocrx_word' id='word_1_254' title='bbox 895 1988 1165 2058; x_wconf 69' lang='lat' dir='ltr'><strong>legatione</strong></span> <span class='ocrx_word' id='word_1_255' title='bbox 1217 1984 1412 2055; x_wconf 86' lang='lat' dir='ltr'><strong>fungor</strong></span> <span class='ocrx_word' id='word_1_256' title='bbox 1469 1983 1522 2038; x_wconf 89' lang='lat' dir='ltr'><strong>in</strong></span> <span class='ocrx_word' id='word_1_257' title='bbox 1575 1990 1769 2035; x_wconf 89' lang='lat' dir='ltr'><strong>catena</strong></span> <span class='ocrx_word' id='word_1_258' title='bbox 1811 1979 1939 2044; x_wconf 86' lang='lat' dir='ltr'><strong>ista,</strong></span> <span class='ocrx_word' id='word_1_259' title='bbox 1975 1979 2049 2033; x_wconf 91' lang='lat' dir='ltr'><strong>ita</strong></span> 
     </span>
    </p>
   </div>
   <div class='ocr_carea' id='block_1_35' title="bbox 2154 1887 2351 1940">
    <p class='ocr_par' dir='ltr' id='par_1_35' title="bbox 2154 1887 2351 1940">
     <span class='ocr_line' id='line_1_35' title="bbox 2154 1887 2351 1940; baseline 0 0"><span class='ocrx_word' id='word_1_260' title='bbox 2154 1887 2351 1940; x_wconf 81' lang='lat' dir='ltr'><strong>amari.</strong></span> 
     </span>
    </p>
   </div>
   <div class='ocr_carea' id='block_1_36' title="bbox 2228 1966 3723 2044">
    <p class='ocr_par' dir='ltr' id='par_1_36' title="bbox 2228 1966 3723 2044">
     <span class='ocr_line' id='line_1_36' title="bbox 2228 1966 3723 2044; baseline -0.005 -16"><span class='ocrx_word' id='word_1_261' title='bbox 2228 1976 2462 2030; x_wconf 69' lang='lat' dir='ltr'><strong>«Gratia</strong></span> <span class='ocrx_word' id='word_1_262' title='bbox 2522 1990 2646 2030; x_wconf 90' lang='lat' dir='ltr'><strong>cum</strong></span> <span class='ocrx_word' id='word_1_263' title='bbox 2696 1975 2954 2030; x_wconf 89' lang='lat' dir='ltr'><strong>omnibus</strong></span> <span class='ocrx_word' id='word_1_264' title='bbox 3001 1974 3096 2044; x_wconf 91' lang='lat' dir='ltr'><strong>qui</strong></span> <span class='ocrx_word' id='word_1_265' title='bbox 3156 1973 3361 2042; x_wconf 89' lang='lat' dir='ltr'><strong>diligun</strong></span> <span class='ocrx_word' id='word_1_266' title='bbox 3436 1966 3723 2023; x_wconf 87' lang='lat' dir='ltr'><strong>Dominum</strong></span> 
     </span>
    </p>
   </div>
   <div class='ocr_carea' id='block_1_37' title="bbox 477 2053 3721 2153">
    <p class='ocr_par' dir='ltr' id='par_1_37' title="bbox 477 2053 3721 2153">
     <span class='ocr_line' id='line_1_37' title="bbox 477 2053 3721 2153; baseline -0.008 -15"><span class='ocrx_word' id='word_1_267' title='bbox 477 2097 537 2138; x_wconf 92' lang='grc' dir='ltr'><strong>ιιι</strong></span> <span class='ocrx_word' id='word_1_268' title='bbox 602 2087 652 2138; x_wconf 83' lang='lat' dir='ltr'><strong>in</strong></span> <span class='ocrx_word' id='word_1_269' title='bbox 724 2083 843 2153; x_wconf 91' lang='lat' dir='ltr'><strong>ipso</strong></span> <span class='ocrx_word' id='word_1_270' title='bbox 897 2083 1126 2136; x_wconf 84' lang='lat' dir='ltr'><strong>audeam</strong></span> <span class='ocrx_word' id='word_1_271' title='bbox 1180 2087 1342 2150; x_wconf 90' lang='lat' dir='ltr'><strong>prout</strong></span> <span class='ocrx_word' id='word_1_272' title='bbox 1394 2084 1610 2145; x_wconf 88' lang='lat' dir='ltr'><strong>oportet</strong></span> <span class='ocrx_word' id='word_1_273' title='bbox 1664 2090 1749 2128; x_wconf 87' lang='lat' dir='ltr'><strong>me</strong></span> <span class='ocrx_word' id='word_1_274' title='bbox 1803 2073 1971 2142; x_wconf 76' lang='lat' dir='ltr'><strong>lnqni.</strong></span> <span class='ocrx_word' id='word_1_275' title='bbox 2031 2090 2052 2124; x_wconf 71' lang='grc' dir='ltr'><strong>ι</strong></span> <span class='ocrx_word' id='word_1_276' title='bbox 2121 2053 2406 2126; x_wconf 71' lang='lat' dir='ltr'><strong>nostrum</strong></span> <span class='ocrx_word' id='word_1_277' title='bbox 2426 2068 2608 2124; x_wconf 72' lang='lat' dir='ltr'><strong>Iesum</strong></span> <span class='ocrx_word' id='word_1_278' title='bbox 2641 2067 2926 2124; x_wconf 89' lang='lat' dir='ltr'><strong>Cbristutn</strong></span> <span class='ocrx_word' id='word_1_279' title='bbox 2955 2068 3011 2122; x_wconf 90' lang='lat' dir='ltr'><strong>in</strong></span> <span class='ocrx_word' id='word_1_280' title='bbox 3041 2065 3478 2134; x_wconf 89' lang='lat' dir='ltr'><strong>incorruptione.</strong></span> <span class='ocrx_word' id='word_1_281' title='bbox 3499 2060 3721 2116; x_wconf 53' lang='lat' dir='ltr'><strong>Amen»</strong></span> 
     </span>
    </p>
   </div>
   <div class='ocr_carea' id='block_1_38' title="bbox 475 2169 2055 2242">
    <p class='ocr_par' dir='ltr' id='par_1_38' title="bbox 475 2169 2055 2242">
     <span class='ocr_line' id='line_1_38' title="bbox 475 2169 2055 2242; baseline -0.009 -10"><span class='ocrx_word' id='word_1_282' title='bbox 475 2177 665 2232; x_wconf 87' lang='lat' dir='ltr'><strong>Omnis</strong></span> <span class='ocrx_word' id='word_1_283' title='bbox 699 2177 843 2230; x_wconf 89' lang='lat' dir='ltr'><strong>enim</strong></span> <span class='ocrx_word' id='word_1_284' title='bbox 872 2173 1018 2228; x_wconf 81' lang='lat' dir='ltr'><strong>verbi</strong></span> <span class='ocrx_word' id='word_1_285' title='bbox 1047 2174 1258 2242; x_wconf 88' lang='lat' dir='ltr'><strong>Iegator</strong></span> <span class='ocrx_word' id='word_1_286' title='bbox 1285 2169 1412 2224; x_wconf 89' lang='lat' dir='ltr'><strong>talia</strong></span> <span class='ocrx_word' id='word_1_287' title='bbox 1442 2181 1670 2222; x_wconf 88' lang='lat' dir='ltr'><strong>necesse</strong></span> <span class='ocrx_word' id='word_1_288' title='bbox 1716 2178 1800 2220; x_wconf 83' lang='lat' dir='ltr'><strong>est</strong></span> <span class='ocrx_word' id='word_1_289' title='bbox 1847 2175 1906 2218; x_wconf 91' lang='lat' dir='ltr'><strong>ut</strong></span> <span class='ocrx_word' id='word_1_290' title='bbox 1933 2177 2055 2218; x_wconf 56' lang='lat' dir='ltr'><strong>sus.</strong></span> 
     </span>
    </p>
   </div>
   <div class='ocr_carea' id='block_1_39' title="bbox 477 2254 2054 2338">
    <p class='ocr_par' dir='ltr' id='par_1_39' title="bbox 477 2254 2054 2338">
     <span class='ocr_line' id='line_1_39' title="bbox 477 2254 2054 2338; baseline -0.01 -14"><span class='ocrx_word' id='word_1_291' title='bbox 477 2271 648 2324; x_wconf 88' lang='lat' dir='ltr'><strong>tineat</strong></span> <span class='ocrx_word' id='word_1_292' title='bbox 684 2265 1071 2338; x_wconf 48' lang='lat' dir='ltr'><strong>;sed.verbum</strong></span> <span class='ocrx_word' id='word_1_293' title='bbox 1103 2257 1329 2318; x_wconf 47' lang='lat' dir='ltr'><strong>Dci&#39;non</strong></span> <span class='ocrx_word' id='word_1_294' title='bbox 1351 2271 1529 2332; x_wconf 86' lang='lat' dir='ltr'><strong>potest</strong></span> <span class='ocrx_word' id='word_1_295' title='bbox 1551 2257 1762 2328; x_wconf 83' lang='lat' dir='ltr'><strong>alligari</strong></span> <span class='ocrx_word' id='word_1_296' title='bbox 1797 2254 1883 2328; x_wconf 87' lang='grc' dir='ltr'><strong>(ΙΙ</strong></span> <span class='ocrx_word' id='word_1_297' title='bbox 1919 2255 2054 2310; x_wconf 86' lang='lat' dir='ltr'><strong>Tim.</strong></span> 
     </span>
    </p>
   </div>
   <div class='ocr_carea' id='block_1_40' title="bbox 2163 2151 3727 2231">
    <p class='ocr_par' dir='ltr' id='par_1_40' title="bbox 2163 2151 3727 2231">
     <span class='ocr_line' id='line_1_40' title="bbox 2163 2151 3727 2231; baseline -0.008 -14"><span class='ocrx_word' id='word_1_298' title='bbox 2163 2163 2222 2218; x_wconf 91' lang='lat' dir='ltr'><strong>ln</strong></span> <span class='ocrx_word' id='word_1_299' title='bbox 2253 2177 2484 2231; x_wconf 84' lang='lat' dir='ltr'><strong>quorum</strong></span> <span class='ocrx_word' id='word_1_300' title='bbox 2543 2160 2728 2223; x_wconf 90' lang='lat' dir='ltr'><strong>corde,</strong></span> <span class='ocrx_word' id='word_1_301' title='bbox 2759 2159 3076 2215; x_wconf 89' lang='lat' dir='ltr'><strong>adulterino</strong></span> <span class='ocrx_word' id='word_1_302' title='bbox 3110 2172 3284 2222; x_wconf 91' lang='lat' dir='ltr'><strong>more,</strong></span> <span class='ocrx_word' id='word_1_303' title='bbox 3323 2172 3420 2227; x_wconf 91' lang='lat' dir='ltr'><strong>per</strong></span> <span class='ocrx_word' id='word_1_304' title='bbox 3451 2151 3727 2211; x_wconf 60' lang='lat' dir='ltr'><strong>secularia</strong></span> 
     </span>
    </p>
   </div>
   <div class='ocr_carea' id='block_1_41' title="bbox 2159 2252 3035 2328">
    <p class='ocr_par' dir='ltr' id='par_1_41' title="bbox 2159 2252 3035 2328">
     <span class='ocr_line' id='line_1_41' title="bbox 2159 2252 3035 2328; baseline -0.001 -18"><span class='ocrx_word' id='word_1_305' title='bbox 2159 2253 2365 2310; x_wconf 84' lang='lat' dir='ltr'><strong>Christi</strong></span> <span class='ocrx_word' id='word_1_306' title='bbox 2389 2253 2608 2328; x_wconf 73' lang='lat' dir='ltr'><strong>dilectio</strong></span> <span class='ocrx_word' id='word_1_307' title='bbox 2643 2268 2750 2309; x_wconf 89' lang='lat' dir='ltr'><strong>non</strong></span> <span class='ocrx_word' id='word_1_308' title='bbox 2776 2252 3035 2309; x_wconf 80' lang='lat' dir='ltr'><strong>violatur.</strong></span> 
     </span>
    </p>
   </div>
   <div class='ocr_carea' id='block_1_42' title="bbox 505 2431 3690 2478">
    <p class='ocr_par' dir='ltr' id='par_1_42' title="bbox 505 2431 3690 2478">
     <span class='ocr_line' id='line_1_42' title="bbox 505 2431 3690 2478; baseline -0.008 -4"><span class='ocrx_word' id='word_1_309' title='bbox 505 2431 3690 2478; x_wconf 73' lang='lat'><strong>,____________________________.._______—————</strong></span> 
     </span>
    </p>
   </div>
   <div class='ocr_carea' id='block_1_43' title="bbox 1053 2595 3182 2723">
    <p class='ocr_par' dir='ltr' id='par_1_43' title="bbox 1053 2595 3182 2723">
     <span class='ocr_line' id='line_1_43' title="bbox 1053 2595 3182 2723; baseline -0.007 -25"><span class='ocrx_word' id='word_1_310' title='bbox 1053 2611 1178 2700; x_wconf 88' lang='lat' dir='ltr'><strong>1N</strong></span> <span class='ocrx_word' id='word_1_311' title='bbox 1256 2601 1934 2698; x_wconf 79' lang='lat' dir='ltr'><strong>EPlSTOLAM</strong></span> <span class='ocrx_word' id='word_1_312' title='bbox 2035 2600 2185 2688; x_wconf 88' lang='lat' dir='ltr'><strong>AD</strong></span> <span class='ocrx_word' id='word_1_313' title='bbox 2259 2595 3182 2723; x_wconf 83' lang='lat' dir='ltr'><strong>PHILIPPENSES.</strong></span> 
     </span>
    </p>
   </div>
   <div class='ocr_carea' id='block_1_44' title="bbox 992 2871 1549 2974">
    <p class='ocr_par' dir='ltr' id='par_1_44' title="bbox 992 2871 1549 2974">
     <span class='ocr_line' id='line_1_44' title="bbox 992 2871 1549 2974; baseline -0.007 -1"><span class='ocrx_word' id='word_1_314' title='bbox 992 2916 1218 2974; x_wconf 78' lang='lat' dir='ltr'><strong>CAPUT</strong></span> <span class='ocrx_word' id='word_1_315' title='bbox 1248 2871 1549 2971; x_wconf 61' lang='lat' dir='ltr'><strong>ruinosi.</strong></span> 
     </span>
    </p>
   </div>
   <div class='ocr_carea' id='block_1_45' title="bbox 565 3003 2055 3069">
    <p class='ocr_par' dir='ltr' id='par_1_45' title="bbox 565 3003 2055 3069">
     <span class='ocr_line' id='line_1_45' title="bbox 565 3003 2055 3069; baseline -0.01 0"><span class='ocrx_word' id='word_1_316' title='bbox 565 3033 584 3069; x_wconf 81' lang='grc' dir='ltr'><strong>ι</strong></span> <span class='ocrx_word' id='word_1_317' title='bbox 617 3013 818 3068; x_wconf 80' lang='lat' dir='ltr'><strong>Paulus</strong></span> <span class='ocrx_word' id='word_1_318' title='bbox 868 3021 920 3066; x_wconf 91' lang='lat' dir='ltr'><strong>et</strong></span> <span class='ocrx_word' id='word_1_319' title='bbox 996 3010 1317 3066; x_wconf 87' lang='lat' dir='ltr'><strong>Timotheus</strong></span> <span class='ocrx_word' id='word_1_320' title='bbox 1395 3007 1538 3063; x_wconf 83' lang='lat' dir='ltr'><strong>servi</strong></span> <span class='ocrx_word' id='word_1_321' title='bbox 1600 3003 1728 3060; x_wconf 80' lang='lat' dir='ltr'><strong>Jesu</strong></span> <span class='ocrx_word' id='word_1_322' title='bbox 1771 3004 2000 3060; x_wconf 87' lang='lat' dir='ltr'><strong>Cltristi.</strong></span> <span class='ocrx_word' id='word_1_323' title='bbox 2038 3021 2055 3054; x_wconf 73' lang='grc' dir='ltr'><strong>ι</strong></span> 
     </span>
    </p>
   </div>
   <div class='ocr_carea' id='block_1_46' title="bbox 493 3096 2144 3170">
    <p class='ocr_par' dir='ltr' id='par_1_46' title="bbox 493 3096 2144 3170">
     <span class='ocr_line' id='line_1_46' title="bbox 493 3096 2144 3170; baseline -0.009 -8"><span class='ocrx_word' id='word_1_324' title='bbox 493 3109 667 3164; x_wconf 77' lang='lat' dir='ltr'><strong>Ambo</strong></span> <span class='ocrx_word' id='word_1_325' title='bbox 731 3104 899 3170; x_wconf 86' lang='lat' dir='ltr'><strong>servi,</strong></span> <span class='ocrx_word' id='word_1_326' title='bbox 957 3118 1060 3158; x_wconf 89' lang='lat' dir='ltr'><strong>non</strong></span> <span class='ocrx_word' id='word_1_327' title='bbox 1119 3101 1282 3158; x_wconf 90' lang='lat' dir='ltr'><strong>ambo</strong></span> <span class='ocrx_word' id='word_1_328' title='bbox 1340 3097 1595 3168; x_wconf 88' lang='lat' dir='ltr'><strong>apostoli.</strong></span> <span class='ocrx_word' id='word_1_329' title='bbox 1658 3096 1849 3152; x_wconf 90' lang='lat' dir='ltr'><strong>Omnis</strong></span> <span class='ocrx_word' id='word_1_330' title='bbox 1924 3096 2144 3158; x_wconf 83' lang='lat' dir='ltr'><strong>enimc</strong></span> 
     </span>
    </p>
   </div>
   <div class='ocr_carea' id='block_1_47' title="bbox 496 3193 2079 3270">
    <p class='ocr_par' dir='ltr' id='par_1_47' title="bbox 496 3193 2079 3270">
     <span class='ocr_line' id='line_1_47' title="bbox 496 3193 2079 3270; baseline -0.006 -17"><span class='ocrx_word' id='word_1_331' title='bbox 496 3198 800 3270; x_wconf 78' lang='lat' dir='ltr'><strong>apostolus,</strong></span> <span class='ocrx_word' id='word_1_332' title='bbox 837 3210 1027 3251; x_wconf 88' lang='lat' dir='ltr'><strong>servos</strong></span> <span class='ocrx_word' id='word_1_333' title='bbox 1048 3210 1065 3264; x_wconf 84' lang='lat'>;</span> <span class='ocrx_word' id='word_1_334' title='bbox 1101 3209 1208 3249; x_wconf 92' lang='lat' dir='ltr'><strong>non</strong></span> <span class='ocrx_word' id='word_1_335' title='bbox 1247 3193 1422 3248; x_wconf 90' lang='lat' dir='ltr'><strong>omnis</strong></span> <span class='ocrx_word' id='word_1_336' title='bbox 1455 3201 1632 3246; x_wconf 90' lang='lat' dir='ltr'><strong>autem</strong></span> <span class='ocrx_word' id='word_1_337' title='bbox 1664 3205 1872 3254; x_wconf 86' lang='lat' dir='ltr'><strong>servus,</strong></span> <span class='ocrx_word' id='word_1_338' title='bbox 1929 3204 2079 3257; x_wconf 32' lang='lat' dir='ltr'><strong>apo-.</strong></span> 
     </span>
    </p>
   </div>
   <div class='ocr_carea' id='block_1_48' title="bbox 494 3275 1606 3347">
    <p class='ocr_par' dir='ltr' id='par_1_48' title="bbox 494 3275 1606 3347">
     <span class='ocr_line' id='line_1_48' title="bbox 494 3275 1606 3347; baseline -0.011 0"><span class='ocrx_word' id='word_1_339' title='bbox 494 3293 684 3347; x_wconf 80' lang='lat' dir='ltr'><strong>Sloius.</strong></span> <span class='ocrx_word' id='word_1_340' title='bbox 1595 3275 1606 3282; x_wconf 70' lang='grc'><em>’</em></span> 
     </span>
    </p>
   </div>
   <div class='ocr_carea' id='block_1_49' title="bbox 573 3369 2069 3438">
    <p class='ocr_par' dir='ltr' id='par_1_49' title="bbox 573 3369 2069 3438">
     <span class='ocr_line' id='line_1_49' title="bbox 573 3369 2069 3438; baseline -0.007 -5"><span class='ocrx_word' id='word_1_341' title='bbox 573 3379 886 3435; x_wconf 69' lang='lat' dir='ltr'><strong>«Omnibus</strong></span> <span class='ocrx_word' id='word_1_342' title='bbox 931 3375 1140 3431; x_wconf 84' lang='lat' dir='ltr'><strong>sanctis</strong></span> <span class='ocrx_word' id='word_1_343' title='bbox 1195 3376 1251 3428; x_wconf 87' lang='lat' dir='ltr'><strong>in</strong></span> <span class='ocrx_word' id='word_1_344' title='bbox 1291 3372 1514 3427; x_wconf 86' lang='lat' dir='ltr'><strong>Christo</strong></span> <span class='ocrx_word' id='word_1_345' title='bbox 1575 3369 1742 3436; x_wconf 86' lang='lat' dir='ltr'><strong>Jesu,</strong></span> <span class='ocrx_word' id='word_1_346' title='bbox 1797 3369 1890 3438; x_wconf 87' lang='lat' dir='ltr'><strong>qui</strong></span> <span class='ocrx_word' id='word_1_347' title='bbox 1942 3377 2069 3422; x_wconf 89' lang='lat' dir='ltr'><strong>sunt</strong></span> 
     </span>
    </p>
   </div>
   <div class='ocr_carea' id='block_1_50' title="bbox 497 3465 2066 3540">
    <p class='ocr_par' dir='ltr' id='par_1_50' title="bbox 497 3465 2066 3540">
     <span class='ocr_line' id='line_1_50' title="bbox 497 3465 2066 3540; baseline -0.008 -14"><span class='ocrx_word' id='word_1_348' title='bbox 497 3472 782 3540; x_wconf 83' lang='lat' dir='ltr'><strong>Philippis.</strong></span> <span class='ocrx_word' id='word_1_349' title='bbox 818 3490 837 3522; x_wconf 74' lang='grc' dir='ltr'><strong>ι</strong></span> <span class='ocrx_word' id='word_1_350' title='bbox 877 3469 1012 3535; x_wconf 88' lang='lat' dir='ltr'><strong>Quia</strong></span> <span class='ocrx_word' id='word_1_351' title='bbox 1047 3481 1204 3522; x_wconf 88' lang='lat' dir='ltr'><strong>nemo</strong></span> <span class='ocrx_word' id='word_1_352' title='bbox 1253 3467 1373 3520; x_wconf 89' lang='lat' dir='ltr'><strong>sine</strong></span> <span class='ocrx_word' id='word_1_353' title='bbox 1415 3465 1638 3518; x_wconf 89' lang='lat' dir='ltr'><strong>Christo</strong></span> <span class='ocrx_word' id='word_1_354' title='bbox 1673 3471 1897 3517; x_wconf 87' lang='lat' dir='ltr'><strong>sanctus</strong></span> <span class='ocrx_word' id='word_1_355' title='bbox 1941 3473 2066 3528; x_wconf 81' lang='lat' dir='ltr'><strong>est;</strong></span> 
     </span>
    </p>
   </div>
   <div class='ocr_carea' id='block_1_51' title="bbox 497 3553 2068 3626">
    <p class='ocr_par' dir='ltr' id='par_1_51' title="bbox 497 3553 2068 3626">
     <span class='ocr_line' id='line_1_51' title="bbox 497 3553 2068 3626; baseline -0.007 -10"><span class='ocrx_word' id='word_1_356' title='bbox 497 3573 554 3616; x_wconf 82' lang='lat' dir='ltr'><strong>ct</strong></span> <span class='ocrx_word' id='word_1_357' title='bbox 576 3561 800 3626; x_wconf 69' lang='lat' dir='ltr'><strong>sanctis,</strong></span> <span class='ocrx_word' id='word_1_358' title='bbox 833 3575 939 3614; x_wconf 93' lang='lat' dir='ltr'><strong>non</strong></span> <span class='ocrx_word' id='word_1_359' title='bbox 973 3557 1222 3612; x_wconf 89' lang='lat' dir='ltr'><strong>omnibus</strong></span> <span class='ocrx_word' id='word_1_360' title='bbox 1254 3553 1712 3625; x_wconf 83' lang='lat' dir='ltr'><strong>Philippensibus,</strong></span> <span class='ocrx_word' id='word_1_361' title='bbox 1747 3553 1798 3608; x_wconf 90' lang='lat' dir='ltr'><strong>id</strong></span> <span class='ocrx_word' id='word_1_362' title='bbox 1825 3560 1929 3619; x_wconf 83' lang='lat' dir='ltr'><strong>est,</strong></span> <span class='ocrx_word' id='word_1_363' title='bbox 1962 3564 2068 3607; x_wconf 88' lang='lat' dir='ltr'><strong>non</strong></span> 
     </span>
    </p>
   </div>
   <div class='ocr_carea' id='block_1_52' title="bbox 501 3652 946 3725">
    <p class='ocr_par' dir='ltr' id='par_1_52' title="bbox 501 3652 946 3725">
     <span class='ocr_line' id='line_1_52' title="bbox 501 3652 946 3725; baseline -0.011 -14"><span class='ocrx_word' id='word_1_364' title='bbox 501 3658 664 3710; x_wconf 84' lang='lat' dir='ltr'><strong>etiam</strong></span> <span class='ocrx_word' id='word_1_365' title='bbox 694 3652 946 3725; x_wconf 84' lang='lat' dir='ltr'><strong>paganis.</strong></span> 
     </span>
    </p>
   </div>
   <div class='ocr_carea' id='block_1_53' title="bbox 572 3732 2072 3814">
    <p class='ocr_par' dir='ltr' id='par_1_53' title="bbox 572 3732 2072 3814">
     <span class='ocr_line' id='line_1_53' title="bbox 572 3732 2072 3814; baseline -0.009 -16"><span class='ocrx_word' id='word_1_366' title='bbox 572 3764 594 3798; x_wconf 75' lang='grc' dir='ltr'><strong>ι</strong></span> <span class='ocrx_word' id='word_1_367' title='bbox 618 3745 754 3801; x_wconf 87' lang='lat' dir='ltr'><strong>Cum</strong></span> <span class='ocrx_word' id='word_1_368' title='bbox 797 3742 1064 3814; x_wconf 88' lang='lat' dir='ltr'><strong>episcopis</strong></span> <span class='ocrx_word' id='word_1_369' title='bbox 1104 3751 1159 3795; x_wconf 90' lang='lat' dir='ltr'><strong>et</strong></span> <span class='ocrx_word' id='word_1_370' title='bbox 1213 3737 1550 3793; x_wconf 81' lang='lat' dir='ltr'><strong>diaconibus.</strong></span> <span class='ocrx_word' id='word_1_371' title='bbox 1579 3735 1765 3791; x_wconf 85' lang='lat' dir='ltr'><strong>Gratia</strong></span> <span class='ocrx_word' id='word_1_372' title='bbox 1819 3732 1993 3794; x_wconf 83' lang='lat' dir='ltr'><strong>vobis,</strong></span> <span class='ocrx_word' id='word_1_373' title='bbox 2018 3741 2072 3786; x_wconf 87' lang='lat' dir='ltr'><strong>et</strong></span> 
     </span>
    </p>
   </div>
   <div class='ocr_carea' id='block_1_54' title="bbox 502 3823 2067 3908">
    <p class='ocr_par' dir='ltr' id='par_1_54' title="bbox 502 3823 2067 3908">
     <span class='ocr_line' id='line_1_54' title="bbox 502 3823 2067 3908; baseline -0.01 -16"><span class='ocrx_word' id='word_1_374' title='bbox 502 3854 604 3908; x_wconf 75' lang='lat' dir='ltr'><strong>pax</strong></span> <span class='ocrx_word' id='word_1_375' title='bbox 639 3853 667 3890; x_wconf 91' lang='lat' dir='ltr'><strong>a</strong></span> <span class='ocrx_word' id='word_1_376' title='bbox 698 3835 808 3890; x_wconf 87' lang='lat' dir='ltr'><strong>Deo</strong></span> <span class='ocrx_word' id='word_1_377' title='bbox 837 3834 1001 3889; x_wconf 78' lang='lat' dir='ltr'><strong>Patre</strong></span> <span class='ocrx_word' id='word_1_378' title='bbox 1027 3841 1239 3896; x_wconf 87' lang='lat' dir='ltr'><strong>nostro,</strong></span> <span class='ocrx_word' id='word_1_379' title='bbox 1271 3843 1326 3885; x_wconf 80' lang='lat' dir='ltr'><strong>et</strong></span> <span class='ocrx_word' id='word_1_380' title='bbox 1358 3829 1583 3884; x_wconf 87' lang='lat' dir='ltr'><strong>Domino</strong></span> <span class='ocrx_word' id='word_1_381' title='bbox 1612 3825 1742 3882; x_wconf 78' lang='lat' dir='ltr'><strong>Jesu</strong></span> <span class='ocrx_word' id='word_1_382' title='bbox 1776 3823 2016 3880; x_wconf 90' lang='lat' dir='ltr'><strong>Christo.</strong></span> <span class='ocrx_word' id='word_1_383' title='bbox 2049 3842 2067 3876; x_wconf 70' lang='grc' dir='ltr'><strong>ι</strong></span> 
     </span>
    </p>
   </div>
   <div class='ocr_carea' id='block_1_55' title="bbox 504 3917 2071 3999">
    <p class='ocr_par' dir='ltr' id='par_1_55' title="bbox 504 3917 2071 3999">
     <span class='ocr_line' id='line_1_55' title="bbox 504 3917 2071 3999; baseline -0.011 -14"><span class='ocrx_word' id='word_1_384' title='bbox 504 3931 606 3986; x_wconf 86' lang='lat' dir='ltr'><strong>llic</strong></span> <span class='ocrx_word' id='word_1_385' title='bbox 631 3930 920 3999; x_wconf 83' lang='lat' dir='ltr'><strong>episcopos</strong></span> <span class='ocrx_word' id='word_1_386' title='bbox 950 3928 1296 3997; x_wconf 83' lang='lat' dir='ltr'><strong>presbyteros</strong></span> <span class='ocrx_word' id='word_1_387' title='bbox 1345 3920 1696 3990; x_wconf 74' lang='lat' dir='ltr'><strong>intelligimus</strong></span> <span class='ocrx_word' id='word_1_388' title='bbox 1731 3935 1745 3972; x_wconf 81' lang='lat'><strong>2</strong></span> <span class='ocrx_word' id='word_1_389' title='bbox 1786 3933 1891 3970; x_wconf 86' lang='lat' dir='ltr'><strong>non</strong></span> <span class='ocrx_word' id='word_1_390' title='bbox 1924 3917 2071 3970; x_wconf 91' lang='lat' dir='ltr'><strong>enim</strong></span> 
     </span>
    </p>
   </div>
   <div class='ocr_carea' id='block_1_56' title="bbox 505 4008 2076 4088">
    <p class='ocr_par' dir='ltr' id='par_1_56' title="bbox 505 4008 2076 4088">
     <span class='ocr_line' id='line_1_56' title="bbox 505 4008 2076 4088; baseline -0.01 -10"><span class='ocrx_word' id='word_1_391' title='bbox 505 4025 560 4078; x_wconf 90' lang='lat' dir='ltr'><strong>in</strong></span> <span class='ocrx_word' id='word_1_392' title='bbox 595 4013 893 4077; x_wconf 55' lang='lat' dir='ltr'><strong>una&#39;urbe</strong></span> <span class='ocrx_word' id='word_1_393' title='bbox 947 4019 1130 4088; x_wconf 87' lang='lat' dir='ltr'><strong>plures</strong></span> <span class='ocrx_word' id='word_1_394' title='bbox 1171 4016 1409 4086; x_wconf 87' lang='lat' dir='ltr'><strong>episcopi</strong></span> <span class='ocrx_word' id='word_1_395' title='bbox 1459 4027 1579 4068; x_wconf 85' lang='lat' dir='ltr'><strong>esse</strong></span> <span class='ocrx_word' id='word_1_396' title='bbox 1626 4012 1955 4080; x_wconf 87' lang='lat' dir='ltr'><strong>potuissent,</strong></span> <span class='ocrx_word' id='word_1_397' title='bbox 1982 4008 2076 4062; x_wconf 85' lang='lat' dir='ltr'><strong>sed</strong></span> 
     </span>
    </p>
   </div>
   <div class='ocr_carea' id='block_1_57' title="bbox 472 4101 2074 4178">
    <p class='ocr_par' dir='ltr' id='par_1_57' title="bbox 472 4101 2074 4178">
     <span class='ocr_line' id='line_1_57' title="bbox 472 4101 2074 4178; baseline -0.009 -12"><span class='ocrx_word' id='word_1_398' title='bbox 472 4115 668 4169; x_wconf 84' lang='lat' dir='ltr'><strong>.etiam</strong></span> <span class='ocrx_word' id='word_1_399' title='bbox 717 4113 824 4166; x_wconf 89' lang='lat' dir='ltr'><strong>hoc</strong></span> <span class='ocrx_word' id='word_1_400' title='bbox 859 4112 912 4164; x_wconf 91' lang='lat' dir='ltr'><strong>in</strong></span> <span class='ocrx_word' id='word_1_401' title='bbox 961 4109 1331 4178; x_wconf 84' lang='lat' dir='ltr'><strong>apostolorum</strong></span> <span class='ocrx_word' id='word_1_402' title='bbox 1381 4103 1608 4158; x_wconf 82' lang='lat' dir='ltr'><strong>Actibus</strong></span> <span class='ocrx_word' id='word_1_403' title='bbox 1653 4102 1884 4155; x_wconf 85' lang='lat' dir='ltr'><strong>habetur</strong></span> <span class='ocrx_word' id='word_1_404' title='bbox 1935 4101 2074 4170; x_wconf 76' lang='lat' dir='ltr'><strong>(Act.</strong></span> 
     </span>
    </p>
   </div>
   <div class='ocr_carea' id='block_1_58' title="bbox 507 4206 1274 4274">
    <p class='ocr_par' dir='ltr' id='par_1_58' title="bbox 507 4206 1274 4274">
     <span class='ocr_line' id='line_1_58' title="bbox 507 4206 1274 4274; baseline -0.003 -12"><span class='ocrx_word' id='word_1_405' title='bbox 507 4223 604 4273; x_wconf 74' lang='lat' dir='ltr'><strong>xx,</strong></span> <span class='ocrx_word' id='word_1_406' title='bbox 629 4206 746 4274; x_wconf 72' lang='lat' dir='ltr'><strong>es).</strong></span> <span class='ocrx_word' id='word_1_407' title='bbox 1269 4255 1274 4260; x_wconf 90' lang='lat'><strong>.</strong></span> 
     </span>
    </p>
   </div>
   <div class='ocr_carea' id='block_1_59' title="bbox 585 4286 2074 4364">
    <p class='ocr_par' dir='ltr' id='par_1_59' title="bbox 585 4286 2074 4364">
     <span class='ocr_line' id='line_1_59' title="bbox 585 4286 2074 4364; baseline -0.007 -15"><span class='ocrx_word' id='word_1_408' title='bbox 585 4296 835 4351; x_wconf 69' lang='lat' dir='ltr'><strong>«Gratias</strong></span> <span class='ocrx_word' id='word_1_409' title='bbox 867 4309 968 4364; x_wconf 87' lang='lat' dir='ltr'><strong>ago</strong></span> <span class='ocrx_word' id='word_1_410' title='bbox 991 4291 1104 4348; x_wconf 82' lang='lat' dir='ltr'><strong>Deo</strong></span> <span class='ocrx_word' id='word_1_411' title='bbox 1138 4305 1260 4346; x_wconf 90' lang='lat' dir='ltr'><strong>meo</strong></span> <span class='ocrx_word' id='word_1_412' title='bbox 1295 4291 1348 4344; x_wconf 91' lang='lat' dir='ltr'><strong>in</strong></span> <span class='ocrx_word' id='word_1_413' title='bbox 1374 4290 1520 4345; x_wconf 90' lang='lat' dir='ltr'><strong>omni</strong></span> <span class='ocrx_word' id='word_1_414' title='bbox 1555 4289 1818 4345; x_wconf 85' lang='lat' dir='ltr'><strong>memoria</strong></span> <span class='ocrx_word' id='word_1_415' title='bbox 1850 4286 2074 4342; x_wconf 65' lang='lat' dir='ltr'><strong>vestri.»</strong></span> 
     </span>
    </p>
   </div>
   <div class='ocr_carea' id='block_1_60' title="bbox 509 4377 2079 4451">
    <p class='ocr_par' dir='ltr' id='par_1_60' title="bbox 509 4377 2079 4451">
     <span class='ocr_line' id='line_1_60' title="bbox 509 4377 2079 4451; baseline -0.006 -7"><span class='ocrx_word' id='word_1_416' title='bbox 509 4389 788 4444; x_wconf 76' lang='lat' dir='ltr'><strong>Bnnoruut</strong></span> <span class='ocrx_word' id='word_1_417' title='bbox 823 4385 1139 4441; x_wconf 87' lang='lat' dir='ltr'><strong>memoriam</strong></span> <span class='ocrx_word' id='word_1_418' title='bbox 1197 4398 1318 4437; x_wconf 90' lang='lat' dir='ltr'><strong>cum</strong></span> <span class='ocrx_word' id='word_1_419' title='bbox 1359 4383 1660 4451; x_wconf 82' lang='lat' dir='ltr'><strong>gratiarum</strong></span> <span class='ocrx_word' id='word_1_420' title='bbox 1694 4381 1905 4435; x_wconf 85' lang='lat' dir='ltr'><strong>actione</strong></span> <span class='ocrx_word' id='word_1_421' title='bbox 1938 4377 2079 4434; x_wconf 84' lang='lat' dir='ltr'><strong>cele-</strong></span> 
     </span>
    </p>
   </div>
   <div class='ocr_carea' id='block_1_61' title="bbox 511 4486 1706 4540">
    <p class='ocr_par' dir='ltr' id='par_1_61' title="bbox 511 4486 1706 4540">
     <span class='ocr_line' id='line_1_61' title="bbox 511 4486 1706 4540; baseline -0.014 0"><span class='ocrx_word' id='word_1_422' title='bbox 511 4486 653 4540; x_wconf 85' lang='lat' dir='ltr'><strong>brat.</strong></span> <span class='ocrx_word' id='word_1_423' title='bbox 1700 4533 1706 4540; x_wconf 84' lang='lat'><em>_</em></span> 
     </span>
    </p>
   </div>
   <div class='ocr_carea' id='block_1_62' title="bbox 586 4565 2086 4642">
    <p class='ocr_par' dir='ltr' id='par_1_62' title="bbox 586 4565 2086 4642">
     <span class='ocr_line' id='line_1_62' title="bbox 586 4565 2086 4642; baseline -0.007 -12"><span class='ocrx_word' id='word_1_424' title='bbox 586 4593 607 4630; x_wconf 75' lang='grc'><strong>(</strong></span> <span class='ocrx_word' id='word_1_425' title='bbox 638 4575 864 4642; x_wconf 87' lang='lat' dir='ltr'><strong>Semper</strong></span> <span class='ocrx_word' id='word_1_426' title='bbox 886 4572 942 4625; x_wconf 91' lang='lat' dir='ltr'><strong>in</strong></span> <span class='ocrx_word' id='word_1_427' title='bbox 968 4567 1181 4627; x_wconf 87' lang='lat' dir='ltr'><strong>cunctis</strong></span> <span class='ocrx_word' id='word_1_428' title='bbox 1207 4567 1552 4624; x_wconf 80' lang='lat' dir='ltr'><strong>orationibus</strong></span> <span class='ocrx_word' id='word_1_429' title='bbox 1585 4567 1740 4620; x_wconf 88' lang='lat' dir='ltr'><strong>meis.</strong></span> <span class='ocrx_word' id='word_1_430' title='bbox 1777 4586 1794 4617; x_wconf 76' lang='grc' dir='ltr'><strong>ι</strong></span> <span class='ocrx_word' id='word_1_431' title='bbox 1833 4565 2086 4621; x_wconf 82' lang='lat' dir='ltr'><strong>Ostendit</strong></span> 
     </span>
    </p>
   </div>
   <div class='ocr_carea' id='block_1_63' title="bbox 513 4658 2088 4728">
    <p class='ocr_par' dir='ltr' id='par_1_63' title="bbox 513 4658 2088 4728">
     <span class='ocr_line' id='line_1_63' title="bbox 513 4658 2088 4728; baseline -0.005 -8"><span class='ocrx_word' id='word_1_432' title='bbox 513 4667 657 4720; x_wconf 89' lang='lat' dir='ltr'><strong>circa</strong></span> <span class='ocrx_word' id='word_1_433' title='bbox 709 4679 804 4719; x_wconf 90' lang='lat' dir='ltr'><strong>eos</strong></span> <span class='ocrx_word' id='word_1_434' title='bbox 843 4662 1191 4718; x_wconf 89' lang='lat' dir='ltr'><strong>dilectionem</strong></span> <span class='ocrx_word' id='word_1_435' title='bbox 1235 4675 1387 4715; x_wconf 89' lang='lat' dir='ltr'><strong>suam</strong></span> <span class='ocrx_word' id='word_1_436' title='bbox 1415 4700 1429 4726; x_wconf 91' lang='lat'><strong>,</strong></span> <span class='ocrx_word' id='word_1_437' title='bbox 1486 4674 1583 4728; x_wconf 90' lang='lat' dir='ltr'><strong>pro</strong></span> <span class='ocrx_word' id='word_1_438' title='bbox 1631 4658 1828 4728; x_wconf 83' lang='lat' dir='ltr'><strong>quibus</strong></span> <span class='ocrx_word' id='word_1_439' title='bbox 1872 4673 2088 4728; x_wconf 87' lang='lat' dir='ltr'><strong>semper</strong></span> 
     </span>
    </p>
   </div>
   <div class='ocr_carea' id='block_1_64' title="bbox 515 4769 658 4814">
    <p class='ocr_par' dir='ltr' id='par_1_64' title="bbox 515 4769 658 4814">
     <span class='ocr_line' id='line_1_64' title="bbox 515 4769 658 4814; baseline -0.014 0"><span class='ocrx_word' id='word_1_440' title='bbox 515 4769 658 4814; x_wconf 87' lang='lat' dir='ltr'><strong>orat.</strong></span> 
     </span>
    </p>
   </div>
   <div class='ocr_carea' id='block_1_65' title="bbox 593 4840 2050 4908">
    <p class='ocr_par' dir='ltr' id='par_1_65' title="bbox 593 4840 2050 4908">
     <span class='ocr_line' id='line_1_65' title="bbox 593 4840 2050 4908; baseline -0.003 -8"><span class='ocrx_word' id='word_1_441' title='bbox 593 4869 612 4900; x_wconf 76' lang='grc' dir='ltr'><strong>ι</strong></span> <span class='ocrx_word' id='word_1_442' title='bbox 640 4849 749 4903; x_wconf 89' lang='lat' dir='ltr'><strong>Pro</strong></span> <span class='ocrx_word' id='word_1_443' title='bbox 781 4843 1033 4900; x_wconf 88' lang='lat' dir='ltr'><strong>omnibus</strong></span> <span class='ocrx_word' id='word_1_444' title='bbox 1069 4842 1242 4898; x_wconf 83' lang='lat' dir='ltr'><strong>vobis.</strong></span> <span class='ocrx_word' id='word_1_445' title='bbox 1278 4861 1296 4893; x_wconf 72' lang='grc' dir='ltr'><strong>ι</strong></span> <span class='ocrx_word' id='word_1_446' title='bbox 1329 4843 1463 4908; x_wconf 89' lang='lat' dir='ltr'><strong>Quia</strong></span> <span class='ocrx_word' id='word_1_447' title='bbox 1499 4854 1691 4896; x_wconf 90' lang='lat' dir='ltr'><strong>omnes</strong></span> <span class='ocrx_word' id='word_1_448' title='bbox 1721 4841 1856 4894; x_wconf 84' lang='lat' dir='ltr'><strong>tales</strong></span> <span class='ocrx_word' id='word_1_449' title='bbox 1893 4840 2050 4900; x_wconf 90' lang='lat' dir='ltr'><strong>estis.</strong></span> 
     </span>
    </p>
   </div>
   <div class='ocr_carea' id='block_1_66' title="bbox 595 4927 2092 5006">
    <p class='ocr_par' dir='ltr' id='par_1_66' title="bbox 595 4927 2092 5006">
     <span class='ocr_line' id='line_1_66' title="bbox 595 4927 2092 5006; baseline -0.004 -13"><span class='ocrx_word' id='word_1_450' title='bbox 595 4960 612 4992; x_wconf 84' lang='grc' dir='ltr'><strong>ι</strong></span> <span class='ocrx_word' id='word_1_451' title='bbox 642 4939 780 4993; x_wconf 80' lang='lat' dir='ltr'><strong>Cum</strong></span> <span class='ocrx_word' id='word_1_452' title='bbox 829 4935 1029 5006; x_wconf 84' lang='lat' dir='ltr'><strong>gaudio</strong></span> <span class='ocrx_word' id='word_1_453' title='bbox 1077 4935 1514 5006; x_wconf 86' lang='lat' dir='ltr'><strong>deprecationem</strong></span> <span class='ocrx_word' id='word_1_454' title='bbox 1538 4927 1790 4989; x_wconf 81' lang='lat' dir='ltr'><strong>faciens.</strong></span> <span class='ocrx_word' id='word_1_455' title='bbox 1817 4951 1836 4985; x_wconf 76' lang='grc' dir='ltr'><strong>ι</strong></span> <span class='ocrx_word' id='word_1_456' title='bbox 1871 4931 1986 4986; x_wconf 80' lang='lat' dir='ltr'><strong>Non</strong></span> <span class='ocrx_word' id='word_1_457' title='bbox 2011 4933 2092 5006; x_wconf 20' lang='lat' dir='ltr'><strong>‘in</strong></span> 
     </span>
    </p>
   </div>
   <div class='ocr_carea' id='block_1_67' title="bbox 518 5001 2022 5102">
    <p class='ocr_par' dir='ltr' id='par_1_67' title="bbox 518 5001 2022 5102">
     <span class='ocr_line' id='line_1_67' title="bbox 518 5001 2022 5102; baseline -0.007 -14"><span class='ocrx_word' id='word_1_458' title='bbox 518 5033 727 5102; x_wconf 85' lang='lat' dir='ltr'><strong>peccati</strong></span> <span class='ocrx_word' id='word_1_459' title='bbox 758 5029 984 5100; x_wconf 86' lang='lat' dir='ltr'><strong>alicujus</strong></span> <span class='ocrx_word' id='word_1_460' title='bbox 1017 5027 1236 5083; x_wconf 87' lang='lat' dir='ltr'><strong>tristitia</strong></span> <span class='ocrx_word' id='word_1_461' title='bbox 1286 5027 1371 5084; x_wconf 86' lang='lat' dir='ltr'><strong>vel</strong></span> <span class='ocrx_word' id='word_1_462' title='bbox 1399 5041 1657 5082; x_wconf 77' lang='lat' dir='ltr'><strong>mmrore.</strong></span> <span class='ocrx_word' id='word_1_463' title='bbox 2011 5001 2022 5012; x_wconf 36' lang='lat'><em>.</em></span> 
     </span>
    </p>
   </div>
   <div class='ocr_carea' id='block_1_68' title="bbox 597 5113 2092 5194">
    <p class='ocr_par' dir='ltr' id='par_1_68' title="bbox 597 5113 2092 5194">
     <span class='ocr_line' id='line_1_68' title="bbox 597 5113 2092 5194; baseline -0.006 -17"><span class='ocrx_word' id='word_1_464' title='bbox 597 5145 615 5177; x_wconf 85' lang='grc'>‹</span> <span class='ocrx_word' id='word_1_465' title='bbox 659 5124 835 5194; x_wconf 87' lang='lat' dir='ltr'><strong>Super</strong></span> <span class='ocrx_word' id='word_1_466' title='bbox 895 5120 1393 5176; x_wconf 86' lang='lat' dir='ltr'><strong>communicatione</strong></span> <span class='ocrx_word' id='word_1_467' title='bbox 1449 5128 1630 5172; x_wconf 89' lang='lat' dir='ltr'><strong>vestra</strong></span> <span class='ocrx_word' id='word_1_468' title='bbox 1691 5117 1745 5170; x_wconf 90' lang='lat' dir='ltr'><strong>in</strong></span> <span class='ocrx_word' id='word_1_469' title='bbox 1799 5113 2092 5184; x_wconf 80' lang='lat' dir='ltr'><strong>Evangelio</strong></span> 
     </span>
    </p>
   </div>
   <div class='ocr_carea' id='block_1_69' title="bbox 519 5206 2091 5280">
    <p class='ocr_par' dir='ltr' id='par_1_69' title="bbox 519 5206 2091 5280">
     <span class='ocr_line' id='line_1_69' title="bbox 519 5206 2091 5280; baseline -0.007 -10"><span class='ocrx_word' id='word_1_470' title='bbox 519 5214 748 5270; x_wconf 86' lang='lat' dir='ltr'><strong>Christi.</strong></span> <span class='ocrx_word' id='word_1_471' title='bbox 778 5231 798 5266; x_wconf 73' lang='grc' dir='ltr'><strong>ι</strong></span> <span class='ocrx_word' id='word_1_472' title='bbox 834 5211 973 5280; x_wconf 86' lang='lat' dir='ltr'><strong>Quia</strong></span> <span class='ocrx_word' id='word_1_473' title='bbox 1001 5211 1139 5266; x_wconf 86' lang='lat' dir='ltr'><strong>mihi</strong></span> <span class='ocrx_word' id='word_1_474' title='bbox 1191 5209 1640 5265; x_wconf 83' lang='lat' dir='ltr'><strong>coutttttttiicastis</strong></span> <span class='ocrx_word' id='word_1_475' title='bbox 1691 5209 1746 5262; x_wconf 87' lang='lat' dir='ltr'><strong>in</strong></span> <span class='ocrx_word' id='word_1_476' title='bbox 1799 5206 2091 5276; x_wconf 81' lang='lat' dir='ltr'><strong>Evangelia</strong></span> 
     </span>
    </p>
   </div>
   <div class='ocr_carea' id='block_1_70' title="bbox 524 5308 891 5378">
    <p class='ocr_par' dir='ltr' id='par_1_70' title="bbox 524 5308 891 5378">
     <span class='ocr_line' id='line_1_70' title="bbox 524 5308 891 5378; baseline 0.014 -21"><span class='ocrx_word' id='word_1_477' title='bbox 524 5310 666 5378; x_wconf 67' lang='lat' dir='ltr'><strong>primi</strong></span> <span class='ocrx_word' id='word_1_478' title='bbox 677 5308 891 5362; x_wconf 88' lang='lat' dir='ltr'><strong>icando.</strong></span> 
     </span>
    </p>
   </div>
   <div class='ocr_carea' id='block_1_71' title="bbox 601 5391 2100 5468">
    <p class='ocr_par' dir='ltr' id='par_1_71' title="bbox 601 5391 2100 5468">
     <span class='ocr_line' id='line_1_71' title="bbox 601 5391 2100 5468; baseline -0.005 -16"><span class='ocrx_word' id='word_1_479' title='bbox 601 5418 619 5452; x_wconf 83' lang='grc' dir='ltr'><strong>ι</strong></span> <span class='ocrx_word' id='word_1_480' title='bbox 652 5402 692 5453; x_wconf 76' lang='grc' dir='ltr'>Α</span> <span class='ocrx_word' id='word_1_481' title='bbox 736 5401 911 5468; x_wconf 89' lang='lat' dir='ltr'><strong>prima</strong></span> <span class='ocrx_word' id='word_1_482' title='bbox 943 5398 1032 5453; x_wconf 88' lang='lat' dir='ltr'><strong>die</strong></span> <span class='ocrx_word' id='word_1_483' title='bbox 1072 5411 1245 5467; x_wconf 89' lang='lat' dir='ltr'><strong>usque</strong></span> <span class='ocrx_word' id='word_1_484' title='bbox 1279 5410 1444 5450; x_wconf 87' lang='lat' dir='ltr'><strong>nunc.</strong></span> <span class='ocrx_word' id='word_1_485' title='bbox 1473 5414 1491 5446; x_wconf 78' lang='grc' dir='ltr'><strong>ι</strong></span> <span class='ocrx_word' id='word_1_486' title='bbox 1520 5393 1602 5448; x_wconf 81' lang='lat' dir='ltr'><strong>Ab</strong></span> <span class='ocrx_word' id='word_1_487' title='bbox 1630 5391 1787 5448; x_wconf 90' lang='lat' dir='ltr'><strong>initio</strong></span> <span class='ocrx_word' id='word_1_488' title='bbox 1821 5391 1944 5446; x_wconf 87' lang='lat' dir='ltr'><strong>ﬁdei</strong></span> <span class='ocrx_word' id='word_1_489' title='bbox 2009 5404 2100 5444; x_wconf 86' lang='lat' dir='ltr'><strong>ve-</strong></span> 
     </span>
    </p>
   </div>
   <div class='ocr_carea' id='block_1_72' title="bbox 524 5487 2098 5562">
    <p class='ocr_par' dir='ltr' id='par_1_72' title="bbox 524 5487 2098 5562">
     <span class='ocr_line' id='line_1_72' title="bbox 524 5487 2098 5562; baseline -0.006 -16"><span class='ocrx_word' id='word_1_490' title='bbox 524 5503 673 5557; x_wconf 64' lang='lat' dir='ltr'><strong>strae,</strong></span> <span class='ocrx_word' id='word_1_491' title='bbox 700 5493 984 5562; x_wconf 87' lang='lat' dir='ltr'><strong>deprecor,</strong></span> <span class='ocrx_word' id='word_1_492' title='bbox 1013 5501 1071 5544; x_wconf 90' lang='lat' dir='ltr'><strong>ut</strong></span> <span class='ocrx_word' id='word_1_493' title='bbox 1099 5488 1460 5560; x_wconf 81' lang='lat' dir='ltr'><strong>perseveretis</strong></span> <span class='ocrx_word' id='word_1_494' title='bbox 1485 5503 1503 5545; x_wconf 84' lang='lat'><strong>:</strong></span> <span class='ocrx_word' id='word_1_495' title='bbox 1535 5500 1650 5542; x_wconf 82' lang='lat' dir='ltr'><strong>sive</strong></span> <span class='ocrx_word' id='word_1_496' title='bbox 1681 5487 1824 5554; x_wconf 89' lang='lat' dir='ltr'><strong>quod</strong></span> <span class='ocrx_word' id='word_1_497' title='bbox 1851 5497 2098 5538; x_wconf 90' lang='lat' dir='ltr'><strong>commu-</strong></span> 
     </span>
    </p>
   </div>
   <div class='ocr_carea' id='block_1_73' title="bbox 528 5580 1401 5652">
    <p class='ocr_par' dir='ltr' id='par_1_73' title="bbox 528 5580 1401 5652">
     <span class='ocr_line' id='line_1_73' title="bbox 528 5580 1401 5652; baseline 0.002 -18"><span class='ocrx_word' id='word_1_498' title='bbox 528 5583 724 5637; x_wconf 88' lang='lat' dir='ltr'><strong>nicatis</strong></span> <span class='ocrx_word' id='word_1_499' title='bbox 751 5584 819 5636; x_wconf 89' lang='lat' dir='ltr'><strong>ab</strong></span> <span class='ocrx_word' id='word_1_500' title='bbox 853 5583 1006 5637; x_wconf 89' lang='lat' dir='ltr'><strong>initio</strong></span> <span class='ocrx_word' id='word_1_501' title='bbox 1029 5580 1401 5652; x_wconf 64' lang='lat' dir='ltr'><strong>praadicando.</strong></span> 
     </span>
    </p>
   </div>
   <div class='ocr_carea' id='block_1_74' title="bbox 603 5670 2102 5747">
    <p class='ocr_par' dir='ltr' id='par_1_74' title="bbox 603 5670 2102 5747">
     <span class='ocr_line' id='line_1_74' title="bbox 603 5670 2102 5747; baseline -0.003 -19"><span class='ocrx_word' id='word_1_502' title='bbox 603 5695 625 5728; x_wconf 74' lang='grc' dir='ltr'><strong>ι</strong></span> <span class='ocrx_word' id='word_1_503' title='bbox 652 5675 944 5732; x_wconf 89' lang='lat' dir='ltr'><strong>Conﬁdens</strong></span> <span class='ocrx_word' id='word_1_504' title='bbox 974 5677 1025 5731; x_wconf 90' lang='lat' dir='ltr'><strong>in</strong></span> <span class='ocrx_word' id='word_1_505' title='bbox 1056 5677 1156 5731; x_wconf 89' lang='lat' dir='ltr'><strong>hoc</strong></span> <span class='ocrx_word' id='word_1_506' title='bbox 1194 5676 1397 5747; x_wconf 89' lang='lat' dir='ltr'><strong>ipsum.</strong></span> <span class='ocrx_word' id='word_1_507' title='bbox 1433 5692 1452 5723; x_wconf 77' lang='grc' dir='ltr'><strong>ι</strong></span> <span class='ocrx_word' id='word_1_508' title='bbox 1489 5670 1714 5736; x_wconf 84' lang='lat' dir='ltr'><strong>Conﬁdo</strong></span> <span class='ocrx_word' id='word_1_509' title='bbox 1771 5687 1859 5728; x_wconf 89' lang='lat' dir='ltr'><strong>me</strong></span> <span class='ocrx_word' id='word_1_510' title='bbox 1925 5671 2102 5740; x_wconf 86' lang='lat' dir='ltr'><strong>impe-</strong></span> 
     </span>
    </p>
   </div>
   <div class='ocr_carea' id='block_1_75' title="bbox 533 5775 738 5824">
    <p class='ocr_par' dir='ltr' id='par_1_75' title="bbox 533 5775 738 5824">
     <span class='ocr_line' id='line_1_75' title="bbox 533 5775 738 5824; baseline 0.039 -8"><span class='ocrx_word' id='word_1_511' title='bbox 533 5775 738 5824; x_wconf 84' lang='lat' dir='ltr'><strong>trare..</strong></span> 
     </span>
    </p>
   </div>
   <div class='ocr_carea' id='block_1_76' title="bbox 2110 4468 2161 4527">
    <p class='ocr_par' dir='ltr' id='par_1_76' title="bbox 2110 4468 2161 4527">
     <span class='ocr_line' id='line_1_76' title="bbox 2110 4468 2161 4527; baseline 0 0"><span class='ocrx_word' id='word_1_512' title='bbox 2110 4468 2161 4527; x_wconf 88' lang='lat' dir='ltr'><strong><em>D</em></strong></span> 
     </span>
    </p>
   </div>
   <div class='ocr_carea' id='block_1_77' title="bbox 2247 2903 3737 2978">
    <p class='ocr_par' dir='ltr' id='par_1_77' title="bbox 2247 2903 3737 2978">
     <span class='ocr_line' id='line_1_77' title="bbox 2247 2903 3737 2978; baseline -0.005 -16"><span class='ocrx_word' id='word_1_513' title='bbox 2247 2930 2264 2962; x_wconf 79' lang='grc' dir='ltr'><strong>ι</strong></span> <span class='ocrx_word' id='word_1_514' title='bbox 2298 2909 2434 2977; x_wconf 83' lang='lat' dir='ltr'><strong>Quia</strong></span> <span class='ocrx_word' id='word_1_515' title='bbox 2461 2908 2553 2978; x_wconf 89' lang='lat' dir='ltr'><strong>qui</strong></span> <span class='ocrx_word' id='word_1_516' title='bbox 2599 2907 2849 2978; x_wconf 53' lang='lat' dir='ltr'><strong>coepit&#39;m</strong></span> <span class='ocrx_word' id='word_1_517' title='bbox 2893 2907 3044 2961; x_wconf 80' lang='lat' dir='ltr'><strong>vobis</strong></span> <span class='ocrx_word' id='word_1_518' title='bbox 3075 2920 3213 2976; x_wconf 89' lang='lat' dir='ltr'><strong>opus</strong></span> <span class='ocrx_word' id='word_1_519' title='bbox 3261 2905 3487 2960; x_wconf 89' lang='lat' dir='ltr'><strong>bonum.</strong></span> <span class='ocrx_word' id='word_1_520' title='bbox 3517 2922 3535 2956; x_wconf 83' lang='grc' dir='ltr'><strong>ι</strong></span> <span class='ocrx_word' id='word_1_521' title='bbox 3565 2903 3737 2974; x_wconf 63' lang='lat' dir='ltr'><strong>Carpit</strong></span> 
     </span>
    </p>
   </div>
   <div class='ocr_carea' id='block_1_78' title="bbox 2169 2998 3528 3069">
    <p class='ocr_par' dir='ltr' id='par_1_78' title="bbox 2169 2998 3528 3069">
     <span class='ocr_line' id='line_1_78' title="bbox 2169 2998 3528 3069; baseline -0.007 -9"><span class='ocrx_word' id='word_1_522' title='bbox 2169 3005 2498 3067; x_wconf 84' lang='lat' dir='ltr'><strong>doctrinam,</strong></span> <span class='ocrx_word' id='word_1_523' title='bbox 2540 3001 2655 3055; x_wconf 83' lang='lat' dir='ltr'><strong>sive</strong></span> <span class='ocrx_word' id='word_1_524' title='bbox 2681 3000 2912 3069; x_wconf 87' lang='lat' dir='ltr'><strong>gratiam</strong></span> <span class='ocrx_word' id='word_1_525' title='bbox 2941 2998 3185 3054; x_wconf 57' lang='lat' dir='ltr'><strong>scientia</strong></span> <span class='ocrx_word' id='word_1_526' title='bbox 3211 2999 3528 3068; x_wconf 82' lang='lat' dir='ltr'><strong>largiendo.</strong></span> 
     </span>
    </p>
   </div>
   <div class='ocr_carea' id='block_1_79' title="bbox 2250 3090 3740 3162">
    <p class='ocr_par' dir='ltr' id='par_1_79' title="bbox 2250 3090 3740 3162">
     <span class='ocr_line' id='line_1_79' title="bbox 2250 3090 3740 3162; baseline -0.002 -16"><span class='ocrx_word' id='word_1_527' title='bbox 2250 3112 2269 3146; x_wconf 78' lang='grc' dir='ltr'><strong>ι</strong></span> <span class='ocrx_word' id='word_1_528' title='bbox 2301 3094 2573 3150; x_wconf 87' lang='lat' dir='ltr'><strong>Perliciet.</strong></span> <span class='ocrx_word' id='word_1_529' title='bbox 2601 3112 2620 3146; x_wconf 70' lang='grc' dir='ltr'><strong>ι</strong></span> <span class='ocrx_word' id='word_1_530' title='bbox 2658 3091 3002 3148; x_wconf 84' lang='lat' dir='ltr'><strong>Perﬁciendo</strong></span> <span class='ocrx_word' id='word_1_531' title='bbox 3057 3090 3205 3162; x_wconf 88' lang='lat' dir='ltr'><strong>quod</strong></span> <span class='ocrx_word' id='word_1_532' title='bbox 3249 3091 3394 3147; x_wconf 91' lang='lat' dir='ltr'><strong>docti</strong></span> <span class='ocrx_word' id='word_1_533' title='bbox 3429 3090 3655 3154; x_wconf 84' lang='lat' dir='ltr'><strong>fuerint,</strong></span> <span class='ocrx_word' id='word_1_534' title='bbox 3684 3095 3740 3144; x_wconf 83' lang='lat' dir='ltr'><strong>u‘.</strong></span> 
     </span>
    </p>
   </div>
   <div class='ocr_carea' id='block_1_80' title="bbox 2173 3187 2428 3242">
    <p class='ocr_par' dir='ltr' id='par_1_80' title="bbox 2173 3187 2428 3242">
     <span class='ocr_line' id='line_1_80' title="bbox 2173 3187 2428 3242; baseline -0.008 0"><span class='ocrx_word' id='word_1_535' title='bbox 2173 3187 2428 3242; x_wconf 89' lang='lat' dir='ltr'><strong>doceant.</strong></span> 
     </span>
    </p>
   </div>
   <div class='ocr_carea' id='block_1_81' title="bbox 2249 3294 3742 3369">
    <p class='ocr_par' dir='ltr' id='par_1_81' title="bbox 2249 3294 3742 3369">
     <span class='ocr_line' id='line_1_81' title="bbox 2249 3294 3742 3369; baseline -0.004 -16"><span class='ocrx_word' id='word_1_536' title='bbox 2249 3322 2267 3353; x_wconf 74' lang='grc' dir='ltr'><strong>ι</strong></span> <span class='ocrx_word' id='word_1_537' title='bbox 2306 3299 2488 3369; x_wconf 89' lang='lat' dir='ltr'><strong>Usque</strong></span> <span class='ocrx_word' id='word_1_538' title='bbox 2518 3302 2570 3354; x_wconf 91' lang='lat' dir='ltr'><strong>in</strong></span> <span class='ocrx_word' id='word_1_539' title='bbox 2597 3299 2738 3354; x_wconf 88' lang='lat' dir='ltr'><strong>diem</strong></span> <span class='ocrx_word' id='word_1_540' title='bbox 2767 3298 2975 3361; x_wconf 84' lang='lat' dir='ltr'><strong>Christi</strong></span> <span class='ocrx_word' id='word_1_541' title='bbox 3012 3295 3164 3354; x_wconf 77' lang='lat' dir='ltr'><strong>Jesu.</strong></span> <span class='ocrx_word' id='word_1_542' title='bbox 3196 3315 3216 3350; x_wconf 75' lang='grc' dir='ltr'><strong>ι</strong></span> <span class='ocrx_word' id='word_1_543' title='bbox 3255 3296 3440 3366; x_wconf 88' lang='lat' dir='ltr'><strong>Usque</strong></span> <span class='ocrx_word' id='word_1_544' title='bbox 3489 3295 3558 3349; x_wconf 88' lang='lat' dir='ltr'><strong>ad</strong></span> <span class='ocrx_word' id='word_1_545' title='bbox 3582 3294 3742 3361; x_wconf 75' lang='lat' dir='ltr'><strong>diem.</strong></span> 
     </span>
    </p>
   </div>
   <div class='ocr_carea' id='block_1_82' title="bbox 2175 3389 3744 3466">
    <p class='ocr_par' dir='ltr' id='par_1_82' title="bbox 2175 3389 3744 3466">
     <span class='ocr_line' id='line_1_82' title="bbox 2175 3389 3744 3466; baseline -0.004 -17"><span class='ocrx_word' id='word_1_546' title='bbox 2175 3411 2284 3466; x_wconf 92' lang='lat' dir='ltr'><strong>quo</strong></span> <span class='ocrx_word' id='word_1_547' title='bbox 2307 3397 2375 3450; x_wconf 90' lang='lat' dir='ltr'><strong>dc</strong></span> <span class='ocrx_word' id='word_1_548' title='bbox 2406 3409 2634 3464; x_wconf 85' lang='lat' dir='ltr'><strong>corpore</strong></span> <span class='ocrx_word' id='word_1_549' title='bbox 2663 3393 3018 3449; x_wconf 81' lang='lat' dir='ltr'><strong>recedebant.</strong></span> <span class='ocrx_word' id='word_1_550' title='bbox 3051 3392 3130 3446; x_wconf 80' lang='lat' dir='ltr'><strong>Ex</strong></span> <span class='ocrx_word' id='word_1_551' title='bbox 3157 3408 3266 3463; x_wconf 88' lang='lat' dir='ltr'><strong>quo</strong></span> <span class='ocrx_word' id='word_1_552' title='bbox 3291 3392 3404 3463; x_wconf 88' lang='lat' dir='ltr'><strong>jam</strong></span> <span class='ocrx_word' id='word_1_553' title='bbox 3443 3390 3511 3444; x_wconf 90' lang='lat' dir='ltr'><strong>ad</strong></span> <span class='ocrx_word' id='word_1_554' title='bbox 3539 3389 3744 3444; x_wconf 78' lang='lat' dir='ltr'><strong>Domiti</strong></span> 
     </span>
    </p>
   </div>
   <div class='ocr_carea' id='block_1_83' title="bbox 2179 3487 3193 3556">
    <p class='ocr_par' dir='ltr' id='par_1_83' title="bbox 2179 3487 3193 3556">
     <span class='ocr_line' id='line_1_83' title="bbox 2179 3487 3193 3556; baseline 0 -15"><span class='ocrx_word' id='word_1_555' title='bbox 2179 3489 2552 3556; x_wconf 82' lang='lat' dir='ltr'><strong>unusquisque</strong></span> <span class='ocrx_word' id='word_1_556' title='bbox 2589 3497 2841 3541; x_wconf 87' lang='lat' dir='ltr'><strong>servatur</strong></span> <span class='ocrx_word' id='word_1_557' title='bbox 2873 3487 3193 3541; x_wconf 90' lang='lat' dir='ltr'><strong>adventum.</strong></span> 
     </span>
    </p>
   </div>
   <div class='ocr_carea' id='block_1_84' title="bbox 2256 3576 3746 3646">
    <p class='ocr_par' dir='ltr' id='par_1_84' title="bbox 2256 3576 3746 3646">
     <span class='ocr_line' id='line_1_84' title="bbox 2256 3576 3746 3646; baseline -0.001 -14"><span class='ocrx_word' id='word_1_558' title='bbox 2256 3599 2274 3632; x_wconf 84' lang='grc' dir='ltr'><strong>ι</strong></span> <span class='ocrx_word' id='word_1_559' title='bbox 2309 3582 2460 3634; x_wconf 86' lang='lat' dir='ltr'><strong>Sicut</strong></span> <span class='ocrx_word' id='word_1_560' title='bbox 2489 3589 2574 3633; x_wconf 80' lang='lat' dir='ltr'><strong>est</strong></span> <span class='ocrx_word' id='word_1_561' title='bbox 2608 3579 2738 3632; x_wconf 87' lang='lat' dir='ltr'><strong>mihi</strong></span> <span class='ocrx_word' id='word_1_562' title='bbox 2765 3579 2970 3646; x_wconf 85' lang='lat' dir='ltr'><strong>justum</strong></span> <span class='ocrx_word' id='word_1_563' title='bbox 2994 3577 3096 3632; x_wconf 90' lang='lat' dir='ltr'><strong>hoc</strong></span> <span class='ocrx_word' id='word_1_564' title='bbox 3128 3577 3336 3631; x_wconf 84' lang='lat' dir='ltr'><strong>sentire</strong></span> <span class='ocrx_word' id='word_1_565' title='bbox 3372 3591 3470 3644; x_wconf 89' lang='lat' dir='ltr'><strong>pro</strong></span> <span class='ocrx_word' id='word_1_566' title='bbox 3499 3576 3746 3630; x_wconf 88' lang='lat' dir='ltr'><strong>omnibus</strong></span> 
     </span>
    </p>
   </div>
   <div class='ocr_carea' id='block_1_85' title="bbox 2181 3666 3744 3738">
    <p class='ocr_par' dir='ltr' id='par_1_85' title="bbox 2181 3666 3744 3738">
     <span class='ocr_line' id='line_1_85' title="bbox 2181 3666 3744 3738; baseline -0.004 -12"><span class='ocrx_word' id='word_1_567' title='bbox 2181 3674 2386 3727; x_wconf 64' lang='lat' dir='ltr'><strong>vobis.)</strong></span> <span class='ocrx_word' id='word_1_568' title='bbox 2415 3671 2668 3724; x_wconf 72' lang='lat' dir='ltr'><strong>Charitas</strong></span> <span class='ocrx_word' id='word_1_569' title='bbox 2686 3674 2830 3724; x_wconf 88' lang='lat' dir='ltr'><strong>enim</strong></span> <span class='ocrx_word' id='word_1_570' title='bbox 2865 3669 3048 3722; x_wconf 90' lang='lat' dir='ltr'><strong>omnia</strong></span> <span class='ocrx_word' id='word_1_571' title='bbox 3076 3680 3260 3738; x_wconf 79' lang='lat' dir='ltr'><strong>sperat</strong></span> <span class='ocrx_word' id='word_1_572' title='bbox 3283 3666 3333 3737; x_wconf 87' lang='lat' dir='ltr'><strong>(I</strong></span> <span class='ocrx_word' id='word_1_573' title='bbox 3363 3666 3485 3722; x_wconf 89' lang='lat' dir='ltr'><strong>Cor.</strong></span> <span class='ocrx_word' id='word_1_574' title='bbox 3536 3683 3654 3728; x_wconf 81' lang='lat' dir='ltr'><strong>xm,</strong></span> <span class='ocrx_word' id='word_1_575' title='bbox 3675 3667 3744 3734; x_wconf 87' lang='lat'><strong>7).</strong></span> 
     </span>
    </p>
   </div>
   <div class='ocr_carea' id='block_1_86' title="bbox 2257 3739 3750 3830">
    <p class='ocr_par' dir='ltr' id='par_1_86' title="bbox 2257 3739 3750 3830">
     <span class='ocr_line' id='line_1_86' title="bbox 2257 3739 3750 3830; baseline -0.004 -14"><span class='ocrx_word' id='word_1_576' title='bbox 2257 3784 2274 3816; x_wconf 77' lang='grc' dir='ltr'><strong>ι</strong></span> <span class='ocrx_word' id='word_1_577' title='bbox 2309 3764 2384 3818; x_wconf 86' lang='lat' dir='ltr'><strong>Eo</strong></span> <span class='ocrx_word' id='word_1_578' title='bbox 2417 3763 2559 3830; x_wconf 85' lang='lat' dir='ltr'><strong>quod</strong></span> <span class='ocrx_word' id='word_1_579' title='bbox 2591 3761 2822 3817; x_wconf 87' lang='lat' dir='ltr'><strong>habeam</strong></span> <span class='ocrx_word' id='word_1_580' title='bbox 2874 3775 2972 3815; x_wconf 91' lang='lat' dir='ltr'><strong>vos</strong></span> <span class='ocrx_word' id='word_1_581' title='bbox 2999 3759 3054 3814; x_wconf 90' lang='lat' dir='ltr'><strong>in</strong></span> <span class='ocrx_word' id='word_1_582' title='bbox 3106 3759 3271 3815; x_wconf 91' lang='lat' dir='ltr'><strong>corde</strong></span> <span class='ocrx_word' id='word_1_583' title='bbox 3317 3768 3374 3813; x_wconf 90' lang='lat' dir='ltr'><strong>et</strong></span> <span class='ocrx_word' id='word_1_584' title='bbox 3421 3739 3478 3812; x_wconf 82' lang='lat' dir='ltr'><strong>in</strong></span> <span class='ocrx_word' id='word_1_585' title='bbox 3531 3757 3750 3812; x_wconf 88' lang='lat' dir='ltr'><strong>vinculis</strong></span> 
     </span>
    </p>
   </div>
   <div class='ocr_carea' id='block_1_87' title="bbox 2183 3847 3749 3919">
    <p class='ocr_par' dir='ltr' id='par_1_87' title="bbox 2183 3847 3749 3919">
     <span class='ocr_line' id='line_1_87' title="bbox 2183 3847 3749 3919; baseline -0.005 -11"><span class='ocrx_word' id='word_1_586' title='bbox 2183 3856 2344 3911; x_wconf 89' lang='lat' dir='ltr'><strong>meis.</strong></span> <span class='ocrx_word' id='word_1_587' title='bbox 2383 3875 2399 3907; x_wconf 81' lang='grc' dir='ltr'><strong>ι</strong></span> <span class='ocrx_word' id='word_1_588' title='bbox 2441 3853 2674 3908; x_wconf 85' lang='lat' dir='ltr'><strong>Tantum</strong></span> <span class='ocrx_word' id='word_1_589' title='bbox 2733 3866 2834 3906; x_wconf 90' lang='lat' dir='ltr'><strong>vos</strong></span> <span class='ocrx_word' id='word_1_590' title='bbox 2883 3850 3069 3919; x_wconf 81' lang='lat' dir='ltr'><strong>diligo,</strong></span> <span class='ocrx_word' id='word_1_591' title='bbox 3121 3859 3184 3903; x_wconf 84' lang='lat' dir='ltr'><strong>ut</strong></span> <span class='ocrx_word' id='word_1_592' title='bbox 3248 3849 3385 3904; x_wconf 84' lang='lat' dir='ltr'><strong>mihi</strong></span> <span class='ocrx_word' id='word_1_593' title='bbox 3442 3847 3749 3903; x_wconf 86' lang='lat' dir='ltr'><strong>memoriam</strong></span> 
     </span>
    </p>
   </div>
   <div class='ocr_carea' id='block_1_88' title="bbox 2182 3938 3750 4010">
    <p class='ocr_par' dir='ltr' id='par_1_88' title="bbox 2182 3938 3750 4010">
     <span class='ocr_line' id='line_1_88' title="bbox 2182 3938 3750 4010; baseline -0.003 -12"><span class='ocrx_word' id='word_1_594' title='bbox 2182 3948 2371 4008; x_wconf 88' lang='lat' dir='ltr'><strong>vestri,</strong></span> <span class='ocrx_word' id='word_1_595' title='bbox 2404 3961 2501 4000; x_wconf 86' lang='lat' dir='ltr'><strong>nec</strong></span> <span class='ocrx_word' id='word_1_596' title='bbox 2527 3945 2642 4000; x_wconf 75' lang='lat' dir='ltr'><strong>haec</strong></span> <span class='ocrx_word' id='word_1_597' title='bbox 2673 3943 2974 4010; x_wconf 86' lang='lat' dir='ltr'><strong>tribulatio,</strong></span> <span class='ocrx_word' id='word_1_598' title='bbox 3019 3955 3121 3996; x_wconf 89' lang='lat' dir='ltr'><strong>nec</strong></span> <span class='ocrx_word' id='word_1_599' title='bbox 3147 3939 3458 3997; x_wconf 87' lang='lat' dir='ltr'><strong>sollicitudo</strong></span> <span class='ocrx_word' id='word_1_600' title='bbox 3485 3938 3750 3996; x_wconf 84' lang='lat' dir='ltr'><strong>defensio-</strong></span> 
     </span>
    </p>
   </div>
   <div class='ocr_carea' id='block_1_89' title="bbox 2185 4039 2532 4094">
    <p class='ocr_par' dir='ltr' id='par_1_89' title="bbox 2185 4039 2532 4094">
     <span class='ocr_line' id='line_1_89' title="bbox 2185 4039 2532 4094; baseline -0.006 0"><span class='ocrx_word' id='word_1_601' title='bbox 2185 4041 2272 4094; x_wconf 86' lang='lat' dir='ltr'><strong>nis</strong></span> <span class='ocrx_word' id='word_1_602' title='bbox 2298 4039 2532 4093; x_wconf 89' lang='lat' dir='ltr'><strong>auferat.</strong></span> 
     </span>
    </p>
   </div>
   <div class='ocr_carea' id='block_1_90' title="bbox 2263 4144 3742 4216">
    <p class='ocr_par' dir='ltr' id='par_1_90' title="bbox 2263 4144 3742 4216">
     <span class='ocr_line' id='line_1_90' title="bbox 2263 4144 3742 4216; baseline -0.007 -11"><span class='ocrx_word' id='word_1_603' title='bbox 2263 4171 2282 4205; x_wconf 85' lang='grc'><strong>‹</strong></span> <span class='ocrx_word' id='word_1_604' title='bbox 2310 4153 2377 4208; x_wconf 87' lang='lat' dir='ltr'><strong>Et</strong></span> <span class='ocrx_word' id='word_1_605' title='bbox 2409 4151 2464 4206; x_wconf 81' lang='lat' dir='ltr'><strong>in</strong></span> <span class='ocrx_word' id='word_1_606' title='bbox 2488 4147 2805 4204; x_wconf 88' lang='lat' dir='ltr'><strong>defensione</strong></span> <span class='ocrx_word' id='word_1_607' title='bbox 2843 4156 2898 4202; x_wconf 91' lang='lat' dir='ltr'><strong>et</strong></span> <span class='ocrx_word' id='word_1_608' title='bbox 2939 4145 3356 4202; x_wconf 88' lang='lat' dir='ltr'><strong>conlirmatione</strong></span> <span class='ocrx_word' id='word_1_609' title='bbox 3400 4144 3699 4216; x_wconf 76' lang='lat' dir='ltr'><strong>Evangelii.</strong></span> <span class='ocrx_word' id='word_1_610' title='bbox 3723 4161 3742 4195; x_wconf 73' lang='grc' dir='ltr'><strong>ι</strong></span> 
     </span>
    </p>
   </div>
   <div class='ocr_carea' id='block_1_91' title="bbox 2187 4238 3749 4312">
    <p class='ocr_par' dir='ltr' id='par_1_91' title="bbox 2187 4238 3749 4312">
     <span class='ocr_line' id='line_1_91' title="bbox 2187 4238 3749 4312; baseline -0.005 -12"><span class='ocrx_word' id='word_1_611' title='bbox 2187 4243 2542 4300; x_wconf 88' lang='lat' dir='ltr'><strong>Conﬁrmatio</strong></span> <span class='ocrx_word' id='word_1_612' title='bbox 2569 4240 2846 4312; x_wconf 80' lang='lat' dir='ltr'><strong>Evangelii</strong></span> <span class='ocrx_word' id='word_1_613' title='bbox 2893 4248 2975 4296; x_wconf 90' lang='lat' dir='ltr'><strong>est</strong></span> <span class='ocrx_word' id='word_1_614' title='bbox 3002 4249 3271 4296; x_wconf 87' lang='lat' dir='ltr'><strong>constans</strong></span> <span class='ocrx_word' id='word_1_615' title='bbox 3299 4238 3588 4294; x_wconf 86' lang='lat' dir='ltr'><strong>tolerantia</strong></span> <span class='ocrx_word' id='word_1_616' title='bbox 3618 4253 3749 4310; x_wconf 77' lang='lat' dir='ltr'><strong>prae-</strong></span> 
     </span>
    </p>
   </div>
   <div class='ocr_carea' id='block_1_92' title="bbox 2189 4337 2451 4395">
    <p class='ocr_par' dir='ltr' id='par_1_92' title="bbox 2189 4337 2451 4395">
     <span class='ocr_line' id='line_1_92' title="bbox 2189 4337 2451 4395; baseline -0.015 0"><span class='ocrx_word' id='word_1_617' title='bbox 2189 4337 2451 4395; x_wconf 80' lang='lat' dir='ltr'><strong>dicentis.</strong></span> 
     </span>
    </p>
   </div>
   <div class='ocr_carea' id='block_1_93' title="bbox 2219 4443 3740 4519">
    <p class='ocr_par' dir='ltr' id='par_1_93' title="bbox 2219 4443 3740 4519">
     <span class='ocr_line' id='line_1_93' title="bbox 2219 4443 3740 4519; baseline -0.007 -12"><span class='ocrx_word' id='word_1_618' title='bbox 2219 4501 2230 4507; x_wconf 90' lang='lat'><strong>-</strong></span> <span class='ocrx_word' id='word_1_619' title='bbox 2264 4468 2284 4501; x_wconf 72' lang='grc' dir='ltr'><strong>ι</strong></span> <span class='ocrx_word' id='word_1_620' title='bbox 2315 4450 2505 4504; x_wconf 87' lang='lat' dir='ltr'><strong>Socios</strong></span> <span class='ocrx_word' id='word_1_621' title='bbox 2536 4447 2716 4519; x_wconf 87' lang='lat' dir='ltr'><strong>gaudii</strong></span> <span class='ocrx_word' id='word_1_622' title='bbox 2761 4446 2865 4501; x_wconf 91' lang='lat' dir='ltr'><strong>mei</strong></span> <span class='ocrx_word' id='word_1_623' title='bbox 2904 4459 3095 4501; x_wconf 88' lang='lat' dir='ltr'><strong>omnes</strong></span> <span class='ocrx_word' id='word_1_624' title='bbox 3126 4460 3225 4501; x_wconf 91' lang='lat' dir='ltr'><strong>vos</strong></span> <span class='ocrx_word' id='word_1_625' title='bbox 3256 4459 3400 4501; x_wconf 89' lang='lat' dir='ltr'><strong>esse.</strong></span> <span class='ocrx_word' id='word_1_626' title='bbox 3428 4463 3448 4497; x_wconf 77' lang='grc' dir='ltr'><strong>ι</strong></span> <span class='ocrx_word' id='word_1_627' title='bbox 3477 4443 3592 4500; x_wconf 80' lang='lat' dir='ltr'><strong>Hoc</strong></span> <span class='ocrx_word' id='word_1_628' title='bbox 3626 4458 3740 4499; x_wconf 81' lang='lat' dir='ltr'><strong>sen-</strong></span> 
     </span>
    </p>
   </div>
   <div class='ocr_carea' id='block_1_94' title="bbox 2189 4535 3746 4608">
    <p class='ocr_par' dir='ltr' id='par_1_94' title="bbox 2189 4535 3746 4608">
     <span class='ocr_line' id='line_1_94' title="bbox 2189 4535 3746 4608; baseline -0.006 -12"><span class='ocrx_word' id='word_1_629' title='bbox 2189 4543 2264 4599; x_wconf 91' lang='lat' dir='ltr'><strong>tio</strong></span> <span class='ocrx_word' id='word_1_630' title='bbox 2292 4543 2357 4597; x_wconf 91' lang='lat' dir='ltr'><strong>de</strong></span> <span class='ocrx_word' id='word_1_631' title='bbox 2388 4543 2541 4597; x_wconf 83' lang='lat' dir='ltr'><strong>vonis</strong></span> <span class='ocrx_word' id='word_1_632' title='bbox 2571 4551 2625 4596; x_wconf 90' lang='lat' dir='ltr'><strong>et</strong></span> <span class='ocrx_word' id='word_1_633' title='bbox 2659 4541 2821 4594; x_wconf 89' lang='lat' dir='ltr'><strong>credo</strong></span> <span class='ocrx_word' id='word_1_634' title='bbox 2855 4556 2871 4595; x_wconf 84' lang='lat'><strong>:</strong></span> <span class='ocrx_word' id='word_1_635' title='bbox 2901 4540 3030 4608; x_wconf 86' lang='lat' dir='ltr'><strong>quia</strong></span> <span class='ocrx_word' id='word_1_636' title='bbox 3057 4539 3201 4593; x_wconf 89' lang='lat' dir='ltr'><strong>sicut</strong></span> <span class='ocrx_word' id='word_1_637' title='bbox 3231 4551 3365 4592; x_wconf 60' lang='lat' dir='ltr'><strong>mea:</strong></span> <span class='ocrx_word' id='word_1_638' title='bbox 3391 4535 3746 4592; x_wconf 87' lang='lat' dir='ltr'><strong>tribulationis</strong></span> 
     </span>
    </p>
   </div>
   <div class='ocr_carea' id='block_1_95' title="bbox 2188 4627 3746 4700">
    <p class='ocr_par' dir='ltr' id='par_1_95' title="bbox 2188 4627 3746 4700">
     <span class='ocr_line' id='line_1_95' title="bbox 2188 4627 3746 4700; baseline -0.007 -10"><span class='ocrx_word' id='word_1_639' title='bbox 2188 4634 2321 4690; x_wconf 88' lang='lat' dir='ltr'><strong>socii</strong></span> <span class='ocrx_word' id='word_1_640' title='bbox 2355 4635 2508 4697; x_wconf 87' lang='lat' dir='ltr'><strong>estis,</strong></span> <span class='ocrx_word' id='word_1_641' title='bbox 2531 4633 2602 4686; x_wconf 91' lang='lat' dir='ltr'><strong>ita</strong></span> <span class='ocrx_word' id='word_1_642' title='bbox 2638 4633 2794 4690; x_wconf 89' lang='lat' dir='ltr'><strong>eritis</strong></span> <span class='ocrx_word' id='word_1_643' title='bbox 2824 4640 2877 4686; x_wconf 87' lang='lat' dir='ltr'><strong>et</strong></span> <span class='ocrx_word' id='word_1_644' title='bbox 2905 4630 3087 4700; x_wconf 87' lang='lat' dir='ltr'><strong>gaudii</strong></span> <span class='ocrx_word' id='word_1_645' title='bbox 3122 4629 3469 4699; x_wconf 83' lang='lat' dir='ltr'><strong>sempiterni.</strong></span> <span class='ocrx_word' id='word_1_646' title='bbox 3504 4628 3631 4682; x_wconf 84' lang='lat' dir='ltr'><strong>Sive</strong></span> <span class='ocrx_word' id='word_1_647' title='bbox 3656 4627 3746 4681; x_wconf 86' lang='lat' dir='ltr'><strong>sic:</strong></span> 
     </span>
    </p>
   </div>
   <div class='ocr_carea' id='block_1_96' title="bbox 2188 4720 3751 4793">
    <p class='ocr_par' dir='ltr' id='par_1_96' title="bbox 2188 4720 3751 4793">
     <span class='ocr_line' id='line_1_96' title="bbox 2188 4720 3751 4793; baseline -0.008 -10"><span class='ocrx_word' id='word_1_648' title='bbox 2188 4729 2304 4783; x_wconf 89' lang='lat' dir='ltr'><strong>scio</strong></span> <span class='ocrx_word' id='word_1_649' title='bbox 2334 4742 2429 4782; x_wconf 90' lang='lat' dir='ltr'><strong>vos</strong></span> <span class='ocrx_word' id='word_1_650' title='bbox 2463 4728 2536 4780; x_wconf 90' lang='lat' dir='ltr'><strong>ita</strong></span> <span class='ocrx_word' id='word_1_651' title='bbox 2570 4723 2862 4793; x_wconf 84' lang='lat' dir='ltr'><strong>Evangelio</strong></span> <span class='ocrx_word' id='word_1_652' title='bbox 2883 4721 3205 4786; x_wconf 89' lang='lat' dir='ltr'><strong>credidisse,</strong></span> <span class='ocrx_word' id='word_1_653' title='bbox 3243 4729 3302 4774; x_wconf 91' lang='lat' dir='ltr'><strong>ut</strong></span> <span class='ocrx_word' id='word_1_654' title='bbox 3326 4720 3492 4774; x_wconf 90' lang='lat' dir='ltr'><strong>etiam</strong></span> <span class='ocrx_word' id='word_1_655' title='bbox 3518 4720 3572 4774; x_wconf 93' lang='lat' dir='ltr'><strong>in</strong></span> <span class='ocrx_word' id='word_1_656' title='bbox 3597 4720 3751 4774; x_wconf 82' lang='lat' dir='ltr'><strong>tribu-</strong></span> 
     </span>
    </p>
   </div>
   <div class='ocr_carea' id='block_1_97' title="bbox 2193 4811 3749 4886">
    <p class='ocr_par' dir='ltr' id='par_1_97' title="bbox 2193 4811 3749 4886">
     <span class='ocr_line' id='line_1_97' title="bbox 2193 4811 3749 4886; baseline -0.008 -12"><span class='ocrx_word' id='word_1_657' title='bbox 2193 4819 2486 4876; x_wconf 83' lang='lat' dir='ltr'><strong>lationibus</strong></span> <span class='ocrx_word' id='word_1_658' title='bbox 2517 4816 2649 4872; x_wconf 84' lang='lat' dir='ltr'><strong>meis</strong></span> <span class='ocrx_word' id='word_1_659' title='bbox 2673 4831 2768 4886; x_wconf 89' lang='lat' dir='ltr'><strong>pro</strong></span> <span class='ocrx_word' id='word_1_660' title='bbox 2798 4815 2918 4884; x_wconf 86' lang='lat' dir='ltr'><strong>ejus</strong></span> <span class='ocrx_word' id='word_1_661' title='bbox 2950 4813 3277 4870; x_wconf 89' lang='lat' dir='ltr'><strong>defensione</strong></span> <span class='ocrx_word' id='word_1_662' title='bbox 3309 4827 3528 4867; x_wconf 89' lang='lat' dir='ltr'><strong>mecum</strong></span> <span class='ocrx_word' id='word_1_663' title='bbox 3561 4811 3749 4880; x_wconf 86' lang='lat' dir='ltr'><strong>pariter</strong></span> 
     </span>
    </p>
   </div>
   <div class='ocr_carea' id='block_1_98' title="bbox 2193 4911 2500 4984">
    <p class='ocr_par' dir='ltr' id='par_1_98' title="bbox 2193 4911 2500 4984">
     <span class='ocr_line' id='line_1_98' title="bbox 2193 4911 2500 4984; baseline -0.016 -17"><span class='ocrx_word' id='word_1_664' title='bbox 2193 4911 2500 4984; x_wconf 82' lang='lat' dir='ltr'><strong>gaudeaﬁs.</strong></span> 
     </span>
    </p>
   </div>
   <div class='ocr_carea' id='block_1_99' title="bbox 2270 5016 3751 5088">
    <p class='ocr_par' dir='ltr' id='par_1_99' title="bbox 2270 5016 3751 5088">
     <span class='ocr_line' id='line_1_99' title="bbox 2270 5016 3751 5088; baseline -0.009 -9"><span class='ocrx_word' id='word_1_665' title='bbox 2270 5045 2289 5079; x_wconf 73' lang='grc' dir='ltr'><strong>ι</strong></span> <span class='ocrx_word' id='word_1_666' title='bbox 2315 5025 2495 5081; x_wconf 85' lang='lat' dir='ltr'><strong>Testis</strong></span> <span class='ocrx_word' id='word_1_667' title='bbox 2541 5024 2688 5079; x_wconf 88' lang='lat' dir='ltr'><strong>enim</strong></span> <span class='ocrx_word' id='word_1_668' title='bbox 2730 5022 2857 5077; x_wconf 86' lang='lat' dir='ltr'><strong>mihi</strong></span> <span class='ocrx_word' id='word_1_669' title='bbox 2908 5031 2996 5076; x_wconf 88' lang='lat' dir='ltr'><strong>est</strong></span> <span class='ocrx_word' id='word_1_670' title='bbox 3045 5023 3208 5087; x_wconf 82' lang='lat' dir='ltr'><strong>Deus,</strong></span> <span class='ocrx_word' id='word_1_671' title='bbox 3235 5018 3514 5088; x_wconf 90' lang='lat' dir='ltr'><strong>quomodo</strong></span> <span class='ocrx_word' id='word_1_672' title='bbox 3552 5016 3751 5086; x_wconf 85' lang='lat' dir='ltr'><strong>cupiam</strong></span> 
     </span>
    </p>
   </div>
   <div class='ocr_carea' id='block_1_100' title="bbox 2194 5107 3758 5174">
    <p class='ocr_par' dir='ltr' id='par_1_100' title="bbox 2194 5107 3758 5174">
     <span class='ocr_line' id='line_1_100' title="bbox 2194 5107 3758 5174; baseline -0.011 0"><span class='ocrx_word' id='word_1_673' title='bbox 2194 5133 2388 5174; x_wconf 91' lang='lat' dir='ltr'><strong>omnes</strong></span> <span class='ocrx_word' id='word_1_674' title='bbox 2429 5133 2524 5172; x_wconf 82' lang='lat' dir='ltr'><strong>vos</strong></span> <span class='ocrx_word' id='word_1_675' title='bbox 2552 5131 2673 5171; x_wconf 89' lang='lat' dir='ltr'><strong>esse</strong></span> <span class='ocrx_word' id='word_1_676' title='bbox 2705 5115 2758 5169; x_wconf 92' lang='lat' dir='ltr'><strong>in</strong></span> <span class='ocrx_word' id='word_1_677' title='bbox 2819 5115 3124 5170; x_wconf 83' lang='lat' dir='ltr'><strong>visceribus</strong></span> <span class='ocrx_word' id='word_1_678' title='bbox 3153 5111 3282 5167; x_wconf 80' lang='lat' dir='ltr'><strong>Jesu</strong></span> <span class='ocrx_word' id='word_1_679' title='bbox 3321 5111 3552 5167; x_wconf 85' lang='lat' dir='ltr'><strong>Christi.</strong></span> <span class='ocrx_word' id='word_1_680' title='bbox 3586 5127 3605 5160; x_wconf 78' lang='grc' dir='ltr'><strong>ι</strong></span> <span class='ocrx_word' id='word_1_681' title='bbox 3645 5107 3758 5160; x_wconf 79' lang='lat' dir='ltr'><strong>Sive</strong></span> 
     </span>
    </p>
   </div>
   <div class='ocr_carea' id='block_1_101' title="bbox 2199 5203 3758 5281">
    <p class='ocr_par' dir='ltr' id='par_1_101' title="bbox 2199 5203 3758 5281">
     <span class='ocr_line' id='line_1_101' title="bbox 2199 5203 3758 5281; baseline -0.01 -13"><span class='ocrx_word' id='word_1_682' title='bbox 2199 5228 2322 5268; x_wconf 89' lang='lat' dir='ltr'><strong>esse</strong></span> <span class='ocrx_word' id='word_1_683' title='bbox 2359 5211 2474 5281; x_wconf 86' lang='lat' dir='ltr'><strong>ejus</strong></span> <span class='ocrx_word' id='word_1_684' title='bbox 2503 5211 2554 5264; x_wconf 92' lang='lat' dir='ltr'><strong>in</strong></span> <span class='ocrx_word' id='word_1_685' title='bbox 2585 5208 2910 5272; x_wconf 88' lang='lat' dir='ltr'><strong>visceribus,</strong></span> <span class='ocrx_word' id='word_1_686' title='bbox 2949 5208 3064 5262; x_wconf 90' lang='lat' dir='ltr'><strong>sive</strong></span> <span class='ocrx_word' id='word_1_687' title='bbox 3106 5206 3180 5261; x_wconf 91' lang='lat' dir='ltr'><strong>ita</strong></span> <span class='ocrx_word' id='word_1_688' title='bbox 3227 5219 3323 5261; x_wconf 91' lang='lat' dir='ltr'><strong>vos</strong></span> <span class='ocrx_word' id='word_1_689' title='bbox 3363 5203 3613 5259; x_wconf 86' lang='lat' dir='ltr'><strong>desidero</strong></span> <span class='ocrx_word' id='word_1_690' title='bbox 3649 5210 3758 5254; x_wconf 86' lang='lat' dir='ltr'><strong>tan-</strong></span> 
     </span>
    </p>
   </div>
   <div class='ocr_carea' id='block_1_102' title="bbox 2199 5298 2858 5373">
    <p class='ocr_par' dir='ltr' id='par_1_102' title="bbox 2199 5298 2858 5373">
     <span class='ocr_line' id='line_1_102' title="bbox 2199 5298 2858 5373; baseline -0.006 -18"><span class='ocrx_word' id='word_1_691' title='bbox 2199 5318 2360 5373; x_wconf 89' lang='lat' dir='ltr'><strong>quam</strong></span> <span class='ocrx_word' id='word_1_692' title='bbox 2395 5302 2604 5354; x_wconf 84' lang='lat' dir='ltr'><strong>viscera</strong></span> <span class='ocrx_word' id='word_1_693' title='bbox 2634 5298 2858 5354; x_wconf 86' lang='lat' dir='ltr'><strong>Christi.</strong></span> 
     </span>
    </p>
   </div>
   <div class='ocr_carea' id='block_1_103' title="bbox 2276 5382 3758 5457">
    <p class='ocr_par' dir='ltr' id='par_1_103' title="bbox 2276 5382 3758 5457">
     <span class='ocr_line' id='line_1_103' title="bbox 2276 5382 3758 5457; baseline -0.007 -13"><span class='ocrx_word' id='word_1_694' title='bbox 2276 5411 2295 5444; x_wconf 77' lang='grc'><strong>(</strong></span> <span class='ocrx_word' id='word_1_695' title='bbox 2326 5393 2392 5446; x_wconf 84' lang='grc' dir='ltr'>Ει</span> <span class='ocrx_word' id='word_1_696' title='bbox 2418 5393 2519 5446; x_wconf 88' lang='lat' dir='ltr'><strong>hoc</strong></span> <span class='ocrx_word' id='word_1_697' title='bbox 2543 5406 2665 5454; x_wconf 91' lang='lat' dir='ltr'><strong>oro,</strong></span> <span class='ocrx_word' id='word_1_698' title='bbox 2704 5399 2761 5442; x_wconf 89' lang='lat' dir='ltr'><strong>ut</strong></span> <span class='ocrx_word' id='word_1_699' title='bbox 2786 5391 3030 5445; x_wconf 88' lang='lat' dir='ltr'><strong>charitas</strong></span> <span class='ocrx_word' id='word_1_700' title='bbox 3074 5397 3252 5443; x_wconf 85' lang='lat' dir='ltr'><strong>vestra</strong></span> <span class='ocrx_word' id='word_1_701' title='bbox 3289 5387 3464 5457; x_wconf 86' lang='lat' dir='ltr'><strong>magis</strong></span> <span class='ocrx_word' id='word_1_702' title='bbox 3499 5401 3566 5440; x_wconf 88' lang='lat' dir='ltr'><strong>ac</strong></span> <span class='ocrx_word' id='word_1_703' title='bbox 3599 5382 3758 5451; x_wconf 83' lang='lat' dir='ltr'><strong>magis</strong></span> 
     </span>
    </p>
   </div>
   <div class='ocr_carea' id='block_1_104' title="bbox 2200 5475 3766 5551">
    <p class='ocr_par' dir='ltr' id='par_1_104' title="bbox 2200 5475 3766 5551">
     <span class='ocr_line' id='line_1_104' title="bbox 2200 5475 3766 5551; baseline -0.008 -12"><span class='ocrx_word' id='word_1_704' title='bbox 2200 5484 2457 5539; x_wconf 86' lang='lat' dir='ltr'><strong>abundet.</strong></span> <span class='ocrx_word' id='word_1_705' title='bbox 2496 5501 2515 5534; x_wconf 72' lang='grc' dir='ltr'><strong>ι</strong></span> <span class='ocrx_word' id='word_1_706' title='bbox 2569 5481 2642 5538; x_wconf 88' lang='lat' dir='ltr'><strong>Ut</strong></span> <span class='ocrx_word' id='word_1_707' title='bbox 2691 5497 2788 5537; x_wconf 91' lang='lat' dir='ltr'><strong>vos</strong></span> <span class='ocrx_word' id='word_1_708' title='bbox 2837 5483 2890 5536; x_wconf 91' lang='lat' dir='ltr'><strong>in</strong></span> <span class='ocrx_word' id='word_1_709' title='bbox 2937 5496 3004 5536; x_wconf 87' lang='lat' dir='ltr'><strong>eo</strong></span> <span class='ocrx_word' id='word_1_710' title='bbox 3060 5482 3206 5551; x_wconf 89' lang='lat' dir='ltr'><strong>quod</strong></span> <span class='ocrx_word' id='word_1_711' title='bbox 3259 5480 3498 5546; x_wconf 85' lang='lat' dir='ltr'><strong>habetis,</strong></span> <span class='ocrx_word' id='word_1_712' title='bbox 3547 5475 3766 5546; x_wconf 80' lang='lat' dir='ltr'><strong>amplius</strong></span> 
     </span>
    </p>
   </div>
   <div class='ocr_carea' id='block_1_105' title="bbox 2202 5575 2516 5630">
    <p class='ocr_par' dir='ltr' id='par_1_105' title="bbox 2202 5575 2516 5630">
     <span class='ocr_line' id='line_1_105' title="bbox 2202 5575 2516 5630; baseline -0.01 0"><span class='ocrx_word' id='word_1_713' title='bbox 2202 5575 2516 5630; x_wconf 76' lang='lat' dir='ltr'><strong>abundeus.</strong></span> 
     </span>
    </p>
   </div>
   <div class='ocr_carea' id='block_1_106' title="bbox 2285 5658 3766 5732">
    <p class='ocr_par' dir='ltr' id='par_1_106' title="bbox 2285 5658 3766 5732">
     <span class='ocr_line' id='line_1_106' title="bbox 2285 5658 3766 5732; baseline -0.005 -13"><span class='ocrx_word' id='word_1_714' title='bbox 2285 5685 2302 5718; x_wconf 79' lang='grc' dir='ltr'><strong>ι</strong></span> <span class='ocrx_word' id='word_1_715' title='bbox 2327 5666 2392 5720; x_wconf 82' lang='lat' dir='ltr'><strong>In</strong></span> <span class='ocrx_word' id='word_1_716' title='bbox 2413 5667 2662 5728; x_wconf 86' lang='lat' dir='ltr'><strong>scicntia,</strong></span> <span class='ocrx_word' id='word_1_717' title='bbox 2689 5677 2746 5721; x_wconf 92' lang='lat' dir='ltr'><strong>et</strong></span> <span class='ocrx_word' id='word_1_718' title='bbox 2775 5668 2828 5719; x_wconf 90' lang='lat' dir='ltr'><strong>in</strong></span> <span class='ocrx_word' id='word_1_719' title='bbox 2853 5665 2996 5721; x_wconf 87' lang='lat' dir='ltr'><strong>omni</strong></span> <span class='ocrx_word' id='word_1_720' title='bbox 3021 5680 3210 5730; x_wconf 89' lang='lat' dir='ltr'><strong>sensu,</strong></span> <span class='ocrx_word' id='word_1_721' title='bbox 3241 5673 3299 5718; x_wconf 91' lang='lat' dir='ltr'><strong>ut</strong></span> <span class='ocrx_word' id='word_1_722' title='bbox 3327 5662 3570 5732; x_wconf 88' lang='lat' dir='ltr'><strong>probetis</strong></span> <span class='ocrx_word' id='word_1_723' title='bbox 3604 5658 3766 5730; x_wconf 81' lang='lat' dir='ltr'><strong>potio-</strong></span> 
     </span>
    </p>
   </div>
   <div class='ocr_carea' id='block_1_107' title="bbox 2206 5751 3766 5827">
    <p class='ocr_par' dir='ltr' id='par_1_107' title="bbox 2206 5751 3766 5827">
     <span class='ocr_line' id='line_1_107' title="bbox 2206 5751 3766 5827; baseline -0.005 -15"><span class='ocrx_word' id='word_1_724' title='bbox 2206 5774 2288 5812; x_wconf 84' lang='lat' dir='ltr'><strong>ra.</strong></span> <span class='ocrx_word' id='word_1_725' title='bbox 2321 5775 2338 5809; x_wconf 78' lang='grc' dir='ltr'><strong>ι</strong></span> <span class='ocrx_word' id='word_1_726' title='bbox 2372 5756 2701 5822; x_wconf 72' lang='lat' dir='ltr'><strong>Notandum,</strong></span> <span class='ocrx_word' id='word_1_727' title='bbox 2737 5757 2866 5827; x_wconf 88' lang='lat' dir='ltr'><strong>quia</strong></span> <span class='ocrx_word' id='word_1_728' title='bbox 2913 5756 3217 5812; x_wconf 88' lang='lat' dir='ltr'><strong>scientibus</strong></span> <span class='ocrx_word' id='word_1_729' title='bbox 3279 5757 3461 5812; x_wconf 85' lang='lat' dir='ltr'><strong>adhuc</strong></span> <span class='ocrx_word' id='word_1_730' title='bbox 3490 5751 3766 5809; x_wconf 53' lang='lat' dir='ltr'><strong>scientiam</strong></span> 
     </span>
    </p>
   </div>
  </div>
