3956 6196
245 366 343 430 331
1361 381 1771 448 exposmo
1814 391 1894 453 lN
1930 352 2300 457 Epts'rxin
2345 399 2672 465 PHlLiPP.
3384 415 3495 481 882

245 484 591 596 deprecatur,
620 494 679 541 ut
725 489 970 550 sinceres
1017 494 1074 550 in
1104 496 1362 553 omnibus
1413 514 1535 558 esse
1581 505 1820 564 valeant.
1854 514 1897 573 Λ
1929 526 2028 580 per
2063 524 2298 570 vestram
2327 518 2655 575 orationem.
2683 539 2703 574 ι
2732 520 2884 590 Quod
2908 522 3037 578 mihi
3057 539 3252 583 nocere
3276 540 3489 596 putant,

243 574 418 631 Nemo
449 577 595 633 enim
626 594 793 649 aeger,
823 597 893 639 an
923 586 1107 643 sanari
1131 589 1328 659 possit,
1370 594 1638 664 agnoscit.

321 687 343 721 ι
370 667 441 726 Ut
472 671 592 728 sitis
621 673 865 733 sinceras
888 687 942 733 et
970 678 1093 736 sine
1123 679 1331 738 offensa
1365 687 1419 740 in
1452 688 1596 744 diem
1651 690 1816 747 Clario

246 760 343 816 sti.
370 780 392 816 ι
438 760 686 820 Sinceris
709 767 937 823 materia
972 779 1078 838 est,
1098 787 1219 844 qua!
1247 785 1496 833 naturam
1523 795 1674 835 suam
1705 798 1817 838 sero

241 860 357 918 vat,
398 854 551 909 nulla
577 857 919 916 extrinsecus
954 866 1311 933 corruptione
1342 869 1521 924 fucata
1549 890 1564 926 :
1593 873 1700 928 tale
1734 876 1816 929 vi-

240 960 371 1000 num
396 960 618 1016 semper
648 948 704 1004 in
737 950 938 1007 melius
970 954 1207 1024 proiicit,
1235 974 1341 1013 nou
1370 960 1421 1015 in
1450 964 1624 1032 pejus.

316 1055 337 1089 ε
363 1037 571 1107 Repleti
602 1041 783 1097 fructu
814 1041 1043 1113 iustitiae
1078 1064 1174 1117 per
1220 1050 1409 1106 Jesum
1457 1057 1757 1116 Christum.
1792 1080 1811 1113 ι

237 1126 357 1183 Non
395 1131 571 1185 solum
605 1133 850 1190 sinceres
876 1136 946 1192 ab
971 1140 1119 1194 omni
1155 1147 1506 1212 corruptione
1548 1150 1690 1212 sitis.
1720 1154 1815 1209 sed

236 1219 405 1272 etiam
440 1220 625 1278 fructu
652 1223 898 1293 iustitiae,
924 1228 1215 1287 abundetis
1255 1237 1506 1306 exemplo
1559 1238 1761 1297 Christi
1800 1262 1814 1297 :

237 1310 330 1376 qui
353 1326 463 1367 non
498 1315 658 1369 modo
689 1317 954 1374 malitiam
981 1336 1086 1389 non
1110 1323 1299 1390 habet,
1343 1330 1441 1382 sed
1474 1331 1640 1386 etiam
1670 1334 1816 1389 bono

238 1402 526 1461 redundat.

311 1512 332 1547 ι
359 1494 416 1550 1η
437 1497 662 1567 gloriam
689 1514 746 1559 et
782 1505 1000 1564 laudem
1048 1509 1168 1568 Dei.
1203 1530 1220 1563 ι
1259 1512 1329 1571 Ut
1381 1516 1643 1585 glorietur
1672 1521 1815 1580 Deus

243 1585 300 1640 in
331 1590 545 1646 actibus
567 1596 788 1653 vestris.

308 1679 496 1738 «Scire
523 1695 700 1741 autem
729 1690 852 1747 volo
874 1707 992 1759 vos,
1015 1694 1367 1770 fratres,quia
1397 1719 1517 1771 quas
1548 1707 1694 1762 circa
1728 1722 1814 1762 me

230 1782 385 1871 sunt.
414 1793 433 1827 ι
464 1775 561 1832 llic
591 1784 907 1842 consolatur
938 1804 1034 1845 eos
1060 1792 1127 1846 de
1157 1806 1252 1846 sua
1280 1794 1630 1852 tribulatione
1668 1817 1682 1854 :
1716 1800 1808 1871 qui

232 1863 541 1933 audierant,
562 1885 689 1927 eum
714 1875 953 1948 vinctum
988 1882 1045 1936 in
1075 1885 1206 1939 urbe
1236 1885 1406 1940 Roma
1439 1889 1724 1946 custodiri.

314 1973 335 2008 t
368 1958 536 2051 Magis
575 1964 642 2018 ad
665 1966 970 2033 proiectum
996 1985 1264 2044 venerunt
1308 1977 1609 2051 Evangelii,
1644 1983 1715 2037 ita
1745 1974 1803 2038 ut

248 2050 467 2105 vincula
496 2068 614 2109 mea
649 2058 934 2116 manifesta
958 2062 1156 2122 ﬂerent
1209 2069 1262 2123 in
1290 2050 1534 2139 Christo,
1563 2074 1619 2129 in
1662 2077 1808 2132 omni

234 2142 516 2211 praetorio,
546 2155 602 2201 et
647 2149 699 2203 in
739 2155 956 2211 exteris
981 2160 1257 2218 omnibus.
1287 2181 1307 2216 ι
1338 2163 1455 2220 Non
1492 2167 1667 2223 solum
1705 2184 1811 2225 non

234 2231 461 2303 obsunt,
492 2238 590 2294 sed
637 2240 804 2298 etiam
848 2248 1195 2317 profuerunt,
1229 2255 1356 2309 dum
1406 2258 1809 2330 manifestatur,

234 2339 324 2378 me
345 2340 455 2381 non
486 2343 589 2398 pro
613 2331 801 2405 aliquo
828 2337 1083 2408 crimine,
1108 2344 1206 2399 sed
1234 2359 1333 2415 pro
1361 2345 1585 2405 Christo
1628 2352 1810 2408 omnia

231 2416 532 2476 sustinere.

311 2527 333 2561 ε
359 2507 433 2566 Ut
460 2512 648 2583 plures
684 2532 715 2572 e
744 2518 1007 2580 fratribus
1040 2525 1092 2581 in
1121 2528 1352 2585 Domino
1383 2534 1748 2595 confidentes.
1785 2559 1805 2593 ι

235 2598 429 2660 Plures
460 2614 577 2663 mea
641 2611 998 2674 tribulatione
1041 2628 1356 2681 constantes
1411 2625 1592 2684 effecti
1657 2639 1807 2699 sunt,

237 2707 401 2762 quam
437 2699 707 2759 doctrina.

313 2805 335 2839 σ
363 2790 421 2845 in
446 2793 686 2855 vinculis
718 2800 856 2855 meis
891 2801 1266 2864 abundantius
1296 2811 1561 2870 auderent
1594 2816 1716 2871 sine
1744 2815 1814 2871 ti-

236 2898 393 2941 more
445 2889 676 2946 verbum
738 2893 833 2951 Dei
875 2896 1044 2968 loqui.
1075 2919 1095 2951 ι
1153 2898 1503 2959 Vinculorttm
1566 2921 1807 2962 meorum

234 2979 487 3067 esemplo
508 2978 631 3038 sunt
658 2985 891 3056 incitati,
916 2990 1043 3046 dum
1075 3006 1161 3047 me
1192 2994 1447 3053 viderunt
1469 3013 1568 3067 pro
1587 2999 1809 3056 Christo

234 3062 592 3128 libentissime
620 3077 921 3135 sustinere.

1923 607 1977 662 in
2001 607 2229 663 salutem
2254 612 2577 680 proveniet:
2608 615 2732 686 quia
2768 630 2873 672 non
2920 617 3093 673 solum
3128 634 3224 689 per
3269 621 3493 677 verbum

1921 710 1973 757 et
2017 703 2329 773 passionem
2368 721 2566 776 meam,
2619 709 2714 767 sed
2743 711 2910 767 etiam
2953 727 3049 783 per
3083 715 3266 769 odium
3292 714 3493 772 Christi

1926 795 2171 853 Ecclesia
2206 814 2607 870 augmentatnr.

2000 907 2018 941 ‹
2048 889 2113 945 Et
2173 893 2739 954 subministrationem
2789 898 3160 969 spiritusiesu
3212 899 3486 957 Christi.»

1921 979 2058 1048 Quia
2095 986 2161 1042 ad
2198 1002 2372 1042 meam
2405 1003 2502 1058 per
2522 990 2705 1044 omnia
2735 989 2963 1044 salutem
3003 991 3310 1061 guhernati.

1999 1093 2019 1127 ι
2048 1075 2355 1133 Secundum
2414 1080 2878 1150 exspectationem
2933 1092 2987 1138 et
3032 1098 3184 1153 spem
3234 1070 3488 1137 tneam.t

1922 1167 2055 1236 Quia
2091 1170 2157 1225 de
2188 1171 2442 1229 omnibus
2474 1173 2559 1229 his
2601 1184 2860 1244 exspecto
2886 1184 2937 1229 et
2967 1190 3128 1243 spero
3157 1175 3487 1234 moreedem.

1995 1278 2013 1311 ι
2043 1259 2178 1325 Quia
2218 1261 2273 1315 in
2310 1262 2454 1318 nullo
2489 1263 2809 1319 confundar.
2845 1284 2864 1317 ι
2901 1263 3089 1333 Neque
3136 1264 3350 1322 invita.
3384 1278 3483 1317 ne-

1921 1364 2026 1420 que
2069 1352 2123 1405 i‘n
2157 1363 2354 1419 morte,
2386 1370 2564 1424 neque
2602 1356 2655 1410 in
2691 1356 3057 1422 contumeliis,
3095 1372 3271 1426 neque
3305 1356 3356 1410 iu
3386 1372 3485 1425 op-

1919 1444 2176 1510 probriis,
2201 1445 2441 1516 denique
2459 1446 2511 1500 in
2532 1446 2683 1501 nullo
2711 1447 3001 1517 Apostolus
3023 1447 3486 1503 coufundehatur.

1915 1535 2025 1591 Nos
2055 1537 2104 1590 in
2136 1537 2390 1594 omnibus
2420 1539 2830 1596 erubescimus:
2863 1550 2915 1596 et.
2957 1541 3011 1596 in
3052 1556 3162 1610 quo
3210 1543 3490 1609 vitupera-

1917 1646 2059 1696 mur,
2087 1632 2231 1686 ultra
2264 1647 2371 1687 non
2391 1631 2642 1696 facimus,
2676 1632 2931 1703 quamvis
2980 1634 3280 1689 secundum
3322 1633 3487 1687 Deum

1916 1724 2288 1792 emperimus:
2330 1726 2473 1781 unde
2521 1724 2878 1791 ostendimus,
2911 1740 3017 1779 non
3061 1724 3342 1785 laudibus,
3379 1738 3488 1778 non

1917 1814 2138 1871 Christo
2191 1817 2419 1872 servire.
2454 1816 2748 1886 Apostolus
2787 1831 2896 1871 non
2947 1816 3383 1872 confuudebatur
3430 1817 3485 1871 in

1914 1890 2150 1973 catenis,
2181 1923 2283 1964 nos
2301 1907 2689 1964 confundimur
2723 1908 2775 1962 in
2794 1908 3124 1976 opprobriis.

1995 2018 2014 2052 ι
2040 2000 2146 2055 Sed
2192 2001 2246 2055 in
2275 2002 2421 2056 omni
2455 2001 2674 2069 fiducia,
2710 2003 2852 2058 sicut
2881 2015 3115 2072 semper.
3145 2021 3167 2054 ι
3203 2001 3358 2059 Nulla
3394 2016 3485 2059 res

1914 2093 2111 2163 poterit
2146 2092 2447 2148 deterrere.

1991 2184 2102 2240 «Et
2166 2198 2312 2240 nunc
2363 2176 2808 2256 magnificabitur
2833 2183 3089 2241 Christus
3151 2187 3205 2238 in
3252 2198 3501 2253 corpore

1914 2292 2057 2333 meo.
2092 2295 2111 2329 ι
2145 2275 2391 2332 Inimicis
2425 2277 2542 2333 suis
2582 2276 2829 2340 insultat,
2858 2278 3000 2347 quod
3043 2277 3095 2331 ei
3133 2291 3333 2331 necere
3375 2288 3485 2331 non

1912 2370 2154 2425 valeant.
2184 2368 2243 2425 Si
2274 2369 2419 2424 enim
2455 2383 2579 2425 eum
2607 2369 2932 2433 occiderint,
2967 2369 3228 2441 martyrio
3256 2383 3485 2424 corona-

1914 2460 2080 2516 bitur.
2118 2460 2175 2517 Si
2212 2463 2560 2516 servaverint
2605 2460 2671 2516 ad
2700 2460 2981 2518 Christum
3018 2460 3481 2525 annuntiandum,

1914 2553 2208 2623 plurimum
2236 2553 2439 2609 facient
2464 2553 2727 2609 fructum.

1989 2664 2008 2699 ι
2038 2646 2164 2703 Sive
2184 2662 2284 2718 per
2306 2648 2495 2711 vitam,
2530 2648 2645 2702 sive
2669 2661 2764 2715 per
2795 2655 3049 2702 mortem.
3080 2663 3100 2698 ι
3122 2645 3189 2700 Et
3249 2645 3357 2700 vita
3388 2661 3485 2700 nov

1914 2743 2028 2793 atra
2050 2748 2103 2792 et
2138 2752 2286 2793 mors
2316 2741 2381 2793 ad
2414 2737 2871 2809 magnificentiam
2899 2738 3134 2805 pertinet
3151 2724 3378 2792 Christi.

1987 2849 2005 2881 ι
2032 2829 2162 2884 Mihi
2198 2831 2344 2885 enim
2374 2830 2558 2885 vivere
2584 2828 2835 2885 Christus
2858 2842 2963 2885 est.
2986 2848 3006 2879 ι
3041 2826 3156 2883 Non
3182 2828 3286 2881 alia
3317 2837 3481 2882 causa

1910 2923 2054 2976 volui
2094 2920 2275 2976 vivere
2307 2920 2409 2975 nisi
2447 2920 2676 2982 Christi,
2709 2931 2768 2975 ut
2803 2920 2926 2990 ejus
2953 2934 3154 2987 corpus
3184 2917 3477 2972 aediﬁcem.

1991 3032 2015 3066 ι
2034 3012 2098 3068 Et
2123 3014 2261 3068 mori
2284 3015 2517 3068 lucrum.
2549 3030 2567 3065 ι
2595 3013 2830 3067 Corona.

1987 3125 2006 3158 ι
2031 3104 2183 3172 Quod
2211 3105 2257 3159 si
2276 3104 2458 3159 vivere
2482 3104 2534 3158 in
2556 3116 2742 3170 carne,
2774 3104 2860 3156 hic
2894 3102 3025 3156 mihi
3052 3101 3260 3157 fructus
3290 3100 3481 3169 operis

312 3178 333 3213 ι
364 3158 594 3229 Quidam
629 3170 849 3239 quidem
875 3184 927 3227 et
957 3186 1186 3247 propter
1209 3176 1471 3235 invidiam
1500 3190 1555 3236 ct
1575 3190 1805 3238 conten-
1830 3197 1877 3259 Β
1908 3208 2011 3253 est.
2039 3158 2149 3252 ἴδε
2171 3195 2357 3253 vivere
2380 3197 2432 3252 in
2456 3209 2622 3253 carne
2661 3158 2748 3251 me
2774 3194 3060 3260 voluerint,
3092 3193 3429 3248 hahehotem
3460 3220 3482 3235 -

232 3251 464 3308 tionem.
492 3273 512 3308 ι
536 3257 670 3315 Dum
707 3262 837 3317 mihi
859 3266 1002 3334 apud
1034 3268 1323 3327 credentes
1345 3272 1572 3343 gloriam
1592 3276 1811 3334 auferre

232 3354 298 3396 se
337 3353 551 3414 putant,
572 3365 643 3417 ne
673 3352 825 3410 solus
843 3356 975 3412 tnihi
1010 3359 1289 3416 vindicare
1312 3363 1500 3418 videar
1527 3364 1809 3422 scientiam

231 3438 595 3505 praedicandi.

309 3548 331 3582 ι
363 3530 596 3598 Quidam
656 3550 838 3624 alitem
887 3553 945 3599 et
978 3554 1201 3614 proptcr
1235 3547 1435 3603 bonam
1474 3550 1808 3608 voluntatem

229 3620 514 3682 Christum
584 3620 946 3699 prae—dicant.»
1003 3636 1109 3693 Alii
1154 3638 1319 3695 etiam
1382 3643 1521 3698 alios
1582 3643 1800 3701 salvarc

230 3717 507 3784 volentes.
541 3724 777 3782 fideliter
806 3728 1084 3789 Christum
1116 3739 1462 3795 annuntiant.

309 3828 333 3862 ι
360 3811 596 3878 Quidam
655 3832 719 3874 ex
787 3822 1086 3880 charitate.
1120 3844 1140 3879 ι
1172 3827 1405 3894 Quidam
1431 3847 1565 3890 vero
1586 3847 1652 3890 ex
1686 3849 1805 3891 mea

228 3901 511 3981 charitate
543 3908 806 3979 adjuvant
841 3929 947 3982 me,
972 3915 1329 3990 Evangelium
1362 3924 1720 3983 defensando.

306 4012 331 4047 ι
359 3994 609 4054 Scientes
632 4003 894 4071 quoniam
915 4005 969 4060 in
1003 4008 1320 4066 defensione
1346 4014 1626 4083 Evangelii
1663 4022 1808 4089 posi-

232 4092 325 4139 tus
382 4100 527 4144 sum.
559 4108 579 4142 ι
613 4088 733 4146 Non
781 4094 1033 4151 humanm
1079 4098 1395 4159 dilectionis
1430 4088 1675 4172 διαθείη(
1708 4111 1806 4166 sed

225 4177 356 4245 quia
402 4180 602 4246 sciunt,
629 4199 716 4240 rae
747 4199 778 4240 a
814 4185 1041 4244 Domino
1080 4192 1148 4246 ad
1176 4192 1579 4254 defendendum
1629 4198 1808 4257 Evan-

226 4267 433 4336 gelium
468 4274 804 4332 ordinatum.

306 4379 329 4413 ε
389 4362 621 4431 Quidam
647 4377 830 4424 autem
875 4387 943 4428 ex
995 4377 1354 4435 contentione
1392 4379 1667 4440 Christum
1707 4401 1804 4442 an-

202 4456 487 4535 nuutiant
525 4475 634 4515 non
669 4464 913 4530 sincere,
947 4468 1352 4537 existimantes,
1401 4488 1711 4542 pressuram
1742 4493 1803 4533 se

1914 3304 2014 3358 pus
2036 3288 2325 3355 operandi.

1989 3399 2008 3434 ε
2073 3379 2139 3435 Et
2172 3381 2299 3447 quid
2356 3381 2576 3453 eligam,
2636 3382 2872 3452 ignoro:
2931 3391 3180 3437 coarctor
3227 3389 3411 3436 autem
3452 3396 3484 3433 e
3575 3383 3578 3387 '

1913 3472 2175 3529 duobus.»
2214 3473 2272 3528 lu
2331 3484 2538 3529 tantum
2595 3474 2726 3530 mihi
2763 3487 2992 3546 utraque
3037 3475 3389 3542 conveniunt,
3425 3483 3486 3530 ut

1911 3565 2040 3633 quid
2070 3564 2266 3635 eligam
2301 3566 2446 3623 scire
2480 3584 2587 3625 non
2614 3568 2839 3638 possim.

1985 3673 2004 3708 ε
2037 3655 2369 3714 Desiderium
2401 3659 2609 3715 habens
2636 3659 2857 3716 dissolvi
2888 3669 2943 3716 et
2965 3673 3089 3717 esse
3138 3674 3260 3715 cum
3319 3659 3482 3717 Chri-

1911 3754 2017 3812 sto,
2041 3748 2217 3806 multo
2243 3750 2421 3821 magis
2452 3751 2683 3807 melius:
2717 3765 3036 3822 permanere
3068 3759 3248 3806 autem
3281 3752 3335 3805 in
3364 3767 3483 3806 car-

1910 3854 2001 3904 ne,
2034 3841 2406 3896 necessarium
2458 3854 2678 3913 propter
2734 3858 2855 3900 vos.
2882 3862 2901 3895 ι
2936 3842 3070 3898 lllud
3099 3843 3293 3899 melius
3324 3843 3479 3904 mihi.

1910 3931 2054 3987 istud
2110 3933 2473 3989 necessarium
2526 3937 2697 3991 vobis.
2728 3934 2795 3990 Et
2826 3945 3056 3991 mortem
3094 3936 3215 3991 illos
3260 3937 3467 3992 nouli-

1910 4038 2083 4090 mere,
2116 4023 2213 4080 sed
2264 4025 2491 4096 diligere
2552 4027 2754 4082 debere
2812 4042 2934 4095 eos,
2989 4042 3090 4083 suo
3144 4027 3482 4083 demonstrat

1907 4115 2189 4186 exetnpio;
2225 4123 2280 4171 et
2307 4126 2367 4171 ut
2395 4133 2499 4174 non
2541 4119 2961 4185 contristentur,
2995 4133 3307 4175 mansurum
3334 4134 3393 4191 se
3425 4120 3478 4175 in

1908 4223 2078 4265 carne
2110 4211 2308 4280 spiritu
2345 4213 2662 4282 prophetico
2692 4213 2979 4283 promittit.

1982 4320 1999 4353 ι
2032 4302 2098 4357 Et
2153 4305 2255 4359 hoc
2302 4304 2583 4361 conlidens
2648 4308 2785 4371 scio,
2845 4307 2974 4378 quia
3028 4305 3275 4363 manebo.
3306 4324 3324 4358 ι
3361 4305 3477 4361 Non

1905 4391 2078 4448 solum
2114 4395 2300 4463 credo,
2329 4396 2425 4453 sed
2448 4397 2615 4453 etiam
2639 4399 2945 4456 certissime
2976 4400 3122 4455 novi.

1985 4503 2004 4536 ι
2032 4485 2099 4541 Et
2139 4489 2467 4557 permanebo
2522 4491 2779 4547 omnibus
2810 4492 2986 4548 vobis.
3018 4511 3037 4545 ι
3071 4493 3188 4549 Νοη
3233 4494 3386 4559 mihi,
3426 4494 3479 4548 id

223 4548 501 4603 Sttst‘itat‘e
536 4553 771 4610 vinculis
818 4559 975 4615 meis.
1006 4577 1025 4611 ι
1052 4560 1154 4616 Alii
1180 4563 1372 4620 dolore
1404 4568 1707 4636 praedicant
1732 4571 1799 4625 ad
1833 4538 1880 4595 θ
1905 4584 2021 4643 est,
2045 4538 2163 4632 nonr
2178 4580 2281 4634 mei
2318 4594 2503 4637 causa.

224 4655 317 4694 tne
353 4643 709 4709 gravandnm,
747 4651 904 4715 quasi
939 4651 1121 4722 plures
1156 4642 1460 4725 discipulos
1484 4659 1800 4725 facientem.

220 4742 283 4785 et
305 4732 556 4790 doctrina
586 4751 709 4792 mea
740 4748 914 4796 totum
970 4745 1159 4800 orbem
1198 4747 1426 4816 implere
1461 4761 1754 4806 conantem
1783 4768 1801 4810 :

221 4833 285 4877 nt
319 4838 387 4879 ex
431 4826 532 4882 hoc
566 4830 759 4885 saltem
822 4832 997 4901 major
1071 4836 1202 4891 mihi
1252 4840 1559 4896 cumulctur
1605 4842 1803 4914 injuria

226 4918 315 4970 vel
353 4933 608 4985 pressura

301 5023 322 5056 ι
352 5006 491 5073 Quid
532 5010 721 5066 enim?
757 5012 892 5068 Dum
927 5017 1076 5071 omni
1132 5019 1319 5086 modo,
1345 5022 1460 5079 sive
1506 5038 1604 5095 per
1643 5041 1803 5083 occa-

218 5098 461 5155 sionem.
487 5120 509 5156 s
549 5102 671 5159 Odii
727 5107 813 5162 vel
851 5108 1094 5166 invidiae.

302 5209 322 5242 ε
357 5190 482 5249 Sive
513 5211 623 5266 .per
650 5201 957 5260 veritatem.
988 5222 1007 5255 ι
1047 5202 1322 5276 Simplicis
1368 5208 1450 5266 vel
1480 5226 1632 5281 pura:
1660 5228 1800 5284 pra:-

216 5284 538 5343 dictationis.

298 5393 320 5429 ι
352 5376 605 5437 Christus
650 5386 1050 5442 annuntietur:
1088 5396 1147 5445 et
1192 5390 1246 5446 iu
1290 5392 1395 5448 hoc
1436 5398 1665 5466 gaudeo,
1702 5405 1798 5459 sed

212 5476 280 5522 ct
339 5467 607 5533 gaudebo.
638 5491 656 5524 ι
691 5473 809 5530 Non
853 5478 988 5534 mihi
1026 5495 1173 5535 cum
1216 5493 1318 5549 est,
1359 5502 1464 5553 qua
1504 5493 1798 5557 praedicent
1830 5520 1837 5533 -

214 5568 430 5626 mente,
461 5560 756 5622 dummodo
772 5569 937 5638 (quod
967 5572 1149 5644 cupio)
1171 5573 1373 5633 Christi
1395 5594 1588 5638 nomen
1607 5587 1789 5642 omni-

212 5650 324 5707 ltus
355 5652 684 5725 innotescat,
727 5669 782 5715 et
810 5676 839 5716 a
859 5663 1043 5721 multis
1070 5667 1351 5727 credatur.
1373 5671 1715 5747 Quapropter
1743 5687 1797 5734 et

211 5742 387 5798 modo
404 5745 633 5815 gaudeo,
665 5758 722 5804 et
763 5750 815 5805 in
847 5752 1029 5808 futuro
1061 5757 1323 5826 gaudebo.

300 5852 319 5886 ι
358 5834 484 5893 Scio
505 5839 650 5895 enim
679 5842 805 5911 quia
837 5845 939 5902 hoc
972 5847 1100 5902 tnihi
1130 5853 1410 5919 proveniet
1442 5856 1509 5914 ad
1543 5857 1795 5925 salutem,

1984 4708 2002 4742 ο
2032 4690 2113 4743 Ad
2157 4690 2459 4759 profectum
2498 4703 2767 4762 vestrum,
2799 4704 2856 4752 et
2886 4698 3148 4767 gaudium
3191 4699 3334 4755 fidei.
3362 4692 3478 4755 {lit

1904 4783 2205 4851 profectum
2248 4784 2315 4840 de
2340 4784 2520 4841 fructu
2555 4786 2678 4843 fidei
2731 4800 2946 4855 vestrze,
2977 4801 3035 4846 et
3071 4792 3326 4859 gaudium
3368 4792 3466 4845 ha-

1904 4875 2098 4939 beatis,
2126 4877 2242 4948 sive
2273 4885 2330 4933 ut
2363 4878 2648 4949 gaudeatis
2680 4896 2695 4935 :
2722 4879 2849 4949 quia
2906 4890 3089 4937 vestra
3121 4898 3207 4937 tne
3240 4882 3374 4938 lides
3419 4892 3500 4953 et,

1902 4964 2080 5020 oratio
2107 4968 2473 5027 conservavit.

1977 5098 1997 5131 ι
2024 5080 2097 5137 Ut
2125 5081 2417 5150 gratulatio
2447 5090 2629 5138 vestra
2657 5084 2897 5141 abundet
2926 5086 2980 5141 in
3011 5085 3229 5141 Christo
3255 5084 3383 5141 .lesu
3419 5087 3473 5140 in

1900 5188 2008 5241 me,
2022 5188 2117 5243 per
2128 5189 2305 5229 meum
2326 5175 2613 5231 adventum
2636 5176 2831 5237 iterum
2848 5178 2913 5231 ad
2935 5191 3049 5232 vos.
3065 5196 3082 5228 ι
3106 5172 3169 5232 Ut
3187 5188 3472 5248 postquam

1901 5265 2125 5320 viserim
2164 5280 2284 5331 vos,
2320 5266 2519 5327 iterum
2556 5268 2926 5324 abundantius
2955 5268 3322 5340 gratulemini.

1976 5378 2240 5434 «Tantum
2265 5380 2429 5451 digne
2462 5380 2760 5454 Evangelio
2785 5383 2986 5439 Christi
3013 5385 3466 5441 convcrsemini.a

1899 5468 2090 5525 Omnia
2116 5470 2237 5541 ejus
2283 5483 2552 5542 prrecepta
2595 5482 2902 5542 servantes,
2933 5476 3050 5530 sive
3086 5475 3243 5545 digne
3294 5475 3472 5530 Evan-

1897 5561 2021 5631 gelii
2066 5564 2518 5633 praadicatoribus
2555 5581 2886 5623 conservare
2911 5567 3147 5624 debetis.

1973 5698 1991 5729 ι
2023 5675 2094 5733 Ut
2125 5679 2241 5735 sive
2274 5696 2398 5735 cum
2435 5697 2635 5738 venero
2665 5690 2720 5736 et
2761 5681 2952 5738 videro
2980 5698 3100 5745 vos.
3133 5681 3249 5738 sive
3268 5681 3471 5738 absens

1898 5769 2115 5826 audiam
2152 5771 2219 5829 de
2253 5774 2407 5829 vobis
2442 5793 2457 5830 :
2493 5774 2620 5845 quia
2662 5775 2818 5830 statis
2848 5775 2903 5830 in
2931 5791 3038 5830 uno
3085 5775 3302 5846 spiritu.
3332 5792 3351 5827 ι
3382 5774 3468 5829 Si-

1898 5872 1990 5919 cut
2024 5862 2253 5935 legimus
2278 5882 2292 5925 :
2321 5864 2460 5934 Quia
2482 5876 2596 5922 crat
2623 5866 2698 5922 eis
2727 5883 2816 5923 tor
2852 5883 3010 5924 unum
3041 5877 3089 5923 et
3121 5867 3298 5922 anima
3322 5882 3465 5922 una:

3748 5950 3952 6166 Δ
