3954 6194
527 353 631 420 883

1467 360 1524 420 S.
1569 359 2008 422 IIIERONYMI
2049 362 2365 423 OFERUM
2403 361 2809 423 MANTISSA.

3647 357 3751 420 884

523 486 614 524 nec
661 472 935 541 quisquam
981 480 1134 518 suum
1191 465 1420 531 dicebar,
1447 465 1536 518 scd
1563 476 1716 521 erant
1755 469 1865 522 illis
1909 470 2086 523 omnia
2115 476 2162 532 Α
2192 485 2309 539 quae
2339 471 2590 526 aliorum.
2631 489 2651 524 ›
2685 469 2801 525 Non
2831 484 2952 540 qua
2977 468 3136 526 nobis
3165 467 3296 526 solis
3319 467 3630 539 expediunt,
3657 471 3749 526 sed

523 563 821 617 cornnmnia
857 559 996 628 (Act.
1027 572 1101 620 tv,
1128 557 1242 628 52).

595 673 614 706 ι
644 653 957 718 Unanimes,
991 651 1398 708 collaborantes
1428 653 1548 709 fidei
1577 653 1875 724 Evangeiii.
1905 673 1922 706 ›
1959 654 2088 710 Om-

519 749 605 801 nis
636 759 808 814 pngna
843 744 1176 799 unanimiter
1209 761 1464 816 aggressa
1497 747 1782 800 victoriam
1817 748 1978 816 parit.

591 858 610 889 ι
643 837 709 892 Ει
751 839 802 892 in
853 837 998 892 nullo
1028 839 1341 893 terreamini
1373 837 1440 892 ab
1470 838 1822 902 adversariis,
1855 854 1972 906 qua:
2001 847 2086 893 est

515 931 626 986 iliis
677 946 843 986 causa
889 930 1232 1000 perditionis.
1269 929 1421 985 vobis
1455 939 1634 984 autem
1676 930 1889 983 salutis.
1923 948 1941 980 ι
1976 929 2083 982 Ne-

512 1039 619 1092 que
658 1022 897 1078 versutis
929 1021 1408 1092 disputationibus,
1441 1036 1539 1076 nec
1575 1021 1926 1090 passionibos
1989 1035 2087 1088 op-

519 1114 865 1184 probriisque
917 1112 1234 1168 turbemini.
1269 1111 1402 1178 Quia
1438 1111 1592 1167 vobis
1645 1113 1815 1184 magis
1845 1112 1910 1165 ad
1944 1127 2086 1166 mer-

511 1206 694 1260 redem
737 1214 962 1275 possunt
999 1205 1276 1274 prodesse,
1313 1205 1454 1258 sicut
1497 1204 1719 1271 apostoli
1751 1204 1896 1257 ibant
1946 1219 2081 1273 gau-

509 1297 713 1355 dentes.
762 1297 887 1366 quia
933 1313 1026 1365 pro
1072 1298 1296 1350 nomine’
1325 1293 1532 1349 Domini
1580 1297 1727 1365 digni
1763 1296 1926 1348 habiti
1961 1309 2084 1350 sunt

510 1389 879 1458 contumeliam
915 1389 1031 1456 pati
1059 1389 1197 1459 (Act.
1230 1403 1280 1451 v,
1312 1389 1428 1456 4|):

587 1519 606 1551 ‹
637 1499 702 1552 Ει
756 1503 855 1554 hoc
906 1517 934 1554 a
965 1502 1095 1566 Deo,
1147 1501 1270 1570 quia
1331 1501 1486 1556 vobis
1538 1502 1794 1556 donatum
1846 1510 1932 1555 est
1984 1511 2083 1569 pro

511 1593 751 1646 Christo.
777 1609 798 1643 ι
830 1592 966 1657 Quia
1003 1596 1116 1644 vult
1164 1607 1260 1646 vos
1306 1595 1555 1646 coronari
1589 1592 1848 1661 probatos
1888 1609 1902 1645 :
1937 1591 2083 1646 sicut

508 1683 612 1740 Job
642 1684 977 1754 permittitur
1004 1684 1200 1738 tentari
1265 1682 1386 1756 (Ιυὸ
1435 1701 1496 1750 ιι,
1523 1685 1602 1754 6).
1634 1685 1768 1752 Quia
1798 1699 1900 1740 nec
1935 1684 2079 1739 vinci

515 1782 774 1843 habebat,
807 1790 861 1835 et
891 1781 1009 1849 ejus
1039 1780 1207 1850 gloria
1235 1781 1540 1850 amplianda
1571 1790 1718 1843 erat,
1764 1777 2080 1834 adversario

513 1882 772 1941 snperato
803 1881 964 1942 atque
987 1873 1234 1928 confuso.

589 2005 608 2037 ‹
637 1985 754 2040 Non
793 1984 968 2040 solum
1023 1985 1162 2038 utin
1204 2000 1328 2039 eum
1383 1982 1642 2046 credatis,
1679 1981 1774 2037 sed
1809 1990 1866 2035 ut
1915 1979 2080 2035 etiam

514 2091 613 2143 pro
644 2075 736 2129 illo
763 2074 1064 2144 patiamini.
1082 2091 1100 2124 ι
1123 2073 1352 2127 Occasio
1379 2071 1501 2125 fidei
1535 2086 1564 2124 a
1595 2069 1705 2124 Deo
1727 2071 1927 2124 donata
1954 2075 2079 2122 est:

513 2169 636 2236 quia
685 2168 731 2222 si
801 2180 911 2220 non
932 2165 1173 2220 venisset
1222 2163 1476 2220 Christus
1529 2173 1584 2217 et
1634 2161 1932 2224 docuisset,
1975 2173 2078 2212 non

513 2261 702 2328 utique
727 2259 1072 2313 crederemus
1098 2273 1114 2312 :
1149 2265 1404 2310 crateram
1445 2266 1499 2309 et
1530 2253 1690 2308 ﬁdem
1721 2248 2078 2306 voluntariam

519 2351 580 2404 in
613 2351 826 2404 actibus
854 2348 991 2418 legis
1023 2346 1268 2417 legimus.
1297 2344 1416 2402 Non
1469 2345 1644 2400 solum
1679 2359 1809 2412 ergo
1864 2341 1979 2396 vult
2023 2351 2081 2394 ut

516 2443 639 2496 ﬁdei
674 2441 953 2505 meritum,
983 2439 1076 2494 sed
1110 2438 1276 2494 etiam
1315 2449 1372 2490 ut
1401 2436 1646 2507 martyrii
1677 2437 1951 2503 prmm'um
1985 2432 2078 2485 ha-

511 2535 706 2597 beatis.
733 2533 860 2587 dum
900 2547 1000 2585 vos
1037 2531 1232 2584 tentari
1262 2530 1402 2584 Dens
1434 2529 1656 2597 patitur,
1686 2537 1743 2580 ut
1773 2523 2026 2579 vincatis.

580 2645 600 2676 ι
630 2627 770 2680 Idem
806 2634 1088 2680 certamen
1145 2623 1430 2686 habentes,
1458 2621 1616 2689 quale
1661 2627 1726 2672 .et
1779 2615 1990 2670 vidistis
2022 2614 2072 2666 in

509 2734 598 2772 me
635 2727 690 2773 et
720 2731 865 2772 nunc
896 2716 1124 2772 audistis
1153 2719 1220 2770 de
1246 2730 1350 2770 me.
1386 2733 1404 2766 ι
1448 2713 1592 2768 Nihil
1632 2728 1831 2767 novqu
1864 2710 2079 2780 patimi-

505 2812 557 2864 ni
584 2828 600 2864 :
637 2812 732 2864 sed
769 2811 870 2864 hoc
897 2809 1038 2878 quod
1070 2818 1365 2876 prmaentes
1400 2806 1615 2862 vidistis
1645 2807 1696 2860 in
1723 2819 1830 2868 me.
1851 2814 1906 2859 et
1932 2820 2075 2857 nunc

507 2902 761 2956 absentes
789 2902 857 2955 de
886 2917 971 2956 nte
1003 2900 1257 2956 audistis.
1290 2900 1407 2954 Non
1457 2901 1530 2954 sit
1577 2913 1709 2967 ergo
1740 2897 1870 2951 illud
1922 2895 2074 2952 vobis

505 2993 812 3062 indignum,
849 2993 899 3047 in
935 3008 1043 3062 quo
1080 3007 1180 3047 nos
1207 2989 1570 3060 conspexistis
1599 2988 1840 3058 gloriari.

1109 3164 1342 3221 CAPUT
1392 3163 1462 3218 ιι.

580 3327 598 3359 ι
632 3308 688 3362 Si
720 3321 822 3375 qua
857 3320 988 3376 ergo
1011 3303 1313 3360 consolatio
1341 3302 1393 3356 in
1430 3301 1673 3358 Christo.
1717 3319 1735 3352 ι
1765 3297 1820 3351 Si
1843 3300 1894 3352 in
1923 3298 2072 3352 omni

516 3397 870 3452 tribulatione
904 3398 969 3447 ab
994 3394 1112 3461 ipso
1143 3392 1263 3447 solo
1293 3388 1678 3450 consolamini,
1717 3401 1823 3439 non
1854 3384 1924 3439 sit
1983 3399 2072 3436 ve-

512 3503 622 3543 stra
656 3485 976 3557 consolatio,
1012 3481 1394 3552 patrimonium
1433 3491 1732 3534 terrenum.

584 3599 602 3632 ι
634 3581 690 3634 Si
733 3579 877 3648 quod
921 3577 1174 3632 solatiunt
1203 3574 1508 3629 charitatis.
1540 3590 1558 3624 ι
1597 3571 1851 3625 Charitas
1910 3568 2075 3622 Chri-

510 3674 604 3738 sti,
629 3687 732 3725 non
770 3671 1092 3726 amicorum.

589 3785 604 3814 ρ
633 3765 688 3818 Si
719 3781 820 3833 qua
879 3763 1111 3817 societas
1169 3760 1418 3830 Spiritus.
1456 3777 1474 3810 ι
1511 3757 1908 3828 Spiritualiem,
1969 3770 2076 3808 non

509 3858 830 3912 carnalium.

581 3969 600 3999 ε
635 3951 689 4004 Si
720 3965 822 4016 qna
878 3948 1084 4002 viscera
1125 3946 1514 4001 miserationis.
1548 3962 1566 3997 ι
1610 3943 1786 3999 Vestri
1846 3943 2075 3998 misere-

511 4044 639 4095 mini
675 4042 874 4108 potius,
911 4056 1073 4107 quam
1102 4049 1411 4109 parentum.

580 4155 598 4186 σ
633 4134 854 4204 implete
893 4133 1155 4205 gaudium
1195 4146 1397 4186 meum.
1428 4149 1445 4182 ι
1478 4130 1630 4197 Quod
1661 4131 1771 4198 jam
1807 4128 1981 4184 habeo
2010 4142 2077 4181 ex

510 4240 663 4299 parte
691 4245 706 4286 :
744 4231 796 4284 in
824 4230 1025 4283 talibus
1077 4228 1222 4281 enim
1258 4228 1452 4282 doctor
1479 4227 1737 4280 exsultat.
1765 4225 1935 4277 Aliter
1969 4239 1985 4276 :
2020 4223 2078 4278 Si

506 4338 610 4390 qua
645 4322 772 4376 mihi
805 4336 832 4373 a
875 4319 1028 4374 vobis
1075 4318 1382 4374 consolatio
1424 4317 1716 4373 exhibetur
1747 4317 1798 4368 in
1835 4316 2076 4378 Christo,

511 4421 565 4464 et
605 4409 649 4464 si
676 4410 819 4478 quod
856 4409 1107 4464 solatium
1137 4407 1421 4462 charitatis
1453 4423 1468 4459 :
1512 4406 1556 4460 si
1589 4421 1692 4474 qua
1723 4420 1814 4458 vos
1844 4405 2078 4458 societas

2189 578 2310 632 qua:
2339 563 2460 617 aliis
2492 571 2750 631 prosunt.‘

2265 671 2285 706 ι
2325 653 2437 710 [loc
2466 654 2611 709 enim
2645 655 2844 710 sentite
2878 653 2933 708 in
2964 653 3118 710 vobis
3148 651 3291 722 quod
3336 662 3392 708 et
3437 653 3490 708 in
3538 653 3752 709 Christo

2187 745 2340 802 Jesu.
2394 765 2412 798 ι
2453 745 2579 801 Vult
2609 747 2889 801 ostendere
2920 745 3217 812 Christum,
3253 761 3357 800 non
3393 762 3491 817 pro
3535 763 3619 813 se,
3663 749 3748 803 sed

2188 853 2290 910 pro
2325 838 2446 892 aliis
2477 853 2738 907 passum:
2769 837 2908 900 sive,
2946 848 3051 890 tam
3088 838 3308 892 humilis
3355 854 3549 894 sensus
3594 841 3670 896 sit
3701 841 3748 895 in

2188 931 2362 994 vobis,
2401 944 2560 998 quam
2596 930 2699 984 fuit
2747 929 2802 982 in
2848 928 3084 984 Christo.
3115 927 3267 984 Multi
3314 941 3566 998 praeterea
3610 933 3748 988 hunc

2187 1021 2363 1084 locum
2412 1021 2484 1075 ita
2533 1021 2860 1090 intelligunt,
2893 1023 3034 1092 quod
3075 1022 3371 1076 secundum
3417 1024 3745 1080 divinitatem

2189 1125 2249 1167 se
2281 1111 2652 1166 bttmiliaverit
2685 1110 2958 1179 Christus,
2993 1113 3288 1168 secundum
3341 1113 3568 1168 formam
3603 1116 3747 1169 vide-

2187 1204 2334 1269 licet,
2389 1203 2688 1259 secundttm
2747 1218 2909 1272 quam
2959 1219 3171 1271 aequam
3220 1207 3580 1274 aqualitatem
3633 1205 3740 1269 Dei,

2186 1311 2292 1351 non
2325 1297 2570 1365 rapinam
2622 1297 2997 1367 usurpaverit,
3020 1311 3184 1366 quam
3222 1298 3547 1352 naturaliter
3576 1299 3744 1365 possi-

2185 1387 2368 1440 debat.
2396 1385 2460 1438 Et
2494 1385 2788 1439 exinanivit
2828 1399 2908 1448 se,
2939 1401 3041 1440 non
3072 1386 3433 1441 substantiam
3462 1402 3742 1455 evacuans,

2184 1478 2279 1531 sed
2326 1476 2584 1530 honorem
2639 1474 2963 1530 declinans:
3007 1475 3236 1531 formam
3283 1478 3446 1542 servi,
3501 1478 3600 1532 hoc
3651 1490 3744 1544 est,

2103 1596 2119 1608 ι
2184 1575 2434 1621 naturam
2487 1567 2722 1622 hominis
2770 1567 3072 1622 inducendo
3102 1584 3116 1620 :
3145 1575 3199 1620 et
3230 1583 3327 1636 per
3373 1570 3553 1622 omnia
3595 1570 3746 1624 homo

2184 1658 2560 1712 tantummodo
2601 1669 2759 1728 atque
2792 1658 3114 1712 humilitatis
3139 1673 3249 1714 suae
3278 1658 3621 1722 obedientia.
3651 1677 3739 1716 nec

2182 1752 2360 1805 crocis
2409 1758 2638 1804 mortem
2690 1751 3012 1806 recusando.
3065 1749 3221 1816 Quod
3266 1752 3319 1805 in
3357 1751 3573 1808 Christo
3605 1752 3741 1818 Iesu,

2113 1855 2160 1916 Β
2189 1841 2483 1893 secundum
2536 1841 2679 1909 quod
2733 1852 2931 1896 unctus
2977 1849 3080 1907 est,
3130 1842 3383 1898 Christus
3429 1853 3516 1898 est
3550 1863 3564 1898 :
3593 1844 3742 1901 Iesus

2188 1943 2381 1982 nomen
2416 1929 2621 1998 accepit
2651 1944 2668 1986 :
2699 1930 2800 1985 hoc
2832 1939 2936 1996 est,
2971 1927 3269 1986 secundum
3316 1931 3613 1989 hominem.

2265 2038 2284 2070 ι
2323 2020 2424 2086 Qui
2459 2034 2580 2074 cum
2614 2021 2667 2075 in
2716 2020 2887 2076 forma
2940 2022 3031 2076 Dei
3067 2029 3234 2079 esset.
3287 2041 3306 2074 ι
3357 2022 3413 2077 In
3457 2040 3564 2094 qua
3615 2033 3742 2088 erat,

2185 2109 2301 2164 sive
2334 2109 2459 2178 quia
2494 2108 2697 2179 absque
2729 2121 2952 2180 peccato
2999 2119 3113 2167 erat
3160 2125 3177 2167 :
3221 2111 3288 2166 ad
3339 2112 3628 2184 imaginem
3659 2113 3742 2168 Dei

2183 2201 2409 2258 scilicet.

2258 2315 2276 2348 ι
2317 2297 2436 2351 Νοη
2461 2298 2708 2367 rapinam
2742 2297 3038 2353 arbitratus
3064 2307 3146 2354 est
3174 2313 3298 2354 esse
3316 2300 3575 2368 aequalem
3605 2299 3742 2354 Deo:

2181 2391 2275 2445 sed
2303 2393 2650 2455 semetipsum
2694 2392 3016 2446 exinanivit.
3049 2410 3068 2442 ι
3095 2391 3248 2458 Quod
3279 2404 3418 2454 erat.
3450 2393 3743 2448 humilitate

2180 2483 2374 2539 celavit
2401 2501 2416 2538 :
2444 2485 2578 2538 dans
2604 2481 2758 2538 nobis
2784 2483 3110 2553 exemplum,
3145 2500 3214 2540 ne
3241 2485 3293 2539 in
3323 2484 3410 2540 his
3433 2485 3741 2554 gloriemur,

2180 2591 2299 2646 quae
2331 2576 2552 2632 forsitan
2587 2593 2690 2630 non
2725 2577 3011 2633 habemus.

2256 2684 2276 2718 ι
2318 2668 2568 2722 Formam
2600 2667 2742 2722 servi
2777 2669 3067 2735 accipiens.
3109 2685 3128 2719 ι
3165 2666 3241 2721 Ita
3269 2675 3329 2722 ut
3376 2667 3539 2724 etiam
3587 2665 3743 2736 pedes

2182 2759 2383 2815 lavaret
2421 2759 2810 2830 discipulorum
2847 2757 3027 2830 (Joan.
3061 2776 3177 2824 xut,
3211 2761 3288 2829 5).

2254 2869 2275 2903 ε
2316 2852 2375 2905 1η
2410 2851 2819 2906 similitudinem
2857 2853 3136 2906 hominum
3184 2851 3379 2909 factus.
3423 2872 3443 2904 ι
3478 2851 3743 2908 Interdum

2177 2943 2479 2998 similitudo
2533 2943 2726 3012 recipit
2793 2946 3112 3010 veritatem;
3171 2959 3293 2998 nam
3342 2947 3528 3014 genuit
3583 2945 3744 3000 Adam

2181 3033 2350 3088 filium
2383 3035 2676 3089 secundum
2717 3035 3003 3103 imaginem
3037 3044 3091 3090 et
3131 3035 3540 3090 similitudinem
3575 3051 3742 3102 suam,

2177 3138 2230 3182 et
2258 3129 2470 3181 vocavit
2497 3143 2691 3182 nomen
2721 3126 2840 3192 ejus
2870 3126 3001 3181 Seth
3030 3125 3183 3195 (Gen.
3219 3142 3273 3200 v,
3300 3124 3378 3198 5).
3412 3125 3468 3181 iu
3497 3127 3748 3184 similitu-

2101 3193 2146 3253 (ἶ
2179 3219 2304 3273 dine
2351 3221 2601 3286 humana,
2648 3219 2956 3274 humilitate
2989 3218 3299 3285 serviendo,
3347 3234 3472 3274 cum
3506 3219 3744 3274 omnium

2182 3311 2442 3366 Dominus
2469 3321 2631 3366 esset.

2257 3423 2278 3458 σ
2315 3403 2379 3458 Et
2423 3405 2604 3459 habitu
2654 3404 2906 3458 inventus
2951 3412 3008 3456 ut
3052 3402 3236 3458 homo.
3279 3421 3298 3454 ι
3339 3401 3450 3460 Hoc
3479 3413 3538 3458 ut
3571 3417 3742 3457 verum

2179 3499 2272 3558 sit.
2323 3497 2463 3552 sicut
2497 3496 2652 3565 quasi
2699 3495 2956 3565 unigeniti
2986 3511 3019 3549 a
3053 3495 3212 3550 Patre
3239 3493 3423 3565 (Joan.
3461 3511 3498 3559 ι,
3533 3495 3652 3565 Η),
3680 3496 3744 3548 ita

2182 3589 2605 3659 intelligendum.

2256 3726 2274 3756 ς
2318 3707 2628 3762 Humiliavit
2673 3707 3024 3775 semetipsum
3079 3707 3254 3763 factus
3290 3708 3555 3764 obediens
3585 3723 3747 3776 usque

2182 3801 2249 3854 ad
2305 3810 2556 3855 mortem.
2604 3819 2624 3854 ι
2661 3800 2727 3856 Ut
2776 3800 2930 3856 nobis
2963 3799 3214 3871 perfecta:
3248 3800 3573 3856 obedientia
3607 3815 3748 3854 mon-

2181 3899 2382 3947 straret
2409 3891 2712 3961 exetnplum

2261 4022 2280 4056 ι
2317 4003 2539 4058 Mortem
2576 4013 2752 4060 autem
2787 4005 2988 4061 crucis.
3025 4023 3045 4058 ι
3079 4003 3192 4070 Qus
3227 4003 3372 4058 nulla
3403 4018 3552 4058 mors
3585 4011 3750 4073 potest

2184 4108 2304 4150 esse
2340 4095 2598 4151 deterior.

2262 4225 2282 4258 ο
2322 4205 2552 4274 Propter
2579 4201 2722 4278 quod
2750 4216 2803 4261 et
2831 4203 2969 4260 Deus
3004 4207 3260 4261 esaltatit
3295 4206 3463 4265 illum,
3493 4217 3551 4257 et
3590 4205 3754 4259 dona-

2188 4299 2261 4352 vit
2312 4299 2386 4353 illi
2443 4315 2656 4354 nomen.
2700 4319 2718 4351 ›
2758 4299 2894 4364 Quia
2947 4314 3006 4352 se
3040 4310 3350 4368 assumptus
3393 4301 3557 4351 homo
3586 4298 3754 4350 humi-

2184 4391 2319 4444 liare
2352 4393 2601 4461 dignatus
2633 4402 2736 4456 est,
2769 4391 3022 4446 divinitas
3049 4407 3168 4460 quae
3202 4391 3469 4443 lnimiliari
3503 4407 3613 4444 non
3660 4404 3752 4459 po-

511 4501 734 4569 spimus
760 4501 1051 4562 connectit,
1079 4509 1132 4554 et
1155 4499 1199 4552 si
1254 4513 1357 4567 qua
1403 4499 1516 4551 sint
1551 4497 1692 4562 apud
1729 4511 1826 4548 vos
1861 4495 2070 4550 viscera
2115 4529 2158 4584 ο
2189 4493 2316 4584 test,
2362 4499 2484 4538 eum
2532 4486 2620 4554 qui
2672 4483 2988 4537 humiliatus
3022 4483 3220 4545 fuerat,
3252 4482 3532 4535 exaltavit.
3575 4481 3684 4581 Sed.
3705 4491 3755 4532 et

508 4595 764 4659 pietatis:
794 4594 894 4648 hoc
920 4591 1049 4646 mihi
1076 4600 1348 4661 prastate,
1373 4589 1513 4660 quod
1538 4604 1688 4658 rogo,
1724 4599 1782 4643 ut
1821 4589 2078 4658 gaudium

513 4697 760 4741 nostrum
785 4685 1014 4742 unitatis
1041 4697 1095 4742 et
1129 4685 1415 4740 electionis
1438 4684 1730 4753 impleatis.

591 4799 611 4831 ι
639 4778 710 4834 Ut
739 4779 882 4834 idem
901 4779 1147 4845 sapiatis,
1173 4777 1418 4832 eamdem
1445 4776 1772 4830 cbaritatem
1797 4773 2081 4836 habentes.

509 4875 800 4930 unanimes
832 4873 1064 4941 idipsum
1117 4880 1438 4926 sentientes.
1478 4888 1496 4920 ›
1536 4868 1710 4924 Nolite
1755 4869 2080 4923 charitatem

511 4966 783 5027 scindere,
811 4961 1098 5018 sentiendo
1132 4961 1372 5014 diversa.

583 5077 605 5110 ί
645 5057 788 5112 Nihil
820 5073 914 5124 per
940 5054 1362 5118 contentionem,
1393 5068 1568 5124 neque
1597 5069 1694 5123 per
1727 5055 1940 5108 inanem
1966 5055 2082 5120 glo-

510 5155 668 5206 riam.
723 5168 743 5202 »
798 5149 876 5205 Ne
925 5149 1127 5218 aliquid
1176 5162 1282 5224 non
1338 5146 1430 5202 Dei
1460 5148 1806 5202 aemulatione
1852 5145 2081 5208 faciatis,

507 5245 601 5298 sed
637 5253 694 5298 ut
727 5245 958 5312 quisque
991 5242 1126 5296 allus
1157 5240 1425 5295 videatur.
1555 5295 1560 5304 _

589 5354 608 5386 ‹
647 5335 752 5390 Sed
783 5333 835 5386 in
864 5332 1013 5386 omni
1048 5331 1349 5386 humilitate
1378 5329 1684 5399 superiores
1717 5329 1816 5383 sibi
1850 5329 2078 5382 invicem

511 5426 866 5483 arbitrantes.
912 5442 930 5475 ι
970 5423 1026 5477 Si
1074 5438 1282 5488 omnes,
1336 5435 1362 5474 a
1413 5422 1609 5490 quibus
1647 5420 1897 5488 iniuriam
1949 5420 2083 5488 pati-

511 5536 656 5585 mur,
692 5519 995 5586 superiorcs
1045 5531 1164 5570 esse
1212 5515 1624 5574 arbitrarentur,
1665 5511 1818 5566 facile
1869 5513 2081 5581 patien-

514 5615 641 5666 tiam
673 5625 1036 5667 servaremus.
1061 5607 1231 5661 Nemo
1251 5605 1395 5660 enim
1429 5620 1456 5657 a
1484 5617 1656 5674 patre,
1684 5605 1768 5658 vel
1794 5623 1822 5658 a
1857 5607 2086 5661 Domino

515 5718 653 5772 agre
685 5701 789 5755 fert
828 5717 885 5756 se
920 5701 1172 5770 injuriant
1209 5705 1582 5752 consecutum.

597 5810 614 5842 ι
653 5793 767 5848 lion
793 5809 908 5862 qua:
939 5807 1033 5847 sua
1063 5801 1184 5846 sunt
1211 5790 1407 5862 singuli
1439 5792 1865 5856 considerantes,
1895 5793 1986 5850 scd
2019 5809 2080 5848 ea

2192 4575 2265 4627 illi
2307 4577 2564 4628 donatum
2601 4587 2685 4628 est
2737 4589 2952 4642 nomen,
3005 4575 3131 4641 quia
3185 4585 3311 4626 ante
3363 4589 3465 4625 non
3522 4572 3750 4626 habuit:

2190 4667 2334 4722 unde
2370 4670 2571 4720 rectius
2622 4667 2772 4720 locus
2807 4667 2896 4721 hic
2942 4665 3242 4721 secundum
3277 4666 3568 4718 humanam
3603 4675 3754 4717 natu-

2190 4779 2306 4818 ram
2355 4763 2734 4829 intelligendus
2766 4770 2868 4821 est,
2909 4775 3067 4826 quam
3099 4759 3358 4812 divinam.
3409 4756 3463 4811 Si
3496 4772 3633 4823 ergo
3667 4770 3754 4807 nos

2190 4871 2256 4912 ex
2292 4856 2402 4908 alto
2449 4854 2789 4919 respicimus.
2824 4853 3072 4922 exemplo
3109 4849 3310 4906 Christi
3357 4849 3623 4903 fratribus
3651 4861 3756 4902 ser-

2190 4947 2421 4999 viamus.
2458 4944 2512 4999 Si
2564 4945 2709 4998 enim
2747 4944 2838 4997 ille
2887 4943 3144 4996 Dominus
3189 4954 3240 4996 et
3279 4941 3556 5008 magister,
3592 4938 3752 4993 servis

2187 5051 2236 5092 et
2270 5029 2547 5108 discipulis
2584 5037 2909 5090 ministravit
2939 5053 2952 5088 :
2987 5045 3188 5102 quanto
3223 5033 3393 5104 magis
3441 5047 3545 5086 nos
3579 5045 3754 5099 squa-

2191 5132 2330 5185 libns
2361 5142 2415 5183 et
2446 5130 2737 5198 majoribus
2767 5127 2972 5181 servire
2998 5126 3275 5186 debemus,
3309 5136 3362 5177 et
3395 5124 3498 5177 Deo
3537 5131 3597 5175 et
3639 5136 3756 5174 san-

2190 5225 2298 5279 ctis
2347 5223 2466 5292 ejus
2525 5235 2693 5288 usque
2758 5219 2822 5272 ad
2880 5228 3102 5270 mortem
3160 5217 3320 5270 etiam
3386 5214 3642 5268 obedire!
3696 5226 3756 5263 ne

2190 5318 2506 5384 magistrum
2565 5314 2822 5366 humilem
2893 5310 3109 5379 superbi
3181 5309 3432 5377 discipuli
3492 5321 3607 5359 non
3675 5319 3756 5357 se-

2190 5422 2443 5478 quamur,
2491 5417 2542 5460 et
2593 5405 2876 5458 Dominum
2933 5403 3114 5455 mitem
3157 5401 3297 5456 servi
3346 5411 3754 5454 contemnamus

2191 5500 2405 5564 ingrati.

2269 5633 2287 5665 ι
2326 5613 2476 5680 Quod
2505 5622 2585 5666 est
2619 5628 2778 5676 super
2804 5627 2964 5666 omne
2999 5625 3214 5664 nomen.
3253 5628 3270 5660 ι
3309 5608 3404 5663 Cui
3431 5611 3573 5660 sirint
3605 5623 3756 5676 enge-

2191 5709 2360 5761 lorum
2395 5706 2551 5769 dixit,
2588 5702 2759 5758 Fifius
2793 5720 2936 5756 metu
2970 5719 3020 5756 es
3053 5714 3106 5754 tu
3134 5703 3316 5766 (Hebr.
3348 5717 3385 5763 ι,
3419 5701 3513 5768 5)?

2267 5813 2284 5846 ε
2323 5792 2390 5848 Ut
2429 5795 2478 5848 in
2527 5795 2740 5850 nomine
2780 5792 2908 5850 Jesu
2953 5806 3108 5847 omne
3141 5806 3276 5861 genu
3317 5789 3560 5846 ﬂectatur
3595 5791 3748 5846 (utie-
