3956 6196
279 322 382 385 835

1399 328 1812 393 EXPOSITIO
1856 329 1943 392 IN
1984 331 2227 395 EPIST.
2259 335 2362 396 AD
2402 335 2742 401 PHILIPP.

3432 355 3546 415 886'

276 447 476 507 stium,
527 444 890 500 terrestrium.
947 463 967 497 ι
1014 444 1084 502 Ut
1136 460 1325 506 omnes
1371 450 1531 506 simul
1587 453 1860 509 hominem
1891 457 1936 514 Α
1967 455 2132 510 vestri
2165 455 2426 527 gaudium
2459 458 2735 515 tristitiam
2767 474 2945 530 pinnae
3001 467 3084 522 vel
3127 470 3339 536 mortis.
3372 468 3497 526 Sive
3524 491 3552 533 ελ

276 537 506 590 adorent
536 547 658 588 cum
695 533 874 589 Verbo
911 549 1272 607 assumptum.

353 644 371 680 ι
430 625 498 681 Et
557 625 918 685 infernorum.
975 650 994 685 ι
1052 633 1150 688 Hic
1205 633 1544 693 infernorum
1605 643 1858 695 custodes

205 719 212 722 ’
275 724 487 781 inducit

348 835 366 867 ι
409 815 472 870 Et
517 818 698 874 omnis
746 816 928 889 lingua
976 820 1318 879 conﬁteatur.
1359 843 1376 876 ι
1423 823 1677 881 Omnium
1725 840 1857 896 gen-

271 908 407 960 tium
447 907 678 963 scilicet.

352 1017 370 1048 r
408 998 543 1066 Quia
578 1000 837 1058 Dominus
867 1002 1307 1063 JesusChristus
1340 1009 1392 1064 in
1435 1010 1606 1080 gloria
1640 1022 1721 1066 est
1765 1011 1856 1066 Dei

274 1087 472 1145 Patris.
511 1110 530 1144 ι
573 1092 686 1148 Hoc
715 1103 822 1159 est,
853 1093 906 1150 iu
944 1105 1133 1152 natura
1165 1109 1222 1154 et
1248 1100 1420 1171 gloria
1454 1103 1694 1166 deitatis.
1727 1105 1854 1159 dum

270 1182 516 1250 ejusdem
542 1194 630 1239 est
657 1185 843 1252 gloria:
870 1188 1030 1258 cuius
1061 1189 1242 1249 Pater.

348 1294 365 1326 ι
412 1274 632 1345 Itaque,
691 1279 1002 1336 charissimi
1063 1285 1204 1348 mei,
1261 1286 1402 1342 sicut
1455 1303 1670 1359 semper
1727 1293 1856 1350 obe-

268 1365 450 1422 distis.
496 1385 515 1418 ι
558 1366 815 1439 Exemplo
846 1371 984 1442 ejus,
1017 1377 1109 1444 qui
1156 1391 1328 1446 usque
1367 1379 1434 1434 ad
1471 1391 1694 1456 mortem
1727 1384 1856 1440 obe-

269 1459 430 1514 divit.

351 1571 372 1604 (
413 1551 530 1609 Non
582 1557 635 1610 in
687 1560 969 1625 praesentia
1019 1562 1126 1616 mei
1161 1573 1396 1621 tantum.
1438 1587 1457 1620 ι
1496 1567 1656 1636 Quasi
1710 1570 1854 1626 servi

272 1644 339 1698 ad
370 1649 586 1700 oculum
624 1649 926 1706 servientes
954 1651 1169 1720 (Ephes.
1204 1672 1281 1716 vi,
1313 1656 1390 1724 6).

349 1754 368 1786 ς
412 1737 515 1789 Sed
550 1738 720 1794 multo
749 1743 919 1810 magis
949 1746 1173 1800 unnc‘in
1208 1747 1449 1804 absentia
1483 1766 1622 1805 mea.
1659 1770 1676 1802 ι
1713 1751 1848 1818 Quia

1958 544 2077 599 Jam
2107 561 2214 602 non
2249 549 2412 606 timeo
2439 552 2572 606 mori
2605 555 2878 611 sacriﬁcio
2908 555 3029 614 ﬁdei
3063 569 3256 618 vestra:
3289 578 3547 620 consum-

1965 647 2114 692 mato
2145 654 2160 694 :
2195 639 2310 694 sive
2333 642 2458 712 quia
2490 641 2614 698 ﬁdei
2645 654 2838 708 vestra:
2864 649 3192 707 ministravi.

2037 749 2054 780 ι
2095 731 2332 802 ldipsum
2381 745 2558 791 autem
2589 747 2644 793 et
2685 744 3074 810 Vosgaudete,
3109 753 3166 800 et
3206 753 3549 818 congratula-

1962 825 2094 878 inini
2147 827 2300 881 mihi.
2343 847 2360 879 ι
2403 827 2539 896 Quia
2574 832 2704 886 mihi
2752 835 2956 901 grande
3005 838 3284 904 premium
3331 852 3413 897 cst
3451 859 3546 911 pro

1958 917 2115 972 vobis
2142 918 2313 972 occidi
2347 936 2361 973 :
2389 921 2503 975 sive
2530 923 2658 991 quia
2690 923 2818 978 mihi
2851 928 3074 995 expedit
3101 930 3261 986 solvi.

2035 1031 2051 1060 ι
2093 1010 2266 1080 Spero
2318 1023 2498 1068 autem
2551 1015 2607 1071 in
2659 1015 2891 1076 Domino
2917 1018 3046 1076 Jesu
3079 1021 3426 1081 Timmhenm
3460 1041 3547 1080 me

1958 1101 2068 1155 cito
2116 1105 2335 1160 mittere
2383 1107 2450 1159 ad
2498 1122 2615 1163 vos.
2657 1127 2676 1161 ›
2718 1110 2817 1166 Dat
2861 1115 3169 1185 exemplum
3215 1133 3320 1172 non
3355 1121 3546 1176 timere

1957 1197 2085 1265 quid
2138 1197 2470 1264 deﬁniendi,
2524 1202 2618 1258 sed
2678 1204 2859 1262 onmia
2911 1221 3008 1277 spe
3059 1207 3270 1268 Domini
3320 1214 3546 1282 promit-

1959 1289 2126 1344 tendi.

2036 1401 2055 1434 ι
2103 1381 2169 1438 Ut
2193 1391 2249 1438 et
2285 1397 2389 1454 ego
2417 1385 2561 1442 bono
2603 1392 2784 1446 animo
2815 1391 2940 1455 siin,
2987 1396 3217 1463 cognitis
3246 1412 3368 1467 qua:
3397 1400 3543 1455 circa

1958 1489 2060 1529 vos
2089 1485 2235 1530 sunt.
2271 1494 2290 1527 ι
2329 1474 2402 1534 Ut
2430 1480 2642 1548 sciatis,
2673 1485 2800 1554 quia
2827 1499 2922 1540 vos
2952 1501 3086 1542 meae
3129 1491 3410 1558 passiones
3439 1494 3543 1548 mi-

1959 1565 2104 1620 nime
2141 1577 2478 1626 terruerunt.

2035 1675 2053 1708 ι
2112 1655 2392 1714 Neminem
2445 1661 2588 1716 enim
2645 1663 2819 1720 habeo
2873 1674 2982 1721 tam
3035 1669 3384 1730 unanimem.
3445 1671 3538 1740 qui

1961 1749 2176 1804 sincera
2230 1749 2520 1805 aﬁectione
2571 1769 2666 1822 pro
2717 1756 2870 1826 vobis
2913 1757 3178 1816 sollicitus
3226 1760 3320 1817 sit.
3368 1778 3388 1813 ι
3435 1760 3536 1826 Qui

269 1829 503 1896 siquid,
541 1845 628 1885 me
681 1845 967 1902 prasente,
1000 1837 1226 1894 liberius
1260 1840 1525 1910 agebatis,
1579 1845 1854 1914 corrigere
1887 1824 1926 1879 Β
1960 1837 2037 1891 ila
2112 1854 2324 1894 ῐῐιθουῐη
2391 1856 2490 1911 1)το
2557 1847 2799 1900 omnium
2857 1857 3098 1914 vestrum
3157 1849 3331 1908 salltle
3388 1852 3537 1908 801Ιὶ-

265 1929 532 1990 poteram.

347 2030 365 2063 ι
408 2011 540 2068 Cum
577 2025 717 2080 metu
761 2026 816 2072 et
849 2028 1084 2094 tremore
1116 2033 1350 2080 vestram
1388 2025 1616 2082 salutem
1649 2043 1846 2096 Opera-

265 2102 419 2152 mini.
465 2121 482 2154 ι
525 2103 640 2159 Non
683 2121 805 2162 cum
853 2113 1200 2183 negligentia,
1237 2117 1331 2172 sed
1380 2116 1524 2172 sicut
1570 2119 1649 2171 ait
1693 2119 1793 2182 Job
1829 2135 1845 2173 :

273 2190 507 2248 Verebar
555 2201 734 2268 omnia
785 2217 943 2270 opera
995 2221 1109 2260 mea
1168 2216 1383 2276 propter
1436 2209 1621 2274 Deum,
1677 2212 1845 2266 sciens

258 2286 402 2353 quod
445 2305 548 2343 non
575 2307 818 2359 parceres
861 2296 1181 2368 delinquenti
1211 2299 1356 2368 (Job.
1395 2318 1470 2367 ix,
1502 2302 1616 2371 28).
1645 2302 1711 2358 Et
1757 2319 1845 2360 su-

263 2393 361 2444 per
399 2381 680 2450 humilem,
711 2394 766 2440 et
797 2386 1064 2455 quietum,
1101 2399 1156 2445 et
1202 2399 1524 2448 trementem
1555 2395 1718 2452 verba
1751 2396 1845 2456 Dei

263 2473 502 2539 Spiritus
530 2487 754 2533 sanctus
796 2481 1090 2550 requiescit
1121 2483 1260 2554 (Ira.
1305 2501 1453 2551 vai,
1481 2487 1559 2553 2).

338 2584 358 2618 ι
400 2564 544 2621 Deus
574 2582 656 2624 εει
705 2571 848 2625 enim
898 2575 990 2639 qui
1041 2589 1302 2646 operatur
1333 2579 1385 2633 in
1419 2581 1574 2636 vobis
1601 2589 1654 2638 et
1684 2583 1844 2648 velle,

262 2668 318 2712 et
350 2660 630 2728 perﬁcere.
668 2681 686 2714 ι
729 2663 878 2719 Velle
911 2679 1168 2736 operatur
1197 2671 1496 2734 suadendo.
1526 2685 1578 2728 et
1625 2677 1844 2744 praemia

261 2754 630 2820 promittendo
658 2769 678 2812 :
713 2757 820 2822 Qui
843 2766 1249 2826 perseveraverit
1280 2779 1444 2835 usque
1470 2767 1522 2819 in
1551 2768 1733 2836 ﬁnem,
1764 2767 1848 2823 hic

257 2843 440 2899 salvus
486 2847 583 2900 erit
633 2847 846 2917 (Matth.
885 2868 938 2914 χ.
980 2853 1093 2922 92).
1129 2853 1396 2920 Caeterum
1438 2859 1697 2928 perlicere
1744 2877 1845 2916 no-

258 2946 438 3001 strum
493 2943 754 3000 omnino.
831 2961 931 3002 nec
988 2950 1126 3026 velle
1181 2954 1473 3022 quidquam
1533 2967 1616 3012 est
1661 2973 1678 3015 :
1721 2961 1844 3028 quia

258 3039 552 3099 utrumque
575 3031 822 3101 ejusdem
855 3038 956 3094 loci
983 3040 1297 3100 deﬁnitione
1329 3056 1560 3102 tenetur.

332 3145 353 3180 ε
397 3125 502 3186 Pro
533 3128 677 3188 bOna
712 3133 1008 3199 voluntate.
1056 3157 1075 3190 ι
1115 3139 1170 3195 Si
1206 3141 1258 3198 in
1293 3158 1356 3197 ea
1391 3147 1678 3204 maneatis.

334 3237 354 3271 r
392 3221 584 3276 Omnia
615 3236 798 3280 autem
855 3228 1019 3284 facile
1069 3232 1188 3286 sine
1237 3237 1779 3294 murmurationibus.
1815 3259 1834 3292 ι

257 3312 512 3392 Ingratus
539 3327 622 3372 est
649 3333 863 3392 servus,
891 3323 984 3390 qui
1020 3325 1204 3393 gravia
1233 3327 1437 3384 domini
1469 3329 1554 3384 sui
1595 3331 1844 3400 queritur

257 3419 380 3458 esse
413 3418 704 3478 prmccpta.
751 3411 851 3477 Qui
886 3413 1032 3468 enim
1083 3428 1387 3474 murmurat
1419 3407 1485 3482 die
1532 3423 1838 3493 pmceptis,

255 3495 470 3550 dubitat
498 3499 563 3553 de
595 3503 852 3567 prmmiis.
888 3503 984 3558 Hic
1013 3503 1175 3561 etiam
1220 3509 1265 3562 si
1316 3521 1594 3579 operatur,
1625 3529 1732 3570 non
1759 3523 1844 3569 est

255 3586 375 3641 sine
423 3590 666 3658 querela.
712 3593 862 3649 [inde
903 3597 1030 3651 alibi
1075 3600 1149 3653 ait
1179 3617 1193 3655 :
1220 3601 1327 3656 Nec
1359 3608 1840 3673 mnrmuraueritis,

241 3689 304 3732 et
342 3682 535 3735 caetera
565 3682 622 3752 (I
659 3683 784 3739 Cor.
824 3703 878 3752 ι,
913 3687 1023 3754 l0).

334 3791 354 3826 ς
397 3771 462 3827 Et
492 3775 938 3835 limsitationibus.
983 3799 1001 3832 ι
1039 3780 1114 3836 De
1150 3786 1394 3842 mercede
1427 3789 1625 3845 futura.

335 3883 356 3917 σ
397 3863 465 3920 Ut
497 3867 618 3922 sitis
650 3869 768 3924 sine
797 3875 1048 3941 querela,
1079 3890 1133 3930 et
1165 3879 1441 3948 simplices
1474 3882 1568 3938 ﬁlii
1604 3883 1698 3940 Dei
1724 3886 1842 3942 sine

255 3956 699 4024 reprehensione.
751 3981 768 4012 ι
826 3962 981 4017 Sicut
1035 3964 1176 4023 Deus
1236 3985 1332 4024 vos
1381 3971 1529 4027 fecit.
1582 3973 1854 4030 Conside-'

179 4053 188 4062 ‘
255 4059 374 4102 rate
455 4050 611 4118 cujus
675 4051 770 4108 ﬁlii
851 4052 972 4112 sitis
1018 4074 1033 4115 :
1077 4061 1168 4128 qui
1253 4077 1378 4118 cum
1455 4064 1507 4119 in
1587 4070 1840 4124 omnibus

251 4149 478 4194 sanctus
507 4151 571 4194 ac
605 4155 776 4210 purus
811 4147 904 4214 sit,
942 4148 1080 4205 ﬁlios
1123 4167 1232 4206 non
1285 4165 1467 4222 potest
1515 4156 1714 4214 habere
1745 4161 1841 4218 de-

251 4246 502 4299 generos.

331 4343 355 4377 ‹
411 4325 466 4382 1η
518 4329 700 4386 medio
745 4331 983 4390 nationis
1029 4348 1208 4403 pravae
1257 4345 1422 4406 atque
1472 4355 1761 4406 perversae.
1815 4365 1834 4398 ι

251 4413 390 4480 Quae
413 4431 629 4473 omnem
663 4421 1003 4480 rationabilis
1032 4435 1244 4484 natura:
1301 4434 1560 4500 pervertit
1591 4435 1838 4490 ordinem

249 4515 304 4557 et
337 4508 588 4573 perdidit.

332 4614 352 4647 ι
392 4594 534 4653 inter
561 4617 696 4670 quos
727 4604 920 4662 lucetis
960 4608 1104 4665 sicut
1132 4609 1424 4670 luminaria
1470 4612 1522 4667 in
1552 4616 1774 4670 mundo.
1813 4637 1831 4670 ›

252 4687 345 4742 Sic
373 4689 551 4746 luceat
585 4695 676 4750 Dei
705 4711 878 4764 genus
905 4698 960 4754 in
991 4716 1192 4767 genere
1220 4702 1481 4771 humano,
1517 4703 1655 4760 sicut
1679 4707 1758 4762 sol
1785 4719 1841 4776 et

250 4780 379 4833 luna
415 4782 727 4840 illuminant
771 4791 1055 4845 mundum.

329 4891 349 4924 ε
394 4872 623 4932 Verbum
665 4880 786 4936 vita:
807 4884 1168 4940 continentes.
1212 4905 1229 4936 ι
1276 4885 1338 4942 Ut
1364 4902 1460 4955 per
1507 4905 1603 4945 vos
1641 4874 1838 4947 illumi;

252 4977 473 5030 neu'ur,
504 4978 556 5021 et
602 4973 850 5042 exemplo
885 4975 1303 5032 conﬁrmentur.

327 5075 342 5107 ς
386 5061 465 5110 Ad
497 5045 723 5128 gloriam
761 5080 959 5120 meam.
1001 5087 1019 5119 ι
1057 5068 1238 5124 Gloria
1269 5072 1434 5140 patris
1471 5073 1702 5131 ﬁliorum
1733 5089 1836 5142 est,

246 5163 304 5202 ιιι
337 5151 412 5205 ait
437 5151 693 5210 Salomon
751 5157 1101 5229 (Prov/xvii,
1134 5164 1210 5230 6).

329 5261 348 5293 t
392 5243 444 5296 In
471 5245 561 5300 die
589 5248 812 5307 Christi.
851 5272 867 5302 ι
909 5253 962 5308 In
996 5256 1080 5308 die
1104 5256 1316 5324 judirii.

327 5353 347 5387 ‹
385 5337 521 5402 Quia
549 5357 654 5394 non
690 5343 743 5396 in
775 5359 1004 5399 vaenum
1040 5351 1279 5416 cucurri,
1310 5366 1486 5421 neque
1521 5353 1571 5407 in
1605 5369 1831 5410 vacuum

249 5436 518 5492 laboravi.
554 5458 572 5492 ι
609 5439 710 5508 Qui
745 5443 904 5498 talem
935 5445 1044 5500 Deo
1075 5449 1330 5517 populum
1367 5452 1651 5520 acquisivi.

331 5546 351 5579 ς
400 5528 503 5584 Sed
550 5535 651 5587 etsi
705 5532 955 5590 immolor
1001 5555 1163 5607 supia
1214 5541 1544 5596 sacriﬁcium
1591 5556 1644 5597 et.
1677 5543 1835 5598 obse-

244 5620 440 5687 quium
482 5623 604 5678 ﬁdei
638 5637 854 5692 vestrae,
888 5631 1096 5699 gaudeo
1123 5643 1178 5686 et
1205 5635 1551 5704 congratulor
1579 5635 1832 5690 Omnibus

246 5711 428 5766 vobis.
469 5733 484 5764 ι
528 5714 700 5771 Etiam
731 5720 775 5772 si
806 5721 1012 5774 occidat
1048 5741 1060 5775 :
1090 5726 1214 5793 quia
1260 5725 1588 5780 sacriﬁcium
1638 5737 1691 5779 ct
1737 5728 1831 5781 ob-

253 5807 500 5874 sequium
535 5808 658 5864 lidei
713 5822 906 5868 vestra:
944 5813 1143 5870 obtulit
1179 5814 1285 5871 Deo
1313 5833 1325 5869 :
1358 5817 1522 5870 \int‘it
1555 5816 1830 5885 profectus

1950 1931 2094 1984 citus
2127 1931 2219 1985 sit.

2029 2039 2046 2072 ι
2093 2019 2297 2076 Omnes
2329 2023 2473 2078 enim
2509 2039 2630 2095 quae
2679 2041 2776 2082 sua
2833 2039 2979 2094 sunt,
3013 2042 3284 2100 quaerunt.
3322 2052 3339 2084 ι
3375 2033 3534 2088 Coni-

1951 2111 2210 2180 modum,
2262 2115 2344 2170 vel
2399 2115 2675 2185 quietem,
2734 2121 2983 2180 nolentes
3052 2138 3150 2193 pro
3199 2125 3379 2179 anima
3435 2125 3530 2178 tri-

1949 2205 2146 2263 bulari.
2708 2262 2710 2265 .

2027 2319 2045 2353 ε
2083 2299 2203 2357 Non
2233 2317 2352 2373 quae
2384 2305 2511 2362 Jesu
2547 2307 2770 2364 Christi.
2808 2328 2826 2362 ι
2865 2310 2980 2365 Non
3028 2321 3284 2367 curantes
3311 2314 3375 2367 de
3409 2328 3532 2368 cor-

1949 2405 2100 2461 pore,
2139 2397 2224 2450 vel
2269 2399 2520 2468 exemplo
2545 2401 2771 2468 Christi,
2807 2401 2900 2473 qui
2940 2417 3038 2473 pro
3063 2403 3307 2458 omnium
3355 2404 3528 2460 salute

1953 2486 2090 2538 mori
2121 2485 2342 2544 minime
2369 2492 2660 2546 recusavit.
3121 2491 3126 2496 “

2025 2593 2045 2627 ι
2105 2574 2550 2648 Experimentum
2600 2594 2782 2640 autem
2835 2586 2956 2646 cius
3006 2587 3336 2657 cognoscite.
3387 2606 3406 2641 ι
3460 2589 3534 2645 Ut

1949 2670 2126 2739 qualis
2165 2675 2256 2737 sit,
2306 2678 2588 2733 noveritis.
2993 2747 3018 2756 ,Α

2029 2783 2048 2816 ι
2089 2766 2356 2832 Quoniam
2402 2774 2546 2827 sicut
2595 2775 2729 2842 patri
2767 2775 2929 2841 ﬁlius,
2965 2790 3177 2831 mecum
3215 2778 3440 2833 servivit
3477 2779 3529 2834 in

1951 2856 2274 2929 Evangelia.
2312 2882 2332 2916 ι
2367 2864 2674 2921 Secundum
2706 2869 2999 2932 hominem,
3032 2881 3251 2940 propter
3281 2873 3531 2928 homines

1947 2948 2125 3006 factus
2155 2953 2416 3010 obediens
2453 2973 2621 3025 usque
2651 2960 2718 3014 ad
2753 2970 3005 3015 mortem.

2025 3061 2043 3093 ι
2081 3043 2238 3099 ilunc
2273 3048 2434 3117 igitur
2465 3065 2630 3120 spero.
2673 3066 2757 3106 me
2809 3055 3024 3108 mittere
3073 3055 3141 3109 ad
3178 3071 3274 3110 vos
3306 3072 3426 3110 mox
3465 3069 3524 3111 ut

1865 3171 1913 3234 ϐ
1948 3134 2152 3202 videro,
2188 3151 2307 3208 quae
2344 3141 2488 3198 circa
2542 3157 2631 3199 me
2678 3155 2824 3200 sunt.
2862 3165 2880 3197 ι
2923 3145 3081 3202 Modo
3111 3147 3254 3202 enim
3290 3149 3529 3205 incertus

1945 3239 2087 3280 sum.

2021 3335 2040 3367 ι
2080 3317 2307 3377 Conﬁdo
2337 3332 2516 3380 autem
2552 3325 2606 3380 in
2637 3325 2886 3394 Domino,
2922 3330 3174 3399 quoniam
3210 3339 3270 3386 et
3292 3332 3528 3402 ipse-vc-

1944 3408 2088 3463 niam
2120 3411 2185 3466 ad
2221 3427 2316 3468 vos
2345 3415 2474 3471 cito.
2513 3435 2531 3467 ι
2567 3414 2684 3472 Νοιι
2719 3419 2893 3474 solum
2946 3423 3095 3478 illum
3149 3423 3327 3486 mitto.
3361 3440 3522 3493 quem

1945 3503 2162 3556 unicum
2195 3505 2368 3560 habeo
2397 3509 2673 3564 solatium.

2019 3611 2037 3644 ι
2080 3593 2460 3652 Necessarium
2509 3613 2692 3658 autem
2739 3605 3049 3660 existimavi
3101 3607 3524 3677 Epaphroditum

1944 3687 2200 3751 iratrem,
2249 3699 2303 3744 et
2339 3705 2770 3760 cooperatorem.
2807 3716 2825 3748 ι
2869 3696 3248 3756 Necessarium
3286 3701 3436 3757 vobis
3469 3713 3526 3756 et

1942 3792 2350 3848 coaperatorem
2385 3796 2602 3854 propter
2632 3788 2906 3859 Evangelii
2942 3805 3096 3858 opus.

2021 3891 2038 3921 ‹
2079 3873 2145 3927 Et
2179 3876 2608 3932 commilitonem
2651 3895 2853 3946 meum,
2892 3897 3130 3938 vestrum
3178 3893 3356 3939 autem
3387 3901 3525 3953 apo-

1942 3963 2163 4021 stolum.
2223 3983 2242 4016 ι
2301 3967 2615 4026 Commilito
2668 3984 2888 4043 pr0pter
2935 3975 3194 4030 honorem
3243 3996 3256 4031 :
3305 3977 3428 4047 quia
3471 3987 3526 4033 ct

1945 4057 2063 4126 ipse
2102 4068 2392 4128 acceperat
2426 4062 2476 4116 in
2513 4062 2621 4118 illis
2649 4065 2987 4133 apostolatus
3015 4067 3273 4123 ofﬁcium.

2017 4167 2035 4199 ι
2091 4147 2160 4204 Et
2227 4152 2536 4209 ministrum
2586 4157 2931 4225 necessitatis
2995 4174 3128 4215 mete
3188 4161 3408 4216 mittere
3455 4163 3522 4216 ad

1940 4257 2059 4297 vos.
2113 4261 2131 4296 ι
2166 4242 2304 4310 Quia
2345 4247 2487 4302 venit
2535 4264 2667 4305 mea:
2711 4252 3024 4308 necessitati
3074 4253 3383 4308 ministrare
3425 4269 3524 4323 pro

1941 4333 2116 4388 vobis.

2021 4443 2040 4476 ‹
2100 4427 2366 4492 Quoniam
2419 4430 2636 4500 quidem
2687 4447 2878 4494 omnes
2924 4449 3022 4490 vos
3071 4435 3438 4494 desiderabat.
3501 4460 3519 4490 ι

1871 4525 1916 4579 ι)
1943 4513 2281 4574 Charitatem
2331 4520 2450 4589 ejus
2495 4521 2639 4578 circa
2675 4523 2797 4579 illos
2829 4524 3119 4582 sollicitam
3157 4530 3524 4594 commendat,

1943 4619 2003 4664 ut
2029 4621 2082 4665 et
2112 4611 2228 4680 ipse
2263 4614 2330 4667 ab
2367 4615 2446 4668 eis
2480 4616 2713 4685 amplius
2751 4618 3027 4688 diligatur.

2021 4721 2038 4752 ε
2094 4701 2161 4757 Εἰ
2212 4714 2443 4760 ηιωειυε
2497 4717 2636 4772 erat,
2671 4718 2956 4778 propterea
3021 4714 3164 4782 quod
3227 4714 3522 4768 audieratis

1943 4792 2092 4845 illum
2129 4795 2481 4848 inﬁrmatam.
2522 4813 2540 4848 ι
2578 4796 2837 4853 Tristitia:
2866 4811 3060 4856 vestrae
3102 4817 3265 4856 causa
3299 4812 3524 4856 niaistus

1940 4895 2078 4949 erat,
2111 4901 2176 4938 eo
2211 4886 2352 4954 quod
2389 4901 2485 4942 vos
2519 4903 2613 4957 per
2641 4888 2975 4947 inﬁrmitatis
3010 4909 3120 4946 sine
3153 4893 3395 4946 nuntium
3425 4908 3523 4962 pa-

1943 4988 2094 5030 veret
2129 4979 2350 5032 nimium
2382 4980 2757 5036 contristatos.

2021 5085 2036 5112 ο
2079 5065 2210 5119 Nam
2244 5075 2297 5120 et
2331 5068 2635 5124 inﬁrmatus
2678 5081 2758 5125 est
2803 5087 2975 5142 usque
3022 5075 3088 5125 ad
3140 5083 3390 5136 mortem,
3426 5076 3519 5126 sed

1942 5157 2084 5212 Deus
2131 5159 2386 5215 misertus
2431 5170 2514 5218 est
2560 5162 2699 5232 ejus.
2754 5183 2772 5216 ι
2833 5163 2899 5221 Ut
2951 5165 3211 5234 majorem
3263 5166 3510 5220 docendo

1911 5250 2163 5325 colligat
2200 5251 2456 5309 fructum.

2017 5361 2036 5394 ι
2079 5343 2196 5400 Non
2229 5346 2404 5400 solum
2452 5357 2634 5402 autem
2669 5349 2812 5419 ejus,
2849 5365 3036 5405 verum
3078 5349 3242 5405 etiam
3291 5361 3342 5405 ct
3389 5352 3518 5417 mei,

1939 5454 2006 5493 ne
2038 5441 2312 5494 tristitiam
2347 5456 2510 5510 super
2543 5442 2818 5498 trismiam
2869 5441 3147 5498 haberem.
3189 5463 3207 5494 ο
3243 5443 3320 5498 Ne
3354 5446 3524 5498 tristi—

1939 5530 2069 5584 tiam
2104 5533 2342 5587 carceris
2369 5533 2586 5587 tristitia
2618 5532 2971 5588 desolationis
3001 5546 3247 5605 augeret.

2014 5623 2420 5680 «Festinantius
2450 5641 2580 5696 ergo
2613 5626 2732 5682 misi
2769 5625 2940 5692 illum,
2975 5638 3061 5692 ut,
3101 5630 3215 5682 viso
3264 5628 3376 5694 illo,
3424 5629 3524 5682 itc-

1937 5734 2054 5772 rum
2087 5721 2386 5787 gaudeatis.
2428 5739 2444 5772 ι
2485 5722 2584 5776 Pro
2619 5719 2770 5790 cujus
2819 5721 3060 5776 absentia
3099 5723 3220 5777 novi
3259 5738 3349 5776 vos
3385 5736 3518 5780 con-

1939 5823 2164 5868 ιτιξωτι.

2045 6041 2095 6060 0‘
