3956 6196
539 352 644 420 887
1417 345 1432 348 ”
1511 358 1576 418 s.
1612 355 2061 420 HIERONYMI
2103 359 2420 424 OPERUM
2462 365 2857 427 MANTISSA.

3615 367 3698 430 δη

617 485 638 518 r
678 463 744 520 Et
787 479 886 538 ego
931 467 1046 521 sine
1081 465 1297 520 tristitia
1347 466 1470 522 sim.
1507 486 1526 520 ι
1567 465 1740 534 Quam
1775 469 1906 523 mihi
1937 478 2116 524 vestra
2146 477 2190 533 Α
2221 473 2344 542 quia
2379 474 2480 530 hoc
2513 485 2752 543 tempore
2787 473 2879 530 illa
2915 489 3020 529 non
3055 475 3232 530 valere
3260 475 3480 544 cognovi,
3511 477 3609 531 idm
3631 480 3698 534 illa

543 559 765 614 tristitia
803 567 1044 628 generat.
1683 595 1708 662 \

620 671 644 706 ο
681 653 926 723 Excipite
962 652 1146 723 itaque
1173 651 1320 706 illum
1367 665 1487 706 cum
1515 652 1661 708 omni
1694 651 1889 723 'gaudio
1917 654 1969 706 in
2007 652 2117 706 Do-

547 749 718 800 mino.
757 763 776 796 ›
811 743 1115 810 Solventes,
1148 744 1193 798 si
1224 757 1386 814 quem
1418 747 1730 814 scrupulum
1764 745 1829 799 de
1857 744 1977 814 ejus
2010 755 2120 800 tar-

543 838 712 891 ditate
754 832 979 891 animus
1000 835 1141 891 forte
1175 845 1514 906 susceperat.

622 947 641 979 r
682 928 750 983 Et
782 928 1048 999 ejusmodi
1085 944 1206 983 cum
1253 929 1460 983 honore
1498 929 1772 983 habetote.
1815 947 1832 980 ι
1871 927 1987 982 Non
2029 944 2120 984 so-

545 1020 654 1072 lum
687 1018 854 1082 hunc,
886 1021 975 1088 qui
1008 1029 1188 1074 vester
1215 1029 1300 1076 est
1331 1022 1542 1085 doctor,
1582 1019 1676 1077 sed
1701 1027 1756 1074 et
1785 1035 1999 1085 omnes,
2027 1022 2122 1090 qui

549 1111 669 1167 talis
697 1112 886 1181 gratize
921 1123 1070 1176 sunt,
1101 1113 1382 1168 honorate.

622 1222 640 1256 ι
681 1202 948 1269 Quoniam
979 1216 1198 1274 propter
1219 1220 1354 1276 Opus
1381 1207 1575 1263 Christi
1606 1223 1772 1277 usque
1799 1210 1863 1263 ad
1895 1215 2120 1262 mortem

482 1281 504 1300 ”
547 1299 799 1355 accessit.
842 1318 858 1351 ι
907 1299 1010 1366 Qui
1048 1299 1180 1355 mihi
1232 1316 1337 1355 non
1381 1302 1556 1356 timuit
1607 1303 1660 1355 in
1698 1315 1917 1358 carcere
1962 1303 2124 1357 mini-

547 1402 595 1446 Si
607 1407 658 1444 ra
667 1407 746 1445 re.

625 1502 645 1535 ‹
688 1483 934 1542 Tradens
967 1487 1204 1540 animam
1237 1501 1412 1542 suam.
1454 1505 1472 1537 ι
1535 1486 1590 1540 ln
1639 1501 1828 1542 manus
1876 1487 2126 1542 inimico-

549 1589 669 1628 rum
697 1591 714 1631 :
748 1554 853 1630 hoc
883 1586 965 1632 est
991 1585 1211 1646 paratus
1245 1577 1309 1630 ad
1344 1587 1596 1632 mortem.

629 1685 647 1715 ι
681 1667 754 1723 Ut
778 1667 1031 1738 impleret
1059 1669 1112 1724 id
1140 1669 1280 1738 quod
1313 1685 1377 1724 ex
1414 1671 1562 1726 vobis
1587 1671 1773 1727 deerat
1798 1687 1922 1743 erga
1949 1685 2124 1727 meum

552 1758 894 1827 obsequium.
950 1778 969 1812 ι
1009 1759 1079 1816 Ut
1127 1761 1390 1833 reliquum
1423 1773 1662 1818 vestrum
1707 1779 1832 1834 erga
1865 1777 1950 1818 me
1981 1764 2128 1820 solus

555 1849 802 1918 impleret
835 1851 1172 1922 obsequium.

1153 2008 1381 2066 CAPUT
1429 2011 1518 2067 Ill.

627 2138 645 2169 ι
693 2118 766 2175 De
799 2129 1014 2188 castero,
1051 2121 1249 2179 fratres
1280 2124 1404 2192 mei,
1440 2128 1671 2198 gaudete
1718 2129 1770 2182 in
1819 2130 2064 2187 Domino.
2099 2150 2118 2184 ι

552 2208 670 2266 Non
723 2211 774 2266 in
822 2213 986 2270 rebus
1021 2213 1294 2284 humanis,
1326 2217 1409 2273 vel
1455 2219 1508 2274 in
1539 2219 1720 2292 aliquo
1765 2231 2126 2293 praeterquam

553 2305 605 2357 iu
638 2304 868 2362 Domino
894 2309 1194 2378 gaudeatis.

630 2417 650 2447 σ
690 2397 888 2454 Eadem
938 2401 1094 2455 vobis
1139 2404 1382 2459 scribere
1433 2405 1564 2460 mihi
1612 2407 1829 2476 quidem
1883 2425 1988 2464 non
2041 2413 2127 2479 pi-

553 2503 733 2556 grum.
768 2507 793 2566 ,ι
831 2489 1035 2545 Eadem
1067 2504 1337 2563 repetere,
1371 2512 1492 2564 quae
1522 2514 1761 2568 praesens
1789 2501 2056 2558 dixeram.
2099 2549 2106 2552 .

630 2597 650 2630 ι
691 2579 853 2635 Vobis
899 2594 1079 2637 autem
1117 2589 1506 2641 necessarium.
1549 2608 1568 2640 ι
1620 2589 1774 2646 Sicut
1822 2594 1978 2650 horto
2010 2608 2131 2651 cre-

559 2671 711 2725 brius
747 2673 983 2743 irrigari.

631 2783 652 2817 ι
691 2766 879 2823 Videte
923 2785 1104 2826 canes.
1149 2792 1167 2825 ι
1205 2774 1302 2830 Hic
1331 2786 1518 2833 contra
1549 2781 2028 2852 pseudoapostolos
2056 2783 2132 2837 ait

555 2858 757 2914 Christi
787 2860 1134 2932 Evangelium
1175 2866 1492 2925 lacerantes.

632 2971 650 3004 ι
698 2953 886 3010 Videte
932 2957 1101 3013 malos
1135 2962 1440 3030 operarios.
1480 2981 1499 3014 ι
1538 2962 1640 3030 Qui
1672 2965 1815 3035 quod
1863 2981 1962 3024 nos
1992 2967 2130 3024 bene

553 3048 980 3114 construximus,
1015 3051 1290 3108 destruere
1321 3065 1609 3112 conantur.

2219 566 2424 620 nullius
2475 567 2615 622 duco
2661 567 2944 633 momenti,
2995 576 3048 622 et
3098 577 3340 637 tanquam
3389 569 3698 638 impedimenta

2219 658 2469 728 projicio,
2507 658 2705 715 quibus
2752 673 2838 715 me
2887 658 3048 713 vitam
3099 661 3368 729 acquirere
3411 673 3547 728 posse
3585 670 3702 728 puta-

2220 753 2368 807 bam.

2302 862 2321 897 ι
2361 847 2727 903 Conversatns
2760 845 2875 902 sine
2905 845 3142 916 querela.
3183 863 3201 896 ι
3245 843 3471 900 Omnium
3501 843 3705 912 justilicn-

2226 940 2456 1006 tionum,
2494 949 2546 992 et
2582 939 3031 996 caeremoniarum
3076 935 3495 1006 puriﬁcationmn.
3523 945 3563 986 rt
3589 951 3704 987 man-

2225 1031 2349 1084 data
2399 1030 2733 1101 compleham
2771 1047 2785 1085 :
2819 1031 2910 1085 sed
2949 1030 3062 1084 haec
3095 1028 3236 1082 nulla
3268 1027 3454 1094 putavi,
3486 1026 3588 1079 dtnn
3621 1041 3705 1082 cre-

2227 1122 2410 1178 derem
2447 1122 2689 1185 Christo.
2723 1137 2842 1192 qum
2871 1121 2956 1176 lex
2988 1121 3100 1189 ipsa
3137 1120 3456 1189 promiserat.

2305 1233 2324 1266 ‹
2363 1215 2466 1270 Sed
2500 1230 2619 1283 quae
2664 1215 2794 1269 mihi
2849 1213 3066 1268 luerunt
3113 1211 3289 1273 lucra,
3336 1210 3442 1265 hmo
3484 1207 3706 1260 arbitratus

2229 1321 2350 1361 sum
2395 1315 2616 1376 propter
2650 1305 2923 1361 Christum
2963 1304 3300 1359 detrimenta.
3339 1320 3356 1353 ι
3393 1300 3464 1354 Ad
3493 1314 3706 1364 compara-

2232 1401 2432 1455 tionem
2499 1400 2702 1454 inventi
2773 1398 2925 1462 auri,
2990 1394 3350 1450 contemnilur
3401 1401 3706 1450 arramentum.

2228 1491 2479 1561 quamvis
2509 1491 2577 1545 ab
2612 1505 2721 1546 uno
2746 1491 2816 1544 sit
2843 1489 3141 1554 conditum,
3173 1496 3224 1542 et
3254 1501 3348 1555 pro
3376 1485 3595 1553 temporis
3614 1498 3710 1551 qua-

2229 1585 2379 1638 litate
2419 1583 2810 1639 necessarium.

2309 1695 2328 1729 ‹
2388 1675 2774 1730 Verumtamen
2843 1675 3101 1728 existimo
3162 1673 3342 1728 omnia
3402 1672 3708 1728 detrimentum

2231 1781 2372 1833 esse,
2409 1775 2630 1835 propter
2683 1767 3012 1820 eminentem
3081 1765 3358 1820 scientiam
3411 1764 3522 1819 Jesu
3562 1765 3711 1820 Christi

2233 1859 2444 1915 Domini
2471 1861 2598 1926 mei,
2623 1867 2850 1929 propter
2870 1873 3030 1926 quem
3056 1857 3238 1912 omnia
3266 1857 3601 1912 detrimentum
3622 1853 3712 1918 ieci,

2229 1961 2284 2004 et
2334 1951 2575 2005 arbitror
2633 1959 2690 2004 ut
2748 1959 3013 2004 stercora.
3048 1969 3070 2001 ι
3109 1948 3354 2004 Stercora
3395 1949 3601 2003 ciborum
3624 1957 3715 2000 sunt

2233 2045 2497 2112 reliquias,
2532 2055 2587 2098 et
2619 2043 2890 2114 quondam
2941 2058 3128 2097 rerum
3178 2042 3380 2098 utilium
3415 2049 3714 2111 purgamenta.

2310 2157 2328 2190 ι
2352 2137 2420 2192 Ut
2443 2137 2721 2192 Christum
2742 2135 3110 2201 lucrifaciam,
3133 2147 3190 2190 ut
3214 2144 3267 2192 et
3294 2136 3514 2190 inveniar
3535 2135 3575 2187 iu
3596 2133 3710 2186 illo»

2233 2225 2304 2283 Ut
2329 2227 2606 2283 Christum
2635 2228 2862 2282 habeam
2896 2237 3085 2298 caput,
3118 2239 3172 2283 et
3203 2228 3320 2298 ejus
3352 2226 3567 2281 inveniar
3589 2239 3714 2278 mem-

2233 2320 2414 2374 brum.
2449 2339 2468 2372 ι
2503 2319 2618 2373 Non
2652 2319 2862 2374 habens
2920 2335 3099 2374 meam
3149 2320 3420 2390 justitiam,
3441 2331 3543 2388 quae
3562 2331 3613 2371 ex
3635 2314 3718 2384 lege

2232 2421 2336 2467 est.
2375 2431 2393 2462 ο
2429 2411 2542 2466 Hoc
2579 2421 2685 2481 est,
2709 2427 2774 2467 cx
2809 2428 2930 2468 meo
2955 2414 3142 2468 labore
3171 2413 3457 2483 quaesitam.

2312 2519 2330 2551 ‹
2373 2500 2479 2554 Sed
2518 2501 2664 2554 illam
2698 2516 2816 2569 quae
2843 2517 2907 2556 ex
2943 2502 3048 2555 llde
3077 2512 3163 2557 est
3181 2501 3368 2557 Christi
3404 2499 3648 2568 Jesu,qu:e
3670 2510 3716 2550 ex

2233 2591 2345 2646 Deo
2369 2591 2700 2662 estjustitia
2745 2593 2798 2646 in
2839 2592 2964 2647 lide.
3010 2612 3028 2645 ›
3074 2593 3184 2649 Sed
3243 2593 3380 2647 illam
3425 2608 3528 2662 qua:
3572 2606 3596 2644 a
3637 2588 3718 2643 Deo

2235 2684 2476 2753 preprie,
2515 2695 2571 2738 et
2597 2684 2711 2738 sola
2739 2683 2842 2739 ﬁde
2875 2685 3067 2740 collata
3109 2695 3192 2742 est
3221 2684 3537 2741 Christianis.

2315 2797 2334 2827 ι
2388 2777 2467 2830 Ad
2498 2779 2928 2848 cognoscendum
2953 2779 3130 2834 illum.
3169 2798 3186 2832 ι
3219 2779 3286 2835 Ut
3333 2776 3608 2834 beneﬁcium
3635 2773 3719 2842 ejus

2235 2869 2475 2940 perfecte
2504 2884 2850 2939 cognoscam.

2310 2980 2330 3011 r
2365 2961 2434 3016 Et
2483 2961 2734 3017 virtutem
2788 2963 3214 3020 resurrectionis
3263 2964 3392 3033 ejus.
3438 2981 3456 3015 ι
3490 2959 3601 3027 Quia
3633 2955 3720 3011 illeo

2236 3053 2496 3118 Surrexit,
2537 3061 2596 3108 ut
2629 3067 2728 3108 nos
2768 3054 3022 3110 similiter
3053 3070 3419 3127 resurgamus.
3460 3052 3548 3119 Qui
3589 3057 3721 3102 autem

635 3159 653 3191 ι
689 3140 878 3197 Videte
925 3142 1317 3205 concisionem.
1375 3168 1392 3200 ι
1449 3149 1705 3209 Concisio
1747 3154 1892 3210 enim
1929 3157 2126 3225 potius,
2157 3161 2200 3220 (ε
2239 3147 2341 3202 hoc
2405 3161 2532 3202 vere
2598 3148 2915 3218 cognoscit,
2961 3149 3096 3204 satis
3163 3149 3291 3220 agit,
3337 3149 3380 3204 si
3430 3145 3616 3201 omnino
3646 3153 3721 3195 non

557 3249 718 3304 quam
755 3225 1100 3294 circumcisio
1127 3250 1259 3297 sunt
1287 3243 1523 3298 dicendi.

635 3349 658 3378 ‹
697 3327 808 3384 Nos
834 3332 978 3385 enim
1008 3347 1194 3390 sumus
1224 3335 1590 3404 circumcisio,
1617 3341 1708 3407 qui
1743 3340 1935 3410 spiritu
1963 3341 2134 3398 servi-

559 3434 681 3474 mus
720 3419 849 3475 Deo.
889 3441 906 3472 ι
947 3422 1055 3479 Nos
1101 3440 1292 3482 sumus
1321 3428 1425 3482 viri
1471 3427 1662 3496 Judaei,
1693 3431 1786 3500 qui
1835 3447 1938 3486 non
1972 3436 2134 3489 unius

559 3512 788 3566 membri
825 3513 1040 3584 pellem,
1073 3519 1164 3572 sed
1195 3519 1360 3573 totius
1388 3521 1569 3576 carnis
1599 3522 1729 3578 vitia
1765 3533 2132 3593 amputatnns,

559 3605 917 3674 spiritualiter
957 3608 1168 3665 scilicet
1199 3609 1531 3669 circumcisi.

639 3715 658 3748 ι
701 3696 764 3752 Et
792 3699 1089 3768 gloriamur
1124 3703 1177 3756 in
1209 3703 1428 3760 Christo
1459 3703 1587 3762 Jesu
1622 3725 1636 3763 :
1664 3717 1717 3762 et
1747 3725 1852 3764 nun
1885 3709 1938 3764 in
1970 3727 2136 3768 carne

565 3789 815 3845 ﬁduciam
854 3791 1136 3850 habentes.
1179 3815 1198 3847 ›
1235 3796 1293 3850 ln
1343 3797 1456 3853 sola
1509 3799 1613 3857 llde
1658 3802 1882 3868 Cltristi,
1927 3821 2030 3860 non
2081 3807 2135 3860 in

559 3884 977 3962 circumcisione
1005 3890 1230 3945 carnali.
1783 3889 1786 3892 ’

637 3995 658 4025 ‹
713 3973 1033 4046 Quanquam
1090 3989 1145 4032 et
1209 3994 1310 4048 ego
1359 3979 1587 4036 habeam
1643 3983 2023 4037 confidentiam
2083 3985 2136 4037 in

563 4081 748 4122 carne.
790 4087 810 4120 ι
846 4069 926 4124 Ne
953 4070 1076 4140 quis
1121 4079 1272 4139 putet
1320 4087 1407 4127 me
1459 4073 1562 4128 hoc
1603 4073 1724 4129 ideo
1771 4075 1973 4138 dicere,
2013 4077 2138 4144 quia

561 4174 662 4228 ego
692 4160 952 4229 gloriandi
988 4177 1204 4216 causam
1243 4178 1348 4216 non
1401 4165 1648 4230 habeam,
1692 4177 1746 4220 et
1779 4165 1987 4222 idcirco
2033 4183 2137 4222 non

566 4249 784 4319 glorier.

643 4363 662 4394 ε
706 4344 760 4399 Si
797 4347 920 4414 quis
969 4346 1109 4404 alius
1157 4348 1369 4404 videtur
1405 4351 1680 4407 conlidere
1731 4355 1782 4406 in
1825 4367 2010 4418 carne,
2043 4367 2144 4424 ego

571 4440 742 4508 magis
767 4438 1122 4496 circumcisus
1152 4453 1345 4497 octavo
1375 4445 1485 4503 die.
1510 4453 1565 4498 et
1587 4460 1650 4498 ex
1675 4460 1873 4515 genere
1900 4445 2082 4500 Israel.
2117 4465 2136 4497 ›

567 4532 702 4596 Quia
741 4547 805 4586 ex
842 4533 947 4588 illis
993 4534 1133 4589 forte
1184 4535 1351 4604 aliqui
1396 4545 1555 4590 erant
1591 4538 1844 4609 proselyti
1877 4554 1892 4594 :
1924 4553 2023 4608 ego
2053 4555 2140 4593 se-
2171 4536 2220 4594 ο

564 4624 802 4680 cundum
852 4642 1042 4696 genus,
1077 4642 1186 4683 non
1238 4635 1361 4696 post
1410 4643 1604 4692 annos,
1656 4641 1714 4684 ut
1771 4631 1939 4709 aliqui
1985 4645 2140 4702 pere-

564 4736 613 4789 gi
630 4719 723 4774 Eni.

641 4832 659 4862 ι
715 4813 789 4867 De
838 4813 984 4869 tribu
1035 4813 1333 4882 Beniamin.
1387 4834 1405 4866 ι
1441 4815 1570 4881 Quae
1605 4831 1817 4886 semper
1851 4832 1971 4871 cum
2005 4817 2142 4872 Juda

565 4906 852 4974 conjuncta
885 4907 1008 4961 fuit.

645 5023 664 5054 ι
703 5002 961 5058 Hebraeus
989 5015 1052 5055 ex
1083 4998 1343 5056 Hebraeis.
1385 5019 1404 5050 ι
1438 4999 1552 5054 Νυη
1581 5015 1644 5054 ex
1680 5000 1928 5071 gentibus
1962 5016 2146 5070 prose-

564 5098 732 5169 lytus.

643 5211 662 5244 t
717 5187 1024 5244 Secundum
1078 5187 1247 5256 legem
1298 5186 1617 5254 pharisaeus.
1650 5206 1666 5237 ι
1724 5185 1882 5256 chis
1917 5187 2143 5255 peritus,

566 5284 652 5336 vel
685 5281 891 5337 divisus
916 5295 946 5334 a
972 5279 1150 5346 turba,
1172 5280 1264 5349 qui
1296 5294 1400 5332 non
1429 5294 1642 5348 possem
1672 5294 1830 5348 posse
1855 5280 1998 5349 quod
2027 5294 2149 5348 pro-

570 5378 749 5431 harem
760 5415 774 5427 .
1017 5362 1021 5366 ’
1430 5373 1440 5383 '

648 5488 668 5520 r
704 5467 1010 5524 Secundum
1051 5464 1449 5520 aemulationem
1485 5478 1816 5534 persequens
1851 5463 2144 5518 Ecclesiam

571 5559 688 5616 Dei.
730 5579 748 5613 ι
806 5559 1034 5614 Tantam
1092 5558 1257 5612 habui
1312 5558 1757 5623 aemulationem,
1815 5567 1876 5612 ttt
1933 5558 2149 5614 nescius

573 5658 734 5712 etiaut
767 5654 1065 5710 Ecclesiam
1094 5654 1417 5708 insectarer.

651 5770 670 5799 ι
711 5748 1024 5804 Secundum
1051 5747 1345 5816 justitiam,
1369 5761 1488 5813 quae
1517 5745 1569 5799 in
1601 5744 1715 5815 lege
1736 5753 1839 5800 est.
1880 5764 1898 5796 ι
1933 5745 2149 5800 Primus

582 5841 655 5897 ιω
698 5841 750 5896 ἱιι
779 5839 1048 5907 omnibus,
1085 5838 1134 5891 iu
1171 5839 1369 5909 quibus
1406 5837 1480 5894 illi
1513 5836 1650 5894 falso
1681 5838 1981 5910 gloriantur
2009 5861 2022 5894 :
2055 5841 2148 5896 scd

2233 3249 2440 3309 peccet.

2313 3369 2333 3402 ο
2389 3351 2456 3406 Et
2501 3355 2815 3410 societatem
2876 3357 3149 3426 passionis
3206 3357 3382 3425 illius;
3421 3351 3716 3421 cnnlignraws

2235 3445 2400 3500 morti
2431 3445 2570 3515 ejus.
2606 3464 2626 3499 ι
2666 3445 2720 3502 Si
2757 3451 2901 3504 enim
2928 3452 3316 3521 compatimur,
3371 3459 3422 3504 et
3452 3444 3724 3502 convivemus

2240 3537 2416 3611 (Rom.
2439 3554 2556 3605 vttt,
2583 3539 2696 3610 l7.)

2314 3672 2334 3706 ε
2378 3653 2435 3709 Si
2464 3656 2737 3726 quomodo
2764 3670 3050 3711 occurram
3083 3659 3154 3713 ad
3181 3655 3622 3716 resurrectionem,
3639 3658 3722 3716 qua

2239 3755 2321 3801 est
2383 3762 2450 3801 ex
2513 3748 2760 3802 mortuis.
2793 3767 2813 3800 ι
2845 3748 2926 3802 Ad
2968 3748 3116 3803 illam
3176 3765 3294 3819 quae
3329 3747 3641 3818 perfectorutn
3668 3745 3725 3792 est

2242 3841 2477 3908 proprie,
2514 3855 2621 3894 non
2676 3841 2742 3895 ad
2796 3841 2964 3905 illam,
3001 3857 3165 3912 quam
3192 3844 3352 3898 etiam
3384 3842 3562 3896 invitos
3584 3835 3727 3890 habere

2194 3978 2198 3982 .
2243 3947 2462 3988 necesse
2504 3943 2584 3988 CSI
2594 3973 2610 3988 .

2319 4071 2336 4104 ³
2362 4050 2477 4106 Νοη
2507 4051 2778 4122 tluodjam
2809 4053 3132 4120 acceperim.
3168 4072 3186 4105 ι
3209 4051 3341 4119 Quia
3369 4046 3530 4103 mundi
3552 4040 3724 4098 notitiam

2243 4143 2368 4220 linis
2401 4143 2620 4199 advenit
2653 4159 2668 4199 :
2697 4143 2792 4199 sed
2836 4143 2890 4198 in
2923 4159 3020 4214 spe
3051 4155 3158 4212 est,
3191 4143 3334 4215 quod
3373 4141 3628 4197 credimus,
3653 4143 3727 4184 non

2244 4252 2297 4291 ιη
2317 4253 2403 4292 ,l‘t“.

2319 4367 2339 4402 ε
2375 4351 2478 4405 Ant
2499 4350 2609 4419 jam
2653 4349 2927 4420 perlectus
2962 4351 3087 4404 sim.
3133 4369 3152 4402 ι
3186 4349 3378 4403 Adhuc
3401 4348 3472 4401 ait
3494 4358 3544 4398 se
3564 4339 3618 4394 de
3643 4349 3730 4406 ρετ-

2248 4444 2480 4499 feetione
2527 4444 2651 4506 hac,
2684 4452 2739 4498 et
2772 4444 2837 4497 de
2881 4442 2973 4498 tali
3011 4441 3412 4522 resurrectione
3465 4441 3730 4522 suspensum.

2325 4555 2344 4588 ε
2383 4535 2595 4604 Sequor
2611 4547 2788 4590 autem
2815 4536 2858 4590 si
2917 4551 3024 4605 quo
3063 4519 3228 4588 modo
3252 4527 3670 4602 comprehendam.

2250 4645 2361 4700 quo
2413 4603 2485 4683 et
2524 4629 2954 4696 comprehensus
3013 4641 3134 4679 sum
3189 4639 3218 4677 a
3263 4623 3470 4676 Christo
3509 4615 3631 4669 Jcsu.
3660 4603 3733 4659 »81

2196 4756 2218 4778 ς
2247 4720 2706 4790 comprehendam
2761 4719 3017 4772 meritum
3075 4714 3427 4786 apostolatus,
3453 4712 3500 4763 in
3537 4718 3624 4774 quo
3645 4709 3734 4766 apo-

2247 4814 2442 4868 stolatu
2479 4829 2508 4866 a
2539 4812 2759 4866 Christo
2785 4825 2902 4864 sum
2929 4811 3305 4876 reprehensus.

2325 4925 2342 4956 ι
2383 4905 2620 4967 Fratres,
2643 4919 2740 4973 ego
2769 4915 2852 4956 me
2873 4917 2979 4956 non
3010 4902 3245 4955 arbitror
3263 4891 3728 4963 comprehendisset

2226 4979 2324 5053 "Se
2344 4998 2700 5056 humiliando,
2730 4995 2983 5048 onmibus
3011 4991 3418 5064 gloriam‘tollit,
3437 4996 3486 5042 ct
3515 4983 3733 5037 universos

2253 5098 2516 5160 provocat
2551 5089 2616 5141 ad
2662 5085 3075 5154 perfectionem.
3649 5161 3658 5166 _
3703 5155 3712 5166 .

2327 5200 2345 5234 ι
2384 5182 2555 5236 Unum
2613 5192 2818 5244 autem,
2849 5195 2968 5248 qure
3001 5179 3215 5247 quidem
3261 5185 3402 5229 retro
3427 5178 3537 5226 sunt
3591 5161 3737 5218 obliti-

2251 5290 2409 5330 scens
2464 5293 2478 5329 :
2527 5274 2594 5326 ad
2648 5288 2710 5326 ea
2742 5287 2870 5327 vero
2925 5287 3044 5340 qua:
3101 5278 3227 5324 sunt
3274 5266 3478 5336 prOpria
3510 5249 3738 5312 exleudeus

2253 5373 2541 5441 mripsum.
2577 5389 2594 5422 ι
2632 5369 2744 5424 lloc
2806 5377 2980 5424 solum
3032 5368 3171 5429 scio,
3195 5365 3320 5435 quia
3367 5355 3586 5431 quotidie
3615 5341 3735 5450 ptﬂﬁj

2253 5465 2373 5532 cio;
2405 5473 2460 5519 et
2510 5463 2840 5533 praeteritum
2886 5461 3126 5515 laborem
3175 5467 3496 5526 computans.
3528 5447 3735 5537 τιάρτίοςξ

2256 5528 2482 5621 festino;
2511 5528 2627 5611 sive
2663 5555 2798 5625 legis
2825 5553 3168 5616 Oblivisceris,
3191 5549 3255 5605 ad
3288 5547 3508 5622 perlecta
3527 5528 3737 5601 Evangelii

2254 5659 2516 5720 prtt‘ct‘pla
2556 5664 2639 5702 me
2668 5658 2844 5701 teneo.

2331 5761 2347 5792 r
2405 5743 2484 5794 At]
2537 5738 2865 5794 destinatum
2928 5753 3224 5808 persequor
3269 5734 3498 5789 bt'avintn
3553 5735 3737 5810 5ι¹1³ετ¹¹έί’

2258 5834 2554 5892 vocationis
2608 5832 2698 5887 Dei
2753 5833 2804 5888 in
2863 5832 3080 5889 Christo
3131 5831 3274 5888 Jcsu.
3305 5847 3323 5881 2
3371 5821 3509 5894 Quod
3544 5815 3735 5888 ρει-ἰείη)

3859 2094 3861 2224 ι
