3956 6196
248 327 354 385 889

1352 330 1759 392 EXPOSlTlO
1801 333 1876 393 IN
1921 335 2165 408 EPIST.
2204 336 2302 396 AD
2344 337 2687 403 PHILIPP.

3391 345 3504 418 890

254 437 394 492 licus
442 437 682 506 prom’sil
720 442 774 491 in
805 439 1024 495 Christo
1059 442 1112 496 in
1147 442 1298 498 oculis
1335 459 1348 497 :
1384 444 1526 512 quod
1557 460 1662 499 non
1717 444 1822 500 nisi
1856 454 1896 509 Α
1927 447 2090 501 etiam
2155 450 2326 518 possit
2384 452 2659 518 subjicere
2714 452 2816 507 sibi
2882 455 3088 511 omnia.
3148 473 3167 508 ι
3206 453 3340 523 Quia
3399 473 3506 512 non

248 531 532 586 vincentes
554 531 845 612 accipient.

325 640 346 672 ι
389 609 711 691 Quicunque
765 640 897 691 ergo
949 625 1178 691 perfecti
1221 630 1562 688 sumus,hoc
1613 609 1826 684 sentia-

248 728 392 768 mus.
442 730 460 763 r
508 712 790 779 Quomodo
825 725 979 784 negat
1011 732 1071 770 se
1113 731 1239 771 esse
1281 720 1605 785 perfectum,
1650 723 1692 773 si
1740 721 1828 774 alii

249 815 403 871 sunt,
435 805 539 859 nisi
580 806 906 860 humilitatis
950 809 1124 876 gratia
1177 808 1281 862 hoc
1315 809 1520 861 dictum
1556 811 1834 878 accipias?

249 896 575 965 Quicunque
604 895 880 964 perfectus
902 905 1006 960 est,
1030 899 1132 952 hac
1159 899 1380 961 sentiat,
1409 910 1589 952 vetera
1623 900 1830 953 scilicet

249 987 644 1047 obliviscenda,
674 1001 810 1040 nava
851 987 1136 1042 sectanda.
1172 987 1308 1052 Quia
1359 988 1584 1056 perfeCti
1637 989 1830 1041 debent

249 1093 372 1134 esse
406 1078 661 1147 discipuli
693 1078 936 1144 Christi;
967 1079 1093 1133 licet
1122 1081 1373 1148 superius
1402 1082 1469 1134 de
1498 1079 1832 1147 perfectione

251 1173 483 1242 praemii,
544 1169 633 1225 hic
658 1185 787 1222 vero
813 1169 881 1224 de
917 1172 1140 1224 scientia
1165 1173 1236 1226 sit
1275 1172 1509 1226 locutus.

329 1283 348 1314 σ
390 1263 454 1316 Et
480 1264 521 1316 si
554 1263 682 1331 quid
717 1262 875 1317 aliter
903 1263 1120 1333 sapitis.
1147 1274 1200 1318 et
1241 1265 1343 1318 hoc
1367 1265 1520 1318 vobis
1564 1264 1831 1318 revelabit

251 1355 448 1410 Deus.»
485 1354 541 1409 Si
571 1356 696 1425 quid
717 1354 806 1409 alii
833 1355 972 1410 Deus
999 1356 1280 1410 revelavit.
1304 1358 1500 1421 Aliter,
1519 1357 1828 1426 inquit,non

253 1450 400 1504 aliud
436 1467 450 1503 :
489 1450 592 1504 hac
626 1458 732 1513 est,
759 1449 861 1503 alia
897 1449 1219 1512 assertione,
1247 1462 1355 1502 non
1385 1446 1512 1503 fide.

329 1559 352 1595 ε
381 1541 770 1596 Verumtamen
827 1541 893 1594 ad
941 1541 1085 1610 quod
1123 1539 1493 1612 pervenimus.
1530 1558 1549 1591 ι
1587 1539 1666 1594 Ad
1712 1553 1832 1609 per-

253 1633 544 1690 fectionem
587 1635 708 1688 novi
738 1633 1093 1688 Testamenti.

330 1746 350 1778 ‹
394 1724 461 1779 Ut
505 1726 645 1779 idem
690 1728 988 1794 sapiamus.
1022 1744 1041 1777 ι
1075 1725 1222 1781 idem
1257 1727 1329 1781 sit
1359 1745 1372 1782 :
1399 1726 1561 1781 aliter
1617 1725 1831 1781 scilicet

253 1818 394 1873 alter
425 1831 531 1871 non
574 1821 805 1870 astruat.
899 1832 904 1838 ‘

331 1929 350 1961 α
389 1909 458 1964 Et
488 1911 542 1963 in
578 1909 767 1964 eadem
801 1923 1218 1980 permaneanttts
1245 1909 1449 1980 regula.
1488 1928 1507 1962 ι
1551 1907 1664 1962 Νοη
1687 1909 1831 1963 enim

254 2004 398 2058 scire
431 2001 637 2057 sufficit
669 2003 786 2056 sine
822 2004 984 2057 facta.

331 2114 351 2148 ι
391 2095 698 2150 lmitatores
721 2094 826 2148 mei
848 2101 1041 2160 estote,
1072 2093 1294 2148 fratres.
1331 2111 1348 2145 ι
1386 2093 1471 2148 Me
1513 2092 1827 2164 sequimini,

255 2203 362 2243 non
397 2188 566 2244 falsos
599 2187 900 2256 apostolos.

245 2351 250 2356 ι
330 2297 352 2329 ι
403 2280 469 2334 Et
499 2281 782 2334 observate
815 2295 910 2336 eos
939 2279 1067 2351 quia
1111 2280 1184 2334 ita
1215 2281 1514 2347 ambulant,
1553 2281 1694 2335 sicut
1730 2281 1833 2334 ha-

251 2373 398 2429 betis
445 2372 675 2426 formam
719 2384 987 2429 nostram.
1028 2391 1047 2424 ι
1080 2373 1376 2439 Dupliciter
1423 2373 1621 2427 dicitur
1645 2373 1833 2426 obser-

253 2481 404 2528 vare,
437 2465 520 2518 vel
546 2467 610 2518 ad
632 2465 972 2528 imitandum,
1007 2475 1068 2519 ut
1108 2463 1201 2518 hic
1234 2481 1249 2518 :
1293 2463 1378 2518 vel
1404 2466 1468 2518 ad
1503 2466 1826 2531 cavendum,

252 2557 396 2611 sicut
438 2557 503 2609 ad
545 2555 819 2610 Romanos
852 2556 928 2609 ait
963 2573 978 2612 :
1011 2556 1293 2610 Observata
1333 2572 1421 2610 eos
1468 2557 1560 2622 qui
1621 2557 1827 2610 dissen-

251 2647 424 2701 siones
446 2655 492 2698 et
517 2645 840 2716 offendicula
869 2646 1072 2715 faciunt
1104 2647 1280 2715 (Rom.
1328 2663 1438 2712 xvi,
1475 2648 1583 2715 l7).

335 2753 354 2786 ι
393 2735 540 2790 Multi
592 2739 733 2791 enim
782 2740 1084 2805 ambulant,
1112 2754 1252 2807 quos
1281 2753 1422 2808 saepe
1453 2740 1696 2793 dicebam
1735 2754 1827 2794 vo-

254 2829 359 2884 bis.
405 2847 425 2881 »
463 2830 539 2884 De
570 2831 652 2883 bis
682 2829 838 2894 dicit,
867 2831 959 2900 qui
997 2847 1145 2901 spem
1173 2833 1440 2899 passionis
1469 2831 1693 2895 Christi,
1732 2847 1828 2900 per

250 2938 418 2992 quam
464 2933 686 2993 peccata
744 2923 970 2978 dimissa
1023 2934 1185 2990 sunt,
1219 2922 1564 2987 auferentes,
1609 2923 1663 2977 in
1710 2924 1826 2994 lege

251 3013 609 3067 caeremonias
640 3011 1001 3067 collocabant.
1033 3011 1216 3068 Potest
1250 3024 1304 3067 et
1334 3015 1398 3068 de
1416 3011 1687 3068 Joviniani
1709 3025 1826 3069 stu-

252 3101 358 3155 diis
408 3101 602 3172 accipi,
634 3103 725 3171 qui
753 3102 1091 3171 jejuniorum
1143 3102 1465 3157 afflictianes
1511 3112 1567 3156 et
1607 3117 1821 3159 omnem

1933 541 2106 595 salum
2173 541 2533 596 conformavit
2590 557 2714 605 nos.
2754 543 2850 598 sed
2915 545 3080 598 etiam
3135 547 3346 614 corpori
3410 563 3511 602 suo

1933 631 2115 682 omnia
2169 629 2294 683 fecit
2328 646 2448 685 esse
2478 632 2724 701 subjecta
2764 648 2780 689 :
2809 633 2922 687 sive
2952 635 3246 687 secundum
3295 647 3512 690 senten-

1934 720 2084 777 tiam.
2121 738 2223 790 qua
2281 723 2384 776 sibi
2440 734 2633 779 cuncta
2691 726 2926 796 subjecit
2973 726 3028 798 (I
3061 726 3188 781 Cor.
3254 743 3344 794 xv,
3393 729 3508 799 9.8),

1933 813 2096 866 etiam
2136 814 2238 868 bac
2277 815 2348 868 illi
2383 817 2641 884 possibile
2675 827 2778 872 est.

2529 971 2757 1029 CAPUT
2800 974 2904 1030 IV.

2011 1101 2029 1132 ι
2064 1083 2266 1150 Itaque.
2324 1083 2518 1139 fratres
2563 1086 2666 1140 mei
2723 1087 3035 1144 charissimi
3067 1099 3120 1143 et
3159 1089 3512 1146 desideratis-

1935 1175 2084 1229 simi.
2126 1194 2143 1224 ι
2180 1175 2312 1240 Quia
2347 1176 2722 1238 perfectiores.

2013 1285 2032 1316 ι
2075 1265 2341 1320 Gatltlitlttt
2375 1283 2579 1333 meum,
2623 1279 2678 1323 et
2707 1285 2906 1324 corona
2953 1286 3094 1326 mea.
3119 1277 3156 1324 ἰ
3195 1272 3298 1328 Per
3327 1287 3422 1328 vos
3452 1272 3506 1326 in

1933 1357 2186 1426 praesenti
2230 1356 2497 1423 lzctificar,
2522 1367 2576 1412 et
2603 1361 2655 1414 in
2686 1361 2870 1415 futura
2912 1363 3236 1419 coronabor.

2016 1468 2036 1500 ι
2100 1447 2192 1504 Sic
2243 1458 2384 1504 state
2419 1450 2471 1504 in
2543 1449 2790 1518 Domino,
2836 1454 3165 1509 cbarissimi.
3202 1473 3220 1506 ι
3285 1453 3341 1508 ln
3396 1455 3507 1509 sola

1935 1541 2140 1596 Christi
2170 1541 2294 1606 fide,
2325 1552 2385 1596 ut
2413 1543 2664 1612 superius
2692 1548 3102 1614 comprehendi,
3130 1563 3278 1616 spem
3306 1561 3510 1617 ponen-

1939 1639 2042 1693 tes,
2073 1641 2125 1684 et
2158 1632 2210 1685 in
2244 1634 2661 1688 conversatione
2692 1636 2926 1691 caelesti.

2014 1739 2033 1772 ί
2065 1721 2320 1777 Evadiam
2347 1740 2497 1794 rogo,
2521 1737 2574 1780 et
2602 1726 2912 1799 Syntychen
2940 1727 2958 1760 ⁸
2981 1728 3242 1798 deprecor
3275 1730 3507 1799 idipsunt

1861 1830 1906 1884 Β
1935 1827 2126 1884 sapere
2161 1817 2214 1870 in
2247 1817 2494 1874 Domino.
2537 1837 2556 1870 ι
2609 1818 2761 1886 Quod
2793 1821 2944 1884 dicit,
2976 1822 3029 1875 id
3070 1829 3154 1876 est
3185 1837 3201 1878 :
3231 1821 3350 1878 Una
3397 1837 3510 1877 me-

1935 1921 2060 1961 cum
2097 1909 2178 1962 lue
2207 1909 2460 1964 mulieres
2492 1912 2729 1967 scientes
2770 1925 2928 1967 erant
2975 1914 3108 1982 legis
3141 1932 3156 1969 :
3185 1915 3312 1984 quia
3352 1915 3511 1968 sitni-

1936 1997 2062 2049 liter
2088 2006 2143 2049 ut
2194 1996 2330 2052 istas
2361 2000 2549 2055 eadem
2598 2002 2804 2058 sentire
2852 2012 3241 2058 commemorat
3281 2014 3337 2060 et
3385 2007 3511 2060 Itor-

1934 2094 2080 2142 tatur

2015 2199 2035 2232 ‹
2082 2180 2254 2236 Etiam
2307 2199 2438 2254 rogo
2485 2193 2538 2240 et
2593 2193 2666 2250 te,
2696 2187 2967 2243 Germane
3012 2204 3254 2260 compar.
3317 2207 3337 2242 ι
3369 2189 3507 2244 Ger-

1932 2287 2130 2328 manus
2179 2274 2358 2330 dictus
2393 2287 2477 2331 est
2522 2280 2763 2345 nomine,
2792 2282 2884 2352 qui
2913 2289 3030 2336 erat
3057 2296 3286 2351 compar
3316 2281 3506 2336 officii.

2010 2382 2031 2418 σ
2089 2367 2297 2436 Adjuva
2365 2370 2521 2435 illas,
2576 2387 2696 2441 qtue
2747 2389 2954 2428 mecum
3017 2373 3402 2432 laboraverunt
3453 2374 3506 2426 itt

1931 2457 2246 2527 Evangelia.
2291 2479 2310 2512 ι
2363 2462 2483 2517 Non
2534 2465 2708 2528 viros,
2749 2466 2841 2519 sed
2905 2465 3155 2532 feminas,
3190 2479 3310 2534 qttte
3355 2472 3510 2518 erant

1930 2549 2190 2606 docentes
2226 2570 2242 2608 :
2282 2569 2388 2609 non
2421 2556 2475 2610 in
2525 2555 2778 2618 ecclesia,
2809 2557 2903 2611 sed
2931 2557 2983 2610 in
3017 2557 3200 2612 domo.

2007 2661 2027 2694 ι
2068 2643 2206 2698 Cum
2248 2643 2530 2702 Clemente
2559 2655 2614 2700 et
2641 2649 2852 2702 eteteris
2897 2647 3236 2716 adiutoribus
3287 2647 3441 2701 meis.
3481 2665 3504 2698 ι

1927 2734 2181 2791 Clemens
2225 2751 2295 2791 ex
2353 2739 2678 2808 philosopho
2736 2755 2942 2808 magna:
2972 2741 3236 2794 doctrinae
3280 2740 3385 2806 vir,
3415 2740 3508 2810 qui

1929 2827 2116 2882 Roma!
2144 2831 2431 2899 episcopus
2468 2831 2590 2888 fuit.

2003 2937 2024 2971 ‹
2061 2919 2304 2986 Quorum
2335 2924 2550 2979 nomina
2584 2934 2713 2979 sunt
2743 2923 2795 2977 in
2827 2923 2968 2979 libra
3015 2925 3163 2980 vitre.
3199 2942 3219 2976 ι
3259 2924 3336 2979 Ne
3385 2940 3507 2978 nta-

1928 3009 2062 3066 leste
2099 3013 2304 3067 ferrent
2330 3029 2426 3068 sua
2469 3015 2686 3069 nomina
2730 3015 2782 3069 in
2821 3015 2923 3070 bac
2980 3017 3221 3085 Epistola
3259 3031 3510 3085 compre-

1930 3101 2121 3166 hensa,
2151 3105 2355 3174 scripta
2388 3120 2511 3160 esse
2532 3104 2668 3160 dicit
2693 3106 2744 3159 in
2780 3106 2955 3161 cmlis.
2975 3106 3150 3174 Hujus
3179 3107 3302 3160 iibri
3338 3107 3504 3160 etiam

251 3195 499 3264 corporis
533 3194 857 3260 cruciatum,
891 3195 945 3250 in
997 3195 1270 3250 luxuriam
1302 3204 1357 3249 et
1390 3195 1578 3265 epulas
1597 3210 1828 3251 canver—
1858 3170 1900 3229 θ
1933 3193 2146 3264 Moyses
2196 3205 2252 3250 et
2301 3195 2466 3250 David
2519 3197 2790 3258 meminit,
2816 3206 2871 3250 et
2928 3197 3192 3251 Dominus
3247 3195 3301 3250 iu
3337 3195 3510 3248 Evan-

255 3288 408 3343 terit.

325 3398 344 3430 ι
383 3378 538 3436 Nune
593 3388 774 3435 autem
831 3389 886 3436 et
949 3379 1086 3436 flens
1146 3384 1288 3451 dico,
1347 3384 1599 3442 inimicos
1649 3387 1832 3456 crucis

252 3475 479 3530 Christi.
521 3491 539 3527 ι
573 3473 882 3530 Notandum
922 3476 1068 3544 quod
1143 3491 1272 3532 vero
1320 3477 1537 3545 affectu,
1583 3479 1829 3534 omnium

254 3569 483 3622 salutem
505 3568 792 3636 optaverit,
826 3568 916 3638 qui
949 3570 1115 3622 etiam
1137 3569 1386 3625 inimicos
1417 3571 1600 3627 crucis
1625 3572 1830 3628 Christ!

253 3659 507 3725 deﬂebat,
540 3659 688 3714 ultro
725 3659 779 3713 itt
808 3659 1090 3714 interitum
1137 3671 1514 3729 properantes.

327 3768 346 3801 t
383 3750 624 3817 Quorum
672 3749 795 3804 finis
846 3750 1127 3806 interitus.
1163 3769 1182 3802 ›
1222 3750 1366 3818 Quia
1398 3754 1451 3806 in
1483 3755 1834 3825 corruptione

253 3842 529 3898 sentinant
569 3842 770 3897 carnis.
1443 3857 1452 3864 '

336 3952 356 3983 ι
389 3931 630 3999 Quarum
667 3931 809 3990 Deus
839 3943 1032 3989 venter
1074 3945 1173 3990 est.
1221 3956 1239 3988 ι
1281 3935 1383 4003 Qui
1413 3952 1472 3993 se
1504 3939 1557 3994 in
1595 3939 1696 3993 hoc
1729 3955 1827 4009 pu-

256 4038 371 4080 tant
393 4027 500 4081 Deo
519 4029 744 4093 servire,
768 4029 811 4083 si
832 4029 1267 4093 comedantmon
1298 4033 1580 4087 audientes
1603 4035 1836 4101 prophe-

259 4131 368 4174 tam
402 4122 667 4174 dicentem
699 4137 715 4174 :
739 4119 799 4175 Si
840 4123 1284 4177 manducaveritis
1306 4133 1354 4176 et
1382 4125 1638 4194 biberitis,
1666 4141 1836 4180 nonne

256 4227 345 4266 eos
379 4215 711 4266 manducetis
749 4222 793 4267 et
825 4213 994 4267 bibitis
1044 4213 1232 4282 (Zach.
1271 4228 1375 4282 vtt,
1407 4214 1491 4285 6)?

333 4321 352 4352 ι
403 4297 467 4353 ΕΙ.
498 4302 665 4371 gloria
717 4304 773 4356 in
829 4303 1148 4359 confusione
1178 4307 1445 4374 ipsorum,
1481 4308 1572 4372 qui
1622 4318 1835 4362 terrena

255 4396 495 4463 sapiunt.
531 4413 550 4446 ι
585 4394 642 4448 1η
672 4396 1088 4452 circumcisione
1113 4399 1400 4453 verecundi
1428 4400 1677 4454 membri.

334 4507 352 4537 ι
389 4486 584 4542 Nostra
631 4497 811 4542 autem
869 4492 1215 4544 conversatio
1243 4491 1296 4544 in
1332 4491 1486 4547 caelis
1527 4503 1632 4546 est.
1661 4510 1680 4545 ι
1718 4492 1831 4547 Hoc
1863 4516 1910 4571 υ

258 4595 365 4634 non
399 4590 575 4648 potest
603 4581 783 4634 dicere
815 4581 1048 4636 terrenis
1082 4582 1226 4637 vitiis
1257 4583 1618 4652 mancipatus.

334 4691 354 4724 ε
395 4672 546 4728 Unde
586 4674 746 4726 etiam
805 4672 1143 4729 Salvatarem
1205 4685 1608 4744 exspectamus,
1649 4674 1834 4730 Dami-

258 4783 388 4820 nuut
438 4774 680 4819 nostrum
723 4763 909 4821 Jcsum
957 4768 1258 4821 Christum.
1294 4786 1312 4819 ι
1371 4767 1475 4834 Qui
1542 4779 1705 4839 caput
1753 4776 1838 4825 est

189 4905 199 4912 .
259 4868 530 4911 nostrum.

340 4967 358 4999 ι
394 4949 492 5015 Qui
530 4949 850 5004 reformabit
878 4965 1079 5020 corpus
1113 4951 1437 5007 humilitatis
1459 4961 1682 5017 nostrae,
1704 4969 1839 5008 con-

259 5041 550 5112 figuratum
584 5044 799 5113 corpori
824 5045 1088 5099 claritatis
1117 5060 1248 5098 suae.
1282 5064 1299 5095 ι
1327 5045 1482 5101 Sicut
1514 5046 1837 5101 monstravit

261 5135 316 5188 iu
365 5144 568 5200 monte,
603 5151 726 5188 cutn
779 5151 944 5190 unum
1003 5152 1069 5192 ex
1119 5137 1447 5201 viventibus,
1482 5149 1534 5192 et
1569 5155 1732 5192 unum
1769 5154 1836 5191 ex

261 5226 509 5291 mortuis,
546 5227 809 5282 claritatis
849 5243 962 5282 sua:
1017 5231 1230 5297 corpori
1271 5232 1623 5302 configurat:
1654 5247 1837 5286 exem-

262 5317 406 5385 plum
451 5303 865 5372 resurrectionis
917 5321 1236 5387 ostendens,
1288 5332 1344 5377 et
1394 5324 1446 5376 in
1503 5325 1750 5390 mortuis,
1783 5333 1839 5378 et

265 5408 318 5460 itt
354 5409 680 5461 viventibus.

345 5516 366 5549 ι
401 5498 710 5554 Secundum
766 5504 1140 5572 Operationem
1199 5503 1415 5558 virtutis
1476 5518 1586 5558 sua:
1644 5521 1659 5557 :
1717 5517 1823 5573 qua

345 5634 361 5665 ⁸
402 5631 552 5704 ῌιηιι
582 5634 745 5703 igitur
793 5635 932 5690 bene
983 5635 1244 5694 sentiunt.
1287 5651 1376 5703 qut
1412 5635 1712 5704 Syntycnen
1752 5637 1835 5690 vi-

265 5721 386 5758 rum
412 5702 580 5758 fuisse
607 5702 938 5760 Contendunt
985 5723 997 5758 :
1039 5722 1172 5773 quos
1209 5702 1348 5758 inter
1390 5702 1836 5761 et'Martianatus

267 5785 374 5831 est.
410 5773 622 5843 Optime
675 5776 725 5829 in
787 5777 956 5831 noslti
1009 5775 1290 5831 dOlllellt.l
1355 5775 1586 5832 Μωδεευῆ
1645 5779 1835 5832 insui-

1934 3283 2095 3353 gelio.
2243 3338 2246 3340 ν

2012 3394 2030 3428 t
2083 3376 2328 3434 Gaudete
2383 3380 2435 3434 in
2493 3377 2727 3435 Domino
2775 3392 3012 3448 semper.
3067 3395 3085 3430 ι
3145 3377 3278 3446 Quae
3323 3377 3506 3434 saeculi

1934 3469 2190 3538 gaudium
2223 3486 2327 3526 non
2356 3471 2586 3528 habetis.

2011 3579 2031 3614 ι
2062 3563 2294 3618 -lterum
2345 3565 2470 3620 dico
2520 3566 2772 3636 gaudete.
2815 3585 2834 3618 ι
2870 3564 3107 3636 Repetit,
3137 3574 3195 3619 ut
3227 3563 3398 3635 magis
3447 3579 3510 3619 ac

1933 3656 2108 3725 magis
2142 3656 2397 3728 gaudium
2440 3659 2814 3714 confirmetur.

2013 3767 2034 3801 ι
2071 3748 2329 3806 Madestia
2357 3759 2534 3806 vestra
2567 3759 2692 3806 nota
2724 3751 2797 3806 sit
2826 3751 3082 3806 omnibus
3115 3751 3449 3805 hominibus.
3479 3767 3500 3801 ι

1939 3840 2143 3896 Judmis
2177 3851 2232 3895 et
2262 3841 2514 3910 gentibus
2570 3841 2848 3907 omnibus,
2879 3842 2973 3912 qui
3018 3856 3114 3896 vos
3149 3841 3409 3895 tribulant
3452 3850 3511 3894 et

1937 3941 2368 4004 persequuntur.

2014 4045 2032 4078 ι
2073 4027 2338 4080 Dominus
2380 4027 2526 4081 enim
2573 4041 2742 4096 prope
2775 4036 2880 4080 est.
2925 4045 2943 4076 ι
2983 4026 3097 4081 Scit
3123 4026 3251 4095 quid
3275 4041 3412 4094 opus
3439 4027 3509 4078 sit

1937 4131 2229 4190 antequam
2284 4121 2482 4188 petatis
2535 4121 2602 4175 ab
2657 4135 2764 4176 ea:
2799 4121 2913 4176 sive
2971 4121 3036 4174 de
3085 4121 3510 4188 congruentibus

1939 4210 2362 4277 cogitationibus
2422 4211 2840 4266 sollicitudinem
2905 4210 3074 4276 gerite
3118 4227 3132 4262 :
3170 4225 3329 4276 quam
3360 4210 3508 4262 enim

1939 4299 2200 4354 Dominus
2260 4302 2418 4355 nobis
2475 4317 2642 4370 prope
2677 4303 2768 4366 sit,
2796 4302 3000 4370 optime
3053 4302 3282 4355 novistis
3311 4318 3509 4355 secuti-

1940 4393 2066 4446 dutn
2103 4393 2235 4447 illud
2289 4410 2306 4448 :
2342 4391 2512 4446 Juxta
2547 4405 2625 4448 est
2690 4396 2942 4448 Dominus
2993 4394 3073 4446 his
3105 4395 3196 4463 qui
3250 4394 3508 4448 tribulata

1939 4495 2061 4538 sunt
2092 4486 2246 4538 corde
2301 4484 2480 4550 (Psal.
2535 4502 2723 4550 xxxttt.
2761 4487 2872 4554 l9).

2018 4593 2037 4626 ι
2087 4575 2232 4629 Nihil
2287 4578 2504 4631 solliciti
2562 4579 2702 4632 sitis.
2763 4597 2782 4630 ι
2847 4577 3031 4631 Nolite
3088 4580 3342 4648 Cogitare.
3386 4580 3510 4647 quid

1940 4668 2292 4730 manducetis,
2317 4679 2409 4720 aut
2441 4669 2568 4736 quid
2597 4669 2915 4722 induamini.
2955 4667 3081 4723 Ηίιέ
3109 4672 3285 4722 omnia
3337 4681 3511 4740 gentes

1937 4762 2209 4830 inquirunt
2277 4761 2493 4830 (Matth.
2531 4778 2601 4828 vr,
2636 4762 2728 4825 ‘23,
2757 4763 2876 4832 52).

2013 4871 2033 4904 t
2066 4855 2171 4909 Sed
2209 4855 2262 4908 in
2298 4855 2445 4908 omni
2479 4857 2730 4910 oratione
2759 4866 2813 4910 et
2841 4856 3219 4911 obsecratione
3243 4873 3361 4909 cum
3391 4874 3513 4924 gra-

1939 4947 2139 5001 tiarum
2168 4947 2403 5012 actione,
2432 4949 2717 5017 petitiones
2755 4959 2952 5004 vestra:
2992 4950 3335 5003 iunotescaut
3359 4949 3507 5017 apud

1944 5037 2131 5092 Deum.
2173 5057 2192 5090 ι
2255 5038 2375 5094 Non
2424 5055 2546 5093 cum
2599 5043 3028 5095 murmuratione
3091 5049 3185 5094 aut
3239 5041 3452 5094 tristitia
3494 5059 3507 5094 :

1945 5141 2076 5184 tunc
2108 5139 2286 5199 potest
2340 5133 2518 5185 oratio
2555 5145 2738 5187 vestra
2779 5133 2937 5205 digna
2991 5147 3113 5187 esse
3143 5132 3366 5186 auribus
3396 5130 3515 5184 Sai-

1941 5223 2170 5287 vatoris,
2202 5224 2248 5276 si
2291 5239 2387 5292 pro
2426 5226 2703 5293 omnibus,
2730 5241 2849 5293 qua:
2879 5227 3154 5296 patimini,
3189 5224 3389 5296 gratias
3426 5242 3513 5278 rc-

1940 5314 2154 5378 feratis,
2190 5315 2328 5369 sicut
2360 5317 2588 5384 apostoli
2615 5317 2906 5371 faciebant.

2018 5427 2035 5458 ι
2074 5409 2142 5463 Et
2167 5425 2268 5479 pax
2316 5409 2431 5475 Dei,
2485 5426 2605 5481 qua:
2667 5421 2955 5478 ennperat
3004 5426 3218 5465 omnem
3267 5425 3510 5472 sensum,

1941 5502 2216 5556 custodiat
2241 5503 2404 5558 corda
2431 5514 2630 5569 vestra,
2662 5514 2714 5558 et
2768 5505 3154 5574 intelligentias
3202 5517 3410 5560 vestras
3455 5505 3507 5558 in

1940 5645 2124 5711 ptioue
2158 5646 2396 5712 antiqua,
2450 5663 2570 5702 um
2621 5661 2845 5702 suum.
2898 5662 2988 5701 ετ.
3036 5662 3218 5703 unm.
3270 5661 3506 5705 actum»

1938 5729 2034 5769 CLA
2044 5731 2158 5770 VDIA
2201 5732 2476 5772 SYNTICIIE.
