3954 6194
291 311 400 388 893

279 521 374 574 sed
413 525 634 584 propter
669 516 837 570 vitam
867 528 1150 582 aeternam,
1181 535 1303 589 qua:
1329 522 1382 574 in
1423 521 1648 577 Christo
1681 532 1786 576 est.

365 629 386 664 ι
415 609 569 665 Sicut
595 616 651 662 et
701 607 756 662 in
788 609 1044 664 universo
1066 612 1269 667 mundo
1293 623 1394 674 est.
1423 623 1475 669 et
1509 613 1854 671 fructificat.»

280 701 446 756 Aliud
496 701 856 764 tricesimum,
895 703 1046 758 aliud
1095 705 1521 772 sexagesimum,
1558 707 1703 760 aliud
1733 721 1862 762 cen-

282 794 563 858 tesimum,
597 795 894 848 secundum
927 795 1242 864 parabolam
1270 797 1612 854 seminantis.

361 903 380 936 ι
407 883 474 938 Et
500 884 718 938 crescit.
749 903 768 937 ι
799 882 854 938 in
883 901 1112 942 numero
1167 887 1248 941 vel
1281 888 1504 944 virtute.

363 994 382 1028 ι
411 975 562 1031 Sicut
595 976 646 1029 in
681 978 837 1032 vobis
866 993 932 1032 ex
966 993 1026 1032 ea
1059 979 1145 1036 die
1171 996 1273 1050 qua
1312 981 1544 1036 audistis
1573 990 1627 1036 et
1655 996 1858 1052 cogno-

280 1069 442 1122 vistis
470 1069 696 1137 gratiam
729 1070 819 1124 Dei
857 1071 909 1124 in
941 1073 1194 1128 veritate.
1227 1092 1246 1126 ι
1313 1075 1414 1140 Qui
1457 1077 1575 1147 ejus
1598 1075 1860 1131 benelicia

278 1161 443 1214 malis
471 1161 684 1215 actibus
712 1176 820 1216 non
853 1175 1146 1219 evacuant.

359 1269 379 1302 ι
409 1251 559 1305 Sicut
611 1251 879 1308 didicistis
936 1255 1004 1310 ab
1053 1255 1306 1325 Epaphra
1360 1257 1693 1312 charissimo
1731 1273 1860 1313 con-

291 1357 454 1397 servo
489 1354 699 1407 nostro,
737 1345 830 1412 qui
885 1357 967 1400 est
1029 1348 1203 1403 fidelis
1253 1363 1350 1418 pro
1400 1351 1554 1405 vobis
1616 1351 1862 1406 minister

279 1433 487 1490 Christi
545 1433 698 1492 Jesu.
733 1455 751 1488 ι
817 1438 1084 1493 Fideliter
1142 1455 1240 1509 pro
1291 1441 1444 1497 vobis
1505 1445 1557 1497 in
1612 1444 1861 1498 oratione

281 1528 633 1591 incumbens,
669 1531 1036 1586 ministerium
1078 1532 1280 1588 Christi
1311 1534 1534 1589 exhibet
1558 1537 1857 1592 voluntate.

357 1639 376 1670 ι
424 1619 523 1686 Qui
563 1621 728 1675 etiam
775 1622 1142 1680 manifestavit
1183 1626 1340 1681 nobis
1374 1625 1722 1683 dilectionem
1765 1643 1858 1683 ve-

283 1721 454 1768 SIram
490 1713 543 1768 in
595 1713 814 1784 spiritu.
839 1733 860 1769 ι
920 1717 1092 1786 Quam
1126 1719 1339 1776 habetis
1390 1721 1446 1775 in
1478 1721 1858 1790 spiritualibus

275 1805 377 1858 cha
389 1805 630 1861 ritatcm.

354 1915 373 1948 ι
403 1896 531 1951 ideo
575 1906 630 1952 et
667 1912 766 1954 nos
798 1914 863 1954 ex
897 1915 1000 1967 qua
1033 1901 1122 1955 die
1177 1902 1508 1969 audivimus,
1540 1919 1648 1960 non
1675 1920 1854 1961 cessa-

275 2003 399 2042 mus
428 2003 526 2055 pro
556 1989 709 2044 vobis
725 2003 949 2046 orantes
977 2002 1026 2044 et
1049 1995 1412 2060 postulantes,
1431 2006 1490 2049 ttt
1514 1997 1848 2065 impleamini

274 2078 558 2148 agnitione
612 2083 914 2136 voluntatis
970 2083 1089 2152 ejus
1152 2085 1418 2141 iu-omni
1465 2088 1728 2153 sapientia
1800 2098 1858 2145 et

274 2171 563 2226 intellectu
591 2173 886 2241 spirituali.
921 2193 941 2228 ι
1001 2176 1138 2241 Quia
1185 2193 1302 2232 eam
1341 2179 1502 2234 aliter
1529 2179 1709 2236 facere
1742 2199 1850 2238 non

271 2265 547 2334 potestis:
600 2267 743 2334 quod
819 2266 1097 2335 PrOphcta
1151 2270 1468 2342 intelligens
1523 2273 1738 2328 dicebat
1783 2274 1850 2330 ad

274 2356 444 2411 Deum
476 2375 489 2411 :
528 2357 662 2411 Doce
689 2377 770 2414 me
798 2360 971 2428 facere
994 2363 1314 2418 voluntatem
1363 2377 1528 2430 luant,
1548 2369 1674 2437 quia
1711 2367 1852 2424 Deus

270 2462 417 2500 meus
450 2463 503 2501 es
529 2459 583 2502 tu
611 2449 788 2520 (Psal.
821 2467 990 2514 cxut,
1020 2451 1135 2522 10).

355 2557 374 2589 ι
407 2536 479 2594 Ut
514 2541 802 2598 ambuletis
831 2543 996 2612 digne
1043 2544 1156 2598 Deo
1187 2560 1284 2612 per
1313 2547 1496 2601 omnia
1551 2547 1847 2618 placentes,

272 2629 326 2683 in
358 2632 504 2685 omni
532 2648 695 2699 Opere
725 2634 866 2690 bono
897 2637 1290 2692 l'ructilicantes
1326 2655 1340 2695 :
1370 2650 1423 2693 et
1451 2652 1762 2695 crescentes
1793 2642 1848 2696 in

267 2725 494 2778 scientia
533 2725 646 2778 Dei.
687 2745 704 2778 ι
761 2727 906 2784 Bene
952 2731 1043 2784 ille
1073 2731 1182 2784 Deo
1235 2732 1500 2795 ambulat,
1551 2735 1640 2802 qui
1669 2735 1716 2788 ei
1750 2749 1849 2803 per

213 2816 449 2880 ,omnia
505 2817 720 2886 placet;
788 2819 890 2873 hoc
952 2831 1059 2888 est,
1103 2832 1161 2877 ut
1214 2825 1270 2877 in
1325 2841 1488 2892 opere
1525 2826 1668 2880 ὶιοιιο
1722 2842 1846 2882 cum

266 2909 504 2964 scientia
561 2908 650 2963 Dei
685 2909 997 2971 fructiﬁcet.
1053 2915 1226 2970 Simul
1277 2921 1529 2987 exposuit
1558 2921 1702 2988 quod
1737 2919 1848 2980 fre-

263 3013 506 3073 quenter
545 3004 778 3068 obscure
822 3008 1073 3071 dicebat;
1134 3010 1235 3064 hoc
1269 3020 1370 3073 est,
1405 3013 1675 3078 quomodo
1703 3013 1848 3066 Deus

1384 315 1802 377 EXPOSlTlO
1843 315 1927 376 1N
1969 317 2214 382 EPIS'I‘.
2249 320 2352 381 AD
2383 319 2687 382 COLOSS.
2759 291 2761 294 ⁴

283 424 538 498 pervenit
577 423 646 479 ad
676 439 797 480 vos.
833 444 853 479 ι
898 425 1019 482 Non
1051 435 1274 498 propter
1305 429 1593 485 hominum
1627 429 1865 495 laudem,
1895 433 1943 492 Α

3429 314 3538 385 894

2048 453 2068 487 ‹
2099 434 2499 504 Primogenitus
2524 428 2702 492 omnis
2746 444 3033 492 creatum.
3067 456 3086 490 ι
3137 435 3538 508 Primpgenitus

1967 527 2265 582 secundum
2293 529 2550 596 assumpti
2580 529 2814 582 hominis
2841 529 3096 590 formam,
3122 543 3231 582 non
3263 539 3529 598 tempore,

1963 619 2054 672 sed
2083 619 2307 684 honore,
2333 619 2486 688 juxta
2524 620 2658 674 illud
2689 639 2703 674 :
2776 618 2952 676 Filius
2985 636 3130 676 meus
3160 621 3535 690 primogenita:

1921 691 1938 699 ’
1963 708 2137 764 Israel
2169 711 2365 777 (Exod.
2407 730 2481 774 tv,
2504 713 2622 782 ες).

2043 820 2061 854 t
2095 802 2360 867 Quoniam
2392 807 2444 859 in
2473 806 2590 870 ipso
2612 805 2830 860 condita
2864 814 2990 860 sunt
3014 806 3269 860 universa
3303 805 3354 857 in
3380 805 3538 857 caelis

1961 903 2018 948 et
2048 895 2100 948 iu
2156 906 2319 961 terra,
2379 898 2612 952 visibilia
2663 908 2720 953 et
2771 899 3062 952 invisibilia
3107 914 3120 950 :
3165 899 3280 952 sive
3330 897 3534 954 throni.

1961 987 2076 1039 sive
2091 988 2512 1056 dominationes,
2535 992 2649 1044 sive
2666 992 3028 1061 principatus,
3049 991 3164 1045 sive
3179 999 3488 1060 potestates.
3507 1007 3524 1038 ι

1962 1078 2016 1144 id
2047 1087 2235 1134 contra
2268 1079 2596 1136 Manichaeos
2622 1082 2774 1138 facit.

2040 1189 2058 1222 ι
2087 1171 2279 1225 Omnia
2313 1187 2412 1242 per
2450 1174 2626 1243 ipsum
2670 1183 2726 1228 et
2757 1175 2810 1229 in
2841 1175 2962 1245 ipso
3008 1179 3196 1230 creata
3232 1181 3378 1226 sunt.
3406 1191 3425 1224 ι
3476 1172 3532 1227 ln

1967 1263 2136 1329 ipsius
2158 1275 2345 1326 errata
2371 1273 2497 1320 sunt
2521 1276 2812 1332 potestate.

2045 1374 2063 1406 ι
2111 1357 2174 1410 Et
2208 1359 2320 1418 ipse
2353 1367 2431 1412 est
2475 1370 2600 1412 ante
2629 1375 2836 1418 omnes.
2869 1369 2922 1415 et
2944 1361 3127 1414 omnis
3158 1360 3210 1416 in
3247 1361 3363 1430 ipso
3399 1373 3532 1414 con-

1961 1461 2128 1506 stant.
2159 1469 2180 1503 s
2212 1451 2346 1506 Dum
2375 1468 2473 1520 per
2499 1454 2678 1521 ipsum
2711 1455 3034 1510 subsistunt.

2038 1563 2057 1595 ι
2089 1544 2154 1598 Ει
2203 1547 2323 1615 ipse
2373 1554 2456 1600 est
2504 1555 2672 1614 caput
2713 1550 2960 1614 corporis
3009 1547 3284 1604 Ecclesiae.
3319 1566 3338 1601 ι
3395 1546 3530 1614 Quia

1960 1651 2151 1690 omnes
2179 1639 2467 1692 credentes
2498 1639 2616 1706 ejus
2646 1638 2890 1692 membra
2922 1648 3070 1693 sunt.

2038 1748 2056 1780 ι
2088 1729 2188 1795 Qui
2215 1741 2297 1784 est
2321 1730 2652 1799 principium
2677 1728 3084 1799 primogenitus
3108 1745 3170 1785 ex
3220 1729 3471 1784 mortuis.
3502 1745 3522 1778 ι

1961 1820 2398 1885 incorruptibilis
2420 1820 2643 1890 ‘gloriaa.

2035 1931 2053 1962 ι
2079 1911 2147 1968 Ut
2178 1911 2248 1964 sit
2268 1911 2319 1965 in
2343 1912 2592 1968 omnibus
2615 1913 2730 1981 ipse
2759 1913 3050 1980 primatum
3079 1921 3291 1966 tenens.
3327 1929 3346 1962 ι
3389 1907 3524 1962 Tant

1950 2005 2010 2066 in
2045 2003 2374 2067 visibilibus,
2404 2019 2567 2072 quam
2595 2003 2648 2058 in
2684 2004 3054 2058 invisibilibus
3083 2002 3366 2055 creaturis.

2030 2111 2050 2146 t
2077 2094 2215 2159 Quia
2247 2093 2299 2147 in
2351 2094 2828 2166 ipsocomplacuit
2883 2107 3100 2146 omnem
3141 2091 3534 2159 plenitudinem

1954 2187 2260 2242 divinitatis
2291 2185 2621 2242 inhabitare.
2656 2205 2675 2239 ι
2710 2187 2766 2240 ln
2801 2186 2942 2245 aliis.
2966 2185 3070 2238 hoc
3096 2193 3200 2244 est,
3223 2184 3274 2236 in
3307 2192 3529 2248 aposto-

1957 2277 2043 2339 lis,
2083 2277 2437 2343 patriarehis,
2475 2277 2556 2331 vel
2589 2275 2890 2345 prophetis,
2928 2273 3101 2343 gratia
3135 2271 3235 2327 fuit
3259 2288 3322 2326 ex
3355 2281 3528 2338 parte.

1955 2367 2010 2421 in
2035 2367 2258 2423 Christo
2295 2378 2477 2427 autem
2511 2375 2622 2423 tota
2649 2367 2905 2422 divinitas
2931 2367 3201 2421 habitavit
3227 2365 3530 2435 corporali-

1956 2470 2062 2522 ter,
2087 2460 2242 2527 quasi
2269 2459 2316 2514 si
2340 2459 2491 2516 dicas
2522 2459 2885 2514 summaliter.

2031 2575 2052 2608 ι
2088 2553 2154 2608 Ει
2181 2567 2276 2623 per
2303 2566 2426 2606 eum
2469 2550 2814 2606 reconciliari
2847 2550 3027 2605 omnia
3072 2550 3122 2601 in
3153 2549 3348 2616 ipsum.
3378 2547 3530 2613 paci-

1956 2647 2124 2700 ficans
2156 2659 2252 2712 per
2285 2641 2613 2712 sanguinem
2651 2641 2830 2696 crucis
2855 2641 2993 2711 ejus.
3023 2658 3040 2690 ο
3081 2637 3186 2693 Per
3217 2654 3376 2706 quem
3403 2647 3529 2692 sunt

1955 2736 2206 2806 homines
2237 2732 2538 2788 emundati.

2030 2847 2048 2880 ι
2076 2829 2204 2882 Sive
2251 2841 2382 2894 quae
2405 2827 2459 2878 in
2489 2825 2664 2891 caelis,
2705 2825 2822 2882 sive
2859 2839 2980 2876 ante
3018 2823 3072 2875 in
3125 2822 3285 2876 terris
3321 2831 3468 2875 sunt,
3503 2838 3522 2871 ι

1953 2918 2192 2972 Terrena
2229 2915 2569 2978 caelestibus,
2602 2929 2723 2982 qua!
2755 2914 2822 2970 ab
2851 2915 2932 2966 eis
2956 2929 3050 2980 per
3079 2911 3536 2966 contrarietatem.

1953 3011 2076 3064 vitm
2133 3009 2353 3064 fuerunt
2397 3013 2672 3074 separata.
2733 3004 2887 3060 Unde
2925 3019 3085 3060 orare
3131 3002 3416 3066 docemur,
3465 3011 3525 3055 ut

266 3098 363 3150 det
394 3096 552 3154 velle.
589 3099 670 3151 vel
703 3100 945 3167 adjuvet,
985 3110 1039 3153 et
1071 3102 1354 3156 continuet
1387 3119 1400 3156 :
1432 3103 1675 3166 docendo
1691 3105 1848 3160 .scili-
1877 3111 1920 3170 (ζ
1956 3104 2204 3156 voluntas
2249 3101 2338 3156 Dei
2383 3097 2841 3168 quemadmodum
2893 3095 3200 3151 celebratur
3231 3093 3283 3148 in
3329 3095 3513 3161 caelis,

264 3200 355 3243 cet
389 3191 744 3257 sapientiam,
764 3202 818 3247 et
847 3191 1180 3246 intellectum
1210 3195 1506 3264 gratiarum
1539 3195 1845 3260 tribuendo,

265 3295 377 3335 non
433 3281 742 3340 libertatem
812 3283 1025 3337 arbitrii
1062 3284 1386 3349 auferendo,
1411 3285 1558 3340 sicut
1589 3287 1753 3342 etiam
1791 3289 1844 3344 in

265 3376 518 3444 przesenti
557 3385 698 3435 orat.
754 3386 813 3429 ut
853 3376 1182 3445 impleantur
1227 3377 1510 3445 agnitione
1550 3379 1848 3435 voluntatis

264 3466 411 3535 ejus,
456 3466 510 3520 in
570 3467 716 3520 omni
773 3467 1038 3534 sapientia
1076 3475 1130 3521 et
1182 3467 1462 3522 intellectu
1527 3470 1843 3537 spirituali:

264 3574 378 3627 quo
409 3560 618 3624 possint
654 3559 815 3628 digne
847 3558 958 3613 Deo
981 3574 1077 3626 per
1105 3559 1288 3611 omnia
1321 3559 1625 3613 ambulare.

348 3669 366 3702 ι
401 3649 455 3702 In
503 3653 658 3725 omni
713 3652 910 3704 virtute
959 3649 1276 3703 confortati.
1321 3668 1339 3700 ι
1411 3648 1598 3705 Virtus
1649 3667 1844 3722 magna

264 3749 352 3798 est
394 3739 759 3795 inveteratum
792 3741 1012 3796 vincere
1045 3741 1303 3795 vitiorum
1336 3753 1352 3793 :
1412 3741 1497 3796 vel
1543 3742 1594 3796 in
1628 3745 1844 3813 passio-

265 3835 429 3888 nibus
456 3833 642 3886 carnis
679 3832 1055 3888 inﬁrmitatem
1092 3849 1377 3900 superare.

347 3946 365 3977 ι
400 3925 710 3981 Secundum
758 3927 1055 3995 potentiam
1110 3925 1378 3980 claritatis
1422 3926 1558 3994 ejus.
1597 3945 1616 3979 ι
1683 3913 1754 3982 Ut
1793 3934 1847 3982 et

264 4035 366 4074 vos
397 4020 546 4074 sicut
572 4027 628 4071 et
661 4020 751 4073 ille
787 4021 1060 4086 patienter
1085 4018 1267 4072 omnia
1305 4017 1599 4074 sufferatis.

349 4131 367 4162 t
402 4113 462 4164 in
485 4111 633 4165 omni
653 4111 910 4178 patientia
930 4121 984 4164 et
1009 4111 1418 4179 longanimitate
1447 4127 1570 4166 cum
1596 4113 1841 4178 gaudio.»

269 4203 346 4257 Ibi
368 4212 452 4257 est
486 4217 611 4255 vera
664 4202 1050 4266 longanimitas
1079 4213 1133 4257 et
1185 4202 1474 4270 patientia,
1526 4204 1615 4259 ubi
1649 4203 1850 4274 aliquis

264 4294 466 4364 gaudet
505 4293 669 4347 etiam
707 4294 982 4348 sustinere
1015 4294 1163 4362 quod
1197 4295 1422 4361 patitur.

343 4405 361 4438 ι
399 4386 614 4441 Gratias
640 4396 870 4454 agentes
917 4385 1024 4439 Deo
1055 4395 1112 4439 et
1151 4385 1329 4451 Patri,
1390 4389 1485 4455 qui
1511 4387 1707 4456 dignos
1748 4403 1848 4442 nos

1955 3195 2029 3248 ita
2067 3193 2158 3246 ﬁat
2189 3204 2243 3246 et
2269 3191 2323 3246 in
2357 3189 2538 3245 terris.

2029 3303 2047 3336 ι
2079 3282 2140 3337 Et
2165 3297 2262 3336 vos
2287 3296 2412 3338 cum
2436 3279 2634 3336 essetis
2651 3277 2946 3346 aliquando
2967 3273 3211 3337 alienati,
3243 3280 3298 3328 et
3320 3271 3522 3325 inimici

1951 3392 2112 3431 sensu
2149 3373 2410 3446 cperibus
2442 3372 2604 3427 malis
2635 3387 2649 3425 :
2686 3384 2831 3426 nunc
2855 3377 3036 3422 autem
3067 3365 3438 3422 reconciliavit
3469 3368 3522 3418 in

1950 3483 2179 3534 corpore
2229 3466 2416 3521 carnis
2463 3465 2585 3534 ejus
2641 3479 2742 3533 per
2773 3470 3030 3544 mortem.
3061 3478 3081 3512 ι
3147 3459 3280 3525 Quae
3327 3457 3527 3512 fuerint

1951 3562 2274 3624 inimicitiae,
2312 3556 2728 3622 stridentis-sime
2751 3553 3070 3614 declaravit.

2027 3652 2343 3710 «Exliibere
2391 3665 2485 3706 vos
2536 3659 2779 3708 sanctos.
2809 3667 2827 3700 ι
2889 3645 2970 3702 Ne
3023 3645 3148 3712 ejus
3200 3640 3526 3698 beneficium

1952 3747 2166 3800 irritum
2205 3745 2488 3802 facientes.
2527 3742 2650 3798 sitis
2687 3741 2886 3797 iterum
2923 3737 3158 3791 inimici.

2025 3857 2044 3890 ι
2058 3837 2122 3892 Ει
2143 3835 2537 3895 immaculatos,
2555 3843 2609 3888 et
2623 3828 3128 3898 irreprehensibiles
3145 3841 3327 3883 coram
3354 3825 3492 3892 ipso.
3504 3841 3524 3876 ι

1952 3929 2090 3986 Vide
2127 3929 2174 3984 si
2204 3929 2414 3983 sciebat
2443 3941 2502 3982 se
2533 3923 2886 3994 impossibilia
2919 3925 3262 3990 pmcepisse.

2032 4040 2052 4072 ‹
2082 4020 2139 4074 Si
2167 4031 2344 4074 tamen
2376 4016 2712 4088 permanetis
2741 4017 2794 4069 in
2817 4015 2917 4070 [ide
2945 4013 3176 4077 fundati,
3207 4021 3262 4066 et
3279 4009 3525 4070 stabiles.

1952 4123 2004 4169 et
2029 4111 2356 4166 immobiles.
2392 4129 2411 4164 ι
2464 4109 2616 4164 Tunc
2647 4107 2893 4177 poteritis
2925 4103 3262 4159 immaculati
3300 4115 3444 4162 esse,
3479 4100 3526 4155 si

1955 4207 2236 4263 hominum
2271 4220 2369 4260 vos
2409 4202 2656 4272 exempla
2705 4201 2930 4256 minime
2965 4198 3260 4266 decipiant,
3295 4197 3390 4250 sed
3425 4195 3523 4248 (ir-

1955 4300 2111 4355 ntitcr
2141 4299 2320 4352 futura
2357 4296 2614 4351 credatis.

2029 4411 2048 4444 ι
2088 4393 2128 4446 Α
2153 4405 2247 4460 spe
2279 4388 2558 4452 Evangelii
2589 4385 2729 4458 quod
2758 4383 3006 4442 audistis.
3039 4401 3057 4433 ι
3082 4381 3244 4450 Spem
3268 4378 3529 4446 Evange—

265 4478 402 4534 fecit
437 4479 488 4530 in
523 4487 732 4547 partem
765 4478 934 4535 sortis
956 4487 1276 4532 sanctorum
1310 4479 1362 4531 in
1395 4479 1618 4533 lumine.
1655 4499 1674 4533 ›
1719 4479 1850 4535 Plus
1881 4451 1926 4508 Β
1956 4484 2011 4538 lii
2045 4492 2239 4539 contra
2287 4479 2642 4550 Evangelium
2694 4479 2941 4533 viventes
2981 4487 3205 4540 sperare
3258 4487 3364 4526 non
3406 4486 3534 4539 pos-

264 4569 482 4625 vocatio
514 4569 768 4632 lmtiﬁeet,
801 4583 960 4636 quam
994 4567 1196 4638 aliiigat
1242 4567 1462 4622 tristitia
1502 4569 1846 4631 passionum.

264 4659 638 4731 Cognominat
671 4669 873 4715 sortem
925 4670 1262 4726 sanctorum,
1298 4669 1502 4714 sortem
1559 4662 1845 4718 hmredita-

267 4753 366 4816 tis,
429 4752 572 4807 sicut
624 4752 789 4806 etiam
851 4752 1132 4820 Scriptura
1182 4763 1579 4809 commemorat
1641 4771 1657 4810 :
1717 4757 1842 4823 quia

260 4842 432 4899 Jesus
462 4855 658 4898 terram
688 4843 875 4900 divisit
903 4843 956 4898 iu
984 4854 1130 4898 sorte
1171 4841 1358 4912 (Iosue
1389 4861 1430 4908 ι,
1455 4844 1530 4916 6).

344 4956 364 4990 t
390 4935 491 5002 Qui
523 4937 722 5006 eripuit
753 4950 852 4992 nos
879 4936 946 4991 de
979 4946 1256 5008 potestate
1282 4937 1657 4993 tenebrarum.
1704 4957 1722 4990 ι
1761 4939 1842 4994 Ab

265 5029 576 5098 ignorantia
614 5029 694 5083 vel
722 5043 932 5083 errore.

350 5141 368 5174 ι
402 5121 469 5176 Ει
506 5120 783 5176 transtulit
817 5120 872 5176 in
907 5135 1130 5189 regnum
1166 5119 1259 5175 lilii
1301 5121 1616 5178 dilectionis
1661 5137 1790 5176 sum.
1822 5142 1840 5174 ι

270 5220 348 5274 De
382 5232 549 5284 regno
588 5217 791 5272 erroris
848 5227 902 5271 et
933 5217 1149 5283 mortis,
1179 5230 1287 5284 quo
1320 5223 1374 5270 et
1438 5216 1620 5272 dilecti
1665 5227 1720 5273 et
1753 5217 1844 5271 (ilii

267 5311 552 5364 ﬁeremus.
889 5309 894 5314 ’

344 5421 363 5452 ι
401 5402 458 5456 lu
495 5417 600 5471 quo
627 5401 890 5456 habemus
914 5400 1342 5468 redemptionem
1378 5410 1432 5455 et
1465 5399 1843 5458 remissionem

259 5502 638 5563 peccatorum.
674 5510 692 5542 ι
733 5489 1047 5561 Redemptis
1069 5489 1197 5556 ilde,
1231 5505 1326 5560 per
1357 5491 1686 5561 baptismum
1718 5505 1846 5561 pec-

259 5593 387 5640 cata
423 5583 654 5638 t’iimiSii.

347 5676 500 5744 «Qui
581 5688 666 5731 cst
717 5678 894 5748 imago
949 5676 1044 5733 Dei
1102 5677 1447 5734 invisibilis”
1529 5676 1840 5734 Secundum

259 5770 566 5842 Epistulam
594 5772 657 5827 ad
691 5771 966 5830 Παιδί-ποθ.

1955 4585 2104 4633 sunt.

2031 4689 2049 4721 ι
2083 4667 2242 4734 Quod
2295 4665 2650 4737 praedicatum
2699 4670 2784 4717 est
2825 4661 2880 4716 in
2939 4660 3194 4714 universa
3233 4665 3484 4711 creatura
3509 4693 3526 4716 ,

1953 4777 2073 4832 qua:
2095 4760 2196 4815 sub
2218 4758 2360 4815 ctelo
2383 4768 2488 4813 est.
2520 4775 2538 4808 ι
2580 4753 2909 4810 Rationabili
2941 4753 3173 4808 scilicet.
3209 4747 3526 4805 Notandum

1953 4871 2085 4912 sane
2128 4854 2404 4924 quomodo
2447 4866 2665 4906 omnem
2716 4860 3053 4912 creaturam,
3096 4845 3348 4900 homines
3374 4842 3522 4896 solos

1959 4946 2282 5001 nominavit.

2029 5037 2242 5106 tCujus
2292 5036 2480 5090 factus‘
2518 5049 2640 5090 sum
2686 5048 2790 5104 ego
2844 5031 3044 5086 Paulus
3101 5029 3368 5092 minister,
3424 5025 3522 5093 qui

1954 5146 2098 5184 nunc
2133 5131 2341 5196 gaudeo
2373 5130 2426 5181 in
2463 5127 2811 5197 passionibus
2843 5139 2941 5195 pro
2972 5122 3140 5178 vobis.
3177 5140 3196 5173 ι
3266 5120 3368 5174 Pro
3397 5118 3524 5174 aliis

1953 5222 2174 5291 patitur,
2241 5219 2371 5288 quia
2409 5234 2506 5284 pro
2537 5219 2654 5286 ipso
2677 5228 2802 5271 ante
2825 5229 3018 5284 passus
3058 5222 3138 5266 est
3177 5210 3446 5267 Christus.

2031 5332 2048 5366 ι
2081 5311 2147 5365 Et
2188 5310 2462 5377 adimpleo
2498 5325 2558 5363 ea
2594 5325 2712 5377 qua:
2745 5307 2940 5362 desunt
2979 5305 3290 5372 passionum
3320 5299 3524 5354 Christi

1955 5405 2008 5459 in
2037 5418 2207 5460 carne
2237 5418 2353 5458 mea
2385 5419 2483 5472 pro
2529 5415 2760 5469 corpore
2785 5397 2927 5466 ejus,
2963 5401 3106 5459 quod
3135 5405 3219 5448 est
3252 5391 3518 5447 Ecclesia.

1952 5499 2122 5568 Cujus
2153 5499 2326 5552 factus
2362 5512 2478 5551 sum
2511 5511 2611 5566 ego
2637 5491 2902 5547 minister.
2929 5509 2946 5540 ι
2999 5489 3186 5557 Usque
3221 5487 3354 5541 adeo
3383 5497 3522 5548 prmo

1955 5590 2201 5644 sentibus
2257 5603 2364 5643 non
2429 5596 2640 5640 terreor
2688 5581 3182 5652 perserutionibus,
3263 5589 3316 5630 ut
3385 5576 3519 5632 mihi

1954 5697 2182 5750 parvum
2213 5695 2334 5736 esse
2370 5679 2618 5734 videatur
2654 5674 2795 5743 quod
2827 5676 3022 5744 patior,
3051 5671 3413 5744 quoadusque
3461 5672 3514 5722 in

1950 5788 2034 5827 me
2065 5772 2243 5842 passio
2281 5771 2591 5843 impleatur,
2624 5769 2764 5824 sicut
2803 5767 2866 5824 ad
2915 5765 3168 5824 ilchmos
3214 5762 3348 5818 dicit
3387 5782 3399 5818 :
3446 5761 3514 5816 Ut
