3956 6196
448 280 560 345 85

1393 272 1456 331 S.
1498 267 1942 330 lIIERONYMI
1985 268 2302 366 OPERUM
2346 270 2745 334 MANTISSA.

3571 270 3662 333 896

449 411 550 448 non
583 390 876 460 {utigcntini
915 389 1106 442 anitnis
1151 385 1342 440 vestris
1381 385 1688 451 deﬁcientes
1718 402 1737 439 :
1788 385 2019 439 nondum
2048 379 2098 443 Α
2127 387 2180 438 ἱιι
2221 389 2373 441 vobis
2423 387 2621 442 sufﬁcit
2653 386 2717 440 ad
2766 387 2952 451 vitam,
2989 383 3212 440 etiamsi
3247 382 3443 452 aliquid
3475 385 3665 440 interim

449 482 590 535 enim
622 496 784 546 usque
807 479 875 529 ad
908 475 1218 544 sanguinem
1255 475 1528 528 restitistis
1562 475 1745 543 (Hebr.
1773 491 1874 547 ιιι,
1905 477 2020 541 54).

529 591 548 622 ‹
584 569 892 624 Secundum
945 567 1408 636 dispensationem
1468 566 1582 627 Dei,
1617 582 1736 634 quze
1783 567 1909 618 data
1945 574 2026 618 est

455 662 584 716 mihi
619 663 668 714 in
704 659 856 713 vobis
891 677 908 715 :
944 670 1001 712 ut
1029 659 1280 726 impleam
1309 657 1530 710 verbum
1559 655 1674 722 Dei,
1706 657 2023 724 mysterium

455 754 596 823 quod
621 752 996 807 absconditum
1027 750 1130 802 fuit
1161 765 1188 802 a
1211 748 1425 803 saeculis
1443 756 1496 802 et
1517 748 1980 818 generationibus.
2003 767 2020 799 ι

455 850 722 904 Doctrina:
769 847 1122 916 evangelicae,
1157 861 1320 915 quant
1369 845 1525 902 vobis
1561 845 2028 918 gentibusjnssus

455 957 574 995 sum
603 955 851 1008 erogare.

530 1033 733 1087 «Nunc
785 1044 963 1086 autem
1023 1031 1429 1085 manifestatum
1483 1040 1568 1086 est
1622 1017 1858 1085 sanctis'
1887 1029 2028 1101 ejus,

458 1127 660 1196 quibus
691 1125 865 1182 voluit
914 1125 1078 1180 Deus.
1119 1145 1136 1176 ι
1192 1127 1459 1191 Tempore
1493 1140 1599 1194 quo
1641 1126 1812 1180 voluit
1844 1133 2031 1196 gentes

454 1233 688 1284 vol-are,
738 1217 940 1286 quibus
985 1218 1154 1273 voluit
1199 1217 1408 1274 sanctis
1451 1219 1669 1287 aperuit
1719 1232 2033 1272 sacramen-

459 1321 570 1366 tum
585 1352 601 1369 .

537 1425 556 1456 ι
587 1404 754 1459 Notas
792 1406 974 1460 facere
1022 1404 1242 1457 divitias
1273 1403 1459 1473 gloriae
1499 1402 1828 1456 sacramenti
1867 1401 2032 1472 hujus

463 1495 825 1566 ingentibus.
869 1515 887 1547 ι
943 1495 1082 1562 Quia
1131 1495 1270 1548 idem
1325 1493 1577 1546 Dominus
1605 1493 1863 1559 omnium,
1895 1482 2033 1548 dives

459 1588 514 1641 in
547 1604 720 1642 ontnes
751 1589 840 1659 qui
873 1589 1114 1641 invocant
1149 1586 1300 1640 illum
1335 1585 1510 1650 (Rom.
1547 1603 1601 1651 ιι,
1640 1586 1750 1650 12).

539 1696 558 1728 ι
587 1676 737 1742 Quod
772 1689 855 1732 est
883 1678 1138 1732 Christus
1189 1677 1240 1730 in
1276 1677 1430 1730 vobis
1475 1692 1599 1746 spes
1636 1676 1836 1748 gloriae,
1872 1691 2030 1745 quem

463 1781 562 1819 nos
585 1768 996 1832 anmtntiamus,
1029 1767 1390 1837 corripientes
1424 1783 1639 1824 omnem
1667 1768 1958 1832 hominem,
1983 1778 2036 1820 et

466 1859 724 1912 docentes
756 1859 807 1911 ir.
841 1861 984 1913 omni
1019 1859 1302 1928 sapientia.
1336 1877 1355 1910 ι
1394 1857 1638 1913 Judaeum
1669 1867 1725 1913 et
1757 1857 2033 1922 Gnecum,

461 1965 678 2004 servum
711 1958 766 2004 et
803 1950 1059 2006 liberum.
1119 1951 1293 2004 Simul
1345 1951 1594 2014 attende,
1651 1953 1796 2019 quod
1847 1964 2038 2005 omnes

463 2043 788 2110 Sapientiam
827 2041 1046 2098 doceat.

537 2155 555 2187 ε
591 2134 662 2191 Ut
691 2137 1052 2192 exhibeamus
1082 2152 1299 2214 omnem
1336 2137 1612 2192 hominem
1648 2136 1950 2206 perfectum
1981 2135 2036 2190 in

459 2227 678 2281 Christo
703 2225 830 2282 Jesu
863 2243 880 2282 :
911 2228 963 2280 in
989 2213 1172 2295 quoet
1206 2227 1419 2294 laboro,
1446 2228 1708 2282 certando
1736 2229 2036 2282 secundum

460 2320 832 2388 operationem
864 2320 1010 2388 eius,
1061 2335 1222 2389 quam
1255 2331 1516 2390 operatur
1551 2321 1604 2374 in
1643 2335 1728 2372 me
1763 2321 1981 2374 virtute.
2013 2337 2032 2369 ι

463 2411 772 2468 Notandum
802 2414 945 2484 quod
971 2429 1162 2469 omnes
1197 2422 1428 2468 conetur
1457 2413 1718 2468 exhibere
1745 2413 2036 2484 perfectos.

1072 2555 1436 2627 CAPUT'IL

546 2683 732 2740 «Volo
787 2683 934 2739 enim
989 2698 1086 2739 vos
1146 2684 1290 2740 scire
1345 2677 1564 2753 qualem
1617 2681 2041 2738 sollicitudinem

470 2778 699 2834 habeam
733 2793 831 2848 pro
861 2776 1038 2841 vobis,
1085 2787 1141 2833 et
1185 2791 1286 2846 pro
1319 2777 1406 2831 his
1431 2775 1522 2847 qui
1551 2785 1680 2830 sunt
1716 2774 1996 2830 Laodicea:
2023 2790 2041 2828 :

471 2885 525 2926 et
557 2875 866 2942 quicunque
893 2887 998 2926 non
1021 2871 1278 2927 viderunt
1307 2869 1500 2925 faciem
1533 2883 1708 2924 meam
1743 2869 1798 2922 in
1831 2881 1998 2923 carne
2023 2883 2042 2922 :

468 2972 527 3018 ut
559 2963 916 3019 consolentur
945 2963 1112 3018 corda
1165 2963 1428 3028 ipsorum,
1465 2959 1717 3015 instructi
1763 2959 1818 3015 in
1863 2959 2045 3014 chari-

2128 481 2306 534 minns
2329 481 2571 534 scientia)
2600 479 2837 536 habetis.

2203 589 2221 622 ι
2257 572 2506 626 Radicati
2533 584 2586 626 et
2618 569 3038 640 superaediﬁcati
3069 570 3122 623 in
3155 567 3304 637 ipso.
3341 586 3356 619 ι
3393 567 3663 622 Secundum

2128 666 2293 719 robur
2325 664 2684 727 fundamenti,
2713 662 2948 715 validum
2985 660 3360 729 supercresrit
3391 661 3663 715 aediﬁcium.

2204 776 2222 810 ι
2251 759 2314 812 Et
2343 757 2654 811 conﬁrmati
2689 756 2742 809 in
2775 755 2878 808 ﬁde
2913 771 2927 807 :
2954 753 3092 808 sicut
3121 763 3178 808 et
3214 753 3497 816 didicistis,
3526 753 3666 807 ahnn~

2129 850 2322 903 dantes
2352 849 2404 901 in
2437 848 2529 903 illo
2558 849 2610 901 in
2652 849 2954 918 gratiarum
2983 846 3223 900 actione.
3255 863 3273 896 ι
3333 844 3548 912 Semper
3567 862 3666 900 cre-

2131 952 2347 997 scontcs
2377 941 2430 994 in
2468 941 2606 994 illo:
2667 947 2722 994 et
2774 953 2873 1010 pro
2923 938 3182 993 omnibus
3235 936 3510 991 beneﬁciis
3571 937 3667 1005 ejus

2131 1034 2334 1105 gratias
2363 1033 2683 1088 referentes.

2207 1145 2225 1178 ι
2261 1126 2451 1182 Videte
2483 1141 2550 1180 ne
2580 1125 2703 1195 quis
2753 1139 2849 1179 vos
2884 1123 3120 1193 decipiat
3147 1137 3251 1192 per
3289 1122 3666 1192 philosophiam,

2131 1231 2184 1276 et
2231 1221 2443 1274 inanem
2482 1219 2751 1274 fallaciam
2785 1217 3089 1274 secundum
3139 1216 3484 1271 traditionem
3528 1217 3667 1270 homi-

2135 1327 2262 1363 num
2295 1323 2312 1366 :
2343 1310 2637 1363 secundum
2662 1308 2930 1363 elementa
2961 1306 3176 1370 mundi,
3200 1315 3378 1360 etnon
3411 1307 3667 1360 secundum

2135 1401 2440 1456 Christum.
2476 1417 2494 1452 ι
2529 1399 2730 1456 Contra
2762 1398 3118 1468 philosophos
3143 1398 3242 1462 ait,
3278 1412 3500 1466 quorum
3522 1400 3667 1450 omnis

2137 1509 2272 1564 pene
2300 1492 2596 1560 disputatio
2623 1493 2689 1546 de
2717 1489 3003 1545 elementis
3042 1498 3150 1549 est,
3195 1499 3252 1543 et
3302 1489 3370 1542 de
3407 1490 3671 1543 visibililnts

2137 1585 2422 1650 creaturis,
2456 1593 2508 1639 et
2564 1599 2627 1638 ex
2657 1582 2824 1639 rebus
2859 1581 3207 1636 naturalibus
3241 1580 3485 1635 virtutem
3513 1581 3669 1635 existi-

2141 1689 2290 1730 mant
2321 1675 2410 1730 Dei
2444 1693 2459 1729 :
2488 1675 2756 1739 dicentes,
2787 1690 2852 1728 ex
2886 1673 3058 1728 nihilo
3107 1672 3226 1726 ﬁeri
3255 1672 3386 1726 nihil
3421 1687 3562 1741 posse
3592 1690 3605 1726 :
3631 1683 3673 1726 ct

2137 1769 2398 1832 ani'uam,
2419 1779 2508 1822 ant
2529 1767 2740 1822 initium
2772 1779 2877 1818 non
2895 1763 3122 1830 habere,
3145 1775 3241 1818 aut
3259 1779 3378 1818 esse
3395 1765 3669 1830 mortalem;

2138 1875 2192 1917 et
2212 1861 2473 1929 virginem
2507 1865 2699 1930 parcre
2729 1857 2953 1912 omnino
2982 1873 3091 1912 non
3127 1870 3312 1928 posse,
3343 1856 3434 1911 sed
3459 1867 3508 1908 et
3535 1855 3670 1910 Deum

2137 1968 2201 2006 ex
2236 1951 2458 2007 homine
2492 1951 2665 2016 nasci,
2723 1949 2888 2015 mori,
2921 1957 3087 2019 atque
3132 1963 3440 2019 resurgere,
3484 1947 3670 2002 stultum

2137 2061 2282 2102 esse.

2217 2159 2236 2191 ι
2270 2139 2406 2206 Quia
2440 2139 2491 2192 in
2529 2139 2646 2209 ipso
2678 2139 2951 2194 inhabitat
2995 2137 3181 2193 omnis
3217 2134 3484 2205 plenitudo
3513 2131 3670 2188 divini-

2143 2233 2270 2287 tatis
2299 2232 2678 2302 corporaliter.
2713 2251 2731 2284 ι
2765 2232 2954 2288 Omnis
2977 2230 3262 2303 plenitudo
3297 2229 3484 2283 divinm
3503 2236 3674 2281 natura:

2142 2327 2196 2380 in
2222 2342 2458 2391 corpore
2488 2327 2606 2394 ejus
2639 2327 2926 2380 inhabitat.

2221 2436 2239 2467 ι
2285 2418 2513 2472 Ειεειὶς
2568 2418 2619 2471 iu
2657 2418 2752 2474 illo
2804 2418 3019 2489 repleti,
3057 2418 3150 2488 qui
3199 2427 3286 2474 est
3335 2425 3487 2487 caput
3532 2412 3677 2469 omnis

2144 2511 2486 2580 principatus
2521 2521 2575 2566 et
2611 2512 2918 2580 potestatis.
2953 2531 2972 2564 ι
3039 2511 3099 2567 Si
3127 2512 3280 2568 illius
3314 2510 3522 2566 scientia
3548 2509 3677 2560 dove-

2145 2605 2298 2666 mini,
2343 2605 2436 2675 qui
2494 2605 2740 2672 prodidit
2803 2606 3022 2660 initium
3092 2605 3362 2660 invisibili
3420 2611 3676 2658 crcatnraa:

2143 2697 2272 2764 quid
2306 2697 2459 2751 vobis
2519 2697 2828 2763 conferent,
2887 2697 2979 2768 qui
3046 2698 3188 2754 nihil
3250 2697 3369 2769 plus
3397 2693 3674 2764 intelligunt,

2144 2803 2304 2857 quam
2345 2789 2488 2857 quod
2521 2789 2760 2843 vident?

2222 2897 2240 2927 ι
2283 2878 2340 2932 lo
2391 2894 2497 2948 quo
2533 2888 2586 2932 et
2617 2877 2929 2934 circumcisi
2970 2879 3106 2935 estis
3163 2877 3566 2953 circumcisione
3592 2889 3674 2928 noa

2147 2957 2462 3024 mannfacta
2492 2972 2546 3025 in
2580 2971 2981 3040 exspoliatione
3030 2970 3285 3040 corporis
3315 2970 3507 3026 carnis.
3537 2985 3554 3020 ι
3602 2965 3678 3019 llic

467 3065 601 3120 tate.
645 3064 700 3110 et
746 3057 802 3110 in
829 3069 1020 3111 omnes
1093 3055 1314 3110 divitias
1350 3053 1702 3122 plenitudinis
1731 3050 2038 3106 intellectus
2063 3062 2108 3121 (ι
2141 3047 2254 3129 jam
2293 3053 2778 3133 pgeudoaposlolos
2811 3072 2983 3132 (aut,
3017 3078 3087 3118 ne
3117 3063 3195 3120 ab
3222 3063 3353 3134 ipsis
3382 3059 3579 3132 quidam
3608 3072 3676 3115 δε.

467 3149 522 3200 in
557 3147 838 3216 agnitione
889 3145 1136 3216 mysterii
1170 3144 1262 3199 Dei
1301 3142 1480 3198 Patris
1511 3151 1564 3198 et
1597 3142 1801 3198 Christi
1826 3141 1976 3196 Jesu.
2012 3159 2031 3193 ι

466 3237 570 3303 Qui
596 3238 641 3291 si
681 3252 766 3292 me
818 3236 1106 3301 vidissent,
1142 3244 1196 3290 et
1227 3236 1551 3290 charitatem
1599 3248 1777 3288 meam
1806 3248 1933 3301 erga
1959 3247 2040 3297 se,

469 3338 525 3382 et
545 3329 765 3383 divitias
797 3329 1039 3400 mystcrii
1093 3327 1307 3397 plenius
1336 3325 1750 3396 cognovissent,
1779 3324 2039 3394 majorem

470 3421 857 3489 przestitisscnt
897 3419 1171 3493 allectum,
1233 3431 1287 3475 et
1321 3420 1716 3475 abundantiam
1751 3419 1982 3474 rationis
2011 3435 2039 3472 a

475 3527 581 3576 me,
614 3527 777 3580 quam
815 3512 882 3567 ab
918 3511 1036 3581 ipso
1075 3511 1300 3567 Christo
1339 3511 1528 3576 didici,
1565 3510 1896 3566 docerentur
1927 3525 1942 3562 :
1991 3522 2045 3564 et

473 3618 570 3672 per
595 3602 709 3656 haec
741 3601 1166 3658 consolationem
1193 3603 1427 3658 fuissent
1457 3603 1762 3658 consecuti.

548 3713 571 3750 ι,
600 3693 654 3747 Ιιι
678 3709 786 3763 quo
821 3705 947 3750 sunt
973 3709 1168 3750 omnes
1193 3695 1433 3749 thesauri
1467 3694 1750 3770 sapientiae
1777 3703 1832 3748 et
1866 3693 2047 3747 scicn-

475 3787 580 3841 tia).
621 3805 640 3839 ι
686 3787 786 3852 Qui
819 3787 1064 3841 latebant
1111 3788 1164 3840 in
1203 3785 1403 3840 litteris
1452 3785 1634 3856 Legis,
1683 3784 1831 3838 sicut
1878 3786 2048 3840 Isaias

472 3880 550 3934 ait
581 3899 595 3934 :
631 3879 694 3934 In
719 3881 987 3935 thesauris
1019 3879 1166 3934 salus
1191 3889 1374 3933 nostra
1401 3879 1538 3933 venit
1573 3878 1708 3947 (Isa.
1744 3893 1936 3940 χχχιιι,
1961 3877 2044 3937 2).

549 3989 571 4022 «
597 3971 940 4026 Ahsconditi.
977 3991 995 4024 ι
1029 3970 1316 4042 QuiMoysi
1338 3979 1499 4026 erant
1523 3969 1792 4024 velamine
1811 3969 2045 4024 contecti

475 4062 674 4132 (Exod.
702 4079 876 4128 xxstt,
904 4063 1022 4132 55).

550 4175 569 4208 ι
602 4156 716 4210 Hoc
750 4165 930 4209 autem
964 4156 1107 4218 dico,
1158 4165 1217 4210 ut
1251 4171 1410 4212 nemo
1455 4171 1553 4213 vos
1582 4157 1822 4227 decipiat
1853 4159 1906 4214 in
1953 4176 2049 4216 su-

475 4244 739 4298 blimitate
787 4260 1127 4300 sermonum.
1161 4264 1180 4297 ι
1242 4245 1454 4300 Idcirco
1503 4247 1699 4303 melius
1740 4247 1956 4318 fuisset,
1990 4261 2049 4305 ut

477 4351 579 4402 ego
607 4351 843 4406 prtesens
877 4339 1200 4390 instruerent
1241 4353 1256 4392 :
1297 4338 1390 4392 sed
1429 4350 1606 4392 tamen
1659 4340 1896 4394 breviter
1927 4355 2049 4394 om-

480 4445 603 4483 nem
633 4427 951 4498 sapientiam
978 4430 1030 4482 in
1057 4428 1176 4498 ipso
1204 4443 1324 4484 esse
1350 4431 1710 4500 complexam,
1743 4443 1801 4486 ut
1827 4449 2044 4489 sensum
2077 4420 2128 4479 Ι)

478 4525 560 4576 vel
597 4537 904 4576 sermonem
945 4521 1322 4591 pbilosophim,
1352 4538 1472 4592 quae
1520 4534 1709 4578 contra
1762 4525 1908 4578 illum
1943 4535 2047 4590 est,

480 4628 586 4666 non
617 4611 788 4666 solum
823 4627 928 4666 non
967 4613 1222 4679 timeatis,
1273 4615 1367 4669 sed
1403 4616 1568 4670 etiam
1607 4617 1858 4672 stultitiae
1885 4617 2054 4688 depu-

481 4705 636 4759 telis.

557 4815 575 4846 ι
611 4795 744 4850 Nam
798 4806 852 4851 et
907 4797 949 4851 si
994 4811 1223 4868 corpore
1272 4801 1470 4857 ahsens
1519 4815 1662 4866 sum,
1712 4805 1804 4857 sed
1859 4805 2051 4873 spiritu

482 4887 761 4941 vobiscum
795 4903 912 4943 sum
938 4889 1180 4960 gaudens
1213 4899 1267 4944 et
1299 4891 1486 4947 videns
1511 4893 1758 4948 ordinem
1786 4905 2054 4961 vestrum,

483 4989 538 5034 ct
589 4981 993 5038 ﬁrmamentum
1050 4983 1192 5055 ejus,
1226 4999 1346 5055 quae
1399 4987 1452 5039 in
1513 4987 1737 5042 Christo
1781 4998 1884 5054 est,
1930 4989 2055 5043 fidei

485 5084 699 5131 vestrae.
730 5093 748 5126 ι
791 5073 1078 5130 Habebam
1105 5077 1245 5131 hanc
1283 5080 1512 5148 gratiam
1546 5079 1798 5146 apostoli,
1831 5091 1889 5134 ut
1931 5082 2056 5136 alibi

473 5165 663 5232 positi,
709 5167 838 5234 quid
901 5167 1030 5222 alibi
1081 5178 1359 5239 ageretur,
1417 5181 1784 5236 agnoscerent
1835 5189 1849 5225 :
1917 5173 2059 5228 sicut

485 5257 662 5313 Elisaei
695 5259 919 5326 spiritus
952 5277 1071 5315 cum
1120 5260 1273 5317 Giezi
1319 5261 1423 5315 fuit
1455 5263 1506 5316 in
1542 5263 1628 5315 via
1684 5261 1792 5331 (IV
1830 5264 1959 5335 Reg.
2003 5281 2055 5329 v,

482 5350 556 5404 9.5
589 5349 753 5421 seqq).
799 5350 1072 5422 Supplens
1102 5352 1152 5407 id
1195 5353 1336 5422 quod
1387 5363 1470 5408 est
1505 5353 1573 5408 de
1603 5353 1839 5408 utilitate
1864 5365 2060 5411 vestra:

486 5445 661 5498 ﬁdei:
721 5444 803 5499 vel
860 5445 1083 5515 impleo,
1119 5425 1289 5517 {quod
1345 5445 1634 5517 praesentia
1682 5445 1912 5517 implere
1949 5465 2056 5505 non

484 5551 730 5606 possum.
769 5552 778 5561 ·

561 5648 579 5680 ι
612 5629 765 5686 Sicut
783 5645 914 5700 ergo
941 5629 1229 5700 accepistis
1263 5630 1738 5693 JesumCJtrtstum
1765 5631 2055 5689 Dominum

494 5731 766 5785 nostrum,
806 5723 858 5776 in
915 5722 1035 5791 ipso
1071 5723 1360 5779 ambulate.
1403 5743 1420 5775 ι
1486 5721 1806 5794 Exemplum
1860 5726 2055 5781 Christi

2153 3153 2444 3208 ducantur.

2230 3289 2248 3321 ‹
2283 3269 2388 3323 Sed
2425 3270 2478 3324 in
2503 3267 2924 3324 circumcisione
2941 3267 3070 3324 Jesu
3097 3262 3333 3330 Christi,
3362 3257 3676 3330 consepultiei

2152 3363 2207 3415 in
2245 3364 2534 3428 baptismo.
2572 3381 2590 3416 ι
2626 3361 2728 3418 Per
2749 3377 2911 3433 quam
2944 3370 3118 3417 totum
3153 3359 3427 3416 hominem
3459 3352 3678 3424 exspolia-

2153 3453 2276 3507 stis.

2231 3580 2249 3612 ι
2288 3560 2344 3615 ln
2377 3577 2484 3630 quo
2539 3572 2590 3616 ct
2643 3561 3024 3618 resurrexistis
3058 3576 3157 3630 per
3186 3560 3344 3616 ﬁdem
3397 3553 3676 3626 operationis

2156 3653 2280 3719 Dei,
2337 3657 2429 3723 qui
2463 3653 2748 3709 suscitavit
2785 3653 2936 3708 illum
2963 3667 2992 3706 a
3027 3653 3283 3708 mortuis.
3320 3670 3339 3704 ι
3401 3645 3677 3706 Surrexistis

2155 3745 2214 3798 iu
2249 3760 2443 3799 novam
2479 3745 2670 3810 vitam,
2707 3743 2995 3800 credentes
3026 3759 3153 3800 eum
3181 3744 3346 3800 etiam
3373 3749 3572 3812 propter
3600 3737 3680 3792 hoc

2157 3850 2486 3892 surremsse.

2235 3967 2254 4000 s
2297 3947 2363 4000 Et
2395 3960 2489 4001 vos
2523 3961 2649 4001 cum
2681 3947 2885 4002 mortui
2921 3944 3120 4001 essetis
3145 3945 3200 3999 in
3247 3943 3475 4006 delictis,
3505 3949 3551 3995 et
3575 3951 3681 4008 pre-

2159 4040 2309 4108 putio
2341 4037 2520 4092 carnis
2579 4047 2799 4092 vestrae.
2836 4056 2856 4089 ι
2916 4037 3055 4102 Quia
3087 4051 3193 4091 non
3225 4037 3396 4092 solum
3423 4040 3678 4104 peccantes,

2159 4133 2255 4187 sed
2283 4131 2449 4186 etiam
2495 4143 2600 4184 non
2637 4129 2948 4185 circumcisi
3003 4129 3058 4183 in
3100 4128 3218 4198 lege
3258 4128 3459 4200 pariter
3499 4125 3682 4179 damna-

2164 4224 2388 4279 buntur.
2451 4222 2584 4274 Cum
2615 4236 2749 4288 ergo
2777 4220 3072 4290 dupliciter
3101 4219 3314 4292 indigni
3354 4218 3552 4280 essetis,
3577 4213 3681 4266 tilio-

2159 4331 2278 4371 rum
2311 4324 2599 4370 consortes
2622 4313 2803 4368 elIecti
2837 4314 2993 4368 estis.

2231 4448 2250 4481 α
2287 4428 2701 4484 Conviviﬁcavit
2757 4441 2880 4480 cum
2937 4427 3052 4491 illo,
3095 4428 3310 4483 donans
3347 4425 3491 4481 vobis
3538 4417 3682 4475 omnia

2161 4523 2374 4579 delicta.
2414 4541 2432 4573 ι
2467 4521 2782 4576 Auferendo
2809 4536 3008 4577 causas
3034 4521 3246 4586 mortis,
3274 4521 3328 4574 id
3361 4528 3455 4578 est.
3487 4520 3681 4585 peccata.

2240 4634 2259 4667 ι
2299 4615 2492 4670 Delens
2532 4614 2674 4686 quod
2721 4613 2986 4668 adversus
3023 4629 3119 4667 nos
3157 4623 3276 4668 erat
3305 4607 3681 4679 chirographum

2162 4707 2388 4772 decreti,
2414 4708 2557 4777 quod
2585 4715 2705 4761 erat
2729 4707 3068 4762 contrarium
3091 4707 3271 4760 nobis.
3298 4707 3361 4760 Et
3392 4704 3553 4773 ipsum
3581 4695 3682 4751 tulit

2164 4803 2231 4855 de
2289 4799 2492 4864 medio,
2530 4800 2755 4869 alligens
2807 4797 2939 4852 illud
2984 4797 3155 4864 cruci.
3190 4817 3207 4848 ι
3276 4793 3680 4865 Chirographunn

2167 4892 2512 4948 maledictum
2546 4891 2706 4962 chis
2739 4900 2842 4946 est.
2876 4891 3030 4946 Unde
3053 4891 3178 4946 alihi
3215 4891 3290 4945 ait
3331 4902 3346 4942 :
3381 4888 3592 4944 Christus
3613 4893 3682 4933 nos

2165 4985 2386 5038 redemit
2405 4987 2471 5038 de
2497 4983 2779 5038 maledicto
2814 4983 2944 5052 tegis
2977 4982 3176 5053 (Galat.
3216 4999 3298 5047 ιιι,
3346 4981 3453 5047 l3),
3505 4976 3609 5046 quia
3642 4971 3680 5023 in

2166 5091 2233 5130 eo
2261 5075 2578 5131 continetur
2610 5093 2626 5132 :
2687 5075 3005 5130 Maledicta:
3050 5077 3217 5128 omnis
3245 5075 3334 5141 qui
3364 5089 3455 5126 non
3490 5078 3682 5134 perman-

2166 5171 2293 5224 serit
2319 5171 2373 5223 in
2408 5171 2541 5223 libro
2574 5170 2727 5240 legis,
2760 5179 2816 5222 ut
2844 5169 3014 5239 faciat
3043 5184 3106 5222 ea
3144 5167 3301 5236 (Ibid.
3331 5166 3436 5232 t0).
3495 5156 3678 5226 Quidam

2169 5277 2299 5315 vero
2357 5260 2813 5331 cbrirographum
2867 5261 3060 5314 dicunt
3085 5274 3226 5323 esse,
3283 5255 3431 5327 quasi
3464 5250 3676 5318 scriptam

2168 5353 2462 5422 quamdam
2541 5352 2682 5423 apud
2760 5352 2930 5406 ῡυιιιιι
2995 5350 3312 5406 memoriam
3364 5351 3676 5418 peccatorum.

2170 5445 2326 5501 Unde
2355 5445 2470 5515 ipse
2498 5444 2550 5499 in
2583 5444 2813 5499 canticis
2836 5443 2968 5498 dicit
3005 5459 3020 5497 :
3081 5441 3262 5499 Nonne
3289 5442 3392 5494 lucc
3417 5441 3676 5505 congregata

2169 5547 2287 5591 sunt
2331 5537 2473 5605 apud
2508 5553 2609 5601 me,
2641 5546 2690 5589 et
2738 5537 2954 5607 signata
3001 5536 3056 5589 in
3095 5534 3352 5589 thesauris
3385 5532 3500 5586 meis
3527 5524 3670 5593 (Dud-

2170 5645 2340 5696 xxxu,
2395 5629 2522 5698 Si)?
2573 5630 2641 5684 Et
2693 5628 2958 5687 Jercmias
3003 5632 3126 5688 ait:
3169 5630 3437 5685 Peccatum
3467 5615 3667 5675 Judaiu

2172 5740 2340 5792 ungnc
2398 5723 2742 5779 adamantina
2790 5723 3005 5794 (ἆυ-ειη.
3068 5741 3199 5792 xm,
3269 5724 3334 5794 l).
3387 5717 3542 5775 Etiam
3585 5710 3670 5762 ιιινυ

3856 2833 3857 2910 ι
