3956 6196
249 324 352 388 897

1375 323 1776 418 EXPOSITIO
1817 327 1895 390 IN
1937 329 2176 393 EPlS'l‘.
2221 331 2321 391 AD
2356 327 2658 391 COLoss.

3397 322 3509 392 898

249 442 426 497 deleta
455 451 540 496 est
595 439 648 494 in
684 450 870 502 cruce,
905 433 1060 499 dum,
1092 433 1332 488 dimissis
1359 437 1622 504 peccatis,
1656 437 1820 492 etiam
1849 446 1897 508 Α
1927 441 2220 498 solvendus
2267 459 2282 496 :
2316 452 2370 496 et
2419 442 2542 496 ideo
2589 439 2778 505 Deum,
2826 451 2988 507 quem
3037 434 3210 491 solum
3247 443 3509 492 aeternum

247 534 509 591 memoria
543 531 711 585 oblita
748 538 832 584 est
868 527 1215 583 delictorum.

321 647 340 678 s
384 629 448 681 Et
495 624 804 695 exspolians
863 620 1196 690 principatus
1244 629 1298 674 et
1337 629 1663 688 pctestates.
1700 639 1718 672 ι
1752 619 1827 676 Ut

246 734 346 788 per
371 728 599 772 mortem
655 715 964 770 destrueret
1020 711 1286 781 enm,qni
1347 712 1581 766 habebat
1630 714 1825 768 mortis

245 811 536 880 imperium
571 805 758 877 (Hebr.
791 820 854 865 ιι.
885 805 998 872 id),
1025 819 1084 858 se
1112 803 1397 858 atterendo
1425 819 1523 872 pro
1553 805 1656 859 eis.

322 921 342 955 ι
376 901 644 956 'l‘raduxit
679 899 1018 953 conlidenter
1075 898 1254 966 palam
1315 897 1658 966 triumphans
1702 898 1826 952 illos

245 999 301 1052 in
331 998 533 1066 seipse.
569 1013 586 1046 ι
643 993 848 1048 Devicit
893 991 1066 1060 palam
1120 990 1439 1055 cruciﬁxus,
1495 991 1823 1060 confusione

245 1097 579 1154 contempta,
606 1083 965 1154 triumphavit
1019 1097 1034 1134 :
1083 1096 1192 1136 non
1230 1081 1551 1146 occidendo,
1580 1083 1676 1136 sed
1713 1096 1824 1136 mo-

245 1184 438 1236 riendo
479 1195 494 1232 :
532 1187 591 1233 ut
627 1176 809 1240 nobis,
859 1173 1139 1229 confracta
1175 1173 1323 1229 omni
1358 1173 1638 1243 superbia,
1670 1189 1826 1228 mon-

246 1281 452 1327 straret
487 1268 818 1338 exemplum.

325 1382 344 1415 ι
382 1363 552 1416 Nemo
585 1376 716 1428 ergo
745 1375 843 1415 vos
891 1359 1103 1429 judicet
1155 1358 1208 1412 in
1259 1357 1407 1423 cibo,
1444 1367 1536 1412 aut
1583 1358 1636 1411 in
1666 1365 1821 1427 potu,

245 1461 344 1507 aut
397 1453 454 1507 in
482 1460 635 1521 parte
666 1449 769 1504 diei
803 1449 953 1513 festi,
992 1455 1087 1502 aut
1132 1447 1458 1521 neomenize,
1496 1457 1588 1500 aut
1615 1446 1824 1500 Sahba-

245 1554 450 1597 torum.
479 1519 498 1592 i
538 1539 751 1594 Nullum
777 1553 906 1606 ergo
935 1537 989 1591 in
1019 1537 1121 1590 hoc
1139 1519 1415 1606 judicium
1447 1543 1550 1598 est,
1579 1537 1720 1602 quod
1743 1543 1827 1589 est

243 1632 459 1696 umhra,
515 1638 569 1684 et
621 1629 879 1692 cessavit,
925 1640 1156 1694 corpore
1213 1622 1656 1693 venientezquia
1688 1623 1825 1677 ima-

243 1722 374 1792 gine
401 1735 539 1790 Opus
563 1733 669 1773 non
697 1729 809 1784 est,
846 1717 1076 1769 veritate
1111 1721 1399 1784 praesente.

1930 533 2338 597 intellexerunt,
2369 533 2492 587 licet
2545 530 2942 600 superstitiose,
3003 537 3181 582 tamen
3231 528 3509 582 humiliter

1929 625 2170 680 venerati
2227 634 2404 679 sunt:
2445 635 2499 678 et
2552 639 2658 678 non
2711 623 3046 692 parcendum
3078 619 3351 674 duxerunt
3378 634 3510 674 cor-

1929 719 2070 808 puri}
2104 733 2202 772 nec
2231 732 2451 772 carnem
2485 719 2534 771 in
2569 717 2861 770 saturitate
2894 713 3287 777 honorandam,
3316 721 3506 779 utpote

1928 804 2275 864 morituram.
2307 810 2478 863 Aliter
2536 823 2549 862 :
2587 807 2702 864 Non
2764 823 2858 861 vos
2895 808 3118 861 seilucat
3166 804 3511 874 philosOphia

1927 902 1992 956 ad
2031 902 2321 956 humanam
2378 902 2700 962 doctrinam,
2743 916 2864 970 qua:
2917 899 3200 970 sapientia:
3226 908 3283 950 et
3321 897 3509 950 absti-

1911 995 2127 1068 ltientia:
2197 994 2380 1064 specie
2439 995 2792 1048 subornatur.
2853 991 2909 1046 ln
2971 1007 3076 1056 qua
3107 999 3214 1043 tam
3255 1004 3392 1040 vana
3425 993 3512 1042 est

1927 1086 2172 1154 corporis
2208 1085 2449 1150 amictio,
2490 1096 2596 1139 tam
2631 1085 2795 1140 stulta
2833 1083 3200 1138 meditationis
3235 1079 3506 1134 intentio:

1929 1179 2085 1246 Cujus
2130 1178 2329 1232 bonum
2375 1179 2442 1233 ad
2491 1179 2784 1248 capiendas
2816 1191 2871 1233 et
2919 1177 3272 1231 inﬁrmandas
3303 1179 3512 1227 mentes

1927 1270 2080 1338 quasi
2105 1271 2325 1339 quidam
2355 1270 2580 1340 laqueus
2603 1269 2821 1324 diabolo
2859 1278 3186 1337 aucupante,
3220 1265 3513 1336 prtetendi—

1931 1373 2058 1419 tur:
2093 1378 2202 1433 quo
2237 1361 2455 1416 facilius
2485 1362 2682 1415 malum
2731 1377 2887 1414 suum
2929 1374 3164 1430 sequens
3194 1359 3437 1418 inducat.

2535 1515 2758 1572 CAPUT
2818 1516 2907 1572 lli.

2004 1653 2024 1686 ι
2057 1635 2224 1704 igitur
2291 1634 2335 1689 si
2408 1633 2835 1688 consurrexistis
2891 1648 3014 1687 cum
3067 1633 3336 1698 Christo,
3388 1650 3511 1702 quin

1928 1738 2144 1779 sursum
2173 1725 2554 1794 suntqumrite
2592 1741 2605 1777 :
2648 1725 2741 1777 ubi
2786 1723 3041 1777 Christus
3069 1735 3150 1778 est
3195 1725 3246 1776 in
3289 1726 3514 1779 dextera

322 1831 341 1864 ι
380 1811 510 1877 Qu;e
553 1818 681 1865 sunt
739 1808 931 1862 umbra
1001 1805 1329 1869 futurorum,
1387 1817 1584 1872 corpus
1641 1811 1824 1856 autem

1951 1816 2025 1872 )ei
2087 1819 2304 1873 sedens.
2353 1833 2372 1867 ι
2412 1816 2822 1884 Consequenter
2871 1815 3048 1882 primo
3111 1827 3510 1880 commortuus,

243 1905 478 1962 Chtisti.
526 1922 544 1955 ι
603 1901 754 1956 Tunc
810 1899 956 1954 enim
1019 1899 1197 1952 futura
1253 1905 1431 1959 erant,
1489 1911 1612 1966 qua:
1663 1898 1823 1951 modo

243 2007 394 2052 sum.
1314 1979 1318 1982 ἱ
1801 2062 1808 2069 .

323 2106 342 2139 ι
381 2086 544 2140 Nemo
568 2101 664 2140 vos
698 2085 948 2148 seducat,
981 2084 1192 2145 volens,
1230 2081 1282 2136 in
1309 2082 1618 2137 humilitate
1647 2090 1703 2133 et
1733 2093 1824 2133 re-

245 2178 445 2247 ligione
475 2178 811 2248 angelorum,
844 2191 963 2246 quae
1028 2191 1133 2228 non
1191 2173 1354 2234 vidit.
1392 2171 1680 2227 ambulans
1712 2168 1825 2223 int-

246 2280 382 2332 stra,
425 2268 639 2324 inﬂatus
664 2283 825 2323 sensu
859 2282 969 2321 suat
1001 2265 1200 2319 carnis.
1247 2283 1264 2315 ι
1296 2264 1466 2318 Nemo
1497 2262 1618 2316 (icta
1648 2259 1827 2316 humi-

247 2364 402 2418 litate
452 2361 741 2430 snperhus,
805 2367 858 2414 et
917 2357 1138 2426 angelos
1192 2372 1251 2412 se
1299 2356 1484 2411 videre
1533 2354 1824 2417 mentiens,

251 2452 458 2508 frustra
489 2467 548 2508 se
580 2468 740 2520 super
773 2451 1019 2505 homines
1043 2450 1237 2520 jactet,
1267 2453 1356 2520 qui
1405 2433 1642 2503 visiones
1670 2461 1700 2499 a
1726 2459 1826 2500 suo

255 2548 419 2602 corde
448 2547 725 2614 loquitur:
762 2545 875 2598 sive
922 2557 1081 2597 nemo
1129 2552 1235 2594 tam
1271 2541 1489 2596 humilis
1519 2540 1623 2595 sibi
1656 2550 1712 2594 et
1745 2553 1828 2592 re-

248 2639 470 2709 l’giosus
505 2639 774 2701 videatur,
807 2647 862 2691 ut
901 2635 1144 2705 angelos,
1176 2636 1268 2705 qui
1301 2634 1467 2690 Deum
1515 2633 1722 2696 vident.
1769 2647 1827 2687 se

249 2719 438 2788 videre
474 2733 793 2786 mentiatur.

333 2844 352 2876 s
387 2825 453 2878 Et
498 2841 602 2878 non
646 2833 838 2878 tenens
871 2830 1054 2892 caput.
1101 2840 1119 2873 ι
1151 2819 1373 2875 Christo
1413 2837 1518 2876 non
1575 2822 1825 2885 credens,

249 2918 342 2990 qui
365 2919 606 2972 omnium
643 2925 954 2970 sanctorum
980 2926 1144 2983 caput
1174 2924 1281 2968 est.

329 3026 347 3060 ι
384 3007 463 3061 Et
490 3023 597 3078 quo
621 3017 792 3060 tutum
819 3020 1022 3076 corpus
1061 3019 1157 3074 per
1190 3019 1360 3057 nexus
1396 3011 1449 3057 et
1475 3004 1826 3073 conjunctio-

249 3115 351 3157 nes
371 3100 845 3155 subministratum
883 3106 936 3152 et
967 3106 1347 3152 constructum
1381 3098 1600 3153 crescit.
1636 3116 1654 3147 ι
1687 3097 1820 3163 Quia

249 3194 512 3249 membris
554 3207 648 3261 per
710 3201 884 3246 totum
940 3203 1140 3259 corpus
1216 3189 1458 3242 membra
1499 3189 1823 3259 junguntur.

247 3289 572 3357 Quicunque
620 3286 783 3356 igitur
813 3294 968 3337 extra
1017 3285 1120 3336 hoc
1171 3297 1370 3352 corpus
1397 3293 1499 3347 est,
1533 3293 1828 3350 quantum-

250 3381 266 3432 l
292 3382 380 3435 bct
407 3395 465 3432 se
485 3378 676 3446 jaclet,
727 3376 815 3430 ille
845 3385 1006 3446 caput
1027 3390 1134 3430 non
1170 3374 1352 3440 habet,
1381 3374 1522 3442 quod
1551 3383 1632 3426 est
1665 3371 1826 3426 Chri-

247 3477 369 3519 stus
393 3465 481 3531 qui
510 3473 595 3520 est
627 3467 757 3518 vita.
925 3519 928 3522 .

329 3575 352 3610 s
393 3557 449 3610 In
482 3569 828 3626 augmentum
883 3558 998 3612 Dei.
1054 3577 1074 3612 ι
1112 3560 1474 3629 Augmeutum
1528 3555 1674 3609 illius
1703 3567 1826 3608 cor-

245 3653 420 3721 poris,
448 3654 590 3721 quod
615 3651 821 3704 unitum
862 3663 944 3705 est
975 3653 1101 3706 Deo.

331 3761 350 3794 ι
391 3742 445 3795 Si
473 3759 599 3813 ergo
625 3745 824 3796 mortui
860 3743 993 3796 estis
1029 3758 1154 3796 cum
1199 3742 1418 3796 Christo
1449 3740 1516 3794 ab
1547 3737 1830 3792 elementis

250 3835 412 3904 hujus
441 3833 646 3887 mundi.
704 3851 722 3886 ι
785 3831 1025 3886 Possunt
1073 3833 1304 3902 intelligi
1352 3835 1516 3888 etiam
1577 3831 1826 3896 avaritia,

245 3924 486 3990 luxuria,
516 3933 568 3976 ct
605 3933 803 3978 caetera
839 3923 923 3978 his
955 3923 1173 3976 similia.
1519 3939 1522 3943 '

323 4036 344 4070 s
386 4017 522 4084 Quid
553 4019 729 4072 adhuc
766 4030 1024 4086 tanquam
1078 4017 1327 4070 viventes
1389 4015 1593 4068 mundo
1639 4014 1832 4068 decer-

245 4113 423 4166 nitis?
453 4131 471 4164 ι
507 4111 586 4164 Ne
624 4111 1036 4166 similitudinem
1068 4111 1285 4180 quidem
1324 4109 1491 4162 ullam
1527 4108 1829 4161 viventium

247 4202 304 4253 in
338 4202 537 4254 mundo
563 4201 730 4254 voluit
756 4215 851 4254 nos
876 4200 1076 4254 habere
1114 4217 1129 4255 :
1163 4201 1266 4255 hoc
1312 4208 1423 4265 est,
1475 4199 1713 4267 illorum,
1741 4200 1832 4270 qui

246 4294 432 4346 futura
463 4306 568 4344 non
597 4293 848 4345 credunt.

328 4404 348 4434 s
387 4383 467 4436 Ne
497 4385 812 4453 tetigt-ritis,
856 4398 1032 4452 neque
1087 4383 1458 4454 gustaveritis,
1498 4399 1673 4453 neque
1701 4400 1834 4440 con-

1927 1911 2124 1966 deinde
2158 1909 2575 1964 consurrexisse
2636 1923 2737 1961 nos
2798 1907 2964 1971 dicit;
3015 1924 3115 1963 nec
3146 1909 3319 1962 solum
3353 1919 3515 1964 terra:

1928 2004 2090 2069 mori,
2135 2002 2231 2057 sed
2253 2002 2417 2056 etiam
2445 2001 2586 2056 cwlu
2642 2014 2740 2053 nos
2801 2000 2984 2052 vivere
3011 1999 3298 2066 hortatur;
3348 2002 3510 2064 nihil,

1932 2094 2143 2163 inquit,
2205 2103 2482 2148 terrenum
2546 2089 2825 2156 ambiatis,
2874 2089 3009 2144 nihil
3065 2091 3301 2146 mortale
3367 2106 3515 2162 qna:-

1927 2198 2084 2242 ratis.

2007 2318 2026 2351 s
2065 2299 2196 2365 Quae
2225 2313 2442 2354 sursum
2497 2281 2627 2352 sunt
2678 2297 2875 2365 sapite,
2911 2311 3017 2350 non
3053 2310 3174 2364 quae
3199 2309 3364 2364 super
3397 2302 3508 2349 ter-

1927 2405 2066 2444 ram.
2096 2389 2291 2445 Μοτιυί
2322 2391 2467 2444 enim
2503 2389 2658 2443 estis.
2699 2407 2718 2439 ι
2763 2387 3053 2443 leestem
3100 2386 3386 2442 sectamini
3419 2400 3515 2440 sa-

1927 2483 2214 2552 pientiam.
2263 2479 2371 2536 Sed
2425 2495 2527 2536 nos
2571 2480 2897 2535 laboriosius
2935 2481 3190 2532 humana:
3222 2477 3508 2547 sapientia

1927 2573 2166 2626 studium
2228 2570 2617 2640 impendimus,
2674 2577 2729 2624 et
2773 2568 2981 2623 artibus
3019 2566 3298 2622 vilissimis
3357 2565 3510 2636 inge-

1931 2664 2078 2719 nium
2106 2677 2454 2732 occupamus.

2007 2797 2026 2828 ι
2065 2776 2132 2832 Ει
2167 2777 2276 2832 vita
2319 2788 2496 2831 vestra
2529 2775 2851 2831 abscondita
2906 2783 2991 2830 est
3045 2789 3167 2830 cum
3193 2775 3412 2831 Christo
3457 2774 3510 2827 in

1839 2937 1847 2944 D
1932 2867 2063 2923 Deo.
2091 2870 2226 2923 Cum
2263 2879 2442 2922 autem
2495 2869 2750 2923 Christus
2799 2867 3118 2936 apparuerit
3153 2867 3259 2920 vita
3303 2874 3512 2931 vestra,

1933 2973 2059 3015 tunc
2087 2974 2142 3016 et
2191 2978 2286 3016 vos
2319 2962 2654 3032 apparebitis
2713 2961 2766 3012 in
2821 2961 3014 3028 gloria.
3056 2978 3075 3011 ι
3114 2959 3252 3025 Quia
3292 2958 3387 3012 ﬁlii
3417 2957 3514 3013 Dei

1932 3067 2054 3105 cum
2090 3052 2282 3117 simus,
2314 3053 2554 3104 nomium
2585 3049 2858 3119 apparuit.
2881 3047 3091 3104 Scimus
3115 3050 3364 3119 quoniam
3394 3065 3513 3102 cum

1852 3147 2253 3218 Cupparuerit,
2285 3146 2482 3198 similes
2540 3145 2589 3198 ei
2637 3146 2833 3196 erimus
2877 3141 2927 3212 (ι
2958 3140 3122 3196 Ιοαη.
3161 3158 3245 3200 tit.
3281 3141 3359 3209 2).
3386 3141 3504 3196 Non

1930 3256 2058 3306 ergo
2090 3239 2352 3292 debemus
2407 3236 2494 3290 hic
2550 3245 2794 3288 nostram
2855 3249 3104 3304 qttaarere
3161 3234 3413 3302 gloriam,
3461 3235 3517 3288 in

1930 3333 2212 3401 praesenti,
2279 3345 2346 3384 ne
2392 3331 2460 3384 de
2518 3329 2672 3382 nobis
2712 3341 2928 3396 quoque
2976 3326 3191 3381 dicatur
3221 3341 3236 3380 :
3266 3321 3517 3396 I’ercepe-

1931 3432 2051 3473 runt
2085 3419 2369 3473 mercedem
2410 3433 2562 3470 suam
2597 3415 2820 3488 (Matth.
2855 3430 2928 3482 νι,
2953 3414 3034 3485 2).

2011 3549 2029 3583 ι
2069 3533 2388 3587 Μοσιὶῐίοειθ
2440 3547 2590 3603 ergo.
2647 3549 2668 3583 ι
2729 3530 2887 3597 Quod
2938 3529 3170 3600 professi
3217 3529 3374 3597 estis,
3409 3530 3518 3584 itit-

1934 3629 2096 3697 plcte.

2011 3759 2030 3790 ι
2075 3737 2310 3792 Membra
2341 3746 2525 3792 vestra
2557 3752 2678 3807 quae
2705 3747 2831 3791 sunt
2854 3751 3016 3806 super
3037 3745 3262 3791 terram.
3299 3753 3319 3788 ι
3345 3733 3520 3790 Mem-

1935 3833 2040 3885 bra
2065 3832 2317 3885 vitiorum
2353 3841 2658 3884 vestrorum
2685 3845 2702 3896 ;
2739 3832 2854 3884 sive
2883 3829 3083 3882 malum
3114 3829 3511 3896 membrorum,

1936 3926 2178 3977 nominat
2213 3934 2387 3976 vestra
2413 3923 2676 3975 membra.

2010 4033 2030 4067 ι
2071 4014 2508 4069 Fornicationem
2535 4053 2550 4080 ,
2623 4012 3021 4067 immunditiam
3054 4051 3070 4076 ,
3145 4011 3449 4069 libidinem.
3486 4031 3508 4066 ι

1935 4106 2162 4163 Omnem
2205 4108 2624 4175 impudicitiam,
2675 4115 2732 4160 et
2774 4105 3206 4170 immunditiam,
3239 4113 3296 4159 et
3325 4105 3516 4162 libidi-

1935 4215 2057 4255 nem
2085 4199 2403 4256 nominavit.

2013 4313 2031 4348 ε
2075 4294 2586 4364 Coucupiscentiam
2639 4296 2856 4351 malam.
2906 4316 2925 4348 ι
2963 4296 3061 4354 Est
3111 4301 3258 4356 enim
3313 4315 3514 4356 concu-

1937 4389 2200 4458 piscentia
2234 4389 2398 4444 bona.
2434 4386 2586 4443 Unde
2613 4388 2801 4444 Daniel
2836 4391 2917 4444 vir
2941 4393 3510 4461 concupiscentiarsm

243 4477 632 4530 trectavcritis.
667 4493 686 4526 ι
723 4477 818 4528 Illo
875 4487 1043 4540 tactu,
1089 4487 1142 4530 et
1196 4487 1379 4542 gustu,
1432 4485 1487 4528 et
1518 4487 1828 4530 contrecta-
1862 4494 1906 4549 ι)
1937 4483 2242 4553 appellatur
2269 4484 2434 4554 (Dan.
2465 4499 2542 4547 ix,
2576 4483 2693 4552 33).
2731 4481 2798 4536 Et
2835 4483 3001 4537 David
3053 4484 3235 4554 inquit
3271 4503 3285 4540 :
3315 4484 3514 4541 Concu-
3557 4517 3584 4544 .

245 4572 420 4632 tioite,
461 4585 570 4639 quo
627 4569 702 4633 hi,
754 4570 846 4639 qui
902 4570 1370 4638 concupiscentiis
1425 4569 1744 4637 abutuntur,
1777 4580 1832 4624 et

245 4673 470 4717 terrena
500 4663 727 4729 diligunt
763 4677 858 4728 pro
883 4662 1130 4716 aeternis.

325 4773 346 4806 s
385 4757 514 4821 Quae
545 4767 675 4809 sunt
702 4756 886 4809 omnia
913 4756 965 4808 in
997 4756 1218 4808 interitu
1245 4755 1361 4824 ipso
1392 4770 1512 4808 usu.
1543 4774 1561 4806 ι
1601 4755 1678 4809 Ex
1708 4769 1833 4824 par-

239 4849 396 4901 tibus
426 4849 635 4907 mundi,
691 4850 1059 4900 conditionem
1133 4848 1304 4916 ipsius
1338 4850 1673 4903 advertimus
1705 4867 1718 4904 :
1745 4849 1832 4903 cui

237 4943 394 4995 enim
442 4939 679 4994 membra
727 4950 1129 5008 componuntur
1184 4949 1346 5008 atque
1395 4941 1699 5002 solvuntur,
1735 4958 1834 4994 ne-

235 5045 404 5086 cesse
443 5041 606 5084 estut
635 5041 780 5086 totus
826 5032 1124 5102 aliquando
1179 5032 1514 5101 compositus
1542 5031 1728 5098 fuerit,
1779 5041 1834 5088 et

237 5123 578 5196 quandoque
611 5125 856 5178 solvatur
899 5141 910 5177 :
967 5139 1072 5178 non
1123 5139 1253 5191 ergo
1285 5126 1537 5178 mortalia
1570 5140 1668 5194 pro
1727 5125 1832 5180 im-

238 5217 577 5272 mortalibus
623 5216 822 5270 debent
859 5217 1009 5285 diligi
1041 5228 1096 5271 et
1121 5217 1366 5270 etet-nis.

332 5328 353 5360 s
394 5309 707 5363 Secundum
761 5321 1030 5378 praecepta
1093 5318 1148 5362 et
1191 5310 1470 5365 doctrinas
1519 5310 1830 5377 hominum,

236 5419 371 5475 qua:
402 5411 531 5454 sunt
569 5405 836 5456 rationem
867 5402 1086 5470 quidem
1135 5400 1390 5456 habentia
1436 5403 1741 5470 sapientiae,
1778 5405 1830 5458 iu

237 5496 640 5563 superstitione
669 5503 724 5547 et
772 5493 1086 5546 humilitate
1118 5510 1132 5546 :
1163 5500 1218 5546 et
1251 5507 1362 5545 non
1403 5496 1470 5546 ad
1497 5495 1829 5562 parcendum

238 5588 497 5656 corpori,
525 5603 632 5641 non
660 5588 713 5641 in
745 5587 955 5641 honore
1003 5587 1187 5655 aliquo
1247 5586 1314 5640 ad
1340 5585 1683 5641 saturitatem
1716 5601 1835 5641 car-

237 5686 358 5740 uis.
389 5701 410 5735 ι
445 5682 752 5737 Secundum
795 5683 940 5751 quod
992 5682 1146 5736 multi
1207 5683 1479 5746 homines,
1512 5692 1708 5736 natura
1743 5683 1832 5736 do-

239 5787 432 5842 celtu,
464 5775 824 5843 tradiderunt,
878 5775 1023 5845 quod
1079 5776 1316 5832 mundus
1347 5784 1496 5834 esset
1531 5774 1829 5845 aliquando

1934 4578 2084 4643 piscit
2123 4587 2172 4631 et
2223 4578 2410 4644 deﬁcit"
2443 4577 2624 4631 anima
2658 4593 2773 4630 mea
2814 4576 2869 4630 in
2919 4577 3060 4630 atria
3097 4577 3314 4633 Domini
3341 4578 3511 4649 (Psal.

1932 4683 2158 4733 Lxxxui,
2190 4671 2268 4738 5).
3367 4685 3374 4692 ·

2012 4777 2031 4809 ι
2071 4760 2137 4812 Ει
2164 4761 2477 4830 avaritiam,
2525 4777 2646 4832 qua:
2670 4773 2754 4816 est
2777 4762 3194 4818 simulacrorum
3220 4762 3506 4817 servitus.)

1933 4849 2081 4905 Nihil
2113 4852 2332 4920 prodest
2385 4853 2494 4906 Deo
2552 4856 2794 4920 nomine,
2847 4864 2901 4910 et
2934 4856 3092 4909 idolis
3115 4856 3372 4924 operibus
3399 4870 3512 4908 ser-

1935 4948 2068 5000 vire.
2577 4997 2582 5008 ,
3075 5004 3077 5007 .

2013 5053 2030 5085 t
2066 5035 2296 5104 Propter
2319 5050 2439 5104 qua:
2469 5034 2618 5089 venit
2647 5035 2728 5090 ira
2767 5037 2860 5093 Dei
2893 5053 3056 5108 super
3084 5038 3222 5094 ﬁlios
3258 5039 3513 5092 incredu-

1935 5127 2125 5181 litatis.
2159 5145 2178 5178 ι
2216 5128 2390 5196 Super
2447 5127 2765 5193 Sodomam,
2824 5139 2876 5184 et
2932 5146 3027 5184 eos
3083 5131 3266 5198 quiin
3309 5133 3512 5186 diluvio

1938 5222 2236 5290 perierunt.
2263 5220 2342 5274 Ex
2384 5225 2690 5292 pratteritis
2721 5240 2853 5294 ergo
2899 5227 3183 5293 exemplis,
3231 5223 3416 5279 futura
3451 5227 3503 5278 ti-

1937 5315 2130 5368 menda
2165 5327 2294 5370 sunt

2015 5426 2034 5460 ι
2075 5409 2131 5463 in
2169 5411 2366 5479 quibus
2421 5421 2478 5465 et
2531 5427 2626 5465 vos
2689 5409 3009 5466 ambulastis
3041 5411 3356 5480 aliquando,
3388 5429 3513 5471 cum

1934 5501 2194 5556 viveretis
2229 5504 2281 5556 in
2316 5503 2443 5559 illis.
2498 5502 2652 5558 Nunc
2686 5513 2867 5558 autem
2895 5503 3150 5572 deponite
3177 5515 3233 5558 et
3270 5520 3365 5559 vos
3391 5521 3512 5559 om-

1937 5595 2046 5648 nia.
2081 5611 2101 5646 s
2127 5592 2303 5648 Nolite
2347 5595 2532 5664 itaque
2564 5611 2707 5649 nunc
2741 5593 3045 5658 ambulare,
3085 5611 3153 5650 ne
3197 5594 3398 5650 frustra
3435 5597 3516 5650 vi-

1935 5683 2174 5739 deamini
2206 5685 2522 5740 credidisse.

2012 5793 2032 5827 ι
2065 5774 2227 5842 Iram,
2257 5774 2708 5847 indignationem,
2735 5775 3024 5844 malitiam,
3055 5776 3506 5861 blasphemiarum
