3956 6196
463 301 574 365 89

1409 302 1469 361 S.
1514 300 1961 361 HlEBONYMI
2000 298 2319 361 OPERUM
2363 301 2772 362 MANTISSA.

3603 300 3713 362 900

464 413 581 481 Ipsa
605 418 711 476 est,
742 427 862 481 quae
918 411 1148 464 inebriat
1192 420 1451 475 mentem,
1512 427 1608 481 per
1662 412 1921 467 malitiam
1952 411 2033 465 iu-
2064 419 2109 476 Α
2140 418 2248 474 est,
2275 411 2444 464 nolite
2475 410 2577 481 legi
2634 407 2948 471 assimilari,
2984 422 3103 477 quite
3157 409 3332 462 vicem
3381 407 3578 473 reddit,
3622 409 3721 463 sed

469 504 615 557 ferre
657 504 808 555 alteri
841 504 979 568 quod
1010 502 1115 568 pati
1153 500 1312 554 nolis.

545 613 564 645 ι
603 595 831 663 Turpem
857 607 1163 646 sermonem
1192 595 1256 647 de
1283 608 1375 647 ore
1403 604 1603 649 vestro.
1641 613 1660 647 ι
1698 594 1830 661 Quia
1868 594 1956 648 hic
1980 594 2035 648 in

467 688 767 753 disciplinis
805 687 928 740 ﬁliis
956 686 1235 739 hominum
1285 700 1388 739 non
1431 687 1707 751 convenit,
1737 687 1982 741 educatis
2020 702 2034 741 :

467 793 668 853 quanto
732 782 899 849 magis
951 780 1068 845 Dei,
1123 777 1319 846 quibus
1371 791 1478 831 nou
1533 778 1711 831 minus
1741 786 1825 831 est
1860 777 2035 845 turpis

467 890 670 933 sermo,
700 889 861 942 quam
898 883 1050 928 actus
1079 873 1091 926 !

547 984 567 1017 ι
609 967 782 1020 Nolite
838 968 1051 1021 mentiri
1112 966 1363 1020 invicem.
1396 984 1413 1016 ι
1449 963 1567 1017 Νοιι
1620 964 1777 1018 decet
1822 961 2039 1016 mentiri

470 1058 701 1112 invicem
750 1058 885 1113 ﬁlios
940 1059 1211 1123 veritatis,
1271 1072 1390 1111 cum
1443 1057 1509 1111 de
1568 1056 1799 1110 veritate
1829 1070 1937 1110 non
1972 1055 2043 1107 sit

472 1165 634 1205 omne
666 1150 1022 1204 mendacium.

550 1259 571 1292 ε
608 1240 980 1309 Exspoliantes
1035 1254 1129 1295 vos
1183 1247 1419 1293 veterem
1449 1238 1723 1292 hominem
1758 1252 1877 1292 eum
1911 1238 2043 1292 acti-

470 1332 571 1387 bus
600 1333 735 1385 suis.
774 1350 792 1381 ι
828 1331 961 1385 Cum
1004 1332 1216 1385 actibus
1255 1331 1613 1397 voluptatum.

547 1447 566 1478 ι
602 1426 662 1479 Et
698 1427 980 1479 induentes
1036 1441 1257 1487 novum,
1296 1438 1421 1477 eum
1482 1422 1571 1489 qui
1632 1431 1929 1476 renovatur
1988 1420 2040 1474 in

471 1518 751 1586 agnitione
778 1518 891 1571 Dei.
933 1536 951 1568 ι
991 1516 1126 1571 Cum
1163 1516 1504 1584 cognoverit,
1533 1514 1686 1582 cujus
1716 1515 1892 1583 imago
1922 1525 2037 1567 est:

471 1623 524 1667 et
552 1614 603 1665 in
639 1620 903 1679 quantum
931 1611 1088 1663 debet
1121 1620 1174 1661 et
1214 1616 1410 1677 potest,
1442 1606 1630 1660 nititur
1656 1604 1934 1658 simulare.

504 1752 515 1755 ,
547 1719 566 1753 ι
605 1703 913 1754 Secundum
966 1699 1257 1767 imaginem
1321 1697 1437 1765 ejus
1487 1698 1578 1767 qui
1605 1695 1806 1750 creavit
1835 1709 1981 1749 eum.
2016 1714 2036 1750 ι

469 1790 731 1860 Exposuit
754 1791 1041 1860 imaginem
1071 1790 1123 1843 in
1149 1798 1269 1843 actu
1312 1788 1639 1841 consistere.

546 1901 565 1933 ι
604 1882 703 1938 Uhi
739 1898 843 1935 non
882 1890 964 1935 est
1015 1881 1286 1934 masculus
1343 1890 1397 1934 et
1451 1879 1672 1943 femina,
1728 1878 1945 1950 gentilis
1989 1887 2043 1932 et

468 1972 708 2036 Jndaeus,
756 1973 1101 2027 circumcisio
1162 1983 1217 2025 et
1263 1973 1609 2041 prmputium,
1667 1974 1931 2025 barbarus
1988 1978 2043 2023 et

470 2064 689 2135 Scytha,
733 2079 922 2119 servus
971 2076 1024 2119 et
1061 2065 1219 2118 liber.
1254 2082 1271 2113 ι
1302 2065 1458 2132 Apud
1504 2063 1671 2116 Deum
1712 2076 1818 2116 non
1846 2060 2042 2131 pra-ju-

469 2158 613 2211 dicat
636 2173 818 2224 sexus,
852 2157 933 2212 vel
964 2172 1160 2228 genus,
1205 2157 1288 2212 vel
1325 2155 1592 2222 conditio,
1631 2156 1728 2210 sed
1755 2168 2042 2210 conversa-

470 2250 714 2307 tio.sola.
1785 2254 1788 2258 ’

545 2360 563 2391 ‹
610 2342 715 2395 Sed
749 2341 930 2396 omnia
966 2349 1020 2396 et
1069 2342 1123 2396 in
1171 2340 1423 2396 omnibus
1474 2337 1753 2393 Christus.
1792 2354 1812 2388 ι
1842 2333 2045 2389 Omnes

466 2420 782 2503 quieunque
837 2433 1093 2502 baptizati
1143 2446 1370 2498 sumus,
1422 2429 1702 2486 Christum
1765 2426 2045 2482 induimus

467 2523 670 2593 (Colat.
703 2541 784 2588 ιιι,
810 2525 921 2593 27).

553 2635 572 2666 ‹
613 2615 821 2669 lnduite
846 2630 943 2669 vos
969 2630 1097 2684 ergo
1133 2615 1276 2669 sicut
1300 2613 1457 2668 electi
1490 2612 1607 2674 Dei,
1646 2608 1822 2666 sancti
1865 2617 1919 2663 et
1957 2608 2044 2663 di-

467 2712 623 2767 lecti.
668 2727 687 2760 ›
729 2708 819 2760 Illa
845 2708 1195 2776 deponentes,
1230 2706 1438 2760 induite
1479 2721 1493 2758 :
1537 2704 1663 2774 quia
1693 2702 1759 2757 ad
1790 2702 1892 2757 hoc
1914 2698 2043 2754 facti

468 2805 626 2860 estis.

545 2914 565 2948 ε
607 2892 825 2949 Viscera
858 2889 1268 2954 misericordia",
1305 2887 1731 2956 benignitatem,
1770 2885 2045 2940 humilita-

466 2997 598 3050 tem,
633 2984 976 3047 modestiam,
1031 2983 1377 3050 patientiam.
1419 2999 1437 3032 ι
1476 2979 1611 3047 Quia
1664 2978 1753 3033 illa
1798 2980 2040 3035 membra

473 3082 707 3142 dixerat,
752 3078 864 3132 haec
895 3076 1105 3130 viscera
1135 3072 1460 3127 nominavit.

540 3188 560 3222 ι
594 3169 994 3238 Supportantes
1051 3166 1305 3221 invicem.
1376 3183 1393 3216 ι

464 3263 559 3333 qui
590 3262 940 3315 inﬁrmitates
966 3267 1183 3312 nostras
1218 3256 1477 3325 portavit.

553 3368 565 3404 ;
597 3351 664 3405 Et
694 3352 954 3403 donantes
998 3347 1420 3415 vobismetipsis.
1460 3365 1478 3398 ι
1514 3345 1855 3416 lndulgentes
1902 3342 2044 3397 invi-

469 3443 778 3504 um,sieut
824 3440 1079 3494 Christus
1125 3441 1377 3493 omnibus
1430 3438 1691 3503 indulsit;
1727 3439 1891 3491 etiam
1943 3450 2044 3505 pro

471 3532 910 3606 persecutoribus
936 3547 1121 3593 orans,
1157 3541 1214 3584 ut
1246 3541 1301 3586 et
1328 3530 1486 3589 nobis
1538 3545 1566 3582 a
1618 3528 1783 3584 Patre
1825 3527 2041 3582 caelesti

471 3628 654 3683 debita
694 3627 1043 3680 remittantur
1072 3622 1295 3685 (Matth.
1328 3637 1380 3687 v,
1404 3621 1496 3692 ιι)
1527 3636 1543 3674 2
1579 3636 1647 3675 ne
1671 3619 1961 3691 impleatur
1990 3618 2043 3672 in

1499 3161 1758 3231 Exemplo
1811 3161 2037 3227 Christi,

468 3719 626 3773 vobis
657 3717 744 3771 illa
774 3716 1043 3771 sententia
1077 3730 1092 3768 :
1127 3715 1300 3768 Homo
1336 3712 1542 3768 homini
1591 3719 1835 3767 reservat
1881 3711 2067 3787 iram,

468 3823 523 3866 et
554 3827 582 3863 a
626 3810 856 3862 Domino
895 3806 1092 3878 quaerit
1120 3807 1411 3871 medelam,
1440 3814 1547 3859 etc.

546 3922 564 3954 ς
603 3902 657 3956 Si
688 3901 810 3971 quis
838 3903 1102 3955 adversus
1164 3899 1395 3967 aliquem
1457 3899 1621 3954 habet
1668 3898 1971 3968 querelam.
2021 3916 2040 3950 ι

466 3992 859 4062 Unusquisque
887 3991 1108 4046 malitiae
1133 3990 1372 4061 proximi
1416 3989 1498 4045 sui
1529 4004 1639 4045 non
1687 3992 1992 4045 meminerit
2030 4009 2043 4044 :

474 4101 541 4139 ne
568 4086 707 4139 forte
733 4086 1009 4153 exigentes
1054 4099 1084 4136 a
1138 4084 1448 4148 conservis,
1500 4083 1660 4137 etiam
1719 4084 1936 4152 propria
1967 4082 2050 4135 iii-

473 4176 620 4230 dnlta
654 4177 875 4229 reddere
908 4188 1189 4243 cogamur.

549 4285 569 4319 ι
609 4268 765 4321 Sicut
802 4276 859 4319 et
892 4265 1151 4319 Dominus
1194 4264 1421 4319 donavit
1460 4265 1636 4325 vobis.
1672 4265 1746 4319 ita
1781 4273 1837 4319 et
1866 4278 1983 4319 vos.
2022 4284 2040 4317 ι

474 4357 533 4413 Si
564 4359 654 4413 ille
687 4357 915 4413 indulsit
945 4357 1037 4427 qui
1068 4356 1244 4428 potuit
1274 4372 1289 4409 :
1318 4355 1583 4423 vindicta,
1623 4365 1716 4411 aut
1755 4356 1924 4423 nulla,
1953 4366 2049 4411 aut

472 4453 605 4507 satis
637 4466 801 4521 parva
833 4461 917 4505 est

549 4561 567 4595 ι
605 4543 778 4610 Super
807 4541 989 4596 omnia
1022 4551 1205 4617 autem
1240 4543 1354 4596 hac
1393 4541 1715 4596 charitatem
1767 4541 1980 4596 habete.
2017 4559 2037 4593 ι

472 4632 650 4702 Super
687 4632 805 4685 haec
852 4631 1033 4686 omnia
1086 4640 1169 4684 est
1217 4630 1460 4685 charitas
1490 4630 1540 4702 (Ι
1573 4630 1696 4686 Cor.
1758 4647 1878 4695 xm,
1910 4631 2040 4697 l3):

472 4730 599 4795 quia
625 4740 838 4779 omnem
888 4737 1047 4794 quem
1105 4724 1403 4793 diligimus,
1458 4725 1790 4779 suStinemus
1818 4741 1831 4752 ·
1856 4733 1910 4778 et
1934 4739 2042 4777 non

471 4833 683 4873 omnem
712 4832 870 4887 quem
903 4814 1239 4880 suﬂ'erimus,
1288 4816 1582 4885 diligimus.

550 4930 567 4964 ι
611 4911 765 4978 Quod
806 4920 890 4963 est
939 4908 1212 4963 vinculum
1273 4908 1642 4977 perfectionis.
1703 4929 1721 4962 ι
1784 4908 2043 4964 Charitas

470 5005 613 5059 enim
647 5002 815 5056 multa
850 5000 1095 5055 membra
1124 5001 1176 5054 in
1203 5015 1367 5053 unum
1398 5001 1607 5071 colligit
1634 5016 1853 5071 corpus.

470 5126 475 5131 ι
549 5116 567 5148 ι
608 5095 675 5151 Et
705 5111 804 5165 pax
849 5095 1072 5150 Christi.
1108 5111 1128 5146 ›
1167 5093 1283 5147 Non
1315 5094 1519 5161 saeculi,
1568 5110 1731 5165 quam
1763 5100 1921 5156 nobis
1951 5116 2043 5156 re-

471 5190 631 5259 liquit
662 5207 677 5243 :
713 5189 801 5257 qui
831 5202 930 5256 pro
955 5188 1210 5243 omnibus
1236 5198 1483 5242 mortuus
1519 5199 1620 5255 est,
1652 5200 1705 5245 et
1735 5174 1837 5246 nos
1867 5194 2045 5249 iuimi-

470 5295 563 5333 cos
589 5279 795 5331 dilexit.

547 5390 565 5422 ι
608 5368 857 5424 Exsultet
894 5371 946 5424 in
989 5371 1243 5426 cordibus
1280 5374 1500 5438 vestris,
1548 5373 1598 5427 in
1630 5388 1735 5441 qua
1782 5381 1838 5427 et
1864 5374 2042 5430 vocati

466 5463 601 5516 estis
627 5462 679 5516 in
713 5476 822 5515 uno
852 5476 1103 5530 corpore.
1146 5482 1165 5515 ι
1193 5463 1310 5518 Non
1348 5465 1401 5517 in
1440 5464 1580 5518 faeie
1615 5463 1880 5521 fallaciter
1906 5467 2044 5521 arri-

467 5558 650 5619 dente,
679 5555 762 5609 vel
788 5570 1041 5611 sermoue
1069 5557 1282 5613 doloso.

546 5661 563 5693 ι
608 5643 674 5696 Et
704 5644 843 5709 grati
874 5655 1071 5699 estote.
1102 5664 1120 5696 ι
1158 5645 1443 5702 Beneﬁciis
1479 5648 1688 5705 scilicet
1732 5650 1956 5706 Christi.
1984 5649 2039 5705 lu

472 5734 749 5789 nonnullis
796 5736 1202 5804 exemplaribus
1247 5739 1433 5802 habet,
1466 5737 1654 5796 Gratia
1692 5752 1896 5809 estote;
1938 5746 2041 5801 hoc

2066 3128 2113 3189 C

2143 503 2358 569 gratiae;
2397 518 2516 570 qua:
2560 503 2789 572 ignoscit
2814 501 2980 555 etiam
3017 499 3271 565 inimicis,
3301 508 3356 553 et
3390 514 3489 568 pro
3513 502 3593 554 eis
3617 500 3723 555 Do-

2148 595 2352 647 minum
2383 594 2733 660 deprecatur.

2216 701 2235 734 ‹
2283 684 2513 737 Verbum
2543 683 2751 739 Christi
2792 685 2999 738 habitet
3045 683 3096 737 in
3132 683 3289 737 vobis
3321 683 3717 738 abundantem

2144 773 2244 827 Hie
2276 775 2581 828 ostenditur
2608 776 2826 828 verbmn
2857 774 3056 828 Christi
3091 789 3200 827 non
3247 756 3598 838 sullieienter,
3625 773 3720 828 sed

2146 867 2483 919 abundanter
2516 865 2676 918 etiam
2707 865 2877 918 laicos
2902 865 3100 919 habere
3143 864 3342 919 debere
3374 880 3391 917 :
3427 874 3485 919 et
3524 867 3721 918 docere

2144 972 2202 1011 se
2226 957 2480 1022 invicem,
2511 957 2595 1011 vel
2624 972 2864 1012 monere.

2218 1065 2235 1098 ι
2274 1046 2329 1099 In
2371 1046 2517 1100 omni
2573 1048 2842 1114 sapientia
2895 1047 3158 1101 docentes
3213 1056 3268 1100 et
3303 1057 3721 1104 commonentes

2146 1140 2532 1207 vosmetipsos.
2566 1157 2584 1189 ι
2618 1138 2687 1194 Ut
2717 1141 2996 1208 sapienter
3051 1153 3108 1195 et
3162 1140 3564 1195 rationabiliter
3594 1156 3723 1209 pro.

2146 1230 2372 1285 feratur.

2225 1340 2243 1373 ι
2281 1323 2337 1376 In
2366 1321 2607 1391 psalmis,
2638 1330 2693 1374 et
2726 1321 2961 1392 hymnis,
2991 1331 3042 1374 et
3068 1320 3298 1375 canticis
3330 1322 3716 1391 spiritualibus

2145 1415 2198 1469 in
2227 1415 2419 1485 gratia.
2459 1434 2478 1467 ι
2516 1415 2772 1478 Psalmis,
2821 1425 2881 1466 ut
2914 1414 3081 1468 David
3120 1428 3136 1467 :
3168 1416 3406 1484 hymnis,
3452 1427 3511 1468 ut
3559 1419 3720 1468 trium

2146 1523 2475 1577 puerorum;
2513 1508 2766 1571 canticis,
2801 1516 2859 1559 ut
2890 1503 3081 1575 Moysi,
3135 1517 3188 1559 et
3218 1518 3562 1571 czeterorum,
3606 1523 3722 1573 qua:

2146 1610 2273 1655 sunt
2307 1599 2652 1668 spiritualia;
2715 1609 2771 1653 et
2820 1613 2925 1653 non
2984 1598 3300 1653 carnalibus
3357 1600 3439 1653 vel
3479 1600 3723 1669 turpibus

2146 1692 2456 1748 Cantilenis.

2214 1823 2232 1856 ς
2271 1804 2566 1860 Cantantes
2604 1805 2656 1859 in
2687 1805 2946 1860 cordibus
2984 1805 3181 1861 vestris
3224 1805 3473 1860 Domino.
3521 1824 3542 1857 ι
3578 1804 3720 1859 Nus-

2148 1911 2309 1966 quam
2341 1897 2570 1966 legimus
2614 1898 2851 1967 aliquem
2905 1899 3025 1953 sine
3079 1912 3212 1952 voce
3263 1909 3539 1953 cantasse.
3569 1896 3719 1953 Unde

2146 2005 2371 2044 necesse
2399 1999 2483 2044 est
2516 1989 2626 2054 hic,
2659 1990 2710 2043 in
2742 1990 2932 2056 corde,
2963 2006 3028 2044 ex
3076 1992 3240 2044 corde
3284 1991 3538 2059 intelligi,
3571 1990 3720 2045 scili-

2145 2091 2231 2137 cet
2294 2097 2399 2135 non
2446 2082 2622 2135 solum
2668 2096 2785 2148 ore,
2836 2083 2929 2137 sed
2978 2082 3141 2136 etiam
3201 2082 3363 2136 corde
3392 2096 3712 2141 cantemus:

2146 2173 2466 2241 Conﬁtebor,
2525 2174 2874 2244 inquit,'tibi,
2919 2173 3162 2240 Domine,
3201 2175 3255 2229 in
3288 2184 3400 2229 toto
3429 2178 3579 2231 corde
3611 2195 3717 2233 meo

2146 2265 2320 2337 (Psal.
2361 2282 2449 2335 cx,
2492 2266 2570 2339 1).

2221 2397 2241 2432 ι
2284 2379 2458 2436 Omne
2513 2362 2878 2452 quodcunque
2956 2381 3135 2437 facitis
3191 2382 3247 2436 in
3308 2386 3474 2437 verbo
3539 2393 3628 2437 aut
3668 2386 3715 2439 in

2144 2485 2330 2540 Opere,
2349 2474 2531 2526 omnia
2568 2472 2621 2525 in
2654 2473 2870 2526 nomine
2893 2471 3107 2526 Domini
3140 2474 3309 2528 nostri
3331 2474 3457 2529 .lesu
3483 2474 3715 2529 Christi:

2145 2565 2348 2633 gratias
2377 2574 2598 2634 agentes
2630 2565 2739 2619 Deo
2786 2574 2837 2619 et
2866 2563 3010 2617 Patri
3047 2581 3145 2635 per
3179 2566 3379 2636 ipsum.
3419 2589 3440 2619 ι
3480 2569 3606 2623 Sive
3632 2571 3719 2622 do-

2144 2657 2300 2719 cetis,
2338 2656 2453 2711 sive
2479 2656 2806 2726 operamini,
2850 2657 2983 2710 nihil
3019 2658 3082 2709 ad
3121 2669 3381 2720 vestram.
3410 2661 3507 2714 sed
3541 2662 3718 2715 omnia

2145 2748 2211 2801 ad
2244 2746 2453 2802 Domini
2485 2748 2708 2817 gloriam
2738 2747 2953 2802 faciatis
2982 2763 3000 2805 ;
3028 2750 3137 2803 Deo
3162 2752 3369 2819 gratias
3398 2751 3716 2820 referentes,

2146 2842 2237 2908 qui
2273 2839 2465 2901 Filium
2504 2857 2659 2895 suum
2693 2843 2759 2897 ad
2800 2842 2913 2895 haec
2943 2843 3183 2898 docenda
3215 2845 3496 2899 destinare
3538 2848 3722 2913 digna-

2147 2943 2234 2988 tus
2276 2944 2359 2987 est
2395 2947 2410 2987 :
2441 2934 2574 2999 sive,
2599 2949 2693 3002 per
2724 2946 2878 2990 actus
2906 2948 3118 2990 vestros
3176 2935 3288 2991 Deo
3342 2938 3533 3006 gratia:
3587 2936 3721 2991 reie-

2148 3038 2358 3081 rantur.

2223 3157 2244 3191 ι
2280 3139 2561 3209 Mulieres,
2612 3141 2843 3196 subdita:
2898 3150 3074 3199 estote
3118 3143 3256 3199 viris
3316 3144 3540 3206 vestris,
3584 3144 3723 3201 sicut

2145 3242 2380 3301 Oportet,
2414 3233 2467 3285 in
2505 3233 2750 3288 Domino.
2791 3253 2809 3285 ι
2849 3234 3157 3290 Secundum
3194 3235 3388 3306 legem,
3413 3235 3465 3289 in
3495 3236 3579 3290 his
3605 3250 3720 3304 qua

2145 3324 2477 3379 conveniunt
2515 3324 2768 3380 Domino.

2226 3434 2244 3468 ι
2277 3412 2416 3481 Viri,
2451 3416 2657 3485 diligite
2708 3433 2904 3473 uxores
2954 3427 3187 3486 vestras,
3242 3419 3516 3485 etnolite
3547 3417 3717 3473 amari

2145 3520 2266 3560 esse
2291 3508 2357 3559 ad
2392 3506 2532 3563 illas.
2558 3505 2703 3572 Filii,
2732 3507 2947 3562 obedite
2982 3509 3301 3578 parentibus
3349 3522 3446 3578 per
3492 3508 3717 3565 omnia:

2146 3599 2251 3652 hoc
2282 3599 2425 3652 enim
2457 3600 2713 3669 placitura
2741 3610 2823 3655 est
2858 3601 2908 3654 in
2944 3601 3196 3655 Domino.
3237 3622 3258 3653 ι
3292 3600 3583 3671 Nunquam
3610 3616 3718 3654 rem

2148 3691 2452 3746 naturalem
2482 3692 2816 3757 hortaretur,
2861 3692 2967 3747 nisi
2999 3693 3346 3748 continentes
3376 3707 3501 3747 esse
3524 3692 3720 3761 ccipis.

2146 3794 2287 3849 sent,
2320 3783 2460 3837 sicut
2482 3785 2547 3836 ad
2577 3782 2839 3852 Ephesios
2875 3786 3091 3854 plenius
3125 3795 3371 3841 notatum
3404 3798 3513 3840 est.

2228 3892 2245 3922 ι
2293 3874 2504 3940 Patres,
2531 3876 2697 3930 nolite
2722 3878 2789 3929 ad
2810 3876 3232 3946 indignationem
3261 3892 3561 3947 provocare
3587 3876 3721 3930 ﬁlios

2150 3982 2390 4033 vesuos,
2457 3979 2515 4022 ut
2547 3984 2652 4023 non
2683 3969 2882 4037 pusillo
2908 3971 3092 4024 animo
3124 3971 3276 4025 (iant.
3327 3988 3347 4022 ι
3390 3970 3471 4025 Ne
3503 3986 3721 4040 exaspe~

2150 4063 2255 4115 rati
2286 4061 2536 4116 iracundi
2578 4060 2732 4127 (iam,
2769 4061 2861 4130 qui
2897 4064 3147 4133 exemplo
3175 4072 3378 4130 vestro,
3411 4064 3719 4134 patientiam

2150 4156 2360 4208 discere
2391 4154 2728 4209 debuissent.

2228 4262 2247 4295 σ
2290 4243 2465 4308 Servi,
2501 4245 2720 4300 obedite
2751 4259 2846 4314 per
2875 4245 3057 4300 omnia
3085 4244 3323 4301 dominis
3349 4245 3755 4301 carnalibusi.

2136 4335 2253 4407 .Qui
2284 4338 2467 4393 carnis
2490 4338 2660 4395 solam
2691 4339 3124 4395 dominationem
3157 4350 3439 4394 exercent.

2235 4450 2253 4483 ‹
2300 4430 2415 4485 Non
2442 4432 2509 4486 ad
2554 4434 2770 4487 oculum
2828 4434 3151 4497 servientes,
3201 4434 3357 4503 quasi
3416 4430 3714 4485 hominibus

2156 4523 2455 4594 placentes.
2496 4543 2516 4575 ι
2552 4524 2669 4579 Non
2706 4526 2773 4577 ad
2813 4524 2916 4577 hoc
2941 4535 3175 4591 tantum,
3204 4535 3263 4578 ut
3306 4523 3621 4579 hominibus
3647 4525 3715 4574 vio

2153 4616 2388 4670 deamini
2411 4614 2719 4673 carnalibus
2750 4614 3085 4671 laborantes.

2236 4726 2254 4760 ι
2295 4707 2398 4762 Sed
2430 4709 2483 4762 in
2516 4708 2865 4776 simplicitate
2888 4709 3073 4763 cordis
3100 4709 3354 4762 timentes
3377 4707 3704 4762 Dominum.-

2152 4795 2253 4863 Qui
2291 4797 2489 4865 ubique
2524 4812 2742 4866 semper
2793 4798 2964 4865 videt,
3019 4807 3075 4853 et
3132 4799 3375 4853 custodit
3398 4812 3560 4854 omne
3580 4796 3707 4867 quod

2152 4891 2357 4946 factum
2385 4902 2492 4948 est.

2229 5027 2249 5061 ι
2281 5008 2660 5081 Quodcunque
2699 5009 2900 5075 facitis,
2928 5025 2995 5065 ex
3028 5010 3212 5065 animo
3239 5010 3540 5079 operamini
3583 5009 3713 5063 sicut

2140 5098 2399 5165 Domino,
2438 5111 2622 5155 etnon
2655 5101 2987 5158 hominibus.
3023 5121 3041 5155 ι
3072 5100 3190 5158 Non
3236 5104 3563 5159 necessitate
3589 5117 3713 5155 cou-

2152 5192 2399 5259 ditionis,
2449 5197 2543 5248 sed
2604 5194 2886 5264 religionis
2948 5195 3109 5271 facite
3162 5197 3441 5251 voluntate
3473 5212 3490 5251 ;
3522 5207 3577 5250 ut
3628 5208 3715 5264 per

2150 5296 2317 5351 opera
2371 5296 2551 5338 vestra
2612 5284 2841 5341 Domino
2893 5288 3080 5357 gratia:
3120 5286 3451 5354 referantur,
3494 5303 3621 5344 cuin
3652 5301 3714 5343 ex

2150 5383 2396 5441 tempore
2425 5377 2765 5432 credulitatis
2808 5379 2932 5433 talia
2965 5381 3198 5438 viderint
3226 5384 3525 5451 proﬁcisci.

2227 5485 2244 5518 ι
2286 5466 2557 5533 Scientes,
2594 5472 2739 5537 quod
2775 5485 2803 5521 τι
2840 5469 3070 5526 Domino
3099 5474 3381 5542 accipietis
3414 5474 3718 5529 retributio.

2149 5574 2270 5612 nem
2307 5560 2691 5615 hereditatis.)
2727 5561 2901 5617 Nolite
2929 5575 3120 5633 putare
3152 5581 3386 5621 vesnum
3422 5566 3717 5622 infrui-tuo-

2148 5668 2270 5706 sum
2301 5666 2423 5707 esse
2451 5651 2731 5708 servitium
2770 5668 2785 5707 :
2825 5658 2968 5724 quod
3021 5667 3242 5726 propter
3299 5656 3475 5714 Deum
3506 5661 3716 5717 exhibi-

2144 5758 2286 5814 tuin,
2320 5747 2529 5803 cmlesti
2585 5754 3022 5808 remuneratione
3064 5752 3399 5822 pensabltur.
