3956 6196
240 333 337 394 901

1330 329 1734 392 EXPUSITIO
1777 329 1857 390 IN
1900 328 2138 390 EPIST.
2202 326 2303 388 AD
2342 321 2609 386 Tl-IESS.

3379 317 3488 382 902

315 461 333 494 ι
374 439 599 496 Domino
659 441 876 497 Christo
935 429 1155 496 servite.
1195 460 1214 493 ι
1259 441 1380 510 ipse
1435 441 1582 496 enim
1644 441 1814 496 servit
1843 453 1888 507 Α
1917 431 2187 508 Tychicus
2211 434 2568 493 cbarissimus
2597 433 2790 495 frater,
2821 441 2875 486 et
2916 429 3090 484 ﬁdelis
3138 429 3486 492 minister,ct

243 532 378 596 Deo,
416 536 506 603 qui
548 546 770 604 propter
804 535 980 604 ipsum
1019 534 1230 588 homini
1266 535 1458 588 servit.

318 643 340 678 ι
380 627 480 692 Qui
539 628 684 681 enim
741 627 997 696 iniuriam
1069 625 1221 692 facit,
1283 625 1509 696 recipiet
1566 624 1620 678 id
1669 625 1814 692 quod

236 721 427 788 inique
481 720 669 790 gessit.
718 719 787 774 Et
839 735 946 774 non
1003 731 1088 774 est
1139 732 1494 787 personarum
1565 718 1814 785 acceptio

237 810 382 878 apud
415 808 604 863 Deum.
635 799 668 862 ἶ
697 809 822 865 Sive
855 824 1086 886 servus,
1120 809 1212 880 qui
1258 809 1536 864 dominum
1566 818 1813 864 contem-

237 903 409 971 pserit
435 917 450 956 :
480 902 594 956 sive
612 901 888 967 dominus,
910 901 1003 971 qui
1030 917 1245 956 servum
1271 903 1453 970 inique
1475 903 1811 956 tractaverit.

240 991 368 1045 Ideo
395 991 494 1044 hoc
519 991 672 1057 dicit,
710 1001 769 1044 ut
810 992 1239 1062 consolationem
1287 991 1544 1056 habeant,
1575 993 1813 1048 scientes

239 1099 396 1138 suam
423 1083 652 1139 inultam
685 1099 792 1139 non
828 1099 950 1141 esse
981 1085 1240 1156 injuriam
1266 1086 1406 1164 apud
1437 1082 1634 1139 Deum.

841 1235 1074 1293 CAPUT
1113 1236 1204 1294 Π.

314 1372 332 1405 r
372 1353 608 1416 Domini,
661 1353 805 1423 quod
855 1355 1063 1424 justum
1119 1365 1202 1410 est
1249 1365 1303 1411 et
1348 1371 1587 1424 aequum,
1640 1355 1814 1411 servis

236 1456 514 1516 prcestate.
553 1465 572 1497 ι
605 1444 795 1500 Patres
826 1449 999 1518 magis
1036 1464 1136 1504 vos
1158 1450 1365 1504 sentire
1398 1450 1618 1514 debent,
1648 1464 1812 1520 quam

239 1539 514 1590 dominos.
548 1537 700 1592 Unde
741 1548 795 1592 et
827 1539 1249 1609 patresfamilias
1275 1541 1636 1609 appellantur.

319 1644 339 1677 ι
379 1626 626 1683 Scientes
656 1629 908 1697 quoniam
931 1639 986 1684 et
1037 1645 1132 1685 vos
1179 1631 1464 1684 Dominum
1514 1633 1727 1686 habetis
1759 1631 1812 1686 in

238 1719 405 1774 cwlo.
448 1737 467 1771 ι
514 1720 736 1786 Qualem
773 1721 916 1775 circa
974 1736 1069 1776 vos
1118 1721 1408 1777 Dominum
1464 1724 1625 1777 vultis
1669 1739 1812 1789 esse,

237 1811 376 1866 tales
407 1822 461 1865 et
494 1827 590 1866 vos
623 1822 799 1868 estate
832 1828 950 1867 cum
994 1814 1187 1869 servis.

312 1921 331 1955 α
376 1901 620 1958 Orationi
653 1907 878 1968 instate,
911 1906 1196 1973 vigilantes
1235 1907 1288 1962 in
1324 1923 1412 1963 ea.
1450 1927 1470 1961 ι
1510 1908 1804 1979 Negligeu-

238 1996 309 2050 tis
333 1996 476 2050 enim
509 2007 563 2050 et
599 1999 922 2054 dormientis
947 2001 1150 2066 oratio,
1203 2015 1303 2055 nec
1329 2002 1396 2055 ab
1419 2000 1639 2058 homine
1669 2017 1810 2072 pra:-

155 2133 168 2145 ,
239 2086 387 2140 valet
428 2088 747 2157 impetrare.

311 2196 330 2228 ι
386 2177 443 2231 1η
502 2180 798 2248 gratiarum
850 2183 1084 2237 actione.
1138 2197 1158 2234 ι
1198 2179 1304 2236 Pro
1357 2179 1611 2237 omnibus
1643 2221 1659 2246 ,
1691 2195 1810 2252 qua:

233 2283 496 2324 concessa
531 2281 660 2325 sunt
690 2273 866 2327 vobis.

313 2379 334 2412 ι
379 2361 608 2418 Orantes
641 2365 800 2418 simul
849 2374 903 2418 et
949 2380 1050 2434 pro
1105 2366 1282 2431 nobis,
1315 2375 1373 2420 ut
1427 2366 1572 2421 Deus
1603 2366 1811 2436 aperiat

233 2453 394 2508 nobis
427 2458 625 2509 «Stium
663 2458 931 2513 sermonis
984 2459 1051 2512 ad
1101 2459 1429 2528 loquendum
1489 2463 1808 2532 mysterium

236 2548 442 2604 Christi
480 2564 495 2604 :
531 2561 754 2622 propter
789 2555 928 2623 quod
959 2556 1127 2608 etiam
1161 2554 1374 2608 vinctus
1407 2568 1550 2608 sum.
1587 2573 1606 2606 ›
1647 2554 1810 2610 Vobis

234 2643 379 2695 enim
416 2644 723 2709 orantibus,
761 2647 806 2700 si
851 2648 918 2700 de
949 2645 1304 2701 tribulatione
1338 2645 1637 2701 liberemur
1663 2685 1678 2711 ,
1718 2659 1810 2701 vo-

235 2733 324 2788 bis
375 2736 620 2803 profteict
648 2738 700 2790 in
733 2738 1005 2795 doctrina.

317 2847 333 2880 I
379 2827 448 2884 Ut
481 2828 822 2885 manifestem
853 2831 1006 2896 illttd,
1043 2832 1116 2885 ita
1144 2842 1204 2885 ut
1239 2840 1453 2902 oportet
1484 2846 1571 2886 me
1601 2832 1804 2902 loqui.»

238 2917 307 2974 Ut
353 2920 468 2989 ipse
507 2919 743 2976 destinet
792 2925 921 2991 quid
977 2923 1270 2991 agendum,
1305 2924 1524 2992 quando
1550 2965 1566 2989 ,
1601 2926 1682 2978 vel
1725 2925 1809 2980 cui

232 3012 431 3066 debeat
455 3013 775 3081 pradicare,
809 3014 951 3067 sicut
982 3013 1148 3068 Isaias
1178 3015 1255 3069 ait
1286 3031 1300 3068 :
1332 3014 1402 3070 Ut
1437 3016 1609 3071 sciam
1638 3032 1811 3086 quau-

232 3101 306 3156 do
337 3110 588 3170 oporteat
630 3119 716 3157 me
749 3103 933 3158 dicere
960 3120 1294 3160 sermonem.

311 3212 329 3244 e
373 3195 431 3248 lu
464 3196 731 3262 sapientia
767 3195 1041 3251 ambulate
1072 3199 1139 3252 ad
1181 3213 1274 3253 eos
1309 3200 1404 3270 qui
1435 3199 1566 3255 foris
1601 3211 1750 3256 sunt.
1778 3218 1798 3252 ι

227 3282 409 3340 Nolite
446 3299 541 3339 eos
587 3286 730 3339 ultra
761 3286 827 3340 ad
863 3287 1202 3343 iracundiam
1238 3305 1557 3360 provocare.

308 3396 328 3429 ι
373 3377 612 3448 Tempus
639 3379 990 3436 redimentes.
1048 3400 1067 3434 ›
1121 3383 1198 3438 De
1232 3385 1374 3438 malo
1411 3395 1668 3454 tempore,
1712 3386 1806 3440 bo-

230 3485 361 3522 num
396 3481 606 3537 tempus
637 3484 816 3525 vesua
856 3475 1143 3540 prudentia
1177 3475 1462 3530 facientes.

308 3581 327 3612 ι
363 3561 551 3617 Sermo
583 3575 762 3617 vester
801 3578 1016 3633 semper
1043 3567 1098 3620 in
1129 3569 1325 3634 gratia.
1365 3587 1385 3620 ι
1423 3569 1481 3623 lu
1525 3584 1665 3624 novo
1693 3570 1803 3624 sci-

225 3652 362 3707 licet
391 3654 742 3711 Testamento
774 3670 788 3709 :
822 3657 906 3710 vel
929 3669 1079 3713 certe
1116 3673 1331 3728 gratum
1357 3662 1655 3731 proferatis
1683 3679 1802 3720 ser-

227 3761 476 3800 1110118111.

308 3857 327 3889 ι
378 3838 499 3892 Sale
536 3840 605 3893 sit
633 3841 907 3898 conditus.
944 3861 963 3895 ι
1010 3842 1305 3910 Sapientiae
1335 3855 1392 3901 et
1423 3847 1655 3904 rationis
1680 3888 1696 3913 ,
1737 3864 1805 3904 ne

223 3930 391 3984 stulta
435 3942 617 3987 nostra
649 3934 838 4006 religio
871 3952 900 3990 a
929 3938 1267 4008 philosophis
1304 3949 1359 3994 et
1395 3941 1652 4007 gentibus
1683 3944 1804 3997 exi-

222 4022 503 4076 alimetur.

303 4130 322 4163 ‹
368 4111 435 4169 Ut
475 4114 664 4170 sciatis
717 4118 994 4186 quomodo
1045 4129 1301 4189 oporteat
1349 4137 1447 4175 vos
1507 4124 1804 4193 unicuique

227 4207 584 4275 respondere.
622 4226 640 4259 ι
682 4208 857 4262 Aliter
890 4213 1114 4281 paganis
1138 4251 1154 4277 ,
1201 4213 1360 4267 aliter
1393 4211 1613 4280 ludatis,
1647 4218 1804 4271 aliter

223 4296 497 4351 haereticis
528 4299 1032 4357 contradicentibus
1057 4305 1294 4357 veritati.
1337 4303 1489 4360 Unde
1519 4317 1572 4361 et
1607 4306 1806 4365 Petrus

220 4390 302 4440 ait
337 4402 355 4441 :
394 4386 584 4443 Parati
620 4407 822 4461 semper
851 4398 920 4446 ad
964 4393 1406 4464 satisfactionem,
1433 4408 1543 4452 etc.
1577 4397 1625 4466 (l
1654 4398 1799 4454 Petr.

219 4498 310 4545 ιιι,
345 4481 459 4548 15).

304 4594 323 4628 ι
356 4576 487 4642 Qua:
532 4578 678 4634 circa
731 4596 815 4634 me
860 4591 1010 4648 sunt,
1055 4582 1237 4638 omnia
1285 4583 1437 4639 vobis
1472 4594 1600 4639 nota
1639 4584 1804 4641 faciet

229 4737 432 4755 ῃ

1828 4475 1883 4538 ι)

1916 546 2217 586 conservus
2267 531 2318 583 in
2380 528 2614 581 Domino
2647 539 2846 594 :quem
2886 522 3007 577 misi
3041 523 3106 575 ad
3146 537 3244 576 vos
3279 521 3343 574 ad
3387 523 3490 576 hoc

1916 623 2117 692 ipsum,
2159 633 2218 676 ut
2249 629 2559 690 cognoscat,
2587 633 2705 697 quae
2738 617 2884 670 circa
2921 631 3018 670 vos
3059 625 3206 678 sunt,
3255 623 3311 668 ct
3353 628 3485 667 con-

1916 715 2126 768 soletur
2155 713 2315 767 corda
2355 721 2550 773 vestra,
2583 725 2707 763 cum
2765 709 3019 762 Ouesimo
3071 705 3396 760 charissimo
3434 715 3491 758 et

1915 804 2061 858 fideli
2095 807 2280 872 fratre,
2320 804 2409 872 qui
2456 819 2522 856 ex
2561 801 2714 855 vobis
2753 810 2856 866 est,
2893 815 2986 868 qut
3014 802 3194 851 omnia
3232 812 3352 866 quae
3401 795 3491 850 hic

1915 909 2171 969 aguntur,
2225 908 2353 952 nota
2407 894 2611 949 facient
2669 893 2839 946 vobis.
2880 912 2898 944 ι
2935 893 3168 946 Securos
3221 889 3342 944 illos
3379 891 3491 942 vult

1913 1005 2036 1048 esse
2077 991 2144 1046 de
2178 1004 2275 1045 sua
2329 988 2722 1054 incolumitate,
2774 1002 2841 1040 ne
2896 986 2996 1040 hac
3044 993 3227 1038 essent
3271 983 3489 1037 tristitia

1916 1084 2186 1153 Occupati.

1993 1193 2010 1226 ι
2056 1176 2266 1229 Salutat
2296 1189 2392 1228 vos
2423 1173 2776 1229 Aristarchus
2824 1170 3186 1240 concaptivus
3237 1186 3412 1225 meus.
3457 1188 3476 1222 ι

1918 1265 2092 1321 Simul
2125 1267 2340 1322 vinctus
2393 1276 2532 1332 erat,
2568 1266 2682 1321 sive
2736 1264 3167 1333 compaticbatur
3198 1263 3488 1316 charitatis

1916 1358 2111 1413 etl‘ectu

1995 1468 2012 1502 t
2051 1450 2116 1503 Et
2146 1448 2395 1502 Marchtts
2427 1446 2788 1502 consobrinus
2821 1431 3082 1500 Barnabae
3104 1482 3121 1510 ,
3163 1445 3229 1499 de
3261 1459 3368 1514 quo
3399 1459 3490 1498 ac-

1915 1540 2137 1612 cepistis
2163 1543 2440 1595 mandata.
2469 1539 2524 1593 Si
2549 1541 2760 1593 venerit
2782 1539 2847 1592 ad
2875 1554 2992 1604 vos,
3023 1539 3278 1606 susc:pite
3308 1537 3488 1591 illum.

1918 1633 1984 1687 Et
2010 1630 2170 1687 Jesus
2221 1634 2314 1700 qui
2364 1631 2800 1700 diciturjustus,
2859 1633 2951 1700 qui
3007 1641 3132 1684 sunt
3164 1644 3228 1683 ex
3257 1631 3492 1684 circum-

1919 1725 2148 1780 cisione.
2182 1723 2248 1778 Ili
2288 1724 2385 1779 soli
2423 1735 2551 1778 sunt
2603 1722 2888 1792 adjutores
2921 1723 3021 1775 mei
3075 1721 3127 1774 in
3159 1736 3327 1788 regno
3373 1719 3491 1783 θεῖ,

1843 1793 1887 1849 Β
1918 1817 2005 1885 qui
2039 1817 2171 1870 tnihi
2209 1817 2429 1870 fuerunt
2485 1814 2702 1869 solatio.
2746 1832 2765 1865 ι
2811 1813 2868 1866 ln
2926 1827 3066 1867 novo
3106 1811 3490 1872 Testamento,

1916 1923 2012 1977 per
2067 1907 2207 1976 quod
2264 1907 2502 1959 intratur
2565 1921 2786 1974 regnum
2825 1920 2840 1960 :
2875 1908 3017 1958 sicut
3068 1901 3296 1958 Satanas
3347 1893 3492 1958 mors

1914 2002 2133 2064 dicitur,
2169 2001 2293 2069 quia
2326 2001 2441 2069 ipse
2474 2014 2636 2054 Causa
2673 1999 2883 2051 mortis.

2056 2090 2266 2145 Salutat
2293 2107 2390 2145 vos
2427 2089 2729 2160 Epaphras,
2758 2090 2850 2158 qui
2887 2103 2949 2140 ex
2984 2087 3138 2142 vobis
3175 2098 3256 2142 est
3292 2101 3483 2142 servus

1910 2179 2112 2235 Christi
2145 2180 2300 2245 Jesu,
2325 2195 2540 2250 semper
2566 2178 2842 2232 sollicitus
2872 2192 2970 2246 pro
3022 2179 3173 2230 vobis
3206 2179 3259 2229 in
3286 2190 3490 2230 oratto-

1910 2275 2098 2340 nibus,
2136 2283 2191 2326 ut
2215 2273 2368 2326 stetis
2391 2270 2618 2340 perfecti
2654 2279 2709 2324 et
2755 2268 2900 2339 pleni
2933 2269 2986 2322 in
3025 2269 3172 2322 omni
3210 2270 3488 2322 voluntate

1911 2368 2028 2422 Dei.
2068 2386 2086 2416 ι
2123 2365 2257 2419 Tam
2286 2377 2441 2418 erant
2472 2362 2720 2432 perfecti,
2749 2363 2840 2432 qui
2873 2376 3228 2430 perseverare
3255 2375 3485 2414 monen-

1912 2469 2020 2513 tur.
2067 2457 2335 2512 Laborem
2390 2470 2518 2524 ergo
2567 2469 2753 2509 corum
2781 2454 2918 2522 ,suis
2963 2453 3297 2508 orationibus
3336 2454 3487 2524 adju-

1913 2553 2092 2605 vabat.
2345 2547 2348 2556 ’

1986 2662 2006 2695 ι
2045 2641 2433 2697 Testimonium
2488 2641 2632 2694 enim
2672 2639 2748 2692 illi
2793 2640 3050 2709 perhibeo
3079 2678 3093 2703 ,
3126 2639 3268 2707 quod
3326 2635 3490 2691 habet

1913 2738 2139 2790 tnultutn
2175 2736 2415 2789 laborem
2456 2749 2554 2802 pro
2586 2734 2777 2800 vobis,
2827 2745 2881 2788 et
2917 2749 3013 2804 pro
3067 2733 3152 2788 his
3212 2732 3304 2801 qui
3360 2742 3488 2786 sunt

1910 2823 2212 2890 Laodiceae,
2267 2834 2322 2879 et
2370 2826 2459 2893 qui
2501 2823 2795 2893 Hierapoli.
2836 2842 2855 2875 ι
2889 2822 3048 2877 Tales
3100 2832 3257 2878 erattt
3319 2824 3483 2891 printi

1913 2918 2171 2986 temporis
2225 2917 2478 2984 discipuli
2532 2919 2902 2982 apoStolorum
2945 2956 2960 2982 ,
3025 2924 3082 2969 ut
3145 2917 3486 2968 imitarentur

1911 3011 2223 3078 magistros,
2277 3018 2331 3063 et
2376 3023 2472 3078 pro
2503 3011 2744 3063 omnium
2776 3017 2961 3062 essent
3007 3009 3185 3061 salute
3236 3008 3482 3062 solliciti.

1988 3121 2006 3154 ς
2047 3101 2258 3157 Salutat
2291 3117 2384 3156 vos
2409 3102 2584 3156 Lucas
2617 3101 2856 3156 medicus
2885 3101 3264 3164 cbarisstmus,
3290 3112 3347 3154 et
3384 3105 3485 3155 De.-

1911 3209 2049 3249 mas.
2097 3191 2340 3248 Salutate
2378 3195 2598 3256 fratres,
2629 3194 2721 3262 qui
2749 3200 2878 3246 sunt
2918 3192 3217 3258 Laodiceae,
3241 3192 3485 3262 etNym-

1909 3291 2094 3358 pham,
2124 3297 2178 3343 et
2215 3303 2336 3358 quae
2377 3288 2427 3340 in
2468 3287 2629 3342 domo
2664 3287 2780 3354 ejus
2807 3297 2888 3340 est
2912 3285 3232 3342 Ecclesiaut.
3265 3287 3328 3340 Et
3357 3301 3482 3341 cum

1908 3379 2048 3433 leCta
2081 3381 2245 3432 fuerit
2281 3381 2426 3447 apud
2471 3394 2564 3432 vos
2602 3376 2838 3445 Epistola
2887 3380 3021 3441 haec,
3055 3375 3218 3430 facite
3255 3389 3310 3431 ut
3339 3391 3394 3433 et
3429 3380 3481 3431 in

1908 3470 2323 3526 Laodicensium
2361 3471 2603 3525 Ecclesia
2648 3474 2855 3540 legatur
2885 3486 2899 3522 :
2936 3481 2989 3524 et
3033 3485 3096 3525 ea
3133 3488 3250 3540 qua:
3285 3471 3485 3526 Laodi-

1908 3565 2152 3619 censium
2182 3574 2265 3618 est
2311 3565 2464 3618 vobis
2491 3565 2722 3632 legatur.
2761 3581 2780 3613 ι
2818 3565 3158 3632 Evangelista
3182 3580 3245 3616 ex
3274 3565 3484 3619 medico

1907 3666 2027 3713 erat
2050 3696 2066 3722 ,
2102 3659 2241 3710 sicut
2285 3655 2574 3710 Matthatus
2615 3657 2727 3730 jam
2761 3657 3039 3725 apostolus
3078 3657 3256 3711 adhuc
3283 3659 3482 3712 dicitur

1908 3753 2228 3822 publicanus
2254 3747 2476 3817 (Matth.
2516 3764 2570 3814 κ,
2605 3750 2684 3818 5).

1985 3860 2003 3894 ι
2045 3841 2112 3896 Ει
2166 3842 2327 3894 dicite
2355 3840 2632 3910 Archippo
2670 3858 2685 3896 :
2723 3838 2852 3893 Vide
2911 3841 3307 3902 ministerium,
3337 3843 3478 3910 quod

1906 3936 2167 4004 accepisti
2195 3937 2246 3989 in
2291 3933 2540 3998 Domino,
2574 3943 2632 3988 ut
2661 3934 2788 3990 illud
2822 3937 3076 4004 impleas.
3109 3955 3128 3988 ι
3161 3937 3259 3992 llic
3291 3942 3478 3994 diaco-

1907 4045 2011 4083 nus
2037 4029 2202 4084 fuisse
2233 4031 2569 4098 perhibetur.

1986 4141 2005 4174 ι
2064 4123 2334 4177 Salutatio
2373 4139 2488 4177 mea
2538 4139 2704 4176 manu
2755 4123 2930 4178 Pauli.
2984 4121 3252 4178 Mentorea
3306 4133 3482 4180 estate

1907 4213 2252 4268 vinculorum
2305 4231 2574 4270 meorum.
2610 4233 2630 4266 ι
2681 4215 2807 4269 Sive
2845 4228 3022 4280 orate,
3051 4227 3107 4270 ut
3151 4218 3348 4270 reddar
3392 4234 3484 4270 vu-

1905 4306 1992 4360 bis
2024 4320 2038 4360 :
2069 4307 2185 4361 sive
2212 4319 2561 4371 mementote,
2585 4311 2714 4378 quia
2757 4309 2923 4363 vestri
2951 4310 3065 4363 haec
3090 4311 3268 4379 patior
3293 4324 3480 4377 causa,

1907 4409 1961 4452 et
1991 4399 2280 4452 imitamini
2313 4401 2654 4454 tolerantiam
2707 4404 3046 4468 passionum.

1985 4510 2004 4542 ι
2033 4492 2222 4546 Gratia
2265 4493 2484 4549 Domini
2535 4495 2708 4548 nostri
2761 4493 2888 4550 Jesu
2941 4493 3143 4551 Christi
3175 4498 3478 4553 vobiscum.

1908 4585 2101 4639 Amen.
2140 4603 2160 4637 ι

457 4741 1962 4765 W

361 4886 491 4978 IN
568 4887 1035 4979 PRIMAM
1110 4889 1789 4982 EPISTOLAM
1860 4893 2012 4980 AD
2087 4831 3330 4991 THESSA'LONICENSES.

717 5207 951 5267 CAPUT
1003 5207 1298 5266 PRIMUM.

296 5321 318 5355 ι
355 5298 580 5368 Paulus,
612 5311 668 5357 et
721 5301 1006 5372 Sylvanus,
1056 5314 1109 5358 et
1157 5302 1503 5372 Timotheus,
1539 5303 1795 5361 Ecclesia:

206 5395 814 5452 Thessalonicensium.
855 5415 873 5448 ι
903 5393 1043 5460 Quia
1080 5411 1178 5464 per
1210 5396 1357 5465 ipsos
1398 5393 1527 5451 ﬁliis
1559 5398 1788 5453 verbum

204 5487 404 5542 fuerat
438 5488 738 5540 nuntiatum
771 5526 786 5552 ,
845 5488 987 5540 sicut
1044 5497 1096 5540 et
1148 5487 1452 5543 Corinthiis
1486 5505 1502 5548 ;
1539 5489 1682 5559 quod
1722 5489 1791 5544 ad

205 5579 441 5635 eosdem
473 5579 524 5632 in
555 5581 792 5634 secunda
821 5589 1242 5634 commemorat.

285 5688 310 5724 ι
351 5667 411 5723 ln
442 5669 551 5727 Deo
575 5669 735 5727 Patre
771 5683 974 5736 nostro,
1006 5683 1056 5727 et
1091 5671 1321 5730 Domino
1351 5673 1477 5730 Jesu
1499 5673 1734 5730 Christo.
1767 5696 1786 5729 ι

204 5764 357 5830 Quia
391 5777 487 5834 per
542 5765 697 5819 fidem
739 5765 884 5832 Filii,
923 5775 1034 5820 tant
1068 5765 1122 5821 in
1153 5766 1335 5834 Patre,
1372 5782 1536 5837 quam
1566 5766 1619 5823 in
1649 5764 1791 5824 Filio

1905 5223 2085 5270 erant.
2128 5212 2269 5278 Quia
2291 5216 2584 5286 quicunque
2603 5215 2886 5285 conﬁtetur
2915 5213 3133 5282 Filium,
3165 5225 3215 5268 et
3259 5213 3474 5270 Patrem

1902 5303 2050 5358 habet
2083 5305 2132 5374 (Ι
2161 5304 2321 5362 Joan.
2368 5324 2427 5375 tt,
2455 5309 2570 5381 23).

1975 5417 1993 5448 ι
2035 5395 2222 5451 Gratia
2248 5400 2398 5454 vobis
2433 5411 2489 5455 et
2518 5417 2642 5472 pax.
2679 5421 2699 5456 ι
2729 5402 2775 5456 Δ
2813 5399 2923 5457 Deo
2953 5399 3112 5456 Patre
3141 5401 3380 5465 scilicet,
3421 5411 3475 5455 et

1901 5484 2130 5543 Domino
2172 5501 2360 5546 nostro
2385 5491 2513 5546 Jesu
2541 5494 2780 5548 Christo.

1973 5599 1992 5632 ι
2025 5581 2240 5636 Gratias
2271 5585 2478 5654 agimus
2518 5586 2627 5640 Deo
2653 5601 2866 5654 semper
2922 5603 3018 5657 pro
3069 5586 3325 5640 omnibus
3377 5601 3470 5637 vo-

1897 5677 2002 5732 bis.
2047 5695 2064 5726 ι
2107 5679 2240 5743 Quia
2279 5679 2522 5732 onmium
2553 5679 2708 5732 nobis
2738 5689 2893 5747 grata
2930 5681 3194 5732 memoria
3222 5687 3322 5730 est.

1949 5786 1993 5847 _r
2029 5769 2340 5825 Memoriam
2377 5772 2543 5825 vestri
2578 5769 2837 5826 facientes
2887 5769 2943 5826 in
2995 5768 3330 5825 orationibus
3366 5785 3464 5823 no-
