3956 6196
513 271 619 336 903

1456 265 1518 325 S.
1559 260 2002 325 lIlERONYMl
2043 257 2365 320 OPERUM
2413 256 2814 320 MANTISSA.

3657 259 3779 325 905

497 389 630 443 stris
655 384 776 441 sine
806 381 1233 439 intermissione.
1268 399 1287 433 ι
1323 379 1384 434 ln
1433 377 1764 432 indesincuti
1792 376 2065 439 oratione,
2101 375 2358 437 Acitavit
2404 389 2472 428 ex
2522 373 2787 436 mortuis,
2835 367 3042 424 Jesun.
3088 389 3107 422 ι
3183 371 3330 426 Talis
3365 382 3468 438 est,
3521 384 3580 428 ut
3635 376 3784 428 ad...

501 477 777 534 memoria:
809 475 1082 546 quantitas
1113 471 1517 527 et'dilectionis
1544 469 1878 534 ostenditur,
1907 481 2068 536 quam

499 586 684 626 eorum
719 568 907 620 merita
951 563 1327 633 postulabant.

577 680 595 713 ι
629 659 892 713 Mentores
930 659 1112 724 operis
1145 655 1265 708 fidei
1301 662 1488 709 vestra:
1551 660 1606 706 et
1638 649 1860 705 laboris.
1905 668 1924 701 ι
1956 645 2076 701 Νοιι

502 751 773 808 immerito
808 748 951 802 illius
1006 748 1126 800 fidei
1177 759 1445 799 memores
1471 753 1619 809 sunt,
1653 758 1812 810 quam
1842 740 2080 810 etjusti-

504 845 590 897 tia:
617 846 790 905 labor,
817 852 870 893 et
898 837 1182 892 cltat‘ilatis
1215 835 1463 899 affectus,
1496 845 1551 889 et
1591 834 1908 904 passionum
1941 832 2078 886 tole-

501 935 677 989 rantia
708 930 1088 998 comprobant.
1715 935 1728 940 '

578 1042 596 1074 ι
632 1023 695 1076 Ει
725 1021 1031 1086 eltaritatis,
1053 1029 1108 1073 et
1141 1019 1484 1074 sustinentia:
1521 1018 1634 1088 Spei
1669 1013 2078 1084 Dontinijnostri

501 1113 544 1168 ἄλ
569 1130 630 1167 su
667 1113 866 1166 Cbrisd
921 1123 1048 1165 ante
1101 1111 1270 1164 Deum
1305 1121 1360 1163 et
1391 1111 1608 1164 Patrem
1642 1118 1907 1162 nostrum.
1946 1125 1964 1157 ι
2001 1107 2080 1160 Ad

505 1205 668 1260 Deum
694 1204 913 1258 l’atrcnt
949 1213 1221 1257 nostrum.
1250 1204 1349 1268 Qui
1385 1202 1635 1270 perfecta:
1665 1201 1947 1254 cltaritatis
1977 1210 2080 1261 est,

503 1298 738 1351 stistinet
792 1296 972 1349 omnia
1025 1294 1302 1364 patienter
1364 1304 1584 1363 propter
1632 1306 1783 1360 spem
1844 1290 2080 1343 futuram

504 1393 555 1458 (ι
587 1389 709 1445 Cor.
740 1405 861 1450 χιιι,
899 1389 975 1458 7).

582 1501 600 1534 ι
655 1481 941 1545 Scietttes,
989 1478 1223 1542 fratres,
1255 1476 1435 1532 dilecti
1488 1491 1518 1530 a
1567 1476 1715 1542 Deo,
1758 1474 2082 1530 electionem

506 1585 764 1626 veStram.
816 1590 833 1621 ι
894 1571 1215 1623 ltetinentes
1261 1581 1471 1637 tempus
1521 1567 1808 1622 electionis
1862 1575 2080 1630 vestrae,

507 1667 738 1733 qualiter
779 1677 876 1716 nos
929 1662 1443 1733 praedicaverimns.
1495 1670 1550 1714 et
1583 1676 1674 1714 vos
1713 1658 2080 1713 credideritis.

585 1774 601 1805 ι
638 1754 770 1820 Quia
809 1753 1162 1824 Evangelium
1217 1763 1464 1804 nostrum
1514 1765 1622 1804 non
1667 1749 1775 1803 fuit
1807 1749 1873 1803 ad
1904 1764 2004 1803 vos
2034 1749 2085 1802 in
2118 1745 2188 1817 Bp

434 1881 438 1888 ς
509 1860 761 1899 sermone
799 1854 1028 1898 tantum.
1064 1861 1082 1894 ι
1119 1841 1426 1898 Notandum
1452 1841 1607 1911 quod
1636 1842 1723 1894 illa
1759 1839 1944 1895 efﬁcax
1966 1855 2087 1910 pos-

509 1938 580 1992 sit
609 1953 729 1991 esse
760 1937 1024 2000 doctrina,
1059 1949 1176 2005 qua:
1197 1935 1426 2004 justitiaa
1449 1933 1874 1988 commendatur
1901 1946 2088 1986 exem-

509 2030 618 2102 vdo.

584 2148 602 2174 ι
647 2122 752 2178 Sed
786 2122 839 2177 in
879 2122 1102 2178 virtute.
1146 2139 1164 2172 ι
1224 2119 1282 2174 In
1320 2119 1522 2174 virtute
1547 2159 1562 2186 ,
1598 2120 1715 2176 sive
1753 2119 2040 2190 signorum
2069 2158 2086 2185 ,

511 2217 630 2272 sive
659 2215 942 2270 tolerantia
967 2215 1310 2282 passionum.

587 2327 606 2360 ι
647 2308 712 2362 Ει
743 2309 794 2362 in
843 2307 1051 2377 Spiritu
1088 2313 1298 2361 sancto.
1342 2322 1361 2356 ι
1405 2303 1576 2372 Quem
1629 2305 1823 2360 devote
1876 2304 2092 2371 accepi-

511 2399 610 2452 stis
657 2417 670 2450 :
721 2397 805 2450 vel
849 2396 1012 2466 cujus
1070 2396 1338 2448 virtutem
1390 2409 1487 2463 per
1552 2393 1708 2465 signa
1759 2393 2091 2450 monStravi-

515 2504 658 2542 "IIIS.

591 2598 610 2631 ι
653 2577 720 2631 Ει
765 2579 816 2631 iu
857 2578 1195 2648 plenitudine
1232 2577 1420 2633 multa.
1462 2595 1481 2628 ι
1513 2573 2091 2642 Perfectiouis,justi-

514 2674 621 2739 tiaz,
653 2673 1115 2736 conversationis,
1147 2683 1203 2726 et
1232 2673 1376 2725 vitae.

591 2782 610 2815 ι
649 2764 802 2817 Sicut
834 2763 988 2816 scitis
1032 2761 1221 2830 Quales
1271 2762 1535 2815 fuerimus
1582 2759 1636 2813 in
1673 2759 1830 2812 vobis
1870 2769 2092 2827 propter

512 2871 628 2910 vos.
661 2874 679 2905 ι
721 2855 800 2907 Ad
824 2852 1125 2923 profectum
1163 2861 1401 2906 vestrum
1425 2853 1590 2905 etiam
1623 2852 1689 2905 ab
1721 2849 1928 2904 illicitis
1958 2852 2088 2904 abs-

513 2949 769 3010 tinentes,
795 2955 850 3000 ut
885 2946 1108 2999 inferius
1131 2946 1470 3000 continetur.

591 3057 608 3088 ι
644 3037 709 3090 Et
743 3052 836 3091 vos
870 3037 1172 3090 imitatores
1200 3035 1378 3090 nostri
1412 3034 1546 3089 facti
1575 3033 1708 3089 estis
1736 3043 1791 3088 et
1813 3032 2084 3090 Domini.)

513 3131 572 3184 In
608 3131 955 3199 passionibus
1003 3131 1228 3183 verbum
1263 3130 1629 3198 suscipientes
1666 3127 1853 3182 :sicut
1891 3133 1947 3180 et
1985 3140 2086 3181 nos

511 3221 813 3282 docuimus,
841 3229 893 3273 et
925 3219 1183 3274 Dominus
1214 3219 1546 3288 praedicavit.
1671 3212 1676 3214 ’

589 3333 606 3362 ι
657 3311 1248 3380 Excipieutesverbum
1279 3309 1332 3363 iu
1367 3308 1718 3364 tribulatione
1747 3307 1936 3370 multa,
1965 3321 2087 3361 cum

514 3403 711 3472 gaudio
743 3402 980 3471 Spiritus
1006 3401 1209 3456 sancti.
1251 3418 1269 3450 ι
1316 3399 1431 3455 Hoc
1460 3410 1567 3466 est,
1604 3413 1734 3453 vere
1785 3401 1838 3454 in
1874 3399 2087 3468 Spiritu

516 3503 706 3547 sancto
733 3494 962 3562 gaudete
995 3507 1010 3544 :
1049 3493 1190 3548 sicut
1226 3503 1280 3547 et
1312 3492 1588 3561 apostolos
1625 3491 1824 3547 fecisse
1859 3491 2090 3562 legimus

518 3586 656 3662 (Act.
684 3600 744 3650 ν,
782 3583 894 3655 at).

590 3696 609 3729 ι
654 3678 730 3733 lta
757 3688 813 3730 ut
845 3675 971 3732 facti
1004 3679 1124 3733 sitis
1167 3678 1339 3732 forma
1366 3675 1621 3731 omnibus
1657 3677 2000 3731 credentibus
2033 3676 2086 3730 in

517 3769 830 3828 Macedonia
882 3780 936 3825 et
979 3771 1028 3824 in
1076 3771 1302 3825 Achaia.
1353 3789 1372 3822 ι
1412 3771 1786 3824 Ρυτ1ἰ.·οιιιι·ιιιιι
1816 3769 2087 3836 exempla,

516 3864 689 3917 forma
710 3864 963 3918 omnibus
993 3863 1340 3918 credentibus
1379 3863 1690 3916 exhibetur.
1733 3860 1925 3916 Vestro
1961 3876 2088 3928 ergo

515 3955 762 4024 exeutplo
797 3954 960 4009 etiam
988 3955 1282 4024 provinciae
1312 3951 1690 4022 profecerunt.

591 4064 612 4099 ι
652 4048 696 4098 Α
728 4047 882 4102 vobis
912 4046 1056 4100 enim
1091 4044 1404 4099 diffamatus
1456 4057 1540 4098 est
1593 4058 1778 4096 sermo
1839 4039 2088 4105 Domini,

519 4155 623 4193 non
655 4138 828 4194 solum
861 4140 916 4191 in
949 4136 1258 4191 Macedonia
1292 4146 1344 4191 et
1377 4139 1427 4190 in
1457 4138 1684 4202 Achaia,
1713 4137 1808 4190 sed
1848 4136 1902 4188 in
1943 4135 2092 4188 omni

519 4232 657 4285 loco.
691 4248 709 4280 ι
749 4227 954 4282 Natura
1001 4228 1159 4281 famae
1192 4228 1304 4282 haec
1344 4238 1452 4293 est,
1484 4237 1542 4282 ut
1567 4229 1681 4282 sive
1712 4229 1938 4290 bonum,
1975 4226 2091 4282 sive

517 4324 719 4376 malum
770 4320 1031 4382 nuntias,
1070 4320 1272 4389 ubique
1318 4322 1466 4376 omni
1537 4319 1820 4374 celeritate
1879 4320 2094 4373 discur-

519 4427 621 4471 rat.
1448 4419 1454 4426 ’

594 4527 612 4560 ι
652 4507 812 4563 Fides
853 4517 1030 4563 vetitra
1061 4522 1184 4578 qua:
1224 4517 1307 4561 est
1340 4507 1405 4560 ad
1441 4507 1629 4574 Deum,
1665 4503 1907 4574 profecta
1947 4515 2082 4563 est.»

519 4596 566 4649 A
597 4596 749 4650 vobis
784 4597 851 4650 ad
893 4593 1062 4648 Deum
1094 4611 1383 4649 conversa.
1663 4609 1668 4614 '

599 4705 620 4737 ι
659 4685 734 4739 lta
769 4695 825 4738 ut
861 4702 974 4763 non.
1000 4687 1072 4741 sit
1107 4688 1265 4742 nobis
1305 4701 1526 4743 necesse
1551 4688 1850 4758 quidquam
1882 4689 2086 4759 loqui.»

516 4781 572 4834 ld
599 4790 659 4834 ut
690 4780 847 4834 nobis
885 4779 1293 4847 incipientibus.
1339 4779 1545 4848 aliquid
1588 4780 1654 4835 de
1685 4789 1868 4836 vestro
1908 4796 2094 4836 exem-

516 4876 624 4943 plo,
666 4873 767 4943 ipsi
800 4872 1003 4941 Optime
1046 4871 1190 4927 scire
1233 4886 1292 4926 se
1319 4871 1520 4926 dicant.

595 4985 614 5017 ι
659 4965 762 5036 Ipsi
821 4967 967 5020 enim
1020 4963 1088 5018 de
1142 4965 1301 5019 nobis
1349 4964 1714 5032 annuntiant,
1749 4965 1967 5035 qualem
2013 4963 2098 5018 in-

521 5060 739 5113 trnitum
774 5059 1131 5112 habuerimus
1173 5057 1240 5110 ad
1277 5071 1414 5112 vos:
1451 5067 1508 5111 et
1538 5061 1817 5126 quomodo
1845 5057 2097 5112 conversi

520 5155 655 5206 estis
685 5151 751 5204 ad
787 5151 978 5204 Deum.
1024 5169 1042 5201 ι
1085 5149 1150 5203 Ει
1180 5162 1382 5204 nostra:
1409 5150 1760 5214 constantiae,
1810 5159 1867 5204 et
1902 5160 2099 5205 vestrae

519 5245 955 5299 conversationis
987 5244 1243 5298 omnibus
1283 5253 1412 5298 nota
1445 5254 1531 5299 est
1563 5243 1826 5313 qualitas.

596 5355 615 5388 ι
647 5337 692 5389 Α
728 5337 1062 5404 simulacris,
1094 5337 1300 5392 servire
1344 5336 1457 5391 Deo
1491 5336 1610 5390 vivo
1660 5345 1715 5390 et
1762 5351 1915 5392 vero.
1955 5356 1973 5388 ι
2011 5335 2096 5391 Si-

523 5431 828 5484 mulacrum
876 5443 906 5483 a
942 5431 1252 5484 simulando
1299 5429 1518 5483 dicitur.
1553 5429 1792 5484 Pulchre
1827 5432 1892 5483 ad
1925 5431 2096 5484 Deum

521 5535 710 5574 verum
762 5531 817 5575 et
863 5520 1070 5588 vivum,
1125 5537 1157 5576 a
1218 5521 1372 5575 falsis
1426 5521 1664 5576 dominis
1697 5523 1946 5576 conversi
1976 5536 2099 5576 esse

525 5613 809 5666 dicuntur.
1462 5611 1464 5613 ’

598 5721 620 5757 ι
653 5704 718 5760 Et
752 5719 1068 5779 exspectare
1100 5707 1294 5765 Filium
1330 5708 1446 5780 ejus
1482 5708 1548 5765 de
1578 5709 1754 5778 caelis,
1777 5723 1936 5779 quem
1974 5725 2096 5770 sus-

2183 465 2399 521 cialiter
2443 473 2498 522 et
2551 480 2675 521 cum
2723 465 2922 536 gaudio
2978 465 3270 520 adventum
3319 465 3534 523 Domini
3571 481 3784 538 exspe-

2183 559 2366 614 ctetis.

2263 669 2283 702 ι
2315 649 2416 718 Qui
2447 651 2646 721 eripuit
2685 665 2784 707 nos
2825 651 2895 706 ab
2945 652 3028 706 ira
3059 660 3315 707 ventura.
3360 670 3378 704 ι
3428 651 3773 708 Dimittendo

2186 751 2410 806 peccata
2460 754 2474 793 :
2514 750 2569 794 et
2597 742 2843 796 doctrina
2874 757 2995 809 sua,
3030 750 3088 796 et
3136 742 3386 812 exemplo
3440 743 3509 796 ab
3554 744 3634 797 ira
3670 759 3780 798 nos

2188 831 2464 889 liberavit.
2495 831 2617 887 Jam
2649 849 2780 904 ergo
2829 834 2885 890 in
2932 851 3029 904 spe
3063 835 3372 891 libertatem
3409 837 3697 890 habemus.

2802 990 3034 1050 CAPUT
3081 990 3143 1046 ll.

2171 1147 2178 1179 Ι
2266 1121 2284 1154 ι
2321 1101 2456 1156 Nam
2491 1113 2545 1158 et
2588 1104 2689 1172 ipsi
2721 1105 2875 1159 scitis
2905 1145 2920 1167 ,
2954 1104 3178 1171 fratres,
3207 1104 3488 1162 introitum
3521 1117 3772 1162 nostrum

2188 1196 2257 1248 ad
2299 1212 2413 1251 vos.
2453 1217 2471 1248 ι
2512 1197 2913 1253 Commemorat
2951 1198 3104 1264 illos,
3139 1210 3198 1253 ut
3244 1213 3546 1270 agnoscant
3581 1215 3771 1255 verum

2188 1291 2334 1356 quod
2395 1289 2632 1356 dicunt,
2694 1300 2750 1344 et
2805 1303 2992 1345 eorum
3051 1290 3222 1359 magis
3268 1290 3776 1361 proficiantexem-

2189 1382 2298 1449 plo.

2266 1491 2284 1524 ι
2321 1472 2458 1539 Quia
2491 1489 2598 1528 non
2627 1473 2803 1530 inanis
2835 1474 2937 1529 fuit
2973 1491 2990 1531 :
3025 1475 3119 1530 sed
3154 1484 3282 1529 ante
3317 1476 3461 1544 passi
3497 1477 3690 1540 multa,
3720 1486 3776 1531 et

2189 1563 2535 1618 contumeliis
2591 1565 2795 1619 affecti.
2845 1585 2863 1618 ι
2898 1566 3017 1622 Non
3073 1577 3156 1622 est
3209 1565 3389 1622 inanis
3433 1582 3642 1634 sermo,
3676 1570 3772 1639 qui

2191 1655 2491 1724 completur
2521 1661 2826 1712 constantia
2875 1660 3167 1730 passionis.

2267 1763 2286 1796 ‹
2330 1744 2484 1802 Sicut
2544 1749 2700 1804 scitis
2759 1749 2816 1802 in
2883 1749 3170 1821 Philippis.
3209 1770 3228 1803 ι
3279 1750 3415 1816 Quia
3468 1749 3768 1820 aliquantis

2190 1847 2430 1891 vestrum
2468 1838 2689 1892 videtur
2738 1852 2840 1894 nos
2883 1837 3151 1910 Philippis
3201 1855 3426 1910 passos,
3464 1856 3564 1895 nec
3599 1855 3770 1910 expa-

2189 1930 2334 1984 visse
2367 1931 2801 1999 persecutiones,
2835 1945 2935 1985 nec
2967 1933 3264 2000 praedicare
3289 1946 3554 1987 cessasse.

2267 2040 2286 2074 ι
2342 2021 2622 2076 Fiduciam
2660 2022 2953 2078 habuimus
2984 2023 3043 2077 in
3082 2024 3188 2079 Deo
3236 2035 3444 2080 nostro.
3483 2043 3503 2076 ι
3534 2023 3640 2089 Qui
3672 2040 3767 2076 nos

2191 2113 2422 2168 liberare
2481 2113 2538 2168 in
2573 2115 2827 2183 praesenti
2875 2114 2959 2169 vel
3005 2115 3062 2170 in
3094 2114 3279 2170 futuro
3306 2127 3504 2185 potest,
3535 2127 3591 2170 et
3625 2115 3771 2170 labo-

2191 2205 2268 2260 ris
2290 2205 2464 2260 nostri
2501 2206 2808 2260 mercedem
2843 2205 3102 2261 omnibus
3146 2221 3585 2276 recompensare.

2269 2315 2288 2348 ι
2327 2297 2497 2366 Loqui
2531 2297 2600 2350 ad
2630 2311 2726 2351 vos
2761 2295 3115 2369 Evangelium
3161 2298 3255 2353 Dei
3290 2297 3342 2352 in
3371 2301 3536 2353 multa
3568 2299 3759 2355 sollici-

2193 2389 2400 2443 tudine.
2442 2406 2462 2439 ι
2501 2386 2619 2443 Non
2664 2389 3021 2460 negligenter,
3069 2405 3170 2445 nec
3198 2390 3550 2458 transitoria,
3584 2392 3680 2448 sed
3707 2392 3763 2447 in

2193 2468 2564 2536 sollicitudine
2594 2495 2699 2536 non
2732 2497 2921 2551 parva,
2959 2482 3056 2538 sed
3082 2482 3272 2538 multa.

2271 2589 2290 2624 ι
2329 2571 2647 2629 Exhortatio
2673 2575 2817 2628 enim
2847 2586 3035 2629 nostra
3081 2592 3187 2630 non
3236 2575 3304 2631 de
3331 2590 3538 2632 errore.
3589 2595 3611 2628 ι
3648 2575 3759 2632 Ideo

2196 2680 2302 2719 non
2333 2679 2580 2719 erramus
2613 2680 2629 2720 ;
2663 2676 2816 2720 errat
2873 2669 3021 2721 enim
3079 2669 3396 2737 quicunque
3451 2679 3623 2738 putat,
3681 2671 3760 2724 vel

2195 2755 2354 2810 docet
2416 2757 2621 2810 multos
2675 2772 2838 2825 posse
2879 2774 3110 2828 regnare
3148 2775 3272 2814 cum
3327 2761 3544 2816 Christo
3573 2801 3590 2828 ,
3625 2763 3761 2817 sicut

2195 2845 2324 2899 alibi
2359 2845 2495 2900 dicit
2530 2863 2544 2899 :
2581 2845 2760 2902 Nolite
2799 2865 2982 2905 errare
3014 2867 3034 2906 :
3063 2853 3187 2922 quia
3225 2853 3366 2908 Deus
3397 2871 3501 2907 non
3523 2856 3764 2909 irridetur

2195 2935 2400 3008 (Calai.
2433 2954 2509 3004 Vl,
2553 2939 2627 3010 7).

2273 3047 2291 3080 ι
2326 3027 2514 3099 Neque
2544 3030 2633 3084 vde
2676 3030 3041 3088 immunditia.
3093 3052 3112 3086 ι
3166 3034 3320 3090 Sicut
3351 3034 3630 3093 Joviniani
3667 3039 3759 3092 do-

2195 3121 2370 3176 ctrina
2400 3120 2526 3175 luit.

2275 3232 2294 3264 ‹
2332 3212 2515 3283 Neque
2546 3215 2600 3269 in
2648 3214 2796 3272 dolo.
2830 3236 2849 3268 ι
2881 3216 3000 3273 Non
3044 3231 3231 3274 contra
3264 3224 3634 3276 constantiam
3675 3223 3760 3278 do-

2198 3315 2389 3362 centes
2459 3315 2624 3376 atque
2660 3309 2970 3365 suadentes.

2272 3417 2291 3449 ι
2334 3397 2441 3452 Sed
2481 3399 2620 3454 sicut
2651 3403 2859 3469 probati
2890 3418 3082 3459 sumus
3113 3420 3142 3457 a
3175 3405 3314 3472 Deo,
3351 3415 3409 3462 ut
3457 3411 3759 3463 crederetur

2197 3506 2228 3543 a
2264 3489 2421 3544 nobis
2461 3489 2832 3562 Evangeliunt,
2864 3493 2936 3547 ita
2970 3495 3248 3565 loquimur
3285 3513 3301 3552 :
3329 3515 3436 3553 non
3479 3502 3638 3569 quasi
3671 3501 3761 3556 tto-

2199 3583 2434 3637 minibus
2463 3585 2761 3651 placentes.
2797 3603 2817 3638 ι
2849 3586 2951 3651 Qui
2984 3586 3094 3642 falli
3130 3599 3393 3658 possunt.

2277 3693 2295 3726 ι
2335 3675 2440 3729 Sed
2470 3676 2618 3742 Deo,
2661 3677 2754 3746 qui
2805 3680 2998 3748 probat
3051 3681 3214 3735 corda
3269 3691 3481 3736 nostra.
3521 3701 3541 3734 ι
3574 3682 3761 3752 lntegri

2199 3767 2357 3836 quasi
2389 3783 2420 3819 a
2469 3769 2578 3822 Deo
2611 3769 2868 3838 probati,
2901 3781 2956 3823 et
2995 3770 3065 3826 ab
3105 3771 3225 3841 ipso
3269 3773 3322 3826 in
3376 3778 3484 3829 hoc
3538 3775 3761 3828 olliciuut

2202 3859 2506 3927 destinati;
2548 3862 2638 3930 qui
2697 3863 2879 3918 cordis
2911 3864 3126 3920 occulta
3180 3865 3414 3920 rimatur
3447 3866 3499 3936 (ι
3536 3867 3664 3924 Cor.
3709 3884 3762 3931 ιι,

2201 3953 2316 4021 ιο).

2276 4063 2295 4096 ι
2353 4043 2539 4116 Neque
2583 4047 2729 4100 enim
2779 4047 3074 4119 aliquando
3139 4051 3345 4108 fuimus
3406 4053 3462 4107 in
3525 4066 3764 4108 sermone

2201 4135 2569 4201 adulationis,
2621 4138 2766 4192 sicut
2819 4140 2991 4194 scitis.
3047 4159 3066 4191 ι
3117 4138 3270 4195 Sicut
3316 4143 3411 4212 qui
3464 4145 3765 4198 hominibus

2204 4230 2440 4296 placent,
2490 4236 2750 4298 tanquam
2783 4230 2944 4299 aegris
2990 4233 3297 4288 desiderata
3335 4235 3521 4290 omnia
3573 4251 3762 4292 conce-

2200 4325 2395 4374 dentes
2417 4360 2431 4384 ,
2463 4332 2517 4374 et
2549 4332 2780 4376 mortem
2809 4337 2998 4378 eorum
3032 4324 3388 4397 negligentes.

2281 4431 2299 4463 ι
2339 4411 2524 4483 Neque
2555 4414 2609 4466 in
2656 4415 2950 4469 occasione
2986 4418 3249 4485 avaritia,
3286 4418 3427 4474 Deus
3466 4422 3622 4476 testis
3646 4430 3759 4476 est:

2203 4519 2380 4570 neque
2419 4515 2727 4572 quaerentes
2768 4505 2838 4560 ab
2867 4505 3182 4564 homtnibus
3216 4511 3448 4580 gloriam
3485 4529 3502 4566 :
3537 4529 3703 4583 neque
3733 4528 3758 4562 a

2198 4596 2382 4660 vobis,
2414 4611 2588 4664 neque
2621 4597 2688 4652 ab
2715 4597 2857 4654 aliis.
2891 4617 2910 4650 ι
2946 4596 3138 4658 Omnis
3181 4603 3276 4672 qui
3333 4605 3626 4671 adulatur,
3678 4615 3758 4659 aut

2199 4700 2416 4758 propter
2471 4691 2761 4746 avaritiam
2801 4730 2817 4757 ,
2877 4701 2972 4746 aut
3032 4705 3254 4764 propter
3297 4711 3487 4751 vanam
3546 4701 3754 4768 gloriam

2199 4784 2452 4839 adulatur
2486 4801 2502 4843 ς
2534 4786 2624 4840 ille
2651 4799 2777 4841 vero
2806 4797 3030 4857 propter
3056 4787 3228 4844 Deum
3262 4791 3460 4847 docere
3494 4795 3751 4860 probatur,

2199 4878 2288 4948 qui
2318 4878 2421 4933 ista
2454 4893 2563 4932 non
2591 4879 2802 4947 quaerit.
3419 4947 3425 4953 _

2279 4989 2296 5022 ι
2359 4972 2496 5025 Cum
2554 4985 2836 5040 possemus
2888 4973 3040 5028 vobis
3089 4975 3244 5028 oneri
3277 4989 3438 5040 esse,
3473 4987 3534 5031 ut
3580 4975 3756 5033 Christi

2201 5063 2452 5132 apostoli.
2481 5083 2499 5114 ι
2531 5062 2629 5119 Vel
2660 5065 2714 5119 in
2749 5067 2871 5132 hoc,
2900 5068 3043 5136 quod
3075 5065 3220 5122 Deus
3252 5069 3563 5136 ordinavit;
3595 5070 3643 5125 id
3670 5077 3756 5132 est,

2201 5165 2260 5208 ut
2292 5157 2358 5208 de
2389 5153 2680 5223 Evangelio
2711 5157 3040 5214 viveremus.

2281 5265 2297 5298 ι
2338 5246 2442 5301 Sed
2492 5246 2622 5301 facti
2673 5265 2864 5303 sumus
2897 5250 3107 5318 parvuli
3151 5251 3205 5304 in
3235 5252 3417 5308 medio
3454 5265 3706 5309 vestrum.
3738 5271 3754 5302 ι

2201 5338 2573 5395 lluutiliantes
2608 5357 2729 5406 nos,
2759 5350 2814 5396 et
2862 5355 2965 5398 nec
3001 5344 3263 5400 honorem
3323 5345 3567 5399 debitum
3603 5343 3765 5417 requi-

2202 5450 2294 5489 reu
2305 5443 2402 5488 tes.

2259 5543 2300 5604 ,ι
2347 5525 2632 5596 Tanquam
2666 5527 2712 5583 si
2745 5529 2925 5583 nutrix
2962 5528 3145 5586 foveat
3176 5531 3316 5586 filios
3343 5545 3493 5586 suos.
3538 5551 3557 5583 ι
3593 5527 3765 5584 llumi-

2202 5616 2342 5671 lians
2371 5633 2432 5671 se
2465 5620 2516 5671 in
2549 5621 2825 5686 omnibus,
2854 5621 3076 5690 parvulo
3107 5637 3165 5677 se
3193 5638 3484 5691 coaequans
3519 5639 3537 5679 :
3572 5633 3626 5676 ιιι
3655 5620 3769 5673 illos

2201 5712 2266 5766 ad
2299 5711 2504 5783 majora
2542 5727 2638 5767 sua
2673 5715 2976 5771 imitatione
3013 5718 3299 5787 perducat.
3329 5713 3467 5771 Nam
3505 5727 3559 5772 et
3585 5713 3766 5772 balbu-
