3956 6196
343 291 453 358 903

1326 293 1735 356 EXPOSII‘IO
1776 295 1858 356 ΙΝ
1901 295 2136 356 EPIST.
2183 293 2206 352 Ι
2243 292 2342 351 AD
2379 288 2743 352 THESSAL.

3493 283 3597 346 906

343 411 411 465 tit
439 407 714 464 interdum
756 409 940 477 lingua
967 449 982 473 ,
1015 401 1067 464 ei
1109 410 1447 466 manducare
1499 415 1683 484 ﬁngit,
1716 425 1768 469 et
1800 431 1922 469 curn
1953 423 2000 479 Α
2030 423 2112 469 tas
2141 435 2156 468 :
2190 423 2246 469 et
2281 426 2379 466 nos
2423 407 2690 480 persecuti
2732 413 2878 470 sunt,
2911 413 2962 459 ct
2998 403 3108 458 Deo
3152 420 3256 457 non
3297 402 3530 471 placent.
3577 421 3597 454 ι

343 504 425 560 eis
458 503 601 558 lente
633 501 912 558 ambulare
943 505 1271 560 consuescit.

421 611 441 646 ι
483 595 558 648 Ita
588 592 961 649 desiderantes
993 609 1090 650 vos
1130 595 1353 664 cupide,
1389 597 1708 652 volebamus
1739 599 1924 652 trade-

347 699 406 740 re
445 685 619 745 vobis.
664 699 771 737 non
835 683 1008 738 solum
1062 685 1412 756 Evangelium
1468 686 1588 753 Dei,
1621 690 1714 744 sed
1758 691 1920 743 etiam

344 773 557 828 animas
589 783 824 827 nostras.
870 793 888 824 ι
929 773 1084 828 Sicut
1132 777 1308 829 nutrix
1341 793 1448 831 non
1473 779 1643 831 solum
1672 781 1918 842 verbum,

345 868 438 920 sed
474 866 634 920 etiam
666 881 882 920 omnem
914 882 1135 922 sensum
1168 869 1518 937 perfectionis
1549 886 1662 924 suc
1711 872 1762 924 in
1801 887 1924 938 par-

349 960 534 1012 vulum
567 958 954 1013 transfundere
980 960 1152 1028 cupit,
1183 968 1243 1013 ut
1271 959 1319 1015 ci
1341 963 1450 1015 cito
1480 964 1646 1030 possit
1677 963 1877 1032 aequari
1906 979 1922 1012 :

350 1054 424 1108 ita
458 1069 558 1108 nos
586 1043 767 1107 oumia
817 1051 1049 1108 fecimus
1099 1068 1196 1122 per
1245 1068 1362 1123 qua:
1415 1053 1677 1123 proﬁcere
1710 1065 1926 1122 potera-

352 1147 442 1200 tis.

430 1249 449 1282 ι
485 1229 749 1296 Quoniam
801 1231 1116 1286 charissimi
1175 1230 1332 1287 nobis
1372 1231 1504 1286 facti
1543 1235 1698 1287 estis.
1736 1251 1754 1284 ι
1790 1231 1925 1287 Pro-

353 1335 475 1394 pter
505 1325 665 1377 iidem
691 1333 746 1377 et
779 1323 1251 1378 conversationem
1283 1334 1540 1389 vestram,
1563 1339 1724 1393 quam
1764 1339 1926 1392 supe-

356 1417 471 1470 tius
499 1415 945 1469 memoravimus.

432 1527 451 1560 ι
496 1507 763 1563 Mentorea
797 1509 941 1562 enim
977 1507 1104 1561 facti
1152 1509 1306 1573 estis,
1343 1507 1562 1571 fratres.
1603 1509 1804 1565 laboris
1834 1524 1929 1562 no-

356 1603 454 1657 stri
522 1609 576 1655 et
617 1600 972 1668 fatigationis,
1008 1610 1165 1655 nocte
1207 1611 1264 1654 et
1297 1602 1382 1654 die
1411 1611 1722 1670 operantes.
1764 1620 1782 1652 ι
1825 1599 1929 1654 La-

357 1695 542 1748 borem
591 1708 844 1746 manuum
900 1700 1080 1758 nocte,
1115 1701 1172 1746 et
1205 1690 1580 1762 fatigationem
1615 1693 1768 1747 verbi
1802 1693 1926 1758 die;

355 1798 610 1841 caeterum
639 1799 853 1854 semper
881 1784 1230 1854 operabatur,
1264 1785 1486 1853 quando
1525 1784 1780 1840 docebat.

433 1897 452 1929 ι
490 1877 565 1933 Ne
615 1891 944 1945 quemquam
1003 1885 1245 1930 vestrum
1300 1890 1678 1946 gravaremus.
1721 1895 1740 1927 ι
1778 1878 1932 1946 Apud

357 1971 491 2024 istos
526 1977 581 2022 et
609 1966 944 2030 Corinthios,
976 1975 1032 2021 et
1083 1965 1348 2036 Ephesios
1403 1966 1934 2038 laboravit,,quibus

356 2064 699 2116 occasionem
736 2059 957 2114 auferre
1008 2059 1285 2130 cupiebat,
1319 2058 1402 2114 vel
1455 2059 1710 2125 docendi,
1745 2062 1826 2115 vel
1869 2061 1934 2116 de

357 2167 419 2208 se
438 2151 643 2220 aliquid
673 2149 1006 2219 suspicandi.

432 2263 451 2296 ι
487 2240 913 2297 Praedicavimus
965 2241 1019 2296 in
1073 2242 1230 2298 vobis
1277 2240 1629 2313 Evangelium
1674 2241 1790 2298 Dei.
1823 2242 1934 2299 Vos

359 2345 524 2387 testes
558 2332 713 2397 estis,
745 2340 798 2386 et
829 2331 989 2387 Deus.
1026 2351 1045 2384 ι
1080 2333 1472 2386 SicutSarnuel
1513 2333 1766 2403 populum
1805 2349 1935 2388 con-

363 2436 591 2479 ιυειιιιιιτ
615 2424 664 2494 (Ι
691 2423 820 2494 Reg.
857 2439 980 2488 vtn,
1015 2422 1041 2477 l
1081 2423 1268 2494 seqq.).

438 2535 457 2567 ι
513 2517 684 2584 Quam
703 2527 890 2572 sancte
923 2526 978 2571 et
1026 2516 1192 2586 juste,
1230 2525 1284 2571 et
1330 2517 1447 2572 sine
1491 2516 1734 2586 querela,
1760 2517 1932 2582 vobis,

359 2609 451 2677 qui
482 2608 808 2672 credidistis,
845 2608 1120 2664 afl’oimus.
1164 2628 1182 2659 ι
1228 2606 1306 2663 Ne
1346 2609 1500 2666 vobis
1541 2610 1710 2664 ullam
1758 2607 1932 2664 offen-

360 2703 568 2758 sionem
595 2699 729 2755 dare
759 2701 1089 2754 videremur.

443 2811 462 2844 ι
496 2792 648 2846 Sicut
703 2792 877 2855 scitis.
908 2793 1140 2862 qualiter
1187 2809 1630 2864 unumquemque
1667 2806 1932 2854 vestrum,

365 2894 620 2954 tanquam
647 2894 800 2955 pater
836 2885 974 2938 tilios
1004 2901 1154 2952 suos,
1197 2888 1552 2955 deprecantes
1577 2902 1695 2942 vos.
1743 2905 1761 2938 ι
1801 2884 1937 2940 Par-

365 2975 521 3031 vulos
574 2976 758 3030 nutrix
811 2975 1000 3031 fovet:
1034 2977 1380 3046 proficientes
1439 2994 1566 3034 vero
1617 2979 1729 3048 jam
1783 2990 1936 3048 pater

366 3069 624 3124 instituit.

439 3183 460 3216 ι
493 3164 555 3218 Et
584 3164 928 3220 consolantes
962 3162 1230 3217 testiIiCati
1263 3178 1503 3217 sumus.)
1545 3167 1600 3218 ln
1631 3165 1935 3222 tribulatio.

365 3259 564 3321 nibus,
620 3257 1074 3327 promissionibus
1120 3256 1322 3310 Christi
1371 3272 1468 3312 vos
1517 3273 1707 3313 sumus
1737 3273 1934 3315 conso-

364 3351 478 3406 lati.

441 3459 461 3492 ι
505 3438 575 3496 Ut
603 3439 958 3494 ambularetis
988 3439 1149 3510 digne
1180 3438 1306 3494 Deo.
1349 3457 1369 3492 ι
1408 3439 1574 3511 Digne
1601 3438 1711 3496 Deo
1741 3443 1937 3497 ambu-

363 3533 462 3597 lat,
488 3536 582 3604 qui
615 3533 750 3586 nihil
792 3534 900 3588 Deo
933 3532 1043 3602 agit
1076 3532 1374 3603 indignum.

440 3644 462 3678 ι
506 3626 608 3691 Qui
644 3627 857 3680 vocavit
893 3641 987 3680 vos
1021 3625 1074 3678 in
1099 3639 1255 3678 suum
1290 3641 1513 3696 regnum
1543 3637 1595 3679 et
1630 3626 1877 3695 gloriam.
1909 3646 1928 3680 ι

364 3721 520 3786 Quod
572 3734 679 3772 non
732 3720 834 3772 nisi
877 3716 994 3785 ejus
1042 3717 1250 3773 similes
1294 3719 1680 3786 possidebunt,
1709 3721 1936 3788 iustitia:

368 3814 576 3867 scilicet
601 3822 655 3866 et
681 3811 990 3866 sanctitatis
1019 3811 1290 3882 exemplo.

359 3965 365 3970 ς
439 3921 461 3956 ι
505 3902 631 3958 Ideo
668 3911 723 3956 et
754 3915 853 3955 nos
895 3900 1099 3970 gratias
1127 3903 1338 3970 agimus
1373 3901 1478 3957 Deo
1509 3901 1626 3957 sine
1660 3903 1934 3960 intermis-

361 3999 519 4051 sione
549 4011 564 4048 :
594 3993 856 4062 quoniam
897 4009 1020 4048 cum
1057 3995 1414 4063 accepissetis
1449 4010 1478 4048 a
1523 3996 1680 4051 nobis
1710 3998 1932 4051 verbnrn

362 4090 582 4144 auditus
611 4089 729 4144 Dei.
775 4106 794 4140 ι
827 4086 981 4154 Quod
1017 4087 1249 4158 primum
1286 4087 1354 4142 de
1389 4085 1500 4143 Deo
1529 4090 1754 4143 audistis
1776 4129 1792 4154 ,
1823 4092 1936 4143 sive

363 4183 518 4249 quasi
554 4180 836 4237 audieritis
869 4181 1065 4239 Deum.

439 4293 458 4326 ι
503 4272 804 4342 Accepistis
848 4272 1110 4328 illudnon
1143 4282 1202 4328 ut
1239 4273 1461 4329 verbum
1505 4275 1804 4342 hominum,
1837 4275 1935 4330 sed

361 4373 506 4421 sicut
537 4376 621 4421 cst
651 4379 778 4420 vere
807 4366 1032 4417 verbum
1081 4365 1195 4419 Dei.
1231 4383 1250 4416 ι
1289 4363 1360 4419 Ut
1400 4367 1618 4420 verbum
1650 4366 1933 4420 hominum

2026 507 2163 573 Quid
2193 507 2390 559 mirum
2418 503 2462 557 si
2497 518 2596 556 nos
2627 500 2756 554 mali
2791 507 3210 566 persequuntur,
3241 496 3333 565 qui
3370 511 3468 550 nec
3497 495 3600 564 ipsi

2025 598 2256 652 Domino
2286 594 2664 666 pepercerunt.

2105 709 2123 741 ι
2166 689 2230 742 Et
2282 689 2537 744 omnibus
2589 685 2901 740 hominibus
2959 683 3320 736 adversantur
3359 698 3374 734 :
3415 681 3602 749 prohi-

2028 783 2218 836 bentes
2259 796 2356 834 nos
2402 778 2656 847 gentibus
2705 777 2873 846 loqui,
2912 786 2969 829 ut
3013 765 3148 830 salvi
3191 777 3357 828 fiant:
3391 785 3451 826 ut
3501 774 3600 825 im-

2029 870 2208 938 pleant
2258 847 2475 934 peccata
2527 885 2623 922 sua
2673 881 2908 934 semper.
2947 885 2965 916 ι
3005 864 3124 920 Non
3165 867 3338 919 solum
3380 863 3597 918 Judaeos

2030 960 2354 1030 impediunt,
2390 959 2484 1014 sed
2537 962 2701 1012 etiam
2755 959 3009 1027 gentibus
3054 957 3319 1019 invident,
3355 957 3420 1010 ad
3473 971 3603 1010 suo-

2031 1068 2146 1104 rum
2177 1052 2454 1105 cumulum
2487 1060 2858 1119 peceatorum.

2107 1160 2126 1191 ί
2167 1138 2423 1193 Pervenit
2470 1141 2612 1192 enim
2667 1141 2746 1194 ira
2802 1139 2893 1192 Dei
2944 1156 3106 1208 super
3159 1139 3279 1193 illos
3329 1155 3502 1208 usque
3549 1141 3604 1193 in

2033 1233 2216 1285 finem.
2253 1250 2270 1281 ι
2309 1230 2436 1284 Sive
2462 1230 2587 1300 quia
2615 1233 2850 1299 praedico
2876 1247 2984 1299 qua
3019 1246 3178 1300 paena
3207 1232 3404 1300 Captivi
3438 1243 3600 1286 sunt:

2031 1325 2142 1378 sive
2170 1324 2293 1391 quia
2324 1323 2536 1376 ablatus
2566 1332 2650 1376 est
2679 1338 2786 1376 non
2817 1325 3167 1378 credentibus
3201 1323 3528 1378 intellectus.

2109 1433 2128 1466 ‹
2166 1413 2278 1468 Nos
2325 1424 2528 1475 autem,
2567 1413 2784 1478 fratres,
2818 1415 3048 1470 t‘lesolati
3093 1433 3122 1468 a
3174 1417 3325 1470 vobis
3359 1417 3426 1471 ad
3469 1423 3608 1470 tem-

2031 1524 2132 1577 pus
2164 1509 2327 1571 horte,
2355 1516 2595 1576 aspectu,
2629 1522 2735 1558 non
2767 1510 2952 1562 corde.
2987 1527 3006 1561 ι
3045 1508 3199 1563 Sicut
3227 1509 3353 1564 alibi
3384 1508 3501 1563 ait:
3533 1505 3605 1561 Et

2032 1615 2218 1668 corpus
2249 1599 2452 1663 absens,
2479 1596 2570 1650 sed
2599 1597 2788 1662 spiritu
2817 1613 3044 1665 prwsens
3081 1597 3132 1668 (Ι
3159 1597 3283 1652 Cor.
3319 1615 3370 1664 v,
3401 1599 3481 1668 5).
3549 1602 3551 1604 ’

2109 1709 2128 1742 ι
2168 1690 2547 1744 Abundantius
2595 1688 2974 1743 fcstinavimns
3024 1690 3216 1744 [aciem
3253 1702 3492 1746 vestram
3526 1693 3609 1746 vi-

1961 1770 2003 1828 Β
2033 1782 2162 1836 dere
2201 1795 2324 1834 cum
2369 1767 2536 1835 multo
2579 1779 2877 1835 desiderio.
2910 1777 3176 1844 Quoniam
3214 1780 3482 1834 voluimus
3520 1797 3609 1835 ve-

2034 1872 2152 1926 nire
2193 1873 2260 1928 ad
2295 1887 2392 1928 vos
2425 1889 2439 1927 :
2477 1887 2579 1944 ego
2616 1871 2834 1942 quidem
2873 1870 3072 1926 Paulus
3115 1880 3170 1926 et
3215 1871 3386 1926 semel
3416 1883 3470 1927 et
3499 1879 3608 1926 tte-

2034 1978 2178 2030 rum,
2210 1966 2302 2019 sed
2335 1963 2615 2033 impedivit
2648 1975 2748 2018 nos
2785 1959 3038 2016 Satanas.
3079 1979 3097 2013 ι
3139 1959 3611 2018 Tribulationibus

2035 2057 2505 2127 persequentium.

2108 2166 2128 2199 ‹
2164 2146 2294 2213 Qua:
2327 2156 2410 2203 est
2456 2147 2601 2202 enim
2637 2156 2824 2203 nostra
2879 2162 3028 2218 spes.
3066 2156 3161 2202 aut
3201 2147 3478 2218 gaudium,
3516 2157 3610 2201 aut

2034 2256 2233 2294 corona
2261 2239 2480 2311 gloriae?
2511 2240 2700 2296 Nonne
2729 2256 2848 2307 vos,
2881 2251 3007 2296 ante
3039 2241 3325 2296 Dominum
3359 2253 3606 2295 nostrum

2033 2331 2215 2386 Jesum
2246 2331 2524 2386 Chrisrum
2565 2333 2616 2385 in
2657 2333 2893 2388 adventu
2926 2332 3088 2403 ejus?
3124 2352 3142 2386 ι
3179 2331 3296 2388 Non
3333 2333 3611 2388 immerito

2036 2440 2131 2478 vos
2162 2425 2558 2486 desideramus.
2593 2439 2690 2492 per
2721 2441 2862 2496 quos
2887 2425 3086 2482 laetitia:
3115 2426 3372 2498 gaudium
3416 2443 3609 2496 spera-

2037 2532 2178 2580 mus,
2205 2526 2262 2571 et
2290 2516 2472 2582 gloria:
2501 2532 2782 2573 coronam.

2112 2627 2130 2658 ι
2173 2606 2278 2663 Vos
2329 2610 2471 2662 enim
2523 2595 2657 2663 εδιῆ
2711 2610 2884 2680 gloria
2936 2620 3120 2666 nostra
3167 2621 3224 2668 et
3270 2613 3543 2682 gaudium.
3583 2630 3603 2663 ι

2035 2701 2169 2754 Βοίιί
2219 2701 2462 2770 magistri
2525 2716 2742 2756 omnem
2791 2717 2965 2771 spent,
2998 2711 3052 2758 et
3089 2703 3372 2774 gaudium,
3400 2717 3454 2759 et
3491 2705 3610 2774 glo-

2040 2795 2174 2848 riam
2205 2795 2384 2848 solent
2417 2795 2690 2851 collocare
2723 2795 2776 2850 in
2807 2798 3054 2867 profectu
3087 2797 3502 2868 discipulorum.

2636 2955 2864 3013 CAPUT
2905 2955 2997 3010 lll.

2117 3094 2135 3126 ι
2179 3073 2598 3144 Ρτοριετξίιιιοά
2651 3087 2756 3126 non
2798 3072 3129 3126 sustinentes
3175 3069 3428 3140 amplius.
3473 3088 3490 3120 ι
3529 3071 3611 3124 Ad

2039 3185 2134 3226 vos
2163 3170 2432 3224 neminem
2469 3177 2716 3222 nostrum
2747 3165 2954 3220 venire.

2114 3280 2133 3314 ι
2175 3260 2383 3315 Placuit
2422 3259 2579 3314 nobis
2619 3272 2901 3336 remanere
2935 3257 3164 3312 Athenis
3193 3259 3317 3314 soli.
3354 3279 3372 3311 ι
3409 3257 3611 3316 Mdui-

2041 3369 2164 3410 mus
2197 3355 2298 3408 soli
2330 3366 2636 3412 remanere,
2668 3365 2829 3420 quam
2867 3350 3082 3406 nescire
3105 3351 3238 3421 quid
3274 3352 3535 3418 ageretis.

2115 3467 2133 3500 ι
2171 3447 2234 3502 Ει
2285 3445 2531 3499 misimus
2581 3441 2925 3499 Timotheum
2975 3442 3201 3499 fratrem
3273 3454 3544 3499 nostrum.
3587 3464 3604 3496 ι

2037 3542 2314 3610 Quaeritur
2335 3535 2601 3606 quomodo
2625 3534 2947 3593 Timotheus
2977 3536 3175 3592 missus
3199 3546 3315 3592 est:
3341 3539 3435 3592 sed
3461 3538 3613 3607 prius

2038 3636 2091 3690 id
2119 3635 2320 3690 dictum
2345 3643 2446 3690 est.

2115 3747 2133 3781 ι
2170 3727 2234 3782 Et
2261 3728 2574 3784 ministrum
2604 3727 2697 3781 Dei
2733 3725 2783 3781 in
2814 3725 3106 3794 Evangelio
3128 3724 3357 3779 Christi.
3392 3742 3411 3775 ι
3447 3723 3613 3791 Adju-

2041 3830 2186 3875 tores
2215 3835 2312 3889 pro
2339 3819 2618 3888 discipulis
2653 3818 2816 3871 etiam
2848 3817 3007 3887 vulgo
3032 3815 3313 3870 dicuntur.

2114 3923 2131 3956 ι
2173 3906 2253 3959 Ad
2283 3905 2683 3959 confirmandos
2735 3921 2828 3959 vos
2859 3915 2914 3958 et
2947 3905 3322 3960 exhortantlos
3364 3921 3462 3975 pro
3505 3907 3614 3960 ﬁde

2039 4007 2240 4052 vestra.
2281 4015 2301 4049 ι
2358 3997 2460 4051 Pro
2510 3998 2611 4051 hac
2646 4012 2808 4052 causa
2853 3996 3120 4051 duntaxat
3155 4014 3171 4054 ;
3205 3998 3328 4066 quia
3378 3997 3616 4067 perfecte

2039 4089 2366 4145 credidistis.

2117 4203 2134 4235 ι
2174 4183 2248 4239 Ut
2295 4199 2454 4239 nemo
2501 4193 2786 4238 moveatur
2830 4183 2882 4238 in
2935 4183 3378 4242 tribulationibus
3411 4186 3547 4242 istis.
3589 4206 3610 4240 ι

2040 4279 2156 4334 Non
2185 4279 2329 4344 dico,
2357 4293 2424 4332 ne
2447 4293 2656 4343 omnes,
2681 4276 2778 4331 sed
2809 4292 2876 4331 ne
2900 4275 2984 4331 vel
3012 4275 3211 4345 aliquis
3236 4291 3540 4336 moveatur.

2116 4389 2136 4422 ι
2174 4367 2274 4436 Ipsi
2313 4367 2459 4422 enim
2495 4368 2668 4430 scitis,
2700 4367 2845 4435 quod
2884 4367 2937 4421 in
2981 4368 3082 4421 hoc
3128 4368 3295 4435 positi
3340 4383 3550 4426 sumua.
3590 4392 3612 4426 ι

361 4464 579 4532 accipit,
614 4461 703 4530 qui
729 4461 1036 4514 contemnit
1069 4472 1085 4514 :
1115 4473 1211 4512 vos
1255 4471 1440 4513 autem
1480 4459 1555 4513 ita
1598 4459 1931 4522 credidistis,
1969 4453 2010 4508 D
2041 4462 2155 4518 Non
2186 4478 2316 4531 ergo
2349 4461 2531 4514 mirari
2569 4458 2806 4522 debetis,
2839 4458 3073 4513 scientes
3111 4476 3206 4514 nos
3237 4461 3396 4515 aliter
3431 4473 3604 4519 ιτεηε.

362 4567 419 4613 ιιι
443 4558 510 4610 ab
534 4557 649 4624 ipso
678 4554 784 4609 Deo
811 4551 1005 4606 audire
1034 4554 1318 4620 putaretis.

438 4668 458 4700 ι
496 4648 595 4714 Qui
621 4655 876 4715 Operatur
901 4645 954 4698 in
984 4648 1156 4709 vobis,
1185 4648 1276 4705 qui
1311 4643 1643 4698 credidistis.
1681 4663 1698 4695 ι
1732 4641 1934 4706 Verbo,

361 4743 446 4796 vel
481 4742 648 4810 signis
679 4760 693 4795 :
727 4741 842 4794 sive
887 4742 1115 4794 virtutes
1147 4747 1389 4794 exercet.
1435 4737 1732 4792 Crcdentes
1765 4737 1933 4800 enim,

359 4838 435 4889 ait
463 4835 697 4898 Marcus,
731 4834 846 4887 haec
873 4833 1026 4900 signa
1058 4839 1355 4900 sequentur
1383 4829 1578 4888 (Marc.
1609 4845 1718 4893 xvi,
1751 4829 1859 4894 17).

439 4947 457 4979 ι
495 4927 603 4980 Vos
633 4927 776 4978 enim
815 4927 1117 4978 imitatores
1152 4924 1276 4976 facti
1314 4922 1466 4986 eatis,
1496 4922 1714 4984 fratres,
1751 4920 1932 4975 Ecde-

359 5023 566 5074 siarum
603 5019 720 5082 Dei,
751 5032 871 5086 quae
905 5027 1032 5070 sunt
1068 5016 1118 5068 in
1153 5015 1334 5068 iudica
1374 5016 1427 5067 in
1464 5013 1685 5068 Christo
1719 5012 1870 5068 Jesu.
1910 5030 1928 5062 ι

359 5113 568 5180 Quibus
601 5111 802 5165 dicitur
834 5127 847 5164 :
882 5106 1016 5161 Nam
1051 5118 1105 5160 et
1139 5107 1335 5160 vinctis
1383 5105 1647 5173 compassi
1693 5105 1845 5168 eStis,
1885 5113 1939 5157 et

364 5204 606 5273 rapinam
661 5204 927 5256 bonorum
979 5207 1280 5253 vestrorum
1330 5210 1453 5250 cum
1507 5197 1708 5265 gaudio
1753 5208 1940 5249 Susce-

363 5298 541 5367 pistis.

441 5407 461 5440 ι
499 5389 635 5455 Quia
672 5389 862 5443 eadem
903 5383 1051 5456 passi
1096 5382 1228 5436 estis
1260 5392 1315 5435 et
1352 5396 1450 5436 vos
1483 5396 1512 5434 a
1545 5380 1943 5435 contribulibus

362 5483 588 5540 vestris.
618 5479 757 5535 sicut
787 5489 842 5532 et
874 5477 978 5548 ipsi
1012 5493 1041 5531 a
1071 5476 1294 5532 Judaeis.
1329 5493 1348 5526 ι
1390 5473 1465 5528 De
1491 5473 1644 5528 vobis
1686 5473 1809 5543 plus
1842 5473 1946 5526 mi-

365 5593 481 5640 ror,
527 5575 617 5646 qui
683 5590 780 5628 nec
837 5573 1007 5642 legis,
1065 5587 1166 5625 nec
1224 5569 1611 5639 prophetarum
1679 5565 1946 5621 habuistis

361 5671 638 5738 exempla.

441 5778 459 5810 ι
495 5758 599 5824 Qui
629 5774 682 5812 et
718 5755 1003 5809 Dominum
1037 5751 1352 5807 occiderunt
1386 5749 1594 5818 Jesum,
1630 5760 1679 5807 et
1713 5751 1946 5822 preplte-

691 5857 958 5914 l’ATROL.
989 5851 1183 5912 XXX.

2042 4556 2121 4607 ire
2154 4567 2258 4606 non
2289 4565 2470 4620 posse,
2502 4549 2715 4604 dicente
2745 4547 2972 4603 Domino
3000 4564 3015 4603 :
3049 4549 3182 4603 Ecce
3209 4566 3302 4620 ego
3341 4555 3490 4608 mitto
3523 4571 3611 4608 vos

2038 4645 2174 4697 sicut
2205 4659 2320 4697 oves
2345 4645 2401 4696 in
2429 4643 2598 4696 medio
2623 4641 2867 4709 luporum
2890 4640 3048 4712 (Luc.
3077 4659 3134 4710 ι,
3164 4645 3244 4714 3).
3277 4646 3341 4700 Et
3374 4649 3569 4702 iterum
3598 4667 3611 4702 :

2041 4735 2176 4788 Ecce
2209 4736 2320 4788 dixi
2363 4733 2500 4787 vobis
2541 4744 2596 4785 ut
2639 4734 2690 4785 in
2735 4748 2816 4785 me
2861 4749 3044 4798 pacem
3091 4735 3328 4791 habeatis
3367 4754 3384 4792 :
3420 4741 3472 4793 in
3522 4744 3618 4800 hoc

2042 4835 2216 4876 autem
2246 4822 2438 4877 sa’culo
2467 4837 2773 4890 pressuram
2810 4819 2995 4890 (Joan.
3024 4839 3134 4888 va,
3163 4825 3276 4892 33).

2119 4935 2135 4966 ι
2177 4913 2309 4970 Nam
2341 4926 2396 4968 et
2421 4931 2544 4970 cum
2583 4916 2724 4982 apud
2761 4928 2858 4968 vos
2886 4930 3153 4982 essemus,
3186 4917 3618 4985 prtediccbamus

2043 5010 2200 5065 vobis
2237 5023 2492 5077 passuros
2527 5023 2626 5064 nos
2674 5007 3059 5064 tribulationes
3090 5027 3104 5063 :
3135 5013 3275 5064 sicut
3309 5019 3365 5064 et
3407 5009 3607 5066 factum

2043 5113 2148 5164 cst,
2184 5110 2238 5156 ct
2272 5102 2449 5157 scitis.
2476 5118 2494 5151 ι
2535 5098 2614 5156 Ne
2651 5116 2744 5156 vos
2779 5103 2894 5170 ipsa
2931 5103 3140 5158 novitas
3171 5103 3496 5165 deterreret,
3523 5106 3619 5158 sed

2048 5194 2219 5263 magis
2261 5194 2546 5262 prophetia
2599 5205 2784 5248 nostra
2821 5193 3173 5250 confirmaret
3205 5209 3222 5250 :
3257 5195 3402 5251 sicut
3432 5205 3487 5250 et
3517 5196 3622 5252 Do-
3677 5184 3682 5191 ’

2049 5287 2230 5340 minus
2257 5301 2540 5354 passurum
2572 5301 2631 5340 se
2663 5295 2788 5340 ante
2819 5285 3093 5355 praedixit.
3354 5356 3364 5364 ,

2127 5393 2146 5427 ι
2192 5375 2486 5445 Pr0pterea
2521 5387 2574 5429 et
2604 5390 2704 5446 ego
2740 5377 2970 5446 amplius
3011 5391 3118 5434 non
3162 5377 3465 5442 sustinens,
3501 5378 3625 5433 misi

2049 5470 2115 5524 ad
2145 5469 2586 5540 cognoscendum
2624 5470 2783 5524 (idem
2813 5479 3077 5534 vestram,
3112 5486 3179 5526 ne
3210 5472 3351 5526 forte
3382 5480 3627 5527 tentave-

2051 5565 2123 5615 rit
2172 5577 2291 5618 vos.
2331 5579 2350 5612 ι
2406 5559 2600 5616 Dicens
2632 5578 2646 5614 :
2681 5559 2821 5616 Ecce
2865 5561 3154 5630 inquibus
3203 5564 3408 5630 putatis
3453 5563 3624 5618 Deum

2050 5672 2196 5721 esse,
2229 5656 2408 5725 qualia
2463 5656 2766 5726 patiantur,
2799 5667 2853 5712 et
2902 5655 3062 5712 fidem
3111 5666 3348 5712 vestram
3398 5656 3628 5714 forsitan

2054 5760 2440 5805 comniovct'el.

3222 5821 3390 5904 29'
