3956 6196
316 260 497 323 ,907

1349 260 1406 320 S.
1455 256 1896 319 HIERONYMI
1941 258 2253 321 OPERUM
2299 257 2702 318 MANTISSA.

3528 248 3640 312 908

465 390 486 427 ¹
521 371 571 426 ιδ
601 372 692 442 (1⁸⁸⁵
731 381 920 427 mnia“
957 391 976 427 ³
1021 371 1170 427 Sim“
1209 371 1309 428 ³ου
1357 388 1385 426 ³
1440 372 1668 427 Domino
1703 373 1962 441 Probatur
1993 384 2033 439 Α
2066 379 2198 430 ﬁdes
2236 375 2420 443 augeri
2453 374 2614 428 debet
2653 381 2708 428 et
2755 384 2970 434 mores;
3014 368 3154 423 sicut
3184 380 3308 422 eum
3333 374 3491 422 aetate
3518 381 3639 421 caro

392 465 511 539 (Iob
535 483 597 531 ιι,
627 464 705 536 6).
1883 525 1886 528 ,

465 577 486 612 ι
510 559 674 613 ’Νιηιο
698 567 878 612 autem
911 557 1160 610 veniente
1189 554 1479 610 Timotheo
1509 558 1573 612 ad
1604 573 1708 613 nos
1730 574 1760 611 a
1785 555 1966 618 vobis,

390 661 446 705 et
473 651 831 705 annuntiante
863 632 1207 702 nobis'ﬁdem
1237 657 1292 699 et
1322 648 1642 702 charitatem
1674 657 1910 702 vestram
1940 663 1956 702 :

394 751 449 796 et
488 741 612 809 quia
657 741 968 794 memoriam
1021 738 1192 792 nostri
1241 738 1452 792 habetis
1490 740 1712 800 bonam,
1748 752 1966 807 semper

398 832 773 886 desiderantes
823 845 921 884 nos
970 828 1176 890 videre,
1216 827 1358 881 sicut
1411 839 1464 881 et
1513 843 1610 882 nos
1653 835 1966 897 quoqne‘et

399 938 512 976 vos.
537 941 554 974 ι
581 920 716 986 Quia
744 920 965 973 ﬁrmiter
982 918 1200 972 Christo
1226 919 1536 983 credentes,
1557 920 1747 972 tenetis
1766 919 1923 974 ﬁdem
1950 934 1964 969 :

393 1025 446 1068 et
475 1031 572 1067 nos
598 1014 757 1066 solita
788 1014 1076 1065 dilectione
1103 1011 1351 1078 diligitis.

473 1125 491 1156 ι
544 1105 668 1156 ideo
723 1103 984 1155 consolati
1043 1117 1266 1164 smnus,
1319 1099 1552 1160 fratres,
1607 1098 1658 1151 in
1705 1100 1861 1152 vobis
1907 1101 1960 1153 irt

396 1196 543 1251 omni
593 1194 918 1248 necessitate
959 1202 1014 1244 et
1059 1189 1406 1243 tribulatione
1446 1200 1628 1242 nostra
1669 1203 1764 1257 per
1811 1189 1968 1243 ﬁdem

399 1298 655 1341 vestram.
691 1303 710 1336 ι
759 1283 984 1338 Omnem
1024 1281 1401 1334 necessitatem
1453 1289 1508 1333 et
1555 1280 1969 1334 tribulationem

399 1394 505 1432 non
569 1377 876 1436 sentimus,
941 1387 1052 1443 pra:
1115 1371 1482 1440 magnitudine
1543 1370 1724 1440 gaudii
1796 1381 1971 1425 status

402 1470 589 1525 vestri.

478 1578 499 1612 ε
538 1559 806 1624 Quoniam
855 1570 1001 1610 nunc
1039 1555 1294 1616 vivimus,
1344 1553 1387 1607 si
1440 1566 1535 1606 vos
1580 1552 1736 1607 statis
1775 1552 1826 1606 in
1871 1552 1977 1606 Do-

403 1655 571 1708 mino.
610 1672 626 1703 ι
667 1653 840 1706 Etiam
889 1652 932 1704 si
988 1650 1321 1713 occidantur,
1373 1647 1606 1702 vivimus
1643 1664 1656 1700 :
1694 1648 1820 1716 quia
1865 1648 1972 1702 vita

405 1759 588 1802 nostra
621 1745 673 1798 in
707 1751 889 1797 vestra
923 1741 1175 1794 firmitate
1209 1742 1487 1794 consistit.-

483 1856 501 1888 t
541 1837 714 1902 Quam
745 1834 889 1888 enim
917 1831 1210 1902 gratiarum
1244 1832 1512 1884 actionem
1545 1845 1834 1900 possumus
1868 1829 1976 1884 Duo

406 1930 708 1984 retribuere
759 1941 856 1995 pro
897 1925 1068 1984 vobis,
1108 1923 1157 1974 in
1192 1923 1336 1992 muni
1369 1923 1587 1990 gaudio,
1627 1938 1734 1990 quo
1771 1921 1974 1991 gaude-

407 2034 528 2072 mus
557 2026 773 2087 pr0pter
814 2030 907 2070 vos
951 2023 1078 2066 ante
1115 2013 1399 2065 Dominum
1447 2013 1613 2066 Deum
1649 2025 1917 2067 nostruut.
1954 2032 1969 2062 i

406 2109 695 2180 Triplicem
744 2107 943 2160 ltetitia:
977 2121 1198 2158 causam
1236 2104 1394 2156 nobis
1424 2107 1980 2179 veStra_conversatio

407 2211 625 2269 praestat
653 2218 666 2253 :
697 2199 821 2268 quia
853 2207 906 2251 et
933 2211 1029 2249 vos
1066 2194 1356 2264 proficilis,
1382 2203 1435 2247 et
1469 2193 1729 2249 Dominus
1760 2211 1854 2264 per
1889 2209 1981 2247 vos

409 2293 759 2355 henedieitnr,
793 2301 844 2343 et
879 2289 1003 2341 aliis
1035 2289 1292 2356 prmhetis
1325 2289 1664 2355 exemplum.

482 2405 500 2436 ι
541 2385 713 2439 Nocte
762 2397 825 2436 ac
851 2381 951 2451 |die
998 2381 1362 2434 abundantius
1410 2390 1655 2440 orantes,
1697 2391 1756 2432 ut
1795 2379 1980 2434 videa-

410 2495 528 2532 mus
585 2481 773 2532 lacietn
829 2484 1090 2529 vestram.
1139 2491 1158 2524 ι
1216 2472 1467 2524 Ostendit
1523 2480 1784 2540 quantum
1858 2474 1981 2526 aliis

407 2569 748 2624 desiderandi
781 2567 888 2620 sint
915 2565 1197 2624 fratribus,
1225 2580 1362 2630 quos
1391 2572 1596 2615 tantum
1630 2563 1743 2631 ipse
1769 2563 1982 2617 deside.

409 2670 516 2716 rat.
563 2661 697 2726 Quis
744 2659 890 2713 enim
943 2673 1067 2711 cum
1118 2656 1317 2708 famam
1368 2658 1598 2725 peperit,
1642 2655 1824 2710 videre
1876 2670 1982 2708 non

411 2752 632 2806 cupiat?

411 2767 632 2822 cupiat!

403 2873 414 2880 κ
487 2862 505 2894 ι
547 2843 614 2896 Et
651 2840 1017 2909 compleamos
1051 2852 1114 2893 ea
1161 2852 1282 2907 qua:
1316 2837 1513 2892 desunt
1548 2836 1667 2891 ﬁdei
1705 2845 1922 2892 vestras.
1959 2856 1977 2890 ι

411 2933 466 2988 Si
492 2931 618 3002 quid
649 2931 781 2986 ﬁdes
810 2940 986 2985 vestra
1016 2930 1197 2982 minus
1228 2928 1392 2982 habet
1416 2926 1699 2982 doctrinm.

490 3039 508 3072 t
544 3019 664 3085 ipse
696 3031 874 3072 autem
922 3017 1064 3072 Deus
1103 3028 1156 3070 et
1190 3015 1354 3070 Pater
1395 3025 1603 3082 noster,
1631 3028 1686 3071 et
1727 3015 1981 3070 Dominus
2009 3054 2048 3108 C

407 3113 565 3168 Jesus
593 3110 846 3165 Christus
881 3111 1078 3178 dirigat
1112 3109 1248 3160 viam
1283 3117 1523 3160 nostram
1555 3106 1620 3159 ad
1656 3123 1771 3160 vos.
1815 3125 1833 3156 ι
1879 3105 1924 3158 R
1957 3135 1982 3147 -
2010 3091 2054 3122 υ·

411 3199 572 3259 tnotis
609 3204 807 3258 diaboli
861 3202 1170 3266 scandulis,
1217 3200 1414 3268 quibus
1463 3211 1648 3254 noster
1693 3199 1983 3266 impeditur

408 3299 474 3350 ad
510 3313 604 3351 vos
635 3298 921 3350 adventus.

488 3403 509 3437 ι
547 3383 659 3439 Vos
702 3395 880 3437 autem
926 3381 1186 3436 Dominus
1231 3379 1574 3450 multiplicet,
1607 3391 1661 3436 et
1700 3381 1981 3436 abundare

411 3477 574 3531 iaciat
619 3475 940 3528 charitatem
991 3481 1250 3526 vestram.
1291 3488 1312 3522 ι
1367 3470 1506 3537 Quia
1550 3471 1666 3541 jam
1716 3475 1878 3544 plena
1925 3485 1981 3529 et

411 3583 574 3636 opere
608 3567 956 3634 comprobata
989 3573 1094 3620 est.

475 3679 498 3710 ο
534 3659 591 3712 In
626 3661 856 3712 invicem
891 3666 946 3712 et
977 3657 1031 3711 itt
1063 3671 1273 3711 omnes.
1311 3675 1329 3708 ι
1377 3655 1444 3710 Ut
1479 3672 1582 3711 non
1619 3657 1794 3712 solum
1824 3659 1983 3714 Chri-

414 3753 642 3814 stianos,
675 3750 768 3804 Sed
798 3749 962 3802 etiam
989 3749 1170 3802 omnis
1198 3759 1362 3802 secta:
1393 3749 1660 3814 homines,
1691 3765 1800 3804 non
1834 3766 1985 3805 erro-

421 3845 518 3912 ris,
554 3843 651 3896 sed
672 3853 879 3895 naturas
901 3839 1072 3910 gratia
1122 3839 1361 3910 diligatis
1396 3856 1411 3894 :
1450 3851 1504 3892 et
1549 3841 1630 3895 eis
1669 3840 1722 3894 itt
1757 3856 1865 3911 quo
1900 3843 1984 3896 in-

403 3933 721 4004 ilignerittt,
775 3931 1204 3986 misericordiam
1255 3946 1418 4000 quam
1473 3931 1584 3986 illis
1629 3931 1683 3985 itt
1729 3935 1982 4003 praesenti

419 4026 559 4079 Deus
589 4023 830 4088 exhibet,
863 4037 967 4075 non
1003 4021 1240 4088 negetis.

487 4135 506 4168 ι
538 4115 1002 4180 Quemadmodum
1028 4127 1083 4167 et
1111 4128 1206 4167 nos
1239 4114 1294 4166 in
1325 4115 1478 4169 vobis
1506 4117 1571 4170 ad
1605 4115 1981 4171 conﬁrmanda

413 4209 578 4262 corda
610 4218 811 4262 vestra.
844 4225 864 4258 ι
905 4205 1061 4261 Fecit
1089 4207 1391 4270 abundare,
1427 4218 1485 4262 ut
1523 4218 1582 4264 et
1621 4224 1717 4264 vos
1756 4209 1983 4264 aliorum

413 4301 578 4355 corda
609 4299 859 4354 ﬁrmetis.

2071 471 2176 532 nis,
2203 477 2255 521 et
2282 467 2436 520 cibus
2467 473 2676 520 crescet
2705 473 2761 518 et
2787 462 3050 516 studium.

2145 579 2164 612 ι
2201 561 2364 615 Scitis
2405 559 2550 612 enim
2592 570 2711 636 qpas
2757 565 3024 624 praecepta
3067 549 3310 605 dederim
3352 549 3506 604 vobis
3547 561 3646 616 per

2069 650 2355 704 Dominum
2386 649 2594 703 Jesttm.
2631 646 2760 700 Haec
2794 655 2880 700 est
2909 644 3056 696 enim
3087 642 3336 696 voluntas
3365 640 3484 704 Dei,
3514 657 3648 694 san—

2066 743 2324 796 ctiﬁcatio
2354 748 2561 802 vestra,
2591 748 2645 792 ut
2674 737 2997 790 abstineatis
3026 750 3121 788 vos
3145 749 3174 787 a
3205 732 3585 786 fornicatione.
3623 749 3644 782 υ

2069 833 2440 886 Sanctiﬁcatio
2480 831 2548 884 ab
2587 829 2732 883 omni
2783 825 3185 883 incontinentia
3225 834 3448 880 revocat
3488 823 3654 878 Cliti-

2070 925 2350 986 stianum,
2399 921 2488 977 cui
2547 918 2907 974 incontinenti
2961 932 3072 972 non
3127 918 3343 984 expedit
3399 923 3650 970 sanctum

2071 1012 2272 1070 Christi
2304 1027 2502 1080 corpus
2537 1012 2804 1080 attingere
2833 1027 2847 1063 :
2885 1009 3118 1062 maxime
3159 1022 3285 1060 cum
3316 1005 3528 1075 Moyses
3553 1002 3654 1056 Ju-

2075 1107 2218 1159 daeos
2250 1103 2597 1158 sanctiﬁcare
2622 1102 2830 1164 volens,
2864 1101 3119 1168 populum
3151 1109 3322 1153 totum
3353 1099 3422 1150 ab
3450 1096 3657 1150 femina

2074 1214 2131 1252 se
2157 1199 2372 1252 contine
2386 1210 2444 1252 re
2472 1193 2752 1266 praecepit,
2775 1201 2832 1246 ut
2855 1192 2947 1246 Dei
2973 1192 3138 1261 patiri
3163 1189 3447 1259 prasentia
3478 1205 3660 1242 merc-

2075 1301 2281 1343 rentur.

2155 1397 2174 1430 ι
2219 1379 2282 1432 Ut
2315 1379 2452 1433 sciat
2490 1378 2864 1449 unusquisque
2898 1386 3143 1429 vestrum
3190 1388 3285 1427 vas
3330 1387 3488 1427 suum
3529 1386 3662 1440 pos-

2075 1471 2252 1526 sidere
2285 1471 2339 1524 in
2376 1471 2812 1526 sanctificatione
2847 1479 2902 1524 et
2932 1470 3158 1522 honore.
3194 1485 3213 1517 »
3252 1467 3417 1520 Somn
3462 1479 3662 1532 corpus

2079 1563 2459 1632 unusquisque
2483 1572 2694 1616 castum
2716 1561 2984 1616 servando
3007 1560 3312 1613 sanctilicet
3331 1565 3384 1610 et
3407 1558 3660 1608 honoret.

2077 1655 2246 1708 Simul
2277 1651 2754 1714 considerandum,
2789 1652 2918 1719 quia
2951 1652 3031 1704 eis
3065 1660 3321 1714 tanquam
3363 1645 3655 1716 perfectis,

2081 1762 2187 1801 non
2217 1749 2363 1800 sicut
2390 1745 2692 1799 Corinthiis
2719 1744 2908 1798 scribit
2941 1743 3197 1798 infirmis.

2157 1859 2174 1890 ι
2216 1837 2328 1892 Non
2358 1839 2412 1892 in
2442 1838 2704 1907 passione
2737 1834 3018 1898 desiderii,
3049 1834 3192 1888 sit-ut
3220 1845 3272 1886 et
3301 1840 3513 1902 gentes,
3544 1844 3667 1894 quae

2082 1934 2334 1999 ignorant
2363 1931 2555 1983 Deum.
2591 1946 2609 1978 ›
2646 1927 2720 1980 Ne
2748 1926 2926 1979 nimia:
2958 1937 3012 1979 et
3042 1917 3415 1977 immoderata?
3451 1920 3664 1974 libidini

2082 2023 2403 2084 servientes,
2433 2019 2643 2074 similes
2677 2021 2934 2086 gentibus
2984 2015 3147 2078 ﬁatis,
3175 2029 3294 2084 quae
3321 2015 3664 2067 Deumamav

2085 2123 2260 2164 torem
2295 2109 2568 2163 castitatis
2598 2109 2868 2177 ignorant.

2159 2221 2179 2254 ς
2215 2202 2280 2256 Et
2309 2216 2376 2255 ne
2409 2201 2536 2271 quis
2565 2198 3030 2268 supergrediatur,
3067 2211 3238 2264 neque
3268 2194 3662 2248 circumveniat

2084 2297 2137 2349 in
2179 2295 2392 2362 negotio
2436 2293 2662 2346 fratrem
2707 2306 2886 2345 suum.
2921 2309 2940 2341 ›
2993 2290 3071 2342 Ne
3104 2290 3226 2356 quis
3259 2297 3378 2356 post
3412 2289 3660 2341 devotam

2083 2384 2479 2440 continentiam
2532 2393 2587 2436 et
2637 2397 2999 2441 consensum,
3057 2379 3215 2433 fratri
3270 2394 3370 2434 suo
3423 2379 3654 2447 aliquam

2083 2479 2597 2534 circumventionetn
2635 2477 2683 2525 vi
2735 2473 3094 2528 circumferre
3145 2474 3351 2524 nitatur
3390 2486 3408 2526 :
3447 2472 3560 2524 sive
3607 2470 3659 2522 iu

2083 2571 2323 2640 quolibet
2359 2570 2599 2640 negotio,
2631 2585 2697 2623 ne
2725 2569 2847 2638 quis
2878 2567 3108 2618 alterttm
3143 2566 3378 2619 fraudet.

2160 2681 2179 2714 ι
2223 2661 2490 2726 Quoniam
2523 2661 2718 2713 vindex
2752 2668 2836 2711 est
2868 2655 3133 2710 Dominus
3158 2654 3227 2708 de
3257 2657 3339 2708 his
3368 2654 3658 2707 omnibus:

2087 2756 2231 2809 sicut
2265 2755 2612 2824 praediximus
2645 2753 2818 2810 vobis,
2850 2760 2907 2802 et
2938 2750 3204 2803 testilirati
3238 2764 3451 2802 smnus.
3488 2766 3510 2798 ι
3546 2746 3662 2800 Non

2086 2849 2260 2900 solum
2304 2845 2371 2900 de
2421 2844 2783 2899 fornicatione
2824 2850 2880 2894 et
2918 2840 3130 2909 publica
3167 2840 3527 2909 tttrpitudme,
3562 2842 3653 2894 sed

2086 2942 2248 2990 etiam
2300 2937 2366 2989 de
2392 2934 2831 3000 transgressione
2888 2931 3175 3000 propositi.
3216 2931 3474 2998 Quisquis
3519 2947 3662 2984 enim

2086 3027 2470 3081 cottiinentiant
2509 3027 2615 3081 Deo
2644 3025 2873 3090 voverit,
2906 3023 3041 3077 fecit
3075 3025 3175 3076 sihi
3213 3024 3489 3086 illicitum,
3523 3024 3662 3091 quod

2089 3122 2309 3171 licebat.

2162 3229 2181 3262 ι
2224 3208 2339 3263 Non
2377 3207 2521 3261 enim
2568 3205 2782 3260 vocavit
2822 3221 2924 3260 nos
2961 3204 3106 3259 Deus
3140 3207 3192 3258 itt
3230 3206 3594 3260 immunditia.
3634 3221 3656 3255 ι

2085 3299 2215 3365 Quae
2261 3313 2458 3367 corpus
2507 3296 2713 3351 Citriin
2769 3296 3036 3352 audenter
3086 3313 3190 3350 non
3248 3298 3513 3366 permittit
3565 3315 3656 3350 ace

2085 3391 2214 3461 Cipi.

2160 3502 2180 3534 ς
2215 3482 2318 3537 Sed
2355 3481 2408 3536 in
2449 3480 2958 3536 sanctificationem.
3000 3500 3018 3532 ι
3064 3478 3135 3535 Ut
3163 3481 3416 3548 exemplo
3447 3481 3650 3534 Christi

2087 3577 2302 3628 vivatis.
2339 3573 2445 3639 Qui
2477 3575 2613 3627 enim
2649 3573 2800 3626 habet
2848 3590 2988 3641 lpum
3033 3575 3166 3626 [tunc
3209 3573 3264 3626 in
3295 3589 3434 3638 eum,
3467 3576 3662 3626 sancti-

2084 3664 2210 3732 ﬁcat
2247 3682 2319 3730 se,
2352 3666 2487 3718 sicut
2521 3664 2610 3719 ille
2643 3674 2857 3718 sanctus
2887 3673 2962 3717 est
3001 3662 3183 3730 (Joan.
3216 3680 3301 3726 tit,
3332 3664 3410 3733 ὅ).

2161 3775 2180 3807 c
2219 3756 2405 3825 itaque
2431 3755 2525 3826 qui
2559 3757 2672 3810 haec
2706 3760 2937 3826 spernit,
2971 3773 3076 3808 non
3117 3756 3393 3808 hominem
3433 3755 3660 3822 spernit,

2086 3845 2182 3902 sed
2218 3845 2428 3899 Deum:
2465 3845 2556 3915 qui
2599 3847 2764 3901 etiam
2813 3847 2960 3900 dedit
3007 3845 3270 3914 Spiritum
3323 3862 3486 3900 suum
3537 3861 3660 3899 san-

2086 3948 2230 3992 ctum
2267 3937 2318 3989 in
2355 3939 2533 3991 nobis.
2570 3955 2588 3987 ι
2633 3937 2748 3991 Non
2796 3952 2900 4000 nte,
2932 3939 3026 3991 sed
3051 3953 3174 3990 eum
3219 3937 3312 4006 qui
3360 3937 3413 3991 itt
3455 3951 3538 3990 tne
3582 3937 3660 3988 lo-

2087 4030 2271 4099 quitur
2314 4030 2568 4084 Christus
2616 4028 2693 4098 (II
2745 4027 2869 4085 Cor.
2919 4045 3038 4092 stu,
3072 4030 3127 4098 ὃ)
3170 4046 3184 4082 :
3237 4029 3400 4096 cujus
3448 4027 3658 4098 spiritui

2088 4121 2340 4191 injuriam
2375 4122 2503 4175 facit
2531 4121 2712 4176 omnis
2741 4125 2829 4191 qui
2863 4139 2968 4177 non
3012 4133 3198 4176 sancte
3224 4133 3488 4174 versatur.

2163 4231 2184 4264 ι
2227 4213 2299 4268 De
2337 4214 2607 4270 charitate
2655 4225 2836 4269 autem
2884 4214 3244 4268 fraternitatis
3289 4230 3398 4268 non
3439 4228 3660 4268 necesse

2092 4307 2374 4361 habuimus
2413 4308 2654 4361 scribere
2705 4308 2875 4361 vobis.
2919 4325 2939 4359 ι
2991 4306 3181 4360 Videte
3223 4322 3385 4376 quam
3439 4307 3658 4376 perfecti

495 4413 514 4446 ι
552 4395 682 4448 Sine
727 4391 949 4461 querela
996 4391 1050 4446 iit
1100 4391 1392 4448 sanctitate
1441 4403 1564 4447 ante
1598 4391 1761 4448 Deum
1795 4403 1850 4448 et
1882 4394 1988 4447 Pa-
2020 4405 2266 4465 Derant,
2301 4398 2367 4451 de
2417 4407 2566 4452 tanto
2614 4408 2669 4450 et
2716 4407 2826 4450 tam
2873 4400 3180 4452 necessario
3224 4407 3496 4465 praecepto
3548 4413 3648 4450 non

414 4497 548 4540 trem
575 4492 813 4536 nostrum
838 4481 891 4536 in
916 4481 1150 4536 adventu
1170 4479 1381 4536 Domini
1406 4484 1580 4536 nostri
1618 4481 1747 4538 Jesu
1784 4483 1986 4538 Christi

414 4591 538 4632 cum
567 4573 820 4630 omnibus
842 4572 1046 4627 sanctis
1069 4573 1206 4643 ejus.
1234 4573 1430 4627 Arnen.
1467 4593 1486 4624 ι
1525 4572 1640 4629 Non
1665 4587 1792 4629 ante
1815 4575 1988 4628 homi-

414 4680 535 4729 nes,
567 4667 706 4720 sicut
734 4668 800 4719 de
830 4662 1092 4718 Zacharia
1154 4672 1209 4718 et
1247 4662 1526 4719 Elizabeth
1567 4663 1721 4736 (Luc.
1749 4682 1787 4731 t,
1813 4665 1893 4736 6).
1927 4666 1990 4737 Et

407 4775 509 4832 per
551 4758 742 4812 Isaiam
775 4774 790 4812 :
828 4755 897 4809 Et
942 4772 1029 4811 vos
1078 4756 1227 4811 eritis
1273 4757 1403 4810 mihi
1439 4758 1596 4826 justi,
1637 4757 1760 4812 dicit
1809 4758 1991 4813 Dami-

415 4870 513 4908 ηαδ
543 4852 680 4922 (lsa.
707 4865 798 4917 ιχ,
822 4849 939 4915 21).
1356 4847 1363 4854 ’

1035 5007 1265 5065 CAPUT
1306 5006 1396 5063 IV.

491 5153 514 5184 ι
545 5133 623 5188 De
647 5141 846 5186 caetero
875 5141 1026 5198 ergo,
1057 5126 1276 5180 fratres.
1315 5143 1332 5175 ι
1368 5111 1497 5178 Post
1526 5121 1738 5178 laudem
1765 5133 1822 5178 et
1849 5138 1980 5178 con-

413 5226 755 5288 solationem,
785 5223 974 5291 incipit
1001 5218 1330 5273 exhortatio.

490 5336 509 5368 ι
544 5314 819 5386 Rogamus
844 5329 962 5378 vos,
989 5319 1046 5366 et
1074 5312 1428 5366 obsecramus
1459 5307 1514 5361 itt
1547 5305 1774 5362 Domino
1801 5303 1928 5361 Iesu
1967 5321 1981 5360 :

409 5414 469 5460 ut
512 5405 963 5476 quemadmodum
1026 5401 1314 5470 accepistis
1369 5418 1396 5454 a
1460 5402 1656 5463 nobis,
1709 5400 1983 5467 quomodo

409 5507 658 5568 oporteat
695 5512 796 5551 vos
835 5481 1114 5550 ambulare
1145 5509 1198 5549 et
1229 5494 1440 5564 placere
1477 5493 1622 5558 Deo;
1660 5494 1739 5547 sic
1774 5501 1831 5546 et
1866 5508 1982 5544 am-

411 5592 630 5653 l'uletis,
664 5599 722 5644 ut
760 5587 1046 5642 abundetis
1093 5587 1286 5656 magis.
1321 5605 1342 5637 ι
1379 5586 1589 5651 Quibus
1621 5589 1702 5637 via
1731 5585 1983 5640 Christus

412 5695 516 5748 νει,
545 5682 721 5752 dignis
749 5696 816 5737 eo
843 5681 1119 5750 gressibus
1149 5678 1422 5733 ambulate
1453 5693 1468 5733 :
1501 5679 1627 5745 quia
1666 5691 1796 5732 cum
1819 5686 1979 5734 actate

2093 4486 2409 4556 indigebant
2441 4487 2743 4542 admoneri.

2169 4599 2192 4630 ο
2237 4581 2340 4650 Ipsi
2392 4582 2536 4634 enim
2588 4597 2683 4636 vos
2745 4597 2774 4633 a
2825 4579 2936 4636 Deo
2991 4581 3278 4650 didicistis,
3321 4591 3380 4636 ut
3427 4579 3658 4651 diligatis

2092 4672 2345 4727 invicem.
2397 4671 2612 4727 Etenim
2673 4673 2802 4729 illud
2851 4675 3032 4728 facitis
3093 4676 3148 4730 itt
3213 4691 3405 4730 omnes
3471 4675 3658 4728 fratres

2091 4764 2144 4818 in
2195 4779 2444 4820 universa
2505 4766 2834 4824 Macedonia.
2868 4785 2886 4817 ι
2927 4770 2970 4819 A
3017 4768 3273 4833 Christo,
3323 4770 3417 4835 qui
3471 4768 3646 4820 dixit:

2093 4855 2408 4909 Mandatum
2456 4873 2642 4910 norum
2695 4860 2763 4909 do
2815 4859 2956 4912 vobis
3007 4857 3192 4928 (Joatt.
3236 4874 3354 4921 xui,
3397 4858 3510 4928 5i).
3550 4859 3649 4910 lloc

2092 4964 2286 5002 novum
2318 4959 2420 5014 est,
2460 4960 2517 5002 ut
2561 4966 2657 5017 pro
2701 4953 2962 5004 alterutro
3009 4950 3307 5003 moriamur
3339 4968 3353 5004 :
3390 4953 3517 5020 quia
3556 4949 3647 5004 hoc

2092 5049 2264 5100 vetus.
2296 5058 2398 5095 non
2432 5057 2587 5095 suum
2619 5053 2737 5096 erat
2767 5043 3195 5096 Testatttentuot.

2166 5149 2184 5182 t
2226 5131 2502 5201 Rogamus
2550 5142 2728 5187 autem
2785 5150 2914 5198 vos,
2973 5134 3202 5198 fratres,
3260 5145 3320 5187 ut
3377 5135 3650 5188 abttttdetis

2089 5225 2261 5291 magis
2302 5234 2354 5278 et
2399 5239 2620 5293 operam
2666 5227 2821 5281 detis.
2859 5245 2878 5279 ι
2917 5224 3029 5281 Hoc
3062 5237 3168 5290 cst,
3202 5236 3256 5280 ut
3295 5227 3408 5296 jam
3451 5229 3650 5296 ignotos

2087 5330 2334 5384 quosque
2366 5316 2624 5385 diligatis.

2162 5425 2182 5460 t
2221 5407 2293 5463 Ut
2323 5409 2492 5477 quieti
2522 5409 2664 5470 sitis,
2695 5419 2750 5462 et
2780 5417 2836 5462 ut.
2865 5420 3105 5463 vestrum
3147 5409 3424 5479 negotium
3463 5411 3642 5478 agatis,

2086 5509 2140 5553 et
2175 5502 2472 5570 operetuini
2529 5503 2779 5557 inanibus
2822 5505 3044 5566 vestris,
3117 5506 3260 5558 sicut
3303 5507 3647 5575 praecepimus

2087 5594 2260 5646 vobis.
2292 5610 2309 5642 ι
2353 5592 2586 5658 Quidam
2620 5595 2857 5662 inquiete
2890 5609 2984 5662 per
3013 5595 3356 5649 diversorum
3387 5598 3641 5651 discurre-

2087 5684 2218 5737 hattt
2257 5682 2451 5737 donius
2490 5699 2504 5736 :
2545 5684 2725 5752 aliqua
2779 5694 2944 5738 etiam
3001 5684 3069 5738 ad
3125 5687 3410 5752 religionis
3459 5702 3640 5757 oppro-
