3954 6194
435 231 546 295 9ῦο

415 450 512 489 eos
543 435 593 488 in
623 439 852 490 secunda
884 438 1094 508 plenius
1121 439 1454 508 exsequitur.
1490 435 1647 492 Unde
1675 437 1848 505 magis
1877 437 1990 490 vult

413 539 536 592 eos,
564 527 649 582 vel
697 530 897 597 proprii
947 530 1145 600 negotii
1197 545 1350 592 cura,
1382 529 1466 582 vel
1502 529 1685 584 labore
1727 544 1988 583 manuum

416 620 694 686 occupari,
725 635 887 690 quam
918 622 1210 678 otiusitatis
1243 623 1659 687 detrimentum,
1696 631 1751 674 et
1779 621 1993 690 inquie-

417 710 622 766 tudinis
657 713 856 767 habere
892 725 1197 782 peccatum.

492 819 513 853 ι
557 803 624 858 Ut
652 815 704 856 ct
735 803 965 859 honeste
992 807 1279 860 ambuletis
1315 805 1379 858 ad
1407 805 1526 870 eos,
1559 805 1645 873 qui
1678 805 1808 859 foris
1845 815 1990 868 sunt,

415 905 475 949 et
518 896 717 952 nullius
745 898 947 967 aliquid
979 899 1324 955 desideretis.
1363 918 1382 950 ι
1421 898 1499 953 Ne
1539 915 1634 953 vos
1686 899 1784 967 ipsi
1829 898 1998 952 deno~

419 997 554 1052 tent,
585 989 678 1058 qui
714 1002 974 1056 praestare
1010 992 1280 1046 videntur.

494 1099 515 1132 ι
557 1079 822 1138 Nolumus
862 1093 1040 1137 autem
1073 1099 1167 1138 vos
1207 1085 1479 1154 ignorare,
1515 1084 1735 1146 fratres,
1773 1083 1838 1136 de
1873 1083 1998 1136 dor-

419 1171 734 1228 mientibus.
771 1189 793 1226 ι
834 1172 1040 1228 Dormit
1084 1175 1249 1239 enim,
1283 1191 1442 1245 quem
1493 1186 1701 1228 certum
1748 1183 1832 1227 est
1873 1186 1993 1226 sur-

419 1273 722 1332 recturum,
751 1268 892 1320 sicut
917 1267 1118 1322 dictum
1149 1279 1231 1323 est
1268 1268 1324 1322 in
1359 1266 1652 1337 Evangelio
1692 1267 1758 1319 de
1789 1265 1998 1318 Lazaro

419 1355 604 1425 (Joan.
640 1373 717 1422 xt,
747 1357 858 1421 12).

500 1467 519 1498 ε
560 1447 630 1504 Ut
658 1464 766 1504 non
798 1450 1216 1517 contristemini,
1243 1450 1380 1504 sicut
1409 1461 1462 1504 et
1488 1451 1692 1512 ets-teri,
1725 1449 1816 1518 qtti
1847 1463 1996 1516 spem

423 1557 531 1594 non
565 1543 789 1598 habent.
823 1561 842 1594 ι
884 1543 1056 1596 Aliter
1085 1543 1249 1598 debet
1284 1544 1396 1597 lieri
1427 1545 1520 1613 qui
1551 1558 1774 1612 peregre
1806 1543 1997 1611 pergit,

423 1633 586 1686 aliter
617 1633 706 1687 ille
737 1634 826 1702 qui
859 1635 1112 1688 moritur.

1393 231 1809 293 EXPOSITI'O
1843 229 1926 290 IN
1968 229 2206 290 EPIST.
2249 229 2270 288 Ι
2303 228 2400 288 AD
2439 224 2809 288 THESSAL.

416 343 596 396 brium
651 345 984 413 postulantes
1037 347 1104 400 ab
1159 346 1508 409 inﬁdelibus;
1560 361 1867 416 quanquam
1923 343 1992 399 ad
2029 353 2070 404 Α

3558 224 3668 290 910

2177 359 2195 392 α
2224 341 2360 408 Quia
2387 342 2500 395 tlies
2525 339 2736 394 Domini
2765 343 2906 394 sicut
2933 339 3023 392 fur
3049 340 3100 394 in
3126 349 3304 402 nocte,
3329 338 3402 395 ita
3426 343 3627 399 veniet.
3647 361 3671 398 ι

2099 433 2326 500 Quando
2354 447 2542 487 omnes
2571 433 2704 487 sciet
2735 432 2978 485 dormire
3007 446 3257 487 securos.

2177 544 2196 577 ι
2235 527 2366 579 Cum
2393 527 2538 580 enim
2569 525 2828 586 dixerint,
2863 539 2966 592 pax
2995 533 3050 576 et
3088 526 3381 590 securitas,
3429 533 3560 581 tunc
3594 543 3676 582 re-

2104 617 2353 685 pentinus
2383 616 2461 670 eis
2496 615 2845 682 superveniet
2875 601 3154 671 interitus.
3189 632 3210 666 ι
3249 614 3399 670 Tunc
3439 619 3674 674 maxime

2104 711 2336 762 timenda
2369 718 2450 761 est
2479 723 2661 776 prmia,
2689 722 2850 776 quam
2883 723 3024 765 nunc
3057 722 3162 762 non
3190 720 3532 778 exspectant.

2181 819 2200 850 ι
2257 801 2412 854 Sicut
2456 800 2610 853 dolor
2659 801 2712 853 itt
2772 809 2929 876 utero
2973 801 3240 869 habentis,
3289 812 3344 857 et
3391 819 3496 857 non
3545 803 3680 860 effu-

2103 893 2303 959 gient.)
2332 891 2484 947 Sicut
2513 891 2727 959 mulier,
2753 892 2999 946 veniente
3020 905 3198 963 partu,
3224 894 3438 949 dolores
3466 912 3570 950 non
3602 893 3684 950 cf-

2110 985 2271 1056 fugit.

2181 1097 2200 1128 ι
2249 1076 2355 1132 Vos
2397 1089 2599 1143 autem,
2655 1078 2871 1146 fratres,
2905 1095 3010 1134 non
3047 1081 3182 1136 estis
3209 1081 3261 1134 in
3295 1080 3532 1134 tenebris
3567 1097 3583 1135 :
3625 1091 3682 1133 ut

2104 1187 2201 1224 vos
2225 1172 2335 1224 dies
2364 1171 2452 1224 ille
2474 1182 2726 1240 tanquam
2759 1174 2844 1225 fur
2878 1173 3356 1239 eumprcltendat.»
3394 1172 3508 1226 Non
3543 1175 3686 1227 OSIlS

2109 1265 2243 1317 adeo
2276 1265 2606 1330 ignorantes,
2655 1275 2713 1318 ut
2752 1267 3010 1320 ttest-iatis
3065 1283 3158 1320 vos
3212 1281 3424 1334 semper
3467 1277 3686 1336 paratos

2109 1349 2241 1411 esse.
2272 1359 2494 1410 debere.

2185 1467 2204 1500 ι
2248 1448 2452 1504 Omnes
2487 1457 2629 1504 enim
2663 1466 2759 1507 vos
2796 1453 2887 1506 filii
2921 1453 3059 1506 lueis
3092 1452 3244 1518 estis,
3277 1460 3330 1506 et
3362 1451 3453 1505 filii
3491 1451 3619 1506 diei.
3661 1467 3682 1502 ι

2109 1539 2362 1596 Scientia:
2393 1541 2658 1598 veritatis.

2186 1649 2205 1682 ι
2243 1631 2357 1685 Non
2395 1650 2583 1688 sumus
2617 1637 2816 1700 noctis,
2845 1651 3023 1705 neque
3059 1637 3433 1691 tenebrarum.
3483 1654 3503 1689 ι
3547 1634 3688 1699 Ouia

503 1741 521 1770 ‹
565 1722 619 1775 Si
655 1723 800 1777 enim
834 1728 1131 1785 credimus,
1165 1726 1309 1796 quod
1345 1723 1504 1781 Jesus
1540 1738 1784 1780 mortttus
1818 1734 1920 1787 est,
1955 1732 2004 1775 ct
2042 1729 2080 1780 Β
2110 1723 2252 1776 sicut
2279 1723 2536 1788 tenebrae,
2585 1725 2659 1779 ita
2692 1736 2744 1780 et
2777 1727 3077 1798 ignorantia
3105 1730 3196 1784 dat
3228 1730 3480 1785 ﬁduciam
3513 1729 3690 1784 delin~

426 1815 750 1868 resurrexit.
784 1834 803 1867 ι
835 1815 889 1871 Si
922 1833 984 1871 ea
1012 1819 1308 1884 credimus,
1339 1834 1457 1887 quae
1484 1835 1588 1873 non
1623 1819 1870 1872 videmus
1903 1834 1919 1872 :
1951 1829 2007 1871 et

427 1922 526 1976 per
561 1907 676 1976 ejus
726 1912 1174 1966 resurrectionem
1223 1916 1357 1966 eerti
1403 1928 1591 1966 Sumus
1641 1929 1744 1965 non
1793 1914 2004 1966 veniam

426 2009 786 2065 consecutos;
815 2016 914 2054 cur
945 2001 1072 2055 illud
1105 2005 1355 2058 similiter
1387 2020 1490 2059 non
1525 2007 1835 2072 credamus,
1862 2008 2005 2076 quod

427 2103 619 2160 gentes
651 2093 744 2162 qui
775 2094 977 2148 videnti
1015 2097 1122 2150 Deo
1154 2113 1256 2150 non
1283 2099 1548 2154 credunt?

511 2201 529 2231 ι
571 2181 646 2236 Ita
695 2193 749 2237 et
806 2183 947 2238 Deus
999 2200 1096 2240 eos
1151 2188 1242 2254 qui
1292 2188 1652 2253 dormierunt,
1687 2205 1783 2259 per
1826 2188 2010 2244 Jesum

431 2275 672 2330 adducet
707 2291 832 2331 cum
867 2291 952 2332 eo.
984 2296 1003 2330 ι
1045 2277 1145 2344 Qui
1188 2287 1351 2346 caput
1385 2282 1691 2352 suscitavit,
1713 2282 1878 2337 etiam
1910 2297 2012 2338 cae-

437 2379 553 2421 tera
593 2368 833 2422 membra
867 2371 1257 2424 suscitaturqu
1296 2384 1354 2424 se
1390 2371 1672 2440 promittit.

514 2477 534 2510 ι
573 2459 687 2514 lloc
715 2461 860 2514 enim
895 2461 1050 2515 vobis
1078 2461 1312 2516 dicimus
1341 2462 1393 2516 in
1423 2464 1587 2519 verbo
1615 2463 1846 2519 Domini.
1879 2482 1899 2518 ι
1937 2463 2012 2519 Ex

437 2550 716 2620 Evangelii
751 2552 1039 2605 sententia.

513 2661 532 2694 ‹
574 2643 708 2708 Quia
759 2658 879 2708 nos,
919 2645 1009 2712 qui
1057 2645 1312 2712 vivimus,
1348 2649 1436 2716 qui
1480 2649 1677 2702 residui
1725 2664 1913 2702 sumus
1959 2648 2014 2702 in

434 2733 679 2787 adventu
714 2733 948 2788 Domini.
987 2752 1005 2785 ι
1045 2735 1270 2804 Semper
1301 2735 1592 2805 Apostolus
1624 2738 1765 2792 diem
1805 2739 2014 2793 Domini
2053 2752 2058 2757 '

439 2827 576 2879 fecit
621 2827 822 2882 habere
861 2837 1204 2896 suspectum,
1240 2831 1396 2896 quasi
1433 2841 1531 2884 eos
1575 2831 1626 2882 in
1667 2845 1893 2898 corpore
1933 2831 2014 2884 in—

436 2916 671 2971 veniret.

523 3026 542 3059 t
577 3007 698 3063 Non
724 3010 1112 3078 prmveniemtts
1139 3025 1256 3079 eos,
1285 3013 1375 3078 qui
1415 3011 1779 3090 dormierunt.
1819 3033 1836 3065 ι
1885 3013 2016 3068 Tum

436 3099 596 3153 velox
651 3101 758 3154 erit
805 3115 994 3156 eorum
1054 3103 1422 3168 resurrectio,
1472 3119 1638 3174 quam
1693 3113 1880 3159 nostra
1930 3121 2017 3159 as-

437 3191 702 3257 sumptio.

520 3301 539 3332 c
583 3284 848 3349 Quoniam
901 3287 1020 3353 ipse
1075 3286 1329 3343 Dominus
1379 3289 1430 3343 in
1482 3289 1658 3360 jussu,
1698 3302 1752 3344 et
1793 3291 1844 3345 in
1887 3307 2019 3345 voce

442 3376 780 3445 archangeli.
827 3395 844 3427 ο
899 3375 1181 3432 'lerrorem
1235 3381 1380 3434 illius
1431 3381 1535 3435 diei
1579 3394 1867 3447 monStrat,
1911 3398 2017 3452 quo

444 3468 625 3521 omnis
671 3477 910 3538 potestas
941 3471 1086 3534 caeli,
1120 3482 1174 3527 et
1217 3473 1489 3528 elementa
1533 3475 1795 3528 movenda
1839 3487 2016 3532 sunt:

449 3566 513 3612 ut
538 3573 635 3630 nos
672 3559 927 3629 sciamus,
959 3562 1104 3632 quali
1142 3564 1476 3619 conscientia
1507 3565 1650 3619 diem
1678 3566 1891 3622 Domini
1924 3583 2018 3622 ex-

435 3659 778 3718 spectemus.

521 3758 542 3793 r
575 3741 640 3795 Et
666 3743 716 3796 in
750 3743 873 3798 tuba
904 3744 997 3800 Dei
1030 3747 1324 3804 descendet
1355 3751 1422 3806 de
1450 3753 1610 3809 caelo.
1657 3773 1675 3806 ι
1721 3754 1775 3810 Si
1809 3757 1874 3808 ad
1925 3755 2020 3808 bo-

442 3833 612 3889 tninis
651 3839 830 3890 tubam
869 3847 1010 3892 terra
1047 3841 1264 3896 videtur
1303 3847 1632 3912 permoveri,
1668 3859 1871 3915 quanto
1907 3862 2023 3900 ma-

441 3930 531 3997 gis
560 3928 627 3983 ad
658 3929 749 3984 Dei
776 3931 789 3984 l
823 3931 961 3988 sicut
989 3929 1137 3988 Elius
1170 3950 1385 4006 quoque
1418 3940 1712 3994 terribilem
1750 3945 1800 3994 in
1841 3953 2022 3996 monte

441 4023 659 4076 Domini
693 4023 823 4077 vidit
853 4026 1144 4082 adventum
1176 4027 1284 4100 (IV
1317 4029 1447 4102 Reg.
1480 4047 1519 4099 ι,
1551 4034 1662 4102 12).

521 4133 542 4165 ι
576 4115 643 4168 Ει
669 4118 867 4170 mortui
893 4119 982 4186 qui
1011 4120 1064 4172 itt
1092 4120 1314 4176 Christo
1340 4134 1489 4188 sunt,
1519 4138 1804 4196 resurgent
1833 4128 2020 4198 primi.

443 4208 657 4262 Deinde
703 4224 802 4263 nos
847 4211 942 4279 qui
993 4212 1246 4279 vivimus,
1291 4213 1384 4284 qui
1435 4216 1812 4286 relinquimur,
1857 4221 2021 4274 simul

448 4306 733 4370 rapientur
763 4318 886 4356 cum
929 4303 1038 4360 illis
1085 4307 1139 4358 in
1185 4306 1421 4362 nubibus
1464 4308 1679 4364 obviam
1713 4310 1930 4367 Christo
1968 4313 2020 4366 in

2109 1814 2330 1883 quendi.

2186 1922 2202 1952 ε
2234 1904 2404 1970 Igitur
2437 1919 2539 1959 non
2567 1905 2919 1969 dormiamus,
2945 1907 3087 1961 sicut
3113 1914 3168 1962 et
3195 1908 3400 1965 caeteri.
3431 1927 3450 1964 ι
3481 1908 3584 1976 Qui
3611 1910 3691 1965 sic

2111 1995 2472 2061 dormierunt,
2513 1998 2678 2052 etiam
2725 2000 2875 2052 obliti
2922 2009 3047 2052 sttnt
3087 2001 3194 2054 sui.
3559 2067 3570 2072 _

2187 2106 2206 2136 ι
2273 2088 2378 2140 Sed
2418 2088 2704 2158 vigilemus
2756 2098 2810 2142 et
2879 2089 3043 2144 sobrii
3084 2091 3288 2149 simus.
3349 2109 3367 2143 ι
3421 2091 3693 2146 Attendite

2114 2178 2254 2230 vobis
2308 2194 2370 2230 ne
2419 2189 2702 2248 graventur
2747 2179 2907 2234 corda
2959 2191 3128 2234 vestra
3176 2183 3229 2235 in
3257 2183 3501 2248 crapula,
3539 2192 3590 2236 et
3640 2186 3696 2236 in

2109 2270 2380 2337 ebrietate,
2411 2283 2458 2324 et
2489 2273 2628 2325 curis
2653 2273 2812 2340 hujus
2841 2273 2959 2326 vitae
2987 2272 3138 2340 (Luc.
3172 2289 3283 2340 χχι,
3314 2274 3404 2344 55)
3438 2291 3452 2340 ;
3485 2289 3616 2346 ergo
3641 2283 3699 2330 et

2115 2377 2258 2415 enrze
2291 2362 2560 2417 iuebriant
2593 2373 2855 2418 mentem.

2194 2471 2211 2502 ι
2261 2454 2362 2519 Qui
2402 2455 2546 2508 enim
2593 2455 2895 2520 dormiunt,
2940 2469 3100 2513 nocte
3140 2459 3460 2526 dormitmt;
3512 2470 3564 2518 et
3605 2463 3697 2533 qui

2115 2544 2252 2599 ebrii
2293 2556 2442 2610 sunt,
2479 2556 2642 2602 nocte
2672 2547 2808 2603 ebrii
2842 2561 2990 2607 sunt.
3034 2571 3053 2603 ι
3097 2551 3218 2607 lJeo
3263 2554 3427 2609 otiosi
3467 2565 3519 2610 et
3563 2557 3697 2610 ebrii

2117 2647 2263 2703 sunt,
2303 2639 2429 2700 quia
2467 2640 2522 2692 itt
2561 2641 2799 2694 tenebris
2835 2653 2980 2697 sunt.

2194 2749 2213 2782 ι
2246 2730 2353 2784 Nos
2387 2741 2567 2785 autem
2599 2734 2690 2801 qui
2726 2734 2830 2787 diei
2865 2751 3072 2800 sumus,
3111 2739 3275 2794 sobrii
3307 2741 3497 2796 simus.
3530 2757 3549 2792 ι
3591 2737 3702 2793 Nos

2116 2824 2210 2894 qui
2247 2823 2387 2878 dicm
2423 2821 2701 2878 Christum
2737 2825 3020 2892 habemus,
3064 2845 3165 2883 nec
3203 2833 3386 2896 otiosi,
3432 2846 3528 2887 nec
3561 2833 3699 2886 ebrii

2118 2931 2242 2970 esse
2271 2916 2553 2970 debemus.
2961 2917 2963 2920 ⁴

2200 3028 2218 3059 ι
2272 3009 2448 3064 Ιηιιιιιί
2497 3011 2720 3066 loricam
2769 3011 2890 3067 fidei
2943 3021 2998 3068 et
3049 3012 3355 3080 cbaritatis,
3388 3024 3438 3069 et
3486 3014 3699 3084 galeam

2123 3115 2272 3168 spem
2302 3102 2520 3158 salutis.
2570 3121 2590 3154 ι
2628 3102 2784 3170 Fide,
2816 3114 2869 3158 et
2909 3105 3196 3171 cbaritate,
3240 3118 3295 3161 et
3327 3106 3535 3178 justitia
3581 3123 3702 3162 om-

2124 3191 2209 3246 nia
2257 3203 2538 3260 constant,
2575 3212 2710 3266 quas
2749 3206 2804 3252 et
2847 3197 3028 3253 loricae
3075 3198 3202 3252 ali-bi
3251 3201 3604 3269 comparavit.

2204 3306 2222 3339 ‹
2272 3289 2538 3354 Quoniam
2581 3304 2687 3345 non
2720 3291 2902 3360 posuit
2933 3306 3032 3347 nos
3065 3290 3206 3346 Deus
3242 3293 3294 3346 in
3329 3292 3487 3357 iram,
3522 3292 3614 3348 sed
3650 3293 3704 3346 in

2121 3381 2537 3451 acquisitionem
2578 3381 2771 3440 salutis
2805 3423 2821 3450 ,
2866 3399 2962 3452 per
3009 3385 3294 3440 Dominum
3337 3395 3578 3440 nostrum
3613 3383 3706 3439 Je-

2123 3489 2242 3528 sum
2263 3471 2595 3529 Christum.»
2628 3473 2683 3528 In
2714 3474 2792 3528 ira
2819 3483 2944 3527 sunt
2965 3476 3164 3544 positi;
3194 3477 3320 3544 quia
3338 3476 3450 3546 jam
3475 3474 3702 3547 judicati

2123 3577 2271 3622 sunt.

2201 3680 2220 3713 ι
2276 3660 2374 3738 Qui
2411 3672 2652 3716 mortuus
2681 3674 2766 3718 est
2797 3679 2892 3733 pro
2924 3665 3100 3718 nobis.
3142 3681 3159 3713 ι
3217 3663 3288 3718 Ut
3315 3678 3417 3718 nos
3447 3679 3554 3717 non
3587 3678 3704 3719 nlo—

2125 3765 2389 3805 terentur.

2197 3860 2216 3893 c
2266 3839 2336 3896 Ut
2367 3843 2479 3897 sive
2515 3842 2809 3914 vigilemus,
2850 3843 2966 3898 sive
2995 3843 3351 3908 dormiamus,
3389 3842 3551 3898 simul
3581 3858 3703 3897 cum

2125 3937 2218 3990 illo
2273 3938 2538 3992 vivamus.
2587 3957 2610 4000 ι
2671 3935 2742 3992 Ut
2797 3939 2913 3992 sive
2962 3939 3013 3990 in
3073 3951 3328 4006 corpore,
3380 3937 3495 3991 sive
3553 3946 3706 3991 extra

2124 4044 2322 4100 corpus
2376 4029 2719 4086 inveniamur
2751 4071 2769 4096 ,
2823 4045 3040 4099 semper
3105 4047 3230 4085 cum
3275 4030 3388 4097 ipso
3439 4031 3706 4085 vivamus.

2203 4141 2223 4175 ι
2277 4122 2507 4194 Propter
2549 4125 2691 4192 quod
2731 4123 3090 4178 consolamini
3142 4123 3396 4186 invicem,
3445 4130 3500 4176 et
3538 4127 3711 4178 rediti-

2126 4229 2246 4274 cate
2275 4220 2622 4283 alterutrum,
2654 4216 2796 4272 sicut
2825 4228 2878 4271 et
2909 4215 3116 4271 facitis.
3159 4235 3180 4270 ι
3214 4215 3544 4280 Notandum,
3578 4217 3706 4286 quia

2127 4311 2233 4366 hoc
2263 4311 2418 4366 laicis
2444 4311 2688 4380 praecipit
2719 4325 2736 4366 :
2771 4324 2910 4380 quos
2937 4308 3102 4365 etiam
3134 4317 3338 4375 monet,
3371 4317 3431 4364 ut
3453 4309 3710 4364 studeant

440 4412 595 4452 aera.
631 4413 650 4447 ι
693 4395 793 4461 Qui
843 4397 896 4451 in
942 4395 1162 4452 Christo
1215 4402 1411 4453 mortui
1464 4399 1690 4465 fuerint,
1736 4415 2020 4472 resurgent
2049 4411 2101 4470 ι)
2127 4402 2386 4477 exhibere
2411 4401 2584 4456 cilicia
2613 4401 2927 4456 cbaritatis.

445 4490 663 4558 primo;
691 4497 743 4542 et
771 4491 860 4556 qui
896 4489 1000 4543 vivi
1031 4489 1234 4544 inventi
1267 4489 1473 4545 fuerint
1504 4494 1705 4556 sancti,
1733 4507 1854 4548 cum
1889 4497 2025 4565 ipsis

446 4583 651 4650 pariter
680 4583 960 4651 rapientur
985 4595 1000 4636 :
1030 4583 1123 4654 qui
1151 4597 1257 4638 non
1283 4583 1691 4653 iudicabuntur,
1717 4586 1814 4642 sed
1843 4591 2026 4658 potius

440 4675 788 4744 judicabunt.

525 4784 543 4816 ι
582 4763 651 4818 Ει
674 4767 754 4821 sic
781 4781 996 4838 semper
1022 4783 1147 4825 cum
1178 4769 1408 4828 Domino
1432 4771 1659 4826 erimus.
1692 4790 1711 4824 ι
1746 4769 1802 4826 1η
1834 4773 2026 4828 eadem

446 4854 622 4925 gloria
654 4859 997 4915 aeternitatis.

525 4964 546 4997 α
583 4947 770 5016 Itaque
821 4951 1178 5008 consolamini
1236 4954 1468 5011 invicem
1502 4955 1554 5010 in
1589 4955 1771 5011 verbis
1817 4956 1958 5014 istis.
1998 4973 2020 5010 ι

444 5037 755 5094 Notandum
799 5044 944 5110 quod
988 5043 1124 5097 laetis
1163 5045 1263 5100 hoc
1297 5046 1564 5117 prascipit,
1602 5058 1660 5102 ut
1703 5048 2024 5102 alterutrum

445 5150 509 5191 se
549 5135 811 5191 doctrinis
847 5137 1139 5192 instruant.

1074 5293 1302 5351 CAPUT
1337 5294 1404 5353 ν.

530 5427 548 5460 t
593 5409 667 5465 De
715 5385 1050 5480 temporibus
1102 5421 1279 5467 autem
1325 5420 1380 5467 et
1431 5413 1755 5480 momentis,
1805 5414 2022 5479 fratres,

447 5521 559 5560 non
604 5507 880 5575 indigetis,
917 5518 974 5560 ut
1011 5509 1314 5562 scribamus
1362 5507 1534 5564 vobis.
1571 5508 1678 5576 Ipsi
1719 5510 1862 5561 enim
1908 5510 2028 5562 dili-

445 5607 642 5667 genter
689 5600 861 5655 scitis.
910 5619 928 5653 ι
985 5598 1410 5658 Evidentissima
1464 5599 1738 5671 Evangelii
1796 5601 2028 5656 lectione

444 5691 649 5746 edocti.

2203 4506 2223 4540 ι
2289 4487 2563 4558 Rogamus
2611 4498 2795 4544 autem
2846 4503 2990 4558 vos,
3036 4488 3238 4545 fratres
3268 4529 3286 4556 ,
3339 4501 3397 4542 ut
3451 4489 3709 4544 noveritis

2126 4594 2243 4646 eos,
2269 4581 2358 4650 qui
2381 4582 2632 4636 laborant
2656 4580 2797 4636 inter
2823 4597 2943 4637 vos.
2973 4599 2994 4634 ι
3031 4582 3100 4638 Ut
3131 4581 3446 4652 intelligatis
3466 4582 3706 4636 laborem

2127 4687 2336 4728 eorum.

2205 4783 2224 4817 ‹
2265 4765 2330 4818 Ει
2371 4776 2609 4835 praesunt
2637 4767 2794 4822 vobis
2825 4768 2878 4820 in
2910 4767 3158 4833 Domino,
3190 4777 3245 4823 et
3279 4782 3498 4821 moueo;
3524 4781 3639 4820 vos.
3683 4784 3702 4816 ι

2128 4858 2387 4929 Exemplo
2415 4858 2661 4928 justitite,
2708 4875 2816 4914 non
2861 4869 3133 4929 potestate
3172 4869 3408 4923 terrena,
3452 4857 3593 4911 sicut
3634 4857 3710 4910 ait

2127 4952 2321 5018 Petrus
2354 4950 2401 5020 (I
2439 4950 2579 5006 Petr.
2617 4965 2698 5016 ιιι,
2735 4949 2845 5022 14).

2204 5061 2222 5094 ι
2283 5042 2352 5096 Ut
2407 5042 2657 5096 trabeatis
2709 5043 2831 5096 illos
2882 5043 3246 5098 abundantius
3298 5042 3351 5095 in
3409 5041 3700 5104 cbaritate,

2131 5144 2350 5206 propter
2391 5150 2526 5203 Opus
2559 5135 2795 5200 illorum,
2841 5147 2896 5190 et
2934 5151 3119 5206 pacem
3153 5135 3347 5190 habete
3382 5149 3504 5188 cum
3536 5135 3639 5189 eis.
3685 5151 3702 5182 ι

2129 5228 2434 5299 Presbyteri
2468 5228 2558 5296 qui
2591 5227 2845 5282 laborant
2892 5229 2944 5281 in
2980 5229 3163 5292 verbo,
3206 5227 3496 5298 dupliciter
3537 5228 3711 5282 hono-

2128 5319 2282 5376 randi
2328 5328 2475 5384 suut,
2518 5318 2570 5372 id
2617 5330 2723 5382 est,
2772 5319 3060 5372 charitatis
3106 5319 3368 5388 obsequio
3409 5327 3466 5374 et
3500 5317 3716 5372 ordinis

2130 5415 2417 5483 dignitate.

2206 5522 2224 5554 ι
2265 5505 2536 5573 ltogamus
2575 5511 2754 5558 autem
2799 5517 2914 5568 vos,
2952 5501 3168 5569 fratres,
3210 5505 3466 5574 corripite
3499 5503 3714 5574 inquie-

2134 5608 2250 5666 tos,
2291 5596 2648 5652 consulamini
2694 5599 3092 5664 pusillanimes.
3164 5619 3182 5652 ι
3237 5599 3342 5654 Pro
3393 5598 3713 5654 din-rsitate

2133 5691 2495 5759 nimborum,
2555 5691 2840 5749 diversitas
2913 5695 3219 5754 adhibenda
3276 5704 3360 5752 est
3406 5692 3711 5749 medicina.
