3956 6196
374 263 472 326 911

370 373 445 428 llli
478 370 828 440 corripiendi,
878 383 944 422 ne
974 375 1190 438 pereant
1236 385 1247 418 ;

373 483 441 523 ne
471 449 745 521 deficiant.

446 573 465 608 ι
495 553 763 621 Suscipite
786 551 1045 604 infirmos.
1084 565 1105 601 ι
1136 546 1412 603 Sustinete
1437 561 1609 618 nuper
1633 546 1939 612 credentes,

371 645 463 718 qui
493 645 728 700 nondum
762 649 890 696 sunt
927 639 1259 694 confirmati.

447 754 465 787 ι
511 733 787 787 Patientes
828 739 1001 785 estote
1038 730 1105 782 ad
1148 743 1357 784 omnes.
1410 748 1429 780 ι
1467 731 1640 785 Etiam
1672 730 1737 784 ad
1767 746 1949 785 corre-

381 838 538 895 ptos,
588 826 717 895 quia
751 823 1041 892 impatiens
1091 836 1198 876 non
1253 822 1565 891 corrigitur,
1618 823 1711 877 sed
1767 824 1946 877 irrita-

377 929 486 975 tur.

448 1030 467 1062 ι
505 1008 693 1065 Videte
724 1024 790 1063 ne
821 1008 948 1079 quis
981 1007 1178 1061 malum
1206 1022 1302 1076 pro
1325 1007 1463 1061 malo
1491 1006 1653 1061 alicui
1686 1006 1899 1061 reddat.
1922 1024 1939 1057 ι

373 1101 530 1158 Omni
570 1101 851 1169 diligentia
893 1113 1048 1162 cave,
1092 1113 1158 1152 ne
1198 1098 1282 1152 cui
1322 1097 1605 1151 infirmiori
1650 1098 1756 1167 (ut
1797 1098 1948 1166 igna-

375 1210 469 1250 rus
508 1198 526 1265 )
574 1195 656 1248 vel
699 1194 868 1248 vicem
906 1192 1031 1245 mali
1067 1190 1260 1243 reddas
1298 1208 1311 1243 :
1352 1189 1479 1257 quia
1522 1189 1665 1243 ultro
1712 1189 1945 1258 aliquem

377 1290 427 1342 ld
487 1287 685 1346 facere.
748 1300 851 1339 non
895 1282 1083 1338 credo.
1135 1282 1322 1335 Omnis
1366 1282 1510 1335 enim
1564 1280 1657 1348 qui
1694 1281 1947 1349 lnjttriam

377 1378 526 1442 facit,
583 1377 723 1431 male
773 1376 904 1430 facit
958 1393 972 1429 :
1024 1383 1078 1427 et
1124 1373 1217 1442 qui
1261 1372 1437 1426 vicem
1494 1371 1707 1439 injuriae
1755 1372 1952 1435 reddit,

379 1469 627 1535 injuriam
684 1468 835 1530 facit,
897 1476 953 1520 et
999 1464 1139 1517 male
1177 1462 1307 1516 facit
1347 1478 1360 1513 :
1405 1462 1553 1528 quia,
1594 1476 1652 1514 ut
1705 1464 1953 1530 superius

378 1562 580 1615 dictum
632 1571 736 1623 est,
787 1559 966 1612 omnis
1015 1556 1106 1624 qui
1159 1553 1291 1609 facit
1340 1553 1622 1622 injuriam,
1680 1553 1824 1606 male
1873 1552 1955 1605 fa-

381 1654 476 1707 cit.

459 1761 477 1794 t
517 1741 621 1798 Sed
653 1758 867 1812 semper
897 1740 1039 1811 quod
1069 1741 1270 1794 bonum
1300 1748 1385 1795 est
1417 1738 1700 1794 sectamini
1732 1739 1785 1792 in
1815 1738 1952 1792 invi-

384 1852 521 1901 cem,
553 1849 603 1890 et
635 1838 688 1889 in
716 1849 928 1889 omnes.
967 1855 986 1886 ι
1023 1832 1135 1887 Νοη
1166 1835 1340 1886 solum
1376 1833 1428 1887 in
1462 1847 1557 1886 vos
1582 1832 1949 1894 Christianos,

385 1930 478 1984 sed
508 1927 671 1982 etiam
704 1928 754 1979 in
787 1927 1052 1981 homines.

461 2039 479 2073 ι
517 2020 739 2089 Semper
772 2020 1051 2087 gaudete.»
1089 2019 1147 2073 ln
1177 2017 1532 2075 conscientize
1565 2018 1823 2085 puritate.

461 2128 481 2161 ι
522 2110 649 2164 Sine
683 2108 1083 2163 intermissione
1125 2116 1295 2163 orate.
1344 2126 1363 2160 ι
1402 2109 1455 2161 Si
1490 2106 1692 2178 jugiter
1720 2123 1826 2161 non
1859 2122 1955 2176 po-

390 2210 470 2255 tes
513 2200 723 2270 lingua,
771 2199 959 2253 saltem
1000 2197 1183 2259 corde,
1222 2200 1364 2253 sicut
1408 2198 1580 2267 Moysi
1635 2198 1830 2251 tacenti
1874 2200 1958 2251 di-

391 2294 530 2348 citur
558 2313 572 2348 :
605 2292 743 2358 Quid
772 2293 971 2347 clamas
1020 2292 1087 2345 ad
1122 2308 1201 2346 me
1240 2289 1454 2361 (Exod.
1495 2306 1602 2353 xtv,
1634 2291 1701 2344 i5
1733 2299 1747 2356 )
1778 2290 1801 2344 3
1833 2292 1959 2346 Sive

392 2386 572 2440 omnis
620 2395 772 2439 actus
822 2394 999 2439 vester
1035 2383 1153 2437 talis
1186 2383 1277 2449 sit,
1316 2393 1375 2435 ut
1416 2398 1511 2451 pro
1555 2382 1706 2436 vobis
1746 2397 1961 2451 semper

395 2480 562 2533 Deum
592 2487 732 2532 oret.

469 2588 489 2622 ι
527 2570 585 2625 lu
626 2570 874 2625 omnibus
918 2569 1122 2639 gratias
1177 2567 1340 2636 agite.
1374 2583 1392 2617 ι
1434 2566 1492 2619 In
1533 2566 1802 2631 omnibus,
1844 2580 1965 2633 quas

396 2663 710 2727 acciderint,
746 2662 885 2717 sicut
915 2659 1018 2715 Job
1063 2678 1078 2714 :
1121 2660 1234 2713 sive
1265 2660 1317 2713 in
1362 2659 1505 2712 onmi
1553 2658 1966 2715 convvrsatione

398 2765 572 2810 vestra
602 2752 830 2807 Domino
857 2752 1044 2822 gratia:
1076 2751 1400 2805 referantur.

470 2864 491 2898 ι
529 2845 650 2900 llaec
676 2855 759 2900 est
782 2845 926 2899 enim
960 2844 1207 2897 voluntas
1242 2841 1332 2895 Dei
1368 2842 1419 2896 in
1459 2840 1682 2897 Christo
1716 2840 1862 2905 Jesu,
1910 2842 1963 2897 in

396 2938 646 2992 omnibus
670 2936 875 2991 voLis.»
911 2934 1062 2990 Sicut
1089 2936 1142 2988 in
1168 2935 1382 2988 Christo
1412 2949 1507 3003 per
1537 2936 1717 2989 omnia
1750 2934 1969 3004 impleta

397 3041 504 3094 est,
533 3032 602 3083 ita
635 3040 688 3083 et
712 3031 763 3084 in
795 3030 947 3083 vobis
972 3028 1224 3082 omnibus
1252 3026 1557 3095 impleatur.

394 3170 399 3173 Α
474 3142 493 3175 ‹
525 3124 786 3192 Spiritum
818 3122 990 3176 nolite
1027 3122 1395 3189 exstinguere.
1428 3136 1448 3171 ο
1482 3118 1741 3189 Spiritum
1772 3118 1968 3175 exhor-

403 3216 615 3270 tationis
669 3212 1060 3285 quaestionibus
1091 3214 1254 3266 nolite
1276 3214 1644 3280 exstinguere.
1694 3212 1820 3266 Sive
1854 3214 1967 3280 spi-

402 3308 561 3360 ritum
611 3321 708 3375 pro
753 3306 926 3375 gratia
973 3306 1274 3373 linguarum
1323 3305 1524 3372 posuit,
1575 3303 1715 3358 sicut
1743 3304 1818 3357 ait
1856 3319 1870 3359 :
1907 3302 1967 3357 Si

1334 255 1396 317 S.
1435 252 1871 313 ΗΙΕΒΟΝΥΜΙ
1916 248 2233 310 OPERUM
2279 247 2683 309 MANTISSA.

1296 366 1381 419 isti
1417 365 1737 420 consolandi
1774 352 1921 423 sunt.
1965 366 2007 418 Δ
2038 377 2254 414 oravero
2279 362 2479 429 lingua,
2513 362 2726 428 spiritus
2756 373 2900 411 meus
2931 364 3048 410 orat
3079 354 3145 426 (1
3181 354 3302 409 Cor.
3337 370 3446 417 xiv,
3480 356 3602 419 Η).

3494 243 3593 307 912

2052 451 2333 516 Quomodo
2368 452 2532 504 etiam
2570 453 2634 503 ad
2669 449 2987 504 Corinthios
3018 447 3146 500 dicit
3180 462 3194 499 :
3236 446 3302 498 Et
3336 447 3476 512 loqui
3513 447 3607 498 lin-

2047 544 2164 611 guis
2203 543 2360 594 nolite
2394 541 2667 609 prohibere
2703 538 2885 605 (Ibid.
2943 537 3034 607 59)
3067 579 3081 601 ,
3118 536 3187 589 ita
3228 548 3278 591 et
3319 537 3407 590 hic
3453 539 3606 605 spirio

2053 644 2163 688 tmn
2197 647 2303 685 non
2334 631 2785 702 exstlngnendum
2818 644 2943 685 esse
2976 639 3226 684 testatur.
3264 646 3281 662 ν

2130 743 2148 774 ‹
2190 723 2513 792 Prnphetias
2543 723 2711 777 nolite
2746 736 3025 790 spernere.
3057 718 3250 773 Omnia
3289 728 3463 771 autem
3495 732 3611 784 pro-

2056 819 2204 881 bate,
2249 818 2389 887 quod
2420 818 2615 869 bonum
2645 825 2728 870 est
2752 823 2927 869 tenete
2962 830 2978 868 :
3010 814 3077 867 ab
3101 812 3247 866 omni
3275 797 3368 878 Spe
3392 812 3456 861 'ie
3484 812 3611 862 mala

2056 910 2322 964 abstinete
2349 924 2463 963 vos.
2503 926 2521 959 ι
2567 907 2692 962 Sive
2723 907 2901 960 futura
2936 904 3311 974 praedicantes,
3346 901 3462 954 sive
3491 916 3615 968 prae.

2057 1003 2214 1055 terita
2249 1001 2578 1055 disserentes
2608 1014 2623 1053 :
2654 1008 2881 1060 tantum,
2919 1008 2977 1050 ut
3012 994 3271 1065 probetis,
3306 994 3349 1045 si
3380 990 3483 1057 legi
3519 1007 3613 1043 non

2058 1104 2183 1148 Sunt
2225 1092 2516 1157 contraria,
2553 1104 2671 1159 quae
2718 1089 3016 1142 dicuntur:
3053 1087 3094 1140 si
3141 1085 3272 1154 quid
3312 1084 3416 1138 tale
3442 1082 3614 1145 fuerit,

2056 1184 2306 1238 refutale.

2134 1293 2151 1325 ι
2184 1274 2305 1342 ipse
2339 1281 2518 1327 autem
2552 1272 2696 1325 Deus
2721 1268 2891 1340 pacis.
2927 1286 2947 1319 ι
3008 1265 3110 1333 Qui
3151 1265 3334 1319 omnia
3371 1263 3615 1327 sustinet,

2060 1369 2222 1420 etiam
2256 1364 2715 1433 blasphemantes.

2136 1474 2154 1507 ι
2197 1454 2512 1508 Sanctificet
2549 1468 2645 1507 vos
2676 1467 2770 1521 per
2802 1451 3006 1506 omnia.
3055 1469 3073 1499 ι
3120 1448 3245 1505 Sive
3280 1449 3479 1519 gratia,
3515 1448 3620 1503 sive

2062 1546 2327 1600 doctrina.

2134 1657 2236 1714 tUt
2258 1661 2461 1727 integer
2489 1658 2709 1728 spiritus
2737 1664 2938 1730 vester.
2966 1662 3021 1710 et
3055 1655 3255 1719 aniira,
3288 1664 3344 1710 et
3373 1670 3617 1724 corpus»

2053 1749 2236 1805 Gratia
2269 1751 2489 1817 spiritus
2536 1748 2785 1816 quamvis
2832 1747 2884 1800 in
2931 1761 2991 1800 se
3035 1760 3249 1814 semper
3291 1745 3501 1813 integra
3538 1745 3620 1807 sit,

2056 1855 2161 1894 non
2196 1850 2373 1894 tamen
2411 1843 2465 1893 in
2492 1838 2650 1893 nobis
2684 1839 2917 1909 integra,
2945 1837 3045 1889 nisi
3076 1835 3144 1889 ab
3175 1834 3401 1903 integris
3434 1834 3623 1887 habea-

2057 1941 2164 1986 ιυιν.

2132 2042 2153 2076 ‹
2212 2022 2343 2078 Sine
2384 2021 2601 2091 querela
2648 2023 2700 2073 in
2750 2020 2983 2073 adventu
3024 2016 3229 2070 Domini
3281 2014 3455 2068 nostri
3508 2010 3621 2066 Jesn

2057 2114 2259 2171 Christi
2285 2125 2551 2168 servetur.
2587 2130 2607 2165 ι
2644 2110 2829 2180 Usque
2857 2112 2908 2163 in
2937 2109 3075 2163 diem
3101 2108 3291 2176 judicii
3321 2125 3335 2161 :
3367 2105 3494 2175 quia
3524 2118 3620 2157 non

2058 2216 2182 2261 sunt
2214 2215 2420 2259 tantum
2450 2204 2600 2259 initia
2640 2204 2930 2266 laudanda,
2966 2201 3058 2255 sed
3095 2200 3238 2252 finis.

2136 2318 2155 2350 ι
2198 2296 2397 2351 Fidelis
2431 2305 2511 2351 est
2541 2297 2632 2365 qui
2668 2295 2876 2350 vocavit
2908 2308 3019 2347 vos.
3059 2311 3078 2342 ι
3117 2290 3218 2357 Qui
3250 2289 3389 2344 dixit
3424 2304 3439 2341 :
3483 2286 3624 2339 Venio

2063 2400 2109 2445 te
2144 2391 2212 2443 ad
2246 2407 2347 2456 me,
2384 2405 2558 2441 omnes
2605 2389 2696 2457 qui
2770 2385 3024 2439 laboratis
3062 2393 3112 2437 et
3156 2382 3360 2437 onerati
3406 2389 3546 2443 estis,
3585 2387 3629 2429 et

2063 2498 2155 2551 ego
2203 2498 2290 2535 vos
2336 2484 2651 2549 requiescere
2697 2479 2896 2547 faciam
2940 2475 3152 2545 (Matth.
3195 2491 3270 2536 xt,
3308 2472 3427 2540 29).

2140 2593 2158 2626 ι
2207 2573 2308 2639 Qui
2349 2575 2510 2625 etiam
2554 2570 2764 2624 faciet.
2824 2568 3073 2629 Fratres,
3100 2577 3250 2621 orate
3290 2580 3392 2634 pro
3445 2562 3628 2618 nobis.

2066 2664 2307 2719 Salutate
2352 2664 2547 2716 fratres
2595 2675 2783 2717 omnes
2840 2661 2896 2714 iu
2936 2659 3121 2713 osculo
3164 2665 3374 2712 sancto.
3417 2674 3437 2708 ι
3491 2653 3632 2719 Quod

2070 2755 2343 2825 promisit.

2146 2863 2166 2897 ι
2216 2846 2427 2914 Adjuro
2456 2857 2550 2913 per
2577 2841 2884 2904 Dominum,
2919 2850 2979 2894 ut
3002 2840 3211 2907 legatur
3248 2838 3489 2907 Epistula
3529 2839 3633 2891 haec

2072 2938 2325 2992 omnibus
2354 2939 2557 2991 sanctis
2603 2936 2883 2991 fratribus.
2922 2953 2940 2986 ι
2982 2934 3246 3003 Adjurare
3292 2930 3632 3002 permittitur,

1996 3025 2040 3080 C
2074 3044 2181 3084 non
2202 3032 2409 3099 jurarc.

2152 3139 2170 3171 ι
2221 3118 2405 3174 Gratia
2442 3120 2655 3175 Domini
2707 3121 2875 3174 nostri
2910 3119 3037 3175 Jesu
3068 3118 3267 3173 Christi
3304 3117 3579 3172 vohiscutu
3617 3126 3630 3165 :

2075 3210 2265 3265 Amen.
2302 3228 2319 3261 ι
2347 3208 2530 3264 Gratia
2561 3226 2681 3264 cum
2712 3212 2963 3265 omnibus
2998 3219 3324 3277 perseveret.

462 3612 589 3700 IN
666 3608 1296 3700 SECUNDAM
1386 3605 2063 3699 EPISTOLAM
2145 3609 2290 3697 AD
2366 3603 3601 3698 THESSALONICENSES.

905 3902 1134 3962 CAPUT
1187 3903 1487 3962 PRIMUM.

485 4021 506 4056 ι
560 4000 775 4067 Paulus,
825 4011 875 4053 et
920 4000 1192 4065 Silvanus,
1240 4009 1291 4053 et
1337 3998 1673 4063 Timotheus,
1723 3996 1979 4051 Ecclesia:

412 4094 974 4151 Thessalonicensiutn
1024 4090 1075 4143 in
1119 4092 1225 4144 Deo
1270 4089 1427 4144 Patre
1469 4102 1676 4154 nnStro,
1711 4101 1764 4143 et
1800 4087 1981 4141 Domi-

412 4201 482 4240 no
506 4183 633 4239 Jesu
663 4182 900 4236 Christo.
934 4181 1120 4235 Gratia
1151 4180 1303 4234 vobis
1333 4192 1386 4234 et
1414 4195 1512 4247 pax
1543 4195 1570 4231 a
1606 4178 1713 4232 Deo
1744 4177 1902 4231 Patre
1927 4188 1983 4231 et

413 4276 637 4331 Domino
668 4271 792 4329 Iesu
826 4274 1066 4327 Christo.
1118 4271 1331 4327 Gratias
1372 4287 1529 4340 agere
1553 4271 1810 4325 debemus
1838 4286 1985 4324 sent-

2151 3926 2169 3958 ι
2217 3904 2288 3960 Ut
2324 3905 2469 3975 digni
2514 3905 2820 3961 habeamini
2865 3906 2916 3960 in
2961 3920 3126 3976 regno
3167 3903 3286 3970 Dei,
3318 3919 3423 3973 pro
3468 3920 3571 3976 quo
3594 3911 3641 3956 et

2077 3997 2345 4066 patimini.
2386 4017 2402 4048 ι
2434 3997 2496 4051 lii
2534 3998 2681 4065 digni
2710 4006 2836 4051 sunt
2869 4012 3035 4065 regno
3068 3995 3186 4059 Dei,
3216 4000 3309 4064 qui
3343 3998 3569 4065 gloriam
3597 3996 3638 4048 ei

2076 4090 2379 4144 tribuerunt
2420 4112 2431 4147 :
2461 4089 2694 4145 scientes
2740 4090 2938 4143 nullam
2972 4088 3278 4159 passionem
3312 4102 3441 4143 esse
3470 4088 3640 4142 condi-

2079 4197 2260 4250 gnam.

2153 4314 2171 4348 ι
2225 4295 2281 4350 Si
2342 4305 2518 4350 tamen
2563 4297 2766 4365 justum
2818 4305 2902 4351 est
2948 4294 3089 4364 apud
3140 4294 3305 4349 Deum
3353 4295 3643 4349 retribuere

416 4383 511 4437 per
541 4366 650 4419 Deo
679 4380 788 4458 pro
808 4365 980 4458 vobis,
1015 4364 1229 4424 fratres,
1255 4363 1336 4458 ita
1360 4372 1425 4458 ut
1455 4360 1674 4428 dignum
1704 4370 1841 4414 est.»
1878 4358 1981 4425 Q“i
2018 4398 2060 4451 ο
2092 4390 2489 4444 tribulationem
2522 4390 2608 4443 his
2637 4390 2729 4458 qui
2761 4403 2854 4443 vos
2885 4358 3199 4443 tribulam.»
3246 4387 3345 4441 Hic
3376 4389 3422 4441 si
3481 4398 3640 4439 tamen

417 4459 518 4515 sibi
559 4460 717 4511 talem
750 4456 1045 4510 Ecclesium
1075 4453 1420 4523 conquisivit.

494 4570 512 4603 ι
551 4548 814 4615 Quoniam
852 4548 1216 4616 supercrescit
1250 4547 1382 4600 fides
1419 4555 1619 4599 vestra.
1658 4563 1674 4597 ι
1713 4544 1839 4599 Ideo
1868 4543 1988 4597 laus

418 4654 667 4713 augetur.

496 4756 513 4788 ι
566 4738 628 4788 Et
679 4732 916 4788 abundat
975 4731 1217 4786 charitas
1267 4728 1696 4799 uniuscujusque
1750 4739 1987 4785 vestrum

420 4830 473 4883 in
517 4828 624 4881 invi
660 4840 744 4879 etn
780 4841 798 4892 ;
833 4827 902 4879 ita
944 4833 1003 4878 ut
1046 4834 1101 4878 et
1141 4838 1237 4877 nos
1270 4824 1368 4892 ipsi
1412 4824 1465 4875 in
1504 4824 1655 4877 vobis
1697 4822 1989 4891 gloriemur

422 4922 476 4975 in
503 4920 757 4974 Ecclesiis
783 4918 930 4972 Dei.»
965 4915 1020 4970 In
1053 4925 1257 4970 tantum
1288 4916 1572 4984 pI'OﬁCiliS,
1597 4924 1655 4968 ut
1680 4931 1785 4969 non
1814 4915 1990 4969 solum

421 5019 509 5072 alii
543 5032 638 5071 vos
666 5016 951 5069 inferiores
979 5014 1180 5085 quique
1210 5013 1535 5075 collaudem,
1570 5013 1663 5066 sed
1691 5013 1852 5066 etiam
1891 5028 1991 5068 nos

424 5109 520 5177 ipsi
551 5123 645 5162 vos
672 5108 1021 5177 praeferamus
1051 5106 1301 5160 omnibus
1334 5105 1644 5158 imitandos.

501 5220 518 5252 ι
580 5202 687 5252 Pro
738 5199 991 5268 patientia
1046 5209 1219 5252 vestra
1269 5210 1323 5251 et
1378 5197 1502 5261 fide,
1542 5198 1688 5250 etin
1744 5198 1992 5254 omnibus

426 5294 895 5363 persccutionibns
960 5292 1156 5345 vestris
1194 5300 1247 5344 et
1286 5290 1749 5345 tribulationibus.
1799 5310 1817 5343 ι
1879 5290 1992 5346 Nisi

428 5386 605 5438 futura
645 5384 958 5448 crederetis,
1002 5383 1104 5437 ista
1148 5382 1369 5435 minime
1406 5381 1637 5437 sttfl‘crre
1690 5382 1916 5436 velletis.

502 5494 521 5528 α
557 5474 701 5541 Quas
733 5476 1011 5528 sustinetis
1042 5476 1092 5527 in
1138 5474 1441 5541 exemplum
1488 5473 1618 5542 justi
1659 5474 1844 5543 judicii
1874 5472 1990 5526 Dei.

430 5568 498 5622 Ut
529 5568 835 5637 exemplum
868 5568 1026 5631 detis,
1049 5567 1251 5634 justum
1287 5565 1657 5635 Deijudicium
1683 5577 1995 5634 exspeCtan-

429 5662 481 5715 tli
513 5677 530 5724 ;
561 5676 720 5730 quem
747 5661 818 5714 ita
850 5660 1073 5715 creditis
1097 5675 1216 5716 esse
1246 5668 1550 5715 venturum.

2087 4483 2462 4537 confirmantis
2502 4498 2681 4537 sermo
2717 4493 2821 4545 est,
2854 4497 2958 4535 non
2995 4481 3311 4542 dubitantis,
3375 4479 3532 4549 quasi
3569 4477 3642 4529 di-

2086 4586 2174 4629 Cal
2210 4589 2225 4627 :
2268 4575 2312 4628 si
2358 4584 2536 4628 tamen
2583 4574 2718 4628 foris
2758 4583 2933 4641 potest
2968 4571 3211 4641 judicare
3240 4572 3475 4639 jnstitia,
3516 4564 3645 4636 quod

2081 4656 2283 4734 justum
2333 4678 2452 4720 est.
2506 4664 2643 4718 Nam
2690 4667 2825 4720 sicut
2878 4665 3244 4719 indubitanter
3294 4679 3391 4731 pro
3449 4661 3646 4715 nomine

2093 4758 2303 4812 Domini
2377 4760 2703 4827 patientibus
2774 4759 3017 4826 requiem
3072 4773 3085 4812 :
3147 4757 3218 4808 ita
3280 4758 3644 4807 incunctanter

2092 4850 2496 4904 tribulationem
2539 4852 2623 4904 his
2663 4850 2751 4917 qui
2790 4868 2885 4904 eos
2927 4849 3207 4912 tribulant,
3256 4847 3584 4914 repromisit.

2166 4985 2187 5018 ι
2227 4966 2288 5020 Et
2316 4966 2465 5020 vobis
2495 4966 2585 5034 qui
2619 4963 2980 5028 tribulatnini,
3014 4964 3255 5032 requiem
3294 4963 3596 5016 nobiscum.
3624 4975 3641 5007 ι

2091 5060 2229 5126 Quia
2262 5060 2422 5113 nobis
2451 5056 2838 5125 con.patitnini.

2168 5193 2186 5225 ι
2229 5174 2288 5228 In
2322 5172 2702 5227 revelationem
2737 5169 2947 5224 Domini
2978 5166 3104 5223 Jesu
3138 5167 3205 5222 de
3235 5168 3375 5221 caelo
3413 5182 3532 5221 cum
3562 5181 3645 5217 au-

2093 5267 2225 5336 gelis
2253 5266 2463 5319 virtutis
2495 5268 2632 5332 ejus.
2673 5282 2693 5315 ι

2172 5402 2190 5434 ι
2229 5382 2285 5436 ln
2318 5382 2532 5435 flamma
2570 5381 2728 5450 ignis,
2762 5380 2937 5435 dantis
2972 5380 3290 5434 vindictam.
3332 5396 3350 5427 ι
3397 5377 3453 5429 Si
3496 5380 3646 5443 potnt!

2096 5474 2312 5528 flamma
2357 5474 2447 5527 Dei
2489 5474 2713 5540 imperio
2751 5482 2860 5525 tres
2894 5488 3089 5539 pueros
3129 5485 3357 5525 omn.no
3395 5484 3499 5520 non
3541 5477 3646 5517 tan-

2099 5580 2223 5634 gere
2270 5582 2283 5619 :
2337 5579 2508 5632 quare
2567 5579 2671 5617 non
2728 5564 2914 5618 eadem
2969 5564 3205 5632 potentia
3260 5562 3383 5616 aliis
3447 5559 3643 5618 saevior,

2100 5658 2219 5713 aliis
2250 5658 2430 5711 mitior
2461 5670 2581 5711 esse
2614 5656 2908 5711 credatur?
2938 5655 3048 5711 lloc
3079 5669 3271 5713 contra
3308 5673 3400 5712 eos
3424 5662 3643 5724 propter-
