3954 6194
369 419 478 484 923

1368 421 1783 484 EXPOSITIO
1817 425 1898 484 ΙΝ
1940 426 2188 489 ΕΙἾδΤ.
2227 429 2286 488 Ii
2318 431 2417 488 AD
2453 431 2812 495 'l‘llESSAL.

3526 443 3634 506 9M

369 543 431 580 «Ὠ
457 568 474 594 ,
525 528 668 597 quod
730 542 946 598 ptenam
999 528 1344 621 conscientia:
1394 529 1770 598 somniarunt;
1823 531 1948 602 quia
1983 544 2026 597 Α
2057 536 2163 589 ιιΙΙο
2196 539 2406 592 modo.»
2446 537 2717 606 Dicentes,
2770 545 2872 597 Hic
2899 542 3158 612 Christus,
3185 563 3299 601 ecce
3322 546 3431 602 illic
3464 551 3628 621 (Ibid.

373 621 474 674 hoc
511 619 619 674 illis
660 619 999 687 impossibile
1033 619 1339 673 videbatur.

447 732 466 763 ‹
510 711 602 767 His
634 713 726 781 qui
757 728 859 766 non
908 723 1172 767 noverunt
1217 713 1384 768 Deum
1423 734 1436 768 :
1473 722 1527 767 et
1554 714 1644 780 qui
1679 730 1783 770 non
1817 716 1948 770 obe-

369 804 526 858 dinnt
573 805 863 874 Evangelia
905 804 1116 860 Domini
1148 808 1319 860 nostri
1349 805 1474 860 Jesu
1506 805 1732 862 Christi.
1774 825 1792 859 ι
1831 807 1947 861 Non

368 897 542 948 solum
577 896 666 964 qui
714 911 823 950 non
877 907 1161 962 noverunt,
1197 898 1290 953 sed
1327 898 1488 951 etiam
1520 900 1611 968 qui
1648 913 1755 953 non
1783 898 1951 952 obau-

376 988 532 1040 diunt
563 985 836 1064 Evangelii
872 989 1199 1058 disciplinis.
1407 999 1418 1006 ‘
1797 1059 1800 1062 ,

443 1097 460 1127 ι
498 1077 598 1142 Qui
633 1093 822 1146 poenas
846 1078 1050 1134 dabunt
1083 1083 1134 1133 in
1169 1081 1388 1135 interitu
1419 1092 1673 1136 internas.
1707 1099 1725 1133 ι
1756 1068 1950 1136 Pinnas

371 1171 429 1224 in
463 1186 528 1224 eo
555 1172 647 1239 qui
683 1173 904 1239 patitur,
940 1188 1043 1226 non
1080 1183 1258 1242 potest
1287 1173 1414 1228 dici.

451 1280 470 1314 ‹
525 1263 568 1314 Α
619 1262 757 1316 facie
809 1262 1044 1327 Domini,
1097 1273 1152 1316 et
1192 1280 1220 1317 a
1273 1265 1438 1332 gloria
1494 1264 1713 1318 virtutis
1763 1265 1943 1333 ejus.»

367 1353 414 1405 Δ
462 1353 593 1420 justi
647 1364 966 1424 conspectu,
1011 1356 1340 1409 sententiam
1395 1356 1762 1410 damnationis
1809 1355 1952 1410 acci-

366 1456 545 1514 plant.

449 1578 467 1610 ι
503 1559 638 1614 Cum
661 1561 874 1616 venerit
899 1562 1192 1632 gloriﬁcari
1219 1563 1274 1617 in
1305 1562 1510 1617 sanctis
1534 1564 1668 1618 suis.
1706 1580 1725 1613 ι
1753 1560 1875 1631 Ipse
1896 1557 1952 1612 in

367 1656 496 1710 liliis
527 1655 912 1725 gloriﬁcandus
938 1667 1024 1710 est
1052 1655 1335 1722 membris,
1366 1669 1485 1724 qua:
1511 1654 1644 1710 solis
1667 1653 1956 1724 splendore

363 1745 678 1816 fulgebunt.

447 1837 543 1890 «Et
567 1837 902 1906 admirabilis
928 1836 1041 1892 ﬁeri
1069 1837 1118 1890 in
1143 1835 1394 1891 omnibus
1421 1837 1511 1906 qui
1536 1836 1944 1891 crediderunt.»

371 1926 718 1981 Mirabuntur
746 1928 922 1998 impii,
958 1937 1013 1981 et
1043 1928 1299 1982 irrisores
1335 1927 1682 1991 humilitatis,
1716 1929 1770 1982 in
1803 1927 1951 1999 jubi-

366 2021 574 2074 latione
600 2019 789 2075 salutis
821 2021 1110 2088 insperata:
1138 2022 1430 2088 iustorum.
1563 2020 1569 2025 ’

446 2129 465 2161 ι
503 2111 637 2177 Quia
671 2112 936 2165 creditum
971 2119 1056 2164 est
1087 2111 1461 2166 testimonium
1494 2119 1740 2164 nostrum
1781 2123 1949 2178 super

366 2218 465 2257 vos
490 2204 541 2256 iu
570 2205 658 2257 die
682 2204 790 2257 illo.
827 2222 844 2253 ι
881 2201 1018 2270 Quia
1043 2202 1196 2258 multi
1221 2202 1277 2256 in
1306 2203 1391 2256 die
1436 2201 1530 2256 illo
1584 2211 1773 2256 nostro
1803 2201 1952 2256 testi-

367 2298 552 2350 tnonio
568 2296 906 2352 credidistis.
1401 2361 1406 2366 ,

445 2407 463 2438 ι
502 2387 560 2440 1n
591 2401 696 2454 quo
728 2389 891 2440 etiam
919 2402 1138 2442 oramus
1172 2403 1385 2457 semper
1417 2403 1513 2458 pro
1545 2388 1694 2443 vobis
1730 2428 1746 2454 ,
1778 2398 1836 2442 ut
1863 2388 1948 2443 di-

366 2489 564 2550 gnetur
609 2495 704 2534 vos
755 2495 849 2533 sua
881 2481 1163 2534 vocatione
1204 2481 1347 2534 Deus
1377 2491 1588 2534 noster.
1641 2497 1659 2531 ι
1700 2479 1763 2534 Ut
1804 2482 1950 2549 digni

365 2568 720 2622 inveuintnini
758 2567 827 2622 ad
896 2570 946 2622 id
978 2570 1122 2636 quod
1161 2571 1334 2625 vocati
1369 2571 1505 2624 estis
1538 2587 1553 2625 :
1586 2570 1713 2639 quia
1745 2571 1953 2640 priores

365 2660 605 2725 invitati,
640 2676 746 2714 non
778 2670 935 2715 erant
975 2662 1147 2731 digiti.

443 2770 463 2804 ι
516 2751 582 2806 Et
628 2753 847 2820 impleat
892 2767 1108 2805 onmem
1159 2752 1491 2807 voluntatem
1529 2753 1787 2806 bonitatis
1817 2767 1952 2814 suae,
2006 2799 2011 2803 .

365 2855 421 2898 et
472 2861 606 2914 Opus
660 2845 781 2898 lidei
835 2847 886 2898 in
944 2849 1165 2899 virtute.
1227 2863 1245 2896 ι
1299 2845 1584 2914 Adjutorto
1637 2836 1844 2912 gratiae,
1895 2852 1954 2895 et

365 2936 740 2991 consolatione
779 2937 1028 2992 scientia:
1069 2939 1356 3000 virtutum,
1392 2950 1510 3004 qua:
1547 2951 1684 3005 opus
1720 2942 1847 2988 sunt
1883 2932 1949 2986 ﬁ-

368 3027 483 3083 dei.

447 3159 466 3192 ι
509 3139 579 3196 Ut
606 3139 937 3197 clariIICetur
974 3157 1165 3196 nomen
1197 3141 1410 3196 Domini
1441 3141 1612 3195 nostri
1640 3139 1765 3194 Jesu
1794 3137 1953 3193 Chri-

367 3235 438 3288 sti
473 3235 526 3287 in
557 3235 726 3302 vobis,
745 3246 796 3290 et
827 3250 923 3290 vos
953 3235 1007 3289 in
1039 3235 1150 3289 illo.
1197 3251 1216 3285 ι
1251 3234 1318 3289 Et
1348 3244 1405 3288 ut
1439 3233 1642 3288 Christi
1675 3247 1870 3284 nomen
1899 3231 1951 3283 in
1984 3242 2027 3300 ε

367 3325 566 3379 vestris
602 3325 811 3380 aetibus
843 3327 1048 3380 clarum
1080 3327 1174 3391 sit,
1220 3337 1270 3380 et
1308 3341 1402 3381 vos
1433 3327 1485 3378 in
1514 3323 1634 3392 ejus
1669 3322 1838 3392 signis
1898 3329 1956 3374 et

367 3417 668 3471 virtutibus
701 3417 950 3486 gloriosi.

451 3532 468 3564 ι
529 3512 840 3565 Secundum
875 3511 1104 3581 gratiam
1138 3511 1231 3566 Dei
1260 3513 1452 3576 nostri,
1488 3521 1542 3566 et
1588 3512 1798 3568 Domini
1826 3512 1954 3568 Jesu

371 3603 604 3659 ChriSti.
640 3623 659 3654 ι
691 3600 908 3671 Expetit
939 3619 968 3656 a
1005 3603 1186 3668 nobis,
1208 3604 1349 3672 quod
1375 3619 1663 3672 possumus
1689 3623 1705 3660 :
1733 3607 1954 3674 utquod

371 3710 481 3749 non
512 3709 826 3764 possumus,
867 3693 1150 3763 largiatur.

1007 3875 1241 3934 CAPUT
1285 3875 1351 3930 ll.

456 4027 473 4060 ι
531 4008 807 4078 ROgainus
845 4018 1024 4062 autem
1076 4022 1192 4072 vos,
1242 4007 1484 4072 fratres,
1532 4022 1626 4078 per
1666 4008 1955 4066 adventant

373 4103 589 4156 Domini
625 4100 795 4154 nostri
829 4097 956 4155 Jesu
987 4099 1246 4153 Christi.»
1290 4099 1407 4164 Quo
1438 4102 1591 4154 vobis
1623 4101 1846 4156 charius
1874 4103 1958 4156 ui-

372 4194 452 4248 bil
482 4208 604 4247 esse
645 4209 766 4246 sum
796 4201 995 4246 certus.

451 4301 471 4336 ι
511 4284 573 4338 Ει
605 4295 806 4339 nostra:
833 4283 1272 4352 congregationis
1299 4281 1350 4336 in
1380 4284 1581 4350 ipsum.
1618 4302 1636 4336 ›
1669 4282 1897 4349 Quando
1929 4301 1958 4339 a

371 4388 608 4442 quatuor
634 4378 808 4430 ventis
836 4375 958 4430 C(Bli
1015 4373 1494 4444 congregabuntur
1522 4374 1678 4431 electi
1735 4375 1956 4446 (Matth.

372 4483 488 4528 ιιν,
525 4468 616 4534 5i)
651 4477 744 4521 :ut
784 4467 873 4520 tibi
920 4467 1084 4522 fuerit
1129 4483 1348 4536 corpus.
1390 4466 1498 4520 illic
1526 4481 1852 4523 concurrant
1905 4477 1959 4523 et

372 4558 572 4627 aquila:
596 4556 753 4627 (Ibid.
783 4557 894 4628 28).

455 4667 475 4701 ι
528 4648 598 4704 Ut
646 4666 750 4702 non
795 4651 901 4705 cito
940 4649 1264 4704 moveamini
1308 4665 1338 4704 a
1387 4658 1570 4703 vestro
1613 4663 1814 4714 sensu,
1859 4665 1952 4705 ne-

373 4755 481 4808 que
527 4741 874 4794 terreamini.
929 4759 946 4791 ι
1007 4741 1287 4794 l’erfacilis
1327 4751 1449 4805 est,
1507 4742 1598 4809 qui
1635 4740 1702 4794 de
1738 4739 1950 4796 Domini

377 4835 611 4887 adventu
645 4841 830 4887 contra
864 4833 1225 4904 evangelicam
1262 4833 1591 4886 sententiam
1632 4845 1948 4888 commove-

377 4933 483 4977 tur.

455 5035 474 5065 ι
512 5014 696 5080 Neque
723 5029 816 5083 per
847 5014 1116 5082 spiritum,
1147 5029 1322 5082 neque
1355 5027 1450 5084 per
1477 5027 1842 5070 sermonem.)
1874 5010 1952 5068 Ne

373 5108 532 5175 signa
580 5122 674 5160 vos
713 5115 974 5170 terreant,
1008 5108 1162 5175 quasi
1193 5121 1288 5173 per
1332 5108 1579 5174 spiritum
1611 5105 1789 5172 facta;
1827 5105 1950 5173 quia

372 5211 428 5252 ct
463 5199 568 5252 hoc
601 5199 845 5252 Salvator
877 5208 1002 5252 ante
1033 5189 1357 5268 praemonuit
1387 5215 1402 5250 :
1428 5212 1600 5267 neque
1627 5211 1810 5252 sermo
1841 5198 1954 5253 dia-

374 5288 582 5342 lectica:
605 5303 700 5341 vos
728 5290 970 5344 seducat.

453 5403 472 5431 ι
531 5379 715 5446 Neque
763 5395 858 5449 per
904 5378 1186 5449 epistolam
1234 5387 1492 5448 tanquam
1545 5393 1639 5448 per
1669 5395 1768 5433 nos
1817 5380 1949 5436 mis-

373 5488 520 5528 sam.
555 5490 574 5523 ι
615 5472 868 5542 Poterant
897 5482 952 5526 et
983 5475 1082 5526 hoc
1112 5472 1376 5527 diabolica
1409 5473 1724 5542 excogitare
1757 5487 1948 5528 versu-

375 5570 474 5629 tia,
521 5565 665 5620 sicut
711 5565 766 5618 in
817 5565 999 5618 multis
1045 5563 1368 5635 apocryphis
1417 5572 1664 5633 apparet,
1712 5579 1831 5634 qua:
1883 5567 1952 5620 ad

373 5658 536 5713 ﬁdem
569 5657 805 5723 perﬁdia:
830 5655 1152 5718 faciendam,
1182 5654 1548 5725 apostolorum
1575 5656 1794 5711 nomine
1825 5656 1953 5712 inti-

376 5752 641 5804 tulantur.

457 5859 476 5893 σ
513 5840 680 5907 Quasi
711 5843 868 5898 instet
898 5844 1013 5899 dies
1051 5841 1281 5898 Domini.
1320 5839 1398 5897 Ne
1438 5840 1560 5911 quis
1600 5855 1693 5898 vos
1727 5841 1954 5903 seducat

1981 4587 2034 4646 D

2059 627 2175 693 Q3).

2135 740 2150 771 ι
2192 719 2456 786 Quoniam
2492 721 2594 777 nisi
2638 721 2850 777 venerit
2879 721 3141 779 discessio
3177 726 3432 795 primum.
3467 747 3486 780 ι
3519 727 3634 786 Nisi

2058 812 2426 867 Antichristus
2469 813 2712 877 venerit,
2753 828 2865 868 non
2905 815 3086 869 veniet
3132 816 3404 873 Christus.
3478 818 3635 886 Quod

2057 911 2237 956 autem
2293 903 2686 958 discessionem
2731 905 2822 961 hic
2860 904 3012 970 dicit,
3058 907 3186 961 alibi
3238 909 3494 978 refugium
3545 926 3638 979 ap-

2058 990 2298 1057 pellavit.
2345 990 2401 1045 ln
2451 991 2657 1048 Latinis
2700 995 3103 1065 exemplaribus
3135 1009 3422 1069 utrumque
3453 1002 3522 1055 ita
3556 1005 3638 1054 in-

2058 1078 2402 1146 telligendum
2442 1091 2545 1146 est,
2580 1083 2725 1151 quod
2763 1083 2865 1137 nisi
2900 1086 3109 1140 venerit
3153 1087 3334 1156 refuga
3366 1089 3634 1156 veritatis,

2058 1167 2173 1222 sive
2213 1169 2296 1222 sui
2346 1170 2683 1240 principatus
2723 1171 2992 1235 desertor.
3037 1175 3153 1229 sive
3196 1177 3458 1231 discessio
3504 1196 3633 1248 gen-

2063 1258 2232 1311 tilium
2304 1275 2332 1312 a
2405 1276 2571 1330 regno
2637 1264 2924 1330 Romano,
2991 1267 3134 1320 sicut
3189 1269 3240 1321 in
3279 1269 3638 1341 Danieleper

2060 1348 2246 1403 bestiae
2284 1351 2574 1416 imaginem
2604 1353 2757 1408 dicit.

2138 1457 2156 1490 ι
2213 1438 2278 1494 Et
2329 1442 2598 1498 revelatus
2648 1443 2810 1499 fuerit
2841 1445 3000 1502 homo
3039 1447 3265 1519 peccati.
3317 1469 3334 1501 ι
3381 1449 3636 1508 Diabolus

2060 1531 2287 1586 scilicet.

2138 1641 2156 1674 ι
2203 1624 2373 1680 Filius
2409 1626 2746 1693 perditionis.
2806 1649 2826 1682 ι
2874 1629 2974 1696 Qui
3023 1647 3144 1686 cum
3187 1633 3338 1702 quasi
3383 1633 3484 1689 sibi
3538 1651 3634 1688 ua-

2061 1723 2200 1778 tum,
2251 1717 2476 1770 servitio
2529 1719 2823 1783 possidebit
2871 1737 2888 1775 :
2943 1721 3036 1790 qui
3090 1726 3389 1776 secundum
3443 1723 3636 1780 Isaiam

2061 1807 2388 1862 conturbare
2443 1809 2640 1863 dicitur
2694 1822 2880 1878 gentes
2939 1811 3106 1879 (Isn.
3139 1828 3288 1878 Lm,
3317 1813 3395 1880 2).

2135 1914 2156 1947 ι
2211 1897 2311 1962 Qui
2346 1899 2663 1953 adversatur
2696 1911 2750 1955 et
2776 1902 3052 1957 extollitur
3078 1921 3243 1974 supra
3273 1920 3456 1966 omne,
3488 1908 3633 1976 quod

2053 1988 2256 2044 dicitur
2287 1989 2452 2055 Deus,
2491 2002 2590 2046 aut
2626 1995 2768 2062 quod
2807 1997 3003 2049 colitur
3046 2011 3060 2048 :
3095 1997 3167 2049 ita
3210 1997 3258 2050 in
3299 2001 3498 2064 templo
3540 1999 3635 2054 Dei

2053 2085 2257 2145 sedeat,
2315 2083 2607 2138 ostendens
2647 2099 2708 2138 se
2759 2093 3008 2152 tanquam
3062 2087 3135 2140 sit
3168 2086 3327 2142 Deus.
3387 2107 3404 2139 ι
3461 2091 3634 2159 Supra

2051 2189 2265 2228 omnem
2302 2174 2597 2240 potentiam
2657 2184 2712 2228 et
2746 2179 3102 2231 aeternitatem
3140 2193 3198 2232 se
3226 2178 3457 2248 jactabit
3503 2196 3517 2234 :
3575 2190 3636 2234 ut

2051 2274 2389 2318 sacramenta
2419 2264 2644 2319 cultura:
2671 2267 2944 2336 corrigere
3003 2267 3087 2320 vel
3123 2283 3320 2336 angere
3353 2285 3411 2324 se
3463 2269 3632 2334 dicat,

2053 2362 2107 2408 et
2149 2356 2408 2424 templum
2437 2354 2742 2410 Jerusalem
2775 2359 2996 2412 reticere
3032 2360 3282 2424 tentabit,
3333 2375 3630 2428 omnesque

2052 2443 2190 2514 legis
2236 2449 2591 2501 caeremonias
2638 2457 2980 2514 restaurare;
3031 2459 3236 2504 tantum
3286 2460 3345 2504 ut
3389 2452 3634 2508 veritatis

2051 2538 2254 2592 Christi
2307 2537 2656 2608 Evangelium
2707 2539 2913 2604 solvat;
2963 2555 3082 2609 qua:
3131 2557 3216 2595 res
3261 2539 3466 2597 Judzeis
3507 2557 3631 2596 eum

2053 2644 2150 2697 pro
2197 2629 2417 2682 Christo
2481 2631 2760 2698 suscipere
2815 2632 3081 2697 suadebit,
3133 2631 3187 2686 in
3237 2648 3354 2701 suo,
3406 2648 3512 2688 non
3543 2631 3633 2688 Dei

2055 2721 2271 2774 nomine
2303 2723 2630 2776 venientem.

2130 2836 2146 2866 ι
2192 2813 2314 2868 Non
2352 2813 2628 2882 retinetis,
2671 2815 2814 2883 quod
2854 2829 2977 2870 cum
3025 2817 3199 2869 adhuc
3254 2828 3430 2870 essent
3494 2816 3634 2883 apud

2055 2922 2171 2970 vos,
2217 2907 2330 2960 hac
2380 2905 2626 2959 dicebam
2677 2908 2850 2961 vobis.
2908 2892 2972 2959 Et
3016 2922 3167 2974 ,nnnc
3207 2908 3332 2975 quid
3371 2908 3634 2970 detineat,

2052 2998 2246 3052 scitis.
2315 3015 2334 3049 ι
2381 2994 2493 3052 Hoc
2529 3007 2659 3064 est,
2725 3014 2844 3066 quae
2883 3012 3034 3052 mora
3087 3008 3210 3064 est,
3275 3009 3330 3051 ut
3383 3014 3486 3051 non
3539 3014 3635 3053 ve-

2058 3089 2193 3144 uiat.

2135 3201 2153 3233 ε
2209 3182 2279 3238 Ut
2323 3181 2593 3238 reveletur
2644 3183 2696 3238 in
2741 3197 2843 3239 suo
2885 3193 3150 3253 tempore.
3187 3202 3204 3235 ι
3241 3179 3394 3250 Quod
3423 3193 3635 3254 tempus

2061 3275 2300 3328 nondum
2334 3275 2571 3330 advenit.

2133 3383 2150 3416 ι
2199 3365 2332 3418 Nam
2383 3367 2699 3437 mysterium
2751 3367 2861 3436 jam
2910 3377 3164 3436 operatur
3209 3366 3546 3436 iniquitatis.
3610 3383 3630 3418 ι

2055 3454 2112 3508 In
2165 3449 2250 3508 his
2298 3456 2390 3526 qui
2435 3455 2587 3512 falsis
2634 3458 2898 3512 doctrinis
2954 3459 3080 3527 ejus
3128 3459 3388 3527 prtevinm
3431 3456 3639 3512 faciunt

2057 3546 2160 3602 iter
2204 3565 2220 3602 :
2259 3565 2398 3618 quos
2441 3547 2635 3604 beatus
2676 3547 2916 3605 Joannes
2965 3550 3022 3605 in
3071 3550 3330 3605 numdum
3371 3548 3502 3603 dicit
3543 3565 3636 3604 ex-

2057 3651 2184 3693 1858.

2041 3743 2046 3748 ·
2136 3750 2154 3782 ι
2212 3730 2444 3786 Tantum
2474 3743 2532 3786 ut
2557 3733 2648 3802 qui
2696 3744 2840 3788 tenet
2881 3748 3045 3797 nunc,
3090 3741 3267 3788 teneat
3308 3749 3324 3788 :
3365 3732 3538 3788 donec
3571 3734 3638 3788 de

2059 3822 2237 3877 medio
2265 3824 2374 3878 ﬁat.
2409 3824 2471 3877 Et
2503 3825 2992 3879 tunc'revelabitur
3027 3825 3115 3878 ille
3146 3823 3421 3893 iniquus.»
3457 3822 3640 3880 Donec

2057 3930 2307 3986 regnum,
2375 3916 2518 3984 quod
2563 3931 2707 3970 nunc
2759 3925 2945 3982 tenet,
2994 3916 3061 3970 de
3106 3913 3286 3968 medio
3325 3914 3636 3982 auleratur,

2058 4011 2208 4079 prius
2256 4026 2417 4076 qtiam
2467 4010 2832 4065 Anticliristus
2869 4014 3158 4064 reveletur.

2140 4119 2158 4153 ε
2199 4105 2368 4168 Quem
2417 4102 2678 4157 Dominus
2721 4101 2879 4158 Jesus
2925 4101 3214 4156 interﬁcict
3264 4100 3456 4170 spiritu
3500 4103 3622 4160 oris

2061 4191 2166 4248 sui.
2199 4211 2218 4244 ι
2258 4192 2478 4248 leesti
2512 4193 2760 4262 imperio,
2795 4192 2876 4244 vel
2908 4194 3045 4247 solo.
3130 4182 3135 4186 ’

2136 4301 2155 4335 ι
2200 4283 2265 4336 Et
2293 4285 2534 4338 destruet
2565 4283 2936 4338 illustratioue
2961 4287 3226 4338 adventus
3268 4285 3378 4340 sui.
3415 4301 3433 4335 ο
3474 4283 3640 4350 Quia,

2062 4376 2208 4431 sicut
2235 4374 2434 4442 fulgur,
2471 4375 2668 4446 ubique
2704 4377 3011 4432 coruscabit
3063 4376 3118 4430 in
3181 4378 3399 4440 mundo,
3441 4377 3638 4433 solutis

2061 4467 2458 4535 commotisque
2483 4465 2769 4522 elementis
2810 4483 2907 4537 per
2938 4468 3138 4537 ignem.

2139 4579 2156 4612 ι
2197 4559 2356 4626 Eum,
2384 4561 2536 4628 cujus
2557 4570 2636 4616 est
2660 4563 2927 4616 adventus
2948 4562 3244 4616 secundum
3265 4562 3640 4632 operationem

2061 4652 2277 4708 Satanaa
2308 4653 2361 4707 in
2398 4652 2547 4708 omni
2574 4653 2790 4719 virtute,
2821 4665 2875 4709 et
2907 4655 3078 4723 signis
3111 4665 3162 4708 et
3197 4657 3455 4724 prodigiis
3489 4671 3635 4708 men-

2057 4746 2281 4798 dacibos
2303 4783 2318 4809 ,
2369 4754 2424 4799 et
2455 4745 2512 4798 in
2535 4747 2681 4800 omni
2711 4746 3031 4801 seductione
3059 4747 3387 4816 iniquitatis,
3409 4746 3505 4801 bis
3537 4747 3629 4815 qui

2057 4854 2307 4911 pereunt.
2345 4863 2364 4898 ι
2392 4844 2550 4900 Sicut
2589 4854 2714 4900 ante
2752 4846 3038 4912 praedixit,
3092 4845 3304 4900 Dabunt
3344 4846 3493 4913 signa
3519 4883 3535 4909 ,
3577 4849 3635 4898 ut

2055 4938 2330 5000 seducant,
2369 4938 2414 4990 si
2440 4936 2558 5005 ﬁeri
2591 4946 2782 5006 potest,
2817 4940 2972 4992 etiam
3001 4937 3187 4992 electos
3216 4935 3437 5007 (Matth.
3479 4949 3629 5002 xstv,

2051 5027 2145 5092 24)
2173 5065 2188 5087 ,
2241 5043 2339 5096 per
2384 5029 2727 5096 phantasiam
2774 5029 3281 5095 simulationemque
3331 5029 3629 5093 virtutum;

2054 5120 2194 5174 sicut
2223 5119 2248 5174 J
2261 5135 2445 5175 amnes
2477 5131 2532 5174 et
2554 5120 2794 5177 Mambre
2822 5136 3003 5176 coram
3057 5119 3333 5173 Pharaone
3386 5116 3632 5172 fecerunt

2055 5213 2255 5283 (Exod.
2290 5231 2360 5278 vi,
2399 5217 2509 5286 ll).

2133 5325 2152 5357 ι
2189 5305 2266 5362 Eo
2291 5307 2433 5374 quod
2477 5308 2723 5363 veritatis
2772 5308 3092 5363 charitatem
3142 5321 3245 5360 non
3282 5312 3628 5372 receperunt,

2055 5407 2115 5453 ut
2155 5398 2292 5452 salvi
2325 5399 2536 5454 ﬁerent.
2565 5399 2690 5455 Ideo
2721 5400 2896 5454 mittet
2937 5398 3046 5454 illis
3082 5399 3224 5453 Deus
3253 5393 3627 5465 operationem

2053 5491 2280 5556 erroris,
2312 5501 2372 5545 ut
2417 5492 2644 5546 credant
2696 5493 3000 5547 mendacio.
3043 5510 3062 5543 ι
3101 5487 3376 5544 Permittit
3405 5486 3628 5552 venire;

2055 5597 2180 5636 nam
2220 5585 2264 5638 si
2295 5582 2437 5640 Deus
2479 5584 2666 5650 mittit,
2706 5599 2810 5640 non
2842 5595 2929 5640 est
2963 5583 3208 5654 operatio
3240 5581 3481 5636 Satanae.

2133 5693 2151 5726 ι
2187 5673 2584 5745 Utjudicentur
2610 5692 2801 5732 onmes
2829 5677 2920 5745 qui
2953 5691 3060 5731 non
3101 5673 3453 5730 crediderunt
3483 5672 3627 5726 veri-

2055 5764 2171 5828 tati,
2203 5767 2298 5818 sed
2341 5775 2738 5821 consenserunt
2764 5766 3061 5835 iniquitati.
3099 5781 3119 5818 ι
3159 5763 3276 5820 Non
3310 5775 3370 5815 se
3399 5771 3629 5832 propter

2058 5855 2445 5912 incarnationis
2475 5855 2675 5915 Christi
2701 5857 3090 5915 obscuritatem
3113 5860 3396 5918 excusent,
3421 5852 3623 5908 divinis
