3956 6196
335 369 444 433 9‘5

1274 376 1333 437 s.
1381 355 1826 439 Ittunos‘rm
1868 380 2192 440 OPERUM
2236 381 2643 440 MANTISSA.

3293 395 3374 418 υ
3454 378 3554 442 916

323 499 428 536 non
482 482 780 536 credidisse
823 482 1110 538 virtutibus
1147 496 1164 538 :
1199 499 1321 539 cum
1375 486 1584 542 homini
1637 489 1888 544 credide-
1918 506 1962 561 Α
1994 491 2121 545 dum
2144 490 2516 553 traditionem,
2546 503 2708 558 quam
2739 495 3119 556 aceeperunta
3147 488 3325 543 nobis.
3366 507 3384 542 ι
3429 489 3556 558 Quia

321 577 448 640 rint,
485 574 751 629 diabolica
796 583 912 626 arte
941 574 1186 629 fallente.

393 685 414 719 ‹
463 667 574 720 Nos
609 677 787 720 autem
818 666 1076 723 debemus
1116 671 1322 735 gratias
1350 685 1511 739 agere
1537 671 1648 727 Deo
1679 684 1893 740 semper

317 771 416 827 pro
457 758 646 822 vobis,
694 757 890 812 fratres
922 759 1105 814 dilecti
1143 775 1174 814 a
1226 759 1355 816 Deo.
1399 780 1418 812 ›
1453 761 1587 828 Quia
1644 765 1890 826 charitag

320 860 428 902 tem
476 851 778 918 recepimus
817 850 1096 916 veritatis,
1143 862 1198 906 et
1252 862 1471 922 propter
1501 852 1607 907 hoc
1636 868 1735 908 nos
1773 853 1892 908 dili-

321 942 418 1008 git.
599 952 614 964 ‘
1343 955 1362 963 ‘

396 1051 416 1084 ε
471 1031 626 1098 Quod
681 1033 906 1103 elegerit
961 1049 1058 1088 nos
1093 1033 1235 1089 Deus
1273 1036 1541 1106 primitias
1575 1035 1625 1090 in
1653 1035 1887 1102 salutem

325 1127 376 1178 in
419 1125 848 1180 sanctiﬁcatione
888 1125 1114 1196 spiritus
1140 1167 1155 1190 ,
1203 1138 1256 1182 et
1311 1128 1363 1182 in
1420 1129 1524 1183 fide
1569 1129 1833 1184 veritatis.
1864 1147 1884 1179 ι

325 1216 524 1273 Videns
560 1230 773 1288 paratos
802 1221 868 1272 ad
920 1220 1270 1283 credendum,
1319 1221 1460 1274 sient
1502 1232 1558 1275 et
1605 1221 1768 1286 alibi,
1811 1235 1892 1274 re-

321 1311 596 1364 cumbenti
638 1325 666 1364 ιι
700 1310 814 1366 viro
844 1310 1134 1366 Macedone
1169 1311 1461 1366 revelatum
1497 1321 1600 1366 est.

397 1421 415 1454 ι
451 1401 504 1454 In
538 1418 642 1470 qua
671 1413 724 1458 et
749 1405 964 1458 vocavit
1003 1419 1098 1458 vos
1125 1417 1218 1473 per
1257 1403 1607 1472 Evangelium
1643 1410 1888 1458 nostrum

321 1498 372 1548 in
416 1497 834 1564 acquisitionem
868 1497 1050 1566 gloriae
1077 1496 1286 1550 Domini
1315 1494 1442 1549 Jesu
1476 1494 1701 1550 Christi.
1742 1515 1761 1545 ι
1808 1495 1887 1548 Ad

319 1589 422 1642 hoc
457 1589 630 1644 voeati
657 1605 863 1652 sumus,
897 1597 953 1642 ut
999 1589 1201 1644 Christi
1243 1589 1464 1656 gloriam
1500 1589 1888 1655 acquiramus:

323 1680 533 1735 Scimus
596 1680 731 1733 enim
780 1681 1031 1748 quoniam
1085 1696 1203 1735 cum
1245 1681 1586 1750 apparuerit“,
1619 1678 1813 1734 similes
1845 1681 1893 1734 et'

321 1774 515 1825 erimus
550 1770 600 1843 (1
637 1769 802 1826 Joan.
841 1788 922 1836 Ill,-
959 1770 1039 1844 9.).

1996 580 2048 634 in
2091 580 2263 649 prima
2310 579 2488 633 lenius
2537 579 3017 641 commonuimus,
3067 589 3122 634 et
3173 581 3460 635 emendare
3504 597 3558 636 se

1993 674 2316 730 noluerunt.
2351 673 2446 728 Vel
2491 675 2596 730 hoc
2628 674 2812 738 modo,
2865 675 3008 744 quod
3065 675 3239 729 sancti
3291 689 3348 730 se
3395 673 3460 728 ab
3485 677 3558 730 eis

1995 775 2274 834 separant,
2308 767 2654 820 erubescant.
2698 764 2868 835 llujus
2901 766 3068 835 plane
3109 765 3562 819 lociauctoritate

1995 856 2426 910 subtrahendum
2483 863 2569 912 est
2616 860 2684 911 ab
2742 857 2890 910 omni
2948 856 3294 920 Christiano,
3326 856 3417 926 qui
3464 872 3559 912 non

1997 947 2290 1002 secundum
2313 947 2562 1017 Apostoli
2615 948 2821 1003 incedit
2852 958 3144 1018 praecepta.
3391 941 3394 944 ’

2073 1059 2090 1090 r
2129 1038 2236 1108 Ipsi
2269 1044 2413 1094 enim
2447 1040 2598 1094 scitis
2625 1040 3081 1108 quemadmodum
3105 1048 3356 1110 oporteat
3385 1039 3559 1094 imita-

1997 1129 2038 1183 ri
2083 1145 2218 1195 nos,
2253 1129 2506 1198 quoniam
2545 1147 2648 1185 non
2711 1131 2938 1202 inquieti
2989 1131 3192 1187 fuimus
3239 1132 3382 1185 inter
3435 1117 3596 1184 vos:.

1994 1234 2168 1288 neque
2206 1220 2378 1290 gratis
2412 1236 2603 1290 panem
2651 1221 3099 1277 manducarimus
3130 1223 3197 1276 ab
3239 1219 3446 1286 aliquo,
3477 1219 3562 1272 sed

1995 1309 2051 1364 in
2095 1310 2279 1366 labore
2309 1321 2362 1366 et
2413 1313 2732 1384 fatigatione
2759 1353 2774 1378 ,
2813 1324 2971 1369 nocte
3015 1329 3080 1368 ac
3109 1313 3200 1368 die
3241 1318 3561 1382 operantes:

1993 1416 2064 1456 ne
2093 1417 2253 1472 quem
2291 1412 2532 1458 vestrum
2566 1420 2943 1475 gravaremus.
2971 1423 2988 1456 ›
3029 1406 3129 1473 Qui
3173 1419 3365 1460 smnus
3400 1403 3563 1459 forma

1995 1493 2359 1548 credentium.

2073 1604 2090 1636 ι
2123 1583 2239 1639 Non
2265 1585 2416 1654 quasi
2454 1600 2559 1639 non
2601 1584 2957 1642 habuerimus
2992 1595 3336 1656 potestatem.
3384 1604 3402 1637 ι
3435 1585 3565 1652 Quia

1997 1677 2192 1746 dignus
2216 1685 2298 1732 est
2325 1678 2607 1745 operarius
2639 1678 2889 1733 mercede
2931 1693 3027 1733 sua
3063 1678 3216 1750 (Luc.
3259 1695 3311 1742 ι,
3354 1677 3433 1748 7).

2074 1785 2093 1818 ε
2146 1768 2253 1821 Sed
2305 1776 2364 1820 ut
2420 1769 2783 1840 nosmetipsos
2831 1769 3060 1824 formam
3119 1771 3376 1824 daremus
3424 1767 3568 1822 vobis

398 1883 416 1915 ι
449 1863 658 1932 Itaque,
693 1863 910 1931 fratres,
935 1872 1092 1922 state.
1134 1883 1154 1917 ›
1184 1863 1246 1938 ιιι
1274 1863 1379 1918 ﬁde
1403 1864 1651 1920 veritatls
1683 1863 1886 1918 immo-
1923 1864 1966 1919 Β
1993 1859 2060 1914 ad
2095 1859 2416 1914 imitandum
2452 1877 2569 1916 nos.
2610 1882 2629 1913 ι
2665 1863 2744 1917 Ne
2773 1863 2861 1916 cui
2894 1863 3238 1918 occasionem
3288 1861 3528 1916 avaritizr.
3549 1901 3564 1924 ,

323 1957 480 2011 bﬂcs.

401 2069 418 2101 ι
458 2050 521 2102 Ει
553 2059 731 2104 tenete
760 2049 1080 2104 traditiones
1110 2064 1246 2118 quas
1299 2049 1567 2106 didicistis
1591 2089 1608 2116 ,
1652 2048 1766 2104 sive
1794 2063 1892 2118 per

325 2156 652 2209 sermonem,
680 2141 798 2196 sive
840 2156 935 2208 per
977 2141 1269 2211 Epistolam
1300 2151 1564 2196 nostram.
1609 2159 1626 2192 ι
1665 2139 1891 2207 Quando

323 2246 420 2285 sua
444 2232 556 2286 vult
591 2233 784 2296 teneri,
817 2249 920 2287 non
965 2233 1080 2288 vult
1112 2242 1375 2288 extranea
1406 2232 1726 2313 superaddj.
1751 2235 1893 2300 Apo-

322 2325 512 2380 stolica
548 2334 728 2380 autem
757 2327 978 2381 traditio
1007 2337 1113 2393 est,
1145 2342 1263 2396 quae
1295 2327 1348 2380 in
1377 2337 1488 2381 t0to
1517 2329 1716 2380 mundo
1753 2338 1891 2394 pra:-

325 2418 555 2483 dicatur,
597 2427 654 2472 ut
693 2417 948 2487 baptismi
998 2426 1359 2473 sacramenta.

402 2526 422 2559 ι
456 2507 577 2577 Ipse
604 2519 781 2562 autem
831 2507 1088 2562 Dominus
1123 2518 1307 2561 noster
1338 2505 1500 2560 Iesus
1535 2503 1808 2569 Christus,
1841 2511 1894 2556 ct

325 2598 485 2662 Deus,
505 2608 557 2652 et
573 2595 732 2652 Pater
761 2609 964 2661 noster,
997 2599 1088 2666 qui
1121 2598 1304 2652 dilexit
1331 2613 1482 2652 nos.»
1529 2596 1751 2649 Etiamsi
1784 2610 1891 2648 non

325 2690 503 2744 meriti
541 2689 763 2744 fuimus.
807 2688 1007 2743 Cootra
1040 2689 1230 2741 Arium
1261 2686 1412 2750 facit,
1454 2686 1546 2756 qui
1583 2685 1690 2740 Deo
1725 2685 1896 2753 majo-

327 2799 438 2836 rem
471 2781 684 2835 Patrem
715 2790 889 2850 putat,
924 2781 1050 2850 quia
1097 2780 1247 2850 prior
1279 2780 1451 2834 soleat
1495 2778 1786 2832 nominari.

402 2893 420 2925 ι
459 2873 523 2928 Ει
561 2873 711 2928 dedit
738 2873 1165 2928 consolationem
1205 2877 1488 2931 mternam,
1524 2879 1579 2922 et
1618 2883 1765 2938 spem
1799 2867 1896 2922 bo-

327 2980 446 3019 nam
478 2967 529 3020 in
553 2967 776 3036 gratia.:
824 2964 1268 3026 Promissionem,
1299 2963 1412 3017 sive
1463 2961 1726 3031 Spiritum
1761 2974 1888 3014 con-

328 3060 642 3120 solatorem,
673 3057 764 3126 qui
813 3056 998 3110 Graece
1031 3054 1386 3124 Παράκ).ητος
1429 3054 1750 3124 appellatur.
1773 3039 1892 3106 Ρο-

334 3163 437 3204 test
468 3165 591 3204 esse
621 3160 674 3202 et
702 3163 827 3218 spes
854 3147 991 3200 mala
1030 3149 1080 3199 in
1113 3147 1309 3214 gratia.
1773 3132 1775 3135 ’

1997 1968 2118 2022 quae
2169 1953 2290 2008 fons
2327 1964 2410 2008 est
2441 1954 2859 2024 inquietudinis,
2897 1954 3283 2024 prmberemus.

2071 2063 2089 2095 ι
2131 2043 2263 2098 Nam
2300 2055 2352 2099 et
2383 2061 2506 2099 cum
2537 2060 2785 2102 essemus
2817 2048 2956 2116 apud
2993 2062 3108 2112 vos,
3143 2046 3256 2100 haec
3285 2048 3565 2101 demtntia-

1998 2136 2190 2191 bamus
2225 2137 2400 2192 vobis.
2441 2157 2459 2189 ι
2490 2137 2626 2205 Quia
2685 2138 3122 2209 praevidebamns
3169 2138 3382 2208 aliquos
3439 2140 3565 2194 tales

1995 2244 2114 2284 esse
2144 2228 2374 2284 futuros.

2072 2337 2090 2370 ι
2133 2319 2396 2385 Quoniam
2443 2322 2486 2376 si
2536 2322 2658 2390 quis
2711 2337 2815 2377 non
2879 2325 2991 2378 vult
3019 2325 3258 2394 operari.
3295 2343 3315 2377 ι
3345 2326 3454 2380 Δ·ιι
3483 2338 3565 2377 se-

1996 2412 2162 2467 deant
2207 2415 2422 2483 quieti,
2466 2423 2560 2468 aut
2605 2417 2648 2470 si
2701 2417 2814 2470 veri
2861 2417 3310 2487 suntapostoli,
3364 2433 3461 2470 nos
3490 2431 3568 2469 se-

1997 2515 2234 2574 quantur
2270 2521 2284 2559 :
2331 2507 2374 2560 si
2415 2522 2520 2562 non
2555 2508 2818 2572 avaritiae,
2851 2509 2944 2564 sed
2973 2507 3065 2563 Dei
3095 2525 3257 2564 causa
3290 2510 3569 2562 ambulare

1997 2609 2054 2650 se
2083 2597 2288 2650 dicunt.

2073 2706 2090 2737 ι
2148 2687 2258 2742 Nec
2310 2688 2623 2743 manducet.
2665 2707 2684 2740 ι
2738 2687 2864 2744 Haec
2915 2691 2986 2746 sit
3025 2691 3424 2761 inquietudinis
3464 2702 3568 2744 non

1999 2780 2173 2832 solum
2212 2795 2394 2848 μωιιςι,
2431 2783 2524 2835 sed
2557 2781 2720 2835 etiam
2752 2783 3082 2838 emendatio.

2076 2891 2094 2923 ι
2140 2871 2464 2926 Audirimus
2491 2873 2632 2926 enim
2682 2875 2822 2928 inter
2861 2889 2960 2928 vos
2999 2875 3261 2944 quosdam
3297 2874 3571 2929 ambulare

1999 2963 2262 3032 inquiete,
2296 2964 2429 3017 nihil
2481 2976 2788 3033 oper-antes.
2832 2983 2850 3017 ι
2883 2966 3078 3020 Reddit
3123 2969 3424 3038 superioris
3452 2983 3574 3021 sen-

1999 3057 2183 3109 tentiae
2226 3071 2418 3109 causas
2439 3097 2452 3121 ,
2494 3056 2560 3108 ad
2596 3073 2733 3124 quos
2764 3057 3007 3123 legitime
3032 3059 3224 3113 debeat
3255 3059 3570 3128 pertinere:

2000 3149 2203 3202 scilicet
2254 3154 2326 3202 ad
2354 3149 2596 3218 inquicle
2629 3149 2993 3215 ambulantes,
3034 3166 3140 3205 nan
3175 3153 3240 3205 ad
3272 3153 3461 3222 quiete
3488 3163 3583 3206 se)

405 3261 423 3293 ι
457 3241 788 3295 Exhorletur
816 3240 977 3292 corda
1001 3249 1205 3301 vestra,
1237 3245 1292 3292 et
1325 3235 1628 3291 confirmet.
1671 3253 1691 3286 ι
1716 3233 1898 3289 Virtu-
1926 3214 1968 3269 (ἶ
2003 3242 2215 3294 dentes.

327 3334 472 3388 tibus
506 3343 560 3387 et
588 3331 944 3387 revelatione.

405 3445 425 3478 ι
466 3426 522 3478 In
547 3426 692 3478 omni
722 3437 887 3492 opere
908 3431 964 3477 et
998 3437 1251 3478 sermone
1280 3421 1446 3478 bono.
1475 3438 1494 3472 ι
1524 3419 1684 3474 Prius
1714 3433 1895 3490 opere,

327 3531 382 3574 et
413 3529 600 3588 postea
629 3532 906 3572 sermone.

923 3669 1151 3728 CAPUT
1206 3669 1294 3725 Ill.

405 3805 426 3840 r
465 3786 539 3842 De
571 3797 791 3854 caetero,
828 3786 1045 3852 fratres,
1077 3794 1229 3840 orate
1255 3798 1352 3854 pro
1383 3782 1560 3838 nobis.
1595 3801 1613 3833 ι
1655 3783 1754 3835 Dat
1782 3779 1899 3834 hu-

331 3879 578 3935 militatis
623 3871 967 3949 exemplum,
1021 3885 1075 3932 et
1122 3875 1466 3930 occasionem
1497 3873 1800 3938 charitatis,
1843 3880 1901 3924 nt

329 3988 426 4038 pro
458 3973 722 4026 alterutro
754 3969 1012 4024 audacius
1043 3982 1350 4022 exoremus.
1384 3964 1557 4019 Simul
1583 3965 1894 4027 notandum,

327 4067 378 4118 in
409 4065 607 4134 quibus
637 4065 817 4117 causis
852 4075 1010 4116 orare
1045 4069 1234 4129 poscat
1269 4057 1584 4126 Aposmlus.

403 4175 422 4207 ι
475 4155 543 4211 Ut
577 4169 759 4209 sermo
797 4154 887 4207 Dei
937 4160 1122 4205 currat
1152 4162 1202 4205 et
1248 4151 1620 4213 clariticetur,
1661 4149 1802 4202 sicut
1847 4157 1901 4201 et

330 4247 474 4315 apud
509 4261 625 4301 vos.
663 4264 682 4298 ι
717 4246 939 4308 Currat,
971 4243 1243 4298 albuentia
1281 4241 1719 4312 :magniﬁcetur,
1756 4240 1903 4296 audi-

330 4349 505 4394 torum
546 4336 810 4408 profectu.

409 4451 427 4483 ς
467 4431 531 4484 Ει
563 4440 624 4485 ιιι
663 4430 956 4485 liberemur
991 4429 1059 4484 ab
1094 4427 1422 4498 importunis
1455 4434 1509 4481 et
1537 4425 1692 4482 malis
1727 4425 1902 4479 homi-

330 4527 511 4582 nibus.
553 4525 670 4580 Non
707 4524 850 4579 enim
885 4524 1126 4580 omnium
1161 4531 1246 4578 est
1288 4522 1446 4577 ﬁdes.
1482 4540 1501 4572 ι
1547 4519 1664 4574 Non
1711 4534 1898 4575 omnes
1935 4546 1977 4601 ο

328 4620 575 4684 credunt,
605 4619 726 4672 ideo
748 4617 1143 4671 contradicunt.

407 4729 428 4764 r
464 4709 667 4765 Fidelis
707 4720 888 4764 autem
921 4708 1060 4763 Deus
1094 4717 1200 4763 est.
1240 4726 1258 4758 ›
1300 4705 1440 4772 Quia
1481 4721 1586 4760 non
1625 4705 1901 4776 relinquit,

331 4805 434 4860 nisi
474 4803 842 4872 relinquentes
867 4814 948 4857 se.
1441 4857 1446 4862 .

405 4915 424 4948 ι
456 4896 557 4964 Qui
592 4894 939 4951 conﬁrmabit
972 4909 1100 4960 vos,
1133 4907 1186 4947 et
1217 4893 1488 4948 custodiet
1519 4907 1549 4945 a
1584 4891 1744 4946 malo.
1785 4911 1803 4942 ι
1844 4893 1901 4944 lu

334 4989 458 5053 ωε,
493 5005 590 5058 per
621 4986 928 5042 doctrinam
966 4998 1020 5040 et
1051 4987 1308 5056 gratiam.

411 5102 427 5134 ι
464 5084 798 5137 Conlidimus
828 5093 1011 5136 autem
1047 5085 1114 5134 de
1147 5080 1339 5144 vobis,
1369 5079 1586 5143 fratres,
1636 5077 1689 5132 in
1728 5075 1908 5132 Domi-

335 5195 402 5233 no
436 5189 451 5231 :
491 5176 744 5246 quoniam
785 5187 1126 5244 quaecunque
1154 5171 1516 5242 praecipimus,
1551 5180 1606 5226 et
1646 5170 1824 5225 facitis
1854 5179 1908 5224 et

335 5270 572 5326 facietis.
625 5268 884 5323 Dominus
931 5276 1110 5320 autem
1163 5263 1367 5333 dirigat
1419 5261 1585 5317 corda
1634 5272 1814 5315 vestra
1851 5261 1904 5314 in

334 5362 602 5416 rharitate
654 5361 788 5422 Dei,
821 5369 876 5414 et
919 5356 1179 5427 patientia
1223 5355 1452 5410 Christi.
1511 5373 1530 5404 ι
1596 5351 1906 5405 Rerelando

337 5463 536 5521 quanta
573 5452 680 5506 sint
714 5493 728 5516 ,
762 5468 881 5520 quae
937 5449 1136 5502 amoris
1192 5446 1275 5501 sui
1329 5459 1493 5499 causa
1547 5443 1908 5497 contumelias

336 5544 665 5612 patientibus
689 5543 961 5610 promisit.

414 5656 433 5688 ι
473 5639 874 5692 Denttuliamus
906 5645 1085 5688 autem
1143 5631 1318 5694 vobis,
1353 5629 1573 5693 fratres,
1605 5626 1661 5681 in
1695 5627 1910 5681 nomine

342 5727 555 5782 Domini
590 5729 763 5786 nostri
799 5728 924 5783 Jesu
967 5725 1190 5790 Christi,
1229 5735 1287 5776 ut
1339 5720 1672 5790 subtrahatis
1701 5734 1800 5772 vos
1842 5719 1910 5772 ab

343 5817 488 5872 omni
531 5816 698 5871 fratre
747 5818 1058 5873 ambulante
1117 5814 1443 5877 inordinate,
1487 5819 1538 5866 et
1572 5826 1675 5864 non
1717 5825 1908 5864 secun-

2081 3353 2112 3385 ιν
2148 3335 2255 3388 Sed
2313 3333 2530 3388 curiose
2588 3342 2832 3402 agentes.
2869 3353 2888 3385 ι
2931 3333 3295 3404 lnquirentes,
3333 3339 3466 3406 quid
3525 3338 3578 3392 in

2002 3440 2325 3494 unaquaque
2359 3426 2597 3488 civitate,
2631 3425 2710 3478 ιιι
2735 3427 3009 3494 provincia
3039 3439 3277 3496 geratur,
3304 3439 3361 3482 et
3392 3431 3573 3483 domo.

2081 3535 2099 3567 ι
2147 3516 2242 3572 llis
2274 3526 2454 3569 autem
2487 3517 2580 3584 qui
2617 3517 2880 3585 ejusmodi
2923 3529 3071 3582 sunt,
3109 3520 3503 3573 denuntian‘ms
3528 3531 3578 3574 et

2000 3611 2348 3664 obsecramus
2403 3608 2456 3662 in
2506 3609 2731 3667 Domino
2773 3607 2900 3662 Je:u
2933 3609 3172 3666 Christo.
3219 3631 3238 3663 ι
3271 3613 3388 3665 Non
3434 3616 3577 3681 ipsos

2002 3713 2123 3772 post
2156 3704 2382 3756 alteram
2417 3701 2818 3756 correctionem
2864 3702 3066 3756 desinit
3091 3718 3472 3758 commonere.

2077 3812 2096 3846 ι
2133 3792 2202 3848 Ut
2229 3807 2351 3846 cum
2397 3790 2613 3844 silentio
2661 3800 2971 3858 cperantes,
3016 3806 3170 3844 suum
3202 3807 3399 3860 panem
3436 3808 3582 3845 mau-

2003 3888 2224 3941 tlucent.
2258 3903 2284 3938 ι,
2313 3886 2426 3937 Non
2453 3898 2574 3936 cum
2607 3882 2980 3952 inquietudine
2999 3883 3256 3938 alienum.

2079 3995 2097 4028 ι
2143 3973 2248 4030 Vos
2279 3985 2482 4040 autem,
2513 3971 2732 4036 fratres,
2759 3974 2926 4028 nolite
2959 3974 3194 4030 delicere
3227 3975 3582 4029 benefacien-

2005 4078 2105 4123 tes.
2133 4087 2150 4118 ι
2193 4066 2303 4120 Non
2333 4067 2607 4131 Omnibus,
2653 4066 2744 4118 sed
2780 4066 2977 4120 talibus
3011 4068 3124 4120 dari
3157 4067 3430 4136 prohibeo
3469 4085 3484 4121 :
3522 4085 3584 4121 ne

2004 4161 2211 4228 puteris
2261 4172 2346 4209 me
2407 4156 2534 4210 boni
2566 4156 2746 4224 cperis
2785 4157 3232 4212 consuetudinem
3269 4174 3584 4226 amputare.

2081 4267 2099 4300 ι
2139 4247 2292 4313 Quod
2332 4246 2379 4300 si
2420 4247 2546 4316 quis
2578 4262 2682 4299 non
2715 4246 2982 4302 obedicrit
3012 4247 3176 4304 verbo
3219 4261 3413 4304 nostro
3439 4291 3455 4314 ,
3492 4263 3585 4320 per

2005 4339 2287 4408 epistolam
2320 4338 2464 4392 hunc
2497 4345 2704 4402 notate,
2736 4345 2792 4390 et
2818 4353 2924 4393 non
2957 4338 3429 4394 commisceamini
3461 4353 3586 4394 cum

2007 4432 2116 4485 illo.
2167 4450 2186 4484 ι
2222 4429 2278 4484 Si
2312 4431 2434 4498 quis
2465 4431 2625 4484 tertio
2655 4429 2891 4485 noluerit
2917 4430 3224 4485 emendari.

2083 4542 2102 4574 ι
2145 4522 2214 4578 Ut
2270 4519 2694 4575 confundatur.»
2733 4519 2849 4576 Non
2909 4530 2968 4575 ut
3014 4521 3235 4592 penitus
3290 4524 3588 4578 abscinda-

2008 4629 2115 4670 tur.

2085 4727 2104 4760 ι
2148 4707 2214 4762 Ει
2242 4707 2410 4762 nolite
2441 4706 2596 4776 quasi
2627 4707 2909 4760 inimicum
2954 4707 3290 4773 existimare,
3327 4710 3428 4763 sed
3464 4724 3587 4763 cor-

2010 4800 2195 4868 ripite,
2228 4809 2285 4852 ttt
2310 4797 2558 4852 fratrem.
2595 4797 2892 4868 Corrigite,
2927 4807 2984 4853 ut
3018 4799 3358 4860 emendetur,
3395 4808 3454 4853 et
3489 4815 3586 4854 no-

2007 4893 2104 4946 lite
2136 4889 2457 4944 abscindere
2479 4931 2494 4956 ,
2551 4899 2611 4943 ut
2643 4889 2914 4958 desperet.
2947 4889 3112 4961 Aiger
3151 4891 3430 4944 curandus
3482 4900 3588 4955 est,

2009 5001 2115 5040 non
2160 4982 2480 5038 necandus:
2517 5000 2583 5038 ne
2627 4985 2678 5036 in
2723 4984 3053 5052 apostasiam
3104 4983 3426 5052 inquietudo
3468 5000 3589 5037 ver-

2010 5085 2178 5131 tatur.

2085 5185 2104 5220 ι
2143 5165 2266 5236 Ipse
2304 5177 2486 5221 autem
2516 5165 2661 5220 Dens
2697 5168 2844 5233 pacis
2892 5166 2980 5220 det
3022 5167 3178 5221 vobis
3209 5181 3398 5236 pacem
3441 5183 3589 5223 seni-

2009 5258 2278 5328 piternam
2315 5255 2368 5310 in
2401 5257 2545 5308 omni
2579 5256 2722 5312 loco.
2763 5257 3029 5312 Dominus
3065 5259 3134 5312 sit
3181 5275 3303 5312 eum
3333 5262 3592 5314 omnibus

2013 5351 2186 5405 vobis.
2225 5349 2494 5403 Salutatio
2529 5364 2647 5403 mea
2678 5349 2840 5404 n‘tanu
2873 5349 3048 5415 Pauli,
3080 5353 3221 5421 quod
3263 5364 3346 5406 est
3374 5353 3591 5424 signum

2013 5443 2066 5495 in
2097 5441 2240 5496 omni
2285 5440 2552 5508 Epistola,
2582 5442 2651 5493 ita
2686 5441 2869 5496 scribo
2902 5457 2919 5496 :
2952 5442 3141 5496 Gratia
3171 5445 3382 5498 Domini
3411 5447 3592 5502 nostri

2010 5532 2137 5589 Iesu
2179 5531 2423 5594 Christi,
2479 5544 2602 5583 cum
2649 5530 2904 5584 omnibus
2958 5531 3112 5585 vobis
3152 5546 3168 5585 :
3207 5535 3397 5586 Amen.
3442 5551 3460 5582 ι
3498 5531 3594 5586 llis

2015 5621 2196 5678 verbis
2233 5633 2423 5676 omnes
2462 5619 2729 5688 Epistolas
2782 5621 3184 5684 subseribebat,
3219 5633 3452 5692 excepta
3488 5622 3594 5676 Ga-

2017 5718 2287 5776 latarum,
2342 5725 2504 5779 quam
2561 5725 2626 5765 ex
2661 5711 2872 5780 integro
2907 5729 3068 5766 manu
3101 5717 3316 5785 propria
3356 5732 3592 5784 perscri-

2016 5810 2158 5878 μμίις
2190 5814 2247 5860 ιιι
2277 5813 2394 5874 post
2427 5819 2543 5858 eam
2597 5819 2696 5858 nec
2750 5804 2874 5874 sibi,
2896 5821 2990 5860 nec
3033 5808 3224 5876 angelo
3251 5813 3588 5866 crederetur.

3860 753 3865 1052 γ
