3954 6194
321 378 429 446 911

1317 378 1729 442 EXPOSITIO
1769 375 2188 446 lN!EPlST.l
2229 377 2330 439 AD
2380 379 2696 442 ΤΙΜΟΤΙῘ.

3479 384 3584 448 918

697 700 828 790 IN
905 700 1378 792 PRIMAM
1453 698 2134 794 EPISTOLAM
2213 703 2362 790 AD
2437 690 3227 796 TIMOTHEUM.

832 1003 1066 1061 CAPUT
1113 1005 1409 1063 PRIMUM.

415 1119 435 1152 ι
475 1100 676 1154 Paulus
706 1101 989 1168 apostolus
1029 1100 1154 1156 Jesu
1199 1100 1426 1156 Christi.
1466 1117 1485 1151 ο
1515 1099 1828 1156 Auctoritas
1857 1107 1912 1155 et

338 1191 578 1244 nominis
611 1199 665 1244 et
709 1189 876 1245 oihcii
913 1199 1284 1260 praenotatur,
1329 1199 1552 1262 pr0pter
1581 1206 1675 1248 eos
1715 1191 1913 1262 quibus

333 1291 458 1334 erat
494 1296 875 1350 responsurus.
1609 1281 1618 1294 ’

419 1389 438 1424 ι
480 1371 791 1428 Secundum
823 1374 1108 1443 imperium
1153 1372 1268 1440 Dei,
1301 1371 1601 1429 Salvatoris
1632 1375 1831 1441 nostri,
1860 1382 1917 1430 et.

339 1462 546 1517 Christi
593 1462 756 1528 Jesu,
791 1465 905 1534 spei
953 1475 1169 1520 nostrae.
1215 1483 1234 1516 ι
1265 1462 1382 1519 Non
1415 1470 1710 1520 secundum
1743 1483 1917 1524 meam

343 1558 821 1624 praesumptionem
857 1571 871 1608 :
904 1557 1064 1611 simul
1099 1567 1153 1611 et
1185 1554 1366 1613 Patris
1391 1568 1445 1613 et
1476 1556 1594 1612 Filii
1623 1575 1788 1614 unum
1819 1562 1921 1616 im-
2004 1557 2011 1564 ’

347 1658 557 1713 perium
595 1647 1021 1702 demonstratur.
1069 1706 1078 1712 ,

425 1753 446 1787 ‹
482 1735 772 1794 Timotheo
807 1741 1010 1795 dilecto
1061 1739 1168 1796 ﬂlio
1223 1739 1276 1794 in
1322 1741 1448 1796 lidc.
1487 1760 1504 1794 ι
1542 1742 1598 1796 lu
1639 1744 1740 1799 iide
1789 1744 1922 1812 lilio,

349 1843 460 1881 non
496 1831 546 1882 in
576 1845 758 1885 carne.

433 1937 452 1970 ι
481 1919 664 1978 Gratia
705 1933 759 1976 et
794 1919 1197 1993 misericordia,
1235 1939 1289 1983 et
1322 1945 1422 1998 pax
1474 1944 1500 1982 a
1549 1927 1655 1983 Deo
1684 1928 1844 1983 Patre
1871 1939 1926 1984 et

349 2009 575 2065 Christo
617 2011 744 2067 Jesu
801 2015 1032 2069 Domino
1064 2025 1270 2074 nostro.
1319 2038 1338 2072 ›
1384 2019 1570 2076 Gratis
1607 2021 1924 2076 misericor-

352 2101 500 2155 diam
539 2107 838 2168 consecuti,
867 2108 1200 2164 reconciliati
1245 2126 1437 2165 sumus
1479 2111 1608 2167 Deo.

435 2209 454 2243 ι
497 2191 651 2248 Sicut
708 2197 890 2263 rogavi
937 2210 1026 2262 te,
1081 2209 1137 2254 ut
1181 2217 1492 2259 remaneres
1529 2203 1748 2274 Ephesi,
1804 2224 1926 2262 cum

355 2283 492 2337 irent
543 2285 596 2340 in
647 2286 1014 2344 Macedoniam
1044 2333 1058 2346 .
1091 2304 1153 2346 ut
1199 2294 1549 2350 denuntiares
1584 2299 1926 2370 quibusdam,

358 2389 430 2428 ne
463 2375 622 2431 aliter
651 2378 933 2436 docerent.
977 2401 996 2436 ι
1041 2385 1249 2449 Quibus
1280 2385 1334 2440 in
1369 2387 1580 2441 actibus
1611 2357 1934 2457 pradixerai
1957 2357 2006 2418 Β

357 2465 657 2524 intraturos
688 2470 864 2542 lupos,
893 2473 982 2543 qui
1021 2476 1170 2546 gregi
1205 2491 1311 2530 non
1342 2488 1630 2546 parcerent
1665 2481 1805 2550 (Act.
1841 2499 1930 2551 xx,

359 2557 473 2627 29).
1155 2633 1162 2637 ι

440 2667 459 2699 ι
496 2646 681 2719 Neque
714 2651 1054 2710 intenderent
1106 2655 1328 2712 fabulis.
1369 2677 1388 2709 ι
1417 2659 1562 2726 Quas
1597 2662 1935 2721 Deuteroseis

366 2743 654 2808 appellant.
697 2744 854 2800 Unde
901 2749 952 2800 in
1008 2749 1300 2818 Evangelio
1345 2751 1606 2808 docentes
1660 2755 1937 2815 doctrinas

365 2829 645 2887 hominum
685 2839 1116 2893 condemnamur
1146 2840 1362 2911 (Matth.
1398 2859 1486 2910 xv,
1519 2846 1596 2915 9).

448 2943 468 2976 ι
512 2925 579 2980 Ει
617 2930 950 3000 gencalogiis
1000 2933 1392 2992 intertninatis.
1441 2955 1461 2990 ι
1489 2939 1938 2996 Generationibus

371 3023 721 3086 antiquet-um
777 3025 881 3076 :in
936 3025 1132 3092 quibus
1183 3025 1285 3078 sibi
1342 3023 1610 3082 sdmmam
1653 3033 1936 3088 scientiam

371 3112 671 3179 vindicant,
702 3114 746 3167 si
775 3132 964 3169 omnes
999 3117 1066 3170 ab
1112 3117 1267 3173 initio
1297 3123 1675 3189 generationes
1719 3141 1941 3181 emunc-

371 3211 514 3256 l‘tttil.

449 3314 470 3346 ι
509 3295 640 3361 Qua:
675 3300 1007 3364 quaestiones
1045 3313 1303 3367 prmstant
1357 3309 1549 3375 magis,
1575 3323 1736 3377 quam
1774 3310 1943 3364 aediﬁ-

371 3387 644 3442 cationem
679 3391 794 3456 Dei,
829 3406 947 3459 qua:
989 3406 1074 3448 est
1103 3395 1154 3448 in
1192 3397 1315 3450 lide.
1343 3417 1360 3449 ι
1399 3398 1529 3452 Tatii
1563 3413 1775 3456 veteres
1810 3420 1940 3457 con-

377 3481 718 3544 trarietates,
768 3498 930 3552 quam
964 3485 1381 3553 generationutn
1424 3493 1819 3550 sollicitudines
1853 3511 1944 3551 su-

373 3572 626 3642 perﬂuas.

1941 1015 1989 1072 Δ

2095 1027 2114 1060 ε
2153 1009 2259 1064 Sed
2293 1009 2509 1080 iujustis
2547 1023 2600 1067 et
2641 1027 2748 1068 non
2802 1012 3068 1078 subditis,
3103 1012 3286 1082 impiis
3317 1021 3588 1082 etpecca-

2021 1098 2252 1164 toribus,
2288 1101 2570 1156 sceleratis
2600 1111 2655 1156 et
2701 1103 3107 1168 contaminatis,
3133 1104 3434 1172 patricidis,
3473 1119 3590 1156 ina-

2021 1187 2252 1255 tricidis,
2282 1197 2336 1243 et
2373 1190 2681 1258 homicidis,
2707 1192 3040 1260 fornicariis,
3067 1195 3428 1251 masculorum
3459 1212 3592 1250 con-

2019 1277 2380 1345 cubitoribus,
2413 1281 2708 1350 plagiariis,
2753 1287 3103 1341 mendacibus
3155 1298 3209 1342 et
3261 1288 3514 1358 periuris.
3565 1309 3584 1342 ι

2018 1369 2131 1425 illis
2162 1373 2416 1428 omnibus
2463 1372 2590 1428 data
2645 1384 2748 1441 est,
2803 1392 2942 1446 quos
2996 1379 3220 1449 abiectis
3272 1381 3593 1436 criminibus

2020 1463 2217 1517 nititur
2249 1479 2524 1521 revocare.

2101 1573 2118 1606 ι
2168 1557 2306 1612 Etsi
2360 1561 2491 1628 quid
2549 1561 2698 1616 aliud
2763 1577 2913 1616 sana:
2957 1562 3216 1618 doctrina
3251 1563 3594 1624 adversatur,

2022 1659 2141 1714 quae
2189 1657 2273 1702 est
2330 1653 2630 1725 secundum
2668 1652 3042 1724 Evangelium.
3083 1671 3102 1704 ι
3151 1652 3290 1706 Sunt
3325 1667 3454 1721 ergo
3489 1653 3590 1706 do-

2023 1738 2213 1795 ctrinae
2246 1757 2352 1795 non
2385 1758 2529 1797 sana:
2563 1758 2577 1798 :
2611 1755 2800 1799 contra
2835 1759 2968 1812 quas
2997 1743 3158 1798 etiam
3203 1745 3326 1797 data
3361 1732 3444 1796 lex
3487 1750 3594 1806 est,

2024 1845 2142 1898 quae
2175 1834 2460 1887 contrariae
2487 1844 2619 1888 sunt
2647 1835 2964 1889 cmlcstibus
2988 1833 3268 1887 institutis.
3300 1830 3440 1897 Quid
3467 1844 3600 1898 ergo

2027 1921 2098 1976 ibi
2131 1934 2406 1992 qumrttnt,
2429 1926 2572 1995 quod
2605 1926 2691 1980 hic
2720 1942 2825 1980 non
2863 1924 3100 1980 habent?
3123 1923 3284 1978 sitnul
3309 1932 3364 1977 et
3397 1921 3596 1991 Legem

2031 2013 2345 2084 Evangeliis
2375 2017 2710 2071 c0ncordare
2743 2019 3101 2070 demonstrat.

2076 2109 2124 2157 ἰ
2187 2107 2388 2162 Gloriae
2448 2107 2589 2163 beati
2647 2105 2766 2161 Dei.
2823 2125 2842 2158 ι
2899 2104 3004 2163 Per
3061 2118 3224 2174 quam
3269 2103 3599 2174 gloriﬁcatur

2029 2200 2194 2256 Deus.

2109 2311 2128 2345 ι
2163 2293 2317 2360 Quod
2345 2293 2612 2348 creditum
2643 2301 2730 2346 est
2767 2288 2922 2345 tnihi.
2960 2307 2982 2344 ι
3017 2288 3096 2344 Ne
3126 2289 3372 2345 dicerent
3408 2289 3601 2344 adver-

2035 2388 2168 2441 sarii
2201 2403 2216 2442 :
2249 2385 2382 2452 Quis
2412 2394 2532 2440 erat
2568 2383 2679 2447 ille,
2715 2383 2802 2437 cui
2852 2381 3209 2450 Evangellum
3261 2382 3596 2444 crederetur,

2033 2480 2109 2533 ait
2144 2494 2161 2532 :

2112 2589 2130 2622 ι
2173 2569 2390 2625 Gratias
2421 2583 2521 2639 ago
2568 2567 2640 2631 ei,
2668 2567 2758 2637 qui
2795 2581 2882 2624 me
2919 2566 3254 2630 confortavit
3291 2565 3346 2620 in
3385 2563 3604 2620 Christo

2035 2663 2166 2717 Jesu
2210 2662 2436 2716 Domino
2465 2670 2676 2715 nostro.
2718 2677 2736 2710 ι
2773 2659 2908 2713 Cum
2953 2656 3398 2722 esaern,-inu’tilis
3434 2655 3606 2710 etin.

2018 2757 2248 2809 .lirmus.

2115 2866 2133 2899 ι
2169 2847 2304 2913 Quia
2355 2845 2569 2901 fidelem
2620 2860 2704 2899 tne
2751 2841 3090 2899 existimavit
3122 2855 3326 2910 ponens
3359 2839 3413 2892 in
3450 2837 3610 2892 mini-

2041 2939 2232 2994 sterio.
2263 2937 2366 3003 Qui
2401 2939 2553 3007 prius
2589 2936 2936 3005 blasphemus
2958 2932 3062 3007 fui,
3095 2943 3149 2987 et
3179 2942 3514 3002 persecutor,
3553 2938 3608 2982 et

2042 3031 2483 3085 contumelio~us.
2534 3047 2553 3081 ι
2580 3029 2768 3082 Justus
2821 3028 2874 3080 in
2907 3005 3195 3093 primordio
3226 3029 3504 3077 accusator
3523 3022 3608 3075 sui

2041 3134 2114 3179 est
2146 3123 2331 3194 (Prov.
2375 3135 2508 3176 xvttt
2530 3163 2547 3187 ,
2579 3119 2668 3189 l7)
2707 3135 2724 3176 :
2759 3127 2814 3171 ut
2846 3094 3033 3180 stdtim
3081 3131 3202 3170 cum
3236 3115 3486 3183 cmperit,
3515 3113 3612 3168 ad-

2045 3216 2314 3269 versarius
2337 3212 2724 3269 confundatur.
2910 3199 2912 3220 ³

2118 3325 2139 3365 ,ι
2187 3305 2290 3358 Sed
2331 3300 2765 3357 misericordiam
2815 3298 2908 3353 Dei
2944 3305 3266 3374 consecutus
3291 3310 3410 3350 sunt
3441 3310 3458 3350 :
3487 3295 3612 3364 quia

2049 3397 2305 3466 ignorans
2335 3394 2461 3448 ieci.
2503 3412 2520 3446 ι
2558 3392 2756 3448 Levius
2792 3407 2912 3447 esse
2947 3375 3229 3476 pisciculum
3271 3387 3613 3460 ignorantiae,

2048 3489 2477 3542 demonstratur.
3079 3479 3098 3497 ‘

2129 3598 2148 3630 ι
2187 3577 2246 3632 In
2297 3577 2704 3634 incredulitate.
2745 3594 2764 3627 ι
2799 3573 2935 3642 Quia
2987 3587 3094 3629 non
3145 3563 3392 3652 credens,
3422 3571 3617 3628 intelli-

453 3687 474 3720 ‹
528 3669 678 3727 Finis
732 3684 910 3729 autem
984 3675 1235 3745 praecepti
1289 3687 1370 3730 est
1400 3678 1638 3731 cluat-itas
1681 3679 1748 3734 de
1779 3685 1941 3738 corde
1973 3692 2012 3750 ς,
2048 3688 2172 3744 gere
2211 3686 2319 3725 n0“
2371 3670 2632 3724 valebam-

375 3773 536 3826 puro.
573 3779 591 3813 ι
625 3761 878 3819 Charitas
927 3765 1019 3818 Dei
1069 3777 1123 3820 et
1157 3767 1408 3836 proximi,
1449 3769 1500 3821 in
1549 3784 1653 3838 qua
1699 3782 1807 3826 tota
1856 3771 1941 3825 lex

377 3850 579 3916 pendet
637 3864 692 3907 et
748 3855 1024 3924 praphetae
1070 3857 1280 3927 (Matth.
1334 3875 1468 3922 χχιι,
1501 3860 1629 3933 40);
1667 3862 1854 3930 haeesi
1880 3865 1946 3920 de

377 3944 546 3996 corde
583 3959 714 4012 pttro
745 3947 837 4010 sit,
883 3947 1102 4004 diilicile
1136 3951 1452 4020 delinquere
1485 3957 1803 4022 poterimus.

459 4047 480 4079 ι
536 4029 602 4082 Et
625 4036 952 4089 conscientia
1004 4037 1166 4092 bona.
1208 4057 1226 4091 ι
1266 4037 1334 4093 Ut
1365 4043 1694 4098 conscientia
1747 4057 1834 4100 tua
1873 4055 1949 4102 te-

379 4124 696 4178 stimonium
726 4127 1004 4194 perhibent
1043 4130 1280 4184 veritati.

460 4229 480 4262 σ
520 4213 586 4266 Ει
617 4213 720 4269 ﬁde
760 4231 867 4270 non
900 4218 1046 4272 ﬁcta.
1089 4238 1106 4270 ›
1133 4218 1290 4275 Fides
1319 4223 1462 4276 enim
1500 4225 1623 4280 licia
1665 4237 1746 4281 est
1771 4265 1787 4291 ,
1835 4243 1952 4298 qua:

381 4305 502 4358 Solo
533 4321 630 4361 ore
668 4309 1032 4376 promittitur,
1063 4322 1118 4365 et
1149 4324 1269 4367 actu
1294 4326 1540 4384 negatur.

462 4417 483 4448 ι
518 4400 560 4451 Δ
597 4401 795 4468 quibus
840 4403 1059 4472 quidam
1120 4405 1443 4461 aberrantes
1471 4412 1720 4464 conversi
1745 4421 1869 4465 sunt
1899 4412 1956 4467 in

381 4491 796 4560 vaniloquinm,
849 4495 1093 4550 volentes
1151 4511 1272 4551 esse
1326 4497 1465 4568 legis
1517 4502 1812 4556 doctores:
1849 4521 1953 4558 non

385 4584 775 4654 intelligentes,
809 4602 1128 4658 nequequa:
1170 4588 1496 4658 loquuntur,
1533 4607 1709 4662 neque
1738 4595 1804 4648 de
1841 4595 1959 4664 qui-

386 4679 494 4731 bus
521 4678 813 4733 amrtnant.
858 4699 876 4731 ›
908 4679 1138 4737 Inﬁnita:
1183 4683 1428 4738 stultitia:
1473 4696 1576 4749 est,
1611 4701 1717 4741 non
1750 4689 1962 4744 intelle-

384 4780 478 4825 cta
507 4771 572 4824 de
595 4773 769 4840 magis
801 4790 911 4829 non
945 4775 1233 4831 intellectis
1269 4778 1408 4832 velle
1438 4781 1675 4834 iirtnare.

469 4881 489 4914 ι
525 4863 744 4919 Scimus
774 4879 955 4920 autem
991 4870 1116 4936 quia
1148 4869 1285 4922 bona
1333 4877 1417 4924 est
1451 4871 1556 4926 lex.
1595 4888 1616 4924 ι
1654 4869 1724 4928 Ut
1772 4888 1803 4928 a
1852 4874 1963 4930 Deo

1758 4981 1770 5017 :
1823 4966 1964 5021 sicut

388 4955 734 5028 promulgata
795 4970 904 5023 est,
965 4975 1066 5030 pro
1132 4961 1396 5031 qualitate
1440 4964 1700 5032 temporis

389 5049 521 5103 alibi
553 5049 637 5104 lex
676 5060 860 5105 sancta
886 5065 970 5106 est
1002 5053 1270 5122 appellata
1302 5053 1484 5123 (Paul.
1525 5055 1818 5126 xvtn,10).

475 5159 496 5195 ι
537 5143 595 5198 Si
649 5144 771 5212 quis
822 5161 883 5200 ea
915 5145 1156 5214 legitime
1207 5156 1410 5200 utatur.
1456 5165 1478 5201 ι
1519 5146 1576 5201 Si
1620 5150 1744 5216 quis
1788 5147 1967 5212 sciat,

389 5238 614 5310 quibus,
654 5252 845 5306 quare,
886 5238 1124 5308 quandiu
1184 5236 1429 5292 habenda
1478 5239 1552 5294 sit
1580 5238 1726 5294 data.

473 5349 494 5383 ι
533 5329 780 5385 Scientes
821 5331 947 5398 hoc,
973 5333 1100 5400 quia
1147 5329 1233 5385 lex
1261 5332 1412 5400 justo
1452 5346 1556 5386 non
1597 5341 1682 5386 est
1711 5332 1904 5401 posita.
1943 5352 1962 5385 ι

397 5421 545 5491 Ergo
576 5421 906 5476 Christianis
939 5437 1047 5476 non
1081 5436 1218 5491 Opus
1246 5430 1356 5486 est,
1386 5421 1480 5490 qui
1524 5430 1654 5476 sunt
1682 5421 1964 5493 justilicati

394 5529 496 5584 per
531 5512 810 5566 Christum
853 5529 869 5579 ;
928 5513 1020 5582 qui
1077 5513 1387 5567 didicerunt
1434 5513 1598 5566 etiam
1654 5513 1968 5568 occasiones

393 5605 592 5672 fugere
632 5605 988 5670 delictorum;
1022 5621 1148 5660 nam
1192 5615 1250 5660 ut
1280 5605 1406 5674 quid
1438 5605 1639 5660 dicitur
1677 5620 1692 5658 :
1729 5601 1851 5658 Non
1883 5619 1974 5658 oc-

393 5700 544 5751 cides
573 5695 766 5768 (Exod.
800 5715 893 5763 xx,
926 5698 1039 5770 15),
1075 5698 1272 5768 quibus
1307 5698 1467 5754 irasci
1498 5713 1606 5753 non
1639 5696 1970 5768 permittitur

395 5791 620 5862 (Matth.
657 5807 709 5857 ν,
743 5792 880 5860 ‘32)?

2133 3783 2150 3816 ι
2213 3761 2695 3832 Superabundavit
2738 3770 2918 3814 autem
2967 3759 3136 3828 gratia
3192 3743 3619 3822 Domini'nostri

2053 3864 2178 3913 c'um
2216 3856 2320 3911 (ide
2353 3865 2408 3909 et
2443 3854 2760 3917 dilectione,
2800 3867 2920 3920 qua:
2949 3859 3033 3905 est
3066 3851 3118 3902 in
3148 3847 3366 3904 Christo
3393 3835 3544 3903 Jesu.
3595 3866 3614 3900 ι

2054 3949 2158 4006 Ubi
2204 3957 2385 4002 autem
2430 3946 2692 4014 iniquitas
2738 3943 3142 4004 abundaverat;
3193 3941 3376 3994 statim
3416 3950 3475 3992 ut
3504 3927 3624 3993 cre4
3671 3971 3674 3974 ~

2056 4043 2189 4107 didi,
2249 4039 2482 4110 amplius
2540 4038 2677 4106 coepi
2711 4035 2938 4104 diligere
2991 4033 3308 4096 Christum,
3341 4031 3433 4100 qui
3490 4029 3621 4084 mihi

2057 4150 2249 4204 magna
2287 4141 2507 4203 peccata
2537 4127 2762 4186 dimisit.
3361 4180 3364 4184 ί

2134 4247 2154 4280 ι
2206 4226 2409 4282 Fidelis
2461 4239 2644 4281 sermo
2682 4234 2740 4280 et
2780 4224 2929 4280 omni
2980 4221 3307 4291 acceptione
3343 4218 3560 4287 dignus.
3602 4234 3622 4267 ι

2061 4319 2232 4386 Quetu
2259 4331 2453 4372 omnes
2482 4316 2731 4379 credant,
2771 4325 2824 4370 et
2865 4314 3107 4368 omnium
3156 4308 3501 4365 conscientia
3539 4321 3632 4360 ve-

2065 4429 2182 4468 rum
2224 4425 2347 4467 esse
2383 4419 2737 4480 cognoscant.

2141 4522 2160 4555 ι
2203 4502 2338 4570 Quia
2371 4503 2618 4557 Christus
2666 4498 2823 4554 Jesus
2866 4498 3011 4552 venit
3064 4497 3116 4552 in
3177 4497 3321 4551 hunc
3372 4493 3630 4548 mundum

2067 4606 2386 4666 peccatores
2413 4592 2591 4648 salvos
2612 4569 2823 4645 lacere.
2864 4607 2882 4641 ι
2921 4589 3063 4658 Ergo
3095 4598 3149 4642 et
3179 4603 3266 4642 me
3289 4588 3514 4642 salvavit
3550 4583 3636 4636 in-

2070 4699 2152 4742 ter
2203 4699 2426 4740 caeteros
2479 4693 2796 4754 peccatores
2829 4699 2842 4735 :
2880 4691 3010 4734 tunc
3049 4681 3194 4735 enim
3255 4691 3447 4733 tnertto
3505 4675 3634 4729 mihi

2069 4778 2540 4848 prmjudicaretur,
2569 4775 2616 4828 si
2648 4774 2796 4829 solos
2826 4772 3006 4843 justus
3046 4786 3239 4826 vocare
3267 4771 3521 4823 venisset.

2147 4888 2164 4920 ι
2204 4871 2445 4935 Quorum
2488 4865 2694 4935 primus
2723 4877 2824 4934 ego
2852 4880 2994 4918 sum.
3037 4879 3058 4914 ο
3117 4860 3217 4914 llic
3265 4874 3383 4913 sunt
3437 4857 3638 4926 profui

2074 4964 2296 5032 ponitur
2327 4975 2341 5014 :
2378 4964 2519 5015 sicut
2558 4956 2842 5011 Matthqu
2878 4956 3076 5010 dicitur
3116 4951 3473 5021 publicanus,
3513 4965 3637 5002 cunt
3723 5005 3726 5008 ,

1989 5041 2038 5103 Ι)
2061 5054 2172 5125 jatn
2196 5052 2398 5108 Christi
2427 5059 2571 5105 esset
2596 5048 2873 5120 apostolus
2901 5045 3110 5116 (Matth.
3147 5061 3201 5110 κ,
3237 5045 3314 5113 ὅ).

2149 5164 2168 5198 ‹
2214 5144 2319 5198 Sed
2381 5143 2502 5198 idco
2557 5141 2986 5196 miscricordiam
3043 5149 3371 5192 consecutus
3431 5149 3574 5188 sunt.
3613 5152 3631 5186 ι

2071 5235 2143 5292 Ut
2176 5237 2342 5291 David
2381 5236 2456 5290 ait
2494 5235 2750 5289 :Docebo
2801 5233 3015 5300 iniquos
3059 5231 3174 5282 vias
3218 5241 3359 5292 tuas,
3389 5236 3446 5282 et
3490 5225 3637 5294 itnpii

2067 5331 2136 5386 ad
2191 5340 2240 5383 te
2271 5336 2682 5385 convertentur.
2719 5324 2776 5378 Si
2814 5322 2943 5376 mihi
2996 5320 3224 5375 viderint
3269 5319 3474 5374 indulta
3511 5333 3643 5389 pec-

2071 5434 2215 5484 cata,
2253 5431 2378 5474 tunc
2403 5420 2606 5474 docebo
2640 5417 2908 5472 neminem
2931 5415 3223 5484 desperare
3244 5413 3466 5466 debere.

2149 5533 2166 5565 ι
2212 5512 2283 5568 Ut
2331 5512 2384 5565 in
2431 5526 2516 5565 me
2573 5511 2746 5581 primo
2808 5506 3121 5582 ostenderet
3176 5505 3428 5559 Christus
3480 5501 3644 5558 Jesus

2076 5620 2292 5662 omnem
2321 5605 2687 5674 patientiam.»
2715 5601 2816 5666 Qui
2846 5599 3008 5652 etiam
3036 5595 3474 5668 persecutoribus
3495 5610 3635 5650 cou-

2077 5697 2252 5750 versis
2295 5712 2399 5750 non
2443 5699 2616 5749 Solum
2659 5692 2916 5760 indulget,
2952 5691 3043 5746 sed
3072 5688 3232 5744 etiam
3279 5684 3489 5740 confert
3513 5702 3646 5753 apo-

2077 5788 2303 5845 stolatus
2338 5787 2617 5842 honorem.
