3956 6196
331 377 439 442 919

1254 382 1310 441 S.
1360 380 1800 445 ΗΙΕΒΟΝΥΜΙ
1839 381 2157 447 OPERUM
2206 383 2613 445 MANTISSA.

3467 377 3584 440 990

409 511 425 542 ε
475 490 550 544 Al
614 490 1046 543 inf'rrrn'atiouem
1085 504 1296 554 eorum,
1335 493 1424 560 qui
1473 491 1732 548 credituri
1773 502 1902 548 sunt
1934 501 1975 558 Α
2006 496 2178 554 Filius
2237 509 2290 554 et
2327 498 2554 568 Spiritus
2604 505 2870 552 sanctus:
2909 495 2960 550 id
3009 504 3113 556 est,
3171 509 3274 547 una
3319 495 3371 548 in
3401 496 3580 548 tritus

331 581 405 633 illi
448 582 496 632 in
535 581 700 636 vitam
751 592 1031 635 internum.
1067 600 1086 633 ι
1125 582 1205 636 Ad
1247 584 1577 652 exemplum,
1612 592 1671 636 ut
1707 599 1770 638 ne
1815 585 1905 639 de-

331 684 577 742 sperent.

410 783 428 814 ι
469 763 594 833 [tegi
651 774 830 818 autem
866 766 1186 820 saeculorum
1253 768 1570 833 immortali,
1621 768 1906 832 invisibili,

339 854 436 907 soli
471 854 600 908 Deo-
631 853 806 908 honor
853 866 908 908 et
957 856 1127 924 gloria
1165 858 1217 910 in
1275 858 1470 912 saecula
1535 859 1858 913 saeculorum
1892 875 1907 912 :

337 950 532 1003 Amen.
585 967 600 998 ι
663 949 763 1013 Qui
823 949 952 1001 mihi
991 949 1200 1002 veniam
1263 949 1453 1004 tribuit
1508 966 1614 1004 non
1655 951 1910 1004 merenti.

342 1037 459 1092 Rex
491 1040 636 1093 enim
689 1040 836 1109 parvi
869 1044 1147 1110 temporis,
1179 1051 1235 1096 et
1265 1042 1531 1109 mortalis,
1564 1059 1626 1098 ac
1660 1043 1908 1105 visibilis,

344 1139 399 1182 et
431 1144 598 1198 capax
658 1133 953 1195 consortis,
985 1133 1244 1187 honorem
1279 1145 1331 1187 et
1379 1134 1606 1203 gloriam
1641 1144 1914 1204 tempora—

341 1217 443 1272 lem
485 1222 682 1275 liahere
713 1233 910 1292 potest,
943 1238 1048 1277 non
1086 1233 1264 1278 tamen
1301 1225 1709 1294 sempiternam.

422 1330 439 1362 ι
475 1311 585 1365 l-loc
606 1328 932 1384 praeceptum
962 1319 1288 1371 commendo
1318 1317 1438 1383 tibi,
1464 1319 1533 1370 tili
1555 1317 1860 1373 Timothee.
1889 1339 1908 1370 ι

343 1400 639 1474 llucnsqne
673 1407 738 1458 de
773 1417 916 1460 statn
976 1421 1096 1470 suo,
1131 1410 1406 1475 quomodo
1445 1409 1776 1462 adversariis
1827 1425 1914 1464 re-

338 1495 606 1561 spondere
631 1512 647 1563 ;
673 1497 797 1552 hinc
823 1499 914 1553 dat
937 1499 1313 1552 auctoritatem
1331 1499 1638 1565 ordinandi,
1662 1501 1912 1566 docendi,

343 1598 464 1651 qua:
485 1598 752 1657 prtecepta
785 1599 912 1644 sunt
943 1591 1307 1648 commendat.

423 1696 442 1729 ι
517 1679 822 1735 Secundum
881 1685 1254 1751 prmeedentes
1308 1685 1358 1736 in
1419 1693 1470 1737 te
1507 1682 1841 1753 prophetias.
1894 1702 1912 1734 ι

350 1768 664 1826 Secttndmu
704 1775 848 1842 quod
884 1776 1048 1829 etiam
1099 1786 1225 1830 ante
1257 1775 1357 1830 hoc
1388 1775 1648 1842 ofﬁcium,
1679 1775 1916 1830 habebas

350 1865 581 1930 gratiam
619 1867 1009 1934 proplictandi.

429 1975 445 2007 ι
491 1955 558 2010 Ut
589 1957 791 2011 milites
818 1959 869 2011 in
902 1959 1007 2012 illis
1042 1961 1235 2013 bonam
1277 1961 1550 2015 militiam.
1591 1980 1610 2013 ι
1640 1961 1782 2013 Bona
1821 1961 1921 2013 mi-

351 2048 466 2102 litia
497 2057 600 2114 est,
639 2051 692 2102 in
725 2066 830 2118 qua
864 2060 1052 2130 contra
1087 2051 1360 2104 diabolum
1391 2061 1442 2106 ct
1473 2051 1599 2105 vitia
1635 2053 1917 2106 militatur.

429 2159 447 2192 ι
504 2139 722 2195 Habetis
757 2141 938 2196 fidem.
984 2161 1002 2194 ›
1043 2141 1150 2197 Pro
1201 2145 1392 2209 armis,
1425 2145 1580 2198 tidem
1626 2145 1676 2196 in
1706 2143 1922 2198 Christo

355 2232 676 2302 perfectam.

426 2342 445 2374 σ
483 2323 546 2378 Ει
575 2324 770 2379 bonam
794 2326 1211 2382 conscientiam.
1241 2344 1259 2380 ι
1282 2325 1562 2395 lmplendo
1583 2330 1724 2398 quod
1739 2329 1919 2384 doces.

427 2434 445 2468 ι
485 2418 654 2481 Quam
689 2418 909 2486 quidam
937 2419 1266 2488 repellentes
1312 2419 1456 2472 circa
1493 2419 1651 2474 ﬁdem
1697 2419 1922 2472 naufra-

349 2518 633 2577 gaverunt.
674 2526 692 2559 ι
762 2509 900 2564 Male
949 2511 1210 2576 vivendo,
1257 2511 1429 2580 ipsam
1489 2526 1704 2580 quoque
1764 2511 1920 2564 [idem

356 2597 734 2664 perdiderunt,
772 2615 933 2668 quam
970 2601 1174 2657 habere
1207 2604 1529 2658 videbantur
1561 2620 1575 2656 :
1611 2604 1725 2658 sive
1761 2602 1923 2656 etiam

351 2687 465 2756 jam
501 2689 630 2742 vitia
671 2687 1049 2746 sefendentes.

430 2797 450 2832 ι
500 2777 576 2833 Ex
609 2781 805 2850 quibus
834 2791 918 2837 est
949 2782 1276 2854 Hymenaeus
1305 2793 1360 2841 et
1393 2785 1724 2840 Alexander.
1767 2804 1785 2837 ι
1822 2784 1923 2850 Qui

358 2884 542 2924 amore
574 2871 830 2925 vitiorum
864 2873 932 2926 ad
963 2876 1212 2929 haeresim
1245 2875 1605 2930 transierunt.

436 2980 454 3012 ι
491 2963 638 3028 Quos
665 2963 860 3017 tradidi
893 2963 1132 3033 Satanae,
1161 2977 1220 3019 ut
1251 2969 1466 3022 discant
1518 2983 1624 3022 non
1679 2965 1930 3036 IiIaSphe-

363 3067 535 3108 mare.
570 3073 587 3104 ι
623 3054 679 3107 In
715 3056 993 3109 interitum
1028 3058 1238 3120 carnis.
1281 3071 1340 3110 nt
1363 3074 1427 3112 ex
1459 3060 1712 3129 praesenti
1741 3073 1928 3113 eorrec

2011 591 2259 662 personis
2291 601 2486 644 natura
2517 598 2599 642 est
2629 590 2873 641 deitatis.

2091 703 2108 736 ι
2147 681 2298 735 Uuns
2327 692 2380 734 et
2413 681 2680 734 mediator
2713 678 2806 733 Dei
2836 687 2891 732 et
2926 678 3204 734 hominum
3231 676 3394 731 homo
3420 674 3584 729 Chri-

2011 784 2129 828 stus
2157 772 2334 827 Jesus.
2382 791 2401 822 ι
2442 769 2595 824 Sicut
2627 787 2766 824 unus
2792 769 2950 833 Dens,
2989 769 3061 822 ita
3095 783 3235 820 unus
3265 775 3348 821 est
3378 765 3584 818 media-

2016 875 2100 917 tor
2133 865 2274 917 iuter
2320 864 2484 916 Deum
2522 869 2576 914 et
2628 861 2876 916 homines
2930 861 3218 914 universus
3256 876 3271 912 :
3319 859 3422 912 hoc
3473 865 3620 917 est,-

2016 957 2195 1010 nullns
2233 953 2371 1008 alius
2399 954 2538 1014 talis,
2574 968 2676 1008 nec
2711 951 2941 1023 Moyses,
2971 967 3069 1005 nec
3102 949 3305 1018 aliquis
3339 947 3580 1018 prophe-

2017 1059 2089 1106 ta.
2121 1047 2245 1114 quia
2278 1047 2362 1100 hic
2403 1057 2456 1100 et
2488 1046 2648 1098 homo
2702 1054 2840 1109 erat,
2887 1053 2942 1098 et
2991 1043 3152 1097 Deus.
3197 1041 3303 1096 Sed
3362 1040 3485 1109 quia
3519 1041 3618 1128 de‘

2017 1139 2312 1194 traditione
2342 1147 2456 1192 erat
2488 1138 2755 1202 dicturus,
2783 1137 2904 1191 ideo
2934 1137 3209 1190 hominem
3245 1132 3584 1188 solummodo

2019 1230 2345 1294 novuinavit.

2096 1340 2112 1372 ι
2153 1320 2254 1386 Qui
2303 1319 2450 1374 dedit
2489 1316 2920 1388 redemptionem
2955 1317 3310 1386 semetipsum
3339 1329 3436 1384 pro
3466 1327 3589 1364 om-

2020 1411 2199 1466 nibus.
2240 1429 2258 1462 :
2293 1411 2388 1466 Ille
2411 1425 2468 1465 se
2487 1425 2584 1477 pro
2617 1408 2872 1464 omnibus
2896 1408 3068 1474 dedit,
3095 1409 3138 1462 si
3166 1421 3357 1460 omnes
3392 1403 3588 1458 redimi

2021 1505 2239 1558 vellent.

2097 1615 2115 1648 ι
2153 1595 2320 1663 Cujus
2346 1594 2714 1648 testimonium
2765 1591 3098 1662 temporibus
3131 1589 3245 1644 suis
3291 1589 3590 1644 conti-ma-

2021 1696 2130 1741 tum
2159 1696 2262 1741 est.
2311 1706 2328 1738 ›
2367 1687 2420 1740 lu
2464 1685 2833 1739 testimonium
2875 1683 3354 1752 generihumano,
3385 1689 3594 1735 sanet.e

2023 1778 2147 1832 vitae
2177 1775 2326 1830 dedit
2357 1776 2668 1845 exemplum
2703 1792 2717 1830 :
2749 1774 2873 1842 quia
2913 1784 2965 1826 et
2995 1773 3271 1840 prophetae
3297 1773 3408 1826 suis
3441 1771 3594 1823 testi-

2029 1868 2270 1922 monium
2307 1867 2458 1921 fuere
2488 1867 2824 1936 temporibus
2850 1883 2864 1918 :
2909 1865 3202 1920 novissime
3234 1872 3414 1917 autem
3445 1862 3593 1916 misit

2027 1961 2191 2013 tilium
2226 1975 2384 2013 suum
2423 1961 2488 2010 ad
2530 1959 2776 2014 colonos.

2100 2069 2117 2102 ι
2159 2051 2213 2106 lu
2245 2064 2352 2120 quo
2383 2050 2588 2115 pnsitns
2618 2066 2735 2103 sum
2768 2063 2868 2120 ego
2898 2048 3220 2118 praedicator
3269 2057 3322 2101 et
3356 2047 3590 2114 Aposto-

2023 2143 2124 2196 lus.
2165 2161 2182 2193 t
2220 2145 2277 2195 In
2306 2141 2504 2196 Christi
2538 2141 2876 2206 testitttonio,
2913 2143 3027 2195 sive
3067 2140 3310 2196 Christo.

2101 2253 2119 2285 ι
2161 2233 2457 2288 Veritatem
2490 2235 2634 2297 dico,
2670 2249 2775 2286 non
2810 2233 3064 2294 mentior,
3114 2225 3306 2284 doctor
3351 2226 3588 2298 gentium

2025 2332 2076 2383 iu
2111 2328 2213 2382 tide
2244 2335 2295 2380 et
2321 2327 2580 2380 veritate.
2617 2325 2750 2379 Volo
2783 2340 2914 2393 ergo
2947 2324 3094 2378 viros
3139 2336 3300 2376 orare
3355 2321 3412 2375 in
3443 2319 3587 2374 omni

2027 2420 2166 2474 loco.
2199 2437 2218 2468 ι
2255 2415 2512 2487 Magister
2543 2418 2780 2483 gentium
2831 2414 2924 2468 dat
2951 2415 3118 2484 legem
3171 2412 3383 2476 orandi,
3411 2419 3468 2464 ut
3494 2425 3592 2462 au-

2025 2509 2275 2562 ctoritate
2341 2507 2656 2573 Salvatoris,
2727 2521 2905 2570 neque
2961 2506 3011 2558 in
3060 2513 3268 2567 monte,
3306 2515 3480 2571 neque
3538 2501 3592 2554 in

2027 2601 2414 2670 Hierosolymis
2463 2599 2660 2667 aliquis
2695 2598 2882 2652 Oraudi
2936 2596 3104 2667 eligat
3160 2595 3358 2655 locum,
3395 2592 3490 2646 sed
3535 2591 3590 2644 in

2027 2695 2221 2763 spiritu
2266 2691 2450 2757 (Joan.
2499 2707 2572 2755 tv,
2607 2690 2699 2753 ‘21,
2747 2688 2878 2760 ‘23):
2913 2688 3004 2757 qui
3061 2684 3259 2753 ubique
3312 2681 3590 2736 nobiscum

2025 2798 2144 2837 esse
2179 2782 2508 2850 intelligitur.
2542 2779 2691 2833 Sane
2749 2778 2817 2832 de
2877 2777 2979 2830 hoc
3013 2776 3132 2830 loco
3187 2785 3240 2827 et
3275 2773 3377 2827 hac
3433 2784 3592 2826 causa

2029 2891 2057 2929 a
2090 2874 2294 2930 Judmis
2330 2883 2470 2927 mota
2519 2872 2616 2924 fuit
2651 2871 2898 2939 quiestio,
2932 2868 3021 2936 qui
3063 2868 3115 2919 in
3149 2867 3352 2935 templo
3385 2865 3594 2918 solum-

2030 2969 2188 3022 modo
2221 2967 2272 3020 in
2308 2964 2699 3034 Hierosolymis
2743 2977 2903 3016 Orare
2939 2959 3231 3028 cnpiehant
3280 2954 3449 3027 (Ibid.
3477 2952 3591 3023 20).

2107 3077 2124 3109 ι
2163 3057 2424 3111 Levantes
2487 3071 2655 3125 puras
2689 3069 2881 3107 manus
2926 3053 3044 3106 sine
3097 3053 3176 3104 ira
3217 3059 3272 3103 et
3323 3049 3594 3116 discepta-

361 3147 545 3214 ptione
594 3147 828 3212 discant,
867 3149 1106 3203 futurum
1143 3150 1413 3219 judicium
1457 3166 1561 3204 non
1598 3166 1793 3220 negare
1818 3166 1835 3219 ;
1860 3151 1924 3205 ad
1955 3179 1998 3235 ο
2035 3152 2200 3206 tione.
2233 3170 2252 3204 ι
2291 3151 2332 3203 Α
2360 3151 2527 3214 caede,
2555 3159 2606 3203 et
2636 3149 2920 3214 sanguine,
2949 3144 3207 3212 numique
3237 3156 3403 3212 opere
3434 3139 3593 3194 malo.

357 3241 762 3294 emendandum
795 3242 1003 3308 traditi,
1038 3259 1142 3295 non
1176 3244 1240 3298 ad
1275 3243 1640 3313 perdendum.

987 3351 1215 3411 CAPUT
1247 3353 1310 3409 ll.

437 3459 457 3493 ι
498 3441 742 3498 Obsecro
778 3444 940 3514 igitur
973 3445 1207 3514 primum
1238 3445 1482 3501 omnium
1509 3446 1628 3502 ﬁeri
1675 3447 1929 3503 obsecra-

367 3538 559 3591 tiones.
603 3556 620 3586 ι
662 3537 1002 3601 Obsecratio,
1044 3541 1340 3610 impensior
1377 3551 1461 3596 est
1490 3544 1684 3596 oratio.

441 3645 460 3679 ι
492 3627 802 3694 Orationes,
838 3631 1257 3697 postulationes,
1279 3633 1574 3698 gratiarum
1601 3635 1863 3689 actiones.
1905 3651 1925 3685 ι

367 3719 472 3773 Pro
509 3733 574 3774 co
604 3721 748 3788 quod
788 3737 884 3776 nos
931 3720 1123 3790 dignos
1163 3723 1308 3792 fecit,
1353 3725 1516 3778 etiam
1569 3738 1664 3792 pro
1701 3724 1786 3778 his
1842 3723 1933 3791 qui

367 3825 466 3864 vos
494 3825 897 3878 persequuntur
929 3824 984 3866 et
1015 3813 1294 3866 tribulant.
1666 3815 1674 3824 '

442 3921 460 3953 ι
500 3902 604 3959 Pro
639 3905 893 3959 omnibus
942 3907 1278 3972 hominibus,
1331 3921 1428 3977 pro
1464 3907 1702 3974 regibus,
1735 3917 1789 3960 et
1817 3921 1936 3961 om—

372 3993 527 4048 nibus
557 3995 648 4064 qui
687 3996 742 4048 in
778 3997 1111 4051 sublimitate
1148 3998 1428 4053 constituti
1465 4008 1612 4053 sunt.
1654 4017 1672 4049 ι
1721 3996 1792 4052 Ut
1845 4013 1936 4052 co-

370 4099 633 4154 gnoscant
662 4087 851 4152 Deum,
881 4089 997 4144 sive
1053 4080 1404 4158 u'tsuhjectas
1471 4091 1701 4144 habeant
1728 4099 1936 4160 gentes.

377 4176 593 4229 lllormu
626 4180 767 4232 enim
805 4181 858 4233 in
883 4196 1014 4249 pace
1049 4184 1416 4250 tranquillitas
1441 4192 1620 4238 nostra
1647 4184 1894 4237 consistit
1921 4199 1936 4238 :

375 4269 467 4320 sed
505 4279 558 4323 et
588 4269 628 4323 si
664 4271 822 4325 nobis
852 4274 1174 4328 Christianis
1213 4279 1284 4330 sit
1326 4277 1720 4345 persecutionis
1751 4281 1941 4329 turba-

379 4362 474 4428 tio,
513 4364 690 4417 omnis
721 4365 1042 4434 inquietudo
1081 4369 1335 4422 cessabit.

456 4473 475 4504 ι
517 4455 589 4509 Ut
641 4456 882 4522 quietam
925 4467 980 4511 et
1012 4459 1355 4528 tranquillam
1391 4461 1552 4513 vitam
1609 4473 1832 4530 agamus
1887 4458 1939 4512 in

376 4547 523 4599 omni
557 4549 755 4616 pietate
785 4558 841 4602 et
869 4551 1137 4606 castitate.
1169 4570 1186 4601 ι
1225 4551 1302 4602 Ad
1359 4552 1458 4605 hoc
1515 4566 1615 4605 nos
1663 4551 1778 4605 vult
1822 4566 1943 4605 esse

377 4637 610 4704 quietos,
662 4655 719 4691 nt
770 4638 970 4706 pietate
1016 4652 1070 4694 et
1115 4643 1388 4707 castitate,
1443 4658 1547 4695 non
1598 4641 1940 4696 dissensione

375 4729 789 4797 atqueluxuria,
827 4733 1186 4800 tranquillitas
1216 4743 1401 4786 nostra
1437 4734 1707 4802 proﬁciat.

455 4838 474 4872 ι
508 4819 620 4875 lloc
653 4823 796 4875 enim
829 4822 1029 4876 bonum
1070 4838 1174 4887 ρει,
1208 4833 1261 4877 et
1291 4836 1569 4894 acceptum
1612 4808 1793 4878 coram
1827 4823 1944 4876 Sul-

379 4922 568 4965 vatore
607 4921 795 4967 nostro
832 4912 967 4967 Deo.
1017 4931 1036 4963 ›
1077 4913 1141 4967 L‘t
1170 4914 1336 4984 quieti
1367 4915 1419 4969 in
1453 4916 1658 4970 sanctis
1687 4915 1946 4983 operibus

378 5021 702 5059 serviantus.

461 5113 479 5146 ι
513 5097 612 5162 Qui
647 5112 834 5152 omnes
858 5097 1102 5153 homines
1129 5097 1244 5153 vult
1269 5081 1446 5152 salvos
1473 5098 1612 5152 fieri.
1649 5117 1667 5148 ι
1700 5097 1795 5151 llic
1825 5112 1948 5164 pro-

381 5186 545 5242 batur
578 5187 620 5254 ¹,
663 5189 863 5242 nemini
899 5200 1151 5259 oportere
1176 5195 1242 5244 ad
1269 5191 1602 5243 credendum
1637 5191 1742 5242 vim
1775 5191 1945 5240 llllt‘l‘°

383 5294 464 5344 re,
502 5295 599 5333 nec
644 5280 833 5335 tol!ere
859 5282 1072 5335 arbitrii
1105 5282 1433 5335 libertatem.
1468 5281 1572 5335 Sed
1599 5291 1650 5333 et
1680 5280 1811 5334 illud
1849 5283 1948 5330 huc

385 5373 506 5424 loco
543 5371 771 5424 solvitur
798 5371 863 5424 de
894 5372 1239 5425 iudnratioue
1291 5370 1614 5436 Pharaonis,
1649 5382 1702 5426 et
1737 5383 1949 5423 cmterze

386 5461 696 5529 lllljllSlllOLll
726 5460 1048 5526 objectionis
1074 5459 1422 5531 quaestiones.

461 5571 479 5604 ι
520 5553 582 5606 Et
636 5554 703 5608 ad
755 5557 1085 5624 agnitionem
1123 5557 1370 5611 veritatis
1423 5555 1629 5610 venire.
1669 5573 1686 5606 ι
1725 5553 1778 5608 Si
1839 5554 1940 5622 ipsi

391 5653 568 5701 tamen
595 5649 805 5702 vocanti
828 5648 938 5704 Deo
958 5652 1273 5732 consentire
1302 5649 1594 5705 voluerint.

472 5756 491 5788 ι
529 5736 684 5794 Unus
731 5743 874 5794 enim
908 5741 1070 5798 Deus.
1119 5763 1137 5796 ι
1177 5744 1324 5800 Unus
1354 5745 1495 5798 enim
1532 5744 1672 5798 Deus
1704 5743 1865 5796 Pater
1898 5751 1951 5795 et

2033 3241 2432 3296 Testimonium
2469 3241 2613 3296 enim
2647 3238 2978 3292 lnnoccnlim
3011 3243 3094 3290 est
3124 3249 3382 3288 manuum
3417 3232 3597 3286 eleva-

2034 3335 2124 3389 tio.
2154 3333 2267 3386 Non
2306 3332 2480 3386 solum
2515 3341 2694 3384 autem
2729 3343 2924 3383 manus
2975 3329 3043 3381 ab
3072 3341 3262 3396 opere,
3295 3324 3390 3379 sed
3439 3323 3596 3376 etiam

2033 3436 2268 3480 mentem
2305 3424 2374 3476 ab
2399 3424 2475 3476 ira
2517 3433 2569 3476 et
2605 3419 3031 3490 disceptationis
3077 3417 3338 3485 cogitatu,
3370 3414 3463 3483 qui
3495 3412 3596 3466 sibi

2033 3515 2232 3572 dimitti
2265 3514 2420 3584 petit,
2465 3513 2625 3566 debet
2664 3511 2865 3565 habere
2912 3510 3162 3561 muudas.
3193 3503 3367 3558 Nemo
3405 3503 3601 3572 aliquid

2035 3612 2328 3678 impetrare
2356 3614 2552 3674 potest,
2583 3604 2685 3658 alia
2719 3602 3033 3673 cogitando.

2113 3721 2131 3753 ι
2170 3701 2434 3755 Similiter
2472 3707 2525 3752 et
2571 3696 2845 3750 mulieres.
2886 3712 2906 3746 ο
2949 3692 3146 3748 Omnia
3200 3705 3323 3760 qua
3383 3685 3490 3741 dixi
3535 3684 3602 3738 de

2036 3796 2190 3851 viris.
2785 3796 2792 3804 ’

2116 3907 2134 3938 ι
2176 3886 2232 3939 ln
2267 3882 2454 3940 habitu
2488 3890 2704 3938 ornato.
2744 3895 2762 3931 ι
2801 3877 3039 3933 llonesto
3061 3870 3483 3930 ctconvenicuti
3509 3881 3605 3922 na-

2041 3991 2193 4035 turus

2117 4070 2312 4134 (,Cum
2345 4067 2667 4123 verecundia
2725 4073 2780 4120 et
2825 4055 3112 4118 sobrietate
3157 4065 3415 4108 oruautes
3461 4065 3538 4106 se.
3577 4065 3600 4100 ι

2043 4161 2166 4216 llaec
2205 4171 2330 4214 sunt
2363 4168 2687 4212 ornamenta
2725 4156 2940 4209 femina:
2975 4152 3325 4207 Christianae.

2118 4271 2136 4303 ι
2170 4252 2232 4305 Ει
2263 4265 2366 4303 ιιοη
2393 4253 2444 4303 in
2472 4249 2632 4302 tortis
2661 4246 2928 4302 crinibus.
2947 4265 2962 4296 ι
2995 4243 3110 4298 Non
3139 4243 3337 4296 debent
3367 4234 3608 4292 occasio-

2045 4359 2166 4398 nem
2199 4343 2328 4396 dare
2363 4340 2835 4408 concupisrentiaa.

2123 4453 2141 4485 ι
2187 4433 2291 4486 Ant
2341 4447 2496 4495 auro,
2539 4440 2633 4484 aut
2685 4428 3018 4507 margaritis.
3057 4447 3074 4478 ι
3112 4425 3243 4492 Quze
3277 4435 3431 4477 terra:
3485 4427 3612 4475 sunt

1975 4508 2027 4569 Ῑ)
2053 4510 2232 4596 partes
2263 4543 2277 4577 :
2312 4525 2468 4592 cujus
2492 4531 2571 4577 est
2607 4524 2767 4576 homo
2797 4521 3048 4574 dominus
3088 4519 3391 4572 institutus.

2127 4633 2146 4666 ι
2193 4611 2280 4667 Vel
2316 4624 2464 4667 veste
2521 4611 2778 4680 pretiosa.
2823 4630 2852 4658 ιι
2889 4609 3021 4674 Quae
3054 4623 3163 4676 prie
3203 4608 3364 4661 nimia
3402 4605 3614 4660 subtili-

2055 4717 2162 4763 tate
2195 4721 2301 4760 nec
2357 4705 2526 4772 frigus
2562 4711 2766 4764 arceat,
2799 4713 2852 4755 et
2900 4693 2972 4754 de
3001 4701 3158 4770 cujus
3189 4700 3363 4768 pretio
3397 4697 3614 4768 plurimi

2054 4799 2238 4853 vestiri
2267 4796 2511 4866 ejusdem
2545 4804 2755 4847 naturae
2805 4794 3052 4845 homines
3099 4793 3418 4861 potuissent.

2131 4909 2150 4942 σ
2190 4889 2294 4944 Sed
2335 4889 2478 4958 quod
2507 4875 2664 4941 decet
2702 4886 2981 4946 mulieres,
3021 4883 3401 4952 promittentes
3447 4882 3616 4950 pictae

2056 4995 2162 5040 tem
2197 5000 2292 5054 per
2325 4998 2487 5053 opera
2521 4983 2687 5036 bona.
2730 4997 2748 5029 ο
2788 4978 2894 5031 lsta
2931 4993 3059 5046 ergo
3087 4991 3190 5029 non
3225 4983 3354 5027 sunt
3396 4974 3617 5042 promit-

2058 5076 2312 5137 tentium,
2350 5073 2442 5128 sed
2477 5072 2786 5141 negantium
2836 5071 3158 5123 casutatem.

2135 5186 2154 5218 ι
2183 5166 2440 5221 Mulierin
2466 5165 2682 5219 silentio
2701 5164 2876 5218 discat
2895 5177 3017 5213 cum
3043 5161 3188 5212 omni
3210 5159 3569 5228 subjectioue.
3597 5175 3614 5206 ι

2058 5259 2244 5313 Discat
2278 5256 2516 5327 quidem,
2552 5254 2645 5308 sed
2679 5267 2801 5306 cum
2849 5250 2996 5306 omni
3031 5250 3338 5305 humilitate
3363 5259 3418 5303 et
3448 5248 3620 5302 chari-

2061 5357 2189 5402 tate.

2133 5457 2154 5492 ι
2199 5439 2398 5492 Docere
2431 5446 2610 5491 autem
2645 5437 2855 5490 mulieri
2889 5452 2993 5490 non
3030 5435 3306 5506 permitto.
3346 5450 3368 5487 ι
3404 5431 3618 5487 Publice

2063 5545 2170 5585 non
2207 5530 2508 5599 permittit:
2540 5545 2663 5584 nam
2693 5529 2859 5584 tilium
2885 5540 2978 5583 aut
3004 5529 3223 5582 fratrem
3250 5527 3412 5581 debet
3435 5528 3622 5579 docere

2064 5624 2340 5693 privatim.

2137 5757 2154 5790 ι
2201 5740 2383 5806 Neque
2407 5737 2675 5794 dominari
2697 5739 2754 5794 in
2776 5740 2974 5806 virum,
2998 5747 3090 5793 sed
3115 5753 3235 5794 esse
3262 5735 3317 5791 in
3338 5734 3573 5793 silentio.
3593 5747 3613 5786 ι

473 5858 487 5888 ³
519 5855 650 5914 Vide
680 5857 886 5916 Baiuzii
920 5874 1080 5918 uetas
1109 5865 1159 5918 in
1201 5864 1561 5936 Agobardum,
1588 5879 1709 5935 pag.
1740 5864 1804 5918 57
1829 5871 1878 5917 et
1917 5875 2031 5931 seq.
2067 5859 2244 5930 (Tom.
2276 5858 2447 5927 CIV.)
