3956 6196
228 401 338 468 92'.

1249 406 1664 466 EXPOSITIO
1710 406 1792 466 IN
1833 407 2071 470 EPIST.
2103 413 2144 471 Ἰ
2187 413 2284 473 AD
2325 413 2654 475 TIMOTH.

3388 410 3495 476 922

221 517 308 571 Nc
350 517 713 586 magisrrr'nm
742 516 844 572 sibi
908 517 1218 587 usurpando
1252 518 1556 585 superbiat,
1589 518 1684 572 sed
1722 526 1807 571 ιιι-
1842 523 1885 578 A
1916 522 2192 576 castitate.
2235 543 2251 575 ι
2292 525 2521 578 Senum
2561 525 2650 576 Dei
2685 538 2791 578 non
2820 529 3030 591 oportet
3065 520 3296 589 litigare.
3338 519 3488 574 Lites

222 619 344 663 ccat
381 611 431 663 in
466 611 726 663 Ecrlesia.

303 717 326 754 σ
359 700 527 754 Adam
557 704 700 754 enim
738 700 942 770 primus
977 701 1244 754 formatus
1299 709 1404 764 est,
1439 701 1636 755 deinde
1675 699 1807 753 Eva.

226 794 300 848 Et
350 794 519 848 Adam
578 808 680 844 non
718 805 800 846 est
857 795 1150 854 seductus;
1196 794 1390 846 mulier
1429 805 1610 846 autem
1648 796 1800 847 sedu-

224 901 343 941 ειη.
383 907 400 936 ι
442 885 636 940 Reddit
674 900 895 940 causam
937 900 1105 946 quare
1157 900 1250 939 eas
1285 886 1411 938 velit
1457 901 1579 939 esse
1630 888 1812 954 subje-

225 996 346 1035 cia~~
381 997 394 1034 :
431 979 659 1042 scilicet,
699 982 824 1046 quia
861 988 911 1032 el
955 957 1288 1048 posteriores
1323 979 1375 1032 in
1411 977 1618 1033 factura
1658 990 1807 1042 sunt,

231 1082 290 1123 ct
323 1069 529 1140 priores
565 1069 618 1123 in
649 1068 826 1138 culpa.

316 1182 332 1212 ι
378 1163 431 1215 In
471 1160 919 1230 prwvaricatione
949 1160 1074 1216 fuit.
1117 1161 1428 1215 Salvabitur
1471 1173 1651 1215 autem
1716 1177 1814 1232 per

233 1256 479 1309 ﬁliorum
545 1254 977 1323 generationem.
1029 1273 1047 1306 ι
1106 1254 1162 1307 lu
1216 1255 1662 1322 praevaricatione
1715 1255 1817 1308 fuit

237 1349 509 1402 mandati.
550 1347 654 1401 Sed
693 1362 799 1400 nou
828 1346 948 1400 ideo
979 1346 1225 1416 desperet
1279 1347 1491 1408 mulier,
1552 1349 1678 1416 quia
1722 1362 1817 1416 per

235 1441 591 1508 baptismum,
620 1438 762 1507 quod
790 1449 873 1492 est
903 1438 1133 1492 liliorum
1169 1439 1464 1507 generatio,
1504 1439 1616 1508 ipsa
1643 1439 1816 1493 salva-

235 1533 390 1586 liitur
428 1549 440 1585 :
478 1547 581 1584 non
611 1529 746 1596 Eva,
793 1531 883 1585 sed
917 1531 1146 1585 credens
1182 1531 1400 1584 mulier.
1434 1529 1569 1594 Quia
1609 1529 1714 1583 Eva
1749 1533 1816 1587 ad

234 1621 546 1690 cxenqdnm
599 1621 828 1675 adducta
865 1632 947 1676 est
979 1621 1281 1676 creationis
1319 1639 1330 1674 :
1371 1637 1475 1675 non
1538 1623 1602 1673 de
1650 1620 1819 1686 ipsius

237 1716 414 1768 Salute
439 1713 655 1782 pr0prie
683 1715 1036 1767 tractabatur.
1070 1713 1286 1768 thli'ru
1313 1732 1365 1776 ιι,
1399 1713 1672 1782 quomodo
1715 1711 1819 1776 ju-

241 1808 391 1861 sritia
421 1806 553 1868 iussi
579 1821 746 1874 super
773 1808 946 1874 ipsum
979 1807 1104 1870 erit,
1140 1819 1188 1860 ei
1227 1807 1499 1875 quomodo
1531 1805 1662 1870 Noe,
1693 1803 1816 1867 Job,

237 1909 296 1952 et
323 1899 513 1953 Daniel
547 1900 686 1953 ﬁlios
720 1915 848 1954 suos
889 1900 1194 1956 liberabunt
1239 1916 1252 1953 :
1306 1900 1385 1955 sic
1417 1913 1512 1968 per
1547 1898 1685 1952 ﬁlios
1714 1897 1820 1950 Eva

239 1992 564 2047 salvabitur.

323 2099 343 2131 ι
386 2079 441 2134 Si
494 2081 916 2150 permanserint.
969 2099 985 2132 ι
1029 2081 1182 2136 Sient
1211 2081 1462 2150 superius
1511 2081 1576 2135 de
1627 2079 1821 2149 plurali

245 2189 481 2227 numero
535 2173 850 2236 mulierum,
903 2174 966 2226 ad
1010 2175 1339 2242 singularem
1390 2175 1597 2236 dicens,
1630 2172 1826 2226 Mulier

240 2264 298 2315 in
332 2262 542 2315 silentio
571 2264 738 2316 discat
765 2301 780 2325 ,
819 2265 890 2315 ita
922 2273 972 2316 et
1012 2264 1100 2316 hic
1143 2263 1300 2315 rediit
1327 2281 1354 2315 a
1382 2267 1392 2314 l
1431 2263 1716 2330 pluralem.

327 2371 346 2402 ο
380 2353 436 2405 In
489 2352 592 2406 ﬁde
644 2362 696 2405 et
750 2353 1062 2408 dilectione.
1109 2371 1127 2405 ι
1178 2352 1406 2414 Christi,
1444 2363 1495 2405 et
1534 2351 1826 2404 dilectione

246 2444 640 2514 proxhnorUnu

333 2553 352 2585 ι
391 2534 452 2588 Ει
476 2535 916 2588 sam-tiﬁcatiOne
940 2549 1061 2586 cum
1091 2535 1412 2588 sobrietate.
1447 2551 1463 2582 ι
1500 2533 1825 2598 Notandum,

247 2628 396 2698 quod
431 2629 542 2684 sola
573 2629 704 2682 ﬁdes
730 2628 794 2682 ad
847 2629 1071 2683 salutem
1099 2630 1170 2692 ei,
1206 2629 1295 2697 qni
1334 2639 1454 2696 post
1503 2629 1827 2696 baptismum

247 2721 628 2790 supervixerit,
663 2738 768 2774 non
812 2720 1061 2786 suﬁieiat,
1101 2721 1202 2774 nisi
1230 2736 1344 2773 sam
1369 2723 1573 2772 titatem
1636 2720 1830 2772 mentis

250 2824 308 2867 et
341 2812 586 2880 corporis
639 2814 881 2868 habeat:
931 2827 1050 2882 quae
1086 2813 1199 2866 sine
1255 2813 1553 2866 sobrittate
1612 2808 1831 2864 dit’lieile

249 2906 578 2958 custoditur.

859 2995 1088 3052 CAPUT
1141 2995 1228 3051 Ill.

336 3103 355 3134 ι
404 3087 601 3142 Fidelis
641 3103 863 3142 sermo:
905 3089 959 3143 Si
1017 3089 1140 3158 quis
1193 3088 1565 3158 cpisropalttm
1622 3083 1832 3139 deside-

250 3189 364 3233 rat.
405 3197 423 3230 ι
484 3178 724 3233 Ρι·ἰιιιιιιιι
787 3181 956 3234 laicus
1001 3181 1251 3246 instituit,
1285 3181 1350 3233 de
1405 3179 1602 3247 quibus
1639 3177 1826 3246 optimi
1854 3208 1901 3270 ϐ

256 3271 463 3338 quique
491 3270 543 3322 iu
579 3269 945 3324 sacerdotium
983 3271 1298 3340 eliguntur:
1339 3277 1391 3322 et
1421 3270 1498 3322 sic
1538 3268 1667 3323 dicit
1702 3283 1830 3336 qua-

249 3359 336 3414 les
369 3360 595 3413 debeant
633 3359 896 3414 ordinari.

335 3468 356 3502 ι
392 3449 597 3503 Βοιιιιιιι
627 3465 762 3520 opus
791 3453 1080 3504 desiderat.
1124 3472 1141 3500 ο
1179 3450 1258 3505 Ad
1306 3450 1430 3504 boni
1474 3449 1658 3520 operis
1689 3448 1832 3504 desi-

252 3543 465 3595 derium
495 3558 615 3598 enm
659 3545 942 3612 provocat,
971 3559 1076 3596 tton
1113 3543 1176 3594 ad
1209 3545 1492 3596 honorem.

337 3653 358 3687 ι
414 3633 641 3704 Oportet
706 3636 852 3688 enim
911 3638 1226 3706 episcopum
1296 3634 1830 3703 irrt-prehensibilem

250 3744 399 3783 csse.
439 3747 456 3778 ι
487 3728 594 3782 Aut
627 3728 886 3786 Ecclesia:
912 3729 1164 3798 princeps
1198 3744 1305 3780 non
1342 3728 1444 3780 erit
1477 3743 1492 3780 :
1525 3740 1686 3796 quam
1714 3727 1832 3780 ideo

256 3818 556 3890 Apostolus
591 3821 709 3873 sine
742 3820 950 3873 macula
984 3821 1108 3874 alibi
1142 3819 1406 3872 deﬁnivit.

338 3926 356 3957 ι
398 3905 566 3962 Unius
589 3908 774 3962 uxoris
803 3908 998 3962 virum.
1035 3928 1051 3958 ι
1085 3907 1226 3961 Viris
1259 3923 1354 3962 nec
1391 3908 1492 3962 hoc
1520 3907 1664 3972 licet,
1689 3907 1833 3976 quod

254 4002 426 4053 velati
457 4001 714 4054 incedant
748 4020 762 4054 :
800 3999 966 4055 multo
1001 4000 1173 4070 magis
1193 3981 1316 4067 illa,
1349 4014 1470 4070 qua:
1501 4001 1663 4054 etiam
1695 3998 1834 4053 laico

257 4094 640 4162 prohibentur.

340 4204 362 4238 ι
401 4187 674 4242 Sobrium.
718 4206 734 4237 ι
775 4189 840 4242 Et
871 4198 1076 4250 mente,
1105 4194 1159 4241 et
1199 4200 1450 4254 corpore.

340 4297 358 4329 ι
403 4281 690 4342 Ornatum,
735 4280 1082 4349 prudentem,
1113 4278 1396 4348 pudicum.
1438 4296 1456 4329 ι
1504 4276 1600 4330 llis
1650 4277 1836 4332 omni-

253 4371 366 4422 bus
395 4367 763 4434 spiritualibus
798 4369 1159 4423 ornamentis.

339 4479 358 4510 ι
405 4459 760 4527 Hospitalem.
832 4479 851 4512 ι
902 4462 984 4514 Ad
1027 4461 1381 4516 humanitatis
1440 4477 1580 4531 Opus
1641 4473 1834 4525 cuncta

255 4553 423 4624 plebs
458 4535 686 4607 iet-toris
714 4553 889 4614 forma
923 4568 1270 4623 provocetur.

345 4665 366 4697 ι
406 4646 715 4701 Doctorcm.
761 4663 780 4697 ι
822 4647 956 4700 Tam
1008 4649 1195 4715 verbo,
1227 4664 1389 4719 quam
1449 4649 1724 4719 exemplo.
1782 4649 1840 4704 Si

266 4741 419 4794 enim
477 4738 717 4792 omnium
773 4746 900 4793 vota
956 4741 1103 4795 scire
1159 4742 1414 4807 voluerit,
1465 4741 1546 4796 vel
1599 4742 1838 4807 deberet,

257 4835 538 4903 quomodo
564 4846 756 4887 omnes
785 4833 1003 4887 valeant
1028 4836 1359 4903 respondere
1389 4852 1402 4889 :
1439 4847 1645 4904 quanto
1672 4838 1842 4906 magis

261 4925 525 4978 sacerdos
558 4923 726 4993 legem
766 4925 1045 4990 exquiret!
1090 4927 1219 4995 quia
1264 4926 1492 4995 angelus
1531 4926 1624 4981 Dei
1660 4928 1843 4982 omni-

253 5016 500 5086 potentis
536 5025 617 5069 est
655 5013 915 5082 (Malach.
956 5031 1016 5080 It,
1051 5017 1128 5086 7).

348 5124 368 5157 ι
398 5105 511 5162 Non
550 5108 902 5163 vinolentum.
943 5126 962 5159 ι
999 5105 1070 5162 Ut
1098 5108 1424 5166 ﬁduciaﬁter
1459 5111 1634 5179 possit
1665 5112 1842 5166 corri-

264 5212 398 5268 pere
425 5198 692 5254 ebriosos.

353 5309 371 5339 ι
411 5287 528 5342 Non
581 5306 984 5360 percussorem.
1025 5310 1045 5343 ι
1086 5291 1212 5346 Sive
1255 5307 1322 5346 ne
1353 5292 1424 5348 sit
1474 5293 1724 5362 petulans
1777 5292 1842 5347 ad

268 5383 585 5436 eardendum
617 5400 630 5436 :
664 5387 777 5437 sive
807 5401 873 5440 ne
908 5386 1054 5440 malo
1088 5391 1337 5455 exemplo
1373 5388 1744 5442 conscientias
1768 5387 1843 5442 fe-

262 5477 377 5530 riat
416 5475 776 5530 inlirtnorutn.

339 5584 362 5617 ι
403 5565 508 5621 Sed
535 5568 860 5624 modestum.
901 5590 919 5623 ι
952 5569 1054 5637 Qui
1089 5573 1270 5626 omnia
1311 5571 1478 5626 faciat
1515 5587 1641 5626 cum
1679 5587 1839 5626 men-

253 5672 416 5714 sura.

337 5770 358 5802 ι
397 5751 518 5806 Non
549 5753 862 5824 litigiosum,
896 5755 1174 5824 cupidum,
1209 5755 1302 5810 sed
1341 5772 1450 5812 sure
1485 5755 1674 5810 domui
1703 5755 1841 5810 bene

259 5847 644 5915 praepositum,
697 5848 832 5904 ﬁlios
882 5849 1169 5906 habentem
1231 5851 1477 5906 subditos
1514 5864 1640 5906 cum
1692 5852 1838 5906 omni

1913 625 2094 666 autem
2123 626 2176 668 et
2205 615 2385 685 jnrgia
2419 618 2654 668 maxime
2687 631 2750 668 ex
2785 612 3176 682 cupiditatibus
3211 613 3487 666 oriuntur.

1993 725 2010 756 ι
2045 704 2100 758 Si
2135 707 2258 774 quis
2292 716 2476 760 autem
2505 706 2687 758 domui
2724 721 2834 760 sum
2859 705 2995 759 bene
3020 717 3251 772 praeesse
3293 703 3488 770 nescit,

1913 797 2192 865 quomodo
2230 797 2486 852 ΕειΙι-δῖίυ
2518 797 2607 853 Dei
2640 799 2976 867 diligentiam
3014 789 3330 850 habebit?»
3375 795 3495 864 ipse

1916 890 1969 943 in
2029 892 2381 958 ευψιειιιὶιιιιε
2414 893 2683 960 exposuit.
2739 890 2784 947 si
2821 891 2959 944 ﬁlios
3017 892 3069 943 in
3139 891 3392 944 castitate
3441 900 3496 944 et

1918 983 2224 1036 humihtate
2260 984 2485 1036 nutrivit
2517 1002 2530 1036 :
2567 984 2694 1036 hinc
2719 981 2836 1049 eius
2861 981 3138 1050 diligentia
3163 981 3487 1048 comproba-

1920 1087 2006 1128 tur
2039 1091 2053 1131 :
2085 1075 2125 1129 si
2162 1077 2311 1129 enim
2355 1076 2491 1127 ﬁlios
2519 1091 2645 1128 suos
2673 1073 2892 1128 erudire
2930 1074 3178 1136 nescivit,
3218 1071 3495 1140 quomodo

1919 1177 2098 1221 tantos
2130 1167 2218 1220 Dei
2257 1167 2398 1220 ﬁlios
2424 1169 2773 1236 gubernabit,
2817 1182 3047 1233 quorum
3085 1180 3264 1218 mores
3297 1145 3497 1217 secun-

1918 1258 2044 1311 dum
2084 1274 2365 1311 numerum
2413 1234 2540 1312 su.ut
2589 1259 2834 1312 diversi?
2866 1259 2947 1312 vel
2982 1274 3085 1327 qua
3139 1258 3351 1314 ﬁducia,
3405 1255 3496 1324 qui

1920 1350 2358 1416 indist-iplinatos
2385 1349 2546 1404 habet
2577 1349 2738 1417 ﬁlios,
2793 1349 3012 1404 audebit
3065 1348 3290 1417 exigere
3331 1345 3500 1401 disci-

1921 1437 2156 1510 plinant?

1996 1550 2014 1582 ι
2056 1531 2172 1586 Non
2226 1531 2582 1601 neophytum,
2619 1545 2684 1585 ne
2735 1530 2790 1584 in
2831 1530 3142 1600 superbiam
3171 1529 3370 1592 elatus,
3435 1527 3490 1581 in

1916 1623 2182 1694 judicium
2228 1623 2434 1675 incidat
2475 1621 2702 1674 diaboli.
2740 1639 2759 1672 ι
2796 1619 2874 1674 Ne
2927 1636 3098 1686 nuper
3133 1631 3356 1674 renatus
3392 1620 3501 1672 cito

1925 1716 2094 1786 possit
2130 1730 2227 1782 per
2282 1713 2642 1783 ignorantiam
2680 1713 2906 1767 exaltari
2942 1728 2958 1768 :
2993 1721 3048 1765 et
3095 1719 3245 1780 putet
3285 1725 3343 1764 se
3390 1723 3499 1762 non

1927 1816 2036 1860 tam
2074 1805 2438 1859 ministerium
2472 1803 2817 1865 humilitatis,
2851 1819 3016 1872 quam
3063 1801 3498 1857 administratio-

1929 1915 2048 1954 nem
2079 1897 2366 1952 szei-ularis
2401 1896 2690 1965 potestatis
2716 1898 2993 1961 adeptum.
3019 1907 3071 1950 et
3094 1893 3506 1948 condemnatio-

1925 2004 2050 2044 nem
2082 1988 2350 2055 superbia:
2410 1998 2679 2040 mereatur
2713 2002 2726 2041 :
2781 1990 2926 2041 sicut
2964 1986 3238 2048 diabolus,
3271 1985 3362 2054 qui
3411 1999 3506 2053 per

1924 2080 2250 2150 jactantiam
2286 2079 2564 2148 judicatus
2595 2089 2758 2148 atque
2785 2080 3029 2144 dejecms
3061 2087 3164 2131 est.

2007 2192 2026 2225 ι
2083 2172 2309 2242 Oportet
2338 2181 2520 2225 autem
2571 2181 2623 2226 et
2679 2171 2828 2224 illum
2873 2170 3247 2224 testiinonium
3305 2168 3508 2222 habere

1931 2269 2132 2322 bonum
2169 2266 2238 2320 ab
2269 2266 2375 2330 his,
2415 2265 2510 2334 qui
2554 2263 2686 2318 foris
2717 2270 2864 2317 sunt.
2901 2279 2921 2314 ι
2955 2260 3025 2317 Ut
3057 2261 3175 2314 sine
3207 2258 3508 2312 oil'eusione

1927 2359 2147 2417 Judzeis.
2183 2356 2510 2420 inﬁdelibus,
2547 2363 2714 2424 atque
2745 2353 2972 2417 Graecis,
3003 2353 3190 2421 prmsit
3239 2348 3500 2404 Ecclesia.-

1931 2451 2048 2506 Dei.
2077 2449 2282 2505 Omnes
2324 2449 2469 2503 enim
2508 2447 2829 2500 naturaliter
2866 2455 3133 2498 noverunt
3167 2444 3393 2512 culpare
3423 2441 3507 2494 vi-

1933 2546 2026 2608 tia,
2047 2554 2095 2598 et
2123 2543 2346 2596 laudare
2373 2542 2622 2594 virtutes.

2005 2651 2026 2687 ι
2067 2632 2137 2688 Ut
2177 2649 2283 2687 non
2324 2633 2377 2686 in
2415 2631 2770 2701 Opprobrium
2830 2628 3053 2689 incidat,
3082 2635 3136 2681 et
3169 2627 3222 2679 in
3250 2625 3508 2695 laqueum

1931 2727 2155 2781 diaboli.
2197 2744 2215 2777 ι
2259 2723 2330 2796 Ut
2361 2741 2464 2778 non
2510 2725 2830 2791 vituperetur
2889 2720 3236 2773 ministerium
3276 2730 3512 2771 nostrum

1933 2819 2019 2888 (II
2063 2819 2191 2874 Cor.
2237 2833 2312 2884 vl,
2345 2818 2423 2886 5),
2463 2826 2516 2871 ct
2553 2833 2646 2884 per
2709 2815 2860 2868 illum
2916 2813 3162 2867 diabolus
3218 2811 3417 2866 multos
3459 2811 3513 2864 in

1931 2910 2182 2978 laqueum
2223 2916 2428 2970 teneat,
2465 2906 2557 2975 qui
2588 2916 2840 2974 poterant
2868 2904 2981 2956 ﬁeri
3013 2901 3337 2955 Christiani.

2009 3020 2028 3052 ι
2075 3001 2343 3054 Diaconos
2373 2998 2646 3052 similiter.
2684 3016 2702 3046 ι
2733 2994 3274 3064 lrreprcbensibilcs,
3315 3002 3373 3047 ut
3397 2991 3515 3060 epi-

1933 3093 2080 3162 sc0pi
2116 3091 2410 3161 eligantur.
2453 3088 2728 3154 Quazritur
2780 3103 2877 3140 cur
2913 3088 2978 3139 de
3027 3085 3359 3154 presbyteris
3394 3082 3516 3137 nul-

1934 3184 2040 3237 lam
2076 3182 2278 3237 fecerit
2314 3182 2666 3242 mentionem,
2693 3179 2788 3232 sed
2818 3193 2911 3232 eos
2933 3178 3312 3245 episcoporum
3343 3175 3515 3228 uomi-

1937 3292 2000 3330 ne
2033 3271 2548 3342 comprehenderit;
2577 3272 2703 3339 quia
2740 3278 3039 3330 secundus,
3072 3269 3178 3320 imo
3207 3282 3343 3337 pene
3371 3281 3512 3320 unus

1933 3378 2014 3424 est
2039 3366 2238 3438 gradus
2271 3383 2284 3419 :
2321 3364 2463 3420 sicut
2501 3364 2570 3418 ad
2596 3363 2982 3431 Philippeuses
3004 3360 3279 3430 episcopis
3303 3375 3364 3411 ac
3392 3358 3517 3411 dia-

1933 3461 2085 3515 conis
2115 3459 2305 3512 scribit
2337 3456 2597 3526 (Philipp.
2636 3471 2674 3519 t,
2708 3456 2783 3524 1),
2812 3469 2938 3509 cuni
2971 3469 3075 3506 una
3105 3452 3300 3507 civitas
3331 3452 3516 3521 plures

1934 3555 2213 3622 episcopos
2238 3551 2441 3605 habere
2475 3565 2581 3603 non
2614 3548 2810 3618 possit,
2847 3557 2900 3601 et
2941 3547 2995 3601 in
3031 3547 3257 3601 Actibus
3289 3553 3514 3614 aposto-

1938 3645 2108 3697 lorum
2144 3643 2492 3712 presbyteros
2522 3639 2811 3702 Ecclesiae,
2861 3639 3036 3693 iturus
3085 3637 3514 3706 liierosolymas,

1935 3750 2294 3804 congregans,
2334 3735 2463 3788 ait:
2516 3731 2666 3786 Inter
2717 3742 2910 3786 caetera
2971 3729 3138 3782 videte
3191 3743 3416 3797 gregem,
3458 3745 3514 3780 ιιι

1933 3843 2034 3894 quo
2065 3842 2154 3878 vos
2186 3823 2416 3892 Spiritus
2452 3831 2667 3877 sanctus
2721 3821 2990 3890 episcopos
3043 3816 3317 3869 ordinavit
3369 3815 3513 3885 (Act.

1939 3933 2032 3981 xx,
2063 3915 2175 3984 28).

2014 4027 2032 4060 ι
2072 4006 2326 4062 Pudicos.
2363 4024 2383 4056 ι
2418 4004 2771 4060 Continentes
2806 4002 3039 4057 scilicet.

2017 4117 2037 4151 ι
2074 4097 2190 4172 Non
2227 4099 2518 4168 bilingues.
2555 4115 2573 4148 ›
2617 4095 2858 4150 Susurro
2907 4106 2961 4149 et
2993 4091 3256 4161 bilinguis
3311 4089 3516 4145 multos

1945 4194 2148 4253 turbat,
2181 4206 2365 4259 pacein
2419 4188 2706 4243 habentes.

2021 4304 2040 4336 ι
2079 4282 2192 4337 Non
2219 4283 2386 4336 multo
2409 4284 2534 4335 vino
2563 4263 2800 4334 deditos.
2827 4297 2846 4331 ι
2881 4277 3171 4334 Concessit
3200 4274 3514 4332 necessitati

1944 4393 2164 4448 parum,
2194 4378 2285 4445 qui
2321 4374 2578 4443 voluptati
2613 4371 2844 4440 amplius
2877 4370 3188 4439 denegavit.

2022 4485 2043 4520 ι
2083 4469 2194 4521 Nec
2219 4458 2376 4532 tu'rpe
2408 4468 2620 4518 lucrum
2662 4471 2962 4518 sectantes.
3010 4480 3028 4513 ι
3075 4461 3258 4527 Turpe
3311 4458 3518 4512 lucrum

1872 4558 1921 4617 ο
1948 4573 2032 4618 est
2058 4561 2124 4614 de
2157 4561 2480 4615 cmicstibus
2523 4555 2814 4627 mysteriis,
2845 4564 3061 4608 terrena
3120 4553 3342 4606 sectari.

2026 4674 2043 4705 ι
2077 4651 2346 4707 [labentes
2371 4653 2686 4721 mysterium
2714 4649 2834 4703 ﬁdei
2862 4649 2913 4701 in
2942 4646 3277 4700 conscientia
3306 4659 3461 4713 pura.
3496 4661 3514 4692 ι

1949 4743 2266 4813 Mysterinm
2306 4751 2410 4804 est,
2452 4742 2593 4808 quod
2636 4739 2820 4809 passio
2857 4739 3062 4792 Christi
3106 4737 3403 4802 redemptio
3437 4743 3520 4784 est

1949 4834 2141 4887 salutis
2168 4834 2414 4885 humana:
2452 4847 2466 4883 :
2515 4831 2557 4884 si
2591 4845 2720 4898 ergo
2760 4828 3014 4895 intelligit
3042 4843 3194 4896 pure,
3257 4841 3359 4878 non
3387 4839 3523 4878 con-

1951 4925 2198 4980 funditur
2228 4926 2294 4976 de
2336 4922 2645 4976 humilitate
2679 4921 2907 4976 Christi.
2933 4923 3060 4975 Sive
3090 4920 3131 4973 si
3165 4928 3383 4987 propter
3418 4915 3522 4968 hoc

1952 5017 2127 5074 solum
2157 5015 2420 5083 pra-dieat
2459 5013 2779 5084 mysterium
2820 5014 2965 5077 ﬁdei,
2997 5021 3217 5082 propter
3261 5008 3400 5076 quod
3433 5007 3528 5060 dc-

1953 5109 2040 5163 bet
2071 5108 2355 5178 praedicari
2389 5123 2404 5159 :
2444 5122 2552 5160 non
2583 5108 2720 5160 ultra
2750 5108 2992 5162 debitum
3025 5103 3345 5176 mysterium
3375 5115 3528 5170 qua:-

1954 5210 2100 5257 stum
2137 5214 2259 5253 esse
2298 5199 2573 5253 existimet
2613 5199 2890 5268 pietatem.

2034 5311 2052 5343 ι
2101 5290 2167 5343 Et
2204 5291 2255 5343 hi
2290 5299 2471 5343 autem
2504 5292 2805 5358 probentur
2839 5291 3094 5360 primum,
3127 5297 3182 5342 et
3216 5287 3300 5343 sic
3364 5285 3530 5341 mini-

1952 5394 2152 5449 strent,
2177 5383 2380 5435 nullum
2414 5381 2618 5436 crimen
2656 5381 2940 5435 habentes.
2980 5398 2998 5430 ι
3040 5379 3153 5433 Non
3203 5379 3378 5434 solum
3412 5377 3529 5446 epi-

1954 5477 2132 5546 seopi,
2161 5476 2251 5530 sed
2280 5488 2333 5528 et
2359 5475 2444 5529 isti
2474 5486 2600 5527 ante
2626 5474 3030 5528 ordinationem
3056 5473 3272 5541 probari
3305 5473 3528 5526 debent.

2033 5589 2050 5622 ‹
2117 5569 2367 5623 Mulieres
2431 5568 2684 5621 similiter
2722 5565 2965 5636 pudicas.
3006 5586 3024 5618 ι
3088 5566 3355 5619 Similiter
3407 5579 3523 5629 eas,

1955 5675 2013 5719 ut
2040 5664 2302 5718 diaconos
2333 5661 2456 5730 eligi
2492 5662 2666 5726 jubet.
2719 5660 2874 5716 Unde
2903 5661 3242 5738 inteiiigitur,
3275 5658 3418 5727 quod
3453 5656 3523 5710 de

1947 5757 2033 5810 bis
2066 5755 2237 5814 dicat,
2276 5767 2412 5822 quas
2440 5752 2618 5808 adhuc
2654 5752 2815 5808 hodie
2841 5752 2895 5807 in
2927 5751 3154 5809 Oriente
3178 5750 3524 5808 diaconissas

1947 5847 2236 5905 appellant.
