3954 6194
437 313 544 378 923

1376 297 1433 360 S.
1476 287 1917 354 llIERONYMI
1957 282 2277 346 OPERUM
2319 277 2721 341 MANTISSA.

3577 259 3703 320 99.5

515 444 536 478 ‹
578 423 693 478 Non
721 419 1088 476 detrahentes.
1121 431 1140 464 δ
1178 411 1334 478 Quod
1369 410 1476 466 illis
1505 409 1700 464 vitium
1739 404 2010 476 praecipue
2038 403 2083 458 A
2117 410 2300 450 amore
2332 391 2604 448 castitatis
2643 399 2696 443 et
2729 385 3094 448 abstinentiae,
3128 383 3222 438 sed
3262 378 3329 434 ad
3355 376 3705 432 obumbran-

439 518 771 574 dominatur.

519 627 540 661 ι
581 605 826 667 Sobrias,
862 599 1047 656 ﬁdeles
1081 597 1135 654 in
1191 593 1465 653 omnibus.
1513 612 1530 645 ι
1585 589 1644 646 In
1679 589 1826 645 nullo
1860 586 2016 643 dubio

443 710 646 756 tantes.

521 813 540 846 ‹
585 793 849 846 Diacones
883 789 995 844 sint
1021 785 1179 841 unius
1213 783 1400 841 uxoris
1449 781 1576 843 viri,
1613 780 1703 848 qui
1743 777 1870 833 ﬁliis
1900 777 2018 832 suis

446 889 586 943 bene
625 885 870 954 praesint,
915 893 969 938 et
1014 881 1130 937 suis
1165 878 1448 934 domibus.
1498 896 1516 928 ι
1553 875 1671 929 Non
1710 880 1792 934 ut,
1829 871 1874 925 si
1911 885 2016 923 non

371 1013 380 1023 ι
451 979 762 1044 habuerint,
793 977 991 1031 ducant
1016 993 1030 1036 ;
1059 974 1152 1030 sed
1183 987 1248 1026 ne
1285 972 1418 1025 duas
1469 969 1725 1023 habeant.
1767 963 1826 1018 Si
1871 962 2017 1016 enim

447 1057 749 1140 digniorem
780 1069 912 1124 facit
937 1083 1093 1129 uxor.
1122 1082 1222 1121 cur
1252 1079 1358 1118 non
1401 1060 1571 1131 magis
1603 1067 1658 1113 et
1706 1053 1907 1127 digami
1966 1061 2021 1108 et

450 1165 667 1235 trigami
699 1160 1068 1217 ordinantur?

527 1278 546 1311 ι
593 1258 695 1323 Qui
730 1257 873 1312 enim
907 1255 1046 1308 bene
1083 1248 1538 1307 ministraverint.
1576 1265 1594 1298 ι
1634 1240 1879 1299 Ostendit
1914 1253 2021 1293 non

451 1348 815 1402 ministerium
881 1355 1115 1410 tantum,
1171 1341 1266 1398 sed
1333 1339 1658 1410 qualitatem
1733 1330 2023 1388 ministerii

452 1442 733 1513 prtemium
768 1438 1097 1508 promereri.

531 1554 550 1586 ι
589 1533 825 1589 Gradnm
864 1532 1062 1584 bonum
1099 1526 1199 1581 sibi
1241 1525 1546 1594 acquirent.
1587 1539 1605 1574 ι
1648 1520 1856 1572 Bonum
1934 1515 2024 1570 hic

358 1659 371 1678 .
453 1640 556 1696 pro
583 1624 748 1691 gradu
777 1621 967 1688 majori
994 1619 1174 1686 posuit
1207 1634 1222 1670 :
1257 1622 1381 1669 sunt
1410 1612 1554 1667 enim
1589 1611 1850 1664 minores.

452 1729 458 1740 ’
535 1737 553 1768 ι
587 1717 649 1768 Et
678 1714 898 1768 multam
937 1711 1185 1766 ﬁduciam
1220 1709 1274 1762 in
1309 1706 1434 1768 ﬁde,
1465 1719 1583 1772 qua:
1614 1711 1699 1755 est
1729 1701 1781 1756 in
1807 1697 2027 1755 Christo
2059 1730 2105 1788 Β

459 1806 609 1862 Jesu.
656 1824 672 1855 ι
713 1806 868 1873 Apud
896 1802 1186 1855 Dominum
1220 1797 1459 1868 petendi,
1490 1804 1544 1849 et
1577 1795 1721 1863 apud
1780 1791 2030 1846 homines

462 1899 718 1963 docendi,
750 1899 832 1952 vel
867 1898 1028 1952 etiam
1072 1892 1360 1962 arguendi.

539 2010 560 2044 ι
600 1991 723 2044 Haec
753 1991 844 2043 tibi
873 1990 1078 2052 scribo,
1116 1987 1188 2040 tili
1225 1969 1538 2046 Timotheo,
1571 1997 1799 2050 sperans
1831 1995 1918 2035 me
1941 1996 2034 2035 ve-

462 2086 583 2141 nire
615 2084 682 2139 ad
732 2095 780 2138 te
810 2084 941 2138 cito.
975 2081 1030 2136 Si
1064 2089 1244 2135 autem
1292 2078 1603 2143 tardavero,
1637 2086 1696 2130 ut
1727 2078 1871 2131 scias
1903 2090 2035 2143 quo-

464 2177 628 2230 modo
658 2183 902 2244 Oporteat
937 2182 989 2228 te
1027 2173 1079 2226 in
1111 2173 1270 2225 domo
1303 2169 1395 2224 Dei
1431 2168 1771 2230 conversari,
1804 2183 1924 2235 quae
1953 2177 2038 2222 est

464 2270 711 2324 Ecc‘esia
741 2267 831 2322 Dei
861 2267 989 2320 vivi.
1032 2283 1050 2318 ι
1086 2263 1156 2318 Ut
1189 2263 1564 2318 auctoritatem
1600 2261 1802 2315 habeas
1826 2276 1924 2330 pro
1953 2275 2037 2314 me

463 2363 646 2417 omnia
679 2360 988 2424 ordinandi,
1038 2357 1200 2425 hujus
1250 2357 1494 2426 epistolae
1545 2358 1814 2409 sententia
1843 2353 2036 2408 conﬁr-

465 2463 664 2509 matus.

544 2562 566 2598 ε
601 2544 869 2599 Columna
904 2551 958 2596 et
1003 2540 1405 2595 firmamentum
1439 2538 1713 2592 veritatis.
1751 2556 1770 2589 ι
1835 2538 1896 2591 in
1935 2551 2038 2601 qua

468 2652 611 2692 nunc
638 2638 751 2691 sola
780 2637 984 2690 veritas
1009 2643 1120 2688 stat
1180 2634 1389 2687 ﬁrmata
1427 2652 1440 2686 :
1479 2648 1600 2698 qua:
1631 2641 1758 2685 ante
1810 2632 1864 2684 in
1925 2631 2042 2700 lege

470 2735 586 2781 erat
611 2724 782 2789 posita
811 2724 894 2777 vel
925 2732 1150 2787 natum,
1187 2737 1312 2790 quae
1335 2720 1447 2776 sola
1477 2721 1710 2774 sustinet
1731 2719 2042 2776 aedilicium.

549 2835 568 2868 ι
603 2814 667 2868 Et
693 2813 973 2867 manifeste
1020 2826 1275 2881 maguum
1328 2819 1412 2863 est
1444 2810 1658 2879 pietatis
1727 2823 2044 2863 sacramen-

475 2917 608 2964 tum.
641 2927 659 2960 ι
692 2907 845 2973 Quod
877 2906 1019 2962 scire
1074 2913 1126 2958 te
1171 2904 1330 2971 cupio
1355 2910 1756 2956 sacramentum
1797 2902 2048 2954 incarna-

473 3001 640 3058 tionis
671 3000 900 3065 Christi,
922 3014 1018 3069 per
1045 3012 1208 3068 quam
1237 2993 1420 3064 generi
1458 2994 1693 3046 lmmano
1731 2993 1912 3064 pietas
1937 2993 2046 3048 col-

472 3091 578 3146 lata
603 3098 709 3145 est.

553 3200 572 3234 r
609 3182 760 3248 Quod
788 3179 1190 3235 manifestatum
1229 3177 1394 3232 estin
1424 3188 1612 3231 carne.
1652 3190 1669 3223 ι
1704 3170 1855 3239 Quod
1907 3185 2049 3225 nunc

475 3277 532 3330 in
564 3289 727 3330 carne
751 3273 870 3343 ejus
900 3272 1230 3328 declaratum
1264 3281 1364 3324 est.

554 3383 575 3418 ε
614 3364 682 3418 Et
708 3364 1066 3434 justiﬁeatum
1093 3371 1176 3418 est
1206 3362 1262 3416 in
1315 3357 1532 3428 spiritu.
1565 3376 1584 3410 ι
1616 3357 2047 3410 Demonstratum

478 3464 584 3512 cst.

556 3546 848 3616 «Apparuit
879 3545 1102 3615 angelis.
1139 3561 1158 3595 ι
1187 3541 1416 3609 Quando
1464 3540 1716 3596 dicebant
1751 3536 1976 3592 :Gloria
2001 3536 2052 3589 in

479 3637 697 3691 excelsis
739 3638 845 3690 Deo
895 3636 1045 3701 (Luc.
1078 3650 1142 3700 tt,
1191 3633 1328 3700 14):
1386 3633 1605 3703 quando
1657 3630 1734 3685 illi
1767 3629 1817 3683 in
1870 3641 2056 3684 eremo

482 3729 868 3785 ministrabant
897 3727 1108 3798 (Matth.
1147 3741 1222 3791 tv,
1257 3724 1370 3797 Η).

559 3840 581 3874 ι
616 3820 970 3877 Praedicatum
1003 3827 1088 3873 est
1136 3819 1408 3886 gentibus.
1447 3835 1464 3867 ι
1494 3815 1553 3869 lu
1599 3814 1850 3885 gentibus
1897 3825 2057 3866 omne

483 3927 656 3982 genus
691 3911 968 3964 hominum
999 3906 1431 3977 comprehendit.

563 4021 582 4054 ι
637 4001 915 4056 Creditum
971 4008 1056 4054 est
1099 3999 1154 4052 in
1204 3998 1430 4060 mundo,
1479 4002 1819 4062 assumptum
1869 3999 1953 4046 est
2005 3991 2058 4044 in

487 4091 680 4159 gloria.
718 4109 737 4143 ι
772 4089 1095 4146 Videntibus
1143 4087 1425 4158 apostolis,
1480 4085 1725 4142 ascendit
1767 4085 1822 4138 in
1861 4082 2061 4137 ctelum

481 4183 628 4253 (Act.
671 4199 708 4244 ι,
735 4181 814 4298 9)..
1086 4248 1318 4304 CAPUT
1346 4247 1432 4302 Ν.

571 4383 589 4416 ι
627 4363 864 4433 Spiritus
893 4371 1073 4418 autem
1120 4361 1410 4417 manifeste
1437 4357 1589 4422 dicit,
1619 4357 1743 4426 quia
1777 4354 1832 4410 in
1877 4352 2063 4408 novis-

485 4457 650 4510 simis
693 4456 1032 4525 temporibus
1085 4454 1370 4510 discedent
1420 4450 1640 4520 quidam
1672 4463 1699 4500 a
1728 4446 1852 4501 ﬁde.
1883 4464 1900 4497 ι
1933 4443 2066 4498 Pro—
2100 4442 2140 4498 ο

493 4547 767 4616 phetalem
797 4547 1004 4602 inducit
1029 4546 1307 4610 allectum,
1348 4542 1488 4608 quod
1513 4537 1719 4610 antiqui
1765 4538 2018 4592 dicebant
2048 4551 2063 4591 :

496 4639 626 4695 Han:
649 4639 777 4692 dicit
820 4635 1051 4706 Spiritus
1070 4635 1460 4694 sanctus.(lsa.
1518 4647 1669 4695 um,
1705 4628 1914 4698 IO-H).

575 4749 594 4782 ι
629 4728 984 4784 Attendentes
1013 4728 1295 4796 spiritibus
1342 4725 1547 4780 erroris
1587 4731 1641 4778 et
1676 4717 1934 4775 doctrinis
1957 4717 2067 4771 daa-

495 4823 824 4880 moniornm.
865 4838 882 4872 a
916 4818 1106 4874 Omnis
1137 4817 1394 4873 haeretica
1444 4813 1692 4870 doctrina
1762 4809 2068 4863 dtemonum

497 4927 618 4970 arte
647 4913 946 4984 composita
977 4921 1084 4967 est.

577 5025 596 5058 ι
628 5007 688 5059 in
721 5003 1015 5077 hypocrisi,
1055 4999 1394 5070 loquentiqu
1446 4993 1809 5058 mendacium,
1836 5000 1890 5046 et
1941 5003 2072 5043 cau-

499 5097 748 5162 teriatam
810 5095 1125 5151 habentium
1179 5106 1330 5147 suam
1381 5085 1791 5144 conscientiam.
1833 5101 1852 5134 ι
1888 5082 1946 5138 In
1977 5081 2076 5150 hy-

501 5189 702 5259 pocrisi
749 5190 1069 5258 loquuntur,
1108 5185 1199 5254 qui
1253 5198 1375 5237 cum
1427 5196 1534 5236 non
1579 5177 1918 5240 contineant,
1964 5183 2074 5228 tam

498 5282 642 5337 casti
673 5281 858 5336 volunt
882 5279 1076 5343 videri,
1111 5277 1354 5332 utetiam
1389 5271 1606 5340 nuptias
1643 5271 1906 5324 damnent
1931 5282 1945 5329 ;
1970 5274 2075 5318 tam

509 5374 864 5436 abstinentes,
902 5381 961 5425 nt
995 5379 1279 5426 creaturas
1310 5365 1424 5431 Dei,
1461 5377 1626 5433 parce
1662 5369 1903 5423 utentes,
1928 5357 2078 5438 judi-

507 5475 654 5530 cent,
691 5481 810 5520 cnm
847 5465 949 5531 ipsi
1002 5460 1491 5520 comessationibus
1539 5461 1756 5509 vacent.
1793 5449 1891 5506 llic
1950 5463 2080 5504 vero

505 5556 583 5611 ita
628 5556 933 5611 castitatem
995 5565 1050 5610 et
1106 5552 1482 5609 abstinentiam
1539 5543 1818 5616 praedicat,
1864 5549 1922 5593 ut
1974 5553 2081 5592 nec

516 5654 794 5713 naturam,
821 5662 920 5703 nec
956 5653 1238 5701 creaturas
1262 5642 1499 5696 damnet.
1524 5633 1605 5689 Ad
1661 5631 1789 5686 illud
1832 5627 2104 5682 fortiores-

519 5735 813 5794 hortatur:
851 5739 995 5795 istud
1022 5736 1267 5794 concedit
1309 5729 1562 5791 inﬁrmis.
1609 5726 1686 5782 llli
1743 5730 1925 5779 autent
1979 5719 2084 5775 hoc

2117 489 2244 542 dum
2305 485 2423 555 ejus
2473 482 2741 552 justitiam
2793 478 3116 533 faciebant:
3168 471 3464 528 sanctiores
3515 466 3702 521 videri

2117 582 2384 637 volentes,
2415 588 2574 642 quam
2623 571 2710 624 ille
2742 569 2832 639 qui
2877 582 3022 621 more
3053 563 3320 619 castitatis
3378 559 3536 613 etiam
3583 573 3706 611 nu-

2117 671 2258 738 ptias
2287 664 2658 720 concedebat:
2709 661 2915 716 scilicet
2963 673 3027 712 ne
3081 652 3452 711 fornicationis
3483 641 3707 705 crimen

2118 763 2481 816 incurrerent.
2508 754 2701 810 Omnis
2725 752 2868 806 enim
2907 751 2996 818 qui
3041 747 3258 816 nuptias
3314 745 3552 805 damnat,
3583 755 3709 793 non

2121 861 2350 912 amator,
2384 849 2476 903 sed
2516 847 2766 901 inimicus
2794 855 2878 899 est
2931 840 3202 896 castitatis
3243 854 3258 890 :
3291 838 3414 888 dum
3441 843 3498 889 et
3557 848 3712 886 con-

2123 942 2420 997 tinentibus
2452 940 2666 994 laudem
2695 937 2851 998 tollit,
2878 944 2932 989 et
2964 929 3444 1006 incontinentibns,
3479 925 3713 980 sublato

2122 1039 2434 1106 nuptiarum
2475 1033 2736 1099 remedio,
2767 1026 3150 1086 fornicationis
3205 1022 3335 1078 iacit
3389 1019 3526 1074 inire
3586 1015 3717 1068 dis-

2123 1133 2351 1186 crhnen.

2199 1239 2218 1272 ι
2256 1215 2670 1273 Prohibentinm
2698 1212 2926 1273 nubere.
2981 1206 3253 1262 abstinere
3285 1217 3313 1255 a
3353 1202 3505 1263 cibis,
3553 1212 3717 1267 quos

2129 1310 2269 1366 Deus
2337 1309 2543 1364 creavit
2607 1305 2672 1359 ad
2739 1298 3141 1372 percipiendum
3225 1307 3348 1346 cum
3401 1291 3720 1359 gratiarum

2135 1401 2346 1458 actione
2386 1399 2636 1453 lldelibns
2672 1408 2725 1449 et
2759 1395 2843 1448 his
2871 1391 2958 1462 qui
2985 1393 3356 1454 cognoverunt
3395 1381 3725 1434 veritatem.

2128 1493 2263 1560 Quia
2293 1493 2472 1546 omnis
2501 1497 2752 1544 creatura
2797 1485 2888 1539 Dei
2933 1483 3072 1536 bona
3130 1485 3237 1539 est,
3270 1483 3325 1529 et
3372 1473 3504 1526 nihil
3581 1471 3728 1537 reji-

2127 1587 2404 1647 ciendum.
2435 1582 2576 1652 quod
2611 1595 2732 1634 cum
2761 1577 3056 1646 gratiarum
3117 1569 3331 1623 actione
3384 1566 3726 1633 percipitur.

2131 1677 2516 1732 Sanctiﬁcatnr
2561 1673 2704 1727 enim
2742 1685 2837 1739 per
2855 1666 3078 1720 verbum
3113 1660 3205 1713 Dei
3237 1666 3289 1712 et
3323 1655 3666 1711 orationem.
3704 1671 3726 1704 ι

2135 1769 2190 1826 Si
2220 1770 2282 1823 ad
2322 1766 2708 1837 proprietatem
2743 1759 3011 1814 sermonis
3055 1752 3323 1812 attendas,
3355 1759 3726 1804 monstruosa

2134 1862 2314 1917 nescio
2347 1875 2462 1930 quae
2509 1854 2820 1924 praedicatio
2869 1850 3192 1920 przedicatur
3226 1861 3242 1902 :
3273 1858 3389 1912 qua:
3437 1851 3549 1893 tam
3617 1855 3735 1892 nu-

2134 1955 2288 2016 bere,
2339 1928 2500 2021 qnam
2574 1947 2850 2000 abstinere
2899 1937 3186 2011 prohibeat
3240 1931 3533 1987 dicentium
3605 1928 3737 1983 haec

2136 2030 2474 2112 Onmiaquaa
2501 2045 2823 2109 sequuntur.
2935 2042 2937 2044 ’

2214 2156 2232 2188 ε
2270 2135 2390 2189 Haec
2419 2143 2746 2204 praeponens
2770 2126 3055 2189 fratribus,
3099 2107 3274 2178 bonus
3301 2121 3405 2174 eris
3459 2115 3742 2168 minister

2139 2227 2340 2281 Christi
2367 2222 2517 2279 Iesu.
2559 2241 2578 2274 ι
2621 2222 2838 2275 Libram
2868 2218 2922 2270 in
2960 2215 3213 2269 omnibus
3247 2222 3455 2275 tenens,
3484 2220 3539 2262 et
3606 2223 3742 2260 om-

2141 2320 2226 2373 nia
2262 2314 2658 2370 rationabiliter
2691 2321 2743 2365 et
2782 2309 3058 2363 moderate
3090 2307 3426 2373 dispensans.

2218 2427 2236 2458 r
2275 2405 2558 2476 Enutritus
2579 2401 2762 2456 verbis
2796 2398 2917 2452 ﬁdei
2948 2407 3004 2450 et
3035 2398 3189 2449 bona:
3231 2393 3516 2452 doctrinae,
3552 2403 3743 2458 quam

2143 2509 2428 2556 assecutus
2462 2513 2540 2552 es.
2577 2515 2596 2549 ι
2643 2494 2777 2560 Quia
2835 2491 3005 2546 sacris
3047 2488 3180 2558 legis
3235 2484 3451 2540 Litteris
3510 2481 3591 2535 ab
3653 2481 3747 2534 in-

2145 2593 2310 2647 fantia
2342 2591 2592 2645 eruditus
2639 2591 2840 2641 fuerat.
2901 2581 3070 2636 Verba
3102 2578 3335 2649 propriae
3387 2573 3532 2635 ﬁdei,
3607 2581 3748 2626 sunt

2147 2685 2366 2739 traditio
2399 2679 2681 2754 Symboli;
2719 2678 2862 2732 bona
2929 2688 3058 2728 vero
3117 2669 3383 2733 doctrina,
3453 2680 3570 2735 qua
3630 2663 3750 2717 vita

2149 2775 2455 2832 instituitur
2493 2772 2834 2829 Christiana.

2225 2887 2243 2920 ε
2275 2868 2490 2933 Ineptas
2521 2876 2703 2920 autem
2740 2870 2794 2916 et
2819 2859 2990 2915 aniles
3019 2855 3228 2911 fabulas
3276 2851 3479 2909 devita.
3515 2867 3537 2901 ι
3584 2847 3749 2903 Fidei

2149 2963 2230 3019 vel
2258 2961 2499 3031 religioni
2533 2974 2636 3013 non
2672 2965 2850 3026 aptas.

2229 3075 2246 3109 r
2283 3055 2488 3109 Exerce
2518 3059 2698 3105 autem
2745 3049 2973 3115 teipsnm
3033 3045 3099 3098 ad
3155 3042 3435 3114 pietatem.
3483 3054 3502 3086 ι
3557 3033 3752 3088 Pietas

2152 3148 2443 3213 est,etiam
2499 3158 2622 3200 cum
2663 3150 2750 3194 tua
2796 3135 3169 3195 tribulatione,
3235 3131 3356 3186 aliis
3412 3127 3752 3187 Subvenire,

2151 3239 2611 3307 sicutSareptana
2648 3233 2808 3286 vidua
2832 3229 2960 3284 fecit
2987 3225 3101 3296 (III
3135 3224 3256 3296 Reg.
3283 3239 3397 3286 ινι,
3437 3221 3501 3273 l0
3545 3219 3748 3287 seqq).

2229 3353 2246 3383 ι
2280 3329 2412 3384 Nam
2445 3326 2745 3397 corporalis
2778 3321 3100 3376 exercitatio
3137 3318 3200 3370 ad
3245 3314 3524 3368 modicum
3601 3312 3750 3362 utilis

2153 3434 2255 3478 est.
2271 3441 2288 3474 ι
2310 3422 2625 3476 Sanctarum
2646 3417 2986 3477 balnearum,
3013 3411 3356 3467 venationqu
3377 3417 3432 3459 et
3457 3404 3755 3473 hujusmo-

2156 3516 2354 3577 dlmlnﬁ
2372 3514 2435 3565 ad
2455 3512 2615 3565 breve
2639 3519 2848 3578 tempus
2866 3503 3137 3560 incarnali
3163 3499 3452 3570 proﬁciunt
3475 3495 3748 3550 Sanitate.

2233 3624 2250 3658 α
2292 3604 2468 3658 Pietas
2500 3611 2680 3656 autem
2707 3599 2770 3654 ad
2809 3599 2990 3652 omnia
3045 3593 3192 3648 utilis
3223 3599 3371 3654 est:
3410 3588 3752 3656 promissio-

2161 3714 2280 3754 nem
2337 3697 2543 3749 habens
2583 3693 2723 3757 vitae,
2756 3707 2876 3761 quae
2929 3705 3073 3742 nunc
3130 3694 3234 3745 est.
3262 3693 3316 3735 et
3351 3683 3583 3734 futurae.
3633 3697 3652 3728 ι
3692 3677 3752 3730 Et

2159 3793 2223 3846 ad
2263 3803 2501 3860 prmsens
2554 3797 2790 3855 tempus,
2838 3783 2974 3838 etin
3023 3779 3452 3832 futurumznam
3503 3782 3574 3826 et
3643 3773 3756 3837 ipsa

2161 3886 2346 3948 vidua,
2377 3890 2431 3934 et
2481 3880 2534 3933 in
2593 3874 2848 3946 praesenti
2900 3879 3048 3924 casta
3097 3878 3203 3935 est,
3238 3877 3292 3920 et
3345 3878 3574 3918 merces
3641 3861 3758 3930 ejus

2131 3959 2341 4031 .tnattct
2373 3976 2424 4025 in
2451 3988 2511 4026 est
2545 3966 2712 4040 (Ibid.
2749 3966 2814 4020 15
2837 3964 3030 4034 seqq.).

2243 4085 2261 4118 ι
2302 4065 2502 4121 Fidelis
2562 4073 2760 4122 sermo,
2796 4065 2850 4110 et
2905 4051 3054 4108 omni
3114 4047 3428 4116 acceptione
3461 4044 3699 4113 dignus.
3738 4062 3756 4092 ο

2165 4161 2340 4216 Verus
2371 4169 2554 4212 sermo
2608 4147 2750 4221 apud
2806 4145 3048 4203 omnium
3110 4138 3534 4201 conscientiam,
3559 4145 3624 4192 et
3678 4137 3757 4190 cui

2171 4263 2326 4305 nemo
2353 4245 2575 4302 resistit.

2245 4358 2263 4390 ι
2306 4337 2360 4392 In
2393 4337 2494 4389 hoc
2527 4333 2672 4386 enim
2711 4330 3018 4384 laboramus
3051 4332 3107 4379 et
3172 4317 3588 4382 maledicimur,
3639 4315 3761 4385 quia

2171 4443 2454 4502 speramus
2481 4426 2535 4480 in
2566 4423 2738 4479 Deum
2768 4422 2968 4475 vivum.
3003 4436 3025 4470 ι
3060 4415 3198 4472 Cum
3235 4423 3444 4468 certum
3471 4413 3581 4474 sit,
3619 4411 3760 4478 apud

2171 4499 2418 4578 homines
2454 4516 2587 4570 nihil
2615 4529 2714 4570 nos
2746 4513 2963 4582 dignum
3018 4507 3146 4562 odio
3191 4511 3546 4576 perpetrasse
3581 4515 3603 4556 :
3638 4499 3763 4570 quid

2172 4610 2315 4664 aliud
2368 4606 2637 4674 sequitur,
2675 4617 2838 4672 quam
2897 4599 3042 4669 quod
3096 4603 3314 4666 propter
3359 4591 3544 4644 vitam
3609 4592 3768 4646 dissi-

2171 4701 2354 4755 milem
2381 4698 2813 4766 blasphetnamur
2839 4692 2862 4745 ?

2252 4810 2269 4840 ι
2308 4789 2410 4854 Qui
2442 4797 2526 4843 est
2576 4786 2826 4840 Salvator
2873 4779 3117 4836 omnium
3166 4775 3468 4839 hominum,
3522 4776 3766 4828 maxime

2176 4879 2436 4938 ﬁdelium.
2457 4893 2495 4934 Δο
2523 4877 2796 4942 Omnium,
2845 4873 2897 4927 in
2928 4869 3180 4944 praesenti
3214 4864 3523 4930 :t‘tdelium,
3571 4865 3632 4918 in
3691 4863 3768 4917 {eo

2177 4987 2322 5031 turo.
2373 4973 2520 5037 Sive,
2579 4970 2707 5040 quia
2764 4949 2959 5022 omnes
3023 4963 3092 5018 de
3138 4958 3397 5032 periculis
3449 4957 3689 5020 liberat,
3719 4963 3767 5009 et

2179 5069 2416 5124 maxime
2444 5063 2652 5119 ﬁdeles.

2258 5181 2276 5212 ‹
2331 5157 2571 5226 Ρτωςίρθ
2624 5156 2760 5215 haec.
2796 5160 2852 5208 et
2880 5151 3037 5206 doce.
3084 5167 3104 5200 ι
3162 5145 3426 5214 Praecipe,
3461 5153 3530 5196 ut
3590 5141 3762 5197 ﬁant:

2182 5253 2314 5307 doce
2351 5246 2625 5320 quomodo
2655 5246 2809 5310 ﬁant,
2831 5243 2914 5298 vel
2939 5241 3082 5313 quali
3107 5239 3328 5310 praemio
3360 5234 3763 5290 remuneranda

2183 5345 2312 5399 sint.

2265 5457 2282 5488 ι
2329 5436 2503 5492 Nemo
2550 5431 2972 5488 adolescentiam
3041 5437 3185 5482 tuam
3247 5430 3604 5478 contemnat.
3635 5415 3766 5472 »εἰς

2187 5546 2306 5601 age,
2376 5538 2437 5582 ut
2497 5525 2847 5582 admirationi
2911 5523 3006 5587 sis,
3053 5518 3370 5592 priusquam
3427 5508 3760 5580 contemptui

2189 5621 2462 5678 habearis.
2495 5618 2609 5675 lloc
2637 5619 2782 5674 enim
2834 5615 2913 5672 illi
2976 5611 3243 5685 praecipit,
3302 5605 3452 5678 quod
3520 5607 3582 5662 in
3628 5601 3762 5658 illius

2189 5721 2452 5782 potestate
2483 5708 2789 5766 constabat.
