3956 6196
249 324 318 386 c25
1227 339 1541 401 EXPOSI'I
1561 341 1639 402 ΙΟ
1681 341 1760 401 IN

1892 342 2040 407 'IST.
2085 344 2114 404 Ῑ
2156 345 2254 405 AD
2289 345 2617 409 ΤΙΜΟἸἭ.

282 461 306 495 ι
352 441 458 498 Sed
507 441 812 514 exemplum
861 455 979 500 esto
1043 446 1303 504 ﬁdelium.
1346 471 1364 504 ι
1413 451 1644 506 Parvum
1695 462 1778 505 est
1808 467 1855 520 Α

201 533 506 590 inﬁdelium
537 550 657 591 esse
706 535 935 591 formam
967 553 981 592 :
1016 540 1154 608 apud
1219 557 1358 610 quos
1392 544 1485 612 qui
1534 545 1784 613 graviora

201 628 434 682 crimina
467 643 575 684 non
605 629 789 696 habet,
822 645 1047 700 magnus
1095 632 1343 689 habetur.
1381 631 1495 688 Hoc
1552 633 1780 686 multum

199 730 313 786 est,
343 734 402 776 ut
433 723 592 778 talem
631 737 690 778 se
738 724 1011 791 exhibeat,
1047 739 1145 794 per
1187 741 1352 796 quem
1386 727 1550 782 etiam
1608 725 1784 780 sancti

199 829 303 883 pro
313 811 514 867 ﬁciant.

280 925 301 958 ι
359 907 418 962 iu
481 906 681 969 verbo,
738 905 794 962 in
845 909 1282 964 conversatione.
1329 927 1350 962 ι
1438 909 1582 964 Nihil
1636 909 1782 964 aliud

199 1000 377 1068 magis
411 1000 677 1066 loquaris,
704 1013 865 1067 quam
915 999 1128 1055 Domini
1198 1001 1444 1056 verbum.
1478 999 1781 1056 Notandum

196 1092 326 1161 quia
359 1089 606 1146 ﬁdelibus
629 1091 790 1144 etiam
818 1091 966 1146 verbi
994 1092 1232 1161 praebere
1270 1094 1418 1161 cupit
1447 1092 1780 1160 exemplum.

275 1202 298 1234 ε
331 1181 387 1236 lu
446 1182 730 1237 charitate.
771 1199 791 1234 ι
850 1182 923 1238 Ut
974 1183 1276 1253 exemplum
1311 1183 1419 1238 illis
1479 1183 1781 1238 dilectionis

109 1268 118 1274 ’
194 1275 471 1330 ostendat.

269 1385 292 1419 ι
334 1365 390 1421 1η
433 1366 558 1423 ﬁde.
599 1385 619 1419 ι
655 1367 954 1432 Catholica,
989 1367 1072 1421 vel
1121 1367 1378 1436 perfecta.

274 1481 294 1512 ι
331 1459 390 1514 1η
413 1461 682 1516 castitate.
715 1480 734 1512 ι
769 1460 967 1514 Mentis
1003 1470 1057 1513 et
1109 1459 1356 1528 corporis
1396 1475 1410 1513 :
1445 1457 1601 1527 cujus
1647 1457 1784 1512 iusi-

191 1555 325 1626 guia
360 1556 522 1607 etiam
566 1552 832 1622 gravitate
862 1551 1083 1606 habitus
1114 1551 1499 1619 praeferuntur.
1671 1554 1674 1558 ί

270 1666 290 1696 ι
343 1645 480 1699 Dum
528 1645 712 1709 venio,
749 1643 968 1698 attende
1006 1642 1250 1718 lectioni,
1310 1637 1677 1696 exhortationi
1725 1649 1780 1693 et

189 1738 476 1791 doctrinm.
512 1754 530 1788 ›
581 1733 711 1796 Fac,
773 1735 910 1802 lege,
965 1732 1257 1787 exhortare
1306 1739 1362 1784 ut
1411 1730 1540 1783 ﬁant
1573 1746 1586 1783 :
1619 1732 1776 1791 doce,

3363 357 3468 419 9°26

1959 457 2119 521 «Quae
2148 466 2326 511 autem
2353 472 2478 514 vere
2513 460 2674 514 vidua
2708 467 2813 524 est,
2843 470 2896 516 et
2923 463 3183 531 desolata,
3203 480 3380 535 speret
3416 473 3469 524 in

1895 545 2084 608 Deum,
2110 557 2162 599 et
2183 547 2344 601 instet
2365 550 2836 604 obsecrationibus
2867 562 2921 606 et
2941 553 3278 609 orationibus
3306 569 3464 613 nocte

1890 648 1956 687 ac
1986 635 2092 688 die.
2136 653 2155 686 ι
2195 635 2384 702 Qualis
2417 649 2536 692 erat
2563 639 2715 693 Anna
2757 641 2866 696 lilia
2925 641 3168 698 Phanuel
3241 645 3296 716 (I
3335 645 3464 718 Reg.

1888 736 1928 786 t,
1959 722 2038 792 2),
2074 725 2206 780 tales
2237 729 2484 797 prmcipit
2504 728 2759 786 honorari

1964 832 1984 864 ι
2024 814 2159 869 Nam
2192 833 2310 886 qua:
2334 821 2388 874 in
2417 820 2630 876 deliciis
2665 832 2756 878 est
2813 824 3023 889 vivens,
3063 835 3275 882 mortua
3298 837 3400 883 est.
3437 847 3457 882 ι

1885 903 2157 974 Quidquid
2183 914 2400 964 modum
2432 921 2640 966 natura:
2657 913 2892 978 excedit,
2917 914 3124 970 deliciis
3149 916 3458 984 deputatur.

1886 997 1984 1052 llic
2016 1002 2250 1056 maxime
2281 1003 2452 1059 nostri
2510 1007 2770 1074 temporis
2835 1007 3026 1062 viduas
3087 1009 3276 1077 tangit,
3341 1025 3461 1078 quze

1885 1105 2004 1143 cum
2033 1091 2304 1147 hominem
2333 1109 2445 1148 sua:
2483 1107 2689 1151 natura:
2739 1099 3103 1168 qualicunque
3148 1116 3324 1170 panno
3353 1119 3456 1155 nou

1884 1182 2136 1250 Vestiam,
2162 1186 2397 1254 parietes
2427 1188 2680 1257 pretiosis
2705 1204 3034 1246 marmorum
3067 1194 3267 1248 crustis
3298 1211 3458 1250 exor-

1885 1279 2062 1332 nanti.
2121 1305 2126 1309 -

1960 1386 1980 1419 (
2045 1369 2114 1424 Ει
2147 1373 2248 1427 ιιοε
2299 1374 2554 1443 praecipe,
2584 1386 2642 1432 ut
2689 1378 3196 1449 irreprehensibiles
3245 1387 3376 1439 siut.
3433 1403 3451 1437 ι

1882 1455 2184 1515 Notandum
2248 1465 2754 1534 irreprebeusibiles
2796 1487 2887 1527 eas
2947 1483 3055 1528 tam
3086 1489 3266 1544 posse,
3293 1492 3455 1546 quant

1882 1565 2004 1606 esse
2033 1553 2256 1609 debere.

1957 1661 1974 1695 ι
2007 1644 2060 1699 Si
2087 1648 2212 1714 quis
2231 1657 2414 1702 autem
2451 1656 2698 1716 suorum,
2733 1660 2788 1707 et
2841 1654 3076 1708 maxime
3129 1655 3458 1712 domestico-

1880 1752 2022 1799 rum,
2046 1753 2232 1791 curam
2264 1754 2370 1793 non
2397 1743 2576 1807 habet,
2601 1745 2759 1797 ﬁdem
2815 1748 3051 1813 negavit,
3080 1757 3135 1800 et
3187 1759 3272 1802 est
3328 1749 3456 1802 inﬁ-

187 1829 466 1898 quomodo
521 1827 892 1898 intelligantur
953 1826 1185 1879 obscura
1219 1839 1234 1877 :
1267 1832 1326 1876 ut
1400 1820 1608 1890 possint
1661 1818 1777 1874 ﬁeri
1813 1819 1854 1875 Β
1883 1828 1984 1880 deli
2017 1828 2278 1884 deterior.
2322 1850 2340 1884 ι
2378 1831 2434 1886 Si
2462 1835 2582 1900 quis
2616 1835 2807 1892 viduas
2841 1838 3048 1908 abiicit,
3079 1848 3172 1892 aut
3200 1840 3453 1908 pupillos,

187 1935 314 1990 quia:
350 1919 625 1986 leguntur.
1417 1991 1420 1996 _

266 2029 285 2060 ι
325 2009 439 2062 Noli
493 2007 762 2078 negligere
806 2005 1058 2075 gratiam,
1097 2019 1218 2074 qua:
1253 2003 1418 2058 estin
1478 2013 1551 2057 te.
1590 2020 1608 2052 ι
1661 1999 1769 2054 Νε-

183 2102 340 2174 gligit
367 2100 619 2172 gratiam,
651 2097 741 2168 qui
771 2108 1054 2166 acceptum
1086 2097 1345 2152 talentum
1391 2110 1494 2149 non
1528 2104 1767 2148 exercet.

265 2213 287 2246 ι
319 2193 452 2260 Quae
475 2192 602 2248 data
631 2201 713 2246 est
746 2191 838 2244 tibi
880 2203 976 2258 per
1025 2188 1389 2260 prophetiam,
1422 2200 1544 2240 cum
1598 2185 1767 2252 impo-

185 2289 388 2342 sitinne
433 2299 690 2340 manuum
734 2283 1086 2353 presbyterii.
1118 2297 1140 2333 ›
1173 2278 1484 2348 Prophetiae
1535 2278 1766 2348 gratiam

194 2381 450 2445 habebat,
487 2393 609 2433 cum
644 2377 990 2432 ordinatione
1019 2373 1387 2442 episcopatus.

267 2489 289 2523 σ
323 2469 449 2524 Haec
468 2467 754 2522 meditare.
793 2482 813 2516 ι
845 2463 1038 2520 Omnis
1066 2461 1213 2518 enim
1245 2460 1525 2532 profectus
1550 2473 1618 2514 ex
1651 2473 1755 2514 me-

187 2563 454 2620 ditatione
484 2557 791 2615 descendit.

260 2675 282 2708 α
319 2655 374 2709 ln
405 2655 490 2708 bis
545 2660 681 2708 esto.
713 2669 732 2704 ι
799 2649 915 2705 Non
970 2647 1114 2705 enim
1200 2647 1399 2712 omnis,
1431 2646 1521 2718 qui
1556 2646 1612 2700 in
1677 2645 1762 2700 bis

179 2761 292 2814 est,
319 2749 634 2802 meditatur.

261 2861 282 2893 ι
332 2839 399 2895 Ut
429 2839 702 2909 proiectus
755 2847 880 2892 tuus
926 2832 1245 2889 manifestus
1298 2834 1368 2888 sit
1423 2832 1698 2887 omnibus.
1735 2848 1753 2882 ι

177 2935 337 2988 Tunc
369 2931 686 2987 manifestus
715 2931 839 2998 erit,
871 2930 994 2986 siin
1016 2927 1368 2983 meditatione
1396 2927 1472 2981 sis
1496 2940 1752 2993 semper:

179 3036 234 3080 et
265 3039 388 3078 cum
421 3023 740 3078 manifestus
767 3021 958 3088 lueris,
990 3027 1244 3090 poterunt
1289 3019 1540 3088 exemplo
1568 3027 1658 3072 tuo
1689 3017 1756 3070 ad

181 3120 408 3172 meliora
431 3118 718 3187 proﬁcere.

261 3211 540 3266 «Attende
564 3212 708 3264 enim
741 3207 860 3272 tibi,
900 3219 956 3264 et
1005 3205 1270 3262 doctrinae
1320 3203 1462 3258 insta
1521 3203 1574 3256 in
1627 3201 1754 3256 illis.

177 3305 299 3360 Hoc
319 3306 462 3359 enim
505 3304 728 3368 faciens,
754 3311 809 3356 et
842 3303 1070 3369 teipsum
1109 3299 1318 3354 salvum
1371 3296 1559 3359 facies,
1583 3308 1637 3350 et
1666 3311 1761 3351 eos

174 3400 275 3470 qni
310 3408 362 3453 te
393 3399 638 3452 audiunt.
675 3413 698 3448 ι
729 3395 908 3448 Primo
941 3393 1058 3458 tibi,
1107 3391 1304 3446 deinde
1359 3389 1624 3443 doctrinm
1654 3403 1668 3444 ;
1700 3397 1760 3440 ut

174 3496 382 3562 ubique
412 3500 468 3544 et
500 3498 622 3544 actu
680 3488 855 3544 salves
876 3487 1022 3550 illos,
1078 3495 1133 3540 et
1179 3485 1425 3538 doctrina
1487 3483 1686 3551 pariter
1705 3488 1760 3534 et

172 3585 447 3653 exemplo.

793 3647 1018 3706 CAPUT
1057 3647 1122 3700 ν.

259 3785 279 3818 ι
323 3765 603 3820 Seniorem
638 3779 705 3818 ne
739 3762 1129 3830 increpaveris,
1161 3759 1253 3813 sed
1290 3757 1512 3812 obsecra
1563 3766 1620 3809 ut
1661 3769 1757 3823 pa-

171 3871 339 3914 trem.
379 3877 397 3910 ›
432 3855 753 3924 Neindigne
787 3854 966 3908 ferens
996 3868 1054 3907 se
1093 3868 1123 3906 a
1153 3852 1369 3922 juniore
1426 3857 1754 3917 correptum,

167 3959 551 4020 exasperetur,
580 3957 636 4002 et
671 3961 779 4002 non
813 3944 1105 4017 proﬁciat;
1142 3945 1237 3998 sed
1291 3943 1538 4006 obsecra,
1570 3949 1628 3994 ut
1656 3953 1756 3995 suo

167 4043 328 4112 quasi
370 4049 522 4110 pater
542 4035 793 4109 exemplo
840 4037 1087 4093 instituat
1115 4036 1382 4106 iuniores.

247 4151 268 4185 ι
329 4128 566 4185 Juvenes
627 4140 688 4184 ut
746 4130 966 4194 fratres,
1004 4147 1022 4179 ι
1059 4127 1197 4192 Quia
1249 4125 1351 4179 hac
1397 4125 1484 4179 via
1532 4121 1756 4178 liberius

165 4232 613 4288 commonentur,
649 4221 900 4276 similiter
927 4225 980 4273 el.
1003 4231 1243 4274 sorores.

249 4335 270 4368 ι
298 4317 452 4370 Anus
475 4325 532 4368 ut
567 4323 789 4368 matres.
827 4331 844 4364 ι
871 4311 1006 4367 Cum
1049 4311 1197 4365 omni
1231 4309 1556 4366 reverentia.

249 4430 268 4462 ι
302 4409 636 4464 Juvenculas
662 4417 720 4463 ut
748 4422 991 4470 sorores,
1023 4407 1078 4460 in
1119 4406 1267 4460 omni
1319 4409 1592 4462 castitate.
1636 4426 1658 4458 ι
1688 4408 1751 4462 Ει

166 4517 293 4558 men
303 4502 396 4566 tis,
431 4511 487 4557 et
520 4501 787 4569 corporis.

243 4611 262 4643 ι
324 4590 526 4644 Viduas
589 4589 819 4643 honora.
857 4605 874 4638 ι
918 4585 1237 4643 Necessaria
1291 4584 1602 4655 praebendo,
1662 4587 1747 4639 vel

163 4683 366 4740 solatio
389 4681 752 4737 confovendo.

240 4795 260 4825 σ
304 4774 438 4839 Quae
452 4787 579 4827 vere
603 4773 774 4828 viduae
803 4781 956 4832 sunt.
990 4790 1010 4824 ι
1043 4771 1163 4829 Illas
1191 4786 1348 4828 veras
1372 4773 1424 4826 vi
1451 4774 1583 4828 duas
1627 4786 1748 4828 esse

158 4865 435 4930 deﬁnivit,
477 4880 598 4934 qua:
652 4863 924 4919 universis
972 4863 1122 4919 curis
1171 4871 1348 4920 exutae
1399 4873 1546 4927 sunt,
1582 4875 1636 4918 et
1679 4864 1746 4917 ab

150 4957 416 5018 Ominibus
449 4955 721 5012 desolatas.
741 4997 750 5005 .

238 5071 258 5104 ι
297 5049 358 5104 Si
387 5065 505 5118 qua-
537 5058 716 5104 autem
745 5047 905 5104 vidua
933 5047 1075 5105 ﬁlios
1129 5058 1224 5104 aut
1278 5058 1499 5119 nepotes
1531 5047 1696 5104 habet
1726 5062 1742 5102 :

149 5147 339 5202 discat
363 5146 598 5213 primum
649 5145 866 5197 domum
919 5157 1072 5198 suam
1139 5157 1351 5211 regere,
1379 5150 1436 5196 et
1499 5153 1742 5198 mutuam

149 5240 332 5290 vicem
367 5237 594 5290 reddere
639 5234 977 5303 parentibus.
1013 5234 1125 5290 Hoc
1165 5235 1308 5289 enim
1342 5245 1622 5304 acceptum
1662 5245 1746 5291 est

147 5341 346 5379 coram
377 5323 510 5379 Deo.
549 5343 568 5376 ι
603 5322 815 5378 Tandiu
840 5325 977 5395 regit
1034 5326 1277 5388 domum,
1305 5325 1546 5395 quandiu
1583 5327 1744 5381 docet

149 5419 299 5472 ﬁlios
333 5418 609 5487 parvulos,
634 5425 727 5472 aut
777 5430 1024 5487 nepetes,
1061 5427 1142 5471 ut‘
1181 5422 1321 5485 quod
1361 5433 1389 5472 a
1433 5419 1743 5488 parentibus

144 5511 374 5580 pietatis
391 5511 618 5580 accepit,
652 5511 775 5565 liliis
807 5511 995 5566 reddat
1027 5527 1040 5566 ε
1077 5512 1147 5565 ita
1178 5521 1378 5577 tamen,
1418 5521 1474 5565 ut
1505 5527 1610 5566 non
1640 5513 1741 5568 hac

147 5600 514 5656 excusatione
541 5602 785 5656 avaritiae
809 5601 1046 5666 studeat,
1083 5600 1177 5656 sed
1219 5600 1574 5656 sufﬁcientem
1615 5611 1740 5655 tan-

144 5706 262 5750 tum
297 5692 404 5747 sibi
442 5703 703 5759 reservet,
745 5703 897 5746 etne
949 5692 1137 5747 liberis
1168 5693 1286 5763 ejus
1331 5691 1447 5761 ipsa
1495 5693 1738 5749 occasio-

143 5801 274 5844 nem
311 5785 401 5843 det
438 5786 635 5842 saeculo
667 5784 955 5842 serviendi.

1879 1919 1960 1973 vel
1994 1923 2232 1974 maxime
2258 1933 2510 1990 parentes
2543 1933 2598 1978 et
2623 1941 2910 1997 pauperes,
2959 1928 3196 1983 deterior
3254 1941 3334 1983 est
3371 1929 3456 1984 in-

1876 2009 2021 2064 ﬁdeli
2055 2025 2070 2063 :
2099 2013 2224 2080 quia
2255 2024 2309 2068 et
2341 2014 2417 2068 illi
2451 1997 2659 2071 habent
2708 2020 3034 2074 naturaliter
3061 2021 3206 2075 circa
3271 2022 3454 2089 proxi-

1876 2114 1992 2154 mos
2038 2102 2318 2170 pietatem.
2347 2103 2494 2170 Sive,
2534 2109 2708 2178 siqua
2753 2111 2913 2164 vidua
2970 2109 3112 2166 ﬁlios
3174 2115 3450 2180 orphanos

1875 2192 2130 2261 negligat,
2165 2194 2326 2264 hujus
2381 2199 2665 2253 sententiae
2710 2201 2920 2256 crimen
2985 2203 3244 2258 incurrit.
3276 2201 3450 2257 Situul

1874 2289 2192 2354 notandum,
2221 2295 2485 2358 quosdam
2517 2295 2700 2348 ﬁdeles
2725 2297 2964 2364 nomine,
3013 2299 3104 2368 qui
3146 2299 3452 2354 inﬁdelibus

1871 2385 2284 2437 cattversalione
2307 2384 2519 2452 pejores
2544 2389 2692 2442 sint.

1948 2489 1967 2520 ι
2007 2469 2176 2526 Vidua
2207 2473 2439 2544 eligatur
2468 2491 2571 2530 non
2601 2479 2778 2533 minus
2824 2481 3110 2550 sexaginta
3156 2498 3446 2550 annorum,

1869 2577 1989 2630 quae
2017 2562 2179 2618 fuerit
2212 2566 2372 2622 unius
2411 2569 2512 2624 viri
2540 2584 2698 2623 uxor.
2732 2589 2750 2622 ι
2777 2571 2942 2628 Tales
2977 2573 3146 2628 voluit
3171 2574 3293 2642 eligi
3329 2576 3448 2629 dia-

1868 2654 2279 2728 couissas,quaa
2325 2662 2580 2716 omnibus
2622 2678 2806 2717 essent
2871 2667 3174 2736 exemplum
3210 2667 3446 2724 vivendi.

1946 2769 1965 2801 r
2000 2751 2059 2804 in
2107 2753 2363 2822 operibus
2407 2754 2582 2810 bonis.
2619 2775 2637 2808 ι
2677 2757 2734 2812 Si
2781 2773 2847 2812 ex
2877 2769 3117 2830 tempore
3174 2761 3452 2816 viduitatis

1867 2857 1978 2896 sua:
2019 2844 2118 2897 ista
2147 2845 2328 2900 omnia
2360 2848 2684 2904 custodivit.

1943 2953 1962 2986 ι
1997 2935 2391 2992 Testimonium
2423 2937 2649 3004 habens.
2694 2957 2712 2992 ι
2742 2939 2892 2996 Sicut
2933 2939 3162 2997 Tabitha
3197 2942 3338 3015 (Act.
3365 2961 3444 3013 ix,

1865 3027 1934 3082 56
1956 3027 2147 3098 seqq.).

1943 3137 1962 3169 ι
2002 3120 2056 3173 Si
2090 3119 2229 3174 ﬁlios
2255 3121 2526 3176 educavit.
2573 3141 2592 3174 ι
2629 3122 2982 3193 Subauditur,
3010 3128 3138 3183 Deo.

1935 3228 1954 3262 ι
1993 3210 2048 3266 Si
2089 3212 2324 3282 hospitio
2349 3215 2573 3284 recepit,
2601 3217 2644 3271 si
2682 3229 2995 3274 sanctorum
3024 3222 3192 3288 pedes
3226 3221 3376 3275 lavit.
3417 3238 3437 3272 ι

1863 3301 1917 3355 Si
1948 3317 2054 3356 non
2097 3305 2270 3358 solum
2304 3306 2626 3363 humilitatis
2659 3308 2824 3364 habet
2879 3311 3112 3382 insignia
3148 3330 3162 3368 :
3196 3313 3280 3368 cui
3335 3331 3442 3367 non

1862 3393 2061 3449 sumcit
2092 3396 2324 3465 hospitio
2347 3400 2649 3466 suscipere,
2685 3401 2780 3456 sed
2813 3403 2980 3458 etiam
3010 3420 3170 3459 manu
3220 3409 3440 3476 propria

1861 3489 2044 3542 lavare
2077 3489 2351 3560 hospitum
2372 3493 2560 3562 pedes.

1937 3619 1955 3651 ι
1987 3598 2042 3653 Si
2078 3601 2482 3657 tribulationem
2544 3605 2877 3674 patientibus
2927 3608 3382 3666 subministrat-it.
3417 3632 3436 3665 ι

1861 3689 1973 3746 Hoc
2007 3703 2111 3760 est,
2148 3694 2201 3748 in
2227 3709 2448 3750 carcere
2478 3699 2689 3765 positis,
2725 3701 2806 3752 vel
2849 3703 3086 3768 aegrotis.

1935 3802 1952 3834 ι
1987 3782 2042 3836 Si
2076 3799 2235 3838 omne
2266 3799 2404 3853 Opus
2424 3788 2620 3842 bonum
2650 3789 2943 3844 subsecuta
2989 3799 3091 3846 est.
3127 3808 3146 3842 ι
3187 3791 3435 3847 Breviter

1860 3875 2108 3931 universa
2141 3876 2427 3932 conclusit.

1935 4007 1952 4039 ι
1982 3989 2455 4047 Adolescentiores
2502 4005 2680 4046 autem
2710 3993 2898 4048 viduas
2953 3996 3150 4053 devita.
3191 4017 3210 4050 ι
3248 3997 3433 4052 Devita
3503 4066 3515 4081 .

1803 4129 1807 4136 .
1857 4080 1978 4135 aliis
2023 4081 2325 4136 ministerio
2376 4083 2696 4140 diaconatus
2742 4102 3077 4158 przepouere,
3107 4103 3174 4142 ne
3231 4091 3434 4143 malum

1855 4187 1954 4239 pro
1989 4175 2129 4227 bono
2153 4175 2308 4227 detur
2341 4177 2671 4244 exemplum.

1932 4281 1952 4315 ι
1991 4264 2125 4319 Cum
2157 4265 2302 4320 enim
2329 4266 2621 4323 luxuriata:
2652 4269 2873 4333 fuerint,
2896 4270 2948 4324 iu
2977 4270 3195 4326 Christo
3227 4272 3436 4326 nubere

1853 4353 2058 4409 volunt.
2091 4374 2110 4408 ι
2139 4357 2272 4411 Cum
2302 4360 2404 4412 sub
2425 4374 2490 4434 eo
2531 4371 2767 4428 tempore
2819 4362 3092 4432 religionis
3134 4345 3432 4424 ‘abuudau-

1859 4445 1986 4499 tiam
2023 4447 2332 4512 habuerint,
2364 4467 2485 4521 qua:
2512 4467 2654 4521 saepe
2679 4455 2818 4508 solet
2835 4469 3096 4524 generare
3133 4456 3433 4514 luxuriam.

1935 4558 1955 4591 r
2017 4539 2290 4595 Habentes
2339 4543 2763 4613 damnationem,
2796 4548 2920 4616 quia
2989 4548 3218 4618 primatu
3271 4551 3433 4605 ﬁdem

1851 4635 2062 4689 irritam
2129 4635 2393 4690 fecerunt.
2429 4655 2450 4688 ι
2501 4637 2634 4702 Quae
2685 4654 2744 4694 se
2821 4640 3015 4695 viduas
3061 4643 3428 4710 promiserant

1850 4740 2258 4795 permansuras.
2290 4728 2418 4781 Haec
2479 4729 2662 4797 regula
2715 4746 2824 4786 non
2882 4732 3063 4788 solum
3111 4733 3166 4788 in
3224 4735 3432 4799 viduis,

1853 4819 1946 4873 sed
1980 4819 2032 4872 in
2067 4819 2368 4889 virginibus
2393 4823 2820 4892 continentibus,
2849 4841 2969 4896 quae
3003 4829 3234 4899 primaut
3269 4830 3432 4882 ﬁdem

1853 4909 2064 4963 irritant
2093 4910 2356 4980 fecerunt,
2397 4913 2752 4984 intelligenda
2785 4928 2888 4974 est.
2931 4937 2950 4972 ι

1926 5039 1945 5073 ι
1990 5020 2163 5075 Simul
2199 5032 2380 5076 autem
2410 5033 2465 5079 et
2495 5025 2686 5081 otiosa:
2712 5028 2930 5084 discunt
2978 5030 3269 5088 circumire
3311 5029 3430 5088 ido-

1850 5127 1990 5166 nios.
2031 5129 2050 5162 ι
2095 5110 2287 5166 Divino
2315 5115 2537 5169 minime
2585 5117 2780 5172 timore
2805 5120 3056 5188 detentae,
3090 5139 3190 5178 nec
3241 5126 3428 5181 mariti

1849 5203 2109 5272 potestati
2134 5203 2418 5272 subiectas,
2448 5207 2704 5279 nullaque
2725 5226 2855 5266 cura
2905 5213 3215 5272 domesticae
3263 5232 3429 5274 occu-

1847 5296 2083 5364 pationis
2106 5298 2370 5354 astricta}.

1921 5437 1940 5469 ι
1978 5415 2094 5472 Non
2133 5419 2305 5474 solum
2355 5423 2564 5485 otiosm,
2591 5425 2758 5480 sedet
2797 5426 3058 5492 verbosm,
3089 5439 3143 5482 et
3169 5431 3421 5495 curiosae,

1846 5510 2150 5578 loquentes,
2179 5528 2298 5581 quae
2337 5529 2442 5568 non
2475 5527 2704 5583 oportet.
2743 5535 2762 5568 ι
2805 5519 2935 5573 Dum
2965 5521 3261 5577 voluntatis
3311 5538 3426 5578 suae

1841 5604 2072 5670 cupiunt
2109 5607 2349 5674 praabere
2377 5611 2705 5676 exemplum.
3421 5603 3428 5610 ’

1921 5712 1940 5744 ι
1981 5693 2114 5750 Volo
2143 5698 2590 5767 atttemjuniorcs
2626 5702 2850 5767 nubere,
2885 5703 3023 5761 ﬁlios
3057 5722 3366 5777 procreare.
3391 5727 3414 5762 ι

1845 5784 1980 5841 Volo
2017 5802 2032 5843 :
2063 5788 2187 5858 quia
2217 5805 2437 5848 necesse
2469 5804 2550 5850 cst
2582 5806 2636 5849 ut
2686 5797 2818 5852 tales
2849 5809 2971 5854 ante
3032 5802 3132 5857 hoc
3186 5799 3417 5872 faciant.

2477 6007 2504 6016 ο
