3954 6194
488 367 592 428 92'!

1447 370 1508 432 S.
1552 371 1998 432 IllERONYMI
2044 372 2362 438 OPERUM
2403 380 2806 445 MANTISSA.

2177 277 2204 310 \

3647 385 3762 449 928

491 493 651 545 quam
686 477 815 531 illud
849 477 1204 545 promittant:
1233 474 1356 532 inde
1389 475 1434 532 si
1463 487 1814 547 transgressa:
1843 479 2066 543 fuerint,
2104 494 2142 544 Α
2177 505 2203 536 ςι
2243 488 2500 556 magistro
2534 490 2768 554 dicente,
2819 491 3070 547 omnibus
3097 461 3312 546 bonum
3349 508 3470 548 esse
3517 509 3624 550 non
3675 495 3763 546 bi-

492 570 897 622 tlumnatiouem
928 569 1238 634 acquirunt.
1447 557 1476 580 ⁰

572 681 589 712 ι
626 661 828 714 Μαι-εδ
886 659 1121 714 familias
1172 675 1315 716 esse.
1358 679 1378 713 ι
1435 660 1637 717 Matres
1686 660 1920 717 familias
1965 663 2069 718 dici

493 760 734 816 possunt,
769 752 931 804 etiam
963 767 1080 819 qua:
1102 753 1238 806 duos
1275 754 1478 807 habent
1538 753 1619 804 vel
1673 763 1782 806 tres
1835 768 2024 808 servos
2055 771 2070 808 :

494 841 774 902 hocdicit.
807 858 873 896 ne
899 857 966 896 ex
1004 845 1106 897 hoc
1160 845 1378 898 nomine
1440 843 1664 897 avaritia
1721 841 2069 899 defendatur.

570 953 588 984 ι
631 931 842 986 Nullam
875 935 1219 989 occasionem
1250 937 1381 990 dare
1440 936 1774 1001 adversario,
1801 937 2071 992 maledicti

495 1026 686 1092 gratia.
728 1043 745 1077 ι
782 1025 835 1078 Si
892 1027 1296 1083 incontinentes
1347 1037 1476 1082 sunt
1514 1045 1528 1082 :
1563 1030 1648 1082 vel
1675 1044 1743 1084 ne
1814 1045 1910 1099 per
1955 1031 2076 1084 illas

499 1117 689 1187 religio
726 1118 1153 1186 blasphemetur.

573 1225 591 1258 ι
629 1207 910 1270 Jamieuitu
931 1209 1176 1278 quaedam
1197 1224 1474 1266 conversae
1504 1221 1634 1265 sunt
1658 1218 1802 1265 retro
1833 1221 1952 1278 post
1975 1211 2079 1264 Sa-

497 1306 701 1352 lanam.
731 1318 749 1351 ι
786 1300 975 1354 Reddit
1009 1317 1200 1355 causas
1233 1318 1401 1368 quare
1425 1317 1516 1355 eas
1547 1303 1752 1358 nubere
1787 1304 1922 1358 velle
1940 1321 2079 1375 prte-

499 1392 717 1454 dixcrit,
749 1406 815 1446 ne
845 1407 966 1445 eum
1020 1401 1329 1457 ltttaremus
1382 1403 1568 1460 optare
1608 1395 1776 1463 :quia
1830 1399 2075 1464 quaedam

500 1483 822 1548 prDIItiSSlllll
855 1487 1189 1553 propositum
1219 1484 1326 1539 Deo
1373 1499 1474 1538 non
1535 1486 1842 1552 reddentes,
1866 1487 2081 1545 fuerant

504 1574 809 1628 fornicatus.

577 1686 595 1718 ‹
636 1667 690 1719 Si
715 1669 837 1736 quis
869 1668 1044 1724 ﬁdelis
1075 1669 1236 1724 habet
1259 1670 1473 1735 viduas.
1503 1671 1888 1728 subministret
1948 1674 2077 1740 illis,

502 1767 559 1811 ut
622 1774 730 1811 non
789 1771 1042 1828 gravetur
1089 1762 1352 1816 Ecclesia.
1385 1760 1483 1816 »Ιιι
1530 1763 1692 1818 domo
1727 1765 1966 1834 propria,
2020 1774 2081 1821 ut

503 1850 846 1918 parentibus.

585 1959 602 1991 ι
637 1940 702 1995 Ut
728 1941 811 1995 his
840 1957 891 2010 q-
917 1956 962 1994 ω
1001 1956 1124 1994 vere
1175 1942 1347 1998 vidua:
1397 1953 1541 2012 sunt,
1587 1943 1836 2000 sufficiat.
1875 1962 1897 1996 ι
1953 1945 2084 2012 Qua

505 2041 634 2086 sunt
672 2031 913 2084 omnium
942 2033 1145 2085 auxilio
1173 2033 1449 2088 desolata.

582 2143 600 2174 ι
643 2125 744 2190 Qui
789 2124 928 2178 bene
981 2136 1221 2194 pta-sunt
1280 2126 1599 2198 presbyteri.
1633 2145 1650 2179 ι
1708 2125 1811 2193 Qui
1857 2127 2087 2198 implent

507 2213 739 2268 (illirium
771 2229 950 2269 suum.

581 2328 598 2357 ‹
646 2307 849 2375 Duplici
889 2311 1096 2362 honore
1125 2306 1270 2378 digni
1305 2309 1628 2366 habeantur.
1661 2327 1680 2364 ι
1720 2311 1786 2366 Et
1815 2311 2004 2376 ofIicii,
2029 2322 2088 2366 et

509 2400 795 2454 dot-trinas.

586 2510 606 2543 ε
637 2492 869 2547 Maxime
899 2493 992 2562 qui
1041 2495 1291 2548 laborant
1320 2495 1373 2550 in
1417 2496 1584 2549 verbo
1643 2503 1698 2550 et
1753 2495 2022 2550 doctrina.
2062 2515 2080 2544 ι

507 2583 624 2636 Non
652 2586 1077 2653 dixitomnium,
1132 2587 1225 2655 qui
1283 2587 1484 2642 habent
1539 2589 1786 2655 verbum,
1847 2590 1941 2642 sed
1995 2589 2088 2656 qui

510 2678 759 2730 laborant
786 2679 838 2730 in
870 2681 1056 2732 verbo.
1081 2678 1352 2733 Caeterum
1383 2693 1574 2735 omnes
1627 2680 1891 2736 habentes
1952 2695 2091 2750 prte-

509 2768 641 2833 cipit
674 2769 950 2822 ordinare.

590 2877 608 2904 σ
644 2859 780 2910 Dicit
809 2862 949 2911 enim
989 2861 1269 2928 Scriptura
1309 2878 1321 2913 :
1355 2857 1471 2914 Non
1496 2859 1796 2915 infrcnabis
1839 2874 1935 2914 eos
1967 2859 2089 2914 bovi

512 2947 788 3000 trituranti
827 2962 845 3016 ;
891 2968 911 3000 ι
947 2959 1022 3015 et,
1064 2967 1082 3000 ι
1120 2950 1326 3019 Dignus
1377 2959 1460 3040 est
1511 2950 1794 3018 operarius
1841 2950 2092 3005 mercede

513 3054 634 3092 sua.
672 3057 690 3088 ι
735 3038 860 3094 Vult
917 3039 992 3093 illi
1045 3051 1305 3110 praestare
1372 3038 1686 3105 carnalia,a
1740 3040 1941 3110 quibus
1999 3041 2091 3095 alii

514 3146 576 3197 sp
604 3129 812 3184 I'itualia
841 3143 1247 3202 consequuntur
1271 3148 1288 3194 ξ
1310 3133 1438 3202 quia
1463 3133 1712 3202 occupati
1739 3134 1791 3187 in
1821 3134 2091 3196 doctrina,

518 3222 821 3276 necessaria
849 3222 953 3277 sibi
981 3225 1266 3293 providere
1305 3240 1411 3279 non
1453 3234 1702 3294 possunt.

591 3334 610 3365 ι
653 3316 923 3370 Adversus
955 3321 1329 3388 presbyterum
1358 3321 1766 3372 accusationem
1799 3316 1912 3371 noli
1955 3316 2092 3370 reci-

517 3421 663 3473 pere,
691 3407 793 3460 nisi
827 3408 927 3461 sub
955 3407 1168 3463 duobus
1229 3420 1322 3462 aut
1369 3409 1545 3463 tribus
1610 3408 1857 3463 testibus.
1896 3426 1913 3460 ι
1952 3405 2094 3477 lnju-

519 3511 666 3551 stum
692 3507 775 3552 est
809 3501 974 3553 etiam
1027 3502 1287 3555 adversus
1339 3500 1534 3554 laicutn
1576 3499 1972 3555 accusationem
2009 3512 2098 3552 re-

515 3589 723 3658 cipere,
765 3607 888 3644 cum
949 3591 1051 3646 hoc
1106 3608 1205 3646 nec
1262 3594 1550 3647 smculares
1603 3593 1847 3646 faciant:
1895 3600 2097 3661 quanto

521 3685 692 3751 magis
726 3685 983 3738 adversus
1035 3683 1244 3738 Domini
1305 3685 1642 3739 sacerdotem
1694 3685 1707 3738 !

594 3795 611 3826 ι
653 3776 943 3830 l’eccantes
970 3792 1155 3830 coram
1180 3777 1433 3832 omnibus
1486 3791 1670 3846 argue.
1714 3793 1732 3827 ι
1771 3773 1828 3830 Si
1865 3775 1930 3828 de
1993 3773 2098 3828 illis

520 3864 680 3918 fuerit
708 3868 1142 3933 cowprobatum.

597 3976 615 4008 ι
649 3957 717 4011 Ut
745 3959 926 4012 caeteri
963 3961 1215 4014 timorem
1246 3958 1502 4012 habeant.
1541 3976 1559 4010 ι
1597 3956 1856 4010 Vidcutcs
1902 3963 1954 4009 te
2004 3970 2097 4008 ue-

523 4049 653 4102 mini
697 4049 1027 4117 pepercisse.

542 4199 548 4207 ,
599 4159 618 4192 ι
656 4141 850 4194 Testor
885 4156 1066 4196 coram
1106 4141 1235 4210 Deo,
1265 4152 1319 4197 et
1351 4143 1571 4198 Christo
1609 4140 1760 4205 Jesu,
1803 4151 1857 4196 et
1912 4139 2098 4196 electis

525 4232 734 4301 angelis
763 4233 900 4300 ejus,
935 4244 992 4286 ut
1025 4235 1137 4287 hazc
1180 4235 1456 4288 custodias
1512 4236 1628 4287 sine
1698 4234 2030 4302 przejudicio.
2073 4251 2092 4285 ι

527 4324 837 4378 Oblestatur
887 4326 1035 4378 illurn
1085 4326 1263 4378 divina
1323 4335 1381 4378 et
1442 4325 1647 4378 ('(nlesti
1701 4325 2096 4387 testificatione,

529 4426 589 4471 ut
625 4418 765 4470 nulla
792 4417 865 4470 illi
897 4433 981 4472 res
1033 4417 1344 4487 prmjudicet
1397 4419 1462 4470 ad
1499 4419 1599 4471 ista
1652 4415 1944 4478 servanda,
1998 4431 2099 4469 nec

527 4511 680 4564 electi
707 4511 903 4579 angeli,
933 4511 1024 4580 qui
1079 4512 1249 4565 sacris
1273 4511 1534 4566 assistunt
1569 4509 1853 4562 altaribus.

606 4618 623 4651 ι
662 4600 804 4654 Nihil
831 4603 1035 4657 faciens
1066 4603 1120 4656 in
1155 4603 1378 4657 alteram
1418 4614 1626 4670 partem
1677 4599 2022 4654 declinando.
2060 4617 2078 4649 ι

529 4691 713 4762 Neque
755 4696 805 4747 in
833 4695 1133 4760 dexteram,
1166 4711 1339 4764 neque
1375 4696 1426 4747 in
1463 4695 1762 4748 sinistram.

603 4804 624 4837 ‹
679 4785 866 4842 Manus
894 4787 999 4840 cito
1061 4787 1260 4840 nemini
1313 4787 1661 4853 imposueris.
1716 4802 1734 4839 ι
1770 4783 1884 4838 Nisi
1936 4784 2097 4838 talem

529 4876 824 4943 inveneris,
856 4880 1065 4946 qualem
1093 4879 1224 4932 dixi.

606 4991 625 5022 ς
664 4971 844 5040 Neque
877 4973 1364 5024 communicaveris
1388 4969 1626 5041 peccatis
1650 4968 1861 5021 alienis.
1895 4985 1912 5018 ›
1935 4965 2099 5021 Corn-

530 5063 812 5116 ntnnicare
849 5077 974 5115 eum
1029 5063 1162 5116 dicit
1225 5066 1481 5130 peccatis,
1526 5063 1616 5132 qui
1677 5075 1784 5113 non
1842 5061 2100 5130 probatus

529 5153 692 5208 fuerit
733 5157 1037 5209 onlinatus.

607 5265 626 5296 ‹
673 5247 925 5315 Teipsum
952 5255 1162 5300 castum
1195 5248 1428 5302 custodi.
1467 5266 1483 5299 ι
1518 5245 1635 5300 Non
1664 5246 1799 5301 alios
1829 5247 2104 5302 custodire

530 5341 797 5409 pnecipit,
834 5349 890 5393 ut
951 5340 1120 5407 possit
1178 5341 1443 5394 audenter
1499 5355 1727 5412 arguere
1782 5341 2105 5409 delinquen-

531 5442 630 5486 tes.

609 5546 624 5575 ι
664 5524 782 5578 Noli
836 5529 1009 5581 adlmc
1057 5543 1251 5597 aquam
1307 5527 1511 5590 bibere,
1561 5525 1654 5580 sed
1711 5525 1926 5580 modico
1983 5525 2104 5580 vino

536 5629 710 5679 utere,
744 5630 961 5689 propter
987 5622 1329 5675 stomachum
1357 5629 1530 5686 tuum,
1558 5628 1613 5672 et
1644 5617 1957 5687 frequentes
1983 5627 2106 5672 tuas

534 5706 900 5763 infirmitates.
941 5728 960 5761 ι
997 5709 1074 5764 Ne
1101 5720 1318 5779 putaret
1346 5711 1514 5765 etiam
1539 5707 1883 5764 abstinentiae
1911 5722 1970 5764 se
1997 5707 2106 5764 for-

536 5811 678 5849 tuam
713 5798 937 5855 infirmis
984 5803 1111 5858 dare
1155 5803 1344 5858 debere
1378 5820 1391 5857 :
1425 5805 1657 5858 nissime
1704 5816 1825 5856 cum
1871 5801 2100 5858 audierit

2177 581 2305 633 bere
2362 582 2568 635 vinum.
2614 581 2710 634 Dat
2755 597 2887 653 ergo
2920 585 2968 638 ei
3011 583 3322 645 consilium,
3377 595 3435 638 ut
3481 586 3599 653 plus
3657 586 3761 639 do-

2174 675 2364 725 ctrina!
2394 688 2637 739 causam,
2673 690 2830 743 quam
2884 676 3232 750 abstinentiae
3267 687 3424 731 curet
3463 693 3478 730 :
3507 690 3562 731 et
3588 679 3764 733 simul

2175 765 2412 819 ostendit
2466 781 2604 834 quas
2661 753 3010 822 infirmitates
3057 780 3436 824 creaturarum
3483 771 3764 826 medicina

2176 857 2348 923 pos~it
2379 873 2599 912 sanare.

2254 965 2272 998 ι
2316 945 2685 1012 Quorumdam
2723 950 3000 1004 hominum
3035 960 3254 1021 peccata
3287 951 3572 1006 manifesta
3603 962 3762 1017 sunt,

2178 1041 2534 1107 praecedentia
2602 1042 2669 1094 ad
2723 1042 3012 1111 judicium.
3053 1059 3075 1096 ι
3123 1043 3329 1098 Delecti
3382 1047 3766 1098 escornmuni-

2178 1141 2412 1187 eantur:
2443 1133 2556 1187 sive
2593 1133 2767 1204 plagis
2801 1137 3160 1202 praesentibus
3195 1135 3540 1190 damnantur.

2256 1241 2274 1275 σ
2310 1221 2677 1287 Quorumdam
2711 1234 2890 1278 autem
2921 1234 2977 1278 et
2993 1227 3454 1294 subsequuntur.»
3484 1226 3536 1279 lu
3569 1227 3769 1280 futuro

2176 1316 2382 1384 judicio
2417 1333 2433 1373 :
2462 1318 2577 1372 sive
2612 1318 2699 1372 hic
2739 1321 2826 1374 diu
2861 1319 3028 1376 latere
3063 1336 3168 1375 non
3205 1331 3455 1390 possant.
3479 1319 3592 1376 Non
3631 1335 3773 1389 ergo

2183 1408 2376 1462 debent
2408 1409 2567 1463 facile
2599 1411 2858 1466 ordinari.

2255 1516 2273 1547 ‹
2313 1497 2572 1552 Similiter
2595 1510 2647 1554 et
2685 1498 2828 1553 facta
2871 1501 3008 1554 bona
3038 1500 3340 1554 manifesta
3371 1510 3511 1562 sunt,
3543 1510 3602 1554 et
3645 1515 3776 1566 qnze

2181 1590 2339 1644 aliter
2372 1606 2430 1644 se
2458 1591 2680 1654 habent,
2705 1593 2965 1647 abscondi
2996 1609 3100 1645 non
3131 1604 3377 1661 possunt.
3410 1612 3426 1643 ι
3464 1591 3590 1644 Non
3625 1593 3774 1644 enim

2183 1695 2352 1753 potest
2396 1687 2647 1740 abscondi
2674 1690 2856 1742 civitas
2887 1677 3051 1754 supra
3075 1697 3299 1741 montem
3334 1689 3502 1753 posita
3537 1687 3774 1754 (Matth.

2185 1793 2238 1836 ν,
2267 1775 2352 1845 Η)
2391 1791 2404 1830 :
2433 1777 2529 1829 sed
2563 1778 2723 1830 etiam
2754 1793 2876 1846 quae
2905 1779 2971 1831 ad
3021 1787 3232 1845 tempus
3276 1778 3460 1841 latent,
3491 1792 3602 1830 non
3645 1790 3774 1844 pos-

2115 1858 2156 1913 Β
2186 1875 2314 1922 sunt
2343 1867 2550 1922 diutius
2588 1868 2875 1923 occultari.

2781 2027 3012 2084 CAPUT
3075 2027 3164 2083 Vl.

2264 2163 2282 2195 ι
2325 2142 2649 2212 Quicunque
2694 2153 2819 2198 sunt
2848 2144 2952 2198 sub
2990 2144 3122 2214 jugu
3151 2141 3317 2205 servi,
3346 2138 3604 2194 dominos
3644 2154 3785 2192 suos

2187 2235 2336 2289 omni
2364 2236 2571 2292 honore
2599 2238 2791 2304 dignos
2829 2237 3193 2290 arbitrentur.
3235 2255 3254 2286 ι
3283 2233 3399 2287 Νοη
3445 2233 3640 2287 soium
3687 2232 3789 2285 bo-

2191 2341 2308 2389 nos,
2337 2329 2430 2381 sed
2463 2329 2623 2381 etiam
2668 2327 2930 2381 infideles.
3124 2309 3136 2318 ’

2267 2438 2284 2472 ι
2327 2419 2404 2473 Ne
2440 2435 2636 2474 nomen
2671 2420 2882 2472 Domini
2909 2429 2963 2472 et
2994 2418 3238 2474 doctrina
3264 2417 3722 2484 blasphematur.
3765 2435 3786 2467 ι

2189 2510 2268 2565 Ne
2329 2511 2615 2565 videantur
2669 2526 2763 2580 per
2821 2510 3136 2580 religionem
3190 2512 3241 2563 itt
3297 2510 3534 2563 deterius
3591 2509 3798 2574 ιιι-οἷοι

2189 2606 2352 2661 cisse.

2270 2717 2288 2748 ι
2332 2697 2431 2762 Qui
2464 2706 2640 2750 autem
2692 2695 2875 2749 fideles
2917 2693 3119 2748 habent
3169 2693 3438 2754 dominos,
3474 2708 3594 2746 non
3655 2709 3804 2748 con-

2195 2799 2457 2852 temnant,
2489 2789 2615 2857 quia
2645 2788 2838 2841 fratres
2866 2795 3012 2841 sunt.
3047 2804 3066 2838 ι
3101 2783 3176 2839 Ne
3208 2784 3314 2839 sibi
3342 2784 3628 2854 aequalem
3667 2801 3804 2840 con-

2196 2891 2460 2935 temnant.

2274 2992 2293 3026 ι
2335 2972 2441 3028 Sed
2487 2973 2658 3040 magis
2705 2973 2987 3030 serviant:
3021 2971 3147 3043 quia
3177 2971 3361 3026 fideles
3389 2979 3520 3024 sunt
3551 2981 3624 3024 et
3659 2970 3802 3024 dile-

2195 3070 2288 3131 cti,
2321 3068 2446 3133 quia
2495 3066 2746 3122 beneficii
2781 3065 3079 3134 participes
3108 3074 3258 3120 sunt.
3301 3081 3319 3114 ι
3357 3062 3411 3115 Si
3445 3061 3796 3116 serviebant

2116 3193 2161 3254 ε
2197 3160 2503 3215 infidelibus
2561 3160 2758 3234 timore
2812 3159 3047 3216 odioso:
3082 3167 3286 3225 quanto
3341 3157 3516 3253 magis
3576 3154 3802 3207 debent

2197 3250 2401 3304 servire
2431 3248 2700 3314 fidelibus,
2736 3263 2968 3319 quorum
3003 3246 3292 3301 cltaritatis
3322 3243 3644 3314 participes
3677 3257 3804 3296 esse

2198 3350 2474 3397 merentur
2498 3344 2512 3396 !

2275 3451 2293 3484 ι
2346 3431 2468 3485 llaec
2522 3433 2678 3499 doce,
2714 3441 2767 3487 et
2821 3432 3135 3487 exhortare.
3173 3447 3192 3481 ι
3256 3429 3416 3488 Doce,
3461 3429 3534 3480 ita
3593 3428 3802 3482 debere

2201 3524 2314 3578 fieri
2355 3539 2369 3578 :
2402 3523 3009 3592 exhornre,prremiutn
3041 3520 3328 3576 ostendere
3361 3519 3568 3573 Deum.

2275 3629 2295 3664 ί
2337 3613 2392 3666 Si
2425 3615 2548 3682 quis
2599 3613 2754 3668 aliter
2809 3613 2990 3676 docet,
3019 3621 3073 3666 et
3127 3627 3231 3664 non
3271 3609 3590 3676 acquiescit
3649 3611 3804 3663 sanis

2199 3701 2546 3756 sermonibus
2581 3700 2788 3754 Domini
2823 3703 2994 3755 nostri
3027 3699 3154 3754 Jesu
3180 3698 3378 3754 Christi
3408 3715 3422 3752 :
3458 3710 3515 3751 et
3555 3701 3643 3764 ei,
3679 3716 3808 3770 qua

2199 3792 2496 3847 secundum
2551 3793 2804 3862 pietatem
2859 3802 2962 3858 est,
3008 3792 3292 3848 doctrinae.
3333 3809 3351 3842 ι
3413 3788 3563 3844 Novi
3597 3789 3807 3846 Tean-

2201 3883 2372 3938 meuti
2404 3899 2420 3939 :
2453 3883 2652 3939 veteris
2681 3883 2825 3938 enim
2865 3897 3057 3938 severa
3087 3882 3331 3938 doctrina
3363 3891 3475 3936 est.

2280 3992 2299 4025 α
2335 3974 2612 4042 Superbus
2665 3983 2772 4040 est,
2825 3975 2957 4028 nihil
3006 3973 3205 4029 sciens.
3244 3992 3263 4027 ι
3320 3973 3502 4041 Super
3559 3973 3717 4029 alios
3751 3989 3812 4029 ie

2199 4065 2487 4130 extollens,
2524 4081 2646 4120 cum
2685 4067 2756 4121 sit
2784 4065 3065 4121 desursum
3101 4064 3344 4131 veniens,
3371 4080 3544 4134 quam
3598 4069 3813 4136 praedi-

2201 4163 2289 4209 cat
2319 4155 2670 4224 sapientiam.

2279 4283 2298 4315 r
2347 4263 2452 4318 Sed
2503 4264 2767 4334 languens
2816 4266 2963 4320 circa
3015 4266 3368 4334 quaestiones.
3411 4285 3432 4318 ι
3465 4266 3594 4324 Nec
3651 4272 3814 4326 enir-

2204 4358 2509 4412 recusando
2540 4358 2754 4427 penitus
2803 4358 3273 4424 fidem..moritur,
3302 4373 3401 4414 nec
3433 4364 3816 4417 adversitatis

2205 4449 2433 4504 scientia
2475 4449 2826 4511 convalescit.
2857 4449 2951 4504 sed
2989 4449 3220 4504 diversis
3252 4451 3664 4506 occasionibus
3691 4455 3820 4508 lan—

2131 4542 2175 4596 D
2203 4550 2350 4611 gucl.

2276 4667 2296 4703 ι
2329 4651 2390 4705 Et
2425 4667 2631 4721 pugnas
2662 4652 2974 4708 verborum.
3014 4672 3032 4706 ›
3073 4655 3282 4709 ltelicto
3310 4670 3477 4709 sensu
3513 4661 3817 4725 veritatis,

2201 4741 2586 4808 ambiguitates
2615 4744 2902 4797 verborum
2939 4745 3232 4798 observant
3267 4762 3282 4800 :
3313 4747 3458 4799 sicut
3488 4746 3814 4806 alanichxi

2201 4847 2267 4887 ex
2298 4836 2482 4897 verbo,
2515 4835 2887 4890 diversitatem
2920 4837 3424 4892 Testamentorum.

2281 4945 2298 4976 ι
2343 4923 2421 4978 Ex
2448 4926 2642 4994 quibus
2669 4929 2920 4981 oriuntur
2966 4928 3202 4991 invidiae,
3229 4929 3659 4996 contentiones,
3687 4933 3814 4988 bia-

2203 5015 2475 5085 Sphemim.
2529 5036 2548 5068 ι
2589 5019 2719 5082 Quir
2747 5030 3013 5087 generant
3056 5019 3180 5073 lites
3210 5033 3274 5073 ac
3307 5019 3724 5090 blasphemias,
3757 5026 3820 5078 ia

2204 5109 2371 5164 Deum
2405 5112 2696 5179 pugnando
2734 5113 3102 5167 sermonibus.

2280 5242 2298 5275 ι
2343 5224 2696 5292 Suspiciones
2733 5226 2908 5280 malm.
2966 5245 2984 5278 r
3041 5226 3168 5282 Sive
3220 5228 3469 5284 ltmresim
3513 5233 3592 5286 de
3634 5235 3824 5289 altero

2205 5318 2570 5386 suspicantur,
2631 5319 2742 5373 sive
2784 5319 3072 5376 audientes
3109 5332 3299 5391 putant
3329 5323 3561 5380 efﬁcere
3597 5330 3822 5381 verita-

2206 5419 2335 5462 lem.

2280 5542 2299 5575 ι
2343 5524 2784 5580 Conflictationes
2813 5526 3099 5581 hominum
3135 5536 3317 5582 mente
3353 5540 3764 5598 corruptorum
3794 5547 3820 5589 :

2205 5626 2260 5671 et
2289 5617 2416 5686 quia
2445 5615 2674 5671 veritate
2700 5617 2898 5688 privati
2927 5628 3076 5674 sunt.
3115 5636 3139 5673 ι
3163 5617 3246 5674 Ab
3274 5619 3600 5690 integritate
3623 5620 3822 5676 Eran—

2209 5708 2332 5779 gelii
2382 5708 2467 5762 vel
2501 5717 2726 5762 naturas.

2288 5819 2304 5851 ι
2356 5800 2796 5857 Existimantium
2830 5807 3095 5872 questum
3128 5816 3250 5860 esse
3299 5803 3592 5874 pietatem.
3631 5821 3651 5856 ι
3681 5801 3818 5870 ρειὶ
