  <div class='ocr_page' id='page_1' title='image "/cluster/home/n/w/nwhite01/storage/ocr_20150623/30/hvd.32044096580527/470.png"; bbox 0 0 3956 6196; ppageno 0'>
   <div class='ocr_carea' id='block_1_1' title="bbox 195 297 300 362">
    <p class='ocr_par' dir='ltr' id='par_1_1' title="bbox 195 297 300 362">
     <span class='ocr_line' id='line_1_1' title="bbox 195 297 300 362; baseline 0 -1"><span class='ocrx_word' id='word_1_1' title='bbox 195 297 300 362; x_wconf 72' lang='lat'><strong>929</strong></span> 
     </span>
    </p>
   </div>
   <div class='ocr_carea' id='block_1_2' title="bbox 1182 287 2577 358">
    <p class='ocr_par' dir='ltr' id='par_1_2' title="bbox 1182 287 2577 358">
     <span class='ocr_line' id='line_1_2' title="bbox 1182 287 2577 358; baseline -0.006 -1"><span class='ocrx_word' id='word_1_2' title='bbox 1182 294 1591 358; x_wconf 78' lang='lat' dir='ltr'><strong>EXPOSITIO</strong></span> <span class='ocrx_word' id='word_1_3' title='bbox 1631 292 1710 354; x_wconf 76' lang='lat' dir='ltr'><strong>IN</strong></span> <span class='ocrx_word' id='word_1_4' title='bbox 1756 291 1997 352; x_wconf 86' lang='lat' dir='ltr'><strong>EPIST.</strong></span> <span class='ocrx_word' id='word_1_5' title='bbox 2047 291 2072 350; x_wconf 90' lang='grc' dir='ltr'>Ι</span> <span class='ocrx_word' id='word_1_6' title='bbox 2117 291 2216 350; x_wconf 84' lang='lat' dir='ltr'><strong>AD</strong></span> <span class='ocrx_word' id='word_1_7' title='bbox 2253 287 2577 349; x_wconf 82' lang='lat' dir='ltr'><strong>TlMOTlI.</strong></span> 
     </span>
    </p>
   </div>
   <div class='ocr_carea' id='block_1_3' title="bbox 3320 280 3428 342">
    <p class='ocr_par' dir='ltr' id='par_1_3' title="bbox 3320 280 3428 342">
     <span class='ocr_line' id='line_1_3' title="bbox 3320 280 3428 342; baseline 0.019 -2"><span class='ocrx_word' id='word_1_8' title='bbox 3320 280 3428 342; x_wconf 71' lang='lat'><strong>930</strong></span> 
     </span>
    </p>
   </div>
   <div class='ocr_carea' id='block_1_4' title="bbox 195 389 3430 485">
    <p class='ocr_par' dir='ltr' id='par_1_4' title="bbox 195 389 3430 485">
     <span class='ocr_line' id='line_1_4' title="bbox 195 389 3430 485; baseline -0.006 -19"><span class='ocrx_word' id='word_1_9' title='bbox 195 425 384 485; x_wconf 81' lang='lat' dir='ltr'><strong>putant</strong></span> <span class='ocrx_word' id='word_1_10' title='bbox 433 421 673 482; x_wconf 44' lang='lat' dir='ltr'><strong>quaestus</strong></span> <span class='ocrx_word' id='word_1_11' title='bbox 710 411 794 468; x_wconf 88' lang='lat' dir='ltr'><strong>sui</strong></span> <span class='ocrx_word' id='word_1_12' title='bbox 829 426 1016 477; x_wconf 88' lang='lat' dir='ltr'><strong>causa,</strong></span> <span class='ocrx_word' id='word_1_13' title='bbox 1045 425 1245 467; x_wconf 90' lang='lat' dir='ltr'><strong>novum</strong></span> <span class='ocrx_word' id='word_1_14' title='bbox 1300 411 1516 465; x_wconf 87' lang='lat' dir='ltr'><strong>venisse</strong></span> <span class='ocrx_word' id='word_1_15' title='bbox 1568 410 1759 463; x_wconf 83' lang='lat' dir='ltr'><strong>Testa-</strong></span> <span class='ocrx_word' id='word_1_16' title='bbox 1789 413 1831 470; x_wconf 81' lang='grc' dir='ltr'><strong>Α</strong></span> <span class='ocrx_word' id='word_1_17' title='bbox 1865 414 2085 458; x_wconf 85' lang='lat' dir='ltr'><strong>mortem</strong></span> <span class='ocrx_word' id='word_1_18' title='bbox 2117 413 2260 457; x_wconf 89' lang='lat' dir='ltr'><strong>certa</strong></span> <span class='ocrx_word' id='word_1_19' title='bbox 2315 419 2410 472; x_wconf 81' lang='lat' dir='ltr'><strong>pro</strong></span> <span class='ocrx_word' id='word_1_20' title='bbox 2472 400 2680 468; x_wconf 73' lang='lat' dir='ltr'><strong>jmtitia</strong></span> <span class='ocrx_word' id='word_1_21' title='bbox 2715 394 2905 465; x_wconf 75' lang='lat' dir='ltr'><strong>(Eccli.</strong></span> <span class='ocrx_word' id='word_1_22' title='bbox 2937 411 3012 458; x_wconf 66' lang='lat' dir='ltr'><strong>vi,</strong></span> <span class='ocrx_word' id='word_1_23' title='bbox 3044 393 3158 459; x_wconf 79' lang='grc'><strong>55).</strong></span> <span class='ocrx_word' id='word_1_24' title='bbox 3218 389 3342 485; x_wconf 83' lang='lat' dir='ltr'><strong>Sive</strong></span> <span class='ocrx_word' id='word_1_25' title='bbox 3371 402 3430 443; x_wconf 84' lang='lat' dir='ltr'><strong>ut</strong></span> 
     </span>
    </p>
   </div>
   <div class='ocr_carea' id='block_1_5' title="bbox 198 517 458 561">
    <p class='ocr_par' dir='ltr' id='par_1_5' title="bbox 198 517 458 561">
     <span class='ocr_line' id='line_1_5' title="bbox 198 517 458 561; baseline 0 -1"><span class='ocrx_word' id='word_1_26' title='bbox 198 517 458 561; x_wconf 89' lang='lat' dir='ltr'><strong>mentum.</strong></span> 
     </span>
    </p>
   </div>
   <div class='ocr_carea' id='block_1_6' title="bbox 271 612 1763 686">
    <p class='ocr_par' dir='ltr' id='par_1_6' title="bbox 271 612 1763 686">
     <span class='ocr_line' id='line_1_6' title="bbox 271 612 1763 686; baseline -0.003 -14"><span class='ocrx_word' id='word_1_27' title='bbox 271 639 291 672; x_wconf 73' lang='grc' dir='ltr'><strong>ι</strong></span> <span class='ocrx_word' id='word_1_28' title='bbox 333 619 428 674; x_wconf 87' lang='lat' dir='ltr'><strong>Est</strong></span> <span class='ocrx_word' id='word_1_29' title='bbox 473 626 652 672; x_wconf 89' lang='lat' dir='ltr'><strong>autem</strong></span> <span class='ocrx_word' id='word_1_30' title='bbox 684 624 926 685; x_wconf 85' lang='lat' dir='ltr'><strong>qmcstus</strong></span> <span class='ocrx_word' id='word_1_31' title='bbox 957 631 1204 686; x_wconf 80' lang='lat' dir='ltr'><strong>magnus.</strong></span> <span class='ocrx_word' id='word_1_32' title='bbox 1241 616 1415 683; x_wconf 89' lang='lat' dir='ltr'><strong>pietas</strong></span> <span class='ocrx_word' id='word_1_33' title='bbox 1446 631 1568 670; x_wconf 86' lang='lat' dir='ltr'><strong>cum</strong></span> <span class='ocrx_word' id='word_1_34' title='bbox 1615 612 1763 669; x_wconf 72' lang='lat' dir='ltr'><strong>suill-</strong></span> 
     </span>
    </p>
   </div>
   <div class='ocr_carea' id='block_1_7' title="bbox 195 707 1758 776">
    <p class='ocr_par' dir='ltr' id='par_1_7' title="bbox 195 707 1758 776">
     <span class='ocr_line' id='line_1_7' title="bbox 195 707 1758 776; baseline -0.004 -12"><span class='ocrx_word' id='word_1_35' title='bbox 195 712 417 764; x_wconf 87' lang='lat' dir='ltr'><strong>cicntia.</strong></span> <span class='ocrx_word' id='word_1_36' title='bbox 457 728 475 760; x_wconf 75' lang='grc' dir='ltr'><strong>ι</strong></span> <span class='ocrx_word' id='word_1_37' title='bbox 533 708 756 762; x_wconf 78' lang='lat' dir='ltr'><strong>Multum</strong></span> <span class='ocrx_word' id='word_1_38' title='bbox 821 708 1073 775; x_wconf 76' lang='lat' dir='ltr'><strong>inquirit,</strong></span> <span class='ocrx_word' id='word_1_39' title='bbox 1110 707 1201 776; x_wconf 90' lang='lat' dir='ltr'><strong>qui</strong></span> <span class='ocrx_word' id='word_1_40' title='bbox 1252 707 1414 761; x_wconf 85' lang='lat' dir='ltr'><strong>habet</strong></span> <span class='ocrx_word' id='word_1_41' title='bbox 1463 709 1758 776; x_wconf 69' lang='lat' dir='ltr'><strong>pietatem:</strong></span> 
     </span>
    </p>
   </div>
   <div class='ocr_carea' id='block_1_8' title="bbox 194 797 1764 863">
    <p class='ocr_par' dir='ltr' id='par_1_8' title="bbox 194 797 1764 863">
     <span class='ocr_line' id='line_1_8' title="bbox 194 797 1764 863; baseline -0.005 -7"><span class='ocrx_word' id='word_1_42' title='bbox 194 816 314 856; x_wconf 90' lang='lat' dir='ltr'><strong>cum</strong></span> <span class='ocrx_word' id='word_1_43' title='bbox 349 800 689 862; x_wconf 81' lang='lat' dir='ltr'><strong>sufficientia,</strong></span> <span class='ocrx_word' id='word_1_44' title='bbox 721 815 827 852; x_wconf 92' lang='lat' dir='ltr'><strong>non</strong></span> <span class='ocrx_word' id='word_1_45' title='bbox 864 799 1110 863; x_wconf 64' lang='lat' dir='ltr'><strong>luxuriae,</strong></span> <span class='ocrx_word' id='word_1_46' title='bbox 1143 803 1238 853; x_wconf 89' lang='lat' dir='ltr'><strong>sed</strong></span> <span class='ocrx_word' id='word_1_47' title='bbox 1273 807 1481 852; x_wconf 65' lang='lat' dir='ltr'><strong>naturae</strong></span> <span class='ocrx_word' id='word_1_48' title='bbox 1506 807 1610 852; x_wconf 88' lang='lat' dir='ltr'><strong>est.</strong></span> <span class='ocrx_word' id='word_1_49' title='bbox 1637 797 1764 850; x_wconf 89' lang='lat' dir='ltr'><strong>Sive</strong></span> 
     </span>
    </p>
   </div>
   <div class='ocr_carea' id='block_1_9' title="bbox 195 886 1761 958">
    <p class='ocr_par' dir='ltr' id='par_1_9' title="bbox 195 886 1761 958">
     <span class='ocr_line' id='line_1_9' title="bbox 195 886 1761 958; baseline -0.003 -14"><span class='ocrx_word' id='word_1_50' title='bbox 195 891 339 944; x_wconf 79' lang='lat' dir='ltr'><strong>sicut</strong></span> <span class='ocrx_word' id='word_1_51' title='bbox 367 890 539 958; x_wconf 88' lang='lat' dir='ltr'><strong>pietas</strong></span> <span class='ocrx_word' id='word_1_52' title='bbox 561 898 644 943; x_wconf 87' lang='lat' dir='ltr'><strong>est</strong></span> <span class='ocrx_word' id='word_1_53' title='bbox 671 887 885 942; x_wconf 89' lang='lat' dir='ltr'><strong>cultura</strong></span> <span class='ocrx_word' id='word_1_54' title='bbox 920 887 1014 940; x_wconf 92' lang='lat' dir='ltr'><strong>Dei</strong></span> <span class='ocrx_word' id='word_1_55' title='bbox 1047 886 1237 957; x_wconf 77' lang='lat' dir='ltr'><strong>(Eecli.</strong></span> <span class='ocrx_word' id='word_1_56' title='bbox 1264 903 1302 954; x_wconf 82' lang='grc' dir='ltr'><strong>ι,</strong></span> <span class='ocrx_word' id='word_1_57' title='bbox 1328 887 1443 955; x_wconf 73' lang='grc'><strong>52),</strong></span> <span class='ocrx_word' id='word_1_58' title='bbox 1470 888 1546 942; x_wconf 88' lang='lat' dir='ltr'><strong>ita</strong></span> <span class='ocrx_word' id='word_1_59' title='bbox 1574 886 1761 954; x_wconf 88' lang='lat' dir='ltr'><strong>impie-</strong></span> 
     </span>
    </p>
   </div>
   <div class='ocr_carea' id='block_1_10' title="bbox 196 988 794 1048">
    <p class='ocr_par' dir='ltr' id='par_1_10' title="bbox 196 988 794 1048">
     <span class='ocr_line' id='line_1_10' title="bbox 196 988 794 1048; baseline -0.003 -12"><span class='ocrx_word' id='word_1_60' title='bbox 196 992 280 1036; x_wconf 81' lang='lat' dir='ltr'><strong>tas</strong></span> <span class='ocrx_word' id='word_1_61' title='bbox 309 991 392 1036; x_wconf 82' lang='lat' dir='ltr'><strong>est</strong></span> <span class='ocrx_word' id='word_1_62' title='bbox 427 988 794 1048; x_wconf 90' lang='lat' dir='ltr'><strong>contemptus.</strong></span> 
     </span>
    </p>
   </div>
   <div class='ocr_carea' id='block_1_11' title="bbox 277 1092 1766 1163">
    <p class='ocr_par' dir='ltr' id='par_1_11' title="bbox 277 1092 1766 1163">
     <span class='ocr_line' id='line_1_11' title="bbox 277 1092 1766 1163; baseline 0.001 -19"><span class='ocrx_word' id='word_1_63' title='bbox 277 1111 296 1144; x_wconf 72' lang='grc' dir='ltr'><strong>ι</strong></span> <span class='ocrx_word' id='word_1_64' title='bbox 336 1092 483 1147; x_wconf 87' lang='lat' dir='ltr'><strong>Nihil</strong></span> <span class='ocrx_word' id='word_1_65' title='bbox 527 1093 671 1147; x_wconf 91' lang='lat' dir='ltr'><strong>enim</strong></span> <span class='ocrx_word' id='word_1_66' title='bbox 717 1092 1006 1146; x_wconf 91' lang='lat' dir='ltr'><strong>intulimus</strong></span> <span class='ocrx_word' id='word_1_67' title='bbox 1037 1094 1089 1147; x_wconf 92' lang='lat' dir='ltr'><strong>in</strong></span> <span class='ocrx_word' id='word_1_68' title='bbox 1124 1095 1264 1148; x_wconf 83' lang='lat' dir='ltr'><strong>hunc</strong></span> <span class='ocrx_word' id='word_1_69' title='bbox 1296 1095 1593 1149; x_wconf 88' lang='lat' dir='ltr'><strong>mundum:</strong></span> <span class='ocrx_word' id='word_1_70' title='bbox 1627 1093 1766 1163; x_wconf 72' lang='lat' dir='ltr'><strong>haud</strong></span> 
     </span>
    </p>
   </div>
   <div class='ocr_carea' id='block_1_12' title="bbox 197 1172 1766 1254">
    <p class='ocr_par' dir='ltr' id='par_1_12' title="bbox 197 1172 1766 1254">
     <span class='ocr_line' id='line_1_12' title="bbox 197 1172 1766 1254; baseline -0.001 -15"><span class='ocrx_word' id='word_1_71' title='bbox 197 1185 441 1248; x_wconf 89' lang='lat' dir='ltr'><strong>dubium,</strong></span> <span class='ocrx_word' id='word_1_72' title='bbox 474 1186 600 1252; x_wconf 85' lang='lat' dir='ltr'><strong>quia</strong></span> <span class='ocrx_word' id='word_1_73' title='bbox 641 1198 740 1237; x_wconf 85' lang='lat' dir='ltr'><strong>nec</strong></span> <span class='ocrx_word' id='word_1_74' title='bbox 777 1183 992 1240; x_wconf 85' lang='lat' dir='ltr'><strong>auferre</strong></span> <span class='ocrx_word' id='word_1_75' title='bbox 1041 1187 1169 1254; x_wconf 91' lang='lat' dir='ltr'><strong>quid</strong></span> <span class='ocrx_word' id='word_1_76' title='bbox 1221 1201 1526 1252; x_wconf 87' lang='lat' dir='ltr'><strong>possumus.</strong></span> <span class='ocrx_word' id='word_1_77' title='bbox 1574 1172 1602 1237; x_wconf 38' lang='grc' dir='ltr'><strong>ι’</strong></span> <span class='ocrx_word' id='word_1_78' title='bbox 1627 1184 1766 1238; x_wconf 92' lang='lat' dir='ltr'><strong>Nudi</strong></span> 
     </span>
    </p>
   </div>
   <div class='ocr_carea' id='block_1_13' title="bbox 199 1275 1770 1344">
    <p class='ocr_par' dir='ltr' id='par_1_13' title="bbox 199 1275 1770 1344">
     <span class='ocr_line' id='line_1_13' title="bbox 199 1275 1770 1344; baseline -0.001 -16"><span class='ocrx_word' id='word_1_79' title='bbox 199 1276 310 1328; x_wconf 84' lang='lat' dir='ltr'><strong>nati</strong></span> <span class='ocrx_word' id='word_1_80' title='bbox 344 1291 551 1338; x_wconf 83' lang='lat' dir='ltr'><strong>sumus,</strong></span> <span class='ocrx_word' id='word_1_81' title='bbox 588 1277 712 1329; x_wconf 90' lang='lat' dir='ltr'><strong>nudi</strong></span> <span class='ocrx_word' id='word_1_82' title='bbox 744 1275 907 1328; x_wconf 89' lang='lat' dir='ltr'><strong>etiam</strong></span> <span class='ocrx_word' id='word_1_83' title='bbox 957 1277 1230 1329; x_wconf 91' lang='lat' dir='ltr'><strong>morituri.</strong></span> <span class='ocrx_word' id='word_1_84' title='bbox 1261 1277 1532 1344; x_wconf 83' lang='lat' dir='ltr'><strong>Quidquid</strong></span> <span class='ocrx_word' id='word_1_85' title='bbox 1568 1279 1653 1329; x_wconf 89' lang='lat' dir='ltr'><strong>bic</strong></span> <span class='ocrx_word' id='word_1_86' title='bbox 1691 1279 1770 1326; x_wconf 85' lang='lat' dir='ltr'><strong>iti-</strong></span> 
     </span>
    </p>
   </div>
   <div class='ocr_carea' id='block_1_14' title="bbox 197 1365 1770 1434">
    <p class='ocr_par' dir='ltr' id='par_1_14' title="bbox 197 1365 1770 1434">
     <span class='ocr_line' id='line_1_14' title="bbox 197 1365 1770 1434; baseline -0.001 -14"><span class='ocrx_word' id='word_1_87' title='bbox 197 1367 440 1430; x_wconf 78' lang='lat' dir='ltr'><strong>venitur,</strong></span> <span class='ocrx_word' id='word_1_88' title='bbox 471 1366 560 1421; x_wconf 88' lang='lat' dir='ltr'><strong>hic</strong></span> <span class='ocrx_word' id='word_1_89' title='bbox 608 1366 983 1432; x_wconf 87' lang='lat' dir='ltr'><strong>relinquetur:</strong></span> <span class='ocrx_word' id='word_1_90' title='bbox 1020 1381 1122 1418; x_wconf 91' lang='lat' dir='ltr'><strong>non</strong></span> <span class='ocrx_word' id='word_1_91' title='bbox 1175 1376 1256 1420; x_wconf 89' lang='lat' dir='ltr'><strong>est</strong></span> <span class='ocrx_word' id='word_1_92' title='bbox 1312 1376 1582 1430; x_wconf 88' lang='lat' dir='ltr'><strong>nostrum,</strong></span> <span class='ocrx_word' id='word_1_93' title='bbox 1628 1365 1770 1434; x_wconf 86' lang='lat' dir='ltr'><strong>quod</strong></span> 
     </span>
    </p>
   </div>
   <div class='ocr_carea' id='block_1_15' title="bbox 198 1451 1771 1524">
    <p class='ocr_par' dir='ltr' id='par_1_15' title="bbox 198 1451 1771 1524">
     <span class='ocr_line' id='line_1_15' title="bbox 198 1451 1771 1524; baseline 0.002 -19"><span class='ocrx_word' id='word_1_94' title='bbox 198 1468 312 1505; x_wconf 82' lang='lat' dir='ltr'><strong>non</strong></span> <span class='ocrx_word' id='word_1_95' title='bbox 355 1468 569 1522; x_wconf 85' lang='lat' dir='ltr'><strong>semper</strong></span> <span class='ocrx_word' id='word_1_96' title='bbox 600 1463 843 1507; x_wconf 88' lang='lat' dir='ltr'><strong>nostrum</strong></span> <span class='ocrx_word' id='word_1_97' title='bbox 872 1463 973 1507; x_wconf 92' lang='lat' dir='ltr'><strong>est.</strong></span> <span class='ocrx_word' id='word_1_98' title='bbox 1003 1451 1286 1521; x_wconf 78' lang='lat' dir='ltr'><strong>Tanquam</strong></span> <span class='ocrx_word' id='word_1_99' title='bbox 1320 1455 1588 1524; x_wconf 80' lang='lat' dir='ltr'><strong>peregrini</strong></span> <span class='ocrx_word' id='word_1_100' title='bbox 1641 1469 1771 1521; x_wconf 82' lang='lat' dir='ltr'><strong>ergo</strong></span> 
     </span>
    </p>
   </div>
   <div class='ocr_carea' id='block_1_16' title="bbox 197 1534 1774 1612">
    <p class='ocr_par' dir='ltr' id='par_1_16' title="bbox 197 1534 1774 1612">
     <span class='ocr_line' id='line_1_16' title="bbox 197 1534 1774 1612; baseline 0.002 -17"><span class='ocrx_word' id='word_1_101' title='bbox 197 1541 489 1596; x_wconf 76' lang='lat' dir='ltr'><strong>sufﬁcienti</strong></span> <span class='ocrx_word' id='word_1_102' title='bbox 522 1558 622 1596; x_wconf 91' lang='lat' dir='ltr'><strong>usu</strong></span> <span class='ocrx_word' id='word_1_103' title='bbox 654 1542 895 1596; x_wconf 74' lang='lat' dir='ltr'><strong>contenti</strong></span> <span class='ocrx_word' id='word_1_104' title='bbox 933 1543 1100 1596; x_wconf 87' lang='lat' dir='ltr'><strong>simus</strong></span> <span class='ocrx_word' id='word_1_105' title='bbox 1131 1559 1146 1600; x_wconf 83' lang='lat'><strong>;</strong></span> <span class='ocrx_word' id='word_1_106' title='bbox 1175 1544 1292 1598; x_wconf 87' lang='lat' dir='ltr'><strong>illas</strong></span> <span class='ocrx_word' id='word_1_107' title='bbox 1341 1534 1558 1600; x_wconf 83' lang='lat' dir='ltr'><strong>diviiias</strong></span> <span class='ocrx_word' id='word_1_108' title='bbox 1589 1545 1774 1612; x_wconf 88' lang='lat' dir='ltr'><strong>acqui-</strong></span> 
     </span>
    </p>
   </div>
   <div class='ocr_carea' id='block_1_17' title="bbox 199 1616 1860 1706">
    <p class='ocr_par' dir='ltr' id='par_1_17' title="bbox 199 1616 1860 1706">
     <span class='ocr_line' id='line_1_17' title="bbox 199 1616 1860 1706; baseline 0.002 -19"><span class='ocrx_word' id='word_1_109' title='bbox 199 1650 412 1699; x_wconf 87' lang='lat' dir='ltr'><strong>ramus,</strong></span> <span class='ocrx_word' id='word_1_110' title='bbox 435 1649 569 1702; x_wconf 83' lang='lat' dir='ltr'><strong>quas</strong></span> <span class='ocrx_word' id='word_1_111' title='bbox 619 1633 895 1689; x_wconf 86' lang='lat' dir='ltr'><strong>nobiscum</strong></span> <span class='ocrx_word' id='word_1_112' title='bbox 937 1634 1003 1689; x_wconf 84' lang='lat' dir='ltr'><strong>ad</strong></span> <span class='ocrx_word' id='word_1_113' title='bbox 1035 1616 1314 1691; x_wconf 54' lang='lat' dir='ltr'><strong>cacstem</strong></span> <span class='ocrx_word' id='word_1_114' title='bbox 1355 1639 1583 1706; x_wconf 84' lang='lat' dir='ltr'><strong>patriam</strong></span> <span class='ocrx_word' id='word_1_115' title='bbox 1627 1635 1772 1690; x_wconf 81' lang='lat' dir='ltr'><strong>ferre</strong></span> <span class='ocrx_word' id='word_1_116' title='bbox 1851 1649 1860 1656; x_wconf 89' lang='lat'>&#39;</span> 
     </span>
    </p>
   </div>
   <div class='ocr_carea' id='block_1_18' title="bbox 200 1726 496 1793">
    <p class='ocr_par' dir='ltr' id='par_1_18' title="bbox 200 1726 496 1793">
     <span class='ocr_line' id='line_1_18' title="bbox 200 1726 496 1793; baseline 0.007 -17"><span class='ocrx_word' id='word_1_117' title='bbox 200 1726 496 1793; x_wconf 82' lang='lat' dir='ltr'><strong>possimus.</strong></span> 
     </span>
    </p>
   </div>
   <div class='ocr_carea' id='block_1_19' title="bbox 281 1839 1765 1914">
    <p class='ocr_par' dir='ltr' id='par_1_19' title="bbox 281 1839 1765 1914">
     <span class='ocr_line' id='line_1_19' title="bbox 281 1839 1765 1914; baseline 0.001 -20"><span class='ocrx_word' id='word_1_118' title='bbox 281 1859 302 1894; x_wconf 83' lang='grc'>‹</span> <span class='ocrx_word' id='word_1_119' title='bbox 349 1839 620 1895; x_wconf 80' lang='lat' dir='ltr'><strong>liabentes</strong></span> <span class='ocrx_word' id='word_1_120' title='bbox 662 1851 841 1896; x_wconf 89' lang='lat' dir='ltr'><strong>autem</strong></span> <span class='ocrx_word' id='word_1_121' title='bbox 878 1843 1153 1903; x_wconf 86' lang='lat' dir='ltr'><strong>alimenta.</strong></span> <span class='ocrx_word' id='word_1_122' title='bbox 1178 1850 1231 1896; x_wconf 87' lang='lat' dir='ltr'><strong>et</strong></span> <span class='ocrx_word' id='word_1_123' title='bbox 1271 1844 1466 1910; x_wconf 85' lang='lat' dir='ltr'><strong>quibus</strong></span> <span class='ocrx_word' id='word_1_124' title='bbox 1499 1852 1765 1914; x_wconf 76' lang='lat' dir='ltr'><strong>tegantur,</strong></span> 
     </span>
    </p>
   </div>
   <div class='ocr_carea' id='block_1_20' title="bbox 203 1931 1772 2001">
    <p class='ocr_par' dir='ltr' id='par_1_20' title="bbox 203 1931 1772 2001">
     <span class='ocr_line' id='line_1_20' title="bbox 203 1931 1772 2001; baseline 0.001 -15"><span class='ocrx_word' id='word_1_125' title='bbox 203 1932 295 1987; x_wconf 79' lang='lat' dir='ltr'><strong>bis</strong></span> <span class='ocrx_word' id='word_1_126' title='bbox 313 1931 551 1986; x_wconf 82' lang='lat' dir='ltr'><strong>contenti</strong></span> <span class='ocrx_word' id='word_1_127' title='bbox 575 1933 764 1986; x_wconf 85' lang='lat' dir='ltr'><strong>simus.</strong></span> <span class='ocrx_word' id='word_1_128' title='bbox 798 1950 817 1982; x_wconf 69' lang='grc' dir='ltr'><strong>ι</strong></span> <span class='ocrx_word' id='word_1_129' title='bbox 846 1931 1109 2001; x_wconf 89' lang='lat' dir='ltr'><strong>Superius</strong></span> <span class='ocrx_word' id='word_1_130' title='bbox 1128 1933 1339 1986; x_wconf 82' lang='lat' dir='ltr'><strong>dixerat</strong></span> <span class='ocrx_word' id='word_1_131' title='bbox 1356 1933 1732 1989; x_wconf 65' lang='lat' dir='ltr'><strong>sufficientiam</strong></span> <span class='ocrx_word' id='word_1_132' title='bbox 1756 1951 1772 1986; x_wconf 86' lang='lat'><strong>:</strong></span> 
     </span>
    </p>
   </div>
   <div class='ocr_carea' id='block_1_21' title="bbox 203 2023 1560 2094">
    <p class='ocr_par' dir='ltr' id='par_1_21' title="bbox 203 2023 1560 2094">
     <span class='ocr_line' id='line_1_21' title="bbox 203 2023 1560 2094; baseline 0 -16"><span class='ocrx_word' id='word_1_133' title='bbox 203 2023 470 2094; x_wconf 86' lang='lat' dir='ltr'><strong>quidquid</strong></span> <span class='ocrx_word' id='word_1_134' title='bbox 511 2023 592 2076; x_wconf 89' lang='lat' dir='ltr'><strong>bis</strong></span> <span class='ocrx_word' id='word_1_135' title='bbox 628 2023 863 2092; x_wconf 87' lang='lat' dir='ltr'><strong>amplius</strong></span> <span class='ocrx_word' id='word_1_136' title='bbox 891 2034 994 2086; x_wconf 89' lang='lat' dir='ltr'><strong>est,</strong></span> <span class='ocrx_word' id='word_1_137' title='bbox 1020 2023 1222 2076; x_wconf 79' lang='lat' dir='ltr'><strong>divitiis</strong></span> <span class='ocrx_word' id='word_1_138' title='bbox 1249 2023 1560 2090; x_wconf 87' lang='lat' dir='ltr'><strong>deputatur.</strong></span> 
     </span>
    </p>
   </div>
   <div class='ocr_carea' id='block_1_22' title="bbox 287 2103 1775 2183">
    <p class='ocr_par' dir='ltr' id='par_1_22' title="bbox 287 2103 1775 2183">
     <span class='ocr_line' id='line_1_22' title="bbox 287 2103 1775 2183; baseline 0.002 -18"><span class='ocrx_word' id='word_1_139' title='bbox 287 2133 306 2165; x_wconf 74' lang='grc' dir='ltr'><strong>ι</strong></span> <span class='ocrx_word' id='word_1_140' title='bbox 352 2113 485 2168; x_wconf 78' lang='lat' dir='ltr'><strong>Nam</strong></span> <span class='ocrx_word' id='word_1_141' title='bbox 541 2115 630 2183; x_wconf 86' lang='lat' dir='ltr'><strong>qui</strong></span> <span class='ocrx_word' id='word_1_142' title='bbox 686 2114 872 2168; x_wconf 87' lang='lat' dir='ltr'><strong>volunt</strong></span> <span class='ocrx_word' id='word_1_143' title='bbox 927 2116 1121 2168; x_wconf 80' lang='lat' dir='ltr'><strong>divites</strong></span> <span class='ocrx_word' id='word_1_144' title='bbox 1163 2103 1302 2168; x_wconf 84' lang='lat' dir='ltr'><strong>fieri.</strong></span> <span class='ocrx_word' id='word_1_145' title='bbox 1353 2131 1372 2165; x_wconf 78' lang='grc' dir='ltr'><strong>ι</strong></span> <span class='ocrx_word' id='word_1_146' title='bbox 1432 2113 1775 2168; x_wconf 75' lang='lat' dir='ltr'><strong>Voluptatem</strong></span> 
     </span>
    </p>
   </div>
   <div class='ocr_carea' id='block_1_23' title="bbox 205 2203 1778 2277">
    <p class='ocr_par' dir='ltr' id='par_1_23' title="bbox 205 2203 1778 2277">
     <span class='ocr_line' id='line_1_23' title="bbox 205 2203 1778 2277; baseline 0.001 -15"><span class='ocrx_word' id='word_1_147' title='bbox 205 2209 524 2263; x_wconf 76' lang='lat' dir='ltr'><strong>divitiarum</strong></span> <span class='ocrx_word' id='word_1_148' title='bbox 563 2207 852 2262; x_wconf 87' lang='lat' dir='ltr'><strong>definivit:</strong></span> <span class='ocrx_word' id='word_1_149' title='bbox 885 2222 1004 2277; x_wconf 69' lang='lat' dir='ltr'><strong>quae</strong></span> <span class='ocrx_word' id='word_1_150' title='bbox 1044 2203 1310 2272; x_wconf 82' lang='lat' dir='ltr'><strong>voluntas,</strong></span> <span class='ocrx_word' id='word_1_151' title='bbox 1352 2218 1407 2261; x_wconf 89' lang='lat' dir='ltr'><strong>ct</strong></span> <span class='ocrx_word' id='word_1_152' title='bbox 1458 2208 1778 2263; x_wconf 84' lang='lat' dir='ltr'><strong>habentibus</strong></span> 
     </span>
    </p>
   </div>
   <div class='ocr_carea' id='block_1_24' title="bbox 204 2301 827 2370">
    <p class='ocr_par' dir='ltr' id='par_1_24' title="bbox 204 2301 827 2370">
     <span class='ocr_line' id='line_1_24' title="bbox 204 2301 827 2370; baseline 0 -16"><span class='ocrx_word' id='word_1_153' title='bbox 204 2309 314 2366; x_wconf 86' lang='lat' dir='ltr'><strong>est,</strong></span> <span class='ocrx_word' id='word_1_154' title='bbox 345 2311 400 2354; x_wconf 89' lang='lat' dir='ltr'><strong>et</strong></span> <span class='ocrx_word' id='word_1_155' title='bbox 431 2301 827 2370; x_wconf 68' lang='lat' dir='ltr'><strong>quaerentibus.</strong></span> 
     </span>
    </p>
   </div>
   <div class='ocr_carea' id='block_1_25' title="bbox 291 2411 1783 2481">
    <p class='ocr_par' dir='ltr' id='par_1_25' title="bbox 291 2411 1783 2481">
     <span class='ocr_line' id='line_1_25' title="bbox 291 2411 1783 2481; baseline -0.002 -11"><span class='ocrx_word' id='word_1_156' title='bbox 291 2436 312 2470; x_wconf 76' lang='grc' dir='ltr'><strong>ι</strong></span> <span class='ocrx_word' id='word_1_157' title='bbox 353 2417 604 2472; x_wconf 84' lang='lat' dir='ltr'><strong>Incidunt</strong></span> <span class='ocrx_word' id='word_1_158' title='bbox 638 2416 691 2470; x_wconf 90' lang='lat' dir='ltr'><strong>in</strong></span> <span class='ocrx_word' id='word_1_159' title='bbox 750 2414 1100 2470; x_wconf 87' lang='lat' dir='ltr'><strong>tentationem</strong></span> <span class='ocrx_word' id='word_1_160' title='bbox 1153 2423 1208 2468; x_wconf 89' lang='lat' dir='ltr'><strong>et</strong></span> <span class='ocrx_word' id='word_1_161' title='bbox 1251 2412 1303 2466; x_wconf 91' lang='lat' dir='ltr'><strong>in</strong></span> <span class='ocrx_word' id='word_1_162' title='bbox 1357 2411 1604 2481; x_wconf 87' lang='lat' dir='ltr'><strong>laqueum</strong></span> <span class='ocrx_word' id='word_1_163' title='bbox 1657 2412 1783 2468; x_wconf 89' lang='lat' dir='ltr'><strong>dia-</strong></span> 
     </span>
    </p>
   </div>
   <div class='ocr_carea' id='block_1_26' title="bbox 210 2506 1780 2577">
    <p class='ocr_par' dir='ltr' id='par_1_26' title="bbox 210 2506 1780 2577">
     <span class='ocr_line' id='line_1_26' title="bbox 210 2506 1780 2577; baseline -0.001 -12"><span class='ocrx_word' id='word_1_164' title='bbox 210 2510 344 2565; x_wconf 83' lang='lat' dir='ltr'><strong>boli.</strong></span> <span class='ocrx_word' id='word_1_165' title='bbox 385 2529 404 2562; x_wconf 77' lang='grc'><strong>»</strong></span> <span class='ocrx_word' id='word_1_166' title='bbox 440 2511 668 2566; x_wconf 84' lang='lat' dir='ltr'><strong>Occasio</strong></span> <span class='ocrx_word' id='word_1_167' title='bbox 715 2509 1026 2564; x_wconf 88' lang='lat' dir='ltr'><strong>tentationis</strong></span> <span class='ocrx_word' id='word_1_168' title='bbox 1051 2516 1154 2572; x_wconf 90' lang='lat' dir='ltr'><strong>est,</strong></span> <span class='ocrx_word' id='word_1_169' title='bbox 1200 2516 1256 2562; x_wconf 90' lang='lat' dir='ltr'><strong>et</strong></span> <span class='ocrx_word' id='word_1_170' title='bbox 1289 2506 1516 2577; x_wconf 84' lang='lat' dir='ltr'><strong>laqueus</strong></span> <span class='ocrx_word' id='word_1_171' title='bbox 1557 2507 1780 2574; x_wconf 85' lang='lat' dir='ltr'><strong>diaboli,</strong></span> 
     </span>
    </p>
   </div>
   <div class='ocr_carea' id='block_1_27' title="bbox 211 2602 855 2658">
    <p class='ocr_par' dir='ltr' id='par_1_27' title="bbox 211 2602 855 2658">
     <span class='ocr_line' id='line_1_27' title="bbox 211 2602 855 2658; baseline -0.006 0"><span class='ocrx_word' id='word_1_172' title='bbox 211 2604 354 2658; x_wconf 91' lang='lat' dir='ltr'><strong>velle</strong></span> <span class='ocrx_word' id='word_1_173' title='bbox 383 2602 582 2657; x_wconf 86' lang='lat' dir='ltr'><strong>habere</strong></span> <span class='ocrx_word' id='word_1_174' title='bbox 615 2603 855 2656; x_wconf 85' lang='lat' dir='ltr'><strong>divitias.</strong></span> 
     </span>
    </p>
   </div>
   <div class='ocr_carea' id='block_1_28' title="bbox 292 2688 1780 2758">
    <p class='ocr_par' dir='ltr' id='par_1_28' title="bbox 292 2688 1780 2758">
     <span class='ocr_line' id='line_1_28' title="bbox 292 2688 1780 2758; baseline -0.001 -13"><span class='ocrx_word' id='word_1_175' title='bbox 292 2711 314 2745; x_wconf 76' lang='grc' dir='ltr'><strong>ι</strong></span> <span class='ocrx_word' id='word_1_176' title='bbox 365 2693 429 2748; x_wconf 82' lang='lat' dir='ltr'><strong>Et</strong></span> <span class='ocrx_word' id='word_1_177' title='bbox 478 2693 744 2747; x_wconf 88' lang='lat' dir='ltr'><strong>desideria</strong></span> <span class='ocrx_word' id='word_1_178' title='bbox 777 2692 968 2756; x_wconf 87' lang='lat' dir='ltr'><strong>multa,</strong></span> <span class='ocrx_word' id='word_1_179' title='bbox 1018 2701 1072 2743; x_wconf 92' lang='lat' dir='ltr'><strong>et</strong></span> <span class='ocrx_word' id='word_1_180' title='bbox 1127 2688 1363 2758; x_wconf 89' lang='lat' dir='ltr'><strong>inutilia,</strong></span> <span class='ocrx_word' id='word_1_181' title='bbox 1397 2697 1454 2744; x_wconf 90' lang='lat' dir='ltr'><strong>et</strong></span> <span class='ocrx_word' id='word_1_182' title='bbox 1503 2690 1716 2746; x_wconf 84' lang='lat' dir='ltr'><strong>nociva.</strong></span> <span class='ocrx_word' id='word_1_183' title='bbox 1759 2709 1780 2743; x_wconf 72' lang='grc' dir='ltr'><strong>ι</strong></span> 
     </span>
    </p>
   </div>
   <div class='ocr_carea' id='block_1_29' title="bbox 215 2782 1644 2853">
    <p class='ocr_par' dir='ltr' id='par_1_29' title="bbox 215 2782 1644 2853">
     <span class='ocr_line' id='line_1_29' title="bbox 215 2782 1644 2853; baseline 0.001 -14"><span class='ocrx_word' id='word_1_184' title='bbox 215 2782 505 2853; x_wconf 78' lang='lat' dir='ltr'><strong>Nunquam</strong></span> <span class='ocrx_word' id='word_1_185' title='bbox 533 2799 666 2853; x_wconf 73' lang='lat' dir='ltr'><strong>ergo</strong></span> <span class='ocrx_word' id='word_1_186' title='bbox 697 2783 1012 2838; x_wconf 86' lang='lat' dir='ltr'><strong>divitiarum</strong></span> <span class='ocrx_word' id='word_1_187' title='bbox 1051 2783 1320 2836; x_wconf 87' lang='lat' dir='ltr'><strong>desideria</strong></span> <span class='ocrx_word' id='word_1_188' title='bbox 1353 2783 1644 2840; x_wconf 86' lang='lat' dir='ltr'><strong>satiantur.</strong></span> 
     </span>
    </p>
   </div>
   <div class='ocr_carea' id='block_1_30' title="bbox 295 2862 1791 2946">
    <p class='ocr_par' dir='ltr' id='par_1_30' title="bbox 295 2862 1791 2946">
     <span class='ocr_line' id='line_1_30' title="bbox 295 2862 1791 2946; baseline 0.001 -17"><span class='ocrx_word' id='word_1_189' title='bbox 295 2895 316 2929; x_wconf 73' lang='grc' dir='ltr'><strong>ι</strong></span> <span class='ocrx_word' id='word_1_190' title='bbox 353 2874 483 2941; x_wconf 66' lang='lat' dir='ltr'><strong>Quae</strong></span> <span class='ocrx_word' id='word_1_191' title='bbox 517 2862 768 2946; x_wconf 75' lang='lat' dir='ltr'><strong>mergunt</strong></span> <span class='ocrx_word' id='word_1_192' title='bbox 815 2873 1068 2931; x_wconf 75' lang='lat' dir='ltr'><strong>homines</strong></span> <span class='ocrx_word' id='word_1_193' title='bbox 1109 2875 1163 2929; x_wconf 93' lang='lat' dir='ltr'><strong>in</strong></span> <span class='ocrx_word' id='word_1_194' title='bbox 1215 2876 1496 2932; x_wconf 90' lang='lat' dir='ltr'><strong>interitum</strong></span> <span class='ocrx_word' id='word_1_195' title='bbox 1526 2886 1581 2930; x_wconf 89' lang='lat' dir='ltr'><strong>et</strong></span> <span class='ocrx_word' id='word_1_196' title='bbox 1613 2875 1791 2944; x_wconf 74' lang='lat' dir='ltr'><strong>perdi-</strong></span> 
     </span>
    </p>
   </div>
   <div class='ocr_carea' id='block_1_31' title="bbox 213 2965 1788 3028">
    <p class='ocr_par' dir='ltr' id='par_1_31' title="bbox 213 2965 1788 3028">
     <span class='ocr_line' id='line_1_31' title="bbox 213 2965 1788 3028; baseline 0.001 -9"><span class='ocrx_word' id='word_1_197' title='bbox 213 2966 444 3020; x_wconf 88' lang='lat' dir='ltr'><strong>tionem.</strong></span> <span class='ocrx_word' id='word_1_198' title='bbox 492 2984 512 3016; x_wconf 75' lang='grc' dir='ltr'><strong>ι</strong></span> <span class='ocrx_word' id='word_1_199' title='bbox 544 2965 678 3018; x_wconf 89' lang='lat' dir='ltr'><strong>Dum</strong></span> <span class='ocrx_word' id='word_1_200' title='bbox 731 2965 1026 3018; x_wconf 88' lang='lat' dir='ltr'><strong>ambitione</strong></span> <span class='ocrx_word' id='word_1_201' title='bbox 1079 2967 1340 3019; x_wconf 90' lang='lat' dir='ltr'><strong>bonorum</strong></span> <span class='ocrx_word' id='word_1_202' title='bbox 1402 2976 1694 3028; x_wconf 88' lang='lat' dir='ltr'><strong>tumentes,</strong></span> <span class='ocrx_word' id='word_1_203' title='bbox 1722 2967 1788 3020; x_wconf 86' lang='lat' dir='ltr'><strong>ad</strong></span> 
     </span>
    </p>
   </div>
   <div class='ocr_carea' id='block_1_32' title="bbox 214 3056 1786 3126">
    <p class='ocr_par' dir='ltr' id='par_1_32' title="bbox 214 3056 1786 3126">
     <span class='ocr_line' id='line_1_32' title="bbox 214 3056 1786 3126; baseline 0 -14"><span class='ocrx_word' id='word_1_204' title='bbox 214 3057 384 3112; x_wconf 69' lang='lat' dir='ltr'><strong>caelos</strong></span> <span class='ocrx_word' id='word_1_205' title='bbox 409 3056 626 3119; x_wconf 89' lang='lat' dir='ltr'><strong>elevati,</strong></span> <span class='ocrx_word' id='word_1_206' title='bbox 660 3071 828 3124; x_wconf 87' lang='lat' dir='ltr'><strong>usque</strong></span> <span class='ocrx_word' id='word_1_207' title='bbox 857 3057 924 3108; x_wconf 90' lang='lat' dir='ltr'><strong>ad</strong></span> <span class='ocrx_word' id='word_1_208' title='bbox 973 3057 1177 3110; x_wconf 86' lang='lat' dir='ltr'><strong>inferos</strong></span> <span class='ocrx_word' id='word_1_209' title='bbox 1216 3057 1641 3126; x_wconf 77' lang='lat' dir='ltr'><strong>demerguntur:</strong></span> <span class='ocrx_word' id='word_1_210' title='bbox 1671 3059 1786 3112; x_wconf 78' lang='lat' dir='ltr'><strong>sive</strong></span> 
     </span>
    </p>
   </div>
   <div class='ocr_carea' id='block_1_33' title="bbox 216 3145 1784 3217">
    <p class='ocr_par' dir='ltr' id='par_1_33' title="bbox 216 3145 1784 3217">
     <span class='ocr_line' id='line_1_33' title="bbox 216 3145 1784 3217; baseline 0.001 -18"><span class='ocrx_word' id='word_1_211' title='bbox 216 3148 590 3203; x_wconf 84' lang='lat' dir='ltr'><strong>desiderantes</strong></span> <span class='ocrx_word' id='word_1_212' title='bbox 622 3147 825 3202; x_wconf 88' lang='lat' dir='ltr'><strong>alienas</strong></span> <span class='ocrx_word' id='word_1_213' title='bbox 859 3162 1012 3215; x_wconf 89' lang='lat' dir='ltr'><strong>opes,</strong></span> <span class='ocrx_word' id='word_1_214' title='bbox 1046 3158 1104 3200; x_wconf 92' lang='lat' dir='ltr'><strong>ut</strong></span> <span class='ocrx_word' id='word_1_215' title='bbox 1135 3146 1323 3203; x_wconf 79' lang='lat' dir='ltr'><strong>Achab</strong></span> <span class='ocrx_word' id='word_1_216' title='bbox 1357 3145 1476 3217; x_wconf 90' lang='grc'><strong>(111</strong></span> <span class='ocrx_word' id='word_1_217' title='bbox 1507 3147 1634 3216; x_wconf 82' lang='lat' dir='ltr'><strong>Reg.</strong></span> <span class='ocrx_word' id='word_1_218' title='bbox 1669 3164 1784 3214; x_wconf 80' lang='lat' dir='ltr'><strong>xxi,</strong></span> 
     </span>
    </p>
   </div>
   <div class='ocr_carea' id='block_1_34' title="bbox 219 3237 1621 3309">
    <p class='ocr_par' dir='ltr' id='par_1_34' title="bbox 219 3237 1621 3309">
     <span class='ocr_line' id='line_1_34' title="bbox 219 3237 1621 3309; baseline 0 -16"><span class='ocrx_word' id='word_1_219' title='bbox 219 3237 333 3309; x_wconf 76' lang='grc'><strong>13),</strong></span> <span class='ocrx_word' id='word_1_220' title='bbox 370 3254 544 3308; x_wconf 89' lang='lat' dir='ltr'><strong>usque</strong></span> <span class='ocrx_word' id='word_1_221' title='bbox 573 3241 640 3294; x_wconf 91' lang='lat' dir='ltr'><strong>ad</strong></span> <span class='ocrx_word' id='word_1_222' title='bbox 671 3239 946 3294; x_wconf 91' lang='lat' dir='ltr'><strong>homicidii</strong></span> <span class='ocrx_word' id='word_1_223' title='bbox 982 3239 1300 3307; x_wconf 90' lang='lat' dir='ltr'><strong>perveniunt</strong></span> <span class='ocrx_word' id='word_1_224' title='bbox 1333 3239 1621 3293; x_wconf 79' lang='lat' dir='ltr'><strong>factiones.</strong></span> 
     </span>
    </p>
   </div>
   <div class='ocr_carea' id='block_1_35' title="bbox 297 3330 1779 3400">
    <p class='ocr_par' dir='ltr' id='par_1_35' title="bbox 297 3330 1779 3400">
     <span class='ocr_line' id='line_1_35' title="bbox 297 3330 1779 3400; baseline -0.001 -18"><span class='ocrx_word' id='word_1_225' title='bbox 297 3347 318 3382; x_wconf 73' lang='grc' dir='ltr'><strong>ι</strong></span> <span class='ocrx_word' id='word_1_226' title='bbox 363 3330 538 3384; x_wconf 77' lang='lat' dir='ltr'><strong>Radix</strong></span> <span class='ocrx_word' id='word_1_227' title='bbox 569 3332 710 3386; x_wconf 86' lang='lat' dir='ltr'><strong>enim</strong></span> <span class='ocrx_word' id='word_1_228' title='bbox 739 3331 980 3388; x_wconf 91' lang='lat' dir='ltr'><strong>omnium</strong></span> <span class='ocrx_word' id='word_1_229' title='bbox 1011 3331 1273 3383; x_wconf 85' lang='lat' dir='ltr'><strong>malorum</strong></span> <span class='ocrx_word' id='word_1_230' title='bbox 1311 3341 1392 3384; x_wconf 91' lang='lat' dir='ltr'><strong>est</strong></span> <span class='ocrx_word' id='word_1_231' title='bbox 1426 3331 1715 3400; x_wconf 87' lang='lat' dir='ltr'><strong>cupiditas.</strong></span> <span class='ocrx_word' id='word_1_232' title='bbox 1759 3347 1779 3381; x_wconf 69' lang='grc' dir='ltr'><strong>ι</strong></span> 
     </span>
    </p>
   </div>
   <div class='ocr_carea' id='block_1_36' title="bbox 218 3419 1786 3487">
    <p class='ocr_par' dir='ltr' id='par_1_36' title="bbox 218 3419 1786 3487">
     <span class='ocr_line' id='line_1_36' title="bbox 218 3419 1786 3487; baseline 0 -15"><span class='ocrx_word' id='word_1_233' title='bbox 218 3421 360 3487; x_wconf 86' lang='lat' dir='ltr'><strong>Quia</strong></span> <span class='ocrx_word' id='word_1_234' title='bbox 389 3433 440 3476; x_wconf 90' lang='lat' dir='ltr'><strong>et</strong></span> <span class='ocrx_word' id='word_1_235' title='bbox 465 3421 584 3475; x_wconf 87' lang='lat' dir='ltr'><strong>fons</strong></span> <span class='ocrx_word' id='word_1_236' title='bbox 603 3428 708 3485; x_wconf 89' lang='lat' dir='ltr'><strong>est,</strong></span> <span class='ocrx_word' id='word_1_237' title='bbox 732 3432 787 3475; x_wconf 89' lang='lat' dir='ltr'><strong>et</strong></span> <span class='ocrx_word' id='word_1_238' title='bbox 807 3419 1051 3475; x_wconf 91' lang='lat' dir='ltr'><strong>omnium</strong></span> <span class='ocrx_word' id='word_1_239' title='bbox 1079 3420 1370 3473; x_wconf 85' lang='lat' dir='ltr'><strong>criminum</strong></span> <span class='ocrx_word' id='word_1_240' title='bbox 1415 3431 1786 3486; x_wconf 79' lang='lat' dir='ltr'><strong>augmentum.</strong></span> 
     </span>
    </p>
   </div>
   <div class='ocr_carea' id='block_1_37' title="bbox 222 3511 1791 3581">
    <p class='ocr_par' dir='ltr' id='par_1_37' title="bbox 222 3511 1791 3581">
     <span class='ocr_line' id='line_1_37' title="bbox 222 3511 1791 3581; baseline -0.002 -15"><span class='ocrx_word' id='word_1_241' title='bbox 222 3515 395 3566; x_wconf 73' lang='lat' dir='ltr'><strong>Radix</strong></span> <span class='ocrx_word' id='word_1_242' title='bbox 427 3514 641 3567; x_wconf 84' lang='lat' dir='ltr'><strong>excisos</strong></span> <span class='ocrx_word' id='word_1_243' title='bbox 667 3527 883 3581; x_wconf 90' lang='lat' dir='ltr'><strong>semper</strong></span> <span class='ocrx_word' id='word_1_244' title='bbox 905 3511 1131 3565; x_wconf 87' lang='lat' dir='ltr'><strong>densius</strong></span> <span class='ocrx_word' id='word_1_245' title='bbox 1159 3518 1382 3580; x_wconf 79' lang='lat' dir='ltr'><strong>reparat</strong></span> <span class='ocrx_word' id='word_1_246' title='bbox 1395 3523 1574 3562; x_wconf 87' lang='lat' dir='ltr'><strong>ramos</strong></span> <span class='ocrx_word' id='word_1_247' title='bbox 1601 3524 1617 3564; x_wconf 88' lang='lat'><strong>:</strong></span> <span class='ocrx_word' id='word_1_248' title='bbox 1647 3511 1791 3563; x_wconf 88' lang='lat' dir='ltr'><strong>evel-</strong></span> 
     </span>
    </p>
   </div>
   <div class='ocr_carea' id='block_1_38' title="bbox 221 3601 1794 3675">
    <p class='ocr_par' dir='ltr' id='par_1_38' title="bbox 221 3601 1794 3675">
     <span class='ocr_line' id='line_1_38' title="bbox 221 3601 1794 3675; baseline -0.004 -15"><span class='ocrx_word' id='word_1_249' title='bbox 221 3607 383 3660; x_wconf 74' lang='lat' dir='ltr'><strong>lenda</strong></span> <span class='ocrx_word' id='word_1_250' title='bbox 417 3615 658 3675; x_wconf 77' lang='lat' dir='ltr'><strong>estergo</strong></span> <span class='ocrx_word' id='word_1_251' title='bbox 708 3605 885 3669; x_wconf 81' lang='lat' dir='ltr'><strong>radix,</strong></span> <span class='ocrx_word' id='word_1_252' title='bbox 929 3619 995 3658; x_wconf 88' lang='lat' dir='ltr'><strong>ne</strong></span> <span class='ocrx_word' id='word_1_253' title='bbox 1036 3604 1174 3658; x_wconf 83' lang='lat' dir='ltr'><strong>rami</strong></span> <span class='ocrx_word' id='word_1_254' title='bbox 1234 3601 1502 3672; x_wconf 84' lang='lat' dir='ltr'><strong>superflue</strong></span> <span class='ocrx_word' id='word_1_255' title='bbox 1539 3603 1794 3656; x_wconf 84' lang='lat' dir='ltr'><strong>excidan-</strong></span> 
     </span>
    </p>
   </div>
   <div class='ocr_carea' id='block_1_39' title="bbox 224 3711 340 3754">
    <p class='ocr_par' dir='ltr' id='par_1_39' title="bbox 224 3711 340 3754">
     <span class='ocr_line' id='line_1_39' title="bbox 224 3711 340 3754; baseline 0.026 -3"><span class='ocrx_word' id='word_1_256' title='bbox 224 3711 340 3754; x_wconf 87' lang='lat' dir='ltr'><strong>tur.</strong></span> 
     </span>
    </p>
   </div>
   <div class='ocr_carea' id='block_1_40' title="bbox 303 3787 1785 3859">
    <p class='ocr_par' dir='ltr' id='par_1_40' title="bbox 303 3787 1785 3859">
     <span class='ocr_line' id='line_1_40' title="bbox 303 3787 1785 3859; baseline -0.005 -16"><span class='ocrx_word' id='word_1_257' title='bbox 303 3810 323 3843; x_wconf 72' lang='grc' dir='ltr'><strong>ε</strong></span> <span class='ocrx_word' id='word_1_258' title='bbox 361 3795 535 3856; x_wconf 80' lang='lat' dir='ltr'><strong>Quam</strong></span> <span class='ocrx_word' id='word_1_259' title='bbox 565 3791 784 3859; x_wconf 87' lang='lat' dir='ltr'><strong>quidam</strong></span> <span class='ocrx_word' id='word_1_260' title='bbox 837 3795 1150 3858; x_wconf 77' lang='lat' dir='ltr'><strong>appetentes</strong></span> <span class='ocrx_word' id='word_1_261' title='bbox 1185 3797 1506 3842; x_wconf 84' lang='lat' dir='ltr'><strong>erraverunt</strong></span> <span class='ocrx_word' id='word_1_262' title='bbox 1541 3802 1567 3838; x_wconf 86' lang='lat' dir='ltr'><strong>a</strong></span> <span class='ocrx_word' id='word_1_263' title='bbox 1603 3787 1726 3840; x_wconf 89' lang='lat' dir='ltr'><strong>fide.</strong></span> <span class='ocrx_word' id='word_1_264' title='bbox 1767 3804 1785 3836; x_wconf 73' lang='grc' dir='ltr'><strong>ι</strong></span> 
     </span>
    </p>
   </div>
   <div class='ocr_carea' id='block_1_41' title="bbox 222 3877 1792 3950">
    <p class='ocr_par' dir='ltr' id='par_1_41' title="bbox 222 3877 1792 3950">
     <span class='ocr_line' id='line_1_41' title="bbox 222 3877 1792 3950; baseline -0.001 -14"><span class='ocrx_word' id='word_1_265' title='bbox 222 3883 342 3937; x_wconf 86' lang='lat' dir='ltr'><strong>lloc</strong></span> <span class='ocrx_word' id='word_1_266' title='bbox 373 3881 476 3946; x_wconf 85' lang='lat' dir='ltr'><strong>est,</strong></span> <span class='ocrx_word' id='word_1_267' title='bbox 505 3891 844 3936; x_wconf 86' lang='lat' dir='ltr'><strong>recesserunt</strong></span> <span class='ocrx_word' id='word_1_268' title='bbox 881 3896 911 3934; x_wconf 92' lang='lat' dir='ltr'><strong>a</strong></span> <span class='ocrx_word' id='word_1_269' title='bbox 946 3881 1049 3934; x_wconf 89' lang='lat' dir='ltr'><strong>fide</strong></span> <span class='ocrx_word' id='word_1_270' title='bbox 1080 3879 1476 3950; x_wconf 89' lang='lat' dir='ltr'><strong>promissorum</strong></span> <span class='ocrx_word' id='word_1_271' title='bbox 1516 3877 1633 3945; x_wconf 88' lang='lat' dir='ltr'><strong>Dei,</strong></span> <span class='ocrx_word' id='word_1_272' title='bbox 1662 3881 1792 3934; x_wconf 83' lang='lat' dir='ltr'><strong>dum</strong></span> 
     </span>
    </p>
   </div>
   <div class='ocr_carea' id='block_1_42' title="bbox 217 3972 980 4044">
    <p class='ocr_par' dir='ltr' id='par_1_42' title="bbox 217 3972 980 4044">
     <span class='ocr_line' id='line_1_42' title="bbox 217 3972 980 4044; baseline 0.001 -19"><span class='ocrx_word' id='word_1_273' title='bbox 217 3972 588 4044; x_wconf 74' lang='lat' dir='ltr'><strong>praesentibus</strong></span> <span class='ocrx_word' id='word_1_274' title='bbox 620 3974 980 4026; x_wconf 86' lang='lat' dir='ltr'><strong>obiectantur.</strong></span> 
     </span>
    </p>
   </div>
   <div class='ocr_carea' id='block_1_43' title="bbox 301 4060 1795 4126">
    <p class='ocr_par' dir='ltr' id='par_1_43' title="bbox 301 4060 1795 4126">
     <span class='ocr_line' id='line_1_43' title="bbox 301 4060 1795 4126; baseline 0.001 -12"><span class='ocrx_word' id='word_1_275' title='bbox 301 4081 322 4114; x_wconf 76' lang='grc' dir='ltr'><strong>ι</strong></span> <span class='ocrx_word' id='word_1_276' title='bbox 371 4063 432 4116; x_wconf 84' lang='lat' dir='ltr'><strong>Et</strong></span> <span class='ocrx_word' id='word_1_277' title='bbox 484 4064 834 4116; x_wconf 83' lang='lat' dir='ltr'><strong>inseruerunt</strong></span> <span class='ocrx_word' id='word_1_278' title='bbox 863 4076 922 4116; x_wconf 91' lang='lat' dir='ltr'><strong>se</strong></span> <span class='ocrx_word' id='word_1_279' title='bbox 956 4061 1240 4117; x_wconf 89' lang='lat' dir='ltr'><strong>doloribus.</strong></span> <span class='ocrx_word' id='word_1_280' title='bbox 1268 4061 1482 4116; x_wconf 89' lang='lat' dir='ltr'><strong>multis.</strong></span> <span class='ocrx_word' id='word_1_281' title='bbox 1527 4079 1545 4113; x_wconf 71' lang='grc' dir='ltr'><strong>ι</strong></span> <span class='ocrx_word' id='word_1_282' title='bbox 1584 4060 1795 4126; x_wconf 85' lang='lat' dir='ltr'><strong>Quanto</strong></span> 
     </span>
    </p>
   </div>
   <div class='ocr_carea' id='block_1_44' title="bbox 217 4153 1796 4224">
    <p class='ocr_par' dir='ltr' id='par_1_44' title="bbox 217 4153 1796 4224">
     <span class='ocr_line' id='line_1_44' title="bbox 217 4153 1796 4224; baseline 0 -15"><span class='ocrx_word' id='word_1_283' title='bbox 217 4155 462 4224; x_wconf 73' lang='lat' dir='ltr'><strong>amplius</strong></span> <span class='ocrx_word' id='word_1_284' title='bbox 479 4153 785 4220; x_wconf 83' lang='lat' dir='ltr'><strong>habuerint,</strong></span> <span class='ocrx_word' id='word_1_285' title='bbox 811 4162 958 4207; x_wconf 88' lang='lat' dir='ltr'><strong>tanto</strong></span> <span class='ocrx_word' id='word_1_286' title='bbox 977 4155 1157 4223; x_wconf 88' lang='lat' dir='ltr'><strong>plures</strong></span> <span class='ocrx_word' id='word_1_287' title='bbox 1172 4155 1591 4210; x_wconf 90' lang='lat' dir='ltr'><strong>sollicitudinum</strong></span> <span class='ocrx_word' id='word_1_288' title='bbox 1626 4156 1796 4209; x_wconf 84' lang='lat' dir='ltr'><strong>susti-</strong></span> 
     </span>
    </p>
   </div>
   <div class='ocr_carea' id='block_1_45' title="bbox 217 4245 1800 4302">
    <p class='ocr_par' dir='ltr' id='par_1_45' title="bbox 217 4245 1800 4302">
     <span class='ocr_line' id='line_1_45' title="bbox 217 4245 1800 4302; baseline 0.001 -2"><span class='ocrx_word' id='word_1_289' title='bbox 217 4257 358 4301; x_wconf 85' lang='lat' dir='ltr'><strong>ueut</strong></span> <span class='ocrx_word' id='word_1_290' title='bbox 386 4247 657 4300; x_wconf 89' lang='lat' dir='ltr'><strong>cruciatus</strong></span> <span class='ocrx_word' id='word_1_291' title='bbox 683 4262 698 4299; x_wconf 91' lang='lat'><strong>:</strong></span> <span class='ocrx_word' id='word_1_292' title='bbox 730 4245 872 4298; x_wconf 89' lang='lat' dir='ltr'><strong>umle</strong></span> <span class='ocrx_word' id='word_1_293' title='bbox 891 4246 1220 4301; x_wconf 89' lang='lat' dir='ltr'><strong>etDominns</strong></span> <span class='ocrx_word' id='word_1_294' title='bbox 1246 4246 1555 4302; x_wconf 88' lang='lat' dir='ltr'><strong>divitiarum</strong></span> <span class='ocrx_word' id='word_1_295' title='bbox 1597 4263 1800 4302; x_wconf 68' lang='lat' dir='ltr'><strong>aerum-</strong></span> 
     </span>
    </p>
   </div>
   <div class='ocr_carea' id='block_1_46' title="bbox 217 4335 1800 4405">
    <p class='ocr_par' dir='ltr' id='par_1_46' title="bbox 217 4335 1800 4405">
     <span class='ocr_line' id='line_1_46' title="bbox 217 4335 1800 4405; baseline 0.002 -14"><span class='ocrx_word' id='word_1_296' title='bbox 217 4350 329 4391; x_wconf 84' lang='lat' dir='ltr'><strong>nas</strong></span> <span class='ocrx_word' id='word_1_297' title='bbox 372 4336 517 4389; x_wconf 90' lang='lat' dir='ltr'><strong>circa</strong></span> <span class='ocrx_word' id='word_1_298' title='bbox 565 4335 770 4402; x_wconf 87' lang='lat' dir='ltr'><strong>reliqua</strong></span> <span class='ocrx_word' id='word_1_299' title='bbox 821 4335 1269 4405; x_wconf 72' lang='lat' dir='ltr'><strong>concupiscentiae</strong></span> <span class='ocrx_word' id='word_1_300' title='bbox 1344 4339 1505 4393; x_wconf 81' lang='lat' dir='ltr'><strong>verba</strong></span> <span class='ocrx_word' id='word_1_301' title='bbox 1567 4341 1800 4394; x_wconf 87' lang='lat' dir='ltr'><strong>asseruit</strong></span> 
     </span>
    </p>
   </div>
   <div class='ocr_carea' id='block_1_47' title="bbox 215 4425 974 4496">
    <p class='ocr_par' dir='ltr' id='par_1_47' title="bbox 215 4425 974 4496">
     <span class='ocr_line' id='line_1_47' title="bbox 215 4425 974 4496; baseline 0.001 -15"><span class='ocrx_word' id='word_1_302' title='bbox 215 4427 497 4482; x_wconf 68' lang='lat' dir='ltr'><strong>suffocare</strong></span> <span class='ocrx_word' id='word_1_303' title='bbox 535 4425 727 4492; x_wconf 80' lang='lat' dir='ltr'><strong>(Marc.</strong></span> <span class='ocrx_word' id='word_1_304' title='bbox 762 4443 836 4492; x_wconf 88' lang='lat' dir='ltr'><strong>tv,</strong></span> <span class='ocrx_word' id='word_1_305' title='bbox 863 4427 974 4496; x_wconf 80' lang='grc'><strong>19).</strong></span> 
     </span>
    </p>
   </div>
   <div class='ocr_carea' id='block_1_48' title="bbox 307 4515 1798 4585">
    <p class='ocr_par' dir='ltr' id='par_1_48' title="bbox 307 4515 1798 4585">
     <span class='ocr_line' id='line_1_48' title="bbox 307 4515 1798 4585; baseline 0.006 -17"><span class='ocrx_word' id='word_1_306' title='bbox 307 4534 328 4568; x_wconf 76' lang='grc' dir='ltr'><strong><em>ο</em></strong></span> <span class='ocrx_word' id='word_1_307' title='bbox 363 4515 444 4570; x_wconf 91' lang='lat' dir='ltr'><strong>Tu</strong></span> <span class='ocrx_word' id='word_1_308' title='bbox 480 4528 736 4584; x_wconf 84' lang='lat' dir='ltr'><strong>autem,o</strong></span> <span class='ocrx_word' id='word_1_309' title='bbox 758 4518 921 4573; x_wconf 88' lang='lat' dir='ltr'><strong>homo</strong></span> <span class='ocrx_word' id='word_1_310' title='bbox 943 4518 1052 4572; x_wconf 87' lang='lat' dir='ltr'><strong>Dei.</strong></span> <span class='ocrx_word' id='word_1_311' title='bbox 1081 4536 1100 4570; x_wconf 74' lang='grc' dir='ltr'><strong>ι</strong></span> <span class='ocrx_word' id='word_1_312' title='bbox 1137 4516 1253 4572; x_wconf 90' lang='lat' dir='ltr'><strong>Non</strong></span> <span class='ocrx_word' id='word_1_313' title='bbox 1279 4518 1594 4575; x_wconf 82' lang='lat' dir='ltr'><strong>divitiarum</strong></span> <span class='ocrx_word' id='word_1_314' title='bbox 1615 4523 1798 4585; x_wconf 89' lang='lat' dir='ltr'><strong>homo,</strong></span> 
     </span>
    </p>
   </div>
   <div class='ocr_carea' id='block_1_49' title="bbox 213 4608 1803 4680">
    <p class='ocr_par' dir='ltr' id='par_1_49' title="bbox 213 4608 1803 4680">
     <span class='ocr_line' id='line_1_49' title="bbox 213 4608 1803 4680; baseline 0.002 -16"><span class='ocrx_word' id='word_1_315' title='bbox 213 4609 325 4664; x_wconf 78' lang='lat' dir='ltr'><strong>sed</strong></span> <span class='ocrx_word' id='word_1_316' title='bbox 357 4608 450 4661; x_wconf 90' lang='lat' dir='ltr'><strong>Dei</strong></span> <span class='ocrx_word' id='word_1_317' title='bbox 481 4624 497 4670; x_wconf 86' lang='lat'><strong>;</strong></span> <span class='ocrx_word' id='word_1_318' title='bbox 533 4623 631 4662; x_wconf 90' lang='lat' dir='ltr'><strong>nec</strong></span> <span class='ocrx_word' id='word_1_319' title='bbox 656 4623 977 4663; x_wconf 64' lang='lat' dir='ltr'><strong>mammonae</strong></span> <span class='ocrx_word' id='word_1_320' title='bbox 1003 4623 1213 4674; x_wconf 87' lang='lat' dir='ltr'><strong>servus,</strong></span> <span class='ocrx_word' id='word_1_321' title='bbox 1239 4611 1337 4664; x_wconf 87' lang='lat' dir='ltr'><strong>sed</strong></span> <span class='ocrx_word' id='word_1_322' title='bbox 1376 4611 1598 4677; x_wconf 80' lang='lat' dir='ltr'><strong>Cbrisd,</strong></span> <span class='ocrx_word' id='word_1_323' title='bbox 1650 4629 1803 4680; x_wconf 67' lang='lat' dir='ltr'><strong>cujus</strong></span> 
     </span>
    </p>
   </div>
   <div class='ocr_carea' id='block_1_50' title="bbox 211 4701 1036 4768">
    <p class='ocr_par' dir='ltr' id='par_1_50' title="bbox 211 4701 1036 4768">
     <span class='ocr_line' id='line_1_50' title="bbox 211 4701 1036 4768; baseline -0.001 -13"><span class='ocrx_word' id='word_1_324' title='bbox 211 4711 358 4756; x_wconf 79' lang='lat' dir='ltr'><strong>sunt</strong></span> <span class='ocrx_word' id='word_1_325' title='bbox 394 4701 577 4752; x_wconf 88' lang='lat' dir='ltr'><strong>omnia</strong></span> <span class='ocrx_word' id='word_1_326' title='bbox 610 4714 731 4768; x_wconf 76' lang='lat' dir='ltr'><strong>qua:</strong></span> <span class='ocrx_word' id='word_1_327' title='bbox 761 4701 1036 4755; x_wconf 90' lang='lat' dir='ltr'><strong>videntur.</strong></span> 
     </span>
    </p>
   </div>
   <div class='ocr_carea' id='block_1_51' title="bbox 307 4789 1803 4862">
    <p class='ocr_par' dir='ltr' id='par_1_51' title="bbox 307 4789 1803 4862">
     <span class='ocr_line' id='line_1_51' title="bbox 307 4789 1803 4862; baseline 0.005 -19"><span class='ocrx_word' id='word_1_328' title='bbox 307 4809 327 4842; x_wconf 76' lang='grc' dir='ltr'><strong>ι</strong></span> <span class='ocrx_word' id='word_1_329' title='bbox 382 4791 506 4844; x_wconf 74' lang='lat' dir='ltr'><strong>Haec</strong></span> <span class='ocrx_word' id='word_1_330' title='bbox 541 4789 694 4859; x_wconf 75' lang='lat' dir='ltr'><strong>fuge.</strong></span> <span class='ocrx_word' id='word_1_331' title='bbox 732 4807 756 4843; x_wconf 74' lang='grc' dir='ltr'><strong>ι</strong></span> <span class='ocrx_word' id='word_1_332' title='bbox 785 4789 955 4857; x_wconf 83' lang='lat' dir='ltr'><strong>Quasi</strong></span> <span class='ocrx_word' id='word_1_333' title='bbox 990 4805 1185 4848; x_wconf 79' lang='lat' dir='ltr'><strong>causas</strong></span> <span class='ocrx_word' id='word_1_334' title='bbox 1235 4793 1492 4862; x_wconf 73' lang='lat' dir='ltr'><strong>perfidiae,</strong></span> <span class='ocrx_word' id='word_1_335' title='bbox 1537 4794 1618 4849; x_wconf 85' lang='lat' dir='ltr'><strong>vel</strong></span> <span class='ocrx_word' id='word_1_336' title='bbox 1650 4796 1803 4851; x_wconf 84' lang='lat' dir='ltr'><strong>dolo-</strong></span> 
     </span>
    </p>
   </div>
   <div class='ocr_carea' id='block_1_52' title="bbox 214 4899 382 4938">
    <p class='ocr_par' dir='ltr' id='par_1_52' title="bbox 214 4899 382 4938">
     <span class='ocr_line' id='line_1_52' title="bbox 214 4899 382 4938; baseline -0.018 0"><span class='ocrx_word' id='word_1_337' title='bbox 214 4899 382 4938; x_wconf 73' lang='lat' dir='ltr'><strong>tum.</strong></span> 
     </span>
    </p>
   </div>
   <div class='ocr_carea' id='block_1_53' title="bbox 309 4975 1802 5050">
    <p class='ocr_par' dir='ltr' id='par_1_53' title="bbox 309 4975 1802 5050">
     <span class='ocr_line' id='line_1_53' title="bbox 309 4975 1802 5050; baseline 0.003 -21"><span class='ocrx_word' id='word_1_338' title='bbox 309 4994 332 5029; x_wconf 83' lang='lat' dir='ltr'><strong>s</strong></span> <span class='ocrx_word' id='word_1_339' title='bbox 376 4975 601 5032; x_wconf 84' lang='lat' dir='ltr'><strong>Sectare</strong></span> <span class='ocrx_word' id='word_1_340' title='bbox 632 4992 762 5033; x_wconf 88' lang='lat' dir='ltr'><strong>vero</strong></span> <span class='ocrx_word' id='word_1_341' title='bbox 805 4977 1099 5048; x_wconf 88' lang='lat' dir='ltr'><strong>justitiam,</strong></span> <span class='ocrx_word' id='word_1_342' title='bbox 1135 4979 1414 5050; x_wconf 87' lang='lat' dir='ltr'><strong>pietatem,</strong></span> <span class='ocrx_word' id='word_1_343' title='bbox 1446 4978 1626 5034; x_wconf 87' lang='lat' dir='ltr'><strong>fidem.</strong></span> <span class='ocrx_word' id='word_1_344' title='bbox 1669 4996 1688 5030; x_wconf 77' lang='grc' dir='ltr'><strong>ι</strong></span> <span class='ocrx_word' id='word_1_345' title='bbox 1743 4979 1802 5034; x_wconf 93' lang='lat' dir='ltr'><strong>ln</strong></span> 
     </span>
    </p>
   </div>
   <div class='ocr_carea' id='block_1_54' title="bbox 210 5071 1358 5140">
    <p class='ocr_par' dir='ltr' id='par_1_54' title="bbox 210 5071 1358 5140">
     <span class='ocr_line' id='line_1_54' title="bbox 210 5071 1358 5140; baseline 0.001 -15"><span class='ocrx_word' id='word_1_346' title='bbox 210 5072 320 5126; x_wconf 75' lang='lat' dir='ltr'><strong>his</strong></span> <span class='ocrx_word' id='word_1_347' title='bbox 362 5079 415 5123; x_wconf 91' lang='lat' dir='ltr'><strong>te</strong></span> <span class='ocrx_word' id='word_1_348' title='bbox 443 5071 600 5140; x_wconf 82' lang='lat' dir='ltr'><strong>cupio</strong></span> <span class='ocrx_word' id='word_1_349' title='bbox 627 5071 832 5125; x_wconf 85' lang='lat' dir='ltr'><strong>divitiis</strong></span> <span class='ocrx_word' id='word_1_350' title='bbox 859 5085 982 5125; x_wconf 87' lang='lat' dir='ltr'><strong>esse</strong></span> <span class='ocrx_word' id='word_1_351' title='bbox 1011 5071 1358 5140; x_wconf 86' lang='lat' dir='ltr'><strong>locupletem.</strong></span> 
     </span>
    </p>
   </div>
   <div class='ocr_carea' id='block_1_55' title="bbox 313 5160 1318 5231">
    <p class='ocr_par' dir='ltr' id='par_1_55' title="bbox 313 5160 1318 5231">
     <span class='ocr_line' id='line_1_55' title="bbox 313 5160 1318 5231; baseline 0.002 -19"><span class='ocrx_word' id='word_1_352' title='bbox 313 5180 336 5212; x_wconf 73' lang='grc' dir='ltr'><strong>ι</strong></span> <span class='ocrx_word' id='word_1_353' title='bbox 382 5160 740 5216; x_wconf 85' lang='lat' dir='ltr'><strong>Charitatem.</strong></span> <span class='ocrx_word' id='word_1_354' title='bbox 789 5179 808 5212; x_wconf 75' lang='grc' dir='ltr'><strong>ι</strong></span> <span class='ocrx_word' id='word_1_355' title='bbox 843 5163 937 5217; x_wconf 89' lang='lat' dir='ltr'><strong>Dei</strong></span> <span class='ocrx_word' id='word_1_356' title='bbox 971 5171 1028 5218; x_wconf 91' lang='lat' dir='ltr'><strong>et</strong></span> <span class='ocrx_word' id='word_1_357' title='bbox 1061 5164 1318 5231; x_wconf 79' lang='lat' dir='ltr'><strong>proximi.</strong></span> 
     </span>
    </p>
   </div>
   <div class='ocr_carea' id='block_1_56' title="bbox 311 5250 1807 5312">
    <p class='ocr_par' dir='ltr' id='par_1_56' title="bbox 311 5250 1807 5312">
     <span class='ocr_line' id='line_1_56' title="bbox 311 5250 1807 5312; baseline 0.006 -9"><span class='ocrx_word' id='word_1_358' title='bbox 311 5269 331 5303; x_wconf 76' lang='grc' dir='ltr'><strong>ι</strong></span> <span class='ocrx_word' id='word_1_359' title='bbox 374 5250 715 5312; x_wconf 85' lang='lat' dir='ltr'><strong>Patientiam.</strong></span> <span class='ocrx_word' id='word_1_360' title='bbox 750 5253 1271 5310; x_wconf 78' lang='lat' dir='ltr'><strong>mansuemdiuem.t</strong></span> <span class='ocrx_word' id='word_1_361' title='bbox 1305 5253 1629 5312; x_wconf 86' lang='lat' dir='ltr'><strong>Patientiam</strong></span> <span class='ocrx_word' id='word_1_362' title='bbox 1682 5269 1807 5312; x_wconf 87' lang='lat' dir='ltr'><strong>sus-</strong></span> 
     </span>
    </p>
   </div>
   <div class='ocr_carea' id='block_1_57' title="bbox 211 5342 1395 5410">
    <p class='ocr_par' dir='ltr' id='par_1_57' title="bbox 211 5342 1395 5410">
     <span class='ocr_line' id='line_1_57' title="bbox 211 5342 1395 5410; baseline 0.004 -10"><span class='ocrx_word' id='word_1_363' title='bbox 211 5342 466 5410; x_wconf 82' lang='lat' dir='ltr'><strong>tinendi,</strong></span> <span class='ocrx_word' id='word_1_364' title='bbox 497 5345 964 5400; x_wconf 88' lang='lat' dir='ltr'><strong>mansuetudinem</strong></span> <span class='ocrx_word' id='word_1_365' title='bbox 994 5361 1097 5400; x_wconf 88' lang='lat' dir='ltr'><strong>non</strong></span> <span class='ocrx_word' id='word_1_366' title='bbox 1132 5349 1395 5405; x_wconf 89' lang='lat' dir='ltr'><strong>nocendi.</strong></span> 
     </span>
    </p>
   </div>
   <div class='ocr_carea' id='block_1_58' title="bbox 314 5435 1807 5515">
    <p class='ocr_par' dir='ltr' id='par_1_58' title="bbox 314 5435 1807 5515">
     <span class='ocr_line' id='line_1_58' title="bbox 314 5435 1807 5515; baseline 0.008 -29"><span class='ocrx_word' id='word_1_367' title='bbox 314 5455 334 5486; x_wconf 74' lang='grc' dir='ltr'><strong>ι</strong></span> <span class='ocrx_word' id='word_1_368' title='bbox 377 5435 538 5490; x_wconf 86' lang='lat' dir='ltr'><strong>Certa</strong></span> <span class='ocrx_word' id='word_1_369' title='bbox 585 5438 787 5491; x_wconf 89' lang='lat' dir='ltr'><strong>bonum</strong></span> <span class='ocrx_word' id='word_1_370' title='bbox 830 5446 1105 5493; x_wconf 85' lang='lat' dir='ltr'><strong>certamen</strong></span> <span class='ocrx_word' id='word_1_371' title='bbox 1137 5439 1283 5494; x_wconf 86' lang='lat' dir='ltr'><strong>fidei.</strong></span> <span class='ocrx_word' id='word_1_372' title='bbox 1319 5460 1338 5493; x_wconf 70' lang='grc' dir='ltr'><strong>ι</strong></span> <span class='ocrx_word' id='word_1_373' title='bbox 1373 5442 1580 5498; x_wconf 89' lang='lat' dir='ltr'><strong>Bonum</strong></span> <span class='ocrx_word' id='word_1_374' title='bbox 1628 5454 1807 5515; x_wconf 86' lang='lat' dir='ltr'><strong>certa-</strong></span> 
     </span>
    </p>
   </div>
   <div class='ocr_carea' id='block_1_59' title="bbox 211 5529 1806 5599">
    <p class='ocr_par' dir='ltr' id='par_1_59' title="bbox 211 5529 1806 5599">
     <span class='ocr_line' id='line_1_59' title="bbox 211 5529 1806 5599; baseline 0.002 -16"><span class='ocrx_word' id='word_1_375' title='bbox 211 5542 365 5583; x_wconf 85' lang='lat' dir='ltr'><strong>men</strong></span> <span class='ocrx_word' id='word_1_376' title='bbox 405 5535 509 5589; x_wconf 89' lang='lat' dir='ltr'><strong>est,</strong></span> <span class='ocrx_word' id='word_1_377' title='bbox 541 5541 648 5582; x_wconf 86' lang='lat' dir='ltr'><strong>non</strong></span> <span class='ocrx_word' id='word_1_378' title='bbox 676 5542 774 5595; x_wconf 89' lang='lat' dir='ltr'><strong>pro</strong></span> <span class='ocrx_word' id='word_1_379' title='bbox 816 5529 978 5583; x_wconf 89' lang='lat' dir='ltr'><strong>rebus</strong></span> <span class='ocrx_word' id='word_1_380' title='bbox 1005 5530 1211 5595; x_wconf 68' lang='lat' dir='ltr'><strong>saeculi,</strong></span> <span class='ocrx_word' id='word_1_381' title='bbox 1243 5532 1333 5584; x_wconf 89' lang='lat' dir='ltr'><strong>sed</strong></span> <span class='ocrx_word' id='word_1_382' title='bbox 1367 5545 1539 5599; x_wconf 89' lang='lat' dir='ltr'><strong>usque</strong></span> <span class='ocrx_word' id='word_1_383' title='bbox 1567 5533 1632 5586; x_wconf 91' lang='lat' dir='ltr'><strong>ad</strong></span> <span class='ocrx_word' id='word_1_384' title='bbox 1657 5548 1806 5586; x_wconf 92' lang='lat' dir='ltr'><strong>mor-</strong></span> 
     </span>
    </p>
   </div>
   <div class='ocr_carea' id='block_1_60' title="bbox 209 5617 1803 5692">
    <p class='ocr_par' dir='ltr' id='par_1_60' title="bbox 209 5617 1803 5692">
     <span class='ocr_line' id='line_1_60' title="bbox 209 5617 1803 5692; baseline 0.004 -22"><span class='ocrx_word' id='word_1_385' title='bbox 209 5632 348 5678; x_wconf 66' lang='lat' dir='ltr'><strong>tem</strong></span> <span class='ocrx_word' id='word_1_386' title='bbox 384 5632 480 5686; x_wconf 92' lang='lat' dir='ltr'><strong>pro</strong></span> <span class='ocrx_word' id='word_1_387' title='bbox 508 5617 631 5674; x_wconf 88' lang='lat' dir='ltr'><strong>fidei</strong></span> <span class='ocrx_word' id='word_1_388' title='bbox 669 5619 894 5675; x_wconf 85' lang='lat' dir='ltr'><strong>veritate</strong></span> <span class='ocrx_word' id='word_1_389' title='bbox 925 5631 1155 5686; x_wconf 88' lang='lat' dir='ltr'><strong>certare,</strong></span> <span class='ocrx_word' id='word_1_390' title='bbox 1208 5623 1349 5678; x_wconf 90' lang='lat' dir='ltr'><strong>sicut</strong></span> <span class='ocrx_word' id='word_1_391' title='bbox 1381 5626 1761 5692; x_wconf 84' lang='lat' dir='ltr'><strong>scriptum-est</strong></span> <span class='ocrx_word' id='word_1_392' title='bbox 1791 5642 1803 5676; x_wconf 87' lang='lat'>:</span> 
     </span>
    </p>
   </div>
   <div class='ocr_carea' id='block_1_61' title="bbox 203 5709 1803 5787">
    <p class='ocr_par' dir='ltr' id='par_1_61' title="bbox 203 5709 1803 5787">
     <span class='ocr_line' id='line_1_61' title="bbox 203 5709 1803 5787; baseline 0.005 -23"><span class='ocrx_word' id='word_1_393' title='bbox 203 5709 304 5771; x_wconf 74' lang='lat' dir='ltr'><strong>In</strong></span> <span class='ocrx_word' id='word_1_394' title='bbox 343 5710 556 5778; x_wconf 74' lang='lat' dir='ltr'><strong>justitia</strong></span> <span class='ocrx_word' id='word_1_395' title='bbox 592 5713 876 5783; x_wconf 75' lang='lat' dir='ltr'><strong>agonizare</strong></span> <span class='ocrx_word' id='word_1_396' title='bbox 901 5728 998 5782; x_wconf 83' lang='lat' dir='ltr'><strong>pro</strong></span> <span class='ocrx_word' id='word_1_397' title='bbox 1028 5714 1212 5769; x_wconf 85' lang='lat' dir='ltr'><strong>anima</strong></span> <span class='ocrx_word' id='word_1_398' title='bbox 1244 5725 1358 5782; x_wconf 83' lang='lat' dir='ltr'><strong>tua,</strong></span> <span class='ocrx_word' id='word_1_399' title='bbox 1429 5727 1479 5770; x_wconf 84' lang='lat' dir='ltr'><strong>et</strong></span> <span class='ocrx_word' id='word_1_400' title='bbox 1539 5734 1704 5787; x_wconf 63' lang='lat' dir='ltr'><strong>usque</strong></span> <span class='ocrx_word' id='word_1_401' title='bbox 1735 5720 1803 5772; x_wconf 77' lang='lat' dir='ltr'><strong>ad</strong></span> 
     </span>
    </p>
   </div>
   <div class='ocr_carea' id='block_1_62' title="bbox 1832 4464 1880 4522">
    <p class='ocr_par' dir='ltr' id='par_1_62' title="bbox 1832 4464 1880 4522">
     <span class='ocr_line' id='line_1_62' title="bbox 1832 4464 1880 4522; baseline 0 0"><span class='ocrx_word' id='word_1_402' title='bbox 1832 4464 1880 4522; x_wconf 84' lang='grc' dir='ltr'><strong>ο</strong></span> 
     </span>
    </p>
   </div>
   <div class='ocr_carea' id='block_1_63' title="bbox 1865 483 3428 552">
    <p class='ocr_par' dir='ltr' id='par_1_63' title="bbox 1865 483 3428 552">
     <span class='ocr_line' id='line_1_63' title="bbox 1865 483 3428 552; baseline -0.009 0"><span class='ocrx_word' id='word_1_403' title='bbox 1865 498 1939 552; x_wconf 91' lang='lat' dir='ltr'><strong>illi</strong></span> <span class='ocrx_word' id='word_1_404' title='bbox 1969 497 2190 550; x_wconf 88' lang='lat' dir='ltr'><strong>student</strong></span> <span class='ocrx_word' id='word_1_405' title='bbox 2215 496 2269 548; x_wconf 90' lang='lat' dir='ltr'><strong>in</strong></span> <span class='ocrx_word' id='word_1_406' title='bbox 2290 493 2491 546; x_wconf 89' lang='lat' dir='ltr'><strong>divitiis</strong></span> <span class='ocrx_word' id='word_1_407' title='bbox 2519 491 2700 545; x_wconf 81' lang='lat' dir='ltr'><strong>omnia</strong></span> <span class='ocrx_word' id='word_1_408' title='bbox 2727 491 2964 550; x_wconf 87' lang='lat' dir='ltr'><strong>vincere,</strong></span> <span class='ocrx_word' id='word_1_409' title='bbox 2995 485 3068 539; x_wconf 86' lang='lat' dir='ltr'><strong>ita</strong></span> <span class='ocrx_word' id='word_1_410' title='bbox 3087 493 3141 539; x_wconf 88' lang='lat' dir='ltr'><strong>et</strong></span> <span class='ocrx_word' id='word_1_411' title='bbox 3157 493 3212 538; x_wconf 91' lang='lat' dir='ltr'><strong>tu</strong></span> <span class='ocrx_word' id='word_1_412' title='bbox 3231 483 3282 535; x_wconf 92' lang='lat' dir='ltr'><strong>in</strong></span> <span class='ocrx_word' id='word_1_413' title='bbox 3303 485 3428 538; x_wconf 68' lang='lat' dir='ltr'><strong>fide.</strong></span> 
     </span>
    </p>
   </div>
   <div class='ocr_carea' id='block_1_64' title="bbox 1942 574 3323 652">
    <p class='ocr_par' dir='ltr' id='par_1_64' title="bbox 1942 574 3323 652">
     <span class='ocr_line' id='line_1_64' title="bbox 1942 574 3323 652; baseline -0.009 -14"><span class='ocrx_word' id='word_1_414' title='bbox 1942 604 1962 638; x_wconf 76' lang='lat' dir='ltr'><strong>t</strong></span> <span class='ocrx_word' id='word_1_415' title='bbox 2003 583 2384 652; x_wconf 82' lang='lat' dir='ltr'><strong>Apprehende.</strong></span> <span class='ocrx_word' id='word_1_416' title='bbox 2421 601 2442 634; x_wconf 71' lang='grc' dir='ltr'><strong>ι</strong></span> <span class='ocrx_word' id='word_1_417' title='bbox 2479 581 2762 644; x_wconf 84' lang='lat' dir='ltr'><strong>Quomodo</strong></span> <span class='ocrx_word' id='word_1_418' title='bbox 2786 593 2884 646; x_wconf 82' lang='lat' dir='ltr'><strong>ego</strong></span> <span class='ocrx_word' id='word_1_419' title='bbox 2913 574 3323 642; x_wconf 84' lang='lat' dir='ltr'><strong>comprehendi.</strong></span> 
     </span>
    </p>
   </div>
   <div class='ocr_carea' id='block_1_65' title="bbox 1942 661 3435 734">
    <p class='ocr_par' dir='ltr' id='par_1_65' title="bbox 1942 661 3435 734">
     <span class='ocr_line' id='line_1_65' title="bbox 1942 661 3435 734; baseline -0.008 -7"><span class='ocrx_word' id='word_1_420' title='bbox 1942 693 1962 726; x_wconf 71' lang='grc' dir='ltr'><strong>ε</strong></span> <span class='ocrx_word' id='word_1_421' title='bbox 2004 673 2182 727; x_wconf 83' lang='lat' dir='ltr'><strong>Vitam</strong></span> <span class='ocrx_word' id='word_1_422' title='bbox 2240 683 2519 733; x_wconf 68' lang='lat' dir='ltr'><strong>aeternam,</strong></span> <span class='ocrx_word' id='word_1_423' title='bbox 2582 669 2635 720; x_wconf 91' lang='lat' dir='ltr'><strong>in</strong></span> <span class='ocrx_word' id='word_1_424' title='bbox 2687 683 2847 734; x_wconf 88' lang='lat' dir='ltr'><strong>quam</strong></span> <span class='ocrx_word' id='word_1_425' title='bbox 2887 676 3110 719; x_wconf 80' lang='lat' dir='ltr'><strong>vocatus</strong></span> <span class='ocrx_word' id='word_1_426' title='bbox 3157 677 3237 716; x_wconf 84' lang='lat' dir='ltr'><strong>es.</strong></span> <span class='ocrx_word' id='word_1_427' title='bbox 3289 680 3306 711; x_wconf 71' lang='grc' dir='ltr'><strong>ι</strong></span> <span class='ocrx_word' id='word_1_428' title='bbox 3369 661 3435 715; x_wconf 59' lang='lat' dir='ltr'><strong>IT!</strong></span> 
     </span>
    </p>
   </div>
   <div class='ocr_carea' id='block_1_66' title="bbox 1867 759 2840 835">
    <p class='ocr_par' dir='ltr' id='par_1_66' title="bbox 1867 759 2840 835">
     <span class='ocr_line' id='line_1_66' title="bbox 1867 759 2840 835; baseline -0.008 -17"><span class='ocrx_word' id='word_1_429' title='bbox 1867 766 1944 820; x_wconf 91' lang='lat' dir='ltr'><strong>illi</strong></span> <span class='ocrx_word' id='word_1_430' title='bbox 1982 780 2172 835; x_wconf 76' lang='lat' dir='ltr'><strong>gerere</strong></span> <span class='ocrx_word' id='word_1_431' title='bbox 2204 763 2443 831; x_wconf 87' lang='lat' dir='ltr'><strong>cupiunt-</strong></span> <span class='ocrx_word' id='word_1_432' title='bbox 2467 759 2840 829; x_wconf 82' lang='lat' dir='ltr'><strong>temporalem.</strong></span> 
     </span>
    </p>
   </div>
   <div class='ocr_carea' id='block_1_67' title="bbox 1942 845 3436 908">
    <p class='ocr_par' dir='ltr' id='par_1_67' title="bbox 1942 845 3436 908">
     <span class='ocr_line' id='line_1_67' title="bbox 1942 845 3436 908; baseline -0.006 -2"><span class='ocrx_word' id='word_1_433' title='bbox 1942 872 1961 906; x_wconf 73' lang='grc' dir='ltr'><strong>ε</strong></span> <span class='ocrx_word' id='word_1_434' title='bbox 2007 856 2069 908; x_wconf 83' lang='grc' dir='ltr'>Ει</span> <span class='ocrx_word' id='word_1_435' title='bbox 2094 854 2372 908; x_wconf 87' lang='lat' dir='ltr'><strong>confessus</strong></span> <span class='ocrx_word' id='word_1_436' title='bbox 2399 868 2458 908; x_wconf 90' lang='lat' dir='ltr'><strong>es</strong></span> <span class='ocrx_word' id='word_1_437' title='bbox 2484 853 2680 905; x_wconf 89' lang='lat' dir='ltr'><strong>bonam</strong></span> <span class='ocrx_word' id='word_1_438' title='bbox 2711 848 3136 903; x_wconf 81' lang='lat' dir='ltr'><strong>confessionem.</strong></span> <span class='ocrx_word' id='word_1_439' title='bbox 3174 864 3192 897; x_wconf 75' lang='grc' dir='ltr'><strong>ι</strong></span> <span class='ocrx_word' id='word_1_440' title='bbox 3258 845 3315 898; x_wconf 93' lang='lat' dir='ltr'><strong>lu</strong></span> <span class='ocrx_word' id='word_1_441' title='bbox 3342 845 3436 898; x_wconf 86' lang='lat' dir='ltr'><strong>ba-</strong></span> 
     </span>
    </p>
   </div>
   <div class='ocr_carea' id='block_1_68' title="bbox 1866 938 3256 1015">
    <p class='ocr_par' dir='ltr' id='par_1_68' title="bbox 1866 938 3256 1015">
     <span class='ocr_line' id='line_1_68' title="bbox 1866 938 3256 1015; baseline -0.006 -17"><span class='ocrx_word' id='word_1_442' title='bbox 1866 946 2067 1015; x_wconf 83' lang='lat' dir='ltr'><strong>ptismo</strong></span> <span class='ocrx_word' id='word_1_443' title='bbox 2098 945 2525 999; x_wconf 85' lang='lat' dir='ltr'><strong>abrenuntiando</strong></span> <span class='ocrx_word' id='word_1_444' title='bbox 2557 942 2754 996; x_wconf 64' lang='lat' dir='ltr'><strong>saeculo</strong></span> <span class='ocrx_word' id='word_1_445' title='bbox 2788 949 2841 994; x_wconf 91' lang='lat' dir='ltr'><strong>et</strong></span> <span class='ocrx_word' id='word_1_446' title='bbox 2872 939 3078 1007; x_wconf 88' lang='lat' dir='ltr'><strong>pompis</strong></span> <span class='ocrx_word' id='word_1_447' title='bbox 3119 938 3256 1004; x_wconf 87' lang='lat' dir='ltr'><strong>ejus.</strong></span> 
     </span>
    </p>
   </div>
   <div class='ocr_carea' id='block_1_69' title="bbox 1949 1029 3437 1094">
    <p class='ocr_par' dir='ltr' id='par_1_69' title="bbox 1949 1029 3437 1094">
     <span class='ocr_line' id='line_1_69' title="bbox 1949 1029 3437 1094; baseline -0.004 -6"><span class='ocrx_word' id='word_1_448' title='bbox 1949 1055 1966 1088; x_wconf 79' lang='grc' dir='ltr'><strong>ι</strong></span> <span class='ocrx_word' id='word_1_449' title='bbox 2019 1039 2215 1092; x_wconf 88' lang='lat' dir='ltr'><strong>Coram</strong></span> <span class='ocrx_word' id='word_1_450' title='bbox 2274 1036 2458 1090; x_wconf 88' lang='lat' dir='ltr'><strong>multis</strong></span> <span class='ocrx_word' id='word_1_451' title='bbox 2519 1034 2764 1087; x_wconf 87' lang='lat' dir='ltr'><strong>testibus.</strong></span> <span class='ocrx_word' id='word_1_452' title='bbox 2807 1051 2826 1082; x_wconf 75' lang='grc' dir='ltr'><strong>ι</strong></span> <span class='ocrx_word' id='word_1_453' title='bbox 2888 1029 3301 1094; x_wconf 76' lang='lat' dir='ltr'><strong>Sacerdotibus,</strong></span> <span class='ocrx_word' id='word_1_454' title='bbox 3351 1029 3437 1082; x_wconf 85' lang='lat' dir='ltr'><strong>vel</strong></span> 
     </span>
    </p>
   </div>
   <div class='ocr_carea' id='block_1_70' title="bbox 1870 1123 2939 1193">
    <p class='ocr_par' dir='ltr' id='par_1_70' title="bbox 1870 1123 2939 1193">
     <span class='ocr_line' id='line_1_70' title="bbox 1870 1123 2939 1193; baseline -0.012 -7"><span class='ocrx_word' id='word_1_455' title='bbox 1870 1129 2155 1193; x_wconf 87' lang='lat' dir='ltr'><strong>ministris,</strong></span> <span class='ocrx_word' id='word_1_456' title='bbox 2182 1127 2575 1193; x_wconf 87' lang='lat' dir='ltr'><strong>virtutibusque</strong></span> <span class='ocrx_word' id='word_1_457' title='bbox 2605 1123 2939 1180; x_wconf 76' lang='lat' dir='ltr'><strong>coeiestibus.</strong></span> 
     </span>
    </p>
   </div>
   <div class='ocr_carea' id='block_1_71' title="bbox 1949 1213 3444 1289">
    <p class='ocr_par' dir='ltr' id='par_1_71' title="bbox 1949 1213 3444 1289">
     <span class='ocr_line' id='line_1_71' title="bbox 1949 1213 3444 1289; baseline -0.006 -15"><span class='ocrx_word' id='word_1_458' title='bbox 1949 1241 1967 1274; x_wconf 77' lang='grc' dir='ltr'><strong>ι</strong></span> <span class='ocrx_word' id='word_1_459' title='bbox 2007 1222 2268 1289; x_wconf 63' lang='grc' dir='ltr'><strong>Ρτωεὶρίο</strong></span> <span class='ocrx_word' id='word_1_460' title='bbox 2300 1220 2394 1273; x_wconf 88' lang='lat' dir='ltr'><strong>tibi</strong></span> <span class='ocrx_word' id='word_1_461' title='bbox 2432 1231 2615 1272; x_wconf 89' lang='lat' dir='ltr'><strong>coram</strong></span> <span class='ocrx_word' id='word_1_462' title='bbox 2659 1215 2787 1270; x_wconf 88' lang='lat' dir='ltr'><strong>Deo.</strong></span> <span class='ocrx_word' id='word_1_463' title='bbox 2835 1234 2852 1266; x_wconf 75' lang='grc' dir='ltr'><strong>ι</strong></span> <span class='ocrx_word' id='word_1_464' title='bbox 2895 1215 3147 1284; x_wconf 69' lang='lat' dir='ltr'><strong>Praecipit</strong></span> <span class='ocrx_word' id='word_1_465' title='bbox 3193 1213 3444 1268; x_wconf 79' lang='lat' dir='ltr'><strong>aitctm-i-&#39;</strong></span> 
     </span>
    </p>
   </div>
   <div class='ocr_carea' id='block_1_72' title="bbox 1874 1311 2277 1382">
    <p class='ocr_par' dir='ltr' id='par_1_72' title="bbox 1874 1311 2277 1382">
     <span class='ocr_line' id='line_1_72' title="bbox 1874 1311 2277 1382; baseline -0.01 -14"><span class='ocrx_word' id='word_1_466' title='bbox 1874 1325 1981 1369; x_wconf 87' lang='lat' dir='ltr'><strong>tate</strong></span> <span class='ocrx_word' id='word_1_467' title='bbox 2015 1311 2277 1382; x_wconf 78' lang='lat' dir='ltr'><strong>magistri.</strong></span> 
     </span>
    </p>
   </div>
   <div class='ocr_carea' id='block_1_73' title="bbox 1951 1396 3436 1470">
    <p class='ocr_par' dir='ltr' id='par_1_73' title="bbox 1951 1396 3436 1470">
     <span class='ocr_line' id='line_1_73' title="bbox 1951 1396 3436 1470; baseline -0.008 -12"><span class='ocrx_word' id='word_1_468' title='bbox 1951 1426 1970 1458; x_wconf 73' lang='grc' dir='ltr'><strong>ι</strong></span> <span class='ocrx_word' id='word_1_469' title='bbox 2010 1403 2114 1470; x_wconf 86' lang='lat' dir='ltr'><strong>Qui</strong></span> <span class='ocrx_word' id='word_1_470' title='bbox 2167 1400 2404 1456; x_wconf 85' lang='lat' dir='ltr'><strong>vivificat</strong></span> <span class='ocrx_word' id='word_1_471' title='bbox 2456 1401 2661 1453; x_wconf 88' lang='lat' dir='ltr'><strong>omnia.</strong></span> <span class='ocrx_word' id='word_1_472' title='bbox 2721 1416 2740 1449; x_wconf 71' lang='grc' dir='ltr'><strong>ι</strong></span> <span class='ocrx_word' id='word_1_473' title='bbox 2800 1396 2992 1451; x_wconf 87' lang='lat' dir='ltr'><strong>Omnia</strong></span> <span class='ocrx_word' id='word_1_474' title='bbox 3051 1411 3172 1466; x_wconf 76' lang='lat' dir='ltr'><strong>quae</strong></span> <span class='ocrx_word' id='word_1_475' title='bbox 3227 1399 3436 1462; x_wconf 84' lang='lat' dir='ltr'><strong>vivunt,</strong></span> 
     </span>
    </p>
   </div>
   <div class='ocr_carea' id='block_1_74' title="bbox 1873 1489 3368 1559">
    <p class='ocr_par' dir='ltr' id='par_1_74' title="bbox 1873 1489 3368 1559">
     <span class='ocr_line' id='line_1_74' title="bbox 1873 1489 3368 1559; baseline -0.005 -8"><span class='ocrx_word' id='word_1_476' title='bbox 1873 1493 2090 1551; x_wconf 79' lang='lat' dir='ltr'><strong>etiamsi</strong></span> <span class='ocrx_word' id='word_1_477' title='bbox 2126 1492 2373 1555; x_wconf 87' lang='lat' dir='ltr'><strong>arefiant,</strong></span> <span class='ocrx_word' id='word_1_478' title='bbox 2406 1505 2503 1559; x_wconf 91' lang='lat' dir='ltr'><strong>per</strong></span> <span class='ocrx_word' id='word_1_479' title='bbox 2529 1489 2648 1559; x_wconf 88' lang='lat' dir='ltr'><strong>ejus</strong></span> <span class='ocrx_word' id='word_1_480' title='bbox 2683 1491 2977 1558; x_wconf 87' lang='lat' dir='ltr'><strong>potentiam</strong></span> <span class='ocrx_word' id='word_1_481' title='bbox 3018 1489 3368 1544; x_wconf 87' lang='lat' dir='ltr'><strong>reviviscunt.</strong></span> 
     </span>
    </p>
   </div>
   <div class='ocr_carea' id='block_1_75' title="bbox 1949 1582 3441 1652">
    <p class='ocr_par' dir='ltr' id='par_1_75' title="bbox 1949 1582 3441 1652">
     <span class='ocr_line' id='line_1_75' title="bbox 1949 1582 3441 1652; baseline -0.003 -14"><span class='ocrx_word' id='word_1_482' title='bbox 1949 1606 1968 1638; x_wconf 84' lang='grc'><strong>‹</strong></span> <span class='ocrx_word' id='word_1_483' title='bbox 2011 1587 2076 1639; x_wconf 82' lang='lat' dir='ltr'><strong>Et</strong></span> <span class='ocrx_word' id='word_1_484' title='bbox 2105 1585 2323 1640; x_wconf 90' lang='lat' dir='ltr'><strong>Christo</strong></span> <span class='ocrx_word' id='word_1_485' title='bbox 2349 1583 2500 1647; x_wconf 81' lang='lat' dir='ltr'><strong>Jesu,</strong></span> <span class='ocrx_word' id='word_1_486' title='bbox 2533 1582 2626 1652; x_wconf 85' lang='lat' dir='ltr'><strong>qui</strong></span> <span class='ocrx_word' id='word_1_487' title='bbox 2665 1584 3039 1635; x_wconf 87' lang='lat' dir='ltr'><strong>testimonium</strong></span> <span class='ocrx_word' id='word_1_488' title='bbox 3073 1584 3305 1636; x_wconf 90' lang='lat' dir='ltr'><strong>reddidit</strong></span> <span class='ocrx_word' id='word_1_489' title='bbox 3340 1585 3441 1636; x_wconf 86' lang='lat' dir='ltr'><strong>sub</strong></span> 
     </span>
    </p>
   </div>
   <div class='ocr_carea' id='block_1_76' title="bbox 1877 1673 3442 1740">
    <p class='ocr_par' dir='ltr' id='par_1_76' title="bbox 1877 1673 3442 1740">
     <span class='ocr_line' id='line_1_76' title="bbox 1877 1673 3442 1740; baseline -0.003 -7"><span class='ocrx_word' id='word_1_490' title='bbox 1877 1677 2070 1733; x_wconf 82' lang='lat' dir='ltr'><strong>Pontio</strong></span> <span class='ocrx_word' id='word_1_491' title='bbox 2121 1677 2315 1740; x_wconf 84' lang='lat' dir='ltr'><strong>Pilato,</strong></span> <span class='ocrx_word' id='word_1_492' title='bbox 2363 1677 2556 1729; x_wconf 91' lang='lat' dir='ltr'><strong>bonam</strong></span> <span class='ocrx_word' id='word_1_493' title='bbox 2609 1673 3031 1727; x_wconf 88' lang='lat' dir='ltr'><strong>confessionem.</strong></span> <span class='ocrx_word' id='word_1_494' title='bbox 3077 1691 3096 1723; x_wconf 75' lang='grc' dir='ltr'><strong>ι</strong></span> <span class='ocrx_word' id='word_1_495' title='bbox 3133 1673 3326 1729; x_wconf 90' lang='lat' dir='ltr'><strong>Dicens</strong></span> <span class='ocrx_word' id='word_1_496' title='bbox 3377 1677 3442 1728; x_wconf 86' lang='lat' dir='ltr'><strong>ad</strong></span> 
     </span>
    </p>
   </div>
   <div class='ocr_carea' id='block_1_77' title="bbox 1807 1766 3446 1838">
    <p class='ocr_par' dir='ltr' id='par_1_77' title="bbox 1807 1766 3446 1838">
     <span class='ocr_line' id='line_1_77' title="bbox 1807 1766 3446 1838; baseline -0.003 -16"><span class='ocrx_word' id='word_1_497' title='bbox 1807 1769 1848 1822; x_wconf 88' lang='grc' dir='ltr'><strong>Β</strong></span> <span class='ocrx_word' id='word_1_498' title='bbox 1879 1771 2106 1824; x_wconf 82' lang='lat' dir='ltr'><strong>Pilatum</strong></span> <span class='ocrx_word' id='word_1_499' title='bbox 2136 1787 2150 1823; x_wconf 87' lang='lat'><strong>:</strong></span> <span class='ocrx_word' id='word_1_500' title='bbox 2183 1768 2296 1838; x_wconf 83' lang='lat' dir='ltr'><strong>Ego</strong></span> <span class='ocrx_word' id='word_1_501' title='bbox 2323 1769 2390 1820; x_wconf 83' lang='lat' dir='ltr'><strong>ad</strong></span> <span class='ocrx_word' id='word_1_502' title='bbox 2418 1767 2514 1820; x_wconf 86' lang='lat' dir='ltr'><strong>hoc</strong></span> <span class='ocrx_word' id='word_1_503' title='bbox 2544 1767 2656 1819; x_wconf 79' lang='lat' dir='ltr'><strong>veni</strong></span> <span class='ocrx_word' id='word_1_504' title='bbox 2688 1767 2739 1818; x_wconf 88' lang='lat' dir='ltr'><strong>in</strong></span> <span class='ocrx_word' id='word_1_505' title='bbox 2770 1766 2907 1818; x_wconf 85' lang='lat' dir='ltr'><strong>hunc</strong></span> <span class='ocrx_word' id='word_1_506' title='bbox 2945 1766 3221 1825; x_wconf 83' lang='lat' dir='ltr'><strong>mundum,</strong></span> <span class='ocrx_word' id='word_1_507' title='bbox 3255 1776 3319 1817; x_wconf 85' lang='lat' dir='ltr'><strong>ut</strong></span> <span class='ocrx_word' id='word_1_508' title='bbox 3364 1778 3446 1818; x_wconf 86' lang='lat' dir='ltr'><strong>te-</strong></span> 
     </span>
    </p>
   </div>
   <div class='ocr_carea' id='block_1_78' title="bbox 1877 1857 3452 1928">
    <p class='ocr_par' dir='ltr' id='par_1_78' title="bbox 1877 1857 3452 1928">
     <span class='ocr_line' id='line_1_78' title="bbox 1877 1857 3452 1928; baseline -0.002 -12"><span class='ocrx_word' id='word_1_509' title='bbox 1877 1863 2183 1917; x_wconf 83' lang='lat' dir='ltr'><strong>stimonium</strong></span> <span class='ocrx_word' id='word_1_510' title='bbox 2215 1861 2513 1928; x_wconf 85' lang='lat' dir='ltr'><strong>perhibeam</strong></span> <span class='ocrx_word' id='word_1_511' title='bbox 2546 1859 2755 1912; x_wconf 74' lang='lat' dir='ltr'><strong>veritati</strong></span> <span class='ocrx_word' id='word_1_512' title='bbox 2787 1857 3144 1927; x_wconf 82' lang='lat' dir='ltr'><strong>(Joatt.xvm,</strong></span> <span class='ocrx_word' id='word_1_513' title='bbox 3175 1857 3288 1924; x_wconf 75' lang='lat'><strong>57),</strong></span> <span class='ocrx_word' id='word_1_514' title='bbox 3347 1859 3452 1913; x_wconf 85' lang='lat' dir='ltr'><strong>sci-</strong></span> 
     </span>
    </p>
   </div>
   <div class='ocr_carea' id='block_1_79' title="bbox 1875 1951 2760 2022">
    <p class='ocr_par' dir='ltr' id='par_1_79' title="bbox 1875 1951 2760 2022">
     <span class='ocr_line' id='line_1_79' title="bbox 1875 1951 2760 2022; baseline -0.006 -13"><span class='ocrx_word' id='word_1_515' title='bbox 1875 1955 2003 2009; x_wconf 90' lang='lat' dir='ltr'><strong>licet</strong></span> <span class='ocrx_word' id='word_1_516' title='bbox 2033 1968 2131 2022; x_wconf 88' lang='lat' dir='ltr'><strong>pro</strong></span> <span class='ocrx_word' id='word_1_517' title='bbox 2161 1967 2223 2006; x_wconf 90' lang='lat' dir='ltr'><strong>ea</strong></span> <span class='ocrx_word' id='word_1_518' title='bbox 2259 1952 2422 2006; x_wconf 86' lang='lat' dir='ltr'><strong>etiam</strong></span> <span class='ocrx_word' id='word_1_519' title='bbox 2458 1951 2760 2005; x_wconf 88' lang='lat' dir='ltr'><strong>moriendo.</strong></span> 
     </span>
    </p>
   </div>
   <div class='ocr_carea' id='block_1_80' title="bbox 1954 2044 3450 2115">
    <p class='ocr_par' dir='ltr' id='par_1_80' title="bbox 1954 2044 3450 2115">
     <span class='ocr_line' id='line_1_80' title="bbox 1954 2044 3450 2115; baseline 0.001 -16"><span class='ocrx_word' id='word_1_520' title='bbox 1954 2064 1973 2099; x_wconf 75' lang='lat' dir='ltr'><strong>t</strong></span> <span class='ocrx_word' id='word_1_521' title='bbox 2018 2045 2086 2102; x_wconf 88' lang='lat' dir='ltr'><strong>Ut</strong></span> <span class='ocrx_word' id='word_1_522' title='bbox 2133 2059 2319 2101; x_wconf 86' lang='lat' dir='ltr'><strong>serves</strong></span> <span class='ocrx_word' id='word_1_523' title='bbox 2382 2045 2717 2099; x_wconf 86' lang='lat' dir='ltr'><strong>mandatum.</strong></span> <span class='ocrx_word' id='word_1_524' title='bbox 2768 2063 2788 2097; x_wconf 75' lang='grc' dir='ltr'><strong>ι</strong></span> <span class='ocrx_word' id='word_1_525' title='bbox 2842 2044 2995 2100; x_wconf 92' lang='lat' dir='ltr'><strong>Sicut</strong></span> <span class='ocrx_word' id='word_1_526' title='bbox 3039 2045 3130 2098; x_wconf 88' lang='lat' dir='ltr'><strong>ille</strong></span> <span class='ocrx_word' id='word_1_527' title='bbox 3167 2059 3341 2115; x_wconf 89' lang='lat' dir='ltr'><strong>usque</strong></span> <span class='ocrx_word' id='word_1_528' title='bbox 3380 2046 3450 2101; x_wconf 84' lang='lat' dir='ltr'><strong>ad</strong></span> 
     </span>
    </p>
   </div>
   <div class='ocr_carea' id='block_1_81' title="bbox 1879 2146 2130 2191">
    <p class='ocr_par' dir='ltr' id='par_1_81' title="bbox 1879 2146 2130 2191">
     <span class='ocr_line' id='line_1_81' title="bbox 1879 2146 2130 2191; baseline -0.004 0"><span class='ocrx_word' id='word_1_529' title='bbox 1879 2146 2130 2191; x_wconf 90' lang='lat' dir='ltr'><strong>mortem.</strong></span> 
     </span>
    </p>
   </div>
   <div class='ocr_carea' id='block_1_82' title="bbox 1955 2226 3449 2296">
    <p class='ocr_par' dir='ltr' id='par_1_82' title="bbox 1955 2226 3449 2296">
     <span class='ocr_line' id='line_1_82' title="bbox 1955 2226 3449 2296; baseline 0.001 -18"><span class='ocrx_word' id='word_1_530' title='bbox 1955 2245 1974 2278; x_wconf 74' lang='grc' dir='ltr'><strong>ι</strong></span> <span class='ocrx_word' id='word_1_531' title='bbox 2015 2226 2145 2280; x_wconf 87' lang='lat' dir='ltr'><strong>Sine</strong></span> <span class='ocrx_word' id='word_1_532' title='bbox 2195 2227 2404 2282; x_wconf 89' lang='lat' dir='ltr'><strong>macula</strong></span> <span class='ocrx_word' id='word_1_533' title='bbox 2458 2226 2938 2296; x_wconf 87' lang='lat' dir='ltr'><strong>irreprehensibili.</strong></span> <span class='ocrx_word' id='word_1_534' title='bbox 2984 2245 3002 2279; x_wconf 73' lang='grc' dir='ltr'><strong>ι</strong></span> <span class='ocrx_word' id='word_1_535' title='bbox 3040 2227 3273 2282; x_wconf 80' lang='lat' dir='ltr'><strong>Maculat</strong></span> <span class='ocrx_word' id='word_1_536' title='bbox 3317 2243 3449 2296; x_wconf 84' lang='lat' dir='ltr'><strong>qun-</strong></span> 
     </span>
    </p>
   </div>
   <div class='ocr_carea' id='block_1_83' title="bbox 1881 2317 3450 2392">
    <p class='ocr_par' dir='ltr' id='par_1_83' title="bbox 1881 2317 3450 2392">
     <span class='ocr_line' id='line_1_83' title="bbox 1881 2317 3450 2392; baseline 0.002 -18"><span class='ocrx_word' id='word_1_537' title='bbox 1881 2317 2188 2386; x_wconf 88' lang='lat' dir='ltr'><strong>dammodo,</strong></span> <span class='ocrx_word' id='word_1_538' title='bbox 2220 2330 2276 2374; x_wconf 87' lang='lat' dir='ltr'><strong>et</strong></span> <span class='ocrx_word' id='word_1_539' title='bbox 2329 2321 2652 2389; x_wconf 84' lang='lat' dir='ltr'><strong>reprehendi</strong></span> <span class='ocrx_word' id='word_1_540' title='bbox 2703 2321 2832 2374; x_wconf 81' lang='lat' dir='ltr'><strong>facit</strong></span> <span class='ocrx_word' id='word_1_541' title='bbox 2873 2321 3148 2385; x_wconf 86' lang='lat' dir='ltr'><strong>mandata,</strong></span> <span class='ocrx_word' id='word_1_542' title='bbox 3177 2322 3266 2390; x_wconf 92' lang='lat' dir='ltr'><strong>qui</strong></span> <span class='ocrx_word' id='word_1_543' title='bbox 3323 2337 3450 2392; x_wconf 50' lang='lat' dir='ltr'><strong>pcc‘</strong></span> 
     </span>
    </p>
   </div>
   <div class='ocr_carea' id='block_1_84' title="bbox 1881 2421 1988 2465">
    <p class='ocr_par' dir='ltr' id='par_1_84' title="bbox 1881 2421 1988 2465">
     <span class='ocr_line' id='line_1_84' title="bbox 1881 2421 1988 2465; baseline 0.009 -1"><span class='ocrx_word' id='word_1_544' title='bbox 1881 2421 1988 2465; x_wconf 84' lang='lat' dir='ltr'><strong>cat.</strong></span> 
     </span>
    </p>
   </div>
   <div class='ocr_carea' id='block_1_85' title="bbox 1959 2500 3454 2570">
    <p class='ocr_par' dir='ltr' id='par_1_85' title="bbox 1959 2500 3454 2570">
     <span class='ocr_line' id='line_1_85' title="bbox 1959 2500 3454 2570; baseline 0.004 -18"><span class='ocrx_word' id='word_1_545' title='bbox 1959 2520 1975 2552; x_wconf 82' lang='grc' dir='ltr'><strong>ι</strong></span> <span class='ocrx_word' id='word_1_546' title='bbox 2020 2500 2200 2570; x_wconf 89' lang='lat' dir='ltr'><strong>Usque</strong></span> <span class='ocrx_word' id='word_1_547' title='bbox 2232 2502 2286 2555; x_wconf 90' lang='lat' dir='ltr'><strong>in</strong></span> <span class='ocrx_word' id='word_1_548' title='bbox 2321 2503 2608 2556; x_wconf 79' lang='lat' dir='ltr'><strong>adventum</strong></span> <span class='ocrx_word' id='word_1_549' title='bbox 2653 2500 2862 2554; x_wconf 91' lang='lat' dir='ltr'><strong>Domini</strong></span> <span class='ocrx_word' id='word_1_550' title='bbox 2905 2502 3073 2555; x_wconf 91' lang='lat' dir='ltr'><strong>nostri</strong></span> <span class='ocrx_word' id='word_1_551' title='bbox 3130 2501 3260 2556; x_wconf 84' lang='lat' dir='ltr'><strong>Jesu</strong></span> <span class='ocrx_word' id='word_1_552' title='bbox 3297 2503 3454 2559; x_wconf 89' lang='lat' dir='ltr'><strong>Cbri—</strong></span> 
     </span>
    </p>
   </div>
   <div class='ocr_carea' id='block_1_86' title="bbox 1883 2594 3454 2663">
    <p class='ocr_par' dir='ltr' id='par_1_86' title="bbox 1883 2594 3454 2663">
     <span class='ocr_line' id='line_1_86' title="bbox 1883 2594 3454 2663; baseline 0.003 -16"><span class='ocrx_word' id='word_1_553' title='bbox 1883 2595 1977 2650; x_wconf 84' lang='lat' dir='ltr'><strong>sti.</strong></span> <span class='ocrx_word' id='word_1_554' title='bbox 2024 2611 2042 2644; x_wconf 73' lang='lat' dir='ltr'><strong>i</strong></span> <span class='ocrx_word' id='word_1_555' title='bbox 2078 2594 2183 2658; x_wconf 81' lang='lat' dir='ltr'><strong>Qui</strong></span> <span class='ocrx_word' id='word_1_556' title='bbox 2212 2594 2616 2662; x_wconf 75' lang='lat' dir='ltr'><strong>perseveraverit</strong></span> <span class='ocrx_word' id='word_1_557' title='bbox 2651 2609 2812 2663; x_wconf 82' lang='lat' dir='ltr'><strong>usque</strong></span> <span class='ocrx_word' id='word_1_558' title='bbox 2857 2599 2910 2647; x_wconf 83' lang='lat' dir='ltr'><strong>in</strong></span> <span class='ocrx_word' id='word_1_559' title='bbox 2943 2595 3121 2660; x_wconf 79' lang='lat' dir='ltr'><strong>ﬁnem,</strong></span> <span class='ocrx_word' id='word_1_560' title='bbox 3155 2596 3238 2648; x_wconf 83' lang='lat' dir='ltr'><strong>hic</strong></span> <span class='ocrx_word' id='word_1_561' title='bbox 3275 2597 3454 2650; x_wconf 71' lang='lat' dir='ltr'><strong>salvus</strong></span> 
     </span>
    </p>
   </div>
   <div class='ocr_carea' id='block_1_87' title="bbox 1883 2685 2460 2754">
    <p class='ocr_par' dir='ltr' id='par_1_87' title="bbox 1883 2685 2460 2754">
     <span class='ocr_line' id='line_1_87' title="bbox 1883 2685 2460 2754; baseline 0.002 -15"><span class='ocrx_word' id='word_1_562' title='bbox 1883 2685 1986 2739; x_wconf 86' lang='lat' dir='ltr'><strong>erit</strong></span> <span class='ocrx_word' id='word_1_563' title='bbox 2015 2686 2228 2754; x_wconf 82' lang='lat' dir='ltr'><strong>(Matth.</strong></span> <span class='ocrx_word' id='word_1_564' title='bbox 2259 2703 2313 2746; x_wconf 85' lang='lat' dir='ltr'><strong>x,</strong></span> <span class='ocrx_word' id='word_1_565' title='bbox 2345 2685 2460 2748; x_wconf 64' lang='grc' dir='ltr'><strong>Ἡ).</strong></span> 
     </span>
    </p>
   </div>
   <div class='ocr_carea' id='block_1_88' title="bbox 1964 2775 3457 2846">
    <p class='ocr_par' dir='ltr' id='par_1_88' title="bbox 1964 2775 3457 2846">
     <span class='ocr_line' id='line_1_88' title="bbox 1964 2775 3457 2846; baseline 0.005 -18"><span class='ocrx_word' id='word_1_566' title='bbox 1964 2795 1982 2828; x_wconf 81' lang='grc' dir='ltr'><strong>ι</strong></span> <span class='ocrx_word' id='word_1_567' title='bbox 2018 2775 2187 2843; x_wconf 84' lang='lat' dir='ltr'><strong>Quem</strong></span> <span class='ocrx_word' id='word_1_568' title='bbox 2215 2780 2331 2832; x_wconf 91' lang='lat' dir='ltr'><strong>suis</strong></span> <span class='ocrx_word' id='word_1_569' title='bbox 2353 2777 2684 2846; x_wconf 79' lang='lat' dir='ltr'><strong>temporibus</strong></span> <span class='ocrx_word' id='word_1_570' title='bbox 2713 2778 2967 2832; x_wconf 75' lang='lat' dir='ltr'><strong>ostendet</strong></span> <span class='ocrx_word' id='word_1_571' title='bbox 2990 2779 3199 2844; x_wconf 87' lang='lat' dir='ltr'><strong>beatus,</strong></span> <span class='ocrx_word' id='word_1_572' title='bbox 3225 2789 3277 2834; x_wconf 88' lang='lat' dir='ltr'><strong>et</strong></span> <span class='ocrx_word' id='word_1_573' title='bbox 3307 2779 3457 2836; x_wconf 87' lang='lat' dir='ltr'><strong>solus</strong></span> 
     </span>
    </p>
   </div>
   <div class='ocr_carea' id='block_1_89' title="bbox 1885 2869 3451 2938">
    <p class='ocr_par' dir='ltr' id='par_1_89' title="bbox 1885 2869 3451 2938">
     <span class='ocr_line' id='line_1_89' title="bbox 1885 2869 3451 2938; baseline 0.001 -15"><span class='ocrx_word' id='word_1_574' title='bbox 1885 2878 2098 2936; x_wconf 86' lang='lat' dir='ltr'><strong>potens,</strong></span> <span class='ocrx_word' id='word_1_575' title='bbox 2157 2869 2272 2923; x_wconf 77' lang='lat' dir='ltr'><strong>Rex</strong></span> <span class='ocrx_word' id='word_1_576' title='bbox 2304 2884 2513 2938; x_wconf 77' lang='lat' dir='ltr'><strong>regum,</strong></span> <span class='ocrx_word' id='word_1_577' title='bbox 2555 2879 2610 2922; x_wconf 89' lang='lat' dir='ltr'><strong>et</strong></span> <span class='ocrx_word' id='word_1_578' title='bbox 2662 2870 2920 2923; x_wconf 89' lang='lat' dir='ltr'><strong>Dominus</strong></span> <span class='ocrx_word' id='word_1_579' title='bbox 2968 2871 3386 2927; x_wconf 87' lang='lat' dir='ltr'><strong>dominantium.</strong></span> <span class='ocrx_word' id='word_1_580' title='bbox 3431 2891 3451 2925; x_wconf 76' lang='grc' dir='ltr'><strong>ι</strong></span> 
     </span>
    </p>
   </div>
   <div class='ocr_carea' id='block_1_90' title="bbox 1887 2959 3282 3028">
    <p class='ocr_par' dir='ltr' id='par_1_90' title="bbox 1887 2959 3282 3028">
     <span class='ocr_line' id='line_1_90' title="bbox 1887 2959 3282 3028; baseline 0.004 -17"><span class='ocrx_word' id='word_1_581' title='bbox 1887 2959 2116 3025; x_wconf 86' lang='lat' dir='ltr'><strong>Quando</strong></span> <span class='ocrx_word' id='word_1_582' title='bbox 2143 2960 2398 3025; x_wconf 89' lang='lat' dir='ltr'><strong>voluerit,</strong></span> <span class='ocrx_word' id='word_1_583' title='bbox 2433 2959 2524 3028; x_wconf 90' lang='lat' dir='ltr'><strong>qui</strong></span> <span class='ocrx_word' id='word_1_584' title='bbox 2558 2961 2658 3014; x_wconf 90' lang='lat' dir='ltr'><strong>hoc</strong></span> <span class='ocrx_word' id='word_1_585' title='bbox 2689 2961 2860 3014; x_wconf 91' lang='lat' dir='ltr'><strong>solum</strong></span> <span class='ocrx_word' id='word_1_586' title='bbox 2897 2971 3078 3028; x_wconf 83' lang='lat' dir='ltr'><strong>potest</strong></span> <span class='ocrx_word' id='word_1_587' title='bbox 3119 2961 3282 3015; x_wconf 88' lang='lat' dir='ltr'><strong>Dens.</strong></span> 
     </span>
    </p>
   </div>
   <div class='ocr_carea' id='block_1_91' title="bbox 1965 3049 3460 3116">
    <p class='ocr_par' dir='ltr' id='par_1_91' title="bbox 1965 3049 3460 3116">
     <span class='ocr_line' id='line_1_91' title="bbox 1965 3049 3460 3116; baseline 0.003 -13"><span class='ocrx_word' id='word_1_588' title='bbox 1965 3070 1984 3103; x_wconf 74' lang='grc' dir='ltr'><strong>ι</strong></span> <span class='ocrx_word' id='word_1_589' title='bbox 2026 3049 2128 3116; x_wconf 90' lang='lat' dir='ltr'><strong>Qui</strong></span> <span class='ocrx_word' id='word_1_590' title='bbox 2183 3052 2328 3106; x_wconf 82' lang='lat' dir='ltr'><strong>solus</strong></span> <span class='ocrx_word' id='word_1_591' title='bbox 2360 3053 2542 3111; x_wconf 83' lang='lat' dir='ltr'><strong>.babet</strong></span> <span class='ocrx_word' id='word_1_592' title='bbox 2594 3052 3078 3107; x_wconf 84' lang='lat' dir='ltr'><strong>immortalitatem.</strong></span> <span class='ocrx_word' id='word_1_593' title='bbox 3121 3071 3139 3104; x_wconf 77' lang='grc' dir='ltr'><strong>ι</strong></span> <span class='ocrx_word' id='word_1_594' title='bbox 3180 3053 3272 3108; x_wconf 91' lang='lat' dir='ltr'><strong>llle</strong></span> <span class='ocrx_word' id='word_1_595' title='bbox 3313 3054 3460 3108; x_wconf 87' lang='lat' dir='ltr'><strong>solus</strong></span> 
     </span>
    </p>
   </div>
   <div class='ocr_carea' id='block_1_92' title="bbox 1893 3143 3462 3213">
    <p class='ocr_par' dir='ltr' id='par_1_92' title="bbox 1893 3143 3462 3213">
     <span class='ocr_line' id='line_1_92' title="bbox 1893 3143 3462 3213; baseline 0.003 -17"><span class='ocrx_word' id='word_1_596' title='bbox 1893 3144 2108 3213; x_wconf 90' lang='lat' dir='ltr'><strong>proprie</strong></span> <span class='ocrx_word' id='word_1_597' title='bbox 2143 3143 2326 3209; x_wconf 86' lang='lat' dir='ltr'><strong>habet,</strong></span> <span class='ocrx_word' id='word_1_598' title='bbox 2356 3145 2446 3213; x_wconf 90' lang='lat' dir='ltr'><strong>qui</strong></span> <span class='ocrx_word' id='word_1_599' title='bbox 2481 3143 2706 3212; x_wconf 77' lang='lat' dir='ltr'><strong>angelis,</strong></span> <span class='ocrx_word' id='word_1_600' title='bbox 2731 3153 2786 3198; x_wconf 86' lang='lat' dir='ltr'><strong>et</strong></span> <span class='ocrx_word' id='word_1_601' title='bbox 2817 3145 2908 3212; x_wconf 87' lang='lat' dir='ltr'><strong>qui</strong></span> <span class='ocrx_word' id='word_1_602' title='bbox 2967 3146 3279 3201; x_wconf 87' lang='lat' dir='ltr'><strong>hominibus</strong></span> <span class='ocrx_word' id='word_1_603' title='bbox 3313 3146 3462 3200; x_wconf 81' lang='lat' dir='ltr'><strong>dedit</strong></span> 
     </span>
    </p>
   </div>
   <div class='ocr_carea' id='block_1_93' title="bbox 1895 3235 3461 3292">
    <p class='ocr_par' dir='ltr' id='par_1_93' title="bbox 1895 3235 3461 3292">
     <span class='ocr_line' id='line_1_93' title="bbox 1895 3235 3461 3292; baseline 0 -2"><span class='ocrx_word' id='word_1_604' title='bbox 1895 3237 2117 3290; x_wconf 87' lang='lat' dir='ltr'><strong>habere.</strong></span> <span class='ocrx_word' id='word_1_605' title='bbox 2143 3235 2253 3289; x_wconf 89' lang='lat' dir='ltr'><strong>Nos</strong></span> <span class='ocrx_word' id='word_1_606' title='bbox 2286 3246 2466 3290; x_wconf 87' lang='lat' dir='ltr'><strong>autem</strong></span> <span class='ocrx_word' id='word_1_607' title='bbox 2513 3251 2613 3290; x_wconf 88' lang='lat' dir='ltr'><strong>nec</strong></span> <span class='ocrx_word' id='word_1_608' title='bbox 2653 3236 2752 3290; x_wconf 91' lang='lat' dir='ltr'><strong>soli</strong></span> <span class='ocrx_word' id='word_1_609' title='bbox 2785 3251 2884 3290; x_wconf 89' lang='lat' dir='ltr'><strong>nec</strong></span> <span class='ocrx_word' id='word_1_610' title='bbox 2919 3250 2946 3287; x_wconf 90' lang='lat' dir='ltr'><strong>a</strong></span> <span class='ocrx_word' id='word_1_611' title='bbox 2995 3237 3151 3289; x_wconf 87' lang='lat' dir='ltr'><strong>nobis</strong></span> <span class='ocrx_word' id='word_1_612' title='bbox 3200 3237 3461 3292; x_wconf 80' lang='lat' dir='ltr'><strong>babcnms</strong></span> 
     </span>
    </p>
   </div>
   <div class='ocr_carea' id='block_1_94' title="bbox 1896 3327 3461 3396">
    <p class='ocr_par' dir='ltr' id='par_1_94' title="bbox 1896 3327 3461 3396">
     <span class='ocr_line' id='line_1_94' title="bbox 1896 3327 3461 3396; baseline 0 -14"><span class='ocrx_word' id='word_1_613' title='bbox 1896 3338 1954 3382; x_wconf 93' lang='lat' dir='ltr'><strong>ut</strong></span> <span class='ocrx_word' id='word_1_614' title='bbox 1988 3329 2095 3384; x_wconf 90' lang='lat' dir='ltr'><strong>ille.</strong></span> <span class='ocrx_word' id='word_1_615' title='bbox 2130 3327 2244 3383; x_wconf 89' lang='lat' dir='ltr'><strong>lloc</strong></span> <span class='ocrx_word' id='word_1_616' title='bbox 2289 3340 2475 3384; x_wconf 90' lang='lat' dir='ltr'><strong>contra</strong></span> <span class='ocrx_word' id='word_1_617' title='bbox 2521 3327 2867 3393; x_wconf 65' lang='lat' dir='ltr'><strong>Manicbaios,</strong></span> <span class='ocrx_word' id='word_1_618' title='bbox 2909 3328 2999 3396; x_wconf 87' lang='lat' dir='ltr'><strong>qui</strong></span> <span class='ocrx_word' id='word_1_619' title='bbox 3037 3328 3162 3383; x_wconf 83' lang='lat' dir='ltr'><strong>mali</strong></span> <span class='ocrx_word' id='word_1_620' title='bbox 3211 3341 3461 3384; x_wconf 83' lang='lat' dir='ltr'><strong>naturam</strong></span> 
     </span>
    </p>
   </div>
   <div class='ocr_carea' id='block_1_95' title="bbox 1897 3423 3046 3490">
    <p class='ocr_par' dir='ltr' id='par_1_95' title="bbox 1897 3423 3046 3490">
     <span class='ocr_line' id='line_1_95' title="bbox 1897 3423 3046 3490; baseline 0 -16"><span class='ocrx_word' id='word_1_621' title='bbox 1897 3430 2086 3490; x_wconf 86' lang='lat' dir='ltr'><strong>putant</strong></span> <span class='ocrx_word' id='word_1_622' title='bbox 2121 3423 2480 3476; x_wconf 88' lang='lat' dir='ltr'><strong>immortalem</strong></span> <span class='ocrx_word' id='word_1_623' title='bbox 2517 3431 2681 3489; x_wconf 88' lang='lat' dir='ltr'><strong>atque</strong></span> <span class='ocrx_word' id='word_1_624' title='bbox 2713 3432 3046 3489; x_wconf 88' lang='lat' dir='ltr'><strong>perpetuam.</strong></span> 
     </span>
    </p>
   </div>
   <div class='ocr_carea' id='block_1_96' title="bbox 1974 3511 3466 3567">
    <p class='ocr_par' dir='ltr' id='par_1_96' title="bbox 1974 3511 3466 3567">
     <span class='ocr_line' id='line_1_96' title="bbox 1974 3511 3466 3567; baseline 0.001 -2"><span class='ocrx_word' id='word_1_625' title='bbox 1974 3532 1991 3565; x_wconf 76' lang='grc' dir='ltr'><strong>ι</strong></span> <span class='ocrx_word' id='word_1_626' title='bbox 2032 3515 2096 3566; x_wconf 84' lang='grc' dir='ltr'>Ει</span> <span class='ocrx_word' id='word_1_627' title='bbox 2123 3514 2294 3566; x_wconf 89' lang='lat' dir='ltr'><strong>lucem</strong></span> <span class='ocrx_word' id='word_1_628' title='bbox 2335 3515 2540 3567; x_wconf 85' lang='lat' dir='ltr'><strong>habitat</strong></span> <span class='ocrx_word' id='word_1_629' title='bbox 2582 3513 3035 3567; x_wconf 88' lang='lat' dir='ltr'><strong>inaccessibilem.</strong></span> <span class='ocrx_word' id='word_1_630' title='bbox 3080 3531 3098 3564; x_wconf 74' lang='grc' dir='ltr'><strong>ι</strong></span> <span class='ocrx_word' id='word_1_631' title='bbox 3128 3511 3285 3567; x_wconf 91' lang='lat' dir='ltr'><strong>Omni</strong></span> <span class='ocrx_word' id='word_1_632' title='bbox 3311 3528 3466 3567; x_wconf 89' lang='lat' dir='ltr'><strong>crea-</strong></span> 
     </span>
    </p>
   </div>
   <div class='ocr_carea' id='block_1_97' title="bbox 1900 3601 3468 3672">
    <p class='ocr_par' dir='ltr' id='par_1_97' title="bbox 1900 3601 3468 3672">
     <span class='ocr_line' id='line_1_97' title="bbox 1900 3601 3468 3672; baseline -0.001 -15"><span class='ocrx_word' id='word_1_633' title='bbox 1900 3613 2050 3657; x_wconf 71' lang='lat' dir='ltr'><strong>turte.</strong></span> <span class='ocrx_word' id='word_1_634' title='bbox 2081 3603 2248 3656; x_wconf 83' lang='lat' dir='ltr'><strong>Nemo</strong></span> <span class='ocrx_word' id='word_1_635' title='bbox 2285 3605 2420 3656; x_wconf 85' lang='lat' dir='ltr'><strong>enim</strong></span> <span class='ocrx_word' id='word_1_636' title='bbox 2474 3605 2614 3656; x_wconf 87' lang='lat' dir='ltr'><strong>novit</strong></span> <span class='ocrx_word' id='word_1_637' title='bbox 2656 3601 2866 3656; x_wconf 86' lang='lat' dir='ltr'><strong>Patrem</strong></span> <span class='ocrx_word' id='word_1_638' title='bbox 2922 3603 3024 3654; x_wconf 81' lang='lat' dir='ltr'><strong>nisi</strong></span> <span class='ocrx_word' id='word_1_639' title='bbox 3060 3601 3224 3654; x_wconf 81' lang='lat' dir='ltr'><strong>Filius</strong></span> <span class='ocrx_word' id='word_1_640' title='bbox 3252 3619 3270 3655; x_wconf 90' lang='lat'><strong><em>:</em></strong></span> <span class='ocrx_word' id='word_1_641' title='bbox 3306 3619 3468 3672; x_wconf 69' lang='lat' dir='ltr'><strong>neque</strong></span> 
     </span>
    </p>
   </div>
   <div class='ocr_carea' id='block_1_98' title="bbox 1901 3693 3465 3765">
    <p class='ocr_par' dir='ltr' id='par_1_98' title="bbox 1901 3693 3465 3765">
     <span class='ocr_line' id='line_1_98' title="bbox 1901 3693 3465 3765; baseline -0.002 -18"><span class='ocrx_word' id='word_1_642' title='bbox 1901 3694 2101 3748; x_wconf 85' lang='lat' dir='ltr'><strong>Filium</strong></span> <span class='ocrx_word' id='word_1_643' title='bbox 2142 3697 2242 3749; x_wconf 78' lang='lat' dir='ltr'><strong>nisi</strong></span> <span class='ocrx_word' id='word_1_644' title='bbox 2273 3695 2434 3748; x_wconf 83' lang='lat' dir='ltr'><strong>Pater</strong></span> <span class='ocrx_word' id='word_1_645' title='bbox 2467 3694 2686 3765; x_wconf 80' lang='lat' dir='ltr'><strong>(Matth.</strong></span> <span class='ocrx_word' id='word_1_646' title='bbox 2722 3711 2796 3758; x_wconf 81' lang='lat' dir='ltr'><strong>xi,</strong></span> <span class='ocrx_word' id='word_1_647' title='bbox 2826 3694 2938 3762; x_wconf 65' lang='grc' dir='ltr'><strong>Ἦ),</strong></span> <span class='ocrx_word' id='word_1_648' title='bbox 2967 3704 3020 3746; x_wconf 91' lang='lat' dir='ltr'><strong>et</strong></span> <span class='ocrx_word' id='word_1_649' title='bbox 3053 3693 3286 3760; x_wconf 87' lang='lat' dir='ltr'><strong>Spiritus</strong></span> <span class='ocrx_word' id='word_1_650' title='bbox 3335 3711 3465 3748; x_wconf 67' lang='lat' dir='ltr'><strong>san-</strong></span> 
     </span>
    </p>
   </div>
   <div class='ocr_carea' id='block_1_99' title="bbox 1899 3784 3468 3856">
    <p class='ocr_par' dir='ltr' id='par_1_99' title="bbox 1899 3784 3468 3856">
     <span class='ocr_line' id='line_1_99' title="bbox 1899 3784 3468 3856; baseline -0.001 -14"><span class='ocrx_word' id='word_1_651' title='bbox 1899 3801 2068 3852; x_wconf 86' lang='lat' dir='ltr'><strong>etus;</strong></span> <span class='ocrx_word' id='word_1_652' title='bbox 2134 3799 2423 3856; x_wconf 83' lang='lat' dir='ltr'><strong>utrumque</strong></span> <span class='ocrx_word' id='word_1_653' title='bbox 2490 3787 2652 3841; x_wconf 85' lang='lat' dir='ltr'><strong>etiam</strong></span> <span class='ocrx_word' id='word_1_654' title='bbox 2706 3795 2979 3840; x_wconf 85' lang='lat' dir='ltr'><strong>scrutatur</strong></span> <span class='ocrx_word' id='word_1_655' title='bbox 3039 3784 3302 3854; x_wconf 86' lang='lat' dir='ltr'><strong>profunda</strong></span> <span class='ocrx_word' id='word_1_656' title='bbox 3374 3785 3468 3840; x_wconf 89' lang='lat' dir='ltr'><strong>Dei</strong></span> 
     </span>
    </p>
   </div>
   <div class='ocr_carea' id='block_1_100' title="bbox 1902 3881 2335 3950">
    <p class='ocr_par' dir='ltr' id='par_1_100' title="bbox 1902 3881 2335 3950">
     <span class='ocr_line' id='line_1_100' title="bbox 1902 3881 2335 3950; baseline 0.002 -16"><span class='ocrx_word' id='word_1_657' title='bbox 1902 3881 1952 3950; x_wconf 93' lang='lat' dir='ltr'><strong>(I</strong></span> <span class='ocrx_word' id='word_1_658' title='bbox 1983 3883 2103 3935; x_wconf 82' lang='lat' dir='ltr'><strong>Cor.</strong></span> <span class='ocrx_word' id='word_1_659' title='bbox 2133 3896 2190 3948; x_wconf 90' lang='grc' dir='ltr'><strong>ιι,</strong></span> <span class='ocrx_word' id='word_1_660' title='bbox 2218 3881 2335 3948; x_wconf 83' lang='grc'><strong>10).</strong></span> 
     </span>
    </p>
   </div>
   <div class='ocr_carea' id='block_1_101' title="bbox 1978 3970 3470 4038">
    <p class='ocr_par' dir='ltr' id='par_1_101' title="bbox 1978 3970 3470 4038">
     <span class='ocr_line' id='line_1_101' title="bbox 1978 3970 3470 4038; baseline -0.001 -14"><span class='ocrx_word' id='word_1_661' title='bbox 1978 3992 1997 4024; x_wconf 75' lang='grc' dir='ltr'><strong>ι</strong></span> <span class='ocrx_word' id='word_1_662' title='bbox 2038 3972 2206 4038; x_wconf 87' lang='lat' dir='ltr'><strong>Quem</strong></span> <span class='ocrx_word' id='word_1_663' title='bbox 2263 3973 2441 4027; x_wconf 92' lang='lat' dir='ltr'><strong>nullus</strong></span> <span class='ocrx_word' id='word_1_664' title='bbox 2493 3973 2769 4027; x_wconf 87' lang='lat' dir='ltr'><strong>hominum</strong></span> <span class='ocrx_word' id='word_1_665' title='bbox 2805 3971 2960 4036; x_wconf 87' lang='lat' dir='ltr'><strong>vidit,</strong></span> <span class='ocrx_word' id='word_1_666' title='bbox 3013 3973 3105 4025; x_wconf 91' lang='lat' dir='ltr'><strong>sed</strong></span> <span class='ocrx_word' id='word_1_667' title='bbox 3146 3985 3245 4024; x_wconf 90' lang='lat' dir='ltr'><strong>nec</strong></span> <span class='ocrx_word' id='word_1_668' title='bbox 3287 3970 3470 4023; x_wconf 84' lang='lat' dir='ltr'><strong>videre</strong></span> 
     </span>
    </p>
   </div>
   <div class='ocr_carea' id='block_1_102' title="bbox 1903 4064 3467 4134">
    <p class='ocr_par' dir='ltr' id='par_1_102' title="bbox 1903 4064 3467 4134">
     <span class='ocr_line' id='line_1_102' title="bbox 1903 4064 3467 4134; baseline -0.002 -15"><span class='ocrx_word' id='word_1_669' title='bbox 1903 4075 2078 4134; x_wconf 80' lang='lat' dir='ltr'><strong>poteSt</strong></span> <span class='ocrx_word' id='word_1_670' title='bbox 2110 4081 2124 4131; x_wconf 91' lang='lat'><strong>;</strong></span> <span class='ocrx_word' id='word_1_671' title='bbox 2151 4065 2238 4120; x_wconf 91' lang='lat' dir='ltr'><strong>cui</strong></span> <span class='ocrx_word' id='word_1_672' title='bbox 2280 4073 2363 4119; x_wconf 88' lang='lat' dir='ltr'><strong>est</strong></span> <span class='ocrx_word' id='word_1_673' title='bbox 2412 4064 2585 4117; x_wconf 91' lang='lat' dir='ltr'><strong>honor</strong></span> <span class='ocrx_word' id='word_1_674' title='bbox 2633 4074 2690 4117; x_wconf 90' lang='lat' dir='ltr'><strong>et</strong></span> <span class='ocrx_word' id='word_1_675' title='bbox 2739 4065 3020 4133; x_wconf 66' lang='lat' dir='ltr'><strong>impenum</strong></span> <span class='ocrx_word' id='word_1_676' title='bbox 3056 4065 3467 4130; x_wconf 86' lang='lat' dir='ltr'><strong>sempiternum.</strong></span> 
     </span>
    </p>
   </div>
   <div class='ocr_carea' id='block_1_103' title="bbox 1902 4156 3471 4225">
    <p class='ocr_par' dir='ltr' id='par_1_103' title="bbox 1902 4156 3471 4225">
     <span class='ocr_line' id='line_1_103' title="bbox 1902 4156 3471 4225; baseline -0.001 -13"><span class='ocrx_word' id='word_1_677' title='bbox 1902 4159 2094 4212; x_wconf 80' lang='lat' dir='ltr'><strong>Amen.</strong></span> <span class='ocrx_word' id='word_1_678' title='bbox 2133 4175 2154 4208; x_wconf 75' lang='grc' dir='ltr'><strong>ι</strong></span> <span class='ocrx_word' id='word_1_679' title='bbox 2190 4156 2359 4212; x_wconf 80' lang='lat' dir='ltr'><strong>Nemo</strong></span> <span class='ocrx_word' id='word_1_680' title='bbox 2389 4159 2558 4221; x_wconf 90' lang='lat' dir='ltr'><strong>novit,</strong></span> <span class='ocrx_word' id='word_1_681' title='bbox 2585 4156 2678 4210; x_wconf 90' lang='lat' dir='ltr'><strong>sed</strong></span> <span class='ocrx_word' id='word_1_682' title='bbox 2734 4159 3106 4224; x_wconf 82' lang='lat' dir='ltr'><strong>unusquisque</strong></span> <span class='ocrx_word' id='word_1_683' title='bbox 3141 4171 3237 4225; x_wconf 90' lang='lat' dir='ltr'><strong>pro</strong></span> <span class='ocrx_word' id='word_1_684' title='bbox 3276 4159 3471 4210; x_wconf 82' lang='lat' dir='ltr'><strong>merito</strong></span> 
     </span>
    </p>
   </div>
   <div class='ocr_carea' id='block_1_104' title="bbox 1905 4246 3470 4318">
    <p class='ocr_par' dir='ltr' id='par_1_104' title="bbox 1905 4246 3470 4318">
     <span class='ocr_line' id='line_1_104' title="bbox 1905 4246 3470 4318; baseline -0.004 -14"><span class='ocrx_word' id='word_1_685' title='bbox 1905 4248 2177 4318; x_wconf 73' lang='lat' dir='ltr'><strong>intelligit.</strong></span> <span class='ocrx_word' id='word_1_686' title='bbox 2209 4247 2345 4302; x_wconf 76' lang='lat' dir='ltr'><strong>Nam</strong></span> <span class='ocrx_word' id='word_1_687' title='bbox 2379 4249 2546 4302; x_wconf 89' lang='lat' dir='ltr'><strong>solem</strong></span> <span class='ocrx_word' id='word_1_688' title='bbox 2589 4259 2738 4300; x_wconf 86' lang='lat' dir='ltr'><strong>tanto</strong></span> <span class='ocrx_word' id='word_1_689' title='bbox 2779 4249 3014 4316; x_wconf 78' lang='lat' dir='ltr'><strong>amplius</strong></span> <span class='ocrx_word' id='word_1_690' title='bbox 3043 4246 3227 4301; x_wconf 88' lang='lat' dir='ltr'><strong>vident</strong></span> <span class='ocrx_word' id='word_1_691' title='bbox 3253 4248 3470 4316; x_wconf 76' lang='lat' dir='ltr'><strong>singuli,</strong></span> 
     </span>
    </p>
   </div>
   <div class='ocr_carea' id='block_1_105' title="bbox 1906 4338 3036 4410">
    <p class='ocr_par' dir='ltr' id='par_1_105' title="bbox 1906 4338 3036 4410">
     <span class='ocr_line' id='line_1_105' title="bbox 1906 4338 3036 4410; baseline -0.003 -17"><span class='ocrx_word' id='word_1_692' title='bbox 1906 4353 2108 4409; x_wconf 88' lang='lat' dir='ltr'><strong>quanto</strong></span> <span class='ocrx_word' id='word_1_693' title='bbox 2147 4341 2334 4410; x_wconf 88' lang='lat' dir='ltr'><strong>purior</strong></span> <span class='ocrx_word' id='word_1_694' title='bbox 2364 4338 2530 4393; x_wconf 86' lang='lat' dir='ltr'><strong>fuerit</strong></span> <span class='ocrx_word' id='word_1_695' title='bbox 2563 4340 2708 4394; x_wconf 89' lang='lat' dir='ltr'><strong>acies</strong></span> <span class='ocrx_word' id='word_1_696' title='bbox 2737 4341 3036 4393; x_wconf 88' lang='lat' dir='ltr'><strong>oculorum.</strong></span> 
     </span>
    </p>
   </div>
   <div class='ocr_carea' id='block_1_106' title="bbox 1982 4428 3474 4502">
    <p class='ocr_par' dir='ltr' id='par_1_106' title="bbox 1982 4428 3474 4502">
     <span class='ocr_line' id='line_1_106' title="bbox 1982 4428 3474 4502; baseline -0.001 -16"><span class='ocrx_word' id='word_1_697' title='bbox 1982 4452 2001 4486; x_wconf 86' lang='grc'><strong><em>‹</em></strong></span> <span class='ocrx_word' id='word_1_698' title='bbox 2045 4431 2312 4488; x_wconf 90' lang='lat' dir='ltr'><strong>Divitibus</strong></span> <span class='ocrx_word' id='word_1_699' title='bbox 2347 4434 2506 4502; x_wconf 88' lang='lat' dir='ltr'><strong>hujus</strong></span> <span class='ocrx_word' id='word_1_700' title='bbox 2539 4433 2719 4488; x_wconf 76' lang='lat' dir='ltr'><strong>szeculi</strong></span> <span class='ocrx_word' id='word_1_701' title='bbox 2753 4433 3006 4500; x_wconf 67' lang='lat' dir='ltr'><strong>praecipe.</strong></span> <span class='ocrx_word' id='word_1_702' title='bbox 3047 4449 3065 4482; x_wconf 76' lang='grc' dir='ltr'><strong>ι</strong></span> <span class='ocrx_word' id='word_1_703' title='bbox 3101 4428 3236 4484; x_wconf 87' lang='lat' dir='ltr'><strong>Sunt</strong></span> <span class='ocrx_word' id='word_1_704' title='bbox 3265 4441 3316 4483; x_wconf 90' lang='lat' dir='ltr'><strong>et</strong></span> <span class='ocrx_word' id='word_1_705' title='bbox 3343 4430 3474 4485; x_wconf 82' lang='lat' dir='ltr'><strong>alte-</strong></span> 
     </span>
    </p>
   </div>
   <div class='ocr_carea' id='block_1_107' title="bbox 1907 4507 3473 4593">
    <p class='ocr_par' dir='ltr' id='par_1_107' title="bbox 1907 4507 3473 4593">
     <span class='ocr_line' id='line_1_107' title="bbox 1907 4507 3473 4593; baseline -0.003 -13"><span class='ocrx_word' id='word_1_706' title='bbox 1907 4525 2021 4580; x_wconf 83' lang='lat' dir='ltr'><strong>rius</strong></span> <span class='ocrx_word' id='word_1_707' title='bbox 2075 4524 2261 4579; x_wconf 64' lang='lat' dir='ltr'><strong>saaculi</strong></span> <span class='ocrx_word' id='word_1_708' title='bbox 2300 4525 2515 4587; x_wconf 85' lang='lat' dir='ltr'><strong>divites,</strong></span> <span class='ocrx_word' id='word_1_709' title='bbox 2543 4525 2634 4592; x_wconf 88' lang='lat' dir='ltr'><strong>qui</strong></span> <span class='ocrx_word' id='word_1_710' title='bbox 2669 4507 2988 4577; x_wconf 62' lang='lat' dir='ltr'><strong>emunt‘sibi</strong></span> <span class='ocrx_word' id='word_1_711' title='bbox 3027 4538 3214 4574; x_wconf 87' lang='lat' dir='ltr'><strong>aurum</strong></span> <span class='ocrx_word' id='word_1_712' title='bbox 3250 4525 3473 4593; x_wconf 80' lang='lat' dir='ltr'><strong>ignitum</strong></span> 
     </span>
    </p>
   </div>
   <div class='ocr_carea' id='block_1_108' title="bbox 1905 4617 3473 4689">
    <p class='ocr_par' dir='ltr' id='par_1_108' title="bbox 1905 4617 3473 4689">
     <span class='ocr_line' id='line_1_108' title="bbox 1905 4617 3473 4689; baseline -0.002 -16"><span class='ocrx_word' id='word_1_713' title='bbox 1905 4634 1933 4673; x_wconf 90' lang='lat' dir='ltr'><strong>a</strong></span> <span class='ocrx_word' id='word_1_714' title='bbox 1971 4618 2079 4674; x_wconf 90' lang='lat' dir='ltr'><strong>Deo</strong></span> <span class='ocrx_word' id='word_1_715' title='bbox 2128 4620 2312 4689; x_wconf 78' lang='lat' dir='ltr'><strong>(Apoc.</strong></span> <span class='ocrx_word' id='word_1_716' title='bbox 2356 4634 2435 4682; x_wconf 88' lang='grc' dir='ltr'>ιιι,</span> <span class='ocrx_word' id='word_1_717' title='bbox 2496 4618 2610 4686; x_wconf 68' lang='lat' dir='ltr'><strong>lii),</strong></span> <span class='ocrx_word' id='word_1_718' title='bbox 2687 4628 2742 4672; x_wconf 90' lang='lat' dir='ltr'><strong>ct</strong></span> <span class='ocrx_word' id='word_1_719' title='bbox 2797 4618 2889 4686; x_wconf 90' lang='lat' dir='ltr'><strong>qui</strong></span> <span class='ocrx_word' id='word_1_720' title='bbox 2944 4617 3141 4672; x_wconf 72' lang='lat' dir='ltr'><strong>habent</strong></span> <span class='ocrx_word' id='word_1_721' title='bbox 3181 4634 3370 4672; x_wconf 89' lang='lat' dir='ltr'><strong>aurum</strong></span> <span class='ocrx_word' id='word_1_722' title='bbox 3422 4622 3473 4670; x_wconf 93' lang='lat' dir='ltr'><strong>in</strong></span> 
     </span>
    </p>
   </div>
   <div class='ocr_carea' id='block_1_109' title="bbox 1905 4709 3476 4782">
    <p class='ocr_par' dir='ltr' id='par_1_109' title="bbox 1905 4709 3476 4782">
     <span class='ocr_line' id='line_1_109' title="bbox 1905 4709 3476 4782; baseline -0.004 -14"><span class='ocrx_word' id='word_1_723' title='bbox 1905 4713 2045 4768; x_wconf 74' lang='lat' dir='ltr'><strong>c0310</strong></span> <span class='ocrx_word' id='word_1_724' title='bbox 2075 4711 2228 4782; x_wconf 88' lang='lat' dir='ltr'><strong>(Luc.</strong></span> <span class='ocrx_word' id='word_1_725' title='bbox 2253 4726 2406 4771; x_wconf 77' lang='lat' dir='ltr'><strong>xviii.</strong></span> <span class='ocrx_word' id='word_1_726' title='bbox 2433 4712 2546 4776; x_wconf 58' lang='lat'><strong>~29).</strong></span> <span class='ocrx_word' id='word_1_727' title='bbox 2577 4726 2789 4765; x_wconf 90' lang='lat' dir='ltr'><strong>necnon</strong></span> <span class='ocrx_word' id='word_1_728' title='bbox 2821 4710 2910 4780; x_wconf 91' lang='lat' dir='ltr'><strong>qui</strong></span> <span class='ocrx_word' id='word_1_729' title='bbox 2947 4709 3228 4779; x_wconf 88' lang='lat' dir='ltr'><strong>proferunt</strong></span> <span class='ocrx_word' id='word_1_730' title='bbox 3257 4725 3392 4764; x_wconf 89' lang='lat' dir='ltr'><strong>nova</strong></span> <span class='ocrx_word' id='word_1_731' title='bbox 3422 4721 3476 4762; x_wconf 88' lang='lat' dir='ltr'><strong>ct</strong></span> 
     </span>
    </p>
   </div>
   <div class='ocr_carea' id='block_1_110' title="bbox 1907 4802 3131 4873">
    <p class='ocr_par' dir='ltr' id='par_1_110' title="bbox 1907 4802 3131 4873">
     <span class='ocr_line' id='line_1_110' title="bbox 1907 4802 3131 4873; baseline -0.002 -20"><span class='ocrx_word' id='word_1_732' title='bbox 1907 4813 2088 4859; x_wconf 87' lang='lat' dir='ltr'><strong>vetera</strong></span> <span class='ocrx_word' id='word_1_733' title='bbox 2122 4803 2340 4873; x_wconf 82' lang='lat' dir='ltr'><strong>(Matth.</strong></span> <span class='ocrx_word' id='word_1_734' title='bbox 2385 4816 2496 4866; x_wconf 71' lang='lat' dir='ltr'><strong>Mil,</strong></span> <span class='ocrx_word' id='word_1_735' title='bbox 2531 4802 2642 4868; x_wconf 74' lang='lat'><strong>52).</strong></span> <span class='ocrx_word' id='word_1_736' title='bbox 3127 4819 3131 4822; x_wconf 91' lang='grc'><strong>·</strong></span> 
     </span>
    </p>
   </div>
   <div class='ocr_carea' id='block_1_111' title="bbox 1986 4891 3471 4959">
    <p class='ocr_par' dir='ltr' id='par_1_111' title="bbox 1986 4891 3471 4959">
     <span class='ocr_line' id='line_1_111' title="bbox 1986 4891 3471 4959; baseline -0.003 -13"><span class='ocrx_word' id='word_1_737' title='bbox 1986 4913 2003 4946; x_wconf 87' lang='grc'><em>‹</em></span> <span class='ocrx_word' id='word_1_738' title='bbox 2045 4893 2161 4948; x_wconf 84' lang='lat' dir='ltr'><strong>Non</strong></span> <span class='ocrx_word' id='word_1_739' title='bbox 2189 4894 2417 4948; x_wconf 84' lang='lat' dir='ltr'><strong>sublime</strong></span> <span class='ocrx_word' id='word_1_740' title='bbox 2446 4908 2652 4959; x_wconf 77' lang='lat' dir='ltr'><strong>sapere.</strong></span> <span class='ocrx_word' id='word_1_741' title='bbox 2693 4910 2711 4942; x_wconf 77' lang='grc' dir='ltr'><strong>ι</strong></span> <span class='ocrx_word' id='word_1_742' title='bbox 2743 4891 2818 4956; x_wconf 62' lang='grc' dir='ltr'><strong>ιΙη</strong></span> <span class='ocrx_word' id='word_1_743' title='bbox 2874 4893 3064 4959; x_wconf 85' lang='lat' dir='ltr'><strong>primis</strong></span> <span class='ocrx_word' id='word_1_744' title='bbox 3121 4891 3471 4959; x_wconf 86' lang='lat' dir='ltr'><strong>principalem</strong></span> 
     </span>
    </p>
   </div>
   <div class='ocr_carea' id='block_1_112' title="bbox 1907 4982 3474 5052">
    <p class='ocr_par' dir='ltr' id='par_1_112' title="bbox 1907 4982 3474 5052">
     <span class='ocr_line' id='line_1_112' title="bbox 1907 4982 3474 5052; baseline -0.006 -10"><span class='ocrx_word' id='word_1_745' title='bbox 1907 5001 2094 5042; x_wconf 85' lang='lat' dir='ltr'><strong>eorum</strong></span> <span class='ocrx_word' id='word_1_746' title='bbox 2129 4986 2308 5052; x_wconf 80' lang='lat' dir='ltr'><strong>tetigit</strong></span> <span class='ocrx_word' id='word_1_747' title='bbox 2358 4986 2628 5038; x_wconf 87' lang='lat' dir='ltr'><strong>morbum.</strong></span> <span class='ocrx_word' id='word_1_748' title='bbox 2683 4982 2910 5037; x_wconf 75' lang='lat' dir='ltr'><strong>Difficile</strong></span> <span class='ocrx_word' id='word_1_749' title='bbox 2953 4984 3173 5035; x_wconf 86' lang='lat' dir='ltr'><strong>divitem</strong></span> <span class='ocrx_word' id='word_1_750' title='bbox 3228 4983 3474 5034; x_wconf 68' lang='lat' dir='ltr'><strong>invenit-8</strong></span> 
     </span>
    </p>
   </div>
   <div class='ocr_carea' id='block_1_113' title="bbox 1910 5073 3479 5148">
    <p class='ocr_par' dir='ltr' id='par_1_113' title="bbox 1910 5073 3479 5148">
     <span class='ocr_line' id='line_1_113' title="bbox 1910 5073 3479 5148; baseline -0.009 -16"><span class='ocrx_word' id='word_1_751' title='bbox 1910 5093 2018 5132; x_wconf 92' lang='lat' dir='ltr'><strong>non</strong></span> <span class='ocrx_word' id='word_1_752' title='bbox 2073 5077 2392 5148; x_wconf 85' lang='lat' dir='ltr'><strong>superbum,</strong></span> <span class='ocrx_word' id='word_1_753' title='bbox 2428 5075 2519 5144; x_wconf 88' lang='lat' dir='ltr'><strong>qui</strong></span> <span class='ocrx_word' id='word_1_754' title='bbox 2573 5089 2840 5144; x_wconf 78' lang='lat' dir='ltr'><strong>pauperes</strong></span> <span class='ocrx_word' id='word_1_755' title='bbox 2887 5073 2970 5128; x_wconf 88' lang='lat' dir='ltr'><strong>vel</strong></span> <span class='ocrx_word' id='word_1_756' title='bbox 3010 5081 3260 5140; x_wconf 86' lang='lat' dir='ltr'><strong>parentes</strong></span> <span class='ocrx_word' id='word_1_757' title='bbox 3313 5088 3479 5138; x_wconf 62' lang='lat' dir='ltr'><strong>agno-</strong></span> 
     </span>
    </p>
   </div>
   <div class='ocr_carea' id='block_1_114' title="bbox 1910 5164 3474 5236">
    <p class='ocr_par' dir='ltr' id='par_1_114' title="bbox 1910 5164 3474 5236">
     <span class='ocr_line' id='line_1_114' title="bbox 1910 5164 3474 5236; baseline -0.006 -11"><span class='ocrx_word' id='word_1_758' title='bbox 1910 5181 2050 5234; x_wconf 87' lang='lat' dir='ltr'><strong>seat,</strong></span> <span class='ocrx_word' id='word_1_759' title='bbox 2109 5178 2163 5224; x_wconf 88' lang='lat' dir='ltr'><strong>et</strong></span> <span class='ocrx_word' id='word_1_760' title='bbox 2191 5169 2281 5236; x_wconf 91' lang='lat' dir='ltr'><strong>qui</strong></span> <span class='ocrx_word' id='word_1_761' title='bbox 2317 5185 2419 5220; x_wconf 92' lang='lat' dir='ltr'><strong>non</strong></span> <span class='ocrx_word' id='word_1_762' title='bbox 2456 5171 2696 5236; x_wconf 76' lang='lat' dir='ltr'><strong>graviter</strong></span> <span class='ocrx_word' id='word_1_763' title='bbox 2735 5167 2874 5219; x_wconf 76' lang='lat' dir='ltr'><strong>forat</strong></span> <span class='ocrx_word' id='word_1_764' title='bbox 2905 5167 3130 5219; x_wconf 86' lang='lat' dir='ltr'><strong>minime</strong></span> <span class='ocrx_word' id='word_1_765' title='bbox 3153 5164 3257 5218; x_wconf 85' lang='lat' dir='ltr'><strong>sibi</strong></span> <span class='ocrx_word' id='word_1_766' title='bbox 3289 5165 3356 5218; x_wconf 77' lang='lat' dir='ltr'><strong>ab</strong></span> <span class='ocrx_word' id='word_1_767' title='bbox 3388 5164 3474 5216; x_wconf 89' lang='lat' dir='ltr'><strong>in-</strong></span> 
     </span>
    </p>
   </div>
   <div class='ocr_carea' id='block_1_115' title="bbox 1912 5261 2648 5316">
    <p class='ocr_par' dir='ltr' id='par_1_115' title="bbox 1912 5261 2648 5316">
     <span class='ocr_line' id='line_1_115' title="bbox 1912 5261 2648 5316; baseline -0.005 -1"><span class='ocrx_word' id='word_1_768' title='bbox 1912 5261 2110 5316; x_wconf 88' lang='lat' dir='ltr'><strong>feriore</strong></span> <span class='ocrx_word' id='word_1_769' title='bbox 2143 5261 2398 5315; x_wconf 87' lang='lat' dir='ltr'><strong>honorem</strong></span> <span class='ocrx_word' id='word_1_770' title='bbox 2425 5261 2648 5314; x_wconf 87' lang='lat' dir='ltr'><strong>deferri.</strong></span> 
     </span>
    </p>
   </div>
   <div class='ocr_carea' id='block_1_116' title="bbox 1986 5348 3482 5422">
    <p class='ocr_par' dir='ltr' id='par_1_116' title="bbox 1986 5348 3482 5422">
     <span class='ocr_line' id='line_1_116' title="bbox 1986 5348 3482 5422; baseline -0.001 -18"><span class='ocrx_word' id='word_1_771' title='bbox 1986 5371 2005 5404; x_wconf 75' lang='grc' dir='ltr'><strong>ι</strong></span> <span class='ocrx_word' id='word_1_772' title='bbox 2045 5352 2232 5420; x_wconf 87' lang='lat' dir='ltr'><strong>Neque</strong></span> <span class='ocrx_word' id='word_1_773' title='bbox 2276 5366 2516 5420; x_wconf 87' lang='lat' dir='ltr'><strong>sperare.</strong></span> <span class='ocrx_word' id='word_1_774' title='bbox 2557 5371 2576 5402; x_wconf 70' lang='grc' dir='ltr'><strong>ι</strong></span> <span class='ocrx_word' id='word_1_775' title='bbox 2619 5351 2733 5405; x_wconf 84' lang='grc' dir='ltr'>Νοιι</span> <span class='ocrx_word' id='word_1_776' title='bbox 2781 5350 3051 5422; x_wconf 88' lang='lat' dir='ltr'><strong>sperando</strong></span> <span class='ocrx_word' id='word_1_777' title='bbox 3092 5348 3376 5412; x_wconf 84' lang='lat' dir='ltr'><strong>vilescunt,</strong></span> <span class='ocrx_word' id='word_1_778' title='bbox 3426 5357 3482 5402; x_wconf 85' lang='lat' dir='ltr'><strong>et</strong></span> 
     </span>
    </p>
   </div>
   <div class='ocr_carea' id='block_1_117' title="bbox 1914 5454 2776 5514">
    <p class='ocr_par' dir='ltr' id='par_1_117' title="bbox 1914 5454 2776 5514">
     <span class='ocr_line' id='line_1_117' title="bbox 1914 5454 2776 5514; baseline -0.003 -14"><span class='ocrx_word' id='word_1_779' title='bbox 1914 5461 2033 5500; x_wconf 90' lang='lat' dir='ltr'><strong>cum</strong></span> <span class='ocrx_word' id='word_1_780' title='bbox 2071 5456 2428 5514; x_wconf 86' lang='lat' dir='ltr'><strong>spernuntur,</strong></span> <span class='ocrx_word' id='word_1_781' title='bbox 2463 5454 2722 5512; x_wconf 71' lang='lat' dir='ltr'><strong>erogautu</strong></span> <span class='ocrx_word' id='word_1_782' title='bbox 2735 5461 2776 5497; x_wconf 91' lang='lat' dir='ltr'><strong>r.</strong></span> 
     </span>
    </p>
   </div>
   <div class='ocr_carea' id='block_1_118' title="bbox 1989 5532 3482 5600">
    <p class='ocr_par' dir='ltr' id='par_1_118' title="bbox 1989 5532 3482 5600">
     <span class='ocr_line' id='line_1_118' title="bbox 1989 5532 3482 5600; baseline -0.003 -13"><span class='ocrx_word' id='word_1_783' title='bbox 1989 5555 2007 5586; x_wconf 80' lang='grc' dir='ltr'><strong>ι</strong></span> <span class='ocrx_word' id='word_1_784' title='bbox 2046 5535 2256 5590; x_wconf 78' lang='lat' dir='ltr'><strong>lnecrto</strong></span> <span class='ocrx_word' id='word_1_785' title='bbox 2304 5535 2638 5588; x_wconf 82' lang='lat' dir='ltr'><strong>divitiarum.</strong></span> <span class='ocrx_word' id='word_1_786' title='bbox 2681 5552 2697 5584; x_wconf 76' lang='grc' dir='ltr'><strong>ι</strong></span> <span class='ocrx_word' id='word_1_787' title='bbox 2733 5533 2805 5586; x_wconf 89' lang='lat' dir='ltr'><strong>De</strong></span> <span class='ocrx_word' id='word_1_788' title='bbox 2830 5532 3030 5600; x_wconf 85' lang='lat' dir='ltr'><strong>quibus</strong></span> <span class='ocrx_word' id='word_1_789' title='bbox 3086 5532 3349 5584; x_wconf 83' lang='lat' dir='ltr'><strong>incertum</strong></span> <span class='ocrx_word' id='word_1_790' title='bbox 3398 5540 3482 5584; x_wconf 89' lang='lat' dir='ltr'><strong>est</strong></span> 
     </span>
    </p>
   </div>
   <div class='ocr_carea' id='block_1_119' title="bbox 1916 5622 3482 5691">
    <p class='ocr_par' dir='ltr' id='par_1_119' title="bbox 1916 5622 3482 5691">
     <span class='ocr_line' id='line_1_119' title="bbox 1916 5622 3482 5691; baseline -0.006 -9"><span class='ocrx_word' id='word_1_791' title='bbox 1916 5638 2094 5683; x_wconf 89' lang='lat' dir='ltr'><strong>utrum</strong></span> <span class='ocrx_word' id='word_1_792' title='bbox 2145 5629 2248 5682; x_wconf 75' lang='lat' dir='ltr'><strong>illa:</strong></span> <span class='ocrx_word' id='word_1_793' title='bbox 2294 5628 2413 5691; x_wconf 91' lang='lat' dir='ltr'><strong>tibi,</strong></span> <span class='ocrx_word' id='word_1_794' title='bbox 2443 5643 2512 5680; x_wconf 87' lang='lat' dir='ltr'><strong>an</strong></span> <span class='ocrx_word' id='word_1_795' title='bbox 2569 5636 2623 5679; x_wconf 91' lang='lat' dir='ltr'><strong>tu</strong></span> <span class='ocrx_word' id='word_1_796' title='bbox 2682 5625 2786 5677; x_wconf 88' lang='lat' dir='ltr'><strong>illis</strong></span> <span class='ocrx_word' id='word_1_797' title='bbox 2833 5625 3066 5678; x_wconf 81' lang='lat' dir='ltr'><strong>celerius</strong></span> <span class='ocrx_word' id='word_1_798' title='bbox 3098 5622 3482 5685; x_wconf 78' lang='lat' dir='ltr'><strong>subtrabaris;</strong></span> 
     </span>
    </p>
   </div>
   <div class='ocr_carea' id='block_1_120' title="bbox 1919 5714 3486 5783">
    <p class='ocr_par' dir='ltr' id='par_1_120' title="bbox 1919 5714 3486 5783">
     <span class='ocr_line' id='line_1_120' title="bbox 1919 5714 3486 5783; baseline -0.005 -9"><span class='ocrx_word' id='word_1_799' title='bbox 1919 5721 2098 5775; x_wconf 92' lang='lat' dir='ltr'><strong>multis</strong></span> <span class='ocrx_word' id='word_1_800' title='bbox 2122 5719 2263 5773; x_wconf 87' lang='lat' dir='ltr'><strong>enim</strong></span> <span class='ocrx_word' id='word_1_801' title='bbox 2294 5732 2412 5770; x_wconf 88' lang='lat' dir='ltr'><strong>cum</strong></span> <span class='ocrx_word' id='word_1_802' title='bbox 2441 5718 2543 5769; x_wconf 88' lang='lat' dir='ltr'><strong>vita</strong></span> <span class='ocrx_word' id='word_1_803' title='bbox 2577 5715 2800 5770; x_wconf 69' lang='lat' dir='ltr'><strong>sublatae</strong></span> <span class='ocrx_word' id='word_1_804' title='bbox 2831 5723 2976 5768; x_wconf 88' lang='lat' dir='ltr'><strong>sunt.</strong></span> <span class='ocrx_word' id='word_1_805' title='bbox 3002 5714 3105 5767; x_wconf 84' lang='lat' dir='ltr'><strong>Alii</strong></span> <span class='ocrx_word' id='word_1_806' title='bbox 3133 5716 3364 5783; x_wconf 80' lang='lat' dir='ltr'><strong>propriis</strong></span> <span class='ocrx_word' id='word_1_807' title='bbox 3390 5727 3486 5766; x_wconf 80' lang='lat' dir='ltr'><strong>eas</strong></span> 
     </span>
    </p>
   </div>
  </div>
