3956 6196
533 268 632 331 931

521 472 726 527 traueis
757 469 1112 536 reliquerunt.

595 578 616 614 ι
662 562 767 614 Sed
806 560 858 612 in
895 557 1004 610 Deo
1031 557 1178 609 vivo.
1218 571 1237 604 ι
1270 550 1435 620 Cujus
1460 557 1586 604 sunt
1609 548 1818 603 omnia.

602 669 622 703 ι
653 649 754 716 Qui
794 656 1013 718 praestat
1060 646 1216 700 nobis
1263 645 1444 698 omnia
1494 643 1727 696 abunde.
1777 659 1795 692 ι
1830 639 1930 704 Qui
1966 637 2089 692 ideo

519 744 733 797 abunde
764 746 1004 808 praestat.
1035 747 1092 789 ut
1119 735 1383 792 vivamus.
1408 734 1569 786 etiam
1597 733 1718 786 aliis
1749 730 2042 795 largientes
2073 741 2090 782 :

523 849 628 888 non
667 839 724 884 ut
772 830 961 900 grandi
1004 829 1188 883 labore
1237 827 1606 891 destruentes,
1639 823 1846 893 majora
1890 823 2086 878 horrea

525 924 813 979 faciamus.

602 1053 623 1087 ‹
658 1034 737 1088 Ad
774 1031 1079 1086 fruendum.
1127 1048 1146 1082 ι
1181 1026 1296 1083 Non
1349 1027 1414 1082 ad
1457 1025 1836 1082 occultandam
1897 1023 1979 1078 vel
2005 1037 2095 1078 ne-

527 1126 862 1198 goﬁandunn

606 1257 624 1290 ι
667 1239 813 1291 Bene
845 1234 1267 1304 agerezdivites
1296 1231 1412 1289 ﬁeri
1457 1233 1510 1288 in
1559 1232 1817 1302 operibus
1857 1229 2033 1284 bonis.
2076 1247 2093 1279 ι

532 1328 646 1383 Νοιι
689 1329 740 1381 in
775 1342 909 1381 auro
936 1337 988 1381 et
1012 1334 1257 1396 argento.

605 1461 624 1494 ι
669 1442 852 1496 Facile
904 1441 1162 1503 tribuere,
1222 1437 1645 1492 communicare.
1689 1453 1709 1487 ι
1778 1434 1879 1502 Qui
1941 1431 2102 1488 facile

531 1533 741 1595 tribuit,
775 1533 887 1585 cito
944 1531 1094 1583 dives
1126 1542 1248 1582 esse
1293 1527 1548 1581 cessabit.
1580 1525 1868 1588 Tribuere,
1897 1524 2104 1577 donare

531 1633 617 1678 est
643 1640 660 1681 :
689 1626 1092 1677 communicare
1128 1636 1277 1683 vero,
1309 1619 1537 1673 multum
1569 1619 1721 1674 dare.

1461 257 1526 316 s.
1567 249 2013 314 HIERONYMI
2057 245 2376 306 OPERUM
2421 203 2826 300 MANTISSA:

514 381 716 434 auferri
751 378 920 432 oculis
955 374 1243 436 viderunt;
1279 367 1523 424 nonnulli
1571 367 1728 422 etiam
1762 365 1918 419 inviti
1984 378 2082 416 ex-
2107 371 2159 424 Α
2192 371 2403 428 νεικεῖ(
2433 369 2514 406 me
2547 349 2758 421 (Matth.
2799 359 2913 408 Ill,

2189 451 2624 505 fundamentum.

3663 220 3769 282 932

2941 341 3054 410 2t),
3099 337 3240 409 quod
3281 331 3631 406 perfectionis
3683 343 3770 386 est

2266 561 2284 591 ι
2327 539 2396 594 Ut
2431 533 2842 606 appreliendant
2898 541 3081 583 veram
3134 525 3323 578 vitam.
3365 539 3386 574 ι
3439 519 3567 574 Haec
3615 517 3764 572 enim

2192 649 2298 688 non
2335 641 2419 686 est
2455 643 2580 683 vera
2611 626 2746 688 vita,
2773 637 2891 690 quae
2921 621 2975 674 in
3003 632 3104 672 suo
3132 631 3239 670 non
3267 621 3551 684 permanet
3593 617 3765 665 statu;

2197 722 2418 776 Vanitas
2457 717 2601 772 enim
2655 713 2758 768 sub
2793 711 2934 774 sole,
2961 707 3092 762 dicit
3141 702 3496 760 Ecclesiastes
3550 699 3692 766 (cap.
3727 710 3763 758 ι,

2191 831 2329 870 aera.
2365 813 2447 880 2).

2275 926 2293 958 ι
2339 907 2382 960 0
2413 900 2718 964 Timothee,
2743 895 3048 966 depositum
3077 889 3311 947 custodi.
3348 907 3368 940 ι
3403 883 3763 942 Coinmenda-

2199 1007 2312 1052 tum
2337 1043 2342 1046 .
2363 1012 2392 1048 a
2435 993 2611 1056 nobis,
2641 988 2970 1044 servandum
3026 983 3145 1047 tibi,
3175 980 3296 1036 ﬁdei
3329 978 3640 1048 depositum
3676 991 3766 1028 cu-

2199 1087 2359 1142 stodi.

2277 1199 2295 1229 ι
2336 1177 2589 1232 Devitans
2635 1147 2890 1242 profanas
2929 1183 3124 1223 vocum
3165 1164 3460 1220 novitates.
3501 1180 3520 1212 ι
3560 1158 3713 1226 Quod
3742 1174 3768 1210 ι

2202 1285 2287 1324 me
2321 1284 2424 1322 non
2474 1265 2694 1329 audisti,
2721 1278 2820 1317 nec
2848 1263 2915 1316 ab
2947 1260 3139 1330 angelo
3186 1258 3234 1312 si
3280 1258 3510 1321 dicatur,
3539 1254 3770 1309 libenter

2205 1364 2483 1418 admittas.

2281 1471 2299 1503 ι
2346 1451 2411 1504 Ει
2440 1446 2813 1519 oppositiones
2857 1443 2981 1499 falsi
3016 1441 3252 1496 nominis
3293 1438 3559 1503 scientia,
3615 1451 3768 1506 qnam

2207 1545 2426 1616 quidam
2459 1541 2866 1610 promittentes,
2884 1539 3029 1592 circa
3067 1536 3224 1589 ﬁdem
3259 1533 3599 1588 exciderunt.
3631 1548 3652 1581 ι
3681 1528 3777 1583 Δι’-

2212 1649 2291 1691 tes
2317 1634 2631 1692 dialecticm,
2657 1646 2750 1698 per
2779 1645 2912 1698 quas
2947 1629 3045 1682 sibi
3088 1627 3354 1682 infinitam
3390 1639 3572 1679 rerum
3603 1624 3772 1676 scie-

611 1753 630 1786 ι
666 1733 1065 1787 Tltesaurizare
1091 1731 1192 1786 sibi
1227 1731 1639 1785 fundamentum
1673 1729 1873 1784 bonum
1923 1728 1976 1781 in
2023 1727 2103 1780 fu-
2130 1722 2178 1782 Β
2207 1731 2334 1780 tiam
2369 1723 2608 1789 hacretici
2645 1721 2989 1792 promittunt,
3019 1719 3138 1774 ideo
3171 1733 3202 1791 a
3258 1718 3378 1771 fidei
3431 1715 3664 1769 veritate
3689 1729 3775 1768 ca-

535 1836 738 1877 turum.
788 1841 807 1874 ι
855 1823 1040 1885 Vade;
1087 1823 1247 1877 venda
1301 1823 1498 1882 omnia,
1535 1838 1656 1891 quc
1711 1821 1890 1882 habes,
1938 1828 1984 1870 et
2033 1818 2104 1870 da

535 1916 877 1985 pauperibus,
901 1925 948 1969 et
998 1915 1208 1969 habebis
1254 1917 1556 1968 thesaurum
1594 1917 1648 1968 in
1677 1915 1842 1968 calo:
1868 1923 1914 1966 et
1969 1912 2104 1975 veni,

2215 1820 2366 1871 dunt.

2293 1926 2310 1958 ι
2357 1907 2542 1960 Gratia
2565 1914 2763 1959 tecum.
2797 1902 2987 1956 Amen.
3020 1917 3038 1951 ι
3075 1898 3396 1953 Pcrmaneat
3419 1896 3473 1948 in
3496 1905 3779 1950 aeternum.

545 2098 3748 2129 ΜΨ...-

818 2271 968 2360 ΙΝ-
1023 2267 1656 2360 SECUNDAM
1733 2264 2415 2360 EPISTOLAM
2490 2261 2640 2352 AD
2713 2255 3518 2351 TIMOTHEUM.

2107 2462 2180 2475 ’ν’

1038 2579 1270 2641 CAPUT
1324 2584 1619 2641 PRIMUM.

621 2722 642 2758 t
685 2701 888 2758 Paulus
919 2703 1195 2771 apostolus
1234 2700 1364 2754 Jesu
1403 2688 1609 2753 Christi
1651 2715 1745 2766 per
1773 2702 2108 2755 voluntatem

546 2799 665 2853 Dei.
711 2816 729 2848 ι
783 2797 898 2849 Non
954 2796 1090 2848 meis
1145 2793 1353 2848 meritis
1391 2793 1550 2850 :sive
1579 2809 1610 2847 a
1639 2793 1859 2848 Christo
1889 2795 2110 2856 missus,

547 2905 656 2944 non
691 2887 810 2943 sine
851 2883 946 2938 Dei
985 2885 1283 2938 voluntate.
1515 2879 1520 2882 ’

621 2998 642 3030 ι
680 2976 988 3034 Secundum
1017 2975 1429 3042 promissionem
1452 2972 1601 3042 vitae;
1618 2990 1737 3044 qua:
1764 2983 1848 3031 est
1877 2975 1932 3028 in
1959 2973 2115 3030 Chri-

2215 2605 2433 2645 causam
2458 2588 2729 2642 admoneo
2751 2596 2822 2641 te.
2854 2603 2872 2636 ι
2897 2583 3035 2656 Quia
3054 2583 3396 2652 comprobavi
3425 2581 3589 2637 [idem
3615 2590 3786 2648 tuam,

2216 2682 2548 2736 commoneri
2584 2681 2811 2749 indiges,
2845 2693 2951 2732 non
2984 2677 3192 2732 doceri.

2295 2789 2314 2822 ι
2345 2770 2416 2825 Ut
2459 2770 2759 2825 resusciles
2806 2769 3034 2839 gratiam
3071 2767 3188 2822 Dei.
3219 2785 3236 2818 ι
3274 2766 3438 2834 Quasi
3484 2767 3797 2821 tribulatio—

2221 2862 2382 2918 nibus
2415 2864 2825 2916 dormitantem.

2295 2974 2314 3008 ι
2345 2957 2475 3022 Quae
2511 2965 2599 3010 est
2629 2955 2681 3009 in
2711 2966 2764 3010 te
2793 2970 2886 3026 per
2911 2955 3310 3024 impositionem
3343 2970 3612 3009 manuum
3652 2969 3792 3009 mea-

545 3077 630 3123 sto
656 3065 805 3121 Jesu.
849 3084 866 3116 ι
900 3037 1240 3133 Condignum
1272 3066 1541 3122 exhibens
1580 3037 1954 3138 promissione
2000 3085 2114 3124 ser-
2142 3037 2188 3100 ο
2221 3066 2363 3104 "1*"-
2387 3067 2404 3097 ‘
2436 3049 2515 3102 Ad
2542 3050 2910 3118 ερίεοουειιιιιη
2943 3049 3177 3103 “incel-

546 3161 759 3215 vitium.

625 3267 646 3302 ι
685 3247 969 3304 Timotheo
993 3248 1315 3305 charissimo
1345 3249 1475 3304 ﬁlio.
1505 3267 1524 3302 ι
1554 3248 1913 3320 Cltarissimo,
1934 3252 1983 3307 id
2008 3261 2114 3318 est,

547 3343 766 3396 caeteris
797 3342 1058 3396 cbariori.
1732 3394 1736 3398 .

630 3447 650 3481 ι
691 3429 878 3483 Gratia
907 3441 961 3484 et.
1000 3431 1392 3496 misericordia,
1422 3440 1478 3487 et
1512 3446 1614 3502 pax
1649 3448 1676 3486 ιι
1713 3431 1825 3487 Deo
1855 3432 2034 3498 Patre,
2067 3445 2121 3488 et

547 3522 773 3574 Cbrism
814 3517 940 3574 Jesu
998 3520 1225 3576 Domino
1275 3531 1483 3577 nostro.
1533 3541 1552 3574 ι
1581 3523 1726 3578 Talis
1755 3536 1838 3580 est
1861 3526 2121 3580 salutatio

550 3609 807 3675 l’auli,ut
861 3610 912 3663 in
964 3624 1028 3664 ea
1080 3613 1263 3665 omnia
1306 3611 1486 3667 Patris
1515 3625 1571 3668 et
1599 3612 1800 3668 Christi
1859 3615 2119 3670 beneﬁcia

552 3711 950 3758 memorentur.

629 3811 650 3844 ε
689 3792 905 3847 Gratias
935 3808 1036 3866 ago
1085 3795 1195 3850 Deo
1227 3811 1366 3852 meo.
1406 3815 1426 3849 ι
1457 3796 1567 3854 Deo
1613 3799 1708 3868 qui
1753 3815 1850 3855 nos
1883 3799 2041 3856 talem
2068 3800 2121 3855 in

549 3884 876 3940 alterutrum
905 3886 1089 3942 docuit
1120 3888 1462 3944 cbaritatem.

630 3995 652 4030 ι
695 3977 792 4032 Cui
819 3980 998 4034 servio
1025 3996 1054 4032 a
1083 3981 1521 4052 progenitoribus
1543 3985 1678 4038 meis
1709 3986 1763 4037 in
1788 3963 2138 4040 conscientia‘

556 4086 732 4140 pura.
760 4088 780 4122 ι
839 4070 1032 4124 Omnis
1073 4074 1225 4141 origo
1259 4089 1372 4126 mea
1408 4076 1579 4128 coluit
1609 4091 1772 4129 unum
1799 4077 2076 4130 Christum
2107 4091 2122 4126 :

554 4178 660 4216 non
712 4162 1114 4227 malevolentia,
1141 4167 1234 4218 sed
1267 4165 1398 4235 legis
1447 4166 1793 4222 aemulatione
1820 4169 2125 4222 vastabam.

629 4271 649 4304 ι
691 4252 846 4319 Quod
875 4256 992 4308 sine
1017 4256 1418 4310 intermissione
1445 4257 1670 4312 habeam
1700 4259 1778 4314 tui
1805 4261 2122 4314 memoriam

555 4346 610 4398 in
641 4347 974 4398 orationibus
1013 4346 1167 4411 meis,
1206 4358 1362 4402 nocte
1389 4361 1453 4402 ac
1489 4349 1575 4402 die
1621 4349 1935 4403 desiderans
1964 4361 2014 4405 te
2038 4352 2120 4404 vi-
2157 4371 2202 4424 ι)

555 4438 707 4490 dere.
749 4454 767 4487 ι
823 4434 889 4489 Et
941 4437 1261 4492 cbaritalem
1295 4437 1554 4506 ostendit,
1584 4450 1638 4494 et
1683 4439 1887 4510 jugiter
1937 4443 2126 4498 orandi

559 4529 763 4596 praebet
791 4528 1121 4597 exemplum.

638 4636 658 4670 ι
699 4618 904 4672 Memor
921 4617 1282 4690 lacrymarum
1304 4628 1605 4685 tuarum,ut
1627 4623 1824 4694 gaudio
1843 4625 2124 4697 impleara

559 4708 707 4776 Quas
738 4724 836 4778 pro
865 4723 952 4762 me
981 4709 1196 4764 abunde
1226 4711 1540 4780 profudisti,
1566 4724 1627 4768 ut
1667 4726 1722 4770 et
1754 4731 1839 4770 me
1865 4719 1932 4772 ad
1961 4719 2131 4774 tristi-

559 4805 685 4854 tiam
721 4815 1044 4872 provocares
1081 4817 1097 4856 :
1125 4818 1259 4872 quas
1293 4814 1380 4860 tua
1415 4807 1611 4876 adopto
1660 4811 1945 4878 praesentia
1973 4828 2125 4868 reve-

558 4893 681 4946 lari.

634 5003 654 5038 ι
701 4984 1159 5040 Recordationem
1189 4989 1464 5058 accipiens
1495 4989 1612 5058 ejus
1645 4989 1793 5060 ﬁdei,
1825 5008 1942 5064 quae
1975 5004 2057 5048 est
2079 4994 2131 5049 in

561 5090 614 5135 te
646 5095 754 5133 non
784 5081 931 5140 ficta,
984 5093 1103 5148 qua:
1135 5089 1182 5133 et
1219 5080 1482 5135 habitavit
1527 5082 1758 5152 primum
1795 5085 1848 5138 in
1893 5089 2011 5139 avia
2044 5097 2131 5141 tua

554 5165 750 5227 loida.
795 5186 815 5220 ι
848 5167 980 5234 Quae
1011 5184 1134 5224 vere
1161 5179 1211 5224 te
1243 5184 1366 5224 esse
1395 5172 1448 5225 in
1505 5173 1761 5242 operibus
1795 5171 2133 5244 comprobat,

563 5264 707 5316 sicut
737 5258 972 5317 Jacobus
1000 5260 1244 5315 definivit
1275 5261 1415 5331 (Jac.
1465 5279 1528 5330 tt,
1572 5265 1664 5336 20)
1698 5281 1714 5331 ;
1743 5275 1796 5320 et
1825 5282 1945 5336 qtia'.
1981 5269 2046 5322 ad
2083 5279 2132 5322 te

562 5367 628 5406 ex
653 5355 809 5407 avita:
831 5353 1192 5408 successionis
1216 5354 1578 5422 institutione,
1605 5357 1760 5424 quasi
1787 5358 2132 5416 bacreditario

561 5445 681 5516 jure
711 5445 1013 5500 descendit.

644 5555 664 5589 ‹
699 5536 767 5592 Ει
803 5550 972 5594 matre
1001 5549 1094 5594 tua
1127 5539 1354 5594 Eunice.
1397 5558 1416 5592 ›
1451 5539 1587 5606 Quia
1623 5541 1772 5612 prior
1797 5543 2044 5599 credidit.

647 5647 666 5682 ι
699 5630 892 5687 Certus
923 5648 1043 5689 sum
1073 5642 1253 5692 autent
1283 5634 1428 5705 quod
1457 5643 1511 5692 et
1532 5635 1582 5691 in
1609 5643 1684 5690 te.
1716 5635 1944 5708 Pr0pter
1970 5653 2130 5708 quam

2297 3140 2456 3196 «Non
2485 3143 2632 3195 enim
2668 3141 2814 3196 dedit
2853 3142 3007 3195 nobis
3066 3139 3208 3194 Deus
3253 3138 3504 3210 spiritum
3556 3140 3790 3203 timoris,

2221 3237 2312 3291 sed
2339 3237 2578 3291 virtutis.
2605 3254 2624 3287 ι
2659 3235 3056 3290 Contemncndi
3101 3250 3312 3304 ptenas.
3354 3235 3431 3288 Illi
3466 3237 3670 3289 merito
3699 3235 3792 3288 b-

2223 3341 2381 3380 niana
2413 3327 2675 3395 supplicia
2714 3327 2966 3380 videntur
3029 3325 3326 3381 formidare
3372 3327 3466 3396 qui
3518 3338 3787 3393 peccant:

2229 3428 2296 3482 ut,
2332 3418 2461 3472 alibi
2509 3418 2684 3472 dicit:
2732 3415 2792 3472 Si
2823 3426 2997 3471 autem
3043 3415 3402 3486 malefeceris,
3445 3417 3574 3471 time
3623 3416 3790 3488 (Bon.

2224 3525 2345 3574 xui,
2374 3510 2453 3580 4).

2299 3623 2413 3676 «Et
2465 3621 2798 3689 dilectionis,
2853 3634 2908 3677 et
2965 3623 3296 3678 sobrietatis.
3327 3639 3346 3674 ι
3386 3623 3516 3696 ξὶνε
3566 3639 3676 3694 pro
3731 3638 3792 3677 eo

2221 3713 2474 3778 Domino,
2505 3718 2622 3768 sive
2661 3729 2758 3782 pro
2806 3713 3093 3768 alterutro.
3153 3711 3411 3767 Libenter
3455 3715 3631 3768 etiam
3687 3729 3792 3768 mo-

2225 3805 2450 3871 riamur,
2480 3815 2538 3860 ut
2567 3805 2749 3860 omnia
2780 3805 2962 3860 sobria
3002 3815 3182 3859 mente
3208 3804 3501 3858 faciamus.

2301 3898 2464 3954 «Noli
2521 3898 2709 3968 itaque
2764 3899 3097 3952 erubescere
3150 3897 3518 3950 testimoaium
3582 3897 3795 3951 Domini

2225 3993 2396 4049 nostri
2430 4009 2446 4047 :
2487 4006 2658 4060 neque
2689 4006 2774 4044 me
2829 3989 3066 4042 vinctum
3100 3985 3237 4056 ejus.
3267 4004 3286 4038 ο
3324 3987 3464 4052 Quia
3494 3988 3640 4042 nihil
3671 4003 3794 4042 con-

2225 4083 2439 4139 fusione
2489 4083 2710 4151 dignum
2772 4079 3024 4134 Christus
3073 4077 3482 4132 exercuitzsed
3534 4093 3648 4131 nec
3681 4092 3797 4144 ego,

2227 4190 2386 4246 quem
2419 4173 2581 4238 nosti,
2612 4173 2680 4228 ob
2705 4171 2921 4240 aliquod
2977 4172 3209 4233 crimen,
3247 4169 3342 4222 sed
3371 4179 3604 4239 propter
3631 4171 3798 4226 Deum

2231 4271 2343 4322 haec
2373 4269 2554 4321 omnia
2577 4280 2698 4334 quae
2731 4264 2926 4333 patior,
2949 4261 3212 4317 sustineo.

2307 4376 2326 4410 ι
2351 4358 2466 4414 Sed
2491 4357 2766 4412 collabora
2806 4355 3123 4426 Evangelio.
3155 4373 3177 4408 ι
3229 4353 3344 4410 Tua
3383 4356 3803 4412 conversatione

2229 4454 2349 4508 sive
2380 4450 2648 4506 doctrina.

2305 4517 2656 4599 (Secundum
2685 4543 2939 4597 virtutem
2968 4540 3086 4596 Dei.
3117 4558 3137 4591 ι
3164 4541 3295 4606 Qua:
3321 4554 3420 4595 sua
3439 4554 3614 4595 causa
3656 4541 3804 4609 adju-

2233 4647 2323 4691 vat
2353 4636 2687 4690 laborantes.

2310 4746 2328 4778 σ
2357 4725 2459 4793 Qui
2520 4741 2622 4781 nos
2672 4725 2946 4790 liberavit,
2995 4734 3052 4780 et
3098 4726 3316 4782 vocavit
3369 4725 3669 4780 vocatione
3715 4737 3804 4778 sua

2231 4835 2442 4875 sancta.
2473 4837 2493 4870 ι
2527 4819 2750 4873 Scilicet
2775 4833 2804 4872 a
2839 4818 3102 4885 peccatis.

2312 4909 2470 4965 «Non
2526 4910 2824 4965 secundum
2877 4924 3042 4978 opera
3103 4917 3315 4974 nostra,
3353 4908 3450 4961 sed
3503 4908 3802 4962 secundum

2237 5001 2571 5071 propositum
2597 5015 2779 5064 suum,
2815 5007 2872 5054 et
2899 4999 3152 5070 gratiam,
3180 5013 3302 5068 qua
3349 4996 3480 5053 data
3511 5007 3602 5053 est
3652 4995 3808 5051 nobis

2237 5092 2550 5168 in.Cbt‘isto
2576 5089 2726 5147 Jesu.
2755 5109 2775 5141 ι
2810 5090 2930 5156 Quo
2962 5091 3244 5162 proposuit
3278 5105 3379 5146 nos
3404 5095 3577 5160 gratis
3595 5089 3810 5156 salvere

2233 5200 2334 5256 per
2363 5183 2670 5240 Christum.
3229 5189 3248 5210 ⁰
3403 5245 3414 5248 _

2316 5296 2333 5329 ι
2367 5276 2508 5331 Ante
2548 5286 2790 5345 tempora
2843 5274 3145 5332 saecularia.
3178 5292 3199 5328 ι
3227 5275 3508 5340 Quantum
3560 5276 3635 5328 ad
3679 5289 3808 5345 pral-

2239 5364 2533 5421 scientiam
2569 5363 2688 5430 Dei,
2718 5367 2847 5420 ante
2879 5366 3074 5420 saecula
3099 5363 3212 5433 jam
3257 5365 3504 5418 donavit.
3525 5362 3668 5417 Nam
3717 5365 3810 5416 bo-

2237 5459 2422 5512 mines
2479 5457 2655 5512 solent
2689 5456 2820 5512 filiis
2856 5472 3050 5528 parare
3097 5457 3320 5526 praedia,
3358 5459 3676 5526 priusqua
3719 5471 3810 5508 na-

2241 5557 2497 5605 scantur.

2314 5661 2333 5696 ι
2357 5641 2696 5707 Manifestata
2714 5651 2798 5700 est
2819 5653 3000 5701 autem
3023 5659 3190 5702 nunc.
3215 5661 3235 5698 ι
3261 5637 3396 5710 Quae
3427 5653 3550 5698 ante
3577 5642 3811 5696 latebat.
