3956 6196
266 303 370 368 933

1240 299 1651 363 EXPOSITIO
1689 301 1764 361 1N
1798 301 2038 364 EPIST.
2081 299 2107 361 Ι
2145 304 2243 362 AD
2273 302 2592 361 ΤὶΜῡἿἮ.

3404 303 3509 368 934

335 429 355 463 ι
406 410 512 465 Per
576 409 1025 466 illumit‘tationem
1103 411 1403 467 Salvatoris
1463 411 1642 463 nostri
1703 409 1830 464 Jcsu
1867 428 1906 477 Α
1937 412 2130 467 deliter
2181 419 2410 482 possunt
2463 411 2690 481 gratiam
2723 407 2815 462 Dei
2847 407 3162 478 dispensare
3199 408 3348 464 :hoe
3401 425 3507 478 est,

257 502 489 558 Christi.
515 519 534 554 ι
571 502 765 556 Verbis
796 503 1005 559 scilicet
1034 512 1088 557 et
1119 503 1399 571 exemplis.

336 611 358 646 ι
390 593 493 658 Qui
547 592 824 648 destruxit
883 594 1105 662 quidem
1170 602 1404 649 mortem
1445 610 1461 649 :
1508 593 1839 649 illuminavit

258 693 440 738 autem
464 683 632 736 vitam
659 692 716 737 et
750 685 1240 754 incorruptionem.
1274 703 1293 736 ι
1329 685 1584 741 Doctrina
1617 681 1718 741 ’sua
1783 695 1838 741 et

256 777 676 829 conversatione
725 775 995 830 destruxit
1026 787 1276 844 peccata,
1307 791 1428 845 quae
1463 788 1692 832 mortem
1737 782 1836 832 ho-

260 863 426 916 minis
473 862 803 932 generabant
835 877 850 915 :
883 873 938 917 et
993 864 1234 920 ostendit
1284 865 1558 934 quomodo
1623 870 1732 920 vita
1782 877 1836 920 ct

255 953 600 1023 incorruptio
631 963 926 1022 quaeratur.

336 1063 355 1095 ι
382 1044 482 1097 Per
510 1045 885 1116 Evangelium.
916 1063 933 1098 ι
972 1044 1230 1103 V-ulentes
1262 1049 1479 1116 docuit,
1509 1065 1613 1104 non
1652 1049 1833 1121 coegit

259 1135 488 1190 invitos.

289 1224 294 1228 ’
339 1248 357 1279 ι
390 1226 446 1281 ιη
471 1243 579 1298 quo
601 1229 812 1299 positus
843 1245 961 1285 sum
990 1246 1091 1302 ego
1122 1233 1470 1300 praedicator,
1503 1242 1557 1287 et
1610 1245 1833 1303 apostm

265 1320 376 1385 lus,
403 1331 460 1376 et
545 1326 807 1393 magister
869 1325 1184 1392 gentium.)
1227 1327 1306 1377 Ad
1369 1330 1829 1392 comparationem

262 1415 492 1467 aliorum
528 1425 761 1481 possunt
794 1414 902 1469 dici
939 1416 1208 1483 magistri.
1235 1415 1314 1469 Ad
1366 1417 1829 1485 comparationem

265 1521 426 1559 nemo
460 1505 717 1571 magister
746 1520 930 1560 verus.
1583 1493 1587 1496 ’

339 1613 360 1647 ι
385 1595 466 1650 Ol)
497 1612 660 1666 quant
704 1611 928 1650 causam
963 1597 1124 1651 etiam
1159 1598 1274 1652 hinc
1306 1598 1503 1666 patior.
1542 1616 1559 1648 ι
1609 1597 1728 1651 Νοιι
1761 1598 1831 1651 ob

263 1689 483 1758 aliquod
515 1689 747 1754 crimen,
773 1689 932 1742 sicuti
969 1706 1068 1744 nos
1102 1691 1210 1758 pati
1233 1689 1427 1743 Petrus
1472 1690 1719 1742 hortatur
1751 1689 1829 1742 di-

1940 505 2113 560 solius
2147 505 2239 558 Dei
2271 519 2438 558 causa
2471 504 2788 572 praedicare.

2015 614 2034 647 ι
2065 595 2168 664 Qui
2201 594 2380 650 idonei
2410 603 2571 648 erunt
2615 602 2668 646 et
2711 593 2849 646 alios
2880 593 3098 650 docere.
3133 611 3152 645 ι
3188 593 3303 650 Non
3339 594 3507 651 solum

1937 687 2040 757 ipsi
2073 687 2275 751 facere,
2302 687 2397 740 sed
2423 695 2478 739 et
2501 685 2640 738 alios
2669 685 2912 741 erudire.

2013 797 2032 829 ι
2061 777 2269 830 Lahora
2314 777 2454 831 sicut
2489 776 2665 830 bonus
2701 776 2857 830 miles
2896 775 3098 832 Christi
3127 776 3281 832 Jesu.
3317 796 3334 829 ι
3393 777 3508 833 lder

1939 872 2133 924 milites
2159 870 2415 932 dicimur,
2441 870 2566 936 quia
2609 871 2794 923 hostes
2822 868 3108 936 habemus,
3146 879 3335 924 contra
3363 886 3506 940 quos

1937 959 2217 1013 laboriose
2245 960 2502 1014 debemus
2538 958 2822 1012 dimicare.

2013 1067 2032 1100 ι
2059 1049 2227 1105 Nemo
2259 1050 2500 1103 militans
2531 1047 2660 1113 Deo,
2699 1048 2940 1119 implicat
2988 1063 3048 1104 se
3080 1052 3312 1120 negotiis
3343 1067 3510 1106 smon-

1935 1142 2164 1204 laribus,
2197 1157 2253 1194 ut
2280 1141 2488 1210 placeat
2517 1141 2564 1194 ei
2600 1142 2688 1195 cui
2735 1156 2795 1196 se
2850 1142 3124 1211 probavit.
3157 1162 3175 1195 ι
3207 1143 3510 1215 Compara-

1936 1236 2085 1286 tione
2116 1231 2465 1285 militantium
2515 1233 2704 1293 utitur,
2733 1242 2792 1286 ut
2839 1235 3087 1287 ostendat
3130 1236 3300 1290 multo
3343 1237 3518 1305 magis-

1935 1336 2034 1375 nos
2082 1336 2113 1374 a
2145 1321 2373 1389 negotiis
2418 1321 2772 1375 saecularibus
2821 1323 3021 1378 liberos
3047 1336 3168 1380 esse
3201 1327 3417 1390 debere,
3448 1339 3510 1383 ut

1933 1413 2152 1468 Christo
2181 1415 2486 1482 placeamus
2519 1429 2534 1467 :
2567 1430 2687 1468 cum
2719 1417 2879 1469 etiam
2907 1418 3092 1472 saeculi
3127 1420 3326 1474 milites
3348 1437 3376 1475 a
3413 1437 3502 1475 re—

1933 1505 2097 1572 liquis
2153 1505 2367 1560 actibus
2395 1514 2612 1570 vacent,
2655 1515 2715 1559 ut
2768 1508 2982 1574 possint
3038 1508 3358 1579 imperatori
3407 1528 3516 1566 suo

1933 1595 2145 1665 placere
2175 1595 2434 1665 perfecte.
2504 1586 2510 1592 ’

2010 1703 2030 1738 ι
2062 1687 2195 1740 Nam
2241 1698 2295 1742 et
2328 1689 2419 1757 qui
2450 1697 2622 1744 certat
2670 1689 2723 1742 in
2773 1703 2968 1758 agone,
2997 1706 3108 1747 non
3157 1695 3508 1750 coronabitur

262 1793 397 1832 cens
433 1794 449 1830 :
482 1775 650 1830 Nemo
693 1789 919 1831 vestrum
957 1783 1199 1840 patiatur
1226 1780 1384 1849 quasi
1413 1780 1673 1832 homicida
1707 1794 1726 1832 :
1755 1778 1828 1830 sic
1863 1781 1910 1841 Β
1941 1778 2041 1830 nisi
2093 1778 2331 1847 legitime
2383 1781 2694 1834 certaverit.
2720 1799 2738 1832 ι
2831 1781 2948 1834 Alia
2992 1789 3394 1852 compar-mione
3453 1786 3508 1841 id

263 1879 438 1923 autem
467 1879 521 1921 ut
559 1866 920 1934 Christianus,
948 1886 1050 1924 non
1079 1871 1355 1924 erubescat
1385 1869 1435 1939 (Ι
1461 1869 1607 1924 Petr.
1641 1884 1718 1933 tv,
1740 1869 1830 1934 15,

265 1964 378 2032 to).

343 2073 360 2105 ι
390 2053 496 2107 Sed
535 2069 638 2108 non
663 2053 1041 2107 confundor.»
1077 2053 1176 2108 ilic
1212 2071 1319 2109 non
1345 2055 1618 2111 erubescit
1655 2055 1705 2109 in
1740 2068 1833 2108 ca-

269 2148 430 2212 tenis,
461 2160 582 2198 cum
617 2159 714 2199 nos
738 2145 790 2198 in
824 2145 953 2199 solis
993 2148 1300 2214 opprobriis
1334 2147 1755 2203 confundamnr.

343 2257 362 2289 ι
391 2238 518 2292 Scio
551 2239 696 2292 enim
720 2239 808 2291 cui
839 2239 1066 2306 credidi,
1103 2251 1155 2293 et
1182 2249 1365 2294 certus
1399 2255 1542 2303 sum,
1577 2242 1702 2308 quia
1739 2254 1832 2306 po-

266 2341 389 2386 lens
416 2341 522 2386 est.
550 2350 568 2383 ι
607 2331 732 2386 Scio
763 2333 906 2386 enim
937 2346 1059 2385 eum
1099 2329 1324 2386 ﬁdelem
1344 2343 1394 2387 et
1427 2345 1724 2403 potentem.

343 2424 704 2493 «Depositum
771 2438 948 2476 meum
1012 2439 1232 2478 servare
1291 2425 1345 2479 in
1405 2426 1554 2478 illum
1615 2426 1826 2480 diem.»

265 2518 419 2587 Apud
463 2532 548 2570 me
588 2516 727 2586 ipse,
759 2515 904 2583 quod
957 2515 1230 2584 deposuit,
1262 2518 1608 2572 conservabit
1661 2533 1676 2571 :
1719 2519 1834 2572 sive

267 2610 409 2678 quod
457 2623 556 2677 ego
595 2610 734 2678 apud
789 2607 937 2660 illum
1001 2611 1342 2672 commendo,
1380 2613 1628 2663 restituet
1663 2611 1713 2662 in
1751 2608 1836 2663 fu-

271 2712 412 2755 turo.
547 2769 552 2774 ι
1771 2699 1776 2704 ’

345 2813 363 2845 ι
391 2794 645 2848 Formam
697 2794 836 2848 habe
883 2807 1142 2847 sanorum
1174 2792 1490 2857 verborum,
1522 2807 1640 2860 quae
1680 2808 1708 2844 a
1749 2806 1836 2847 me

267 2887 467 2940 audisti
491 2887 546 2939 in
579 2885 725 2952 ﬁdei,
757 2894 813 2940 et
844 2886 898 2939 in
931 2886 1224 2939 dilectione
1278 2885 1332 2938 in
1375 2884 1594 2937 Christo
1621 2880 1776 2936 Jesu.
1809 2901 1827 2935 ι

269 2978 574 3032 Secundum
605 2994 776 3032 meam
805 2977 1035 3032 formam
1061 2977 1182 3030 vide
1215 2984 1269 3029 et
1300 2975 1460 3040 doce,
1491 2989 1654 3042 quam
1690 2990 1718 3048 a
1749 2991 1834 3027 me

269 3071 504 3125 breviter
547 3072 822 3140 accepisti,
888 3069 1166 3140 quomodo
1217 3069 1428 3138 integre
1502 3071 1727 3121 credere
1782 3075 1834 3121 et

267 3167 589 3220 alterutrum
622 3167 848 3232 diligere
887 3163 1205 3218 debeamus.

347 3257 596 3310 «Bonum
629 3255 931 3324 depositum
987 3253 1228 3318 custodi,
1261 3266 1357 3322 per
1405 3251 1663 3319 Spiritum
1709 3266 1836 3307 san-

269 3362 442 3416 ctum,
464 3350 551 3417 qui
584 3349 790 3402 habitat
817 3347 870 3400 in
903 3346 1112 3400 nobis.»
1147 3344 1299 3410 Quod
1325 3343 1467 3412 apud
1503 3350 1554 3396 te
1589 3357 1683 3410 per
1709 3341 1835 3410 Spio
1871 3385 1873 3388 ι

273 3443 436 3494 ritum
477 3450 724 3493 sanctum
759 3436 1160 3499 commendavi,
1198 3433 1472 3501 a-djutorio
1514 3432 1634 3501 ejus
1663 3431 1837 3500 depo-

269 3537 433 3588 situm
471 3532 707 3589 custodi.

344 3645 364 3678 ι
391 3626 509 3679 Scis
545 3623 692 3678 enim
747 3622 870 3686 hoc,
905 3621 1050 3690 quod
1081 3617 1258 3674 aversi
1303 3625 1429 3672 sunt
1462 3632 1492 3670 a
1537 3631 1622 3670 me
1646 3628 1836 3669 omnes

270 3717 364 3786 qui
393 3719 445 3771 itt
481 3718 606 3774 Asia
641 3725 768 3770 sunt
802 3730 819 3770 :
850 3729 916 3766 ex
943 3713 1140 3782 quibus
1165 3719 1253 3765 est
1279 3709 1555 3781 Phygelus
1613 3715 1669 3762 et
1704 3705 1838 3760 lier-

270 3823 546 3878 mogenes.
582 3827 601 3859 ι
639 3807 851 3862 Idcirco
898 3816 950 3860 te
998 3818 1340 3867 commoneo,
1369 3802 1492 3872 quia
1544 3816 1680 3870 quos
1727 3814 1834 3853 non

269 3903 550 3971 putabam,
587 3915 673 3954 tne
710 3899 1142 3968 dereliquerunt.

347 4011 368 4043 ι
403 3995 498 4048 llet
529 3991 956 4046 misericordiam
989 3989 1248 4044 Dominus
1275 3985 1599 4057 Onesiphori
1626 3981 1835 4037 domui:

270 4087 396 4156 quia
425 4100 565 4155 saepe
597 4099 681 4138 me
731 4083 1092 4152 refrigeravit,
1123 4091 1179 4136 et
1221 4089 1468 4135 catenam
1521 4091 1695 4131 meam
1728 4090 1834 4128 non

268 4179 507 4235 erubuit.
541 4195 560 4229 ι
600 4174 886 4234 Vituuerat
930 4176 1262 4235 desertores,
1297 4180 1352 4226 et
1390 4171 1574 4225 laudat
1624 4181 1838 4236 perma-

272 4282 504 4325 nentes:
538 4279 595 4324 ut
647 4267 924 4323 deterreat
973 4267 1042 4320 ab
1101 4265 1402 4318 imitatione
1457 4261 1624 4326 mala,
1651 4269 1706 4312 et
1766 4255 1834 4309 ad

271 4361 578 4429 exemplum
603 4369 859 4430 provocet
886 4358 1111 4412 bonum.

1937 1869 2112 1935 ipsum
2148 1870 2300 1922 dicit.
2329 1869 2475 1923 Multi
2507 1873 2648 1923 enim
2678 1879 2890 1925 certant
2927 1889 2942 1926 :
2973 1873 3066 1928 scd
3099 1875 3189 1928 ille
3220 1875 3390 1937 solus.
3415 1878 3507 1944 qui

1938 1969 2048 2013 tota
2087 1959 2288 2013 virtute
2312 1961 2525 2025 vicerit,
2551 1971 2868 2015 coronatur.

1955 2039 2033 2102 ‘c
2073 2051 2440 2106 Laborantem
2503 2054 2802 2122 agricolam
2867 2064 3082 2124 oportet
3147 2058 3383 2125 primum
3441 2059 3508 2113 de

1935 2143 2202 2198 fructibus
2231 2145 2497 2214 accipere.
2530 2164 2549 2195 ι
2588 2145 2664 2199 Ne
2711 2147 2940 2210 diceret,
2977 2145 3128 2202 Unde
3159 2165 3288 2217 ergo
3325 2150 3507 2204 victu.

1937 2251 2030 2290 rus
2064 2252 2207 2302 sum,
2240 2237 2284 2290 si
2343 2251 2428 2290 me
2483 2246 2650 2292 totum
2707 2253 3044 2309 occupavero
3106 2241 3158 2292 in
3215 2240 3508 2296 doctrina?

1935 2329 2172 2382 ostendit
2205 2344 2324 2381 eum
2369 2328 2638 2395 primitias
2668 2330 2942 2383 fructuum
2975 2345 3004 2382 a
3057 2331 3255 2397 popqu
3307 2333 3506 2385 debere

1934 2421 2200 2490 accipere,
2225 2431 2414 2489 praeter
2439 2423 2760 2483 mercedem,
2781 2438 2941 2492 quant
2980 2437 3010 2475 a
3035 2421 3262 2478 Domino
3280 2427 3506 2496 accipiet

1937 2511 1988 2563 in
2028 2510 2229 2564 futuro.

2013 2619 2030 2651 ι
2059 2601 2308 2670 lntellige
2339 2619 2457 2672 qua:
2500 2603 2642 2659 dico.
2670 2603 2832 2658 Dabit
2857 2606 3001 2660 enim
3031 2605 3129 2660 tibi
3159 2606 3416 2661 Dominus
3451 2609 3504 2668 in

1937 2695 2190 2748 omnibus
2241 2695 2588 2750 intellectum.
2621 2715 2638 2747 ι
2673 2695 2870 2750 Eorum
2919 2712 3037 2766 quae
3095 2711 3316 2768 propter
3365 2716 3512 2770 qua:-

1940 2795 2119 2838 rentes
2149 2787 2513 2852 occasionem,
2543 2788 2971 2856 comparationis
2997 2793 3263 2845 velamine
3294 2793 3510 2846 fuerant

1936 2875 2283 2930 obumbrata.

2016 2983 2036 3016 α
2067 2967 2269 3020 Memor
2298 2975 2414 3020 esto
2447 2967 2730 3022 Deminum
2766 2969 2950 3023 Iesum
2982 2969 3258 3024 Christum
3301 2988 3491 3027 resur-

1939 3060 2146 3110 rexisse
2173 3073 2202 3110 a
2241 3060 2491 3116 mortuis.
2520 3075 2583 3112 ex
2618 3062 2826 3114 semine
2877 3061 3069 3116 David.
3097 3081 3116 3114 ι
3169 3061 3282 3118 Hoc
3315 3077 3511 3120 contra.

1941 3149 2058 3202 illos
2088 3150 2181 3218 qui
2211 3151 2394 3203 carnis
2425 3152 2878 3206 resurrectionem
2914 3167 3131 3221 negant,
3165 3169 3503 3226 consequen-

1935 3248 2017 3294 ter
2068 3243 2228 3294 etiam
2259 3237 2466 3296 Christi
2501 3242 2767 3312 negabant
2795 3259 2811 3296 :
2837 3246 2930 3296 sed
2959 3257 3011 3296 et
3044 3248 3306 3300 adversus
3359 3249 3508 3314 illos,

1932 3330 2024 3397 qui
2058 3340 2253 3399 negant
2283 3328 2559 3384 Christum
2593 3333 2646 3384 in
2680 3347 2846 3385 carne
2880 3336 3094 3386 venisse
3133 3348 3148 3386 :
3178 3349 3316 3404 quos
3342 3335 3506 3391 Joan-

1933 3437 2028 3476 nes
2052 3421 2416 3477 Antichristos
2446 3421 2678 3492 appellat
2716 3421 2763 3489 (1
2793 3422 2954 3478 Joan.
3001 3440 3060 3486 tt,
3090 3425 3204 3488 22).

2009 3531 2029 3565 ι
2078 3515 2386 3568 Secundum
2443 3514 2796 3583 Evangelium
2868 3531 3071 3570 meum.
3121 3534 3142 3567 ι
3195 3517 3506 3572 Secundum

1935 3607 2078 3678 quod
2111 3621 2195 3659 me
2241 3608 2540 3676 prmdicare
2567 3600 2674 3662 non
2701 3609 2942 3661 nescitis.

2012 3715 2032 3749 ι
2061 3697 2115 3750 In
2153 3712 2261 3767 quo
2313 3697 2501 3751 laboro
2531 3711 2700 3766 usque
2762 3697 2830 3751 ad
2871 3697 3087 3753 vincula
3144 3699 3304 3769 quasi
3363 3703 3508 3757 male

1935 3808 2189 3863 operans,
2220 3811 2238 3844 ι
2277 3792 2396 3845 Non
2430 3802 2608 3847 tamen
2639 3792 2803 3846 male.

2011 3904 2030 3936 ι
2063 3884 2168 3940 Sed
2199 3884 2424 3939 verbum
2473 3882 2569 3937 Dei
2605 3899 2709 3938 non
2765 3895 2850 3938 est
2897 3883 3197 3952 alligatum.
3222 3904 3242 3938 ι
3273 3886 3408 3952 Quia
3445 3897 3504 3944 et

1936 3967 2228 4046 praesentes
2281 3975 2604 4030 ﬁducialitcr
2660 3977 2866 4041 doceo,
2895 3985 2951 4030 et
3007 3977 3204 4032 litteris
3251 3991 3507 4034 absentes

1935 4070 2262 4125 conﬁrmare
2298 4083 2404 4120 non
2432 4081 2609 4121 cesso.

2013 4179 2031 4212 ι
2067 4161 2190 4214 ldeo
2216 4160 2393 4212 omnia
2425 4158 2667 4212 sustineo
2695 4167 2912 4227 propter
2945 4158 3168 4214 electos.
3203 4178 3222 4210 ι
3250 4159 3375 4214 Ideo
3403 4161 3504 4214 tri-

1939 4253 2064 4308 buni
2095 4251 2357 4304 auxilium
2387 4248 2576 4319 petivi,
2602 4264 2663 4302 ac
2698 4260 2882 4317 postea
2914 4251 3182 4306 Czesarcm
3238 4253 3511 4321 appellati

1938 4344 2080 4414 (Act.
2105 4358 2262 4406 xxm,
2297 4341 2363 4396 i8
2403 4357 2420 4409 ;
2447 4356 2572 4405 xxv,
2599 4341 2711 4409 10),
2748 4352 2804 4393 ιιι
2829 4357 2924 4410 per
2983 4358 3068 4398 me
3096 4345 3510 4408 continuentur,

348 4471 368 4504 ι
393 4454 496 4508 Sed
534 4467 655 4506 cum
689 4451 915 4504 Romam
955 4449 1215 4512 venisset,
1244 4445 1473 4501 sollicite
1509 4458 1593 4498 me
1641 4441 1836 4513 qttmsi-
1869 4461 1911 4513 ο
1938 4450 2058 4490 cum
2098 4437 2196 4488 has
2227 4433 2506 4502 passiones
2540 4437 2808 4501 potuerim
2851 4434 3133 4487 moriendo
3173 4435 3350 4489 ﬁnire.

267 4545 368 4610 vit,
401 4555 457 4599 et
501 4543 726 4597 invenit.
763 4541 860 4595 Det
911 4540 985 4594 illi
1031 4539 1294 4593 Dominus
1345 4537 1587 4590 invenire
1625 4532 1836 4586 miseri-

267 4637 510 4690 cordiam
541 4649 570 4688 a
607 4634 831 4687 Domino
887 4631 945 4686 in
1002 4630 1091 4684 illa
1141 4632 1248 4683 die.
1283 4628 1347 4680 Et
1373 4635 1572 4694 quanta
1633 4621 1832 4692 Ephesi

270 4722 606 4775 ministravit
634 4720 791 4782 mihi,
814 4728 869 4771 tu
903 4719 1096 4771 melius
1124 4719 1287 4769 nosti.
1318 4734 1336 4766 ι
1368 4714 1573 4768 Idcirco
1606 4713 1833 4776 invenit,

266 4812 394 4880 quia
449 4810 679 4864 sollicite
737 4809 990 4876 quaesivit
1021 4825 1036 4862 :
1085 4808 1228 4862 unde
1263 4815 1318 4860 et
1347 4805 1672 4868 ostenditur,
1706 4803 1833 4872 quia

269 4904 475 4958 idcirco
533 4918 636 4956 non
664 4916 854 4954 omnes
905 4914 1210 4968 quaerentes
1235 4897 1546 4958 inveniunt,
1575 4897 1701 4963 quia
1740 4909 1836 4948 ne-

266 5001 535 5068 gligenter
563 4996 866 5064 inquirunt.

889 5146 1117 5204 CAPUT
1146 5146 1217 5201 Il.

349 5284 368 5316 ι
393 5264 471 5318 Tu
497 5277 648 5335 ergo,
675 5259 758 5317 ﬁli
785 5263 880 5328 mi,
919 5261 1233 5317 coniortare
1262 5257 1316 5311 in
1353 5257 1546 5326 gratia,
1575 5269 1698 5324 qua:
1753 5263 1836 5308 est

269 5360 325 5412 in
347 5356 570 5411 Christo
597 5353 724 5409 Jesu
763 5369 779 5409 :
813 5365 866 5407 et
898 5367 1020 5423 quae
1063 5350 1260 5404 audisti
1306 5364 1334 5400 a
1373 5361 1457 5402 me
1497 5362 1594 5414 per
1642 5345 1840 5398 multos

273 5460 464 5504 testes.
493 5466 512 5498 ι
548 5449 674 5502 Sive
699 5446 1056 5516 praesentibus
1083 5443 1294 5505 multis,
1331 5440 1426 5494 tibi
1468 5438 1591 5494 dedi
1617 5438 1840 5492 manda-

268 5553 348 5604 ta,
383 5541 612 5608 qualiter
658 5542 854 5596 docere
880 5539 1080 5593 debeas
1118 5552 1136 5592 :
1167 5535 1280 5590 sive
1324 5547 1442 5602 qum
1491 5530 1625 5596 dixi,
1653 5529 1838 5584 multis

263 5634 655 5705 prophetarum
691 5633 953 5702 exemplis
1006 5643 1059 5685 et
1087 5630 1413 5684 testimoniis
1447 5623 1790 5680 conﬁrmavi.

347 5743 370 5777 ς
406 5725 527 5780 ιιωε
564 5727 882 5781 commenda
926 5721 1175 5778 ﬁdelibus
1215 5717 1552 5774 hominibus.
1587 5734 1606 5768 ι
1641 5714 1743 5780 Qui
1779 5716 1838 5767 li-

2015 4545 2033 4576 ‹
2064 4523 2135 4579 Ut
2179 4535 2232 4576 et
2276 4524 2373 4590 ipsi
2435 4527 2662 4576 salutem
2702 4530 3130 4589 consequantur,
3170 4537 3290 4590 qua:
3339 4536 3418 4580 est
3451 4525 3512 4578 in

1935 4620 2155 4674 Christo
2189 4615 2315 4670 Jcsu
2367 4631 2488 4669 cum
2541 4615 2976 4684 gloriacmlesti.
3007 4632 3025 4664 ι
3067 4615 3196 4682 Quae
3257 4616 3406 4670 Salus
3450 4623 3510 4672 in

1937 4709 2154 4764 Christo
2201 4720 2302 4768 est,
2337 4723 2444 4762 non
2497 4706 2668 4770 nuda,
2729 4707 2823 4760 sed
2885 4705 3053 4773 gloria
3111 4712 3353 4761 vestita:
3407 4725 3508 4764 nec

1940 4807 2152 4853 terrena
2183 4796 2376 4866 gloria,
2404 4797 2496 4852 sed
2521 4797 2748 4851 caelesti.

2015 4904 2034 4938 ι
2069 4886 2270 4940 Fidelis
2300 4901 2523 4953 sermo;
2565 4901 2685 4939 nam
2745 4884 2793 4940 si
2851 4886 3173 4941 commortui
3213 4901 3419 4948 sumus,
3452 4899 3508 4941 et

1939 4980 2309 5032 convivemus.
2345 4997 2364 5029 ι
2393 4978 2647 5032 Veritatis
2679 4977 2890 5032 ratione
2910 4977 3274 5034 subnixus.Si
3300 4979 3444 5030 enim
3473 4995 3502 5031 a

1941 5071 2087 5125 vitiis
2121 5080 2175 5123 et
2223 5069 2595 5134 voluptatibus
2643 5084 2831 5123 sumus
2889 5069 3209 5124 can-mortui
3269 5067 3507 5135 Christo,

1939 5165 2188 5218 vivemus
2223 5179 2344 5216 cum
2374 5163 2486 5216 illo.
2515 5161 2769 5232 Alioquin
2807 5164 3075 5231 quomodo
3105 5175 3324 5230 sperare
3359 5172 3507 5228 pote-

1943 5255 2116 5310 rimus
2148 5255 2296 5310 hoc?

2017 5364 2036 5396 ι
2067 5344 2122 5399 Si
2181 5345 2540 5408 sustinemus,
2577 5354 2632 5400 et
2681 5343 3154 5414 conregnabimus.
3182 5359 3201 5393 ι
3233 5341 3289 5396 Si
3349 5344 3506 5395 susti-

1943 5434 2219 5489 nuerimus
2245 5450 2368 5490 cum
2402 5451 2625 5491 necesse
2676 5437 2860 5498 fuerit,
2887 5435 3028 5502 quod
3086 5433 3176 5488 ille
3226 5432 3507 5498 sustinuit,

1944 5537 2070 5580 tunc
2105 5527 2319 5580 demum
2351 5542 2580 5594 regnare
2611 5527 2907 5596 poterimus
2935 5525 3118 5579 simul.

2020 5636 2038 5668 ι
2068 5615 2123 5670 Si
2162 5619 2562 5687 negaverimus,
2599 5626 2654 5672 et
2713 5617 2804 5670 ille
2853 5616 3072 5682 negabit
3127 5628 3268 5681 nos;
3302 5613 3347 5668 si
3403 5628 3509 5667 non

1944 5711 2242 5779 credimus,
2305 5712 2394 5767 ille
2445 5710 2619 5766 ﬁdelis
2659 5720 2978 5779 prrmanet;
3017 5725 3214 5780 negare
3271 5708 3509 5772 seipsutn
