3956 6196
484 222 592 284 935

1442 208 1501 266 S.
1544 202 1981 264 UIERONYMI
2024 199 2343 258 OI‘EllUM
2389 196 2793 256 MANTISSA.

3619 198 3736 259 €36

482 350 588 390 non
615 340 807 401 potest.
840 348 857 379 ι
894 327 1019 382 Sive
1080 324 1385 385 credamus,
1422 320 1534 374 sive
1564 333 1669 373 non
1711 319 1997 371 credamus
2034 353 2048 377 ,
2080 337 2132 391 Α
2159 312 2554 366 surrectionem
2593 323 2867 382 negantes,
2905 309 2956 363 in
3015 308 3253 365 Ecclesia
3283 326 3404 367 esse
3465 328 3570 365 non
3600 330 3736 381 pos-

482 444 588 481 non
612 426 755 479 aliud
789 431 965 491 potest
1001 419 1258 471 exhibere
1293 413 1549 482 singulis,
1581 427 1744 479 quam
1782 408 2050 479 premisit.

480 517 616 583 Quia
657 523 851 567 vertas
873 521 1057 563 contra
1098 522 1157 560 se
1185 522 1290 559 non
1333 504 1514 565 laciet,
1546 516 1612 555 ne
1649 515 1707 555 se
1737 513 1938 568 negare
1968 500 2053 549 vi-

483 611 696 662 deatur.

558 696 727 749 ("ilic
788 705 1073 748 commune
1131 688 1430 743 testiticans
1483 696 1668 739 coram
1722 678 1850 732 Deo.
1885 697 1902 729 ι
1941 676 2053 732 Sub

484 788 859 845 testiﬁcatione
885 784 979 838 Dei
1017 783 1358 848 constringe.

559 900 577 933 ι
609 880 725 934 Noli
753 877 1079 934 contendere
1110 874 1319 939 verbis;
1339 870 1405 924 ad
1444 870 1578 924 nihil
1610 870 1755 923 enim
1784 868 1915 922 utile
1945 877 2052 929 est,

484 975 584 1027 nisi
610 975 676 1027 ad
708 969 1121 1026 subversionem
1171 964 1528 1019 audientium.
1563 958 1747 1015 {Sine
1795 960 2053 1013 testimo-

487 1065 597 1117 niis
638 1062 1051 1129 Scripturarum
1096 1055 1401 1126 ltujusmodi
1432 1054 1594 1107 etiam
1638 1050 1914 1104 contentio
1949 1064 2052 1102 non

483 1155 735 1219 aediﬁcat,
764 1151 859 1207 sed
884 1147 1112 1204 destruit
1142 1146 1456 1208 audientes;
1484 1152 1673 1212 putant
1696 1144 1843 1196 enim
1870 1141 2053 1194 omnia

486 1246 736 1299 acumine
764 1252 819 1296 et
851 1239 1148 1295 subtilitate
1173 1237 1491 1292 subsistere.
1528 1236 1653 1288 Sive
1683 1250 1698 1290 :
1732 1234 1853 1289 Noli
1879 1235 2054 1288 verbis

484 1338 726 1401 vincere,
764 1334 858 1388 sed
895 1332 1079 1386 factis.

559 1424 847 1481 «Sollicite
930 1434 1110 1477 autem
1179 1435 1310 1475 cura
1368 1432 1419 1474 te
1476 1435 1653 1489 ipsum
1718 1420 2050 1489 probabilem

482 1520 742 1573 exhibere
774 1518 900 1570 Deo.
932 1534 949 1565 ι
985 1514 1124 1566 Ante
1150 1512 1329 1566 omnia
1361 1517 1462 1566 hoc
1492 1512 1706 1574 labora,
1742 1522 1799 1564 ut
1819 1512 1976 1564 talem
2005 1522 2056 1563 te

485 1612 627 1682 apud
660 1612 823 1664 Deum
859 1608 1139 1670 exhibeas,
1170 1619 1276 1674 quo
1321 1605 1515 1659 merito
1553 1603 1722 1674 possit
1758 1603 1851 1656 tibi
1882 1619 2054 1672 popu-

486 1704 569 1757 lus
601 1699 887 1755 obattdire.

562 1791 921 1860 «Operarium
967 1787 1424 1843 inconfusibilem.
1460 1805 1478 1838 ι
1511 1784 1588 1840 lta
1619 1786 1760 1849 vive,
1798 1799 1866 1839 ne
1904 1784 2052 1839 dicta

488 1884 649 1938 factis
673 1881 1053 1935 deficientibus
1081 1883 1423 1933 erubescant.

562 1997 579 2028 ι
611 1977 776 2030 ltecte
807 1984 1124 2028 tractantem
1156 1974 1380 2029 verbum
1420 1971 1686 2026 veritatis.
1718 1990 1736 2023 ι
1775 1972 1867 2025 Ille
1906 1980 2053 2026 recte

488 2077 703 2133 tractat,
736 2067 827 2135 qui
873 2065 1137 2133 exemplis
1190 2080 1287 2119 sua
1345 2065 1488 2117 dicta
1527 2064 1831 2117 conﬁrmat.
1880 2063 2056 2117 Orna-

485 2169 728 2213 mentum
758 2158 903 2211 enim
933 2157 1074 2221 vita,
1111 2155 1397 2211 doctrina:
1435 2154 1835 2208 ﬁrmamentum
1876 2152 2053 2215 verbi,

483 2264 643 2318 opus.

564 2339 847 2395 «Profaua
898 2348 1078 2393 autem
1113 2348 1167 2393 et
1226 2338 1533 2406 vaniloquia
1574 2336 1779 2390 devita.
1831 2336 2054 2389 Multum

482 2436 629 2490 enim
655 2433 948 2501 proﬁciunt
971 2432 1037 2484 ad
1062 2431 1414 2500 impietatem.
1445 2450 1463 2482 ι
1493 2428 1829 2497 lrreligiosas
1882 2431 2054 2483 haere-

485 2528 721 2581 tic0rutu
790 2523 1022 2586 fabulas,
1056 2522 1148 2590 qui
1209 2529 1411 2589 negant
1450 2522 1932 2583 resurrectionem,
1961 2534 2086 2587 pcr'

485 2633 643 2689 quas,
697 2617 882 2682 utique
940 2613 1142 2682 judicia
1193 2613 1386 2667 timore
1441 2614 1675 2677 sublato,
1708 2615 1775 2667 ad
1840 2630 2055 2669 onmem

497 2710 834 2778 impietatem
866 2714 920 2759 et
946 2705 1011 2758 ad
1046 2713 1240 2758 cuncta
1267 2703 1498 2757 crimina
1541 2706 1877 2772 pervenitur.

565 2821 584 2853 ι
617 2802 809 2856 Sermo
840 2812 1031 2853 eorum
1078 2806 1135 2849 ut
1176 2811 1373 2851 cancer
1408 2797 1598 2864 serpit.
1627 2816 1645 2849 ι
1675 2797 1884 2852 Cancer
1924 2798 2057 2854 dici-

486 2904 575 2948 tttr
603 2893 817 2961 vulnus,
842 2891 982 2960 quod
1011 2890 1066 2943 in
1098 2890 1350 2943 mamillis
1378 2890 1625 2943 nast‘itur
1686 2891 2008 2944 feminarum
2035 2930 2050 2957 ,

493 2986 583 3040 cui
627 2985 729 3039 nisi
756 2986 865 3036 cito
899 2984 1222 3036 subventum
1272 2979 1459 3044 fuerit,
1498 2996 1618 3035 cum
1681 2983 1826 3036 virus
1854 2984 1918 3037 ad
1955 2999 2052 3037 cor

2158 415 2301 457 bllttl.

2232 517 2252 550 ς
2282 496 2398 551 Non
2432 497 2608 551 solum
2648 508 2770 551 sunt
2804 512 2933 551 vasa
2958 512 3123 549 aurea
3158 507 3210 551 et
3239 507 3512 566 argentea.
3540 514 3562 548 ι
3600 494 3738 549 Pre-

2161 592 2300 647 tiosa
2330 602 2383 647 et
2413 591 2597 646 fortia.

2230 702 2248 735 ‹
2274 684 2379 739 Sed
2404 695 2457 737 et
2482 684 2659 749 lignea
2696 692 2751 737 et
2778 683 2986 738 ﬁctilia.
3015 701 3033 734 ι
3076 683 3314 738 luﬁrnta.

2247 796 2265 827 ι
2298 775 2363 829 Ει
2392 780 2637 845 (ιιιτειόειιιι
2670 776 2885 845 quidem
2940 776 2993 830 in
3029 777 3309 841 honorem,
3349 779 3596 845 quaedam
3640 794 3741 832 au-

2159 879 2265 923 tem
2312 870 2364 923 in
2398 869 2812 924 contumeliam.
2837 868 2892 925 Si
2934 871 3055 939 quis
3096 885 3226 938 ergo
3261 885 3318 924 se
3354 871 3740 924 emendaverit

2158 965 2225 1017 ab
2252 963 2390 1027 istis,
2423 965 2531 1016 erit
2560 977 2657 1016 vas
2684 962 2736 1014 in
2763 961 3026 1017 honorem
3060 962 3479 1023 sanctiﬁcatum,
3513 974 3570 1015 et
3604 963 3742 1014 utile

2158 1054 2387 1109 Domino
2420 1058 2485 1109 ad
2523 1070 2683 1109 omne
2737 1071 2871 1124 opus
2905 1057 3099 1108 houum
3157 1067 3424 1121 paratum.
3456 1074 3473 1104 ι
3511 1053 3569 1107 Si
3607 1057 3740 1121 quis

2158 1162 2217 1201 se
2245 1165 2273 1199 a
2306 1148 2623 1201 doctoribus
2659 1146 2929 1200 hatreticis
2961 1147 3326 1219 mttttdaVerit,
3355 1156 3409 1197 ct
3437 1146 3744 1199 crediderit

2160 1239 2212 1292 in
2238 1240 2692 1292 resurrectionem
2723 1240 2988 1303 futuram,
3025 1236 3291 1305 judicium
3327 1236 3419 1291 Dei
3441 1252 3539 1307 per
3572 1252 3739 1291 omne

2157 1344 2294 1395 opus
2322 1329 2523 1382 bonum
2557 1330 2783 1398 implere
2813 1332 3017 1384 Studet.

2235 1439 2253 1472 ι
2286 1420 2556 1476 Juvenilia
2596 1433 2775 1475 autem
2834 1421 3104 1475 desideria
3137 1420 3284 1492 fuge.
3312 1439 3330 1472 ι
3372 1420 3505 1487 Quia
3558 1420 3611 1474 hi
3670 1438 3737 1476 ex

2158 1512 2468 1567 senioribus
2527 1527 2648 1567 esse
2685 1526 2790 1565 non
2825 1520 3071 1580 possunt,
3107 1512 3152 1565 si
3216 1512 3331 1566 haec
3386 1522 3552 1581 agant
3609 1529 3735 1579 qua

2158 1605 2404 1672 gravitati
2441 1621 2548 1658 non
2596 1607 2933 1659 conveniunt
2991 1604 3335 1669 Christianm,
3369 1614 3424 1657 et
3456 1622 3482 1655 a
3522 1604 3738 1673 juveni-

2089 1716 2129 1770 Β
2160 1697 2260 1750 bus
2292 1698 2604 1761 vincuntur,
2643 1698 2688 1751 si
2720 1697 2954 1750 habeant
2986 1696 3289 1749 levitatem.

2234 1805 2252 1837 ι
2286 1789 2510 1841 Scetare
2544 1803 2675 1842 vero
2725 1788 3019 1856 justitiam.
3060 1786 3239 1851 ﬁdem,
3280 1803 3454 1856 spem,
3490 1788 3735 1842 (harita-

2159 1889 2289 1933 tem.
2333 1899 2351 1931 ι
2387 1878 2485 1932 Hic
2519 1877 2678 1932 ﬁdem
2709 1879 3076 1946 integritatem
3113 1879 3266 1931 dicit.

2234 1988 2252 2021 ‹
2281 1969 2344 2024 Ει
2383 1984 2595 2038 pacem.
2630 1987 2648 2021 ι
2685 1969 2841 2025 Illam
2868 1983 3079 2037 pacem,
3112 1983 3233 2038 qua:
3285 1970 3532 2039 religioni
3567 1973 3735 2026 debe-

2161 2070 2214 2114 ttt
2225 2078 2267 2116 r.

2234 2152 2397 2206 «Cum
2432 2151 2517 2207 his
2541 2151 2634 2221 qui
2668 2153 2921 2206 invocant
2941 2151 3226 2207 Dominum
3258 2154 3325 2207 de
3344 2153 3511 2206 corde
3539 2167 3729 2219 puro.»

2161 2236 2313 2294 Beati
2341 2243 2535 2296 mundo
2558 2244 2714 2297 corde
2744 2242 2966 2313 (Matth.
2995 2258 3052 2309 v,
3084 2242 3160 2312 8);
3192 2246 3260 2296 de
3286 2245 3481 2311 quibus
3510 2245 3735 2297 dicitur:

2161 2332 2301 2399 Quid
2329 2350 2410 2388 me
2433 2336 2628 2391 vocatis
2679 2335 2868 2404 Deum,
2892 2347 2937 2390 et
2963 2353 3064 2390 non
3092 2335 3273 2405 facitis
3294 2352 3411 2406 qua:
3434 2338 3551 2389 dico
3576 2335 3733 2403 (Luc.

2161 2440 2238 2491 νι,
2264 2425 2400 2494 te)?

2234 2536 2251 2568 ι
2284 2517 2489 2573 Stultas
2509 2529 2687 2575 autem
2713 2528 2769 2576 et
2805 2521 2923 2576 sine
2960 2521 3242 2591 disciplina
3278 2522 3609 2589 quaestiones
3640 2524 3738 2575 des

2158 2611 2292 2675 vita,
2318 2614 2521 2677 sciens,
2553 2614 2679 2681 quia
2711 2623 2974 2681 generant
3007 2614 3152 2667 lites.
3187 2632 3204 2665 ι
3244 2614 3433 2667 Stulta:
3465 2630 3658 2668 omnes
3681 2626 3735 2669 et

2159 2706 2278 2758 sine
2317 2705 2600 2776 disciplina
2630 2708 2763 2778 legis
2797 2716 2924 2761 sttnt
2962 2708 3310 2776 qnazstioucs.

2238 2814 2261 2867 ι
2294 2795 2520 2851 Servum
2553 2807 2731 2854 autem
2784 2797 2997 2853 Domini
3043 2817 3145 2853 non
3190 2810 3404 2868 Oportet
3432 2800 3672 2870 ιὶιίεςοτσε.
3705 2822 3726 2853 ι

2160 2888 2361 2947 Servus
2392 2901 2477 2947 est
2504 2891 2730 2957 Christi,
2770 2893 2862 2961 qui
2900 2905 3007 2946 non
3059 2893 3337 2953 clamavit,
3379 2909 3555 2963 neque
3602 2909 3733 2948 con-

2162 2984 2353 3048 tendit,
2386 2999 2565 3051 neque
2591 2985 2795 3037 audivit
2825 2985 3117 3057 quisquam
3152 2998 3340 3038 vocem
3369 2985 3511 3049 ejus,
3539 3000 3733 3038 set-nn-

486 3079 753 3149 serpendo
799 3076 1130 3146 pervenerit,
1158 3074 1366 3127 nullum
1412 3075 1710 3128 remedium
1755 3085 1859 3131 est.
1890 3075 1967 3129 lta
2000 3088 2054 3131 et
2084 3053 2126 3109 ο
2159 3073 2285 3127 dum
2318 3077 2461 3144 quod
2517 3074 2659 3145 Doeg
2717 3075 2936 3151 [lsaias]
2972 3053 3246 3147 propheta
3300 3078 3551 3144 praedixit
3589 3082 3731 3146 (cap.

488 3171 863 3225 hmreticorum
894 3176 1023 3221 sunt
1055 3166 1274 3220 vitanda
1321 3165 1615 3232 colloquia,
1656 3181 1726 3223 ne
1765 3182 1863 3237 per
1895 3185 2056 3226 aures

496 3261 978 3316 irremediabiliter
1012 3257 1293 3311 vulnerent
1324 3270 1559 3311 mentes.

562 3367 581 3400 t
606 3348 682 3403 Ex
713 3349 910 3417 quibus
942 3357 1025 3402 est
1051 3346 1372 3417 llytuenaaus
1397 3357 1451 3401 et
1477 3347 1744 3417 Philetus,
1774 3354 1865 3422 qui
1893 3369 1921 3407 a
1958 3370 2047 3409 ve.

488 3442 650 3495 ritate
684 3439 1022 3505 exciderunt.
1052 3454 1070 3488 ι
1098 3434 1332 3491 Nomina
1355 3438 1554 3505 signat,
1581 3450 1637 3494 ut
1663 3445 1895 3506 noverit,
1920 3461 2054 3515 quos

489 3533 686 3587 debeat
718 3544 1048 3600 praecavere.

563 3646 856 3723 «Dicentes
917 3643 1369 3699 resurrectionem
1421 3644 1530 3715 jam
1572 3646 1794 3713 factam,
1822 3660 1874 3705 et
1928 3652 2058 3707 sub.

486 3747 771 3793 verterunt
816 3735 1178 3805 quorumdam
1231 3736 1409 3791 ﬁdem.
1443 3757 1461 3790 ι
1503 3738 1556 3792 lu
1610 3739 1755 3804 ﬁliis,
1781 3744 1898 3796 sive
1928 3758 2053 3797 ossa

488 3822 758 3878 viviﬁcata
814 3823 866 3876 in
930 3822 1215 3877 Ezechiele
1278 3822 1519 3891 lsraelis,
1558 3830 2057 3897 interpretabantur

486 3918 553 3970 de
583 3915 896 3985 captivitate
932 3914 1183 3979 collecta,
1219 3917 1379 3985 quasi
1430 3921 1800 3977 resurrexisse
1830 3921 2052 3993 (Ezec/t.

489 4024 698 4074 xxxv",
726 4007 747 4060 -1
775 4009 962 4078 seqq.).
1599 4017 1605 4025 '

562 4144 582 4176 ι
622 4123 726 4177 Sed
785 4124 998 4178 ﬁrmum
1054 4098 1467 4183 fundamentum
1532 4129 1621 4185 Dei
1685 4142 1813 4196 stat,
1850 4135 2054 4190 habens

485 4214 819 4282 signaculum
862 4215 984 4269 hoc.
1012 4234 1030 4266 ι
1074 4214 1130 4269 ln
1163 4233 1393 4287 quonam
1450 4222 1622 4275 corde
1680 4224 1811 4278 ﬁdes
1851 4223 2054 4282 Christi

485 4319 603 4361 erat
632 4306 873 4373 fundata,
909 4324 1016 4363 non
1049 4319 1177 4365 sunt
1240 4313 1475 4375 seducti,
1508 4315 1590 4367 vel
1639 4317 1768 4369 moti
1799 4334 1813 4371 :
1845 4329 1899 4372 et
1955 4321 2056 4373 hoc

485 4400 611 4469 quia
652 4402 741 4454 Dei
801 4414 987 4456 essent
1053 4404 1312 4459 habentes
1362 4408 1648 4475 judicium,
1687 4414 1827 4467 sicut
1885 4413 2052 4486 Moysi

487 4503 730 4560 tempore
760 4491 884 4557 fuit,
921 4493 977 4547 itt
1014 4509 1121 4561 quo
1162 4493 1373 4550 Dathan
1434 4509 1488 4553 et
1543 4501 1750 4557 Abiron
1806 4508 2052 4561 subversi

485 4591 614 4635 sunt
648 4596 663 4634 :
693 4597 799 4635 non
851 4583 1010 4637 simul
1049 4600 1169 4637 cum
1208 4586 1388 4656 impiis
1445 4592 1747 4658 perierunt.
1778 4595 1887 4649 Dco
1936 4599 2053 4653 illos

484 4685 605 4725 esse
632 4672 868 4740 optimos
896 4687 1283 4744 cognoscente,
1320 4688 1378 4732 ιιι
1412 4682 1464 4734 itt
1518 4679 1740 4739 Numeri
1789 4689 2055 4758 scripturn

484 4774 567 4819 est
596 4764 734 4817 libro
769 4764 959 4835 (Nam.
991 4782 1104 4832 th,
1132 4769 1347 4840 51-55).

560 4898 578 4930 ι
606 4878 872 4949 Cognovit
913 4880 1175 4938 Dominus
1212 4884 1301 4952 qui
1350 4896 1476 4941 sunt
1527 4887 1643 4958 ejus
1674 4909 1686 4945 :
1722 4902 1777 4946 et
1817 4893 2056 4949 discedet

485 4974 552 5026 ab
588 4974 881 5043 iniquitate
917 4976 1096 5029 omnis
1126 4978 1220 5046 qui
1270 4980 1487 5035 invocat
1520 4999 1713 5039 nomen
1761 4987 1994 5042 Domini.
2029 5008 2049 5041 ι

487 5063 555 5117 Ut
588 5066 715 5119 Sion
747 5066 907 5120 simul
933 5078 1123 5135 pereat
1157 5085 1280 5122 cum
1320 5072 1542 5141 iniquis.

559 5197 576 5229 ι
608 5178 663 5233 1η
695 5195 887 5246 magna
915 5190 1094 5235 autem
1129 5183 1307 5236 domo.
1342 5202 1360 5236 ι
1395 5186 1638 5258 Magnam
1672 5189 1916 5256 domum,
1944 5207 2050 5248 non

485 5271 782 5325 Ecclesiam
810 5273 961 5339 dicit,
999 5284 1055 5327 ut
1084 5276 1299 5344 quidam
1335 5288 1549 5347 putant,
1582 5297 1704 5350 quae
1736 5298 1843 5337 non
1890 5284 2054 5340 habet

481 5364 751 5418 maculam
783 5380 961 5434 neque
993 5383 1204 5438 rugam,
1233 5374 1327 5425 sed
1362 5372 1646 5427 mundum.
1675 5372 1830 5429 Unde
1858 5377 1932 5429 ait
1955 5377 2051 5432 Je-

482 5456 680 5509 remias
707 5457 842 5525 (imo
873 5457 1104 5522 Barnclt,
1143 5477 1226 5520 ιιι,
1256 5463 1345 5530 ει)
1382 5481 1395 5516 :
1450 5463 1494 5518 0
1523 5464 1716 5529 Israel,
1750 5484 1907 5536 quam
1942 5487 2052 5524 ma-

478 5561 581 5615 gna
614 5555 689 5599 est
746 5548 934 5599 domus
965 5548 1177 5603 Domini
1200 5552 1218 5603 .’
1248 5565 1296 5605 ct
1330 5563 1545 5608 caetera.
1581 5553 1634 5607 In
1667 5572 1786 5622 quae
1816 5571 1941 5612 sunt
1974 5562 2051 5613 zi-

482 5637 639 5691 zania
676 5639 836 5693 mista
889 5653 1007 5693 cum
1038 5643 1220 5697 tritico
1249 5643 1464 5714 1_Mflflh.
1501 5662 1618 5712 xm,
1655 5649 1781 5716 ‘29):
1811 5666 1930 5705 nam
1965 5668 2049 5707 rc-

2159 3183 2289 3232 xut,
2330 3184 2464 3222 vers.
2495 3169 2573 3237 2).

2235 3278 2253 3309 ί
2285 3259 2388 3315 Sed
2418 3274 2755 3318 mansuetum
2785 3277 2904 3319 esse
2933 3262 3000 3319 ad
3031 3278 3243 3319 omnes.
3267 3284 3284 3316 ι
3307 3262 3423 3319 Non
3454 3266 3630 3319 solum
3662 3266 3727 3318 ad

2158 3348 2391 3407 amicos.

2239 3464 2255 3496 ι
2291 3446 2611 3509 Docibilem.
2666 3449 2984 3516 patientem,
3051 3464 3173 3504 cum
3228 3451 3492 3505 modestia
3556 3451 3729 3506 corri-

2161 3537 2396 3605 pientem
2430 3552 2524 3592 eos
2552 3538 2645 3605 qui
2677 3538 2936 3593 resistunt
2967 3538 3210 3593 veritati.
3245 3558 3263 3590 ι
3290 3539 3491 3595 Omnes
3516 3557 3727 3609 semper

2160 3630 2358 3682 dueere
2408 3630 2696 3697 patienter,
2743 3646 2851 3686 non
2886 3631 2939 3684 in
2974 3630 3180 3696 lurore,
3209 3632 3301 3686 sed
3340 3647 3468 3685 cum
3548 3634 3727 3686 mode-

2158 3721 2284 3773 stia.
3234 3770 3235 3773 η

2236 3828 2253 3861 ι
2280 3810 2359 3866 Ne
2405 3816 2626 3882 quando
2679 3814 2767 3868 det
2829 3814 2935 3869 illis
2963 3816 3102 3870 Deus
3126 3816 3506 3885 pteniteutiam
3544 3815 3613 3869 ad
3640 3832 3726 3868 co-

2158 3905 2517 3973 gnoscendam
2549 3907 2853 3972 veritatem,
2889 3917 2943 3961 et
2977 3910 3300 3978 resipiscaut
3333 3922 3365 3960 a
3408 3907 3608 3961 diaboli
3645 3912 3718 3959 ta-

2159 3999 2336 4064 queis,
2369 4011 2398 4049 a
2429 4012 2537 4063 quo
2566 3998 2766 4066 captivi
2833 4011 3090 4054 tenentur
3123 4000 3189 4052 ad
3247 3999 3423 4067 ipsius
3476 3999 3726 4053 volunta-

2163 4098 2291 4143 tem.
2321 4108 2341 4142 ι
2377 4089 2494 4145 Non
2531 4094 2598 4145 de
2644 4093 2736 4145 Dei
2793 4094 3037 4147 bonitate
3070 4094 3304 4158 dubitat,
3338 4096 3435 4149 sed
3484 4096 3551 4149 de
3584 4098 3725 4149 acci-

2162 4182 2424 4249 pientium
2442 4185 2731 4253 pravitate.
2754 4184 2849 4240 Det
2870 4187 2979 4239 illis
2996 4187 3133 4240 Deus
3152 4197 3490 4255 perpetuam,
3521 4190 3723 4249 mitem,

2162 4278 2521 4346 blandamque
2593 4281 3025 4347 correptiouem,
3092 4291 3151 4333 ut
3243 4292 3463 4349 accepta
3523 4283 3726 4336 ratione

2091 4394 2133 4447 η
2165 4370 2500 4437 resipiscam.
2545 4369 2719 4423 Simul
2749 4381 2804 4423 et
2824 4381 3010 4425 contra
3041 4370 3370 4428 Novatianos
3396 4374 3724 4439 pmoitemia:

2160 4473 2467 4531 negatores,
2500 4463 2592 4530 qui
2649 4462 2933 4516 haereticos
2987 4474 3284 4519 conversos
3342 4478 3557 4520 vernam
3619 4480 3718 4518 non

2159 4568 2317 4621 posse
2344 4554 2603 4622 consequi
2630 4554 2941 4624 perhibent.
3548 4548 3549 4551 “

2757 4710 2986 4766 CAPUT
3039 4709 3121 4765 ill.

2234 4824 2397 4878 «11οο
2451 4834 2631 4878 autem
2684 4829 2841 4887 scito,
2867 4827 2994 4895 quia
3049 4826 3103 4880 in
3153 4828 3468 4883 novissimis
3525 4832 3709 4886 diebus

2158 4917 2434 4972 instabunt
2476 4927 2721 4985 tempora
2780 4920 3103 4988 periculosa.
3135 4937 3152 4970 ι
3187 4918 3304 4974 Νοιι
3365 4925 3443 4977 sit
3491 4924 3587 4977 tibi
3626 4928 3723 4980 nti-

2158 5021 2299 5070 rom,
2332 5006 2473 5074 quod
2502 5008 2747 5074 quotidie
2770 5008 2953 5075 pejora
2982 5010 3227 5065 veniunt.

2235 5117 2254 5150 ι
2296 5099 2357 5152 Ει
2391 5108 2552 5153 erunt
2585 5098 2833 5155 homines
2873 5101 3085 5171 seipsos
3110 5114 3380 5160 amantes.
3429 5126 3450 5159 ι
3485 5107 3601 5164 Non
3630 5108 3718 5164 Dei

2156 5191 2405 5260 gloriatn,
2435 5191 2530 5245 sed
2559 5206 2653 5247 sua
2688 5205 3011 5261 querentes.

2231 5298 2249 5331 ι
2284 5280 2498 5350 Cupidi,
2558 5282 2706 5337 elati.
2748 5302 2768 5335 ι
2823 5284 2988 5341 Avari
3063 5298 3120 5344 et
3177 5288 3228 5344 in
3291 5292 3521 5345 avaritia
3552 5293 3715 5361 jacta-

2155 5372 2344 5426 bundL

2232 5482 2250 5514 ι
2298 5465 2551 5535 Superbi,
2607 5467 2930 5537 blasphemi.
2978 5489 2996 5521 ι
3070 5472 3204 5527 Cum
3264 5473 3441 5528 nolint
3494 5476 3713 5540 discere,

2157 5559 2453 5613 doctrinam
2486 5572 2765 5631 usurpant.

2233 5671 2249 5702 ι
2289 5651 2610 5709 Parentibus
2674 5674 2781 5710 non
2818 5660 3160 5727 obcdicntrs,
3222 5664 3447 5735 ingrati,
3489 5668 3710 5733 scelesti,
