  <div class='ocr_page' id='page_1' title='image "/cluster/home/n/w/nwhite01/storage/ocr_20150623/30/hvd.32044096580527/474.png"; bbox 0 0 3956 6196; ppageno 0'>
   <div class='ocr_carea' id='block_1_1' title="bbox 331 315 3582 391">
    <p class='ocr_par' dir='ltr' id='par_1_1' title="bbox 331 315 3582 391">
     <span class='ocr_line' id='line_1_1' title="bbox 331 315 3582 391; baseline -0.001 0"><span class='ocrx_word' id='word_1_1' title='bbox 331 320 428 391; x_wconf 67' lang='lat'><strong>937&#39;</strong></span> <span class='ocrx_word' id='word_1_2' title='bbox 1253 317 1660 383; x_wconf 79' lang='lat' dir='ltr'><strong>Exrosrrto</strong></span> <span class='ocrx_word' id='word_1_3' title='bbox 1703 325 1776 383; x_wconf 81' lang='lat' dir='ltr'><strong>lN</strong></span> <span class='ocrx_word' id='word_1_4' title='bbox 1826 323 2057 388; x_wconf 66' lang='lat' dir='ltr'><strong>til’iST.</strong></span> <span class='ocrx_word' id='word_1_5' title='bbox 2106 321 2156 381; x_wconf 87' lang='lat' dir='ltr'><strong>tl</strong></span> <span class='ocrx_word' id='word_1_6' title='bbox 2207 323 2308 382; x_wconf 77' lang='lat' dir='ltr'><strong>At)</strong></span> <span class='ocrx_word' id='word_1_7' title='bbox 2348 315 2667 388; x_wconf 69' lang='lat' dir='ltr'><strong>&#39;t&#39;titO&#39;t‘t‘I.</strong></span> <span class='ocrx_word' id='word_1_8' title='bbox 3479 320 3582 390; x_wconf 73' lang='lat'><strong>938</strong></span> 
     </span>
    </p>
   </div>
   <div class='ocr_carea' id='block_1_2' title="bbox 329 440 1982 510">
    <p class='ocr_par' dir='ltr' id='par_1_2' title="bbox 329 440 1982 510">
     <span class='ocr_line' id='line_1_2' title="bbox 329 440 1982 510; baseline -0.002 -8"><span class='ocrx_word' id='word_1_9' title='bbox 329 450 446 502; x_wconf 88' lang='lat' dir='ltr'><strong>sine</strong></span> <span class='ocrx_word' id='word_1_10' title='bbox 500 444 807 500; x_wconf 82' lang='lat' dir='ltr'><strong>atl&#39;cctione.</strong></span> <span class='ocrx_word' id='word_1_11' title='bbox 841 463 890 496; x_wconf 73' lang='grc' dir='ltr'><strong>ι·</strong></span> <span class='ocrx_word' id='word_1_12' title='bbox 937 440 1225 496; x_wconf 79' lang='lat' dir='ltr'><strong>Veteribus</strong></span> <span class='ocrx_word' id='word_1_13' title='bbox 1285 442 1496 498; x_wconf 73' lang='lat' dir='ltr'><strong>scilicet</strong></span> <span class='ocrx_word' id='word_1_14' title='bbox 1558 444 1899 508; x_wconf 85' lang='lat' dir='ltr'><strong>doctoribus,</strong></span> <span class='ocrx_word' id='word_1_15' title='bbox 1938 456 1982 510; x_wconf 78' lang='grc' dir='ltr'>Α</span> 
     </span>
    </p>
   </div>
   <div class='ocr_carea' id='block_1_3' title="bbox 331 534 1866 612">
    <p class='ocr_par' dir='ltr' id='par_1_3' title="bbox 331 534 1866 612">
     <span class='ocr_line' id='line_1_3' title="bbox 331 534 1866 612; baseline -0.002 -18"><span class='ocrx_word' id='word_1_16' title='bbox 331 541 423 612; x_wconf 98' lang='lat' dir='ltr'><strong>qui</strong></span> <span class='ocrx_word' id='word_1_17' title='bbox 455 556 550 595; x_wconf 87' lang='lat' dir='ltr'><strong>eos</strong></span> <span class='ocrx_word' id='word_1_18' title='bbox 580 553 678 610; x_wconf 89' lang='lat' dir='ltr'><strong>per</strong></span> <span class='ocrx_word' id='word_1_19' title='bbox 708 535 1053 606; x_wconf 76' lang='lat' dir='ltr'><strong>Evangelium</strong></span> <span class='ocrx_word' id='word_1_20' title='bbox 1079 544 1384 606; x_wconf 75' lang='lat' dir='ltr'><strong>genuerunt</strong></span> <span class='ocrx_word' id='word_1_21' title='bbox 1408 534 1459 605; x_wconf 87' lang='grc'><strong>(1</strong></span> <span class='ocrx_word' id='word_1_22' title='bbox 1492 535 1616 590; x_wconf 80' lang='lat' dir='ltr'><strong>Cor.</strong></span> <span class='ocrx_word' id='word_1_23' title='bbox 1647 537 1866 606; x_wconf 59' lang='lat'><strong>“.16).</strong></span> 
     </span>
    </p>
   </div>
   <div class='ocr_carea' id='block_1_4' title="bbox 411 623 1834 698">
    <p class='ocr_par' dir='ltr' id='par_1_4' title="bbox 411 623 1834 698">
     <span class='ocr_line' id='line_1_4' title="bbox 411 623 1834 698; baseline -0.002 -14"><span class='ocrx_word' id='word_1_24' title='bbox 411 650 430 683; x_wconf 76' lang='grc' dir='ltr'>ι</span> <span class='ocrx_word' id='word_1_25' title='bbox 469 629 596 684; x_wconf 88' lang='lat' dir='ltr'><strong>Sine</strong></span> <span class='ocrx_word' id='word_1_26' title='bbox 623 642 780 698; x_wconf 86' lang='lat' dir='ltr'><strong>pace,</strong></span> <span class='ocrx_word' id='word_1_27' title='bbox 812 625 1214 681; x_wconf 77' lang='lat' dir='ltr'><strong>criminatores.</strong></span> <span class='ocrx_word' id='word_1_28' title='bbox 1251 644 1270 676; x_wconf 76' lang='grc' dir='ltr'><strong><em>ι</em></strong></span> <span class='ocrx_word' id='word_1_29' title='bbox 1303 623 1463 681; x_wconf 82' lang='lat' dir='ltr'><strong>Pacis</strong></span> <span class='ocrx_word' id='word_1_30' title='bbox 1492 640 1834 682; x_wconf 85' lang='lat' dir='ltr'><strong>sanctorum.</strong></span> 
     </span>
    </p>
   </div>
   <div class='ocr_carea' id='block_1_5' title="bbox 411 716 1905 786">
    <p class='ocr_par' dir='ltr' id='par_1_5' title="bbox 411 716 1905 786">
     <span class='ocr_line' id='line_1_5' title="bbox 411 716 1905 786; baseline -0.001 -12"><span class='ocrx_word' id='word_1_31' title='bbox 411 737 431 774; x_wconf 85' lang='grc'>‹</span> <span class='ocrx_word' id='word_1_32' title='bbox 478 718 914 782; x_wconf 87' lang='lat' dir='ltr'><strong>lncontinentes,</strong></span> <span class='ocrx_word' id='word_1_33' title='bbox 947 717 1213 785; x_wconf 85' lang='lat' dir='ltr'><strong>immites,</strong></span> <span class='ocrx_word' id='word_1_34' title='bbox 1237 717 1356 773; x_wconf 87' lang='lat' dir='ltr'><strong>sine</strong></span> <span class='ocrx_word' id='word_1_35' title='bbox 1386 716 1746 786; x_wconf 78' lang='lat' dir='ltr'><strong>benignitate.</strong></span> <span class='ocrx_word' id='word_1_36' title='bbox 1785 737 1802 768; x_wconf 74' lang='grc' dir='ltr'><strong><em>ι</em></strong></span> <span class='ocrx_word' id='word_1_37' title='bbox 1846 719 1905 772; x_wconf 87' lang='lat' dir='ltr'><strong>In</strong></span> 
     </span>
    </p>
   </div>
   <div class='ocr_carea' id='block_1_6' title="bbox 331 809 784 866">
    <p class='ocr_par' dir='ltr' id='par_1_6' title="bbox 331 809 784 866">
     <span class='ocr_line' id='line_1_6' title="bbox 331 809 784 866; baseline -0.009 0"><span class='ocrx_word' id='word_1_38' title='bbox 331 811 588 866; x_wconf 88' lang='lat' dir='ltr'><strong>omnibus</strong></span> <span class='ocrx_word' id='word_1_39' title='bbox 614 809 784 865; x_wconf 87' lang='lat' dir='ltr'><strong>vitiis.</strong></span> 
     </span>
    </p>
   </div>
   <div class='ocr_carea' id='block_1_7' title="bbox 406 898 1910 968">
    <p class='ocr_par' dir='ltr' id='par_1_7' title="bbox 406 898 1910 968">
     <span class='ocr_line' id='line_1_7' title="bbox 406 898 1910 968; baseline -0.001 -12"><span class='ocrx_word' id='word_1_40' title='bbox 406 923 427 956; x_wconf 76' lang='grc' dir='ltr'>ι</span> <span class='ocrx_word' id='word_1_41' title='bbox 473 901 747 968; x_wconf 82' lang='lat' dir='ltr'><strong>Protervi,</strong></span> <span class='ocrx_word' id='word_1_42' title='bbox 815 898 1039 966; x_wconf 87' lang='lat' dir='ltr'><strong>tumidi,</strong></span> <span class='ocrx_word' id='word_1_43' title='bbox 1101 910 1156 954; x_wconf 92' lang='lat' dir='ltr'><strong>et</strong></span> <span class='ocrx_word' id='word_1_44' title='bbox 1210 899 1552 968; x_wconf 80' lang='lat' dir='ltr'><strong>voluptatum</strong></span> <span class='ocrx_word' id='word_1_45' title='bbox 1638 909 1910 954; x_wconf 78' lang='lat' dir='ltr'><strong>amatores</strong></span> 
     </span>
    </p>
   </div>
   <div class='ocr_carea' id='block_1_8' title="bbox 334 989 1912 1064">
    <p class='ocr_par' dir='ltr' id='par_1_8' title="bbox 334 989 1912 1064">
     <span class='ocr_line' id='line_1_8' title="bbox 334 989 1912 1064; baseline -0.002 -14"><span class='ocrx_word' id='word_1_46' title='bbox 334 996 508 1064; x_wconf 79' lang='lat' dir='ltr'><strong>magis</strong></span> <span class='ocrx_word' id='word_1_47' title='bbox 532 1007 694 1063; x_wconf 90' lang='lat' dir='ltr'><strong>quam</strong></span> <span class='ocrx_word' id='word_1_48' title='bbox 726 992 844 1048; x_wconf 85' lang='lat' dir='ltr'><strong>Dei.</strong></span> <span class='ocrx_word' id='word_1_49' title='bbox 879 1009 899 1042; x_wconf 68' lang='grc' dir='ltr'><strong><em>ι</em></strong></span> <span class='ocrx_word' id='word_1_50' title='bbox 933 989 1258 1046; x_wconf 80' lang='lat' dir='ltr'><strong>Sollicitudo</strong></span> <span class='ocrx_word' id='word_1_51' title='bbox 1292 991 1552 1056; x_wconf 79' lang='lat' dir='ltr'><strong>iudicium</strong></span> <span class='ocrx_word' id='word_1_52' title='bbox 1605 1000 1688 1046; x_wconf 89' lang='lat' dir='ltr'><strong>est</strong></span> <span class='ocrx_word' id='word_1_53' title='bbox 1737 993 1912 1047; x_wconf 86' lang='lat' dir='ltr'><strong>abun-</strong></span> 
     </span>
    </p>
   </div>
   <div class='ocr_carea' id='block_1_9' title="bbox 335 1081 1910 1152">
    <p class='ocr_par' dir='ltr' id='par_1_9' title="bbox 335 1081 1910 1152">
     <span class='ocr_line' id='line_1_9' title="bbox 335 1081 1910 1152; baseline -0.003 -11"><span class='ocrx_word' id='word_1_54' title='bbox 335 1086 600 1141; x_wconf 86' lang='lat' dir='ltr'><strong>dantioris</strong></span> <span class='ocrx_word' id='word_1_55' title='bbox 616 1084 822 1138; x_wconf 90' lang='lat' dir='ltr'><strong>amoris</strong></span> <span class='ocrx_word' id='word_1_56' title='bbox 852 1099 869 1138; x_wconf 91' lang='lat'><strong>:</strong></span> <span class='ocrx_word' id='word_1_57' title='bbox 906 1082 996 1149; x_wconf 86' lang='lat' dir='ltr'><strong>qui</strong></span> <span class='ocrx_word' id='word_1_58' title='bbox 1014 1081 1160 1137; x_wconf 89' lang='lat' dir='ltr'><strong>enim</strong></span> <span class='ocrx_word' id='word_1_59' title='bbox 1185 1081 1365 1136; x_wconf 86' lang='lat' dir='ltr'><strong>saeculi</strong></span> <span class='ocrx_word' id='word_1_60' title='bbox 1395 1081 1724 1150; x_wconf 80' lang='lat' dir='ltr'><strong>voluptates,</strong></span> <span class='ocrx_word' id='word_1_61' title='bbox 1750 1097 1910 1152; x_wconf 81' lang='lat' dir='ltr'><strong>quam</strong></span> 
     </span>
    </p>
   </div>
   <div class='ocr_carea' id='block_1_10' title="bbox 334 1173 1912 1256">
    <p class='ocr_par' dir='ltr' id='par_1_10' title="bbox 334 1173 1912 1256">
     <span class='ocr_line' id='line_1_10' title="bbox 334 1173 1912 1256; baseline -0.003 -24"><span class='ocrx_word' id='word_1_62' title='bbox 334 1175 552 1232; x_wconf 88' lang='lat' dir='ltr'><strong>Domini</strong></span> <span class='ocrx_word' id='word_1_63' title='bbox 621 1185 894 1246; x_wconf 73' lang='lat' dir='ltr'><strong>praecepta</strong></span> <span class='ocrx_word' id='word_1_64' title='bbox 957 1173 1222 1228; x_wconf 83' lang='lat' dir='ltr'><strong>libentius</strong></span> <span class='ocrx_word' id='word_1_65' title='bbox 1285 1173 1459 1238; x_wconf 90' lang='lat' dir='ltr'><strong>audit,</strong></span> <span class='ocrx_word' id='word_1_66' title='bbox 1501 1186 1610 1256; x_wconf 34' lang='grc' dir='ltr'><strong>,θυι</strong></span> <span class='ocrx_word' id='word_1_67' title='bbox 1650 1173 1912 1247; x_wconf 87' lang='lat' dir='ltr'><strong>loquitur,</strong></span> 
     </span>
    </p>
   </div>
   <div class='ocr_carea' id='block_1_11' title="bbox 335 1269 591 1324">
    <p class='ocr_par' dir='ltr' id='par_1_11' title="bbox 335 1269 591 1324">
     <span class='ocr_line' id='line_1_11' title="bbox 335 1269 591 1324; baseline -0.004 0"><span class='ocrx_word' id='word_1_68' title='bbox 335 1269 461 1324; x_wconf 82' lang='lat' dir='ltr'><strong>talis</strong></span> <span class='ocrx_word' id='word_1_69' title='bbox 487 1277 591 1323; x_wconf 91' lang='lat' dir='ltr'><strong>est.</strong></span> 
     </span>
    </p>
   </div>
   <div class='ocr_carea' id='block_1_12' title="bbox 415 1355 1910 1429">
    <p class='ocr_par' dir='ltr' id='par_1_12' title="bbox 415 1355 1910 1429">
     <span class='ocr_line' id='line_1_12' title="bbox 415 1355 1910 1429; baseline 0 -17"><span class='ocrx_word' id='word_1_70' title='bbox 415 1378 434 1412; x_wconf 74' lang='grc' dir='ltr'>ι</span> <span class='ocrx_word' id='word_1_71' title='bbox 473 1357 748 1416; x_wconf 72' lang='lat' dir='ltr'><strong>[labentes</strong></span> <span class='ocrx_word' id='word_1_72' title='bbox 769 1358 1004 1429; x_wconf 80' lang='lat' dir='ltr'><strong>speciem</strong></span> <span class='ocrx_word' id='word_1_73' title='bbox 1036 1357 1258 1428; x_wconf 88' lang='lat' dir='ltr'><strong>quidem</strong></span> <span class='ocrx_word' id='word_1_74' title='bbox 1286 1356 1529 1425; x_wconf 88' lang='lat' dir='ltr'><strong>pietatis.</strong></span> <span class='ocrx_word' id='word_1_75' title='bbox 1557 1376 1575 1410; x_wconf 74' lang='grc' dir='ltr'><strong><em>ι</em></strong></span> <span class='ocrx_word' id='word_1_76' title='bbox 1613 1355 1669 1411; x_wconf 93' lang='lat' dir='ltr'><strong>ln</strong></span> <span class='ocrx_word' id='word_1_77' title='bbox 1699 1357 1910 1424; x_wconf 85' lang='lat' dir='ltr'><strong>habitu,</strong></span> 
     </span>
    </p>
   </div>
   <div class='ocr_carea' id='block_1_13' title="bbox 337 1452 722 1508">
    <p class='ocr_par' dir='ltr' id='par_1_13' title="bbox 337 1452 722 1508">
     <span class='ocr_line' id='line_1_13' title="bbox 337 1452 722 1508; baseline 0 -2"><span class='ocrx_word' id='word_1_78' title='bbox 337 1452 424 1508; x_wconf 89' lang='lat' dir='ltr'><strong>vel</strong></span> <span class='ocrx_word' id='word_1_79' title='bbox 453 1453 722 1508; x_wconf 86' lang='lat' dir='ltr'><strong>doctrina.</strong></span> 
     </span>
    </p>
   </div>
   <div class='ocr_carea' id='block_1_14' title="bbox 419 1542 1913 1614">
    <p class='ocr_par' dir='ltr' id='par_1_14' title="bbox 419 1542 1913 1614">
     <span class='ocr_line' id='line_1_14' title="bbox 419 1542 1913 1614; baseline 0.001 -17"><span class='ocrx_word' id='word_1_80' title='bbox 419 1564 438 1597; x_wconf 74' lang='grc' dir='ltr'><strong><em>ι</em></strong></span> <span class='ocrx_word' id='word_1_81' title='bbox 485 1545 747 1602; x_wconf 76' lang='lat' dir='ltr'><strong>Virtutem</strong></span> <span class='ocrx_word' id='word_1_82' title='bbox 780 1553 960 1600; x_wconf 89' lang='lat' dir='ltr'><strong>autem</strong></span> <span class='ocrx_word' id='word_1_83' title='bbox 991 1543 1110 1613; x_wconf 80' lang='lat' dir='ltr'><strong>ejus</strong></span> <span class='ocrx_word' id='word_1_84' title='bbox 1138 1543 1496 1614; x_wconf 81' lang='lat' dir='ltr'><strong>abnegantes.</strong></span> <span class='ocrx_word' id='word_1_85' title='bbox 1538 1563 1556 1596; x_wconf 75' lang='grc' dir='ltr'><strong><em>ι</em></strong></span> <span class='ocrx_word' id='word_1_86' title='bbox 1593 1542 1772 1613; x_wconf 80' lang='lat' dir='ltr'><strong>Ipsam</strong></span> <span class='ocrx_word' id='word_1_87' title='bbox 1801 1555 1913 1598; x_wconf 89' lang='lat' dir='ltr'><strong>rem</strong></span> 
     </span>
    </p>
   </div>
   <div class='ocr_carea' id='block_1_15' title="bbox 340 1637 990 1708">
    <p class='ocr_par' dir='ltr' id='par_1_15' title="bbox 340 1637 990 1708">
     <span class='ocr_line' id='line_1_15' title="bbox 340 1637 990 1708; baseline 0 -16"><span class='ocrx_word' id='word_1_88' title='bbox 340 1637 598 1708; x_wconf 81' lang='lat' dir='ltr'><strong>operibus</strong></span> <span class='ocrx_word' id='word_1_89' title='bbox 632 1642 990 1706; x_wconf 76' lang='lat' dir='ltr'><strong>abnegantes.</strong></span> 
     </span>
    </p>
   </div>
   <div class='ocr_carea' id='block_1_16' title="bbox 421 1727 1914 1799">
    <p class='ocr_par' dir='ltr' id='par_1_16' title="bbox 421 1727 1914 1799">
     <span class='ocr_line' id='line_1_16' title="bbox 421 1727 1914 1799; baseline 0 -17"><span class='ocrx_word' id='word_1_90' title='bbox 421 1749 440 1782; x_wconf 80' lang='grc' dir='ltr'>ι</span> <span class='ocrx_word' id='word_1_91' title='bbox 477 1730 540 1784; x_wconf 76' lang='lat' dir='ltr'><strong>Et</strong></span> <span class='ocrx_word' id='word_1_92' title='bbox 563 1729 662 1784; x_wconf 88' lang='lat' dir='ltr'><strong>hos</strong></span> <span class='ocrx_word' id='word_1_93' title='bbox 685 1729 897 1784; x_wconf 83' lang='lat' dir='ltr'><strong>devita.</strong></span> <span class='ocrx_word' id='word_1_94' title='bbox 929 1746 948 1781; x_wconf 75' lang='grc' dir='ltr'><strong><em>ι</em></strong></span> <span class='ocrx_word' id='word_1_95' title='bbox 989 1727 1068 1784; x_wconf 83' lang='lat' dir='ltr'><strong>Ne</strong></span> <span class='ocrx_word' id='word_1_96' title='bbox 1106 1736 1465 1799; x_wconf 85' lang='lat' dir='ltr'><strong>corrumpant</strong></span> <span class='ocrx_word' id='word_1_97' title='bbox 1507 1742 1686 1782; x_wconf 89' lang='lat' dir='ltr'><strong>mores</strong></span> <span class='ocrx_word' id='word_1_98' title='bbox 1745 1727 1914 1782; x_wconf 90' lang='lat' dir='ltr'><strong>bonos</strong></span> 
     </span>
    </p>
   </div>
   <div class='ocr_carea' id='block_1_17' title="bbox 342 1818 1301 1891">
    <p class='ocr_par' dir='ltr' id='par_1_17' title="bbox 342 1818 1301 1891">
     <span class='ocr_line' id='line_1_17' title="bbox 342 1818 1301 1891; baseline -0.006 -11"><span class='ocrx_word' id='word_1_99' title='bbox 342 1823 612 1890; x_wconf 84' lang='lat' dir='ltr'><strong>colloquia</strong></span> <span class='ocrx_word' id='word_1_100' title='bbox 637 1835 799 1891; x_wconf 88' lang='lat' dir='ltr'><strong>prava</strong></span> <span class='ocrx_word' id='word_1_101' title='bbox 823 1818 876 1891; x_wconf 89' lang='grc' dir='ltr'><strong>(ι</strong></span> <span class='ocrx_word' id='word_1_102' title='bbox 910 1821 1035 1876; x_wconf 81' lang='lat' dir='ltr'><strong>Cor.</strong></span> <span class='ocrx_word' id='word_1_103' title='bbox 1064 1835 1153 1885; x_wconf 79' lang='lat' dir='ltr'><strong>xv,</strong></span> <span class='ocrx_word' id='word_1_104' title='bbox 1185 1820 1301 1890; x_wconf 76' lang='grc'><strong>55).</strong></span> 
     </span>
    </p>
   </div>
   <div class='ocr_carea' id='block_1_18' title="bbox 422 1911 1911 1982">
    <p class='ocr_par' dir='ltr' id='par_1_18' title="bbox 422 1911 1911 1982">
     <span class='ocr_line' id='line_1_18' title="bbox 422 1911 1911 1982; baseline -0.001 -17"><span class='ocrx_word' id='word_1_105' title='bbox 422 1931 439 1965; x_wconf 79' lang='grc' dir='ltr'>ι</span> <span class='ocrx_word' id='word_1_106' title='bbox 483 1912 561 1968; x_wconf 81' lang='lat' dir='ltr'><strong>Ex</strong></span> <span class='ocrx_word' id='word_1_107' title='bbox 588 1914 674 1968; x_wconf 84' lang='lat' dir='ltr'><strong>his</strong></span> <span class='ocrx_word' id='word_1_108' title='bbox 727 1913 874 1968; x_wconf 90' lang='lat' dir='ltr'><strong>enim</strong></span> <span class='ocrx_word' id='word_1_109' title='bbox 929 1921 1055 1966; x_wconf 86' lang='lat' dir='ltr'><strong>sunt</strong></span> <span class='ocrx_word' id='word_1_110' title='bbox 1090 1911 1186 1982; x_wconf 88' lang='lat' dir='ltr'><strong>qui</strong></span> <span class='ocrx_word' id='word_1_111' title='bbox 1236 1920 1525 1980; x_wconf 87' lang='lat' dir='ltr'><strong>penetrant</strong></span> <span class='ocrx_word' id='word_1_112' title='bbox 1585 1912 1800 1975; x_wconf 86' lang='lat' dir='ltr'><strong>domos,</strong></span> <span class='ocrx_word' id='word_1_113' title='bbox 1856 1917 1911 1964; x_wconf 92' lang='lat' dir='ltr'><strong>et</strong></span> 
     </span>
    </p>
   </div>
   <div class='ocr_carea' id='block_1_19' title="bbox 344 2002 1910 2075">
    <p class='ocr_par' dir='ltr' id='par_1_19' title="bbox 344 2002 1910 2075">
     <span class='ocr_line' id='line_1_19' title="bbox 344 2002 1910 2075; baseline -0.005 -14"><span class='ocrx_word' id='word_1_114' title='bbox 344 2007 584 2075; x_wconf 87' lang='lat' dir='ltr'><strong>captivas</strong></span> <span class='ocrx_word' id='word_1_115' title='bbox 612 2005 820 2060; x_wconf 87' lang='lat' dir='ltr'><strong>ducunt</strong></span> <span class='ocrx_word' id='word_1_116' title='bbox 869 2003 1224 2058; x_wconf 86' lang='lat' dir='ltr'><strong>mulierculas</strong></span> <span class='ocrx_word' id='word_1_117' title='bbox 1267 2012 1528 2056; x_wconf 87' lang='lat' dir='ltr'><strong>oneratas</strong></span> <span class='ocrx_word' id='word_1_118' title='bbox 1592 2002 1853 2071; x_wconf 85' lang='lat' dir='ltr'><strong>peccatis.</strong></span> <span class='ocrx_word' id='word_1_119' title='bbox 1891 2019 1910 2053; x_wconf 69' lang='grc' dir='ltr'><strong><em>ι</em></strong></span> 
     </span>
    </p>
   </div>
   <div class='ocr_carea' id='block_1_20' title="bbox 346 2092 1918 2162">
    <p class='ocr_par' dir='ltr' id='par_1_20' title="bbox 346 2092 1918 2162">
     <span class='ocr_line' id='line_1_20' title="bbox 346 2092 1918 2162; baseline -0.002 -13"><span class='ocrx_word' id='word_1_120' title='bbox 346 2096 469 2150; x_wconf 90' lang='lat' dir='ltr'><strong>Illas</strong></span> <span class='ocrx_word' id='word_1_121' title='bbox 503 2095 744 2162; x_wconf 80' lang='lat' dir='ltr'><strong>capiunt,</strong></span> <span class='ocrx_word' id='word_1_122' title='bbox 779 2107 902 2161; x_wconf 72' lang='lat' dir='ltr'><strong>qua:</strong></span> <span class='ocrx_word' id='word_1_123' title='bbox 947 2101 1074 2148; x_wconf 89' lang='lat' dir='ltr'><strong>sunt</strong></span> <span class='ocrx_word' id='word_1_124' title='bbox 1100 2103 1336 2147; x_wconf 67' lang='lat' dir='ltr'><strong>onerata:</strong></span> <span class='ocrx_word' id='word_1_125' title='bbox 1367 2093 1603 2162; x_wconf 88' lang='lat' dir='ltr'><strong>peccatis</strong></span> <span class='ocrx_word' id='word_1_126' title='bbox 1641 2109 1654 2148; x_wconf 89' lang='lat'><strong>:</strong></span> <span class='ocrx_word' id='word_1_127' title='bbox 1685 2092 1918 2162; x_wconf 86' lang='lat' dir='ltr'><strong>impuni-</strong></span> 
     </span>
    </p>
   </div>
   <div class='ocr_carea' id='block_1_21' title="bbox 350 2186 1918 2257">
    <p class='ocr_par' dir='ltr' id='par_1_21' title="bbox 350 2186 1918 2257">
     <span class='ocr_line' id='line_1_21' title="bbox 350 2186 1918 2257; baseline 0.001 -16"><span class='ocrx_word' id='word_1_128' title='bbox 350 2201 513 2243; x_wconf 76' lang='lat' dir='ltr'><strong>tatem</strong></span> <span class='ocrx_word' id='word_1_129' title='bbox 549 2187 655 2242; x_wconf 88' lang='lat' dir='ltr'><strong>illis</strong></span> <span class='ocrx_word' id='word_1_130' title='bbox 693 2201 756 2241; x_wconf 90' lang='lat' dir='ltr'><strong>ac</strong></span> <span class='ocrx_word' id='word_1_131' title='bbox 791 2186 1006 2240; x_wconf 85' lang='lat' dir='ltr'><strong>veniam</strong></span> <span class='ocrx_word' id='word_1_132' title='bbox 1039 2187 1463 2257; x_wconf 82' lang='lat' dir='ltr'><strong>promittentes:</strong></span> <span class='ocrx_word' id='word_1_133' title='bbox 1499 2189 1620 2243; x_wconf 86' lang='lat' dir='ltr'><strong>sive</strong></span> <span class='ocrx_word' id='word_1_134' title='bbox 1674 2189 1918 2242; x_wconf 89' lang='lat' dir='ltr'><strong>inllrmas</strong></span> 
     </span>
    </p>
   </div>
   <div class='ocr_carea' id='block_1_22' title="bbox 351 2268 1422 2351">
    <p class='ocr_par' dir='ltr' id='par_1_22' title="bbox 351 2268 1422 2351">
     <span class='ocr_line' id='line_1_22' title="bbox 351 2268 1422 2351; baseline -0.002 -17"><span class='ocrx_word' id='word_1_135' title='bbox 351 2291 580 2346; x_wconf 84' lang='lat' dir='ltr'><strong>mentes,</strong></span> <span class='ocrx_word' id='word_1_136' title='bbox 609 2295 728 2351; x_wconf 68' lang='lat' dir='ltr'><strong>qua!</strong></span> <span class='ocrx_word' id='word_1_137' title='bbox 763 2279 982 2334; x_wconf 80' lang='lat' dir='ltr'><strong>feminis</strong></span> <span class='ocrx_word' id='word_1_138' title='bbox 1013 2268 1422 2349; x_wconf 76' lang='lat' dir='ltr'><strong>Comparantur.</strong></span> 
     </span>
    </p>
   </div>
   <div class='ocr_carea' id='block_1_23' title="bbox 424 2369 1915 2440">
    <p class='ocr_par' dir='ltr' id='par_1_23' title="bbox 424 2369 1915 2440">
     <span class='ocr_line' id='line_1_23' title="bbox 424 2369 1915 2440; baseline -0.004 -14"><span class='ocrx_word' id='word_1_139' title='bbox 424 2393 442 2426; x_wconf 75' lang='grc' dir='ltr'>ι</span> <span class='ocrx_word' id='word_1_140' title='bbox 476 2373 604 2440; x_wconf 63' lang='lat' dir='ltr'><strong>Qum</strong></span> <span class='ocrx_word' id='word_1_141' title='bbox 639 2373 912 2426; x_wconf 89' lang='lat' dir='ltr'><strong>ducuntur</strong></span> <span class='ocrx_word' id='word_1_142' title='bbox 945 2371 1106 2425; x_wconf 89' lang='lat' dir='ltr'><strong>variis</strong></span> <span class='ocrx_word' id='word_1_143' title='bbox 1131 2371 1445 2426; x_wconf 77' lang='lat' dir='ltr'><strong>desideriis.</strong></span> <span class='ocrx_word' id='word_1_144' title='bbox 1487 2389 1504 2423; x_wconf 71' lang='grc' dir='ltr'><strong>ι</strong></span> <span class='ocrx_word' id='word_1_145' title='bbox 1537 2369 1676 2425; x_wconf 75' lang='lat' dir='ltr'><strong>Nova</strong></span> <span class='ocrx_word' id='word_1_146' title='bbox 1705 2383 1915 2437; x_wconf 83' lang='lat' dir='ltr'><strong>semper</strong></span> 
     </span>
    </p>
   </div>
   <div class='ocr_carea' id='block_1_24' title="bbox 353 2465 899 2528">
    <p class='ocr_par' dir='ltr' id='par_1_24' title="bbox 353 2465 899 2528">
     <span class='ocr_line' id='line_1_24' title="bbox 353 2465 899 2528; baseline -0.004 -8"><span class='ocrx_word' id='word_1_147' title='bbox 353 2466 563 2520; x_wconf 81' lang='lat' dir='ltr'><strong>discere</strong></span> <span class='ocrx_word' id='word_1_148' title='bbox 593 2465 899 2528; x_wconf 80' lang='lat' dir='ltr'><strong>cupientes.</strong></span> 
     </span>
    </p>
   </div>
   <div class='ocr_carea' id='block_1_25' title="bbox 429 2556 1921 2626">
    <p class='ocr_par' dir='ltr' id='par_1_25' title="bbox 429 2556 1921 2626">
     <span class='ocr_line' id='line_1_25' title="bbox 429 2556 1921 2626; baseline 0.002 -17"><span class='ocrx_word' id='word_1_149' title='bbox 429 2576 447 2609; x_wconf 71' lang='grc' dir='ltr'>ι</span> <span class='ocrx_word' id='word_1_150' title='bbox 486 2557 710 2626; x_wconf 83' lang='lat' dir='ltr'><strong>Semper</strong></span> <span class='ocrx_word' id='word_1_151' title='bbox 763 2556 1060 2620; x_wconf 81' lang='lat' dir='ltr'><strong>discentes,</strong></span> <span class='ocrx_word' id='word_1_152' title='bbox 1097 2564 1152 2611; x_wconf 92' lang='lat' dir='ltr'><strong>et</strong></span> <span class='ocrx_word' id='word_1_153' title='bbox 1181 2571 1460 2626; x_wconf 85' lang='lat' dir='ltr'><strong>nunquam</strong></span> <span class='ocrx_word' id='word_1_154' title='bbox 1513 2557 1578 2610; x_wconf 91' lang='lat' dir='ltr'><strong>ad</strong></span> <span class='ocrx_word' id='word_1_155' title='bbox 1635 2558 1921 2612; x_wconf 87' lang='lat' dir='ltr'><strong>scientiam</strong></span> 
     </span>
    </p>
   </div>
   <div class='ocr_carea' id='block_1_26' title="bbox 353 2645 1927 2717">
    <p class='ocr_par' dir='ltr' id='par_1_26' title="bbox 353 2645 1927 2717">
     <span class='ocr_line' id='line_1_26' title="bbox 353 2645 1927 2717; baseline -0.001 -14"><span class='ocrx_word' id='word_1_156' title='bbox 353 2649 596 2703; x_wconf 80' lang='lat' dir='ltr'><strong>veritatis</strong></span> <span class='ocrx_word' id='word_1_157' title='bbox 655 2648 1058 2717; x_wconf 83' lang='lat' dir='ltr'><strong>pervenientes.</strong></span> <span class='ocrx_word' id='word_1_158' title='bbox 1102 2665 1119 2696; x_wconf 75' lang='grc' dir='ltr'><strong><em>ι</em></strong></span> <span class='ocrx_word' id='word_1_159' title='bbox 1154 2646 1290 2709; x_wconf 79' lang='lat' dir='ltr'><strong>Quia</strong></span> <span class='ocrx_word' id='word_1_160' title='bbox 1345 2645 1478 2700; x_wconf 85' lang='lat' dir='ltr'><strong>nihil</strong></span> <span class='ocrx_word' id='word_1_161' title='bbox 1525 2647 1809 2702; x_wconf 81' lang='lat' dir='ltr'><strong>deﬁnitum</strong></span> <span class='ocrx_word' id='word_1_162' title='bbox 1845 2663 1927 2703; x_wconf 82' lang='lat' dir='ltr'><strong>te-</strong></span> 
     </span>
    </p>
   </div>
   <div class='ocr_carea' id='block_1_27' title="bbox 355 2739 1922 2810">
    <p class='ocr_par' dir='ltr' id='par_1_27' title="bbox 355 2739 1922 2810">
     <span class='ocr_line' id='line_1_27' title="bbox 355 2739 1922 2810; baseline 0.001 -17"><span class='ocrx_word' id='word_1_163' title='bbox 355 2751 505 2806; x_wconf 89' lang='lat' dir='ltr'><strong>nent,</strong></span> <span class='ocrx_word' id='word_1_164' title='bbox 534 2741 766 2810; x_wconf 87' lang='lat' dir='ltr'><strong>quisque</strong></span> <span class='ocrx_word' id='word_1_165' title='bbox 793 2740 1113 2794; x_wconf 86' lang='lat' dir='ltr'><strong>traditiones</strong></span> <span class='ocrx_word' id='word_1_166' title='bbox 1143 2739 1257 2792; x_wconf 89' lang='lat' dir='ltr'><strong>vult</strong></span> <span class='ocrx_word' id='word_1_167' title='bbox 1289 2749 1474 2794; x_wconf 86' lang='lat' dir='ltr'><strong>tenere</strong></span> <span class='ocrx_word' id='word_1_168' title='bbox 1516 2739 1782 2804; x_wconf 86' lang='lat' dir='ltr'><strong>diversas,</strong></span> <span class='ocrx_word' id='word_1_169' title='bbox 1819 2758 1922 2795; x_wconf 82' lang='lat' dir='ltr'><strong>non</strong></span> 
     </span>
    </p>
   </div>
   <div class='ocr_carea' id='block_1_28' title="bbox 353 2831 1924 2902">
    <p class='ocr_par' dir='ltr' id='par_1_28' title="bbox 353 2831 1924 2902">
     <span class='ocr_line' id='line_1_28' title="bbox 353 2831 1924 2902; baseline 0.002 -16"><span class='ocrx_word' id='word_1_170' title='bbox 353 2835 628 2902; x_wconf 74' lang='lat' dir='ltr'><strong>probatas.</strong></span> <span class='ocrx_word' id='word_1_171' title='bbox 661 2832 742 2886; x_wconf 75' lang='lat' dir='ltr'><strong>Ab</strong></span> <span class='ocrx_word' id='word_1_172' title='bbox 776 2847 882 2886; x_wconf 87' lang='lat' dir='ltr'><strong>uno</strong></span> <span class='ocrx_word' id='word_1_173' title='bbox 913 2832 1058 2885; x_wconf 87' lang='lat' dir='ltr'><strong>enim</strong></span> <span class='ocrx_word' id='word_1_174' title='bbox 1091 2833 1256 2897; x_wconf 81' lang='lat' dir='ltr'><strong>dicta,</strong></span> <span class='ocrx_word' id='word_1_175' title='bbox 1287 2831 1355 2885; x_wconf 88' lang='lat' dir='ltr'><strong>ab</strong></span> <span class='ocrx_word' id='word_1_176' title='bbox 1397 2831 1507 2887; x_wconf 87' lang='lat' dir='ltr'><strong>alio</strong></span> <span class='ocrx_word' id='word_1_177' title='bbox 1539 2833 1924 2888; x_wconf 89' lang='lat' dir='ltr'><strong>destruuntur.</strong></span> 
     </span>
    </p>
   </div>
   <div class='ocr_carea' id='block_1_29' title="bbox 431 2922 1926 2990">
    <p class='ocr_par' dir='ltr' id='par_1_29' title="bbox 431 2922 1926 2990">
     <span class='ocr_line' id='line_1_29' title="bbox 431 2922 1926 2990; baseline 0.002 -13"><span class='ocrx_word' id='word_1_178' title='bbox 431 2945 450 2977; x_wconf 72' lang='grc' dir='ltr'>ι</span> <span class='ocrx_word' id='word_1_179' title='bbox 486 2922 949 2990; x_wconf 81' lang='lat' dir='ltr'><strong>Quemadmodum</strong></span> <span class='ocrx_word' id='word_1_180' title='bbox 1031 2933 1208 2977; x_wconf 87' lang='lat' dir='ltr'><strong>autem</strong></span> <span class='ocrx_word' id='word_1_181' title='bbox 1260 2923 1484 2979; x_wconf 88' lang='lat' dir='ltr'><strong>.lamnes</strong></span> <span class='ocrx_word' id='word_1_182' title='bbox 1540 2936 1595 2978; x_wconf 92' lang='lat' dir='ltr'><strong>et</strong></span> <span class='ocrx_word' id='word_1_183' title='bbox 1680 2925 1926 2980; x_wconf 78' lang='lat' dir='ltr'><strong>Jambres</strong></span> 
     </span>
    </p>
   </div>
   <div class='ocr_carea' id='block_1_30' title="bbox 358 3016 1920 3086">
    <p class='ocr_par' dir='ltr' id='par_1_30' title="bbox 358 3016 1920 3086">
     <span class='ocr_line' id='line_1_30' title="bbox 358 3016 1920 3086; baseline -0.004 -14"><span class='ocrx_word' id='word_1_184' title='bbox 358 3018 672 3074; x_wconf 79' lang='lat' dir='ltr'><strong>restiterunt</strong></span> <span class='ocrx_word' id='word_1_185' title='bbox 726 3016 944 3086; x_wconf 82' lang='lat' dir='ltr'><strong>Moysi,</strong></span> <span class='ocrx_word' id='word_1_186' title='bbox 995 3017 1064 3070; x_wconf 88' lang='lat' dir='ltr'><strong>ita</strong></span> <span class='ocrx_word' id='word_1_187' title='bbox 1113 3025 1166 3069; x_wconf 92' lang='lat' dir='ltr'><strong>et</strong></span> <span class='ocrx_word' id='word_1_188' title='bbox 1201 3017 1250 3070; x_wconf 92' lang='lat' dir='ltr'><strong>hi</strong></span> <span class='ocrx_word' id='word_1_189' title='bbox 1313 3018 1571 3070; x_wconf 87' lang='lat' dir='ltr'><strong>resistunt</strong></span> <span class='ocrx_word' id='word_1_190' title='bbox 1623 3018 1855 3072; x_wconf 80' lang='lat' dir='ltr'><strong>veritati.</strong></span> <span class='ocrx_word' id='word_1_191' title='bbox 1903 3037 1920 3066; x_wconf 74' lang='grc' dir='ltr'>ι</span> 
     </span>
    </p>
   </div>
   <div class='ocr_carea' id='block_1_31' title="bbox 358 3108 1926 3178">
    <p class='ocr_par' dir='ltr' id='par_1_31' title="bbox 358 3108 1926 3178">
     <span class='ocr_line' id='line_1_31' title="bbox 358 3108 1926 3178; baseline -0.001 -15"><span class='ocrx_word' id='word_1_192' title='bbox 358 3111 513 3163; x_wconf 86' lang='lat' dir='ltr'><strong>Sicut</strong></span> <span class='ocrx_word' id='word_1_193' title='bbox 539 3109 610 3163; x_wconf 90' lang='lat' dir='ltr'><strong>illi</strong></span> <span class='ocrx_word' id='word_1_194' title='bbox 645 3125 738 3178; x_wconf 80' lang='lat' dir='ltr'><strong>per</strong></span> <span class='ocrx_word' id='word_1_195' title='bbox 771 3108 992 3176; x_wconf 77' lang='lat' dir='ltr'><strong>magica:</strong></span> <span class='ocrx_word' id='word_1_196' title='bbox 1026 3108 1160 3161; x_wconf 87' lang='lat' dir='ltr'><strong>artis</strong></span> <span class='ocrx_word' id='word_1_197' title='bbox 1208 3108 1537 3176; x_wconf 63' lang='lat' dir='ltr'><strong>prmstigias,</strong></span> <span class='ocrx_word' id='word_1_198' title='bbox 1603 3109 1672 3162; x_wconf 89' lang='lat' dir='ltr'><strong>ita</strong></span> <span class='ocrx_word' id='word_1_199' title='bbox 1732 3121 1786 3163; x_wconf 88' lang='lat' dir='ltr'><strong>et</strong></span> <span class='ocrx_word' id='word_1_200' title='bbox 1840 3111 1926 3164; x_wconf 80' lang='lat' dir='ltr'><strong>iSti</strong></span> 
     </span>
    </p>
   </div>
   <div class='ocr_carea' id='block_1_32' title="bbox 2048 443 3587 520">
    <p class='ocr_par' dir='ltr' id='par_1_32' title="bbox 2048 443 3587 520">
     <span class='ocr_line' id='line_1_32' title="bbox 2048 443 3587 520; baseline 0.004 -23"><span class='ocrx_word' id='word_1_201' title='bbox 2048 487 2050 490; x_wconf 82' lang='grc'>.</span> <span class='ocrx_word' id='word_1_202' title='bbox 2091 465 2109 497; x_wconf 80' lang='lat' dir='ltr'><strong>t</strong></span> <span class='ocrx_word' id='word_1_203' title='bbox 2153 445 2276 498; x_wconf 76' lang='lat' dir='ltr'><strong>Mali</strong></span> <span class='ocrx_word' id='word_1_204' title='bbox 2313 455 2493 500; x_wconf 85' lang='lat' dir='ltr'><strong>autem</strong></span> <span class='ocrx_word' id='word_1_205' title='bbox 2545 443 2816 509; x_wconf 89' lang='lat' dir='ltr'><strong>homines,</strong></span> <span class='ocrx_word' id='word_1_206' title='bbox 2840 454 2888 500; x_wconf 92' lang='lat' dir='ltr'><strong>et</strong></span> <span class='ocrx_word' id='word_1_207' title='bbox 2919 447 3264 515; x_wconf 84' lang='lat' dir='ltr'><strong>seductores,</strong></span> <span class='ocrx_word' id='word_1_208' title='bbox 3296 449 3587 520; x_wconf 86' lang='lat' dir='ltr'><strong>proticient</strong></span> 
     </span>
    </p>
   </div>
   <div class='ocr_carea' id='block_1_33' title="bbox 2013 536 3587 606">
    <p class='ocr_par' dir='ltr' id='par_1_33' title="bbox 2013 536 3587 606">
     <span class='ocr_line' id='line_1_33' title="bbox 2013 536 3587 606; baseline 0 -16"><span class='ocrx_word' id='word_1_209' title='bbox 2013 537 2067 590; x_wconf 92' lang='lat' dir='ltr'><strong>in</strong></span> <span class='ocrx_word' id='word_1_210' title='bbox 2103 536 2277 606; x_wconf 78' lang='lat' dir='ltr'><strong>pejus,</strong></span> <span class='ocrx_word' id='word_1_211' title='bbox 2314 549 2580 602; x_wconf 87' lang='lat' dir='ltr'><strong>errantes,</strong></span> <span class='ocrx_word' id='word_1_212' title='bbox 2613 547 2667 590; x_wconf 85' lang='lat' dir='ltr'><strong>et</strong></span> <span class='ocrx_word' id='word_1_213' title='bbox 2708 538 2762 590; x_wconf 88' lang='lat' dir='ltr'><strong>in</strong></span> <span class='ocrx_word' id='word_1_214' title='bbox 2817 553 3059 592; x_wconf 89' lang='lat' dir='ltr'><strong>errorem</strong></span> <span class='ocrx_word' id='word_1_215' title='bbox 3091 539 3385 593; x_wconf 86' lang='lat' dir='ltr'><strong>mittentes.</strong></span> <span class='ocrx_word' id='word_1_216' title='bbox 3419 558 3436 590; x_wconf 71' lang='grc' dir='ltr'><strong>ι</strong></span> <span class='ocrx_word' id='word_1_217' title='bbox 3477 542 3587 592; x_wconf 81' lang='lat' dir='ltr'><strong>Hm:</strong></span> 
     </span>
    </p>
   </div>
   <div class='ocr_carea' id='block_1_34' title="bbox 2014 627 3588 695">
    <p class='ocr_par' dir='ltr' id='par_1_34' title="bbox 2014 627 3588 695">
     <span class='ocr_line' id='line_1_34' title="bbox 2014 627 3588 695; baseline 0.003 -15"><span class='ocrx_word' id='word_1_218' title='bbox 2014 629 2080 681; x_wconf 91' lang='lat' dir='ltr'><strong>de</strong></span> <span class='ocrx_word' id='word_1_219' title='bbox 2122 627 2497 682; x_wconf 85' lang='lat' dir='ltr'><strong>adulatoribus</strong></span> <span class='ocrx_word' id='word_1_220' title='bbox 2524 627 2677 690; x_wconf 88' lang='lat' dir='ltr'><strong>dicit,</strong></span> <span class='ocrx_word' id='word_1_221' title='bbox 2703 628 2794 695; x_wconf 88' lang='lat' dir='ltr'><strong>qui</strong></span> <span class='ocrx_word' id='word_1_222' title='bbox 2828 627 2955 682; x_wconf 91' lang='lat' dir='ltr'><strong>dum</strong></span> <span class='ocrx_word' id='word_1_223' title='bbox 2987 645 3016 681; x_wconf 90' lang='lat' dir='ltr'><strong>a</strong></span> <span class='ocrx_word' id='word_1_224' title='bbox 3044 631 3230 684; x_wconf 89' lang='lat' dir='ltr'><strong>stultis</strong></span> <span class='ocrx_word' id='word_1_225' title='bbox 3281 633 3588 685; x_wconf 71' lang='lat' dir='ltr'><strong>numinibus</strong></span> 
     </span>
    </p>
   </div>
   <div class='ocr_carea' id='block_1_35' title="bbox 2015 716 3585 787">
    <p class='ocr_par' dir='ltr' id='par_1_35' title="bbox 2015 716 3585 787">
     <span class='ocr_line' id='line_1_35' title="bbox 2015 716 3585 787; baseline 0.003 -17"><span class='ocrx_word' id='word_1_226' title='bbox 2015 716 2336 784; x_wconf 68' lang='lat' dir='ltr'><strong>diliguntur,</strong></span> <span class='ocrx_word' id='word_1_227' title='bbox 2373 717 2544 785; x_wconf 78' lang='lat' dir='ltr'><strong>magis</strong></span> <span class='ocrx_word' id='word_1_228' title='bbox 2569 716 2781 786; x_wconf 85' lang='lat' dir='ltr'><strong>decepti</strong></span> <span class='ocrx_word' id='word_1_229' title='bbox 2813 718 3093 787; x_wconf 89' lang='lat' dir='ltr'><strong>decipiunt</strong></span> <span class='ocrx_word' id='word_1_230' title='bbox 3125 737 3139 774; x_wconf 89' lang='lat'><strong>:</strong></span> <span class='ocrx_word' id='word_1_231' title='bbox 3167 720 3285 774; x_wconf 88' lang='lat' dir='ltr'><strong>sive</strong></span> <span class='ocrx_word' id='word_1_232' title='bbox 3318 722 3383 774; x_wconf 89' lang='lat' dir='ltr'><strong>de</strong></span> <span class='ocrx_word' id='word_1_233' title='bbox 3411 722 3585 774; x_wconf 70' lang='lat' dir='ltr'><strong>haere-</strong></span> 
     </span>
    </p>
   </div>
   <div class='ocr_carea' id='block_1_36' title="bbox 2015 807 2570 878">
    <p class='ocr_par' dir='ltr' id='par_1_36' title="bbox 2015 807 2570 878">
     <span class='ocr_line' id='line_1_36' title="bbox 2015 807 2570 878; baseline 0.002 -17"><span class='ocrx_word' id='word_1_234' title='bbox 2015 807 2139 862; x_wconf 90' lang='lat' dir='ltr'><strong>ticis</strong></span> <span class='ocrx_word' id='word_1_235' title='bbox 2170 808 2570 878; x_wconf 83' lang='lat' dir='ltr'><strong>accipiendum.</strong></span> 
     </span>
    </p>
   </div>
   <div class='ocr_carea' id='block_1_37' title="bbox 2090 899 3591 971">
    <p class='ocr_par' dir='ltr' id='par_1_37' title="bbox 2090 899 3591 971">
     <span class='ocr_line' id='line_1_37' title="bbox 2090 899 3591 971; baseline 0.003 -19"><span class='ocrx_word' id='word_1_236' title='bbox 2090 917 2109 952; x_wconf 74' lang='grc' dir='ltr'>ί</span> <span class='ocrx_word' id='word_1_237' title='bbox 2141 899 2224 955; x_wconf 88' lang='lat' dir='ltr'><strong>Tu</strong></span> <span class='ocrx_word' id='word_1_238' title='bbox 2255 914 2385 954; x_wconf 87' lang='lat' dir='ltr'><strong>vero</strong></span> <span class='ocrx_word' id='word_1_239' title='bbox 2416 914 2674 970; x_wconf 90' lang='lat' dir='ltr'><strong>permane</strong></span> <span class='ocrx_word' id='word_1_240' title='bbox 2712 901 2763 954; x_wconf 94' lang='lat' dir='ltr'><strong>in</strong></span> <span class='ocrx_word' id='word_1_241' title='bbox 2812 900 2898 956; x_wconf 90' lang='lat' dir='ltr'><strong>his</strong></span> <span class='ocrx_word' id='word_1_242' title='bbox 2946 913 3068 971; x_wconf 69' lang='lat' dir='ltr'><strong>qua:</strong></span> <span class='ocrx_word' id='word_1_243' title='bbox 3098 901 3357 958; x_wconf 85' lang='lat' dir='ltr'><strong>didicisti.</strong></span> <span class='ocrx_word' id='word_1_244' title='bbox 3389 921 3407 954; x_wconf 79' lang='grc' dir='ltr'><strong><em>ι</em></strong></span> <span class='ocrx_word' id='word_1_245' title='bbox 3456 901 3591 957; x_wconf 87' lang='lat' dir='ltr'><strong>Nolo</strong></span> 
     </span>
    </p>
   </div>
   <div class='ocr_carea' id='block_1_38' title="bbox 2014 990 2899 1048">
    <p class='ocr_par' dir='ltr' id='par_1_38' title="bbox 2014 990 2899 1048">
     <span class='ocr_line' id='line_1_38' title="bbox 2014 990 2899 1048; baseline 0 -2"><span class='ocrx_word' id='word_1_246' title='bbox 2014 990 2120 1046; x_wconf 79' lang='lat' dir='ltr'><strong>ista</strong></span> <span class='ocrx_word' id='word_1_247' title='bbox 2144 1001 2196 1046; x_wconf 90' lang='lat' dir='ltr'><strong>te</strong></span> <span class='ocrx_word' id='word_1_248' title='bbox 2225 1003 2466 1048; x_wconf 86' lang='lat' dir='ltr'><strong>terreant</strong></span> <span class='ocrx_word' id='word_1_249' title='bbox 2508 992 2587 1048; x_wconf 86' lang='lat' dir='ltr'><strong>vel</strong></span> <span class='ocrx_word' id='word_1_250' title='bbox 2614 993 2899 1047; x_wconf 81' lang='lat' dir='ltr'><strong>seducant.</strong></span> 
     </span>
    </p>
   </div>
   <div class='ocr_carea' id='block_1_39' title="bbox 2091 1085 3306 1155">
    <p class='ocr_par' dir='ltr' id='par_1_39' title="bbox 2091 1085 3306 1155">
     <span class='ocr_line' id='line_1_39' title="bbox 2091 1085 3306 1155; baseline 0.003 -21"><span class='ocrx_word' id='word_1_251' title='bbox 2091 1103 2109 1134; x_wconf 76' lang='grc' dir='ltr'>ι</span> <span class='ocrx_word' id='word_1_252' title='bbox 2149 1085 2216 1139; x_wconf 84' lang='grc' dir='ltr'><strong>Ει</strong></span> <span class='ocrx_word' id='word_1_253' title='bbox 2249 1086 2456 1140; x_wconf 92' lang='lat' dir='ltr'><strong>credita</strong></span> <span class='ocrx_word' id='word_1_254' title='bbox 2487 1093 2613 1138; x_wconf 89' lang='lat' dir='ltr'><strong>sunt</strong></span> <span class='ocrx_word' id='word_1_255' title='bbox 2643 1085 2818 1139; x_wconf 45' lang='lat' dir='ltr'><strong>tibia:</strong></span> <span class='ocrx_word' id='word_1_256' title='bbox 2858 1085 2899 1138; x_wconf 84' lang='lat' dir='ltr'><strong>A</strong></span> <span class='ocrx_word' id='word_1_257' title='bbox 2932 1085 3041 1140; x_wconf 89' lang='lat' dir='ltr'><strong>Deo</strong></span> <span class='ocrx_word' id='word_1_258' title='bbox 3065 1100 3162 1155; x_wconf 90' lang='lat' dir='ltr'><strong>per</strong></span> <span class='ocrx_word' id='word_1_259' title='bbox 3186 1101 3306 1140; x_wconf 89' lang='lat' dir='ltr'><strong>nos.</strong></span> 
     </span>
    </p>
   </div>
   <div class='ocr_carea' id='block_1_40' title="bbox 2093 1177 3588 1247">
    <p class='ocr_par' dir='ltr' id='par_1_40' title="bbox 2093 1177 3588 1247">
     <span class='ocr_line' id='line_1_40' title="bbox 2093 1177 3588 1247; baseline 0.003 -19"><span class='ocrx_word' id='word_1_260' title='bbox 2093 1195 2111 1228; x_wconf 73' lang='grc' dir='ltr'>ι</span> <span class='ocrx_word' id='word_1_261' title='bbox 2152 1177 2345 1232; x_wconf 91' lang='lat' dir='ltr'><strong>Sciens</strong></span> <span class='ocrx_word' id='word_1_262' title='bbox 2379 1193 2410 1231; x_wconf 88' lang='lat' dir='ltr'><strong>a</strong></span> <span class='ocrx_word' id='word_1_263' title='bbox 2437 1193 2544 1247; x_wconf 89' lang='lat' dir='ltr'><strong>quo</strong></span> <span class='ocrx_word' id='word_1_264' title='bbox 2572 1177 2850 1244; x_wconf 87' lang='lat' dir='ltr'><strong>didiceris,</strong></span> <span class='ocrx_word' id='word_1_265' title='bbox 2887 1177 2952 1232; x_wconf 87' lang='lat' dir='ltr'><strong>Et</strong></span> <span class='ocrx_word' id='word_1_266' title='bbox 2978 1178 3106 1247; x_wconf 83' lang='lat' dir='ltr'><strong>quia</strong></span> <span class='ocrx_word' id='word_1_267' title='bbox 3133 1177 3202 1233; x_wconf 88' lang='lat' dir='ltr'><strong>ab</strong></span> <span class='ocrx_word' id='word_1_268' title='bbox 3234 1177 3465 1234; x_wconf 79' lang='lat' dir='ltr'><strong>infantia</strong></span> <span class='ocrx_word' id='word_1_269' title='bbox 3500 1194 3588 1234; x_wconf 81' lang='lat' dir='ltr'><strong>stt-</strong></span> 
     </span>
    </p>
   </div>
   <div class='ocr_carea' id='block_1_41' title="bbox 2016 1266 3593 1340">
    <p class='ocr_par' dir='ltr' id='par_1_41' title="bbox 2016 1266 3593 1340">
     <span class='ocr_line' id='line_1_41' title="bbox 2016 1266 3593 1340; baseline 0.003 -21"><span class='ocrx_word' id='word_1_270' title='bbox 2016 1280 2139 1320; x_wconf 85' lang='lat' dir='ltr'><strong>cras</strong></span> <span class='ocrx_word' id='word_1_271' title='bbox 2168 1266 2376 1321; x_wconf 87' lang='lat' dir='ltr'><strong>litteras</strong></span> <span class='ocrx_word' id='word_1_272' title='bbox 2402 1267 2564 1321; x_wconf 90' lang='lat' dir='ltr'><strong>nosti.</strong></span> <span class='ocrx_word' id='word_1_273' title='bbox 2605 1285 2625 1318; x_wconf 78' lang='grc' dir='ltr'><strong><em>ι</em></strong></span> <span class='ocrx_word' id='word_1_274' title='bbox 2657 1266 2785 1324; x_wconf 82' lang='lat' dir='ltr'><strong>Sive</strong></span> <span class='ocrx_word' id='word_1_275' title='bbox 2836 1282 2865 1320; x_wconf 91' lang='lat' dir='ltr'><strong>a</strong></span> <span class='ocrx_word' id='word_1_276' title='bbox 2899 1282 3028 1322; x_wconf 90' lang='lat' dir='ltr'><strong>vero</strong></span> <span class='ocrx_word' id='word_1_277' title='bbox 3061 1268 3326 1338; x_wconf 88' lang='lat' dir='ltr'><strong>apostolo,</strong></span> <span class='ocrx_word' id='word_1_278' title='bbox 3355 1269 3470 1324; x_wconf 81' lang='lat' dir='ltr'><strong>sive</strong></span> <span class='ocrx_word' id='word_1_279' title='bbox 3500 1283 3593 1340; x_wconf 85' lang='lat' dir='ltr'><strong>per</strong></span> 
     </span>
    </p>
   </div>
   <div class='ocr_carea' id='block_1_42' title="bbox 2015 1357 2414 1428">
    <p class='ocr_par' dir='ltr' id='par_1_42' title="bbox 2015 1357 2414 1428">
     <span class='ocr_line' id='line_1_42' title="bbox 2015 1357 2414 1428; baseline 0.003 -17"><span class='ocrx_word' id='word_1_280' title='bbox 2015 1357 2188 1428; x_wconf 83' lang='lat' dir='ltr'><strong>legem</strong></span> <span class='ocrx_word' id='word_1_281' title='bbox 2222 1373 2249 1410; x_wconf 89' lang='lat' dir='ltr'><strong>a</strong></span> <span class='ocrx_word' id='word_1_282' title='bbox 2285 1357 2414 1412; x_wconf 82' lang='lat' dir='ltr'><strong>Deo.</strong></span> 
     </span>
    </p>
   </div>
   <div class='ocr_carea' id='block_1_43' title="bbox 2094 1437 3593 1525">
    <p class='ocr_par' dir='ltr' id='par_1_43' title="bbox 2094 1437 3593 1525">
     <span class='ocr_line' id='line_1_43' title="bbox 2094 1437 3593 1525; baseline 0.005 -25"><span class='ocrx_word' id='word_1_283' title='bbox 2094 1467 2112 1500; x_wconf 72' lang='grc' dir='ltr'><strong><em>ι</em></strong></span> <span class='ocrx_word' id='word_1_284' title='bbox 2152 1448 2284 1515; x_wconf 80' lang='lat' dir='ltr'><strong>Quae</strong></span> <span class='ocrx_word' id='word_1_285' title='bbox 2335 1459 2387 1506; x_wconf 88' lang='lat' dir='ltr'><strong>te</strong></span> <span class='ocrx_word' id='word_1_286' title='bbox 2439 1461 2671 1522; x_wconf 89' lang='lat' dir='ltr'><strong>possunt</strong></span> <span class='ocrx_word' id='word_1_287' title='bbox 2721 1456 2993 1510; x_wconf 89' lang='lat' dir='ltr'><strong>instruere</strong></span> <span class='ocrx_word' id='word_1_288' title='bbox 3046 1437 3114 1509; x_wconf 81' lang='lat' dir='ltr'><strong>ad</strong></span> <span class='ocrx_word' id='word_1_289' title='bbox 3180 1453 3441 1517; x_wconf 88' lang='lat' dir='ltr'><strong>salutem.</strong></span> <span class='ocrx_word' id='word_1_290' title='bbox 3499 1468 3593 1525; x_wconf 83' lang='lat' dir='ltr'><strong>per</strong></span> 
     </span>
    </p>
   </div>
   <div class='ocr_carea' id='block_1_44' title="bbox 2019 1539 3590 1610">
    <p class='ocr_par' dir='ltr' id='par_1_44' title="bbox 2019 1539 3590 1610">
     <span class='ocr_line' id='line_1_44' title="bbox 2019 1539 3590 1610; baseline 0.003 -17"><span class='ocrx_word' id='word_1_291' title='bbox 2019 1539 2200 1604; x_wconf 84' lang='lat' dir='ltr'><strong>fidem,</strong></span> <span class='ocrx_word' id='word_1_292' title='bbox 2239 1558 2357 1610; x_wconf 73' lang='lat' dir='ltr'><strong>qua:</strong></span> <span class='ocrx_word' id='word_1_293' title='bbox 2381 1552 2464 1597; x_wconf 87' lang='lat' dir='ltr'><strong>est</strong></span> <span class='ocrx_word' id='word_1_294' title='bbox 2517 1543 2566 1596; x_wconf 90' lang='lat' dir='ltr'><strong>in</strong></span> <span class='ocrx_word' id='word_1_295' title='bbox 2607 1543 2822 1600; x_wconf 77' lang='lat' dir='ltr'><strong>Christo</strong></span> <span class='ocrx_word' id='word_1_296' title='bbox 2857 1542 3007 1602; x_wconf 79' lang='lat' dir='ltr'><strong>Jcsu.</strong></span> <span class='ocrx_word' id='word_1_297' title='bbox 3040 1564 3059 1598; x_wconf 76' lang='grc' dir='ltr'><strong><em>ι</em></strong></span> <span class='ocrx_word' id='word_1_298' title='bbox 3097 1545 3228 1602; x_wconf 85' lang='lat' dir='ltr'><strong>Sine</strong></span> <span class='ocrx_word' id='word_1_299' title='bbox 3293 1545 3399 1602; x_wconf 80' lang='lat' dir='ltr'><strong>ﬁde</strong></span> <span class='ocrx_word' id='word_1_300' title='bbox 3444 1547 3590 1602; x_wconf 90' lang='lat' dir='ltr'><strong>enim</strong></span> 
     </span>
    </p>
   </div>
   <div class='ocr_carea' id='block_1_45' title="bbox 2021 1630 3206 1702">
    <p class='ocr_par' dir='ltr' id='par_1_45' title="bbox 2021 1630 3206 1702">
     <span class='ocr_line' id='line_1_45' title="bbox 2021 1630 3206 1702; baseline 0.005 -16"><span class='ocrx_word' id='word_1_301' title='bbox 2021 1630 2251 1700; x_wconf 77' lang='lat' dir='ltr'><strong>Christi,</strong></span> <span class='ocrx_word' id='word_1_302' title='bbox 2281 1634 2392 1702; x_wconf 85' lang='lat' dir='ltr'><strong>jam</strong></span> <span class='ocrx_word' id='word_1_303' title='bbox 2425 1651 2530 1688; x_wconf 89' lang='lat' dir='ltr'><strong>non</strong></span> <span class='ocrx_word' id='word_1_304' title='bbox 2557 1636 2830 1690; x_wconf 82' lang='lat' dir='ltr'><strong>stilliciunt</strong></span> <span class='ocrx_word' id='word_1_305' title='bbox 2857 1635 2924 1691; x_wconf 86' lang='lat' dir='ltr'><strong>ad</strong></span> <span class='ocrx_word' id='word_1_306' title='bbox 2953 1639 3206 1693; x_wconf 76' lang='lat' dir='ltr'><strong>salutem.</strong></span> 
     </span>
    </p>
   </div>
   <div class='ocr_carea' id='block_1_46' title="bbox 2096 1725 3594 1800">
    <p class='ocr_par' dir='ltr' id='par_1_46' title="bbox 2096 1725 3594 1800">
     <span class='ocr_line' id='line_1_46' title="bbox 2096 1725 3594 1800; baseline 0.004 -22"><span class='ocrx_word' id='word_1_307' title='bbox 2096 1745 2114 1777; x_wconf 78' lang='grc' dir='ltr'>ι</span> <span class='ocrx_word' id='word_1_308' title='bbox 2145 1725 2336 1782; x_wconf 88' lang='lat' dir='ltr'><strong>Onmis</strong></span> <span class='ocrx_word' id='word_1_309' title='bbox 2361 1729 2508 1782; x_wconf 90' lang='lat' dir='ltr'><strong>enim</strong></span> <span class='ocrx_word' id='word_1_310' title='bbox 2537 1727 2820 1800; x_wconf 88' lang='lat' dir='ltr'><strong>Scriptura</strong></span> <span class='ocrx_word' id='word_1_311' title='bbox 2842 1731 3106 1786; x_wconf 82' lang='lat' dir='ltr'><strong>divinitus</strong></span> <span class='ocrx_word' id='word_1_312' title='bbox 3137 1731 3423 1800; x_wconf 89' lang='lat' dir='ltr'><strong>inspirata,</strong></span> <span class='ocrx_word' id='word_1_313' title='bbox 3448 1731 3594 1784; x_wconf 87' lang='lat' dir='ltr'><strong>utilis</strong></span> 
     </span>
    </p>
   </div>
   <div class='ocr_carea' id='block_1_47' title="bbox 1953 1818 3590 1892">
    <p class='ocr_par' dir='ltr' id='par_1_47' title="bbox 1953 1818 3590 1892">
     <span class='ocr_line' id='line_1_47' title="bbox 1953 1818 3590 1892; baseline -0.001 -18"><span class='ocrx_word' id='word_1_314' title='bbox 1953 1820 1992 1874; x_wconf 87' lang='grc' dir='ltr'><strong><em>Β</em></strong></span> <span class='ocrx_word' id='word_1_315' title='bbox 2022 1825 2107 1871; x_wconf 89' lang='lat' dir='ltr'><strong>est</strong></span> <span class='ocrx_word' id='word_1_316' title='bbox 2131 1818 2198 1872; x_wconf 92' lang='lat' dir='ltr'><strong>ad</strong></span> <span class='ocrx_word' id='word_1_317' title='bbox 2230 1819 2552 1884; x_wconf 89' lang='lat' dir='ltr'><strong>docendum,</strong></span> <span class='ocrx_word' id='word_1_318' title='bbox 2585 1821 2653 1875; x_wconf 90' lang='lat' dir='ltr'><strong>ad</strong></span> <span class='ocrx_word' id='word_1_319' title='bbox 2673 1823 3030 1890; x_wconf 79' lang='lat' dir='ltr'><strong>arguendum,</strong></span> <span class='ocrx_word' id='word_1_320' title='bbox 3068 1823 3136 1878; x_wconf 93' lang='lat' dir='ltr'><strong>ad</strong></span> <span class='ocrx_word' id='word_1_321' title='bbox 3162 1823 3590 1892; x_wconf 88' lang='lat' dir='ltr'><strong>corripiendum,</strong></span> 
     </span>
    </p>
   </div>
   <div class='ocr_carea' id='block_1_48' title="bbox 2021 1911 3598 1985">
    <p class='ocr_par' dir='ltr' id='par_1_48' title="bbox 2021 1911 3598 1985">
     <span class='ocr_line' id='line_1_48' title="bbox 2021 1911 3598 1985; baseline 0.004 -22"><span class='ocrx_word' id='word_1_322' title='bbox 2021 1911 2086 1963; x_wconf 90' lang='lat' dir='ltr'><strong>ad</strong></span> <span class='ocrx_word' id='word_1_323' title='bbox 2123 1911 2484 1966; x_wconf 84' lang='lat' dir='ltr'><strong>erudiendum</strong></span> <span class='ocrx_word' id='word_1_324' title='bbox 2546 1914 2598 1966; x_wconf 92' lang='lat' dir='ltr'><strong>in</strong></span> <span class='ocrx_word' id='word_1_325' title='bbox 2635 1914 2850 1980; x_wconf 77' lang='lat' dir='ltr'><strong>justitia</strong></span> <span class='ocrx_word' id='word_1_326' title='bbox 2882 1932 2895 1970; x_wconf 87' lang='lat'><strong>:</strong></span> <span class='ocrx_word' id='word_1_327' title='bbox 2924 1925 2980 1970; x_wconf 93' lang='lat' dir='ltr'><strong>ut</strong></span> <span class='ocrx_word' id='word_1_328' title='bbox 3011 1917 3306 1985; x_wconf 83' lang='lat' dir='ltr'><strong>perfectius</strong></span> <span class='ocrx_word' id='word_1_329' title='bbox 3337 1917 3410 1972; x_wconf 88' lang='lat' dir='ltr'><strong>sit</strong></span> <span class='ocrx_word' id='word_1_330' title='bbox 3433 1917 3598 1972; x_wconf 91' lang='lat' dir='ltr'><strong>homo</strong></span> 
     </span>
    </p>
   </div>
   <div class='ocr_carea' id='block_1_49' title="bbox 2021 1999 3590 2073">
    <p class='ocr_par' dir='ltr' id='par_1_49' title="bbox 2021 1999 3590 2073">
     <span class='ocr_line' id='line_1_49' title="bbox 2021 1999 3590 2073; baseline 0.006 -21"><span class='ocrx_word' id='word_1_331' title='bbox 2021 1999 2114 2053; x_wconf 90' lang='lat' dir='ltr'><strong>Dei</strong></span> <span class='ocrx_word' id='word_1_332' title='bbox 2145 2001 2210 2056; x_wconf 89' lang='lat' dir='ltr'><strong>ad</strong></span> <span class='ocrx_word' id='word_1_333' title='bbox 2241 2016 2399 2056; x_wconf 90' lang='lat' dir='ltr'><strong>omne</strong></span> <span class='ocrx_word' id='word_1_334' title='bbox 2427 2019 2566 2073; x_wconf 77' lang='lat' dir='ltr'><strong>opus</strong></span> <span class='ocrx_word' id='word_1_335' title='bbox 2622 2007 2822 2060; x_wconf 88' lang='lat' dir='ltr'><strong>bonum</strong></span> <span class='ocrx_word' id='word_1_336' title='bbox 2863 2007 3182 2064; x_wconf 87' lang='lat' dir='ltr'><strong>instructus.</strong></span> <span class='ocrx_word' id='word_1_337' title='bbox 3224 2027 3244 2060; x_wconf 76' lang='grc' dir='ltr'><strong><em>ι</em></strong></span> <span class='ocrx_word' id='word_1_338' title='bbox 3305 2007 3432 2063; x_wconf 85' lang='lat' dir='ltr'><strong>Ideo</strong></span> <span class='ocrx_word' id='word_1_339' title='bbox 3467 2011 3590 2062; x_wconf 88' lang='lat' dir='ltr'><strong>data</strong></span> 
     </span>
    </p>
   </div>
   <div class='ocr_carea' id='block_1_50' title="bbox 2019 2090 3594 2168">
    <p class='ocr_par' dir='ltr' id='par_1_50' title="bbox 2019 2090 3594 2168">
     <span class='ocr_line' id='line_1_50' title="bbox 2019 2090 3594 2168; baseline 0.007 -24"><span class='ocrx_word' id='word_1_340' title='bbox 2019 2098 2102 2145; x_wconf 91' lang='lat' dir='ltr'><strong>est</strong></span> <span class='ocrx_word' id='word_1_341' title='bbox 2136 2090 2268 2162; x_wconf 78' lang='lat' dir='ltr'><strong>legis</strong></span> <span class='ocrx_word' id='word_1_342' title='bbox 2291 2093 2600 2159; x_wconf 89' lang='lat' dir='ltr'><strong>instructio,</strong></span> <span class='ocrx_word' id='word_1_343' title='bbox 2633 2108 2691 2150; x_wconf 90' lang='lat' dir='ltr'><strong>ut</strong></span> <span class='ocrx_word' id='word_1_344' title='bbox 2715 2097 2834 2168; x_wconf 84' lang='lat' dir='ltr'><strong>ejus</strong></span> <span class='ocrx_word' id='word_1_345' title='bbox 2870 2090 3102 2153; x_wconf 82' lang='lat' dir='ltr'><strong>consitio</strong></span> <span class='ocrx_word' id='word_1_346' title='bbox 3162 2110 3357 2156; x_wconf 89' lang='lat' dir='ltr'><strong>cuncta</strong></span> <span class='ocrx_word' id='word_1_347' title='bbox 3388 2099 3594 2154; x_wconf 85' lang='lat' dir='ltr'><strong>facien-</strong></span> 
     </span>
    </p>
   </div>
   <div class='ocr_carea' id='block_1_51' title="bbox 2023 2181 2781 2254">
    <p class='ocr_par' dir='ltr' id='par_1_51' title="bbox 2023 2181 2781 2254">
     <span class='ocr_line' id='line_1_51' title="bbox 2023 2181 2781 2254; baseline 0.009 -20"><span class='ocrx_word' id='word_1_348' title='bbox 2023 2181 2290 2252; x_wconf 86' lang='lat' dir='ltr'><strong>tes,jttste</strong></span> <span class='ocrx_word' id='word_1_349' title='bbox 2315 2183 2460 2254; x_wconf 79' lang='lat' dir='ltr'><strong>justa</strong></span> <span class='ocrx_word' id='word_1_350' title='bbox 2497 2185 2781 2241; x_wconf 85' lang='lat' dir='ltr'><strong>faciamus.</strong></span> 
     </span>
    </p>
   </div>
   <div class='ocr_carea' id='block_1_52' title="bbox 2639 2336 2984 2400">
    <p class='ocr_par' dir='ltr' id='par_1_52' title="bbox 2639 2336 2984 2400">
     <span class='ocr_line' id='line_1_52' title="bbox 2639 2336 2984 2400; baseline 0.009 -4"><span class='ocrx_word' id='word_1_351' title='bbox 2639 2336 2868 2397; x_wconf 80' lang='lat' dir='ltr'><strong>CAPUT</strong></span> <span class='ocrx_word' id='word_1_352' title='bbox 2899 2343 2984 2400; x_wconf 80' lang='lat' dir='ltr'><strong>IV.</strong></span> 
     </span>
    </p>
   </div>
   <div class='ocr_carea' id='block_1_53' title="bbox 2100 2453 3598 2528">
    <p class='ocr_par' dir='ltr' id='par_1_53' title="bbox 2100 2453 3598 2528">
     <span class='ocr_line' id='line_1_53' title="bbox 2100 2453 3598 2528; baseline 0.005 -24"><span class='ocrx_word' id='word_1_353' title='bbox 2100 2472 2118 2504; x_wconf 78' lang='grc' dir='ltr'>ι</span> <span class='ocrx_word' id='word_1_354' title='bbox 2155 2453 2444 2508; x_wconf 86' lang='lat' dir='ltr'><strong>&#39;f‘estificor</strong></span> <span class='ocrx_word' id='word_1_355' title='bbox 2471 2467 2656 2508; x_wconf 88' lang='lat' dir='ltr'><strong>coram</strong></span> <span class='ocrx_word' id='word_1_356' title='bbox 2688 2453 2796 2508; x_wconf 87' lang='lat' dir='ltr'><strong>Deo</strong></span> <span class='ocrx_word' id='word_1_357' title='bbox 2825 2463 2880 2510; x_wconf 90' lang='lat' dir='ltr'><strong>et</strong></span> <span class='ocrx_word' id='word_1_358' title='bbox 2927 2455 3149 2511; x_wconf 84' lang='lat' dir='ltr'><strong>Christo</strong></span> <span class='ocrx_word' id='word_1_359' title='bbox 3177 2455 3334 2522; x_wconf 78' lang='lat' dir='ltr'><strong>Jesu,</strong></span> <span class='ocrx_word' id='word_1_360' title='bbox 3368 2458 3460 2528; x_wconf 87' lang='lat' dir='ltr'><strong>qui</strong></span> <span class='ocrx_word' id='word_1_361' title='bbox 3512 2455 3598 2526; x_wconf 81' lang='lat' dir='ltr'><strong>ju-</strong></span> 
     </span>
    </p>
   </div>
   <div class='ocr_carea' id='block_1_54' title="bbox 2025 2549 3595 2621">
    <p class='ocr_par' dir='ltr' id='par_1_54' title="bbox 2025 2549 3595 2621">
     <span class='ocr_line' id='line_1_54' title="bbox 2025 2549 3595 2621; baseline 0.001 -19"><span class='ocrx_word' id='word_1_362' title='bbox 2025 2549 2304 2604; x_wconf 89' lang='lat' dir='ltr'><strong>dicaturus</strong></span> <span class='ocrx_word' id='word_1_363' title='bbox 2343 2559 2425 2604; x_wconf 78' lang='lat' dir='ltr'><strong>est</strong></span> <span class='ocrx_word' id='word_1_364' title='bbox 2467 2552 2620 2605; x_wconf 90' lang='lat' dir='ltr'><strong>vivos</strong></span> <span class='ocrx_word' id='word_1_365' title='bbox 2659 2560 2714 2604; x_wconf 88' lang='lat' dir='ltr'><strong>et</strong></span> <span class='ocrx_word' id='word_1_366' title='bbox 2769 2561 3034 2616; x_wconf 89' lang='lat' dir='ltr'><strong>mortuos,</strong></span> <span class='ocrx_word' id='word_1_367' title='bbox 3070 2562 3122 2606; x_wconf 88' lang='lat' dir='ltr'><strong>ct</strong></span> <span class='ocrx_word' id='word_1_368' title='bbox 3152 2568 3248 2621; x_wconf 87' lang='lat' dir='ltr'><strong>per</strong></span> <span class='ocrx_word' id='word_1_369' title='bbox 3301 2551 3595 2608; x_wconf 86' lang='lat' dir='ltr'><strong>adventum</strong></span> 
     </span>
    </p>
   </div>
   <div class='ocr_carea' id='block_1_55' title="bbox 2029 2640 3600 2713">
    <p class='ocr_par' dir='ltr' id='par_1_55' title="bbox 2029 2640 3600 2713">
     <span class='ocr_line' id='line_1_55' title="bbox 2029 2640 3600 2713; baseline 0.002 -20"><span class='ocrx_word' id='word_1_370' title='bbox 2029 2640 2214 2706; x_wconf 82' lang='lat' dir='ltr'><strong>ipsius,</strong></span> <span class='ocrx_word' id='word_1_371' title='bbox 2246 2653 2302 2695; x_wconf 90' lang='lat' dir='ltr'><strong>et</strong></span> <span class='ocrx_word' id='word_1_372' title='bbox 2347 2657 2570 2713; x_wconf 74' lang='lat' dir='ltr'><strong>rt-gnum</strong></span> <span class='ocrx_word' id='word_1_373' title='bbox 2626 2643 2765 2712; x_wconf 82' lang='lat' dir='ltr'><strong>ejus.</strong></span> <span class='ocrx_word' id='word_1_374' title='bbox 2814 2664 2830 2694; x_wconf 86' lang='grc' dir='ltr'><strong>ι</strong></span> <span class='ocrx_word' id='word_1_375' title='bbox 2880 2643 3238 2698; x_wconf 89' lang='lat' dir='ltr'><strong>Contestatur</strong></span> <span class='ocrx_word' id='word_1_376' title='bbox 3297 2643 3450 2700; x_wconf 90' lang='lat' dir='ltr'><strong>illum</strong></span> <span class='ocrx_word' id='word_1_377' title='bbox 3504 2659 3600 2712; x_wconf 83' lang='lat' dir='ltr'><strong>per</strong></span> 
     </span>
    </p>
   </div>
   <div class='ocr_carea' id='block_1_56' title="bbox 2029 2737 3596 2808">
    <p class='ocr_par' dir='ltr' id='par_1_56' title="bbox 2029 2737 3596 2808">
     <span class='ocr_line' id='line_1_56' title="bbox 2029 2737 3596 2808; baseline -0.001 -18"><span class='ocrx_word' id='word_1_378' title='bbox 2029 2737 2280 2790; x_wconf 87' lang='lat' dir='ltr'><strong>universa</strong></span> <span class='ocrx_word' id='word_1_379' title='bbox 2307 2753 2428 2806; x_wconf 66' lang='lat' dir='ltr'><strong>quae</strong></span> <span class='ocrx_word' id='word_1_380' title='bbox 2462 2738 2630 2792; x_wconf 89' lang='lat' dir='ltr'><strong>credit</strong></span> <span class='ocrx_word' id='word_1_381' title='bbox 2666 2738 2854 2808; x_wconf 78' lang='lat' dir='ltr'><strong>religio</strong></span> <span class='ocrx_word' id='word_1_382' title='bbox 2886 2739 3226 2806; x_wconf 83' lang='lat' dir='ltr'><strong>Christiana,</strong></span> <span class='ocrx_word' id='word_1_383' title='bbox 3260 2749 3319 2794; x_wconf 95' lang='lat' dir='ltr'><strong>ut</strong></span> <span class='ocrx_word' id='word_1_384' title='bbox 3372 2739 3596 2796; x_wconf 86' lang='lat' dir='ltr'><strong>verbum</strong></span> 
     </span>
    </p>
   </div>
   <div class='ocr_carea' id='block_1_57' title="bbox 2031 2827 3600 2900">
    <p class='ocr_par' dir='ltr' id='par_1_57' title="bbox 2031 2827 3600 2900">
     <span class='ocr_line' id='line_1_57' title="bbox 2031 2827 3600 2900; baseline 0.003 -20"><span class='ocrx_word' id='word_1_385' title='bbox 2031 2829 2121 2880; x_wconf 79' lang='lat' dir='ltr'><strong>Dei</strong></span> <span class='ocrx_word' id='word_1_386' title='bbox 2151 2827 2418 2884; x_wconf 79' lang='lat' dir='ltr'><strong>inStanter</strong></span> <span class='ocrx_word' id='word_1_387' title='bbox 2449 2831 2761 2885; x_wconf 88' lang='lat' dir='ltr'><strong>aununtiet.</strong></span> <span class='ocrx_word' id='word_1_388' title='bbox 2801 2830 2903 2896; x_wconf 81' lang='lat' dir='ltr'><strong>Qui</strong></span> <span class='ocrx_word' id='word_1_389' title='bbox 2953 2832 3299 2900; x_wconf 88' lang='lat' dir='ltr'><strong>judicaturus</strong></span> <span class='ocrx_word' id='word_1_390' title='bbox 3335 2841 3423 2886; x_wconf 90' lang='lat' dir='ltr'><strong>est</strong></span> <span class='ocrx_word' id='word_1_391' title='bbox 3450 2831 3600 2884; x_wconf 83' lang='lat' dir='ltr'><strong>vivos</strong></span> 
     </span>
    </p>
   </div>
   <div class='ocr_carea' id='block_1_58' title="bbox 2028 2922 3598 2992">
    <p class='ocr_par' dir='ltr' id='par_1_58' title="bbox 2028 2922 3598 2992">
     <span class='ocr_line' id='line_1_58' title="bbox 2028 2922 3598 2992; baseline 0.001 -19"><span class='ocrx_word' id='word_1_392' title='bbox 2028 2928 2084 2973; x_wconf 88' lang='lat' dir='ltr'><strong>et</strong></span> <span class='ocrx_word' id='word_1_393' title='bbox 2114 2931 2397 2975; x_wconf 88' lang='lat' dir='ltr'><strong>mortuos:</strong></span> <span class='ocrx_word' id='word_1_394' title='bbox 2455 2924 2580 2992; x_wconf 91' lang='lat' dir='ltr'><strong>quia</strong></span> <span class='ocrx_word' id='word_1_395' title='bbox 2621 2923 2770 2976; x_wconf 87' lang='lat' dir='ltr'><strong>vivos</strong></span> <span class='ocrx_word' id='word_1_396' title='bbox 2840 2922 3104 2986; x_wconf 86' lang='lat' dir='ltr'><strong>inveniet,</strong></span> <span class='ocrx_word' id='word_1_397' title='bbox 3166 2932 3412 2978; x_wconf 90' lang='lat' dir='ltr'><strong>mortuos</strong></span> <span class='ocrx_word' id='word_1_398' title='bbox 3473 2937 3598 2976; x_wconf 79' lang='lat' dir='ltr'><strong>sus-</strong></span> 
     </span>
    </p>
   </div>
   <div class='ocr_carea' id='block_1_59' title="bbox 2029 3014 2238 3066">
    <p class='ocr_par' dir='ltr' id='par_1_59' title="bbox 2029 3014 2238 3066">
     <span class='ocr_line' id='line_1_59' title="bbox 2029 3014 2238 3066; baseline 0.005 0"><span class='ocrx_word' id='word_1_399' title='bbox 2029 3014 2238 3066; x_wconf 72' lang='lat' dir='ltr'><strong>citabit.</strong></span> 
     </span>
    </p>
   </div>
   <div class='ocr_carea' id='block_1_60' title="bbox 2109 3103 3595 3180">
    <p class='ocr_par' dir='ltr' id='par_1_60' title="bbox 2109 3103 3595 3180">
     <span class='ocr_line' id='line_1_60' title="bbox 2109 3103 3595 3180; baseline 0.009 -26"><span class='ocrx_word' id='word_1_400' title='bbox 2109 3121 2127 3154; x_wconf 89' lang='grc'><em>‹</em></span> <span class='ocrx_word' id='word_1_401' title='bbox 2164 3103 2400 3159; x_wconf 68' lang='lat' dir='ltr'><strong>t’racdica</strong></span> <span class='ocrx_word' id='word_1_402' title='bbox 2427 3108 2682 3161; x_wconf 87' lang='lat' dir='ltr'><strong>verbum:</strong></span> <span class='ocrx_word' id='word_1_403' title='bbox 2714 3107 2852 3162; x_wconf 87' lang='lat' dir='ltr'><strong>insta</strong></span> <span class='ocrx_word' id='word_1_404' title='bbox 2867 3118 3198 3177; x_wconf 86' lang='lat' dir='ltr'><strong>opportune,</strong></span> <span class='ocrx_word' id='word_1_405' title='bbox 3221 3111 3548 3180; x_wconf 88' lang='lat' dir='ltr'><strong>importune.</strong></span> <span class='ocrx_word' id='word_1_406' title='bbox 3577 3133 3595 3167; x_wconf 72' lang='grc' dir='ltr'>ι</span> 
     </span>
    </p>
   </div>
   <div class='ocr_carea' id='block_1_61' title="bbox 359 3185 1925 3272">
    <p class='ocr_par' dir='ltr' id='par_1_61' title="bbox 359 3188 1925 3270">
     <span class='ocr_line' id='line_1_61' title="bbox 359 3188 1925 3270; baseline -0.001 -14"><span class='ocrx_word' id='word_1_407' title='bbox 359 3216 454 3270; x_wconf 80' lang='lat' dir='ltr'><strong>per</strong></span> <span class='ocrx_word' id='word_1_408' title='bbox 507 3207 955 3269; x_wconf 77' lang='lat' dir='ltr'><strong>argumentorum</strong></span> <span class='ocrx_word' id='word_1_409' title='bbox 1017 3198 1314 3252; x_wconf 80' lang='lat' dir='ltr'><strong>fallaciam.</strong></span> <span class='ocrx_word' id='word_1_410' title='bbox 1372 3199 1656 3268; x_wconf 82' lang='lat' dir='ltr'><strong>Simulque</strong></span> <span class='ocrx_word' id='word_1_411' title='bbox 1695 3188 1925 3254; x_wconf 80' lang='lat' dir='ltr'><strong>ostendit</strong></span> 
     </span>
    </p>
   </div>
   <div class='ocr_carea' id='block_1_62' title="bbox 2057 3185 3595 3272">
    <p class='ocr_par' dir='ltr' id='par_1_62' title="bbox 2057 3195 3595 3272">
     <span class='ocr_line' id='line_1_62' title="bbox 2057 3195 3595 3272; baseline 0.012 -31"><span class='ocrx_word' id='word_1_412' title='bbox 2057 3198 2403 3262; x_wconf 73' lang='lat' dir='ltr'><strong>\pportunum</strong></span> <span class='ocrx_word' id='word_1_413' title='bbox 2441 3207 2546 3254; x_wconf 85' lang='lat' dir='ltr'><strong>est.</strong></span> <span class='ocrx_word' id='word_1_414' title='bbox 2591 3195 2821 3252; x_wconf 88' lang='lat' dir='ltr'><strong>libenter</strong></span> <span class='ocrx_word' id='word_1_415' title='bbox 2847 3200 3060 3254; x_wconf 88' lang='lat' dir='ltr'><strong>audire.</strong></span> <span class='ocrx_word' id='word_1_416' title='bbox 3093 3199 3468 3272; x_wconf 84' lang='lat' dir='ltr'><strong>Importunum</strong></span> <span class='ocrx_word' id='word_1_417' title='bbox 3491 3217 3595 3268; x_wconf 84' lang='lat' dir='ltr'><strong>est,</strong></span> 
     </span>
    </p>
   </div>
   <div class='ocr_carea' id='block_1_63' title="bbox 358 3277 1932 3364">
    <p class='ocr_par' dir='ltr' id='par_1_63' title="bbox 358 3277 1932 3364">
     <span class='ocr_line' id='line_1_63' title="bbox 358 3277 1932 3364; baseline 0 -18"><span class='ocrx_word' id='word_1_418' title='bbox 358 3293 578 3364; x_wconf 77' lang='lat' dir='ltr'><strong>Moysen</strong></span> <span class='ocrx_word' id='word_1_419' title='bbox 602 3292 844 3346; x_wconf 89' lang='lat' dir='ltr'><strong>veritatis</strong></span> <span class='ocrx_word' id='word_1_420' title='bbox 875 3277 1380 3356; x_wconf 57' lang='lat' dir='ltr'><strong>fuisse‘doctorem,</strong></span> <span class='ocrx_word' id='word_1_421' title='bbox 1435 3293 1698 3346; x_wconf 85' lang='lat' dir='ltr'><strong>adversus</strong></span> <span class='ocrx_word' id='word_1_422' title='bbox 1747 3293 1932 3346; x_wconf 89' lang='lat' dir='ltr'><strong>obtre-</strong></span> 
     </span>
    </p>
   </div>
   <div class='ocr_carea' id='block_1_64' title="bbox 363 3384 1224 3442">
    <p class='ocr_par' dir='ltr' id='par_1_64' title="bbox 363 3384 1224 3442">
     <span class='ocr_line' id='line_1_64' title="bbox 363 3384 1224 3442; baseline -0.006 0"><span class='ocrx_word' id='word_1_423' title='bbox 363 3396 596 3442; x_wconf 68' lang='lat' dir='ltr'><strong>Ctatores</strong></span> <span class='ocrx_word' id='word_1_424' title='bbox 631 3384 842 3440; x_wconf 77' lang='lat' dir='ltr'><strong>Veteris</strong></span> <span class='ocrx_word' id='word_1_425' title='bbox 871 3384 1224 3440; x_wconf 84' lang='lat' dir='ltr'><strong>Testamenti.</strong></span> 
     </span>
    </p>
   </div>
   <div class='ocr_carea' id='block_1_65' title="bbox 437 3476 1925 3546">
    <p class='ocr_par' dir='ltr' id='par_1_65' title="bbox 437 3476 1925 3546">
     <span class='ocr_line' id='line_1_65' title="bbox 437 3476 1925 3546; baseline -0.003 -15"><span class='ocrx_word' id='word_1_426' title='bbox 437 3497 456 3531; x_wconf 75' lang='grc' dir='ltr'>ι</span> <span class='ocrx_word' id='word_1_427' title='bbox 493 3476 748 3532; x_wconf 78' lang='lat' dir='ltr'><strong>Homines</strong></span> <span class='ocrx_word' id='word_1_428' title='bbox 775 3478 1011 3544; x_wconf 90' lang='lat' dir='ltr'><strong>corrupti</strong></span> <span class='ocrx_word' id='word_1_429' title='bbox 1035 3489 1215 3530; x_wconf 90' lang='lat' dir='ltr'><strong>mente</strong></span> <span class='ocrx_word' id='word_1_430' title='bbox 1247 3494 1260 3528; x_wconf 87' lang='lat'><strong>:</strong></span> <span class='ocrx_word' id='word_1_431' title='bbox 1289 3477 1504 3546; x_wconf 85' lang='lat' dir='ltr'><strong>reprobi</strong></span> <span class='ocrx_word' id='word_1_432' title='bbox 1533 3477 1679 3530; x_wconf 90' lang='lat' dir='ltr'><strong>circa</strong></span> <span class='ocrx_word' id='word_1_433' title='bbox 1699 3477 1925 3530; x_wconf 58' lang='lat' dir='ltr'><strong>fidem.)</strong></span> 
     </span>
    </p>
   </div>
   <div class='ocr_carea' id='block_1_66' title="bbox 367 3569 1928 3637">
    <p class='ocr_par' dir='ltr' id='par_1_66' title="bbox 367 3569 1928 3637">
     <span class='ocr_line' id='line_1_66' title="bbox 367 3569 1928 3637; baseline -0.001 -13"><span class='ocrx_word' id='word_1_434' title='bbox 367 3569 500 3624; x_wconf 85' lang='lat' dir='ltr'><strong>Tam</strong></span> <span class='ocrx_word' id='word_1_435' title='bbox 535 3570 776 3623; x_wconf 90' lang='lat' dir='ltr'><strong>moribus</strong></span> <span class='ocrx_word' id='word_1_436' title='bbox 811 3569 1075 3637; x_wconf 88' lang='lat' dir='ltr'><strong>corrupti,</strong></span> <span class='ocrx_word' id='word_1_437' title='bbox 1107 3584 1268 3634; x_wconf 84' lang='lat' dir='ltr'><strong>quam</strong></span> <span class='ocrx_word' id='word_1_438' title='bbox 1293 3570 1439 3622; x_wconf 86' lang='lat' dir='ltr'><strong>circa</strong></span> <span class='ocrx_word' id='word_1_439' title='bbox 1497 3570 1655 3622; x_wconf 88' lang='lat' dir='ltr'><strong>tidem</strong></span> <span class='ocrx_word' id='word_1_440' title='bbox 1694 3569 1928 3637; x_wconf 86' lang='lat' dir='ltr'><strong>reprobi.</strong></span> 
     </span>
    </p>
   </div>
   <div class='ocr_carea' id='block_1_67' title="bbox 441 3659 1933 3728">
    <p class='ocr_par' dir='ltr' id='par_1_67' title="bbox 441 3659 1933 3728">
     <span class='ocr_line' id='line_1_67' title="bbox 441 3659 1933 3728; baseline 0 -14"><span class='ocrx_word' id='word_1_441' title='bbox 441 3680 460 3714; x_wconf 73' lang='grc' dir='ltr'>ι</span> <span class='ocrx_word' id='word_1_442' title='bbox 491 3660 596 3716; x_wconf 88' lang='lat' dir='ltr'><strong>Sed</strong></span> <span class='ocrx_word' id='word_1_443' title='bbox 635 3660 778 3714; x_wconf 88' lang='lat' dir='ltr'><strong>ultra</strong></span> <span class='ocrx_word' id='word_1_444' title='bbox 819 3675 926 3713; x_wconf 89' lang='lat' dir='ltr'><strong>non</strong></span> <span class='ocrx_word' id='word_1_445' title='bbox 983 3660 1288 3728; x_wconf 90' lang='lat' dir='ltr'><strong>prolicieut.</strong></span> <span class='ocrx_word' id='word_1_446' title='bbox 1329 3679 1349 3711; x_wconf 75' lang='grc' dir='ltr'><strong><em>ι</em></strong></span> <span class='ocrx_word' id='word_1_447' title='bbox 1416 3659 1490 3714; x_wconf 91' lang='lat' dir='ltr'><strong>De</strong></span> <span class='ocrx_word' id='word_1_448' title='bbox 1525 3660 1779 3714; x_wconf 88' lang='lat' dir='ltr'><strong>omnibus</strong></span> <span class='ocrx_word' id='word_1_449' title='bbox 1813 3663 1933 3714; x_wconf 76' lang='lat' dir='ltr'><strong>lite-</strong></span> 
     </span>
    </p>
   </div>
   <div class='ocr_carea' id='block_1_68' title="bbox 367 3751 1932 3820">
    <p class='ocr_par' dir='ltr' id='par_1_68' title="bbox 367 3751 1932 3820">
     <span class='ocr_line' id='line_1_68' title="bbox 367 3751 1932 3820; baseline -0.004 -11"><span class='ocrx_word' id='word_1_450' title='bbox 367 3754 552 3809; x_wconf 85' lang='lat' dir='ltr'><strong>reticis</strong></span> <span class='ocrx_word' id='word_1_451' title='bbox 581 3753 712 3808; x_wconf 91' lang='lat' dir='ltr'><strong>dicit</strong></span> <span class='ocrx_word' id='word_1_452' title='bbox 743 3769 758 3808; x_wconf 85' lang='lat'><strong>;</strong></span> <span class='ocrx_word' id='word_1_453' title='bbox 793 3755 886 3808; x_wconf 86' lang='lat' dir='ltr'><strong>scd</strong></span> <span class='ocrx_word' id='word_1_454' title='bbox 917 3753 984 3806; x_wconf 89' lang='lat' dir='ltr'><strong>de</strong></span> <span class='ocrx_word' id='word_1_455' title='bbox 1027 3752 1113 3806; x_wconf 86' lang='lat' dir='ltr'><strong>his</strong></span> <span class='ocrx_word' id='word_1_456' title='bbox 1149 3767 1288 3820; x_wconf 87' lang='lat' dir='ltr'><strong>quos</strong></span> <span class='ocrx_word' id='word_1_457' title='bbox 1315 3762 1441 3806; x_wconf 88' lang='lat' dir='ltr'><strong>tunc</strong></span> <span class='ocrx_word' id='word_1_458' title='bbox 1469 3752 1586 3806; x_wconf 91' lang='lat' dir='ltr'><strong>cito</strong></span> <span class='ocrx_word' id='word_1_459' title='bbox 1612 3763 1837 3805; x_wconf 83' lang='lat' dir='ltr'><strong>noverat</strong></span> <span class='ocrx_word' id='word_1_460' title='bbox 1877 3751 1932 3804; x_wconf 89' lang='lat' dir='ltr'><strong>in</strong></span> 
     </span>
    </p>
   </div>
   <div class='ocr_carea' id='block_1_69' title="bbox 365 3842 1932 3914">
    <p class='ocr_par' dir='ltr' id='par_1_69' title="bbox 365 3842 1932 3914">
     <span class='ocr_line' id='line_1_69' title="bbox 365 3842 1932 3914; baseline -0.004 -12"><span class='ocrx_word' id='word_1_461' title='bbox 365 3845 559 3914; x_wconf 87' lang='lat' dir='ltr'><strong>spiritu</strong></span> <span class='ocrx_word' id='word_1_462' title='bbox 602 3845 981 3898; x_wconf 87' lang='lat' dir='ltr'><strong>destruendus.</strong></span> <span class='ocrx_word' id='word_1_463' title='bbox 1023 3842 1294 3896; x_wconf 70' lang='lat' dir='ltr'><strong>(Steterunt</strong></span> <span class='ocrx_word' id='word_1_464' title='bbox 1343 3843 1459 3908; x_wconf 90' lang='lat' dir='ltr'><strong>ipse</strong></span> <span class='ocrx_word' id='word_1_465' title='bbox 1484 3843 1713 3896; x_wconf 87' lang='lat' dir='ltr'><strong>inferius</strong></span> <span class='ocrx_word' id='word_1_466' title='bbox 1769 3857 1932 3912; x_wconf 79' lang='lat' dir='ltr'><strong>quos-</strong></span> 
     </span>
    </p>
   </div>
   <div class='ocr_carea' id='block_1_70' title="bbox 367 3934 1405 4006">
    <p class='ocr_par' dir='ltr' id='par_1_70' title="bbox 367 3934 1405 4006">
     <span class='ocr_line' id='line_1_70' title="bbox 367 3934 1405 4006; baseline -0.004 -13"><span class='ocrx_word' id='word_1_467' title='bbox 367 3940 490 3994; x_wconf 86' lang='lat' dir='ltr'><strong>dam</strong></span> <span class='ocrx_word' id='word_1_468' title='bbox 527 3940 578 3990; x_wconf 86' lang='lat' dir='ltr'><strong>in</strong></span> <span class='ocrx_word' id='word_1_469' title='bbox 611 3938 765 4006; x_wconf 83' lang='lat' dir='ltr'><strong>pejus</strong></span> <span class='ocrx_word' id='word_1_470' title='bbox 801 3935 1098 4004; x_wconf 88' lang='lat' dir='ltr'><strong>profecisse</strong></span> <span class='ocrx_word' id='word_1_471' title='bbox 1135 3934 1405 4004; x_wconf 62' lang='lat' dir='ltr'><strong>praedixit.</strong></span> 
     </span>
    </p>
   </div>
   <div class='ocr_carea' id='block_1_71' title="bbox 444 4025 1934 4097">
    <p class='ocr_par' dir='ltr' id='par_1_71' title="bbox 444 4025 1934 4097">
     <span class='ocr_line' id='line_1_71' title="bbox 444 4025 1934 4097; baseline -0.003 -16"><span class='ocrx_word' id='word_1_472' title='bbox 444 4050 462 4081; x_wconf 72' lang='grc' dir='ltr'>ι</span> <span class='ocrx_word' id='word_1_473' title='bbox 496 4029 808 4097; x_wconf 75' lang='lat' dir='ltr'><strong>[nsipientia</strong></span> <span class='ocrx_word' id='word_1_474' title='bbox 845 4028 988 4082; x_wconf 90' lang='lat' dir='ltr'><strong>enim</strong></span> <span class='ocrx_word' id='word_1_475' title='bbox 1043 4042 1232 4081; x_wconf 90' lang='lat' dir='ltr'><strong>eorum</strong></span> <span class='ocrx_word' id='word_1_476' title='bbox 1275 4027 1563 4081; x_wconf 88' lang='lat' dir='ltr'><strong>manifesta</strong></span> <span class='ocrx_word' id='word_1_477' title='bbox 1617 4025 1719 4080; x_wconf 85' lang='lat' dir='ltr'><strong>erit</strong></span> <span class='ocrx_word' id='word_1_478' title='bbox 1754 4026 1934 4078; x_wconf 89' lang='lat' dir='ltr'><strong>omni-</strong></span> 
     </span>
    </p>
   </div>
   <div class='ocr_carea' id='block_1_72' title="bbox 371 4113 1927 4178">
    <p class='ocr_par' dir='ltr' id='par_1_72' title="bbox 371 4113 1927 4178">
     <span class='ocr_line' id='line_1_72' title="bbox 371 4113 1927 4178; baseline -0.007 0"><span class='ocrx_word' id='word_1_479' title='bbox 371 4124 473 4178; x_wconf 86' lang='lat' dir='ltr'><strong>bus</strong></span> <span class='ocrx_word' id='word_1_480' title='bbox 507 4140 521 4177; x_wconf 90' lang='lat'><strong>:</strong></span> <span class='ocrx_word' id='word_1_481' title='bbox 554 4124 695 4176; x_wconf 88' lang='lat' dir='ltr'><strong>sicut</strong></span> <span class='ocrx_word' id='word_1_482' title='bbox 723 4131 779 4174; x_wconf 91' lang='lat' dir='ltr'><strong>et</strong></span> <span class='ocrx_word' id='word_1_483' title='bbox 810 4120 1023 4174; x_wconf 90' lang='lat' dir='ltr'><strong>illorum</strong></span> <span class='ocrx_word' id='word_1_484' title='bbox 1073 4120 1195 4172; x_wconf 88' lang='lat' dir='ltr'><strong>fuit.</strong></span> <span class='ocrx_word' id='word_1_485' title='bbox 1236 4136 1258 4171; x_wconf 73' lang='grc' dir='ltr'><strong><em>ι</em></strong></span> <span class='ocrx_word' id='word_1_486' title='bbox 1295 4117 1540 4172; x_wconf 86' lang='lat' dir='ltr'><strong>Confessi</strong></span> <span class='ocrx_word' id='word_1_487' title='bbox 1585 4127 1713 4172; x_wconf 89' lang='lat' dir='ltr'><strong>sunt</strong></span> <span class='ocrx_word' id='word_1_488' title='bbox 1749 4130 1809 4170; x_wconf 85' lang='lat' dir='ltr'><strong>se</strong></span> <span class='ocrx_word' id='word_1_489' title='bbox 1836 4113 1927 4168; x_wconf 86' lang='lat' dir='ltr'><strong>Dei</strong></span> 
     </span>
    </p>
   </div>
   <div class='ocr_carea' id='block_1_73' title="bbox 370 4209 1372 4282">
    <p class='ocr_par' dir='ltr' id='par_1_73' title="bbox 370 4209 1372 4282">
     <span class='ocr_line' id='line_1_73' title="bbox 370 4209 1372 4282; baseline -0.004 -16"><span class='ocrx_word' id='word_1_490' title='bbox 370 4214 536 4282; x_wconf 73' lang='lat' dir='ltr'><strong>digito</strong></span> <span class='ocrx_word' id='word_1_491' title='bbox 568 4221 850 4280; x_wconf 88' lang='lat' dir='ltr'><strong>superatos</strong></span> <span class='ocrx_word' id='word_1_492' title='bbox 877 4209 1078 4280; x_wconf 75' lang='lat' dir='ltr'><strong>(Exod.</strong></span> <span class='ocrx_word' id='word_1_493' title='bbox 1103 4225 1222 4274; x_wconf 82' lang='lat' dir='ltr'><strong>vni,</strong></span> <span class='ocrx_word' id='word_1_494' title='bbox 1260 4209 1372 4276; x_wconf 83' lang='lat' dir='ltr'><strong>l9).</strong></span> 
     </span>
    </p>
   </div>
   <div class='ocr_carea' id='block_1_74' title="bbox 447 4300 1937 4367">
    <p class='ocr_par' dir='ltr' id='par_1_74' title="bbox 447 4300 1937 4367">
     <span class='ocr_line' id='line_1_74' title="bbox 447 4300 1937 4367; baseline -0.001 -12"><span class='ocrx_word' id='word_1_495' title='bbox 447 4322 466 4355; x_wconf 76' lang='grc' dir='ltr'>ί</span> <span class='ocrx_word' id='word_1_496' title='bbox 500 4303 581 4356; x_wconf 85' lang='lat' dir='ltr'><strong>Tu</strong></span> <span class='ocrx_word' id='word_1_497' title='bbox 613 4314 792 4356; x_wconf 91' lang='lat' dir='ltr'><strong>autem</strong></span> <span class='ocrx_word' id='word_1_498' title='bbox 828 4309 1112 4356; x_wconf 84' lang='lat' dir='ltr'><strong>assecutus</strong></span> <span class='ocrx_word' id='word_1_499' title='bbox 1164 4316 1223 4355; x_wconf 87' lang='lat' dir='ltr'><strong>es</strong></span> <span class='ocrx_word' id='word_1_500' title='bbox 1254 4315 1427 4354; x_wconf 87' lang='lat' dir='ltr'><strong>meam</strong></span> <span class='ocrx_word' id='word_1_501' title='bbox 1476 4300 1796 4367; x_wconf 88' lang='lat' dir='ltr'><strong>doctrinam,</strong></span> <span class='ocrx_word' id='word_1_502' title='bbox 1852 4303 1937 4356; x_wconf 82' lang='lat' dir='ltr'><strong>iu-</strong></span> 
     </span>
    </p>
   </div>
   <div class='ocr_carea' id='block_1_75' title="bbox 371 4391 1936 4463">
    <p class='ocr_par' dir='ltr' id='par_1_75' title="bbox 371 4391 1936 4463">
     <span class='ocr_line' id='line_1_75' title="bbox 371 4391 1936 4463; baseline -0.002 -15"><span class='ocrx_word' id='word_1_503' title='bbox 371 4395 739 4457; x_wconf 87' lang='lat' dir='ltr'><strong>stitutionem,</strong></span> <span class='ocrx_word' id='word_1_504' title='bbox 799 4393 1162 4463; x_wconf 83' lang='lat' dir='ltr'><strong>propositum,</strong></span> <span class='ocrx_word' id='word_1_505' title='bbox 1214 4393 1399 4456; x_wconf 86' lang='lat' dir='ltr'><strong>tidem,</strong></span> <span class='ocrx_word' id='word_1_506' title='bbox 1449 4391 1936 4460; x_wconf 78' lang='lat' dir='ltr'><strong>longanimitatem,</strong></span> 
     </span>
    </p>
   </div>
   <div class='ocr_carea' id='block_1_76' title="bbox 369 4479 2018 4567">
    <p class='ocr_par' dir='ltr' id='par_1_76' title="bbox 369 4479 2018 4567">
     <span class='ocr_line' id='line_1_76' title="bbox 369 4479 2018 4567; baseline -0.001 -30"><span class='ocrx_word' id='word_1_507' title='bbox 369 4484 730 4548; x_wconf 60' lang='lat' dir='ltr'><strong>dilectionem,</strong></span> <span class='ocrx_word' id='word_1_508' title='bbox 778 4481 1114 4550; x_wconf 85' lang='lat' dir='ltr'><strong>patientiam.</strong></span> <span class='ocrx_word' id='word_1_509' title='bbox 1149 4498 1168 4530; x_wconf 70' lang='grc' dir='ltr'>ι</span> <span class='ocrx_word' id='word_1_510' title='bbox 1199 4479 1329 4534; x_wconf 89' lang='lat' dir='ltr'><strong>Plus</strong></span> <span class='ocrx_word' id='word_1_511' title='bbox 1366 4479 1463 4533; x_wconf 88' lang='lat' dir='ltr'><strong>tibi</strong></span> <span class='ocrx_word' id='word_1_512' title='bbox 1522 4481 1683 4535; x_wconf 85' lang='lat' dir='ltr'><strong>crede</strong></span> <span class='ocrx_word' id='word_1_513' title='bbox 1712 4482 1778 4535; x_wconf 91' lang='lat' dir='ltr'><strong>de</strong></span> <span class='ocrx_word' id='word_1_514' title='bbox 1829 4497 1934 4546; x_wconf 88' lang='lat' dir='ltr'><strong>me,</strong></span> <span class='ocrx_word' id='word_1_515' title='bbox 1967 4507 2018 4567; x_wconf 73' lang='grc' dir='ltr'><strong>ι)</strong></span> 
     </span>
    </p>
   </div>
   <div class='ocr_carea' id='block_1_77' title="bbox 368 4571 1936 4646">
    <p class='ocr_par' dir='ltr' id='par_1_77' title="bbox 368 4571 1936 4646">
     <span class='ocr_line' id='line_1_77' title="bbox 368 4571 1936 4646; baseline 0.002 -21"><span class='ocrx_word' id='word_1_516' title='bbox 368 4591 530 4646; x_wconf 82' lang='lat' dir='ltr'><strong>quant</strong></span> <span class='ocrx_word' id='word_1_517' title='bbox 558 4574 662 4628; x_wconf 86' lang='lat' dir='ltr'><strong>illis</strong></span> <span class='ocrx_word' id='word_1_518' title='bbox 704 4591 718 4627; x_wconf 92' lang='lat'><strong>:</strong></span> <span class='ocrx_word' id='word_1_519' title='bbox 763 4576 876 4628; x_wconf 88' lang='lat' dir='ltr'><strong>sive</strong></span> <span class='ocrx_word' id='word_1_520' title='bbox 918 4573 1126 4627; x_wconf 88' lang='lat' dir='ltr'><strong>idcirco</strong></span> <span class='ocrx_word' id='word_1_521' title='bbox 1164 4572 1260 4626; x_wconf 87' lang='lat' dir='ltr'><strong>tibi</strong></span> <span class='ocrx_word' id='word_1_522' title='bbox 1296 4587 1400 4625; x_wconf 91' lang='lat' dir='ltr'><strong>non</strong></span> <span class='ocrx_word' id='word_1_523' title='bbox 1430 4571 1617 4637; x_wconf 87' lang='lat' dir='ltr'><strong>timeo,</strong></span> <span class='ocrx_word' id='word_1_524' title='bbox 1668 4576 1794 4641; x_wconf 89' lang='lat' dir='ltr'><strong>qttia</strong></span> <span class='ocrx_word' id='word_1_525' title='bbox 1824 4577 1936 4628; x_wconf 87' lang='lat' dir='ltr'><strong>scio</strong></span> 
     </span>
    </p>
   </div>
   <div class='ocr_carea' id='block_1_78' title="bbox 374 4660 1936 4734">
    <p class='ocr_par' dir='ltr' id='par_1_78' title="bbox 374 4660 1936 4734">
     <span class='ocr_line' id='line_1_78' title="bbox 374 4660 1936 4734; baseline -0.001 -13"><span class='ocrx_word' id='word_1_526' title='bbox 374 4682 424 4722; x_wconf 90' lang='lat' dir='ltr'><strong>te</strong></span> <span class='ocrx_word' id='word_1_527' title='bbox 453 4667 754 4721; x_wconf 86' lang='lat' dir='ltr'><strong>doctrinam</strong></span> <span class='ocrx_word' id='word_1_528' title='bbox 787 4673 840 4718; x_wconf 90' lang='lat' dir='ltr'><strong>et</strong></span> <span class='ocrx_word' id='word_1_529' title='bbox 873 4666 1128 4718; x_wconf 87' lang='lat' dir='ltr'><strong>virtutem</strong></span> <span class='ocrx_word' id='word_1_530' title='bbox 1163 4677 1336 4717; x_wconf 83' lang='lat' dir='ltr'><strong>meam</strong></span> <span class='ocrx_word' id='word_1_531' title='bbox 1369 4660 1571 4730; x_wconf 83' lang='lat' dir='ltr'><strong>Optime</strong></span> <span class='ocrx_word' id='word_1_532' title='bbox 1595 4667 1936 4734; x_wconf 81' lang='lat' dir='ltr'><strong>cognovisse.</strong></span> 
     </span>
    </p>
   </div>
   <div class='ocr_carea' id='block_1_79' title="bbox 450 4753 1940 4824">
    <p class='ocr_par' dir='ltr' id='par_1_79' title="bbox 450 4753 1940 4824">
     <span class='ocr_line' id='line_1_79' title="bbox 450 4753 1940 4824; baseline -0.001 -14"><span class='ocrx_word' id='word_1_533' title='bbox 450 4781 468 4810; x_wconf 81' lang='grc' dir='ltr'>ι</span> <span class='ocrx_word' id='word_1_534' title='bbox 509 4756 952 4820; x_wconf 87' lang='lat' dir='ltr'><strong>Persecutioues,</strong></span> <span class='ocrx_word' id='word_1_535' title='bbox 1002 4753 1322 4823; x_wconf 82' lang='lat' dir='ltr'><strong>passiones:</strong></span> <span class='ocrx_word' id='word_1_536' title='bbox 1369 4755 1548 4824; x_wconf 83' lang='lat' dir='ltr'><strong>qualia</strong></span> <span class='ocrx_word' id='word_1_537' title='bbox 1605 4755 1735 4807; x_wconf 85' lang='lat' dir='ltr'><strong>mihi</strong></span> <span class='ocrx_word' id='word_1_538' title='bbox 1798 4754 1940 4809; x_wconf 59' lang='lat' dir='ltr'><strong>faeta</strong></span> 
     </span>
    </p>
   </div>
   <div class='ocr_carea' id='block_1_80' title="bbox 373 4845 1942 4917">
    <p class='ocr_par' dir='ltr' id='par_1_80' title="bbox 373 4845 1942 4917">
     <span class='ocr_line' id='line_1_80' title="bbox 373 4845 1942 4917; baseline -0.003 -12"><span class='ocrx_word' id='word_1_539' title='bbox 373 4861 501 4906; x_wconf 84' lang='lat' dir='ltr'><strong>sunt</strong></span> <span class='ocrx_word' id='word_1_540' title='bbox 558 4849 881 4912; x_wconf 73' lang='lat' dir='ltr'><strong>Antiochiae,</strong></span> <span class='ocrx_word' id='word_1_541' title='bbox 931 4846 1115 4912; x_wconf 90' lang='lat' dir='ltr'><strong>lconii,</strong></span> <span class='ocrx_word' id='word_1_542' title='bbox 1145 4845 1358 4917; x_wconf 79' lang='lat' dir='ltr'><strong>Lystris</strong></span> <span class='ocrx_word' id='word_1_543' title='bbox 1393 4861 1410 4899; x_wconf 89' lang='lat'><strong>:</strong></span> <span class='ocrx_word' id='word_1_544' title='bbox 1460 4848 1652 4916; x_wconf 87' lang='lat' dir='ltr'><strong>quales</strong></span> <span class='ocrx_word' id='word_1_545' title='bbox 1687 4862 1942 4914; x_wconf 84' lang='lat' dir='ltr'><strong>persecu-</strong></span> 
     </span>
    </p>
   </div>
   <div class='ocr_carea' id='block_1_81' title="bbox 377 4939 1942 5010">
    <p class='ocr_par' dir='ltr' id='par_1_81' title="bbox 377 4939 1942 5010">
     <span class='ocr_line' id='line_1_81' title="bbox 377 4939 1942 5010; baseline -0.002 -13"><span class='ocrx_word' id='word_1_546' title='bbox 377 4947 552 5000; x_wconf 86' lang='lat' dir='ltr'><strong>tiones</strong></span> <span class='ocrx_word' id='word_1_547' title='bbox 581 4941 836 4998; x_wconf 88' lang='lat' dir='ltr'><strong>sustinui.</strong></span> <span class='ocrx_word' id='word_1_548' title='bbox 879 4961 898 4992; x_wconf 75' lang='grc' dir='ltr'><strong><em>ι</em></strong></span> <span class='ocrx_word' id='word_1_549' title='bbox 937 4939 1014 4994; x_wconf 79' lang='lat' dir='ltr'><strong>Ex</strong></span> <span class='ocrx_word' id='word_1_550' title='bbox 1047 4940 1131 4995; x_wconf 92' lang='lat' dir='ltr'><strong>his</strong></span> <span class='ocrx_word' id='word_1_551' title='bbox 1173 4939 1401 5010; x_wconf 87' lang='lat' dir='ltr'><strong>potuisti</strong></span> <span class='ocrx_word' id='word_1_552' title='bbox 1459 4956 1806 5010; x_wconf 78' lang='lat' dir='ltr'><strong>cognoscere,</strong></span> <span class='ocrx_word' id='word_1_553' title='bbox 1856 4957 1942 4994; x_wconf 85' lang='lat' dir='ltr'><strong>me</strong></span> 
     </span>
    </p>
   </div>
   <div class='ocr_carea' id='block_1_82' title="bbox 377 5033 1938 5105">
    <p class='ocr_par' dir='ltr' id='par_1_82' title="bbox 377 5033 1938 5105">
     <span class='ocr_line' id='line_1_82' title="bbox 377 5033 1938 5105; baseline -0.003 -15"><span class='ocrx_word' id='word_1_554' title='bbox 377 5037 507 5090; x_wconf 85' lang='lat' dir='ltr'><strong>nihil</strong></span> <span class='ocrx_word' id='word_1_555' title='bbox 553 5047 778 5105; x_wconf 90' lang='lat' dir='ltr'><strong>propter</strong></span> <span class='ocrx_word' id='word_1_556' title='bbox 838 5033 1085 5089; x_wconf 88' lang='lat' dir='ltr'><strong>homines</strong></span> <span class='ocrx_word' id='word_1_557' title='bbox 1143 5033 1353 5101; x_wconf 88' lang='lat' dir='ltr'><strong>facere,</strong></span> <span class='ocrx_word' id='word_1_558' title='bbox 1423 5034 1547 5102; x_wconf 91' lang='lat' dir='ltr'><strong>quia</strong></span> <span class='ocrx_word' id='word_1_559' title='bbox 1621 5041 1770 5087; x_wconf 90' lang='lat' dir='ltr'><strong>tanta</strong></span> <span class='ocrx_word' id='word_1_560' title='bbox 1820 5047 1938 5087; x_wconf 84' lang='lat' dir='ltr'><strong>sum</strong></span> 
     </span>
    </p>
   </div>
   <div class='ocr_carea' id='block_1_83' title="bbox 379 5114 634 5197">
    <p class='ocr_par' dir='ltr' id='par_1_83' title="bbox 379 5114 634 5197">
     <span class='ocr_line' id='line_1_83' title="bbox 379 5114 634 5197; baseline -0.004 -15"><span class='ocrx_word' id='word_1_561' title='bbox 379 5141 585 5197; x_wconf 84' lang='lat' dir='ltr'><strong>passus.</strong></span> <span class='ocrx_word' id='word_1_562' title='bbox 628 5114 634 5122; x_wconf 77' lang='grc'><em>’</em></span> 
     </span>
    </p>
   </div>
   <div class='ocr_carea' id='block_1_84' title="bbox 451 5216 1946 5286">
    <p class='ocr_par' dir='ltr' id='par_1_84' title="bbox 451 5216 1946 5286">
     <span class='ocr_line' id='line_1_84' title="bbox 451 5216 1946 5286; baseline 0.002 -18"><span class='ocrx_word' id='word_1_563' title='bbox 451 5235 470 5268; x_wconf 69' lang='grc' dir='ltr'><strong><em>ι</em></strong></span> <span class='ocrx_word' id='word_1_564' title='bbox 504 5216 567 5270; x_wconf 81' lang='lat' dir='ltr'><strong>Et</strong></span> <span class='ocrx_word' id='word_1_565' title='bbox 597 5233 659 5271; x_wconf 82' lang='lat' dir='ltr'><strong>ex</strong></span> <span class='ocrx_word' id='word_1_566' title='bbox 695 5217 949 5272; x_wconf 91' lang='lat' dir='ltr'><strong>omnibus</strong></span> <span class='ocrx_word' id='word_1_567' title='bbox 989 5216 1190 5286; x_wconf 87' lang='lat' dir='ltr'><strong>eripuit</strong></span> <span class='ocrx_word' id='word_1_568' title='bbox 1247 5231 1334 5271; x_wconf 90' lang='lat' dir='ltr'><strong>me</strong></span> <span class='ocrx_word' id='word_1_569' title='bbox 1396 5216 1678 5272; x_wconf 87' lang='lat' dir='ltr'><strong>Dominus.</strong></span> <span class='ocrx_word' id='word_1_570' title='bbox 1706 5236 1724 5270; x_wconf 75' lang='grc' dir='ltr'><strong><em>ι</em></strong></span> <span class='ocrx_word' id='word_1_571' title='bbox 1775 5216 1857 5270; x_wconf 89' lang='lat' dir='ltr'><strong>lta</strong></span> <span class='ocrx_word' id='word_1_572' title='bbox 1891 5226 1946 5271; x_wconf 90' lang='lat' dir='ltr'><strong>et</strong></span> 
     </span>
    </p>
   </div>
   <div class='ocr_carea' id='block_1_85' title="bbox 378 5309 1417 5377">
    <p class='ocr_par' dir='ltr' id='par_1_85' title="bbox 378 5309 1417 5377">
     <span class='ocr_line' id='line_1_85' title="bbox 378 5309 1417 5377; baseline 0.001 -15"><span class='ocrx_word' id='word_1_573' title='bbox 378 5320 431 5364; x_wconf 92' lang='lat' dir='ltr'><strong>te</strong></span> <span class='ocrx_word' id='word_1_574' title='bbox 460 5313 523 5364; x_wconf 89' lang='lat' dir='ltr'><strong>de</strong></span> <span class='ocrx_word' id='word_1_575' title='bbox 543 5310 798 5364; x_wconf 87' lang='lat' dir='ltr'><strong>omnibus</strong></span> <span class='ocrx_word' id='word_1_576' title='bbox 827 5309 1042 5377; x_wconf 88' lang='lat' dir='ltr'><strong>eripiet,</strong></span> <span class='ocrx_word' id='word_1_577' title='bbox 1075 5310 1119 5363; x_wconf 92' lang='lat' dir='ltr'><strong>si</strong></span> <span class='ocrx_word' id='word_1_578' title='bbox 1145 5311 1417 5377; x_wconf 84' lang='lat' dir='ltr'><strong>sequaris.</strong></span> 
     </span>
    </p>
   </div>
   <div class='ocr_carea' id='block_1_86' title="bbox 453 5401 1943 5470">
    <p class='ocr_par' dir='ltr' id='par_1_86' title="bbox 453 5401 1943 5470">
     <span class='ocr_line' id='line_1_86' title="bbox 453 5401 1943 5470; baseline 0 -16"><span class='ocrx_word' id='word_1_579' title='bbox 453 5421 470 5454; x_wconf 81' lang='grc' dir='ltr'>ι</span> <span class='ocrx_word' id='word_1_580' title='bbox 508 5402 576 5456; x_wconf 82' lang='lat' dir='ltr'><strong>Et</strong></span> <span class='ocrx_word' id='word_1_581' title='bbox 608 5417 797 5456; x_wconf 89' lang='lat' dir='ltr'><strong>omnes</strong></span> <span class='ocrx_word' id='word_1_582' title='bbox 850 5401 942 5470; x_wconf 90' lang='lat' dir='ltr'><strong>qui</strong></span> <span class='ocrx_word' id='word_1_583' title='bbox 1001 5402 1086 5470; x_wconf 92' lang='lat' dir='ltr'><strong>pie</strong></span> <span class='ocrx_word' id='word_1_584' title='bbox 1137 5402 1325 5456; x_wconf 92' lang='lat' dir='ltr'><strong>volunt</strong></span> <span class='ocrx_word' id='word_1_585' title='bbox 1392 5402 1575 5456; x_wconf 88' lang='lat' dir='ltr'><strong>vivere</strong></span> <span class='ocrx_word' id='word_1_586' title='bbox 1608 5403 1658 5456; x_wconf 87' lang='lat' dir='ltr'><strong>iti</strong></span> <span class='ocrx_word' id='word_1_587' title='bbox 1721 5402 1943 5457; x_wconf 80' lang='lat' dir='ltr'><strong>Christo</strong></span> 
     </span>
    </p>
   </div>
   <div class='ocr_carea' id='block_1_87' title="bbox 377 5493 1946 5564">
    <p class='ocr_par' dir='ltr' id='par_1_87' title="bbox 377 5493 1946 5564">
     <span class='ocr_line' id='line_1_87' title="bbox 377 5493 1946 5564; baseline 0.001 -17"><span class='ocrx_word' id='word_1_588' title='bbox 377 5493 524 5558; x_wconf 82' lang='lat' dir='ltr'><strong>Jesu,</strong></span> <span class='ocrx_word' id='word_1_589' title='bbox 559 5495 995 5564; x_wconf 83' lang='lat' dir='ltr'><strong>persecutionem</strong></span> <span class='ocrx_word' id='word_1_590' title='bbox 1027 5495 1322 5563; x_wconf 79' lang='lat' dir='ltr'><strong>patientur.</strong></span> <span class='ocrx_word' id='word_1_591' title='bbox 1363 5515 1381 5546; x_wconf 72' lang='grc' dir='ltr'>ι</span> <span class='ocrx_word' id='word_1_592' title='bbox 1417 5494 1536 5548; x_wconf 81' lang='lat' dir='ltr'><strong>Non</strong></span> <span class='ocrx_word' id='word_1_593' title='bbox 1592 5496 1767 5549; x_wconf 89' lang='lat' dir='ltr'><strong>solum</strong></span> <span class='ocrx_word' id='word_1_594' title='bbox 1821 5509 1946 5562; x_wconf 70' lang='lat' dir='ltr'><strong>ego,</strong></span> 
     </span>
    </p>
   </div>
   <div class='ocr_carea' id='block_1_88' title="bbox 379 5587 1947 5656">
    <p class='ocr_par' dir='ltr' id='par_1_88' title="bbox 379 5587 1947 5656">
     <span class='ocr_line' id='line_1_88' title="bbox 379 5587 1947 5656; baseline -0.001 -14"><span class='ocrx_word' id='word_1_595' title='bbox 379 5587 474 5642; x_wconf 87' lang='lat' dir='ltr'><strong>sed</strong></span> <span class='ocrx_word' id='word_1_596' title='bbox 496 5598 550 5641; x_wconf 89' lang='lat' dir='ltr'><strong>et</strong></span> <span class='ocrx_word' id='word_1_597' title='bbox 581 5601 772 5641; x_wconf 89' lang='lat' dir='ltr'><strong>omnes</strong></span> <span class='ocrx_word' id='word_1_598' title='bbox 813 5587 906 5656; x_wconf 87' lang='lat' dir='ltr'><strong>qui</strong></span> <span class='ocrx_word' id='word_1_599' title='bbox 939 5602 1046 5642; x_wconf 91' lang='lat' dir='ltr'><strong>non</strong></span> <span class='ocrx_word' id='word_1_600' title='bbox 1087 5588 1344 5642; x_wconf 85' lang='lat' dir='ltr'><strong>occidunt</strong></span> <span class='ocrx_word' id='word_1_601' title='bbox 1373 5587 1584 5642; x_wconf 86' lang='lat' dir='ltr'><strong>animas</strong></span> <span class='ocrx_word' id='word_1_602' title='bbox 1640 5589 1692 5640; x_wconf 94' lang='lat' dir='ltr'><strong>in</strong></span> <span class='ocrx_word' id='word_1_603' title='bbox 1721 5588 1947 5641; x_wconf 88' lang='lat' dir='ltr'><strong>adulan-</strong></span> 
     </span>
    </p>
   </div>
   <div class='ocr_carea' id='block_1_89' title="bbox 380 5680 1948 5750">
    <p class='ocr_par' dir='ltr' id='par_1_89' title="bbox 380 5680 1948 5750">
     <span class='ocr_line' id='line_1_89' title="bbox 380 5680 1948 5750; baseline -0.001 -16"><span class='ocrx_word' id='word_1_604' title='bbox 380 5684 468 5737; x_wconf 88' lang='lat' dir='ltr'><strong>do.</strong></span> <span class='ocrx_word' id='word_1_605' title='bbox 500 5680 820 5736; x_wconf 88' lang='lat' dir='ltr'><strong>Timendum</strong></span> <span class='ocrx_word' id='word_1_606' title='bbox 852 5697 981 5750; x_wconf 81' lang='lat' dir='ltr'><strong>ergo</strong></span> <span class='ocrx_word' id='word_1_607' title='bbox 1012 5681 1166 5736; x_wconf 86' lang='lat' dir='ltr'><strong>nobis</strong></span> <span class='ocrx_word' id='word_1_608' title='bbox 1192 5689 1278 5736; x_wconf 89' lang='lat' dir='ltr'><strong>est</strong></span> <span class='ocrx_word' id='word_1_609' title='bbox 1323 5695 1388 5734; x_wconf 92' lang='lat' dir='ltr'><strong>ne</strong></span> <span class='ocrx_word' id='word_1_610' title='bbox 1428 5696 1532 5736; x_wconf 89' lang='lat' dir='ltr'><strong>non</strong></span> <span class='ocrx_word' id='word_1_611' title='bbox 1567 5681 1651 5750; x_wconf 87' lang='lat' dir='ltr'><strong>pie</strong></span> <span class='ocrx_word' id='word_1_612' title='bbox 1681 5682 1948 5745; x_wconf 85' lang='lat' dir='ltr'><strong>vivamus,</strong></span> 
     </span>
    </p>
   </div>
   <div class='ocr_carea' id='block_1_90' title="bbox 381 5776 1366 5846">
    <p class='ocr_par' dir='ltr' id='par_1_90' title="bbox 381 5776 1366 5846">
     <span class='ocr_line' id='line_1_90' title="bbox 381 5776 1366 5846; baseline -0.001 -17"><span class='ocrx_word' id='word_1_613' title='bbox 381 5776 472 5846; x_wconf 85' lang='lat' dir='ltr'><strong>qui</strong></span> <span class='ocrx_word' id='word_1_614' title='bbox 501 5777 634 5831; x_wconf 75' lang='lat' dir='ltr'><strong>nihil</strong></span> <span class='ocrx_word' id='word_1_615' title='bbox 661 5777 898 5846; x_wconf 80' lang='lat' dir='ltr'><strong>patimur</strong></span> <span class='ocrx_word' id='word_1_616' title='bbox 931 5785 1149 5844; x_wconf 82' lang='lat' dir='ltr'><strong>prepter</strong></span> <span class='ocrx_word' id='word_1_617' title='bbox 1173 5776 1366 5830; x_wconf 89' lang='lat' dir='ltr'><strong>Deum.</strong></span> 
     </span>
    </p>
   </div>
   <div class='ocr_carea' id='block_1_91' title="bbox 782 5874 1295 5935">
    <p class='ocr_par' dir='ltr' id='par_1_91' title="bbox 782 5874 1295 5935">
     <span class='ocr_line' id='line_1_91' title="bbox 782 5874 1295 5935; baseline -0.002 -3"><span class='ocrx_word' id='word_1_618' title='bbox 782 5874 936 5932; x_wconf 58' lang='lat' dir='ltr'><strong>Part:</strong></span> <span class='ocrx_word' id='word_1_619' title='bbox 951 5892 1046 5933; x_wconf 78' lang='lat' dir='ltr'><strong>OL.</strong></span> <span class='ocrx_word' id='word_1_620' title='bbox 1178 5877 1215 5932; x_wconf 70' lang='grc' dir='ltr'>Χ</span> <span class='ocrx_word' id='word_1_621' title='bbox 1229 5875 1295 5931; x_wconf 76' lang='grc' dir='ltr'><strong>Χ.</strong></span> 
     </span>
    </p>
   </div>
   <div class='ocr_carea' id='block_1_92' title="bbox 2034 3285 2542 3351">
    <p class='ocr_par' dir='ltr' id='par_1_92' title="bbox 2034 3285 2542 3351">
     <span class='ocr_line' id='line_1_92' title="bbox 2034 3285 2542 3351; baseline 0.004 -14"><span class='ocrx_word' id='word_1_622' title='bbox 2034 3285 2202 3338; x_wconf 88' lang='lat' dir='ltr'><strong>invito</strong></span> <span class='ocrx_word' id='word_1_623' title='bbox 2225 3285 2542 3351; x_wconf 68' lang='lat' dir='ltr'><strong>prmdicare.</strong></span> 
     </span>
    </p>
   </div>
   <div class='ocr_carea' id='block_1_93' title="bbox 2112 3377 3604 3454">
    <p class='ocr_par' dir='ltr' id='par_1_93' title="bbox 2112 3377 3604 3454">
     <span class='ocr_line' id='line_1_93' title="bbox 2112 3377 3604 3454; baseline 0.013 -28"><span class='ocrx_word' id='word_1_624' title='bbox 2112 3395 2128 3426; x_wconf 82' lang='lat' dir='ltr'><strong>t</strong></span> <span class='ocrx_word' id='word_1_625' title='bbox 2156 3377 2359 3446; x_wconf 70' lang='lat' dir='ltr'><strong>Argue,</strong></span> <span class='ocrx_word' id='word_1_626' title='bbox 2394 3379 2642 3445; x_wconf 86' lang='lat' dir='ltr'><strong>obsecra,</strong></span> <span class='ocrx_word' id='word_1_627' title='bbox 2691 3380 2908 3450; x_wconf 83' lang='lat' dir='ltr'><strong>increpa</strong></span> <span class='ocrx_word' id='word_1_628' title='bbox 2948 3383 3000 3437; x_wconf 91' lang='lat' dir='ltr'><strong>in</strong></span> <span class='ocrx_word' id='word_1_629' title='bbox 3037 3387 3182 3440; x_wconf 89' lang='lat' dir='ltr'><strong>omni</strong></span> <span class='ocrx_word' id='word_1_630' title='bbox 3235 3388 3494 3454; x_wconf 79' lang='lat' dir='ltr'><strong>patientia</strong></span> <span class='ocrx_word' id='word_1_631' title='bbox 3549 3401 3604 3446; x_wconf 83' lang='lat' dir='ltr'><strong>et</strong></span> 
     </span>
    </p>
   </div>
   <div class='ocr_carea' id='block_1_94' title="bbox 2033 3467 3600 3550">
    <p class='ocr_par' dir='ltr' id='par_1_94' title="bbox 2033 3467 3600 3550">
     <span class='ocr_line' id='line_1_94' title="bbox 2033 3467 3600 3550; baseline 0.012 -29"><span class='ocrx_word' id='word_1_632' title='bbox 2033 3467 2296 3523; x_wconf 83' lang='lat' dir='ltr'><strong>doctrina.</strong></span> <span class='ocrx_word' id='word_1_633' title='bbox 2334 3490 2352 3522; x_wconf 75' lang='grc' dir='ltr'><strong>ι</strong></span> <span class='ocrx_word' id='word_1_634' title='bbox 2377 3474 2554 3539; x_wconf 75' lang='lat' dir='ltr'><strong>Argue</strong></span> <span class='ocrx_word' id='word_1_635' title='bbox 2571 3484 2883 3542; x_wconf 89' lang='lat' dir='ltr'><strong>peccantes,</strong></span> <span class='ocrx_word' id='word_1_636' title='bbox 2934 3489 3244 3534; x_wconf 86' lang='lat' dir='ltr'><strong>contestare</strong></span> <span class='ocrx_word' id='word_1_637' title='bbox 3268 3495 3335 3535; x_wconf 88' lang='lat' dir='ltr'><strong>ne</strong></span> <span class='ocrx_word' id='word_1_638' title='bbox 3357 3494 3600 3550; x_wconf 88' lang='lat' dir='ltr'><strong>peccent.</strong></span> 
     </span>
    </p>
   </div>
   <div class='ocr_carea' id='block_1_95' title="bbox 2036 3557 3602 3641">
    <p class='ocr_par' dir='ltr' id='par_1_95' title="bbox 2036 3557 3602 3641">
     <span class='ocr_line' id='line_1_95' title="bbox 2036 3557 3602 3641; baseline 0.013 -32"><span class='ocrx_word' id='word_1_639' title='bbox 2036 3557 2255 3627; x_wconf 88' lang='lat' dir='ltr'><strong>lucrepa</strong></span> <span class='ocrx_word' id='word_1_640' title='bbox 2289 3562 2608 3616; x_wconf 75' lang='lat' dir='ltr'><strong>resistentes</strong></span> <span class='ocrx_word' id='word_1_641' title='bbox 2637 3578 2654 3618; x_wconf 85' lang='lat'><strong>:</strong></span> <span class='ocrx_word' id='word_1_642' title='bbox 2681 3563 2776 3617; x_wconf 86' lang='lat' dir='ltr'><strong>sed</strong></span> <span class='ocrx_word' id='word_1_643' title='bbox 2807 3566 2918 3620; x_wconf 83' lang='lat' dir='ltr'><strong>luec</strong></span> <span class='ocrx_word' id='word_1_644' title='bbox 2957 3569 3144 3624; x_wconf 89' lang='lat' dir='ltr'><strong>omnia</strong></span> <span class='ocrx_word' id='word_1_645' title='bbox 3185 3585 3306 3624; x_wconf 89' lang='lat' dir='ltr'><strong>cum</strong></span> <span class='ocrx_word' id='word_1_646' title='bbox 3341 3575 3602 3641; x_wconf 81' lang='lat' dir='ltr'><strong>patientia</strong></span> 
     </span>
    </p>
   </div>
   <div class='ocr_carea' id='block_1_96' title="bbox 2035 3653 2770 3713">
    <p class='ocr_par' dir='ltr' id='par_1_96' title="bbox 2035 3653 2770 3713">
     <span class='ocr_line' id='line_1_96' title="bbox 2035 3653 2770 3713; baseline 0.003 -9"><span class='ocrx_word' id='word_1_647' title='bbox 2035 3662 2086 3704; x_wconf 91' lang='lat' dir='ltr'><strong>et</strong></span> <span class='ocrx_word' id='word_1_648' title='bbox 2113 3653 2408 3705; x_wconf 90' lang='lat' dir='ltr'><strong>secundum</strong></span> <span class='ocrx_word' id='word_1_649' title='bbox 2442 3655 2770 3713; x_wconf 87' lang='lat' dir='ltr'><strong>doctrinam.</strong></span> 
     </span>
    </p>
   </div>
   <div class='ocr_carea' id='block_1_97' title="bbox 2112 3741 3605 3816">
    <p class='ocr_par' dir='ltr' id='par_1_97' title="bbox 2112 3741 3605 3816">
     <span class='ocr_line' id='line_1_97' title="bbox 2112 3741 3605 3816; baseline 0.013 -23"><span class='ocrx_word' id='word_1_650' title='bbox 2112 3759 2130 3793; x_wconf 71' lang='grc' dir='ltr'><strong><em>ι</em></strong></span> <span class='ocrx_word' id='word_1_651' title='bbox 2169 3741 2284 3797; x_wconf 87' lang='lat' dir='ltr'><strong>Erit</strong></span> <span class='ocrx_word' id='word_1_652' title='bbox 2313 3746 2454 3798; x_wconf 88' lang='lat' dir='ltr'><strong>enim</strong></span> <span class='ocrx_word' id='word_1_653' title='bbox 2488 3754 2700 3816; x_wconf 88' lang='lat' dir='ltr'><strong>tempus</strong></span> <span class='ocrx_word' id='word_1_654' title='bbox 2731 3764 2852 3802; x_wconf 87' lang='lat' dir='ltr'><strong>cum</strong></span> <span class='ocrx_word' id='word_1_655' title='bbox 2898 3763 3090 3804; x_wconf 86' lang='lat' dir='ltr'><strong>sanam</strong></span> <span class='ocrx_word' id='word_1_656' title='bbox 3136 3751 3438 3810; x_wconf 88' lang='lat' dir='ltr'><strong>doctrinam</strong></span> <span class='ocrx_word' id='word_1_657' title='bbox 3499 3771 3605 3813; x_wconf 80' lang='lat' dir='ltr'><strong>non</strong></span> 
     </span>
    </p>
   </div>
   <div class='ocr_carea' id='block_1_98' title="bbox 2039 3837 3604 3909">
    <p class='ocr_par' dir='ltr' id='par_1_98' title="bbox 2039 3837 3604 3909">
     <span class='ocr_line' id='line_1_98' title="bbox 2039 3837 3604 3909; baseline 0.011 -20"><span class='ocrx_word' id='word_1_658' title='bbox 2039 3837 2410 3891; x_wconf 82' lang='lat' dir='ltr'><strong>sustinebunt.</strong></span> <span class='ocrx_word' id='word_1_659' title='bbox 2445 3857 2464 3891; x_wconf 70' lang='grc' dir='ltr'><strong><em>ι</em></strong></span> <span class='ocrx_word' id='word_1_660' title='bbox 2509 3839 2708 3893; x_wconf 83' lang='lat' dir='ltr'><strong>Veram</strong></span> <span class='ocrx_word' id='word_1_661' title='bbox 2766 3852 2821 3895; x_wconf 93' lang='lat' dir='ltr'><strong>et</strong></span> <span class='ocrx_word' id='word_1_662' title='bbox 2867 3843 3162 3909; x_wconf 86' lang='lat' dir='ltr'><strong>perfectam</strong></span> <span class='ocrx_word' id='word_1_663' title='bbox 3196 3860 3211 3901; x_wconf 85' lang='lat'><strong>:</strong></span> <span class='ocrx_word' id='word_1_664' title='bbox 3243 3847 3384 3902; x_wconf 77' lang='lat' dir='ltr'><strong>sicut</strong></span> <span class='ocrx_word' id='word_1_665' title='bbox 3436 3850 3604 3907; x_wconf 81' lang='lat' dir='ltr'><strong>Israel</strong></span> 
     </span>
    </p>
   </div>
   <div class='ocr_carea' id='block_1_99' title="bbox 2040 3928 2775 4000">
    <p class='ocr_par' dir='ltr' id='par_1_99' title="bbox 2040 3928 2775 4000">
     <span class='ocr_line' id='line_1_99' title="bbox 2040 3928 2775 4000; baseline 0.008 -22"><span class='ocrx_word' id='word_1_666' title='bbox 2040 3928 2230 3980; x_wconf 88' lang='lat' dir='ltr'><strong>audire</strong></span> <span class='ocrx_word' id='word_1_667' title='bbox 2251 3929 2430 3983; x_wconf 89' lang='lat' dir='ltr'><strong>noluit</strong></span> <span class='ocrx_word' id='word_1_668' title='bbox 2461 3933 2775 4000; x_wconf 84' lang='lat' dir='ltr'><strong>prophetas.</strong></span> 
     </span>
    </p>
   </div>
   <div class='ocr_carea' id='block_1_100' title="bbox 2114 4020 3608 4105">
    <p class='ocr_par' dir='ltr' id='par_1_100' title="bbox 2114 4020 3608 4105">
     <span class='ocr_line' id='line_1_100' title="bbox 2114 4020 3608 4105; baseline 0.011 -34"><span class='ocrx_word' id='word_1_669' title='bbox 2114 4037 2134 4071; x_wconf 73' lang='grc' dir='ltr'>ι</span> <span class='ocrx_word' id='word_1_670' title='bbox 2167 4020 2271 4074; x_wconf 85' lang='lat' dir='ltr'><strong>Sed</strong></span> <span class='ocrx_word' id='word_1_671' title='bbox 2298 4022 2363 4076; x_wconf 89' lang='lat' dir='ltr'><strong>ad</strong></span> <span class='ocrx_word' id='word_1_672' title='bbox 2388 4038 2480 4076; x_wconf 86' lang='lat' dir='ltr'><strong>sua</strong></span> <span class='ocrx_word' id='word_1_673' title='bbox 2504 4023 2770 4079; x_wconf 80' lang='lat' dir='ltr'><strong>desideria</strong></span> <span class='ocrx_word' id='word_1_674' title='bbox 2805 4028 3220 4083; x_wconf 78' lang='lat' dir='ltr'><strong>coacervatiunt</strong></span> <span class='ocrx_word' id='word_1_675' title='bbox 3273 4031 3376 4085; x_wconf 86' lang='lat' dir='ltr'><strong>sibi</strong></span> <span class='ocrx_word' id='word_1_676' title='bbox 3437 4035 3608 4105; x_wconf 67' lang='lat' dir='ltr'><strong>magi-</strong></span> 
     </span>
    </p>
   </div>
   <div class='ocr_carea' id='block_1_101' title="bbox 2039 4113 3604 4189">
    <p class='ocr_par' dir='ltr' id='par_1_101' title="bbox 2039 4113 3604 4189">
     <span class='ocr_line' id='line_1_101' title="bbox 2039 4113 3604 4189; baseline 0.006 -23"><span class='ocrx_word' id='word_1_677' title='bbox 2039 4123 2202 4166; x_wconf 81' lang='lat' dir='ltr'><strong>Stros.</strong></span> <span class='ocrx_word' id='word_1_678' title='bbox 2249 4131 2267 4162; x_wconf 78' lang='grc' dir='ltr'><strong><em>ι</em></strong></span> <span class='ocrx_word' id='word_1_679' title='bbox 2307 4113 2466 4167; x_wconf 85' lang='lat' dir='ltr'><strong>Tales</strong></span> <span class='ocrx_word' id='word_1_680' title='bbox 2497 4117 2784 4184; x_wconf 75' lang='lat' dir='ltr'><strong>magistros</strong></span> <span class='ocrx_word' id='word_1_681' title='bbox 2831 4119 3129 4186; x_wconf 85' lang='lat' dir='ltr'><strong>inquireut,</strong></span> <span class='ocrx_word' id='word_1_682' title='bbox 3169 4121 3258 4187; x_wconf 90' lang='lat' dir='ltr'><strong>qui</strong></span> <span class='ocrx_word' id='word_1_683' title='bbox 3302 4136 3367 4175; x_wconf 90' lang='lat' dir='ltr'><strong>ea</strong></span> <span class='ocrx_word' id='word_1_684' title='bbox 3399 4122 3604 4189; x_wconf 89' lang='lat' dir='ltr'><strong>dicunt,</strong></span> 
     </span>
    </p>
   </div>
   <div class='ocr_carea' id='block_1_102' title="bbox 2038 4205 3602 4285">
    <p class='ocr_par' dir='ltr' id='par_1_102' title="bbox 2038 4205 3602 4285">
     <span class='ocr_line' id='line_1_102' title="bbox 2038 4205 3602 4285; baseline 0.012 -31"><span class='ocrx_word' id='word_1_685' title='bbox 2038 4219 2156 4273; x_wconf 79' lang='lat' dir='ltr'><strong>qua:</strong></span> <span class='ocrx_word' id='word_1_686' title='bbox 2187 4205 2286 4272; x_wconf 87' lang='lat' dir='ltr'><strong>ipsi</strong></span> <span class='ocrx_word' id='word_1_687' title='bbox 2325 4207 2513 4260; x_wconf 87' lang='lat' dir='ltr'><strong>audire</strong></span> <span class='ocrx_word' id='word_1_688' title='bbox 2549 4209 2880 4273; x_wconf 80' lang='lat' dir='ltr'><strong>desiderant,</strong></span> <span class='ocrx_word' id='word_1_689' title='bbox 2919 4220 2974 4264; x_wconf 92' lang='lat' dir='ltr'><strong>ut</strong></span> <span class='ocrx_word' id='word_1_690' title='bbox 3029 4213 3206 4266; x_wconf 87' lang='lat' dir='ltr'><strong>securi</strong></span> <span class='ocrx_word' id='word_1_691' title='bbox 3265 4213 3602 4285; x_wconf 86' lang='lat' dir='ltr'><strong>delinquant.</strong></span> 
     </span>
    </p>
   </div>
   <div class='ocr_carea' id='block_1_103' title="bbox 2118 4297 3606 4375">
    <p class='ocr_par' dir='ltr' id='par_1_103' title="bbox 2118 4297 3606 4375">
     <span class='ocr_line' id='line_1_103' title="bbox 2118 4297 3606 4375; baseline 0.011 -29"><span class='ocrx_word' id='word_1_692' title='bbox 2118 4315 2134 4346; x_wconf 77' lang='grc' dir='ltr'>ι</span> <span class='ocrx_word' id='word_1_693' title='bbox 2164 4297 2478 4351; x_wconf 86' lang='lat' dir='ltr'><strong>Pturientes</strong></span> <span class='ocrx_word' id='word_1_694' title='bbox 2509 4300 2750 4354; x_wconf 85' lang='lat' dir='ltr'><strong>auribus.</strong></span> <span class='ocrx_word' id='word_1_695' title='bbox 2785 4321 2802 4351; x_wconf 85' lang='grc'><strong>›</strong></span> <span class='ocrx_word' id='word_1_696' title='bbox 2834 4300 2936 4366; x_wconf 84' lang='lat' dir='ltr'><strong>Qui</strong></span> <span class='ocrx_word' id='word_1_697' title='bbox 2970 4304 3244 4360; x_wconf 86' lang='lat' dir='ltr'><strong>delectare</strong></span> <span class='ocrx_word' id='word_1_698' title='bbox 3271 4307 3606 4375; x_wconf 80' lang='lat' dir='ltr'><strong>tlcsiderant,</strong></span> 
     </span>
    </p>
   </div>
   <div class='ocr_carea' id='block_1_104' title="bbox 2041 4405 2566 4458">
    <p class='ocr_par' dir='ltr' id='par_1_104' title="bbox 2041 4405 2566 4458">
     <span class='ocr_line' id='line_1_104' title="bbox 2041 4405 2566 4458; baseline 0.006 -17"><span class='ocrx_word' id='word_1_699' title='bbox 2041 4405 2149 4443; x_wconf 89' lang='lat' dir='ltr'><strong>non</strong></span> <span class='ocrx_word' id='word_1_700' title='bbox 2178 4405 2566 4458; x_wconf 77' lang='lat' dir='ltr'><strong>coittpuugere.</strong></span> 
     </span>
    </p>
   </div>
   <div class='ocr_carea' id='block_1_105' title="bbox 2121 4480 3609 4548">
    <p class='ocr_par' dir='ltr' id='par_1_105' title="bbox 2121 4480 3609 4548">
     <span class='ocr_line' id='line_1_105' title="bbox 2121 4480 3609 4548; baseline 0.011 -17"><span class='ocrx_word' id='word_1_701' title='bbox 2121 4498 2140 4530; x_wconf 73' lang='grc' dir='ltr'>ι</span> <span class='ocrx_word' id='word_1_702' title='bbox 2178 4480 2242 4532; x_wconf 85' lang='lat' dir='ltr'><strong>Et</strong></span> <span class='ocrx_word' id='word_1_703' title='bbox 2291 4497 2320 4532; x_wconf 88' lang='lat' dir='ltr'><strong>a</strong></span> <span class='ocrx_word' id='word_1_704' title='bbox 2357 4482 2588 4534; x_wconf 85' lang='lat' dir='ltr'><strong>veritate</strong></span> <span class='ocrx_word' id='word_1_705' title='bbox 2646 4483 2866 4548; x_wconf 76' lang='lat' dir='ltr'><strong>quidem</strong></span> <span class='ocrx_word' id='word_1_706' title='bbox 2923 4487 3166 4540; x_wconf 86' lang='lat' dir='ltr'><strong>auditum</strong></span> <span class='ocrx_word' id='word_1_707' title='bbox 3224 4502 3471 4544; x_wconf 87' lang='lat' dir='ltr'><strong>avertcnt</strong></span> <span class='ocrx_word' id='word_1_708' title='bbox 3501 4509 3516 4548; x_wconf 86' lang='lat'><strong>:</strong></span> <span class='ocrx_word' id='word_1_709' title='bbox 3543 4492 3609 4547; x_wconf 89' lang='lat' dir='ltr'><strong>ad</strong></span> 
     </span>
    </p>
   </div>
   <div class='ocr_carea' id='block_1_106' title="bbox 2047 4571 3610 4652">
    <p class='ocr_par' dir='ltr' id='par_1_106' title="bbox 2047 4571 3610 4652">
     <span class='ocr_line' id='line_1_106' title="bbox 2047 4571 3610 4652; baseline 0.009 -28"><span class='ocrx_word' id='word_1_710' title='bbox 2047 4571 2258 4624; x_wconf 83' lang='lat' dir='ltr'><strong>fabulas</strong></span> <span class='ocrx_word' id='word_1_711' title='bbox 2319 4584 2497 4626; x_wconf 84' lang='lat' dir='ltr'><strong>autem</strong></span> <span class='ocrx_word' id='word_1_712' title='bbox 2560 4585 2977 4628; x_wconf 88' lang='lat' dir='ltr'><strong>convertentur.</strong></span> <span class='ocrx_word' id='word_1_713' title='bbox 3023 4595 3041 4628; x_wconf 72' lang='grc' dir='ltr'><strong><em>ι</em></strong></span> <span class='ocrx_word' id='word_1_714' title='bbox 3077 4579 3119 4630; x_wconf 79' lang='grc' dir='ltr'>Α</span> <span class='ocrx_word' id='word_1_715' title='bbox 3173 4581 3400 4636; x_wconf 86' lang='lat' dir='ltr'><strong>veritate</strong></span> <span class='ocrx_word' id='word_1_716' title='bbox 3454 4583 3610 4652; x_wconf 81' lang='lat' dir='ltr'><strong>legis,</strong></span> 
     </span>
    </p>
   </div>
   <div class='ocr_carea' id='block_1_107' title="bbox 2042 4661 3611 4740">
    <p class='ocr_par' dir='ltr' id='par_1_107' title="bbox 2042 4661 3611 4740">
     <span class='ocr_line' id='line_1_107' title="bbox 2042 4661 3611 4740; baseline 0.009 -27"><span class='ocrx_word' id='word_1_717' title='bbox 2042 4677 2163 4728; x_wconf 72' lang='lat' dir='ltr'><strong>qua:</strong></span> <span class='ocrx_word' id='word_1_718' title='bbox 2212 4661 2338 4715; x_wconf 84' lang='lat' dir='ltr'><strong>vitia</strong></span> <span class='ocrx_word' id='word_1_719' title='bbox 2415 4665 2656 4729; x_wconf 88' lang='lat' dir='ltr'><strong>damnat,</strong></span> <span class='ocrx_word' id='word_1_720' title='bbox 2713 4665 2779 4718; x_wconf 91' lang='lat' dir='ltr'><strong>ad</strong></span> <span class='ocrx_word' id='word_1_721' title='bbox 2839 4666 3081 4722; x_wconf 82' lang='lat' dir='ltr'><strong>rationes</strong></span> <span class='ocrx_word' id='word_1_722' title='bbox 3143 4669 3426 4736; x_wconf 89' lang='lat' dir='ltr'><strong>humanas,</strong></span> <span class='ocrx_word' id='word_1_723' title='bbox 3495 4690 3611 4740; x_wconf 84' lang='lat' dir='ltr'><strong>qua:</strong></span> 
     </span>
    </p>
   </div>
   <div class='ocr_carea' id='block_1_108' title="bbox 2046 4751 3611 4828">
    <p class='ocr_par' dir='ltr' id='par_1_108' title="bbox 2046 4751 3611 4828">
     <span class='ocr_line' id='line_1_108' title="bbox 2046 4751 3611 4828; baseline 0.009 -23"><span class='ocrx_word' id='word_1_724' title='bbox 2046 4751 2213 4806; x_wconf 84' lang='lat' dir='ltr'><strong>Deum</strong></span> <span class='ocrx_word' id='word_1_725' title='bbox 2269 4763 2325 4806; x_wconf 91' lang='lat' dir='ltr'><strong>ut</strong></span> <span class='ocrx_word' id='word_1_726' title='bbox 2384 4755 2534 4824; x_wconf 91' lang='lat' dir='ltr'><strong>pium</strong></span> <span class='ocrx_word' id='word_1_727' title='bbox 2599 4769 2705 4809; x_wconf 91' lang='lat' dir='ltr'><strong>non</strong></span> <span class='ocrx_word' id='word_1_728' title='bbox 2758 4758 3158 4815; x_wconf 86' lang='lat' dir='ltr'><strong>vindicaturum</strong></span> <span class='ocrx_word' id='word_1_729' title='bbox 3185 4777 3328 4828; x_wconf 88' lang='lat' dir='ltr'><strong>esse,</strong></span> <span class='ocrx_word' id='word_1_730' title='bbox 3385 4766 3611 4818; x_wconf 82' lang='lat' dir='ltr'><strong>concin-</strong></span> 
     </span>
    </p>
   </div>
   <div class='ocr_carea' id='block_1_109' title="bbox 2047 4856 2203 4898">
    <p class='ocr_par' dir='ltr' id='par_1_109' title="bbox 2047 4856 2203 4898">
     <span class='ocr_line' id='line_1_109' title="bbox 2047 4856 2203 4898; baseline 0.006 -2"><span class='ocrx_word' id='word_1_731' title='bbox 2047 4856 2203 4898; x_wconf 87' lang='lat' dir='ltr'><strong>nant.</strong></span> 
     </span>
    </p>
   </div>
   <div class='ocr_carea' id='block_1_110' title="bbox 2123 4935 3610 5012">
    <p class='ocr_par' dir='ltr' id='par_1_110' title="bbox 2123 4935 3610 5012">
     <span class='ocr_line' id='line_1_110' title="bbox 2123 4935 3610 5012; baseline 0.009 -25"><span class='ocrx_word' id='word_1_732' title='bbox 2123 4957 2140 4987; x_wconf 76' lang='grc' dir='ltr'>ι</span> <span class='ocrx_word' id='word_1_733' title='bbox 2181 4935 2259 4988; x_wconf 89' lang='lat' dir='ltr'><strong>Tu</strong></span> <span class='ocrx_word' id='word_1_734' title='bbox 2288 4951 2415 4991; x_wconf 87' lang='lat' dir='ltr'><strong>vero</strong></span> <span class='ocrx_word' id='word_1_735' title='bbox 2447 4937 2606 5007; x_wconf 80' lang='lat' dir='ltr'><strong>vigila</strong></span> <span class='ocrx_word' id='word_1_736' title='bbox 2635 4956 2651 5004; x_wconf 84' lang='lat'><strong>;</strong></span> <span class='ocrx_word' id='word_1_737' title='bbox 2677 4941 2729 4992; x_wconf 88' lang='lat' dir='ltr'><strong>itt</strong></span> <span class='ocrx_word' id='word_1_738' title='bbox 2785 4945 3041 4999; x_wconf 89' lang='lat' dir='ltr'><strong>omnibus</strong></span> <span class='ocrx_word' id='word_1_739' title='bbox 3074 4945 3279 4999; x_wconf 87' lang='lat' dir='ltr'><strong>labora.</strong></span> <span class='ocrx_word' id='word_1_740' title='bbox 3321 4965 3338 4996; x_wconf 73' lang='grc' dir='ltr'><strong><em>ι</em></strong></span> <span class='ocrx_word' id='word_1_741' title='bbox 3383 4947 3512 5012; x_wconf 76' lang='lat' dir='ltr'><strong>Qua:</strong></span> <span class='ocrx_word' id='word_1_742' title='bbox 3545 4948 3610 5000; x_wconf 90' lang='lat' dir='ltr'><strong>att</strong></span> 
     </span>
    </p>
   </div>
   <div class='ocr_carea' id='block_1_111' title="bbox 2049 5030 3030 5098">
    <p class='ocr_par' dir='ltr' id='par_1_111' title="bbox 2049 5030 3030 5098">
     <span class='ocr_line' id='line_1_111' title="bbox 2049 5030 3030 5098; baseline 0.007 -17"><span class='ocrx_word' id='word_1_743' title='bbox 2049 5030 2334 5082; x_wconf 88' lang='lat' dir='ltr'><strong>utilitatem</strong></span> <span class='ocrx_word' id='word_1_744' title='bbox 2373 5031 2647 5098; x_wconf 83' lang='lat' dir='ltr'><strong>pertinent</strong></span> <span class='ocrx_word' id='word_1_745' title='bbox 2671 5033 3030 5088; x_wconf 88' lang='lat' dir='ltr'><strong>audientium.</strong></span> 
     </span>
    </p>
   </div>
   <div class='ocr_carea' id='block_1_112' title="bbox 2124 5120 3614 5197">
    <p class='ocr_par' dir='ltr' id='par_1_112' title="bbox 2124 5120 3614 5197">
     <span class='ocr_line' id='line_1_112' title="bbox 2124 5120 3614 5197; baseline 0.009 -26"><span class='ocrx_word' id='word_1_746' title='bbox 2124 5139 2143 5171; x_wconf 69' lang='grc' dir='ltr'><strong><em>ι</em></strong></span> <span class='ocrx_word' id='word_1_747' title='bbox 2178 5120 2325 5189; x_wconf 85' lang='lat' dir='ltr'><strong>Opus</strong></span> <span class='ocrx_word' id='word_1_748' title='bbox 2347 5121 2433 5175; x_wconf 81' lang='lat' dir='ltr'><strong>fac</strong></span> <span class='ocrx_word' id='word_1_749' title='bbox 2455 5122 2824 5191; x_wconf 58' lang='lat' dir='ltr'><strong>evangelista.</strong></span> <span class='ocrx_word' id='word_1_750' title='bbox 2856 5144 2874 5174; x_wconf 75' lang='grc' dir='ltr'><strong><em>ι</em></strong></span> <span class='ocrx_word' id='word_1_751' title='bbox 2916 5125 3148 5180; x_wconf 78' lang='lat' dir='ltr'><strong>Verbum</strong></span> <span class='ocrx_word' id='word_1_752' title='bbox 3173 5136 3322 5181; x_wconf 88' lang='lat' dir='ltr'><strong>tuum</strong></span> <span class='ocrx_word' id='word_1_753' title='bbox 3357 5130 3614 5197; x_wconf 82' lang='lat' dir='ltr'><strong>operibus</strong></span> 
     </span>
    </p>
   </div>
   <div class='ocr_carea' id='block_1_113' title="bbox 2048 5213 2548 5268">
    <p class='ocr_par' dir='ltr' id='par_1_113' title="bbox 2048 5213 2548 5268">
     <span class='ocr_line' id='line_1_113' title="bbox 2048 5213 2548 5268; baseline -0.004 0"><span class='ocrx_word' id='word_1_754' title='bbox 2048 5213 2442 5268; x_wconf 79' lang='lat' dir='ltr'><strong>conformetur.</strong></span> <span class='ocrx_word' id='word_1_755' title='bbox 2533 5213 2548 5226; x_wconf 55' lang='grc' dir='ltr'><em>ί</em></span> 
     </span>
    </p>
   </div>
   <div class='ocr_carea' id='block_1_114' title="bbox 2127 5306 3608 5378">
    <p class='ocr_par' dir='ltr' id='par_1_114' title="bbox 2127 5306 3608 5378">
     <span class='ocr_line' id='line_1_114' title="bbox 2127 5306 3608 5378; baseline 0.005 -22"><span class='ocrx_word' id='word_1_756' title='bbox 2127 5328 2145 5356; x_wconf 78' lang='grc' dir='ltr'>ι</span> <span class='ocrx_word' id='word_1_757' title='bbox 2218 5306 2580 5362; x_wconf 79' lang='lat' dir='ltr'><strong>Minister-ium</strong></span> <span class='ocrx_word' id='word_1_758' title='bbox 2636 5319 2786 5363; x_wconf 90' lang='lat' dir='ltr'><strong>tuum</strong></span> <span class='ocrx_word' id='word_1_759' title='bbox 2845 5310 3060 5378; x_wconf 79' lang='lat' dir='ltr'><strong>imple:</strong></span> <span class='ocrx_word' id='word_1_760' title='bbox 3117 5310 3335 5364; x_wconf 81' lang='lat' dir='ltr'><strong>sobrius</strong></span> <span class='ocrx_word' id='word_1_761' title='bbox 3411 5323 3548 5365; x_wconf 84' lang='lat' dir='ltr'><strong>esto.</strong></span> <span class='ocrx_word' id='word_1_762' title='bbox 3589 5332 3608 5364; x_wconf 69' lang='grc' dir='ltr'><strong>ν</strong></span> 
     </span>
    </p>
   </div>
   <div class='ocr_carea' id='block_1_115' title="bbox 2052 5398 3617 5470">
    <p class='ocr_par' dir='ltr' id='par_1_115' title="bbox 2052 5398 3617 5470">
     <span class='ocr_line' id='line_1_115' title="bbox 2052 5398 3617 5470; baseline 0.003 -19"><span class='ocrx_word' id='word_1_763' title='bbox 2052 5398 2410 5469; x_wconf 80' lang='lat' dir='ltr'><strong>Episcopatus</strong></span> <span class='ocrx_word' id='word_1_764' title='bbox 2441 5401 2669 5456; x_wconf 84' lang='lat' dir='ltr'><strong>scilicet.</strong></span> <span class='ocrx_word' id='word_1_765' title='bbox 2705 5401 2820 5454; x_wconf 90' lang='lat' dir='ltr'><strong>Non</strong></span> <span class='ocrx_word' id='word_1_766' title='bbox 2853 5403 3000 5456; x_wconf 88' lang='lat' dir='ltr'><strong>enim</strong></span> <span class='ocrx_word' id='word_1_767' title='bbox 3033 5417 3250 5470; x_wconf 89' lang='lat' dir='ltr'><strong>semper</strong></span> <span class='ocrx_word' id='word_1_768' title='bbox 3279 5415 3378 5454; x_wconf 89' lang='lat' dir='ltr'><strong>ero</strong></span> <span class='ocrx_word' id='word_1_769' title='bbox 3405 5401 3462 5453; x_wconf 89' lang='lat' dir='ltr'><strong>in</strong></span> <span class='ocrx_word' id='word_1_770' title='bbox 3491 5421 3617 5455; x_wconf 79' lang='lat' dir='ltr'><strong>cur-</strong></span> 
     </span>
    </p>
   </div>
   <div class='ocr_carea' id='block_1_116' title="bbox 2052 5497 2937 5563">
    <p class='ocr_par' dir='ltr' id='par_1_116' title="bbox 2052 5497 2937 5563">
     <span class='ocr_line' id='line_1_116' title="bbox 2052 5497 2937 5563; baseline 0 -15"><span class='ocrx_word' id='word_1_771' title='bbox 2052 5508 2204 5563; x_wconf 84' lang='lat' dir='ltr'><strong>pore,</strong></span> <span class='ocrx_word' id='word_1_772' title='bbox 2237 5506 2293 5548; x_wconf 91' lang='lat' dir='ltr'><strong>ttt</strong></span> <span class='ocrx_word' id='word_1_773' title='bbox 2330 5497 2533 5547; x_wconf 86' lang='lat' dir='ltr'><strong>valeam</strong></span> <span class='ocrx_word' id='word_1_774' title='bbox 2562 5509 2937 5549; x_wconf 87' lang='lat' dir='ltr'><strong>commonere.</strong></span> 
     </span>
    </p>
   </div>
   <div class='ocr_carea' id='block_1_117' title="bbox 2131 5586 3621 5658">
    <p class='ocr_par' dir='ltr' id='par_1_117' title="bbox 2131 5586 3621 5658">
     <span class='ocr_line' id='line_1_117' title="bbox 2131 5586 3621 5658; baseline 0.003 -22"><span class='ocrx_word' id='word_1_775' title='bbox 2131 5605 2148 5636; x_wconf 74' lang='grc' dir='ltr'>ι</span> <span class='ocrx_word' id='word_1_776' title='bbox 2187 5586 2296 5655; x_wconf 83' lang='lat' dir='ltr'><strong>Ego</strong></span> <span class='ocrx_word' id='word_1_777' title='bbox 2322 5586 2466 5640; x_wconf 84' lang='lat' dir='ltr'><strong>enim</strong></span> <span class='ocrx_word' id='word_1_778' title='bbox 2496 5587 2607 5654; x_wconf 90' lang='lat' dir='ltr'><strong>jam</strong></span> <span class='ocrx_word' id='word_1_779' title='bbox 2651 5587 2883 5652; x_wconf 89' lang='lat' dir='ltr'><strong>delibor,</strong></span> <span class='ocrx_word' id='word_1_780' title='bbox 2912 5601 2962 5642; x_wconf 85' lang='lat' dir='ltr'><strong>et</strong></span> <span class='ocrx_word' id='word_1_781' title='bbox 3003 5596 3216 5658; x_wconf 89' lang='lat' dir='ltr'><strong>tempus</strong></span> <span class='ocrx_word' id='word_1_782' title='bbox 3269 5591 3621 5645; x_wconf 60' lang='lat' dir='ltr'><strong>resolutionis</strong></span> 
     </span>
    </p>
   </div>
   <div class='ocr_carea' id='block_1_118' title="bbox 2054 5678 3620 5744">
    <p class='ocr_par' dir='ltr' id='par_1_118' title="bbox 2054 5678 3620 5744">
     <span class='ocr_line' id='line_1_118' title="bbox 2054 5678 3620 5744; baseline 0.004 -13"><span class='ocrx_word' id='word_1_783' title='bbox 2054 5693 2187 5732; x_wconf 82' lang='lat' dir='ltr'><strong>meae</strong></span> <span class='ocrx_word' id='word_1_784' title='bbox 2215 5681 2400 5732; x_wconf 86' lang='lat' dir='ltr'><strong>instat.</strong></span> <span class='ocrx_word' id='word_1_785' title='bbox 2440 5698 2456 5729; x_wconf 73' lang='grc' dir='ltr'>ι</span> <span class='ocrx_word' id='word_1_786' title='bbox 2493 5678 2718 5733; x_wconf 73' lang='lat' dir='ltr'><strong>Mortem</strong></span> <span class='ocrx_word' id='word_1_787' title='bbox 2749 5693 2926 5744; x_wconf 88' lang='lat' dir='ltr'><strong>suam,</strong></span> <span class='ocrx_word' id='word_1_788' title='bbox 2959 5683 3287 5736; x_wconf 72' lang='lat' dir='ltr'><strong>sacriﬁcium</strong></span> <span class='ocrx_word' id='word_1_789' title='bbox 3322 5683 3432 5738; x_wconf 84' lang='lat' dir='ltr'><strong>Deo</strong></span> <span class='ocrx_word' id='word_1_790' title='bbox 3473 5681 3620 5737; x_wconf 85' lang='lat' dir='ltr'><strong>fotu-</strong></span> 
     </span>
    </p>
   </div>
   <div class='ocr_carea' id='block_1_119' title="bbox 2058 5772 3386 5844">
    <p class='ocr_par' dir='ltr' id='par_1_119' title="bbox 2058 5772 3386 5844">
     <span class='ocr_line' id='line_1_119' title="bbox 2058 5772 3386 5844; baseline 0.002 -17"><span class='ocrx_word' id='word_1_791' title='bbox 2058 5787 2180 5832; x_wconf 88' lang='lat' dir='ltr'><strong>rum</strong></span> <span class='ocrx_word' id='word_1_792' title='bbox 2206 5773 2360 5837; x_wconf 70' lang='lat' dir='ltr'><strong>dixit,</strong></span> <span class='ocrx_word' id='word_1_793' title='bbox 2406 5782 2463 5826; x_wconf 90' lang='lat' dir='ltr'><strong>ut</strong></span> <span class='ocrx_word' id='word_1_794' title='bbox 2494 5788 2616 5827; x_wconf 85' lang='lat' dir='ltr'><strong>cum</strong></span> <span class='ocrx_word' id='word_1_795' title='bbox 2647 5772 2711 5826; x_wconf 86' lang='lat' dir='ltr'><strong>ad</strong></span> <span class='ocrx_word' id='word_1_796' title='bbox 2757 5774 3074 5843; x_wconf 68' lang='lat' dir='ltr'><strong>martyrium</strong></span> <span class='ocrx_word' id='word_1_797' title='bbox 3109 5783 3386 5844; x_wconf 84' lang='lat' dir='ltr'><strong>provocet.</strong></span> 
     </span>
    </p>
   </div>
   <div class='ocr_carea' id='block_1_120' title="bbox 3232 5868 3322 5928">
    <p class='ocr_par' dir='ltr' id='par_1_120' title="bbox 3232 5868 3322 5928">
     <span class='ocr_line' id='line_1_120' title="bbox 3232 5868 3322 5928; baseline 0 0"><span class='ocrx_word' id='word_1_798' title='bbox 3232 5868 3322 5928; x_wconf 80' lang='lat'><strong>30</strong></span> 
     </span>
    </p>
   </div>
  </div>
