3954 6194
473 248 584 318 939

1427 253 1501 316 ‘S.
1541 248 1982 317 HIERONYMI
2020 253 2334 316 Ol‘ERUM
2379 254 2780 316 MANTISSA.

3611 247 3719 318 ΜΟ

553 384 572 419 ι
612 365 818 421 Bonum
855 377 1134 424 certamen
1167 367 1397 432 eertavi,
1425 381 1645 424 cursum
1695 384 2039 425 consumma-
2074 385 2116 440 Α
2147 367 2341 423 reddet
2377 367 2450 423 illi
2513 368 2773 422 Dominus
2817 363 3116 420 secundum
3147 373 3313 434 opera
3339 362 3480 434 ejus.
3511 381 3530 416 ι
3564 362 3718 432 Quo-

472 460 546 514 vi.
590 477 610 512 ι
645 458 800 514 Modo
829 459 942 529 jam
983 457 1326 512 conlidenter
1353 457 1454 512 hoc
1491 458 1644 525 dicit,
1679 460 1733 514 in
1801 470 2044 516 extremo

471 551 594 604 vitae
622 551 789 604 limite
819 548 1169 606 constitutus.
1205 547 1632 618 Comparatione
1657 563 1840 606 autem
1873 553 2044 607 utitur

471 643 523 696 iu
556 658 730 711 agone
752 641 1104 696 certantium.

543 753 561 786 ε
596 733 782 787 Fidem
823 733 1057 788 servavi.
1105 751 1123 784 ι
1165 730 1350 788 Fidem
1394 735 1629 804 suscepti
1662 735 1822 791 ollicii
1863 737 1914 790 in
1967 737 2025 792 fl-

470 834 587 874 nem
618 835 783 890 usque
820 821 1052 876 servavi.

541 930 562 964 ι
598 911 654 965 In
688 913 894 981 reliquo
953 913 1192 981 reposita
1229 923 1315 968 est
1348 913 1491 968 mihi
1536 929 1740 968 corona
1789 915 2039 986 juStitire,

469 1019 626 1074 quam
658 1005 841 1059 reddet
864 1004 990 1058 mihi
1013 1006 1275 1060 Dominus
1310 1006 1361 1060 in
1392 1006 1478 1060 illa
1509 1005 1990 1078 diejustusjudcx.
2016 1027 2034 1059 ι

468 1093 568 1158 Qui
631 1095 779 1149 novit
837 1110 924 1150 me
960 1110 1132 1164 usque
1170 1096 1240 1150 ad
1281 1104 1510 1150 mortem
1567 1112 1665 1165 pro
1700 1100 1914 1168 justitia
1958 1101 2040 1154 di-

468 1190 720 1243 micasse.
1642 1247 1650 1264 ἱ

541 1299 561 1331 ι
597 1281 716 1335 Non
748 1281 922 1336 solum
958 1292 1138 1337 autem
1162 1282 1313 1338 mihi.
1341 1301 1359 1336 ι
1397 1282 1530 1351 Quia
1560 1300 1662 1340 non
1685 1285 1929 1356 personis
1951 1286 2042 1340 de-

467 1373 623 1426 betur
650 1373 926 1437 meritum,
961 1373 1057 1428 sed
1091 1374 1282 1429 labori.

547 1481 568 1516 ι
595 1462 711 1517 Sed
737 1473 790 1518 et
817 1464 902 1518 his
951 1465 1042 1530 qui
1073 1465 1303 1535 diligunt
1357 1467 1648 1521 adventum
1705 1465 1844 1537 ejus.
1883 1485 1900 1516 ι
1934 1464 2037 1531 Qui

471 1557 703 1622 gaudent
731 1558 1014 1612 advenisse
1042 1559 1340 1622 Christum,
1381 1567 1434 1611 et
1456 1557 1722 1625 justitiam
1761 1561 2035 1613 docuisse.

466 1647 615 1713 Sive,
645 1651 841 1719 quisic
881 1660 1068 1720 agunt,
1119 1658 1176 1703 ut
1207 1651 1499 1705 adventum
1539 1649 1750 1704 Domini
1807 1651 2037 1705 libenter

465 1752 803 1808 exspectent.

541 1854 559 1886 ι
592 1831 806 1889 Festina
860 1835 926 1889 ad
963 1851 1045 1888 me
1079 1836 1266 1891 venire
1328 1837 1460 1891 cito.
1521 1836 1716 1892 Demas
1748 1835 1893 1890 enim
1953 1849 2038 1887 me

467 1926 774 1993 dereliquit,
826 1925 1059 1994 diligens
1103 1927 1204 1982 hoc
1235 1927 1514 1994 saeculum,
1567 1937 1618 1980 et
1645 1927 1776 1979 abiit
1801 1926 2037 1980 Thessa-

465 2016 715 2070 lonicam.
763 2035 780 2066 ι
811 2016 1039 2071 Necesse
1067 2029 1209 2082 erat,
1253 2029 1311 2071 ut
1340 2018 1573 2088 diligens
1623 2016 1875 2071 saeculum
1931 2032 2036 2068 non

463 2120 734 2164 amantem
764 2111 1019 2164 szeculum
1073 2110 1427 2180 relinqueret.
1465 2111 1635 2166 Omne
1664 2111 1800 2166 uim
1836 2110 2041 2163 animal

462 2203 530 2257 ad
562 2204 661 2258 sibi
716 2204 888 2258 simile
918 2205 1262 2275 conjungitur
1293 2202 1484 2270 (Eccli.
1524 2221 1656 2267 xm,
1692 2204 1799 2272 l9).

537 2315 554 2348 ι
589 2295 855 2350 Crescens
915 2298 964 2349 in
1011 2296 1275 2350 Galatiam
1308 2333 1322 2356 ,
1358 2295 1512 2349 Titus
1556 2297 1608 2350 in
1667 2295 1984 2350 Dalmatiam
2020 2313 2032 2350 :

462 2389 634 2443 Lucas
657 2399 740 2443 est
779 2405 989 2441 mentm
1019 2389 1189 2443 solus.
1224 2408 1242 2441 ›
1278 2388 1368 2442 Isti
1413 2389 1561 2442 missi
1612 2400 1762 2454 sunt,
1800 2407 1906 2444 non
1940 2391 2036 2442 de-

461 2490 768 2538 sertterunt.

538 2593 557 2625 ι
590 2572 829 2626 Marcum
885 2587 1124 2634 assume,
1155 2581 1210 2624 et
1260 2569 1439 2625 adduc
1495 2584 1717 2637 tecum;
1761 2582 1843 2626 cst
1886 2574 2029 2626 enim

463 2667 594 2721 mihi
628 2661 777 2719 utilis
829 2666 882 2718 in
933 2664 1264 2718 ministerio.
1317 2663 1612 2734 Tychicum
1665 2677 1844 2718 autem
1911 2666 2033 2718 misi

463 2757 760 2828 Ephesum.
801 2776 818 2808 ι
847 2755 1014 2809 ’Υθτὺὶ
1049 2753 1164 2816 Dei,
1204 2755 1282 2809 vel
1320 2755 1613 2824 cujuslibet
1657 2757 2027 2810 necessitatis.

539 2868 557 2900 ι
591 2847 847 2902 Penulatn
883 2863 1045 2916 quam
1091 2847 1288 2916 reliqui
1347 2847 1560 2902 Troade
1591 2849 1734 2916 apud
1770 2848 2030 2917 Carpmn,

461 2944 682 2999 veniens
728 2943 860 2998 aller
894 2954 1090 3007 tecum,
1121 2954 1174 2995 et
1207 2943 1394 3005 libros,
1450 2943 1688 2996 maxime
1731 2954 1918 2996 autent
1979 2953 2034 2996 et

462 3036 823 3090 membranas.
866 3054 884 3085 ι
931 3031 1046 3086 Non
1099 3033 1235 3086 dixit
1278 3033 1526 3100 penulam
1589 3049 1760 3086 uncam
1799 3047 1811 3082 :
1857 3035 2027 3102 potuit

375 3167 395 3180 .
459 3125 602 3179 enim
631 3141 926 3180 conversus
958 3125 1152 3195 aliquis
1187 3125 1251 3178 ad
1309 3124 1476 3196 pedes
1509 3125 1647 3195 ejus.
1691 3125 1829 3179 inter
1853 3137 2026 3180 caete-

459 3233 515 3271 ra
545 3218 864 3292 imposuisse
903 3219 1263 3272 vendendam.

532 3326 554 3361 ι
586 3309 891 3364 Alexander
912 3310 1138 3364 aerarius
1175 3309 1340 3364 multa
1383 3310 1523 3363 mala
1568 3309 1695 3362 mihi
1740 3309 2019 3363 ostendit:

2147 458 2292 512 niam
2346 459 2526 513 verbis
2588 457 2683 511 Dei
2708 455 2945 518 restitit,
2975 469 3096 509 cum
3126 453 3402 508 habebant
3433 456 3716 508 rationem.

2224 568 2242 602 ι
2286 549 2455 615 Quem
2490 559 2543 602 et
2567 558 2620 601 tu
2652 549 2855 602 devita.
2897 565 2914 598 ι
2955 546 3132 601 Monet
3151 544 3330 600 caveri
3364 545 3644 600 latrantes.

2225 661 2242 694 ι
2279 640 2448 696 Valde
2477 642 2620 694 enim
2657 640 2859 695 restitit
2881 640 3061 694 verbis
3097 637 3321 692 nostris.
3368 655 3386 688 ι
3426 636 3483 691 Si
3520 640 3716 694 nostris

2143 735 2364 799 restitit,
2401 747 2603 802 quamo
2638 735 2806 801 magis
2834 733 2944 786 tuis
2973 734 2985 786 ι

2223 845 2240 877 ι
2275 825 2334 880 ln
2383 825 2558 895 prima
2597 839 2714 878 mea
2759 823 3074 879 defensione
3134 836 3292 878 nemo
3342 823 3471 877 mihi
3531 822 3712 882 alluit,

2147 920 2239 973 sed
2265 932 2458 994 o’tunes
2492 933 2576 969 me
2595 915 3007 983 dereliquerunt
3035 933 3048 968 :
3073 929 3180 969 non
3213 915 3316 967 illis
3346 915 3656 982 imputetur.
3689 933 3708 965 υ

2144 1009 2375 1076 Quando
2407 1009 2639 1078 primum
2667 1007 2800 1074 περὶ
2830 1005 3178 1076 Evangelium
3206 1005 3519 1060 defendere.

2225 1120 2242 1152 ι
2273 1100 2534 1154 Dominus
2564 1108 2745 1153 autem
2767 1097 2896 1152 mihi
2919 1097 3187 1162 astitit,ct
3211 1095 3660 1151 confortavitme.
3687 1114 3705 1148 ι

2140 1193 2274 1248 Cum
2315 1193 2449 1248 dicit
2498 1192 2600 1246 sibi
2632 1190 2918 1244 Dominum
2977 1189 3029 1244 iu
3056 1189 3310 1245 omnibus
3340 1187 3584 1254 aﬂuisse,
3642 1203 3709 1243 ne

2144 1287 2329 1339 timeat
2358 1283 2699 1339 cohortatur.

2223 1395 2238 1427 ι
2277 1375 2346 1430 Ut
2381 1391 2477 1444 per
2534 1389 2618 1429 me
2664 1375 2976 1443 prrcdicatio
3020 1375 3333 1445 impleatur,
3373 1383 3428 1429 et
3486 1371 3709 1427 audiant

2141 1483 2330 1523 omnes
2359 1476 2564 1536 gentes.
2608 1487 2624 1518 ι
2671 1465 2785 1521 Non
2815 1469 2959 1537 quod
2989 1482 3090 1537 ego
3119 1467 3256 1521 mori
3301 1465 3573 1520 timerem.

2219 1580 2236 1611 c
2272 1561 2334 1615 Et
2397 1561 2659 1615 liberatus
2715 1578 2832 1616 sum
2890 1555 3105 1616 de'ore
3162 1560 3360 1616 leonis.
3398 1577 3416 1609 ι
3451 1556 3709 1614 Persecu-

2145 1655 2296 1707 toris.

2219 1766 2237 1797 ι
2277 1748 2549 1800 Liberavit
2590 1762 2676 1800 me
2708 1746 2970 1801 Dominus
2999 1747 3065 1800 ab
3102 1746 3250 1800 omni
3280 1759 3447 1815 apere
3482 1745 3642 1799 malo.
3686 1762 3704 1795 ο

2141 1842 2219 1896 Ab
2246 1843 2614 1896 insidiantium
2651 1843 3004 1910 malignitate.

2218 1953 2235 1985 ι
2279 1935 2344 1988 Et
2378 1935 2587 1988 salvum
2621 1933 2785 1989 faciet
2816 1935 2870 1988 in
2935 1949 3157 2004 regnum
3208 1947 3364 1986 suum
3397 1931 3638 1986 cceleste.
3681 1947 3698 1982 ι

2141 2025 2424 2090 Quomodo
2453 2027 2537 2079 hic
2568 2026 2785 2091 liberat,
2818 2027 2887 2078 ita
2922 2026 2977 2078 in
3031 2040 3260 2092 regnum
3295 2023 3470 2078 ducit.

2218 2138 2235 2170 ‹
2273 2119 2371 2172 Cui
2408 2117 2579 2188 gloria
2611 2117 2661 2170 in
2710 2117 2903 2170 stecula
2935 2116 3282 2171 sat-culorum.
3309 2116 3502 2168 Amen.
3533 2112 3702 2167 Saluta

2139 2212 2380 2265 Priscum
2417 2220 2472 2265 et
2506 2211 2779 2279 Aquilam,
2812 2220 2865 2264 et
2898 2207 3228 2277 Onesiphori
3288 2207 3532 2262 domum.
3587 2205 3703 2259 Era-

2139 2314 2257 2357 stus
2289 2303 2550 2357 remansit
2603 2301 2872 2358 Corinthi.
2915 2322 2933 2354 ι
2975 2302 3052 2356 Ob
3084 2303 3196 2357 hac
3224 2300 3428 2357 omnia.

2215 2415 2232 2446 ι
2269 2395 2624 2464 Ττοιιιιίιηιηη
2689 2405 2868 2449 autem
2927 2395 3124 2465 reliqui
3193 2395 3473 2450 infirmum
3523 2393 3699 2449 Mileti.

2139 2489 2355 2544 Festina
2386 2498 2510 2542 ante
2538 2489 2769 2542 hiemem
2797 2488 3027 2554 venire.
3067 2487 3316 2543 Salutant
3355 2499 3405 2543 te
3437 2487 3690 2550 Eubulus,

2139 2592 2194 2634 rt
2227 2579 2466 2644 Pudens,
2495 2592 2546 2633 et
2576 2578 2763 2646 Linus,
2789 2589 2842 2633 et
2867 2579 3185 2646 Claudia,et
3215 2580 3414 2635 fratres
3445 2593 3650 2634 omnes.
3679 2597 3696 2629 ι

2140 2673 2276 2727 Iliuc
2311 2673 2591 2743 probatur,
2624 2674 2747 2742 quia
2774 2687 2882 2726 non
2921 2680 3142 2742 propter
3182 2673 3474 2727 sanitatem
3507 2685 3696 2726 carna-

2139 2767 2242 2819 lem
2275 2776 2482 2819 tantum
2519 2765 2745 2835 apostoli
2790 2763 3078 2829 curabant,
3111 2765 3205 2818 sed
3257 2775 3315 2818 ut
3351 2765 3515 2819 etiam
3550 2763 3694 2832 signa

2138 2865 2508 2909 monstrarent
2563 2858 2734 2926 :qnia
2812 2855 2902 2910 hic
2959 2870 3113 2909 suum
3206 2854 3529 2924 discipulum
3599 2868 3695 2907 non

2137 2948 2367 3001 curavit.

2217 3056 2234 3087 t
2279 3037 2540 3093 Dominus
2578 3037 2740 3092 Jesus
2778 3037 3032 3094 Christus
3081 3052 3204 3091 cum
3267 3037 3464 3107 spiritu
3525 3046 3632 3090 tuo.
3663 3050 3682 3085 ο

2136 3131 2270 3198 Quia
2300 3147 2463 3184 carne
2488 3143 2752 3196 mortuus,
2784 3131 3137 3200 spiritualiter
3173 3130 3330 3184 vivis.

2212 3241 2230 3273 ι
2270 3221 2451 3276 Gratia
2485 3224 2782 3278 vobiscum.
2810 3225 3004 3276 Amen.

467 3496 3658 3542 Μ

1255 3669 1382 3758 ΙΝ

977 4024 1212 4081 CAPUT
1255 4023 1542 4080 PRIMUM.

531 4166 549 4199 ι
582 4145 786 4200 Paulus
807 4157 1004 4198 servus
1029 4141 1148 4196 Dei.
1185 4161 1202 4193 ι
1241 4141 1356 4195 Non
1395 4141 1620 4210 peccati.

532 4258 550 4291 ι
587 4235 876 4308 Apostolus
933 4246 1110 4288 autem
1185 4231 1316 4286 Jesu
1355 4232 1581 4286 Christi.
1627 4251 1642 4281 ι
1699 4229 1813 4285 Non
1843 4233 2022 4288 omnis

453 4346 642 4386 servus
673 4329 986 4398 apostolus;
1025 4326 1142 4380 ideo
1170 4338 1348 4378 autem
1385 4325 1616 4388 Chri3ti,
1647 4326 1772 4392 quia
1809 4326 1876 4378 ab
1908 4327 2022 4396 ipso

454 4425 652 4480 missus
683 4422 854 4475 fuerat
888 4421 1204 4492 praedicare.

531 4536 548 4567 ε
587 4515 891 4569 Secundum
927 4514 1085 4567 fidem
1135 4513 1432 4566 electorum
1471 4511 1581 4572 Dei,
1613 4521 1665 4560 et
1693 4511 2020 4574 agnitionem

454 4604 742 4659 veritatis:
780 4621 900 4672 quze
952 4602 1248 4656 secundum
1319 4601 1573 4669 pietatem
1628 4610 1706 4651 cst
1763 4599 1815 4651 in
1870 4613 2017 4667 spem

451 4697 572 4749 vim
602 4705 838 4749 ceterum.
866 4714 883 4745 ι
923 4693 1236 4748 Secundum
1274 4709 1390 4744 eam
1432 4690 1612 4756 fidem,
1659 4705 1766 4759 qua
1793 4691 2021 4744 creden-

452 4801 532 4844 tcs
564 4790 718 4842 electi
751 4799 898 4849 suut,
937 4804 1059 4840 rum
1093 4796 1485 4855 cognoscerent
1527 4783 1812 4837 veritatem
1848 4798 1863 4836 ε
1900 4798 2019 4852 qua:

451 4883 656 4952 agnitio
693 4898 798 4936 non
859 4895 922 4934 ex
963 4880 1158 4934 merito
1191 4889 1295 4940 est,
1348 4877 1442 4932 sed
1477 4892 1542 4929 ex
1587 4875 1866 4930 Dominica
1933 4888 2014 4926 te-

448 4979 548 5027 I'Lt't
561 4985 629 5028 te.

529 5106 548 5138 ‹
585 5086 756 5153 Quam
787 5086 1056 5156 promisit,
1093 5085 1182 5153 qui
1220 5099 1325 5137 non
1362 5083 1640 5144 mentitur,
1699 5080 1861 5133 Deus.
1902 5096 1922 5130 ι
1960 5076 2015 5131 Si

447 5194 556 5232 non
619 5181 898 5239 mentitur,
933 5191 1036 5231 non
1067 5175 1285 5230 exhibet
1340 5172 1486 5226 aliud
1517 5189 1675 5241 quam
1714 5169 1858 5239 quod
1895 5184 2014 5237 pro-

445 5273 616 5334 misit,
641 5270 828 5339 justis,
855 5269 1086 5334 scilicet,
1116 5278 1171 5321 et
1203 5267 1455 5336 injustis:
1496 5263 1745 5334 quamvis
1783 5261 2015 5314 homini-

446 5367 548 5418 bus
575 5365 772 5437 durum
808 5379 928 5418 esse
970 5363 1231 5416 videatur.

519 5477 536 5508 ι
583 5459 728 5510 Ante
760 5465 1002 5524 tempora
1029 5454 1337 5508 smcularia.
1377 5472 1394 5503 ι
1431 5454 1570 5506 Ante
1591 5450 1771 5502 omnia
1801 5458 2008 5512 tempo-

450 5567 504 5604 ra
537 5550 678 5618 apud
715 5566 773 5606 se
803 5550 1084 5618 proposuit
1106 5561 1203 5617 per
1235 5545 1432 5600 Filium
1463 5545 1672 5598 salvarc
1699 5541 2008 5596 credentes.

521 5662 542 5695 ι
588 5641 955 5698 Manilestavit
1003 5649 1182 5696 autem
1231 5636 1565 5709 temporibus
1620 5635 1734 5691 suis
1783 5632 2010 5688 verbum

447 5745 628 5788 suum.
671 5753 691 5787 ι
726 5731 882 5788 Tunc
905 5732 1272 5810 manifestam
1297 5731 1585 5790 consilium
1617 5743 1802 5796 suum,
1835 5741 2008 5796 quan-

1499 3663 2171 3756 EPISTOLAM
2250 3667 2399 3752 AD
2477 3665 2906 3754 TITUM.

2129 4021 2199 4076 do
2230 4023 2541 4087 praescierat
2589 4023 2792 4078 factum
2849 4039 2995 4090 esse,
3039 4041 3259 4082 omnem
3301 4026 3507 4082 scilicet
3540 4041 3669 4080 mua-

2133 4115 2256 4167 dum
2296 4131 2325 4168 a
2357 4115 2561 4183 justitia
2589 4115 2882 4171 diversum.

2209 4227 2226 4258 ι
2262 4205 2754 4276 Ιπρτσξιιίωιὶοηο,
2790 4223 2910 4280 qua:
2965 4210 3167 4264 credita
3198 4219 3284 4265 est
3318 4211 3446 4264 mihi
3495 4225 3664 4266 secun-

2130 4299 2255 4350 dum
2295 4307 2618 4366 praeceptum
2653 4299 2952 4355 Salvatoris
2987 4302 3154 4355 nostri
3205 4301 3322 4355 Dei.
3352 4320 3370 4352 ι
3405 4301 3518 4367 Quo
3543 4298 3664 4353 Pau-

2133 4390 2244 4442 lum
2283 4403 2335 4444 et
2367 4391 2670 4444 Barnaham
2725 4407 3014 4462 segregare
3041 4393 3318 4463 praecepit,
3357 4401 3414 4448 ut
3441 4393 3662 4463 gentibus

2131 4484 2486 4552 prwtliearent
2525 4485 2663 4549 (Act.
2693 4499 2810 4546 xm,
2844 4483 2921 4554 2).

2203 4593 2220 4626 ι
2261 4575 2386 4628 Tito
2417 4575 2614 4629 dilecto
2638 4573 2765 4638 lilio.
2801 4578 3096 4631 secundum
3123 4591 3464 4630 communem
3497 4575 3666 4633 fidem:

2127 4663 2311 4720 Gratia
2354 4677 2403 4722 et
2448 4681 2570 4736 pax,
2601 4683 2626 4719 a
2655 4667 2764 4722 Dro
2794 4667 2952 4722 Patre
2987 4679 3042 4722 et
3099 4667 3322 4723 Christo
3349 4668 3474 4723 Jesu
3506 4666 3668 4720 Salva-

2129 4773 2242 4814 tore
2275 4771 2480 4839 nostro.
2525 4781 2542 4811 ι
2587 4759 2892 4826 secundum
2929 4759 3086 4813 fidem
3128 4758 3294 4824 ﬁlius,
3327 4775 3436 4813 non
3478 4767 3664 4811 natura.

2204 4891 2221 4923 ‹
2261 4874 2430 4941 llujus
2489 4873 2564 4928 rei
2599 4875 2770 4940 gratia
2823 4873 3014 4944 reliqui
3079 4883 3130 4927 te
3154 4873 3352 4936 Cretae,
3381 4883 3440 4925 ut
3477 4885 3535 4925 ea
3566 4879 3665 4936 qua:

2123 4965 2342 5025 desunt,
2372 4965 2616 5035 corrigas
2655 4981 2668 5016 :
2712 4975 2765 5018 et
2819 4967 3117 5021 constituas
3157 4980 3254 5034 per
3295 4965 3532 5018 civitates
3556 4973 3659 5029 pre-

2123 5057 2394 5126 sbyteros,
2431 5060 2570 5110 sicut
2593 5068 2648 5111 et
2679 5073 2778 5127 ego
2812 5058 3053 5126 disposui
3087 5057 3204 5110 tibi.
3241 5075 3258 5108 ι
3301 5056 3432 5122 Quae
3465 5057 3652 5110 desunt,

2125 5157 2272 5203 recte
2305 5158 2490 5202 tenore
2515 5150 2726 5218 corrige
2769 5167 2784 5202 :
2827 5159 2880 5202 et
2941 5158 3064 5204 tunc
3091 5149 3308 5202 demum
3348 5146 3653 5218 presbyteros

2122 5241 2326 5308 poteris
2387 5241 2664 5306 ordinare,
2714 5255 2838 5296 cum
2892 5254 3082 5294 omnes
3135 5240 3190 5292 in
3215 5238 3454 5294 Ecclesia
3481 5235 3652 5291 fuerint

2121 5346 2274 5386 I‘CCII.

2198 5468 2216 5498 ‹
2252 5449 2307 5502 Si
2339 5450 2461 5516 quis
2521 5451 2642 5504 sine
2683 5449 2910 5505 crimine
2963 5459 3066 5513 est,
3100 5450 3262 5504 unius
3295 5450 3475 5503 uxoris
3503 5445 3588 5496 vir.
3622 5458 3636 5488 ι

2113 5537 2419 5594 Notandum
2455 5542 2599 5610 quod
2636 5543 2688 5596 in
2723 5541 3008 5597 sacerdote
3036 5542 3202 5596 etiam
3227 5541 3353 5596 aliis
3381 5540 3514 5595 licita
3541 5549 3640 5607 pro-

2117 5633 2393 5689 bibentur.

2189 5743 2208 5778 ‹
2245 5723 2410 5783 Filios
2436 5726 2642 5785 habens
2672 5725 2878 5794 ﬁdeles,
2937 5743 3044 5784 non
3085 5727 3140 5783 in
3174 5724 3500 5785 accusatione
3540 5717 3609 5772 ιιιο
