  <div class='ocr_page' id='page_1' title='image "/cluster/home/n/w/nwhite01/storage/ocr_20150623/30/hvd.32044096580527/476.png"; bbox 0 0 3956 6196; ppageno 0'>
   <div class='ocr_carea' id='block_1_1' title="bbox 407 311 505 376">
    <p class='ocr_par' dir='ltr' id='par_1_1' title="bbox 407 311 505 376">
     <span class='ocr_line' id='line_1_1' title="bbox 407 311 505 376; baseline 0 -1"><span class='ocrx_word' id='word_1_1' title='bbox 407 311 505 376; x_wconf 69' lang='grc'><strong>941</strong></span> 
     </span>
    </p>
   </div>
   <div class='ocr_carea' id='block_1_2' title="bbox 1411 314 2668 400">
    <p class='ocr_par' dir='ltr' id='par_1_2' title="bbox 1411 314 2668 400">
     <span class='ocr_line' id='line_1_2' title="bbox 1411 314 2668 400; baseline 0.009 -17"><span class='ocrx_word' id='word_1_2' title='bbox 1411 314 1815 386; x_wconf 79' lang='lat' dir='ltr'><strong>EXPOSI&#39;I‘IO</strong></span> <span class='ocrx_word' id='word_1_3' title='bbox 1859 327 1938 388; x_wconf 88' lang='lat' dir='ltr'><strong>IN</strong></span> <span class='ocrx_word' id='word_1_4' title='bbox 1979 323 2218 392; x_wconf 81' lang='lat' dir='ltr'><strong>EPIST.</strong></span> <span class='ocrx_word' id='word_1_5' title='bbox 2263 325 2360 395; x_wconf 85' lang='lat' dir='ltr'><strong>Ai)</strong></span> <span class='ocrx_word' id='word_1_6' title='bbox 2397 327 2668 400; x_wconf 80' lang='lat' dir='ltr'><strong>TITUM.</strong></span> 
     </span>
    </p>
   </div>
   <div class='ocr_carea' id='block_1_3' title="bbox 3549 338 3656 402">
    <p class='ocr_par' dir='ltr' id='par_1_3' title="bbox 3549 338 3656 402">
     <span class='ocr_line' id='line_1_3' title="bbox 3549 338 3656 402; baseline 0 0"><span class='ocrx_word' id='word_1_7' title='bbox 3549 338 3656 402; x_wconf 67' lang='grc'><strong>942</strong></span> 
     </span>
    </p>
   </div>
   <div class='ocr_carea' id='block_1_4' title="bbox 405 430 3658 520">
    <p class='ocr_par' dir='ltr' id='par_1_4' title="bbox 405 430 3658 520">
     <span class='ocr_line' id='line_1_4' title="bbox 405 430 3658 520; baseline 0.006 -34"><span class='ocrx_word' id='word_1_8' title='bbox 405 430 600 496; x_wconf 64' lang='lat' dir='ltr'><strong>xuria,</strong></span> <span class='ocrx_word' id='word_1_9' title='bbox 635 439 728 486; x_wconf 87' lang='lat' dir='ltr'><strong>aut</strong></span> <span class='ocrx_word' id='word_1_10' title='bbox 760 443 865 486; x_wconf 89' lang='lat' dir='ltr'><strong>non</strong></span> <span class='ocrx_word' id='word_1_11' title='bbox 897 433 1166 489; x_wconf 89' lang='lat' dir='ltr'><strong>subditos.</strong></span> <span class='ocrx_word' id='word_1_12' title='bbox 1197 447 1214 485; x_wconf 77' lang='grc' dir='ltr'><strong>ι</strong></span> <span class='ocrx_word' id='word_1_13' title='bbox 1257 433 1336 490; x_wconf 81' lang='lat' dir='ltr'><strong>Ne</strong></span> <span class='ocrx_word' id='word_1_14' title='bbox 1368 452 1476 491; x_wconf 89' lang='lat' dir='ltr'><strong>non</strong></span> <span class='ocrx_word' id='word_1_15' title='bbox 1509 439 1681 505; x_wconf 90' lang='lat' dir='ltr'><strong>possit</strong></span> <span class='ocrx_word' id='word_1_16' title='bbox 1711 441 1984 498; x_wconf 76' lang='lat' dir='ltr'><strong>audenter.</strong></span> <span class='ocrx_word' id='word_1_17' title='bbox 2006 449 2053 502; x_wconf 80' lang='grc' dir='ltr'><strong>Α</strong></span> <span class='ocrx_word' id='word_1_18' title='bbox 2085 443 2376 514; x_wconf 73' lang='lat' dir='ltr'><strong>Evangelio</strong></span> <span class='ocrx_word' id='word_1_19' title='bbox 2408 449 2615 504; x_wconf 72' lang='lat' dir='ltr'><strong>Iudaeis</strong></span> <span class='ocrx_word' id='word_1_20' title='bbox 2667 451 2942 520; x_wconf 85' lang='lat' dir='ltr'><strong>loquitur;</strong></span> <span class='ocrx_word' id='word_1_21' title='bbox 2971 452 3266 508; x_wconf 84' lang='lat' dir='ltr'><strong>secundum</strong></span> <span class='ocrx_word' id='word_1_22' title='bbox 3298 445 3517 517; x_wconf 83' lang='lat' dir='ltr'><strong>lsaiam,</strong></span> <span class='ocrx_word' id='word_1_23' title='bbox 3549 454 3658 508; x_wconf 86' lang='lat' dir='ltr'><strong>Do-</strong></span> 
     </span>
    </p>
   </div>
   <div class='ocr_carea' id='block_1_5' title="bbox 407 521 1980 601">
    <p class='ocr_par' dir='ltr' id='par_1_5' title="bbox 407 521 1980 601">
     <span class='ocr_line' id='line_1_5' title="bbox 407 521 1980 601; baseline 0.006 -25"><span class='ocrx_word' id='word_1_24' title='bbox 407 521 684 590; x_wconf 89' lang='lat' dir='ltr'><strong>eorripere</strong></span> <span class='ocrx_word' id='word_1_25' title='bbox 720 523 1094 593; x_wconf 80' lang='lat' dir='ltr'><strong>delinquentes</strong></span> <span class='ocrx_word' id='word_1_26' title='bbox 1122 539 1136 579; x_wconf 86' lang='lat'><strong>:</strong></span> <span class='ocrx_word' id='word_1_27' title='bbox 1165 525 1282 581; x_wconf 80' lang='lat' dir='ltr'><strong>sive</strong></span> <span class='ocrx_word' id='word_1_28' title='bbox 1307 534 1364 582; x_wconf 88' lang='lat' dir='ltr'><strong>ut</strong></span> <span class='ocrx_word' id='word_1_29' title='bbox 1393 529 1824 596; x_wconf 70' lang='lat' dir='ltr'><strong>experimentum</strong></span> <span class='ocrx_word' id='word_1_30' title='bbox 1859 532 1980 601; x_wconf 85' lang='lat' dir='ltr'><strong>ejus</strong></span> 
     </span>
    </p>
   </div>
   <div class='ocr_carea' id='block_1_6' title="bbox 407 615 1762 689">
    <p class='ocr_par' dir='ltr' id='par_1_6' title="bbox 407 615 1762 689">
     <span class='ocr_line' id='line_1_6' title="bbox 407 615 1762 689; baseline 0.006 -20"><span class='ocrx_word' id='word_1_31' title='bbox 407 615 687 676; x_wconf 68' lang='lat' dir='ltr'><strong>doctrinae.</strong></span> <span class='ocrx_word' id='word_1_32' title='bbox 719 616 786 670; x_wconf 92' lang='lat' dir='ltr'><strong>de</strong></span> <span class='ocrx_word' id='word_1_33' title='bbox 809 617 1001 670; x_wconf 87' lang='lat' dir='ltr'><strong>domus</strong></span> <span class='ocrx_word' id='word_1_34' title='bbox 1027 632 1138 674; x_wconf 79' lang='lat' dir='ltr'><strong>suae</strong></span> <span class='ocrx_word' id='word_1_35' title='bbox 1162 619 1447 689; x_wconf 81' lang='lat' dir='ltr'><strong>disciplina</strong></span> <span class='ocrx_word' id='word_1_36' title='bbox 1484 633 1762 678; x_wconf 84' lang='lat' dir='ltr'><strong>noscatur.</strong></span> 
     </span>
    </p>
   </div>
   <div class='ocr_carea' id='block_1_7' title="bbox 484 715 1971 790">
    <p class='ocr_par' dir='ltr' id='par_1_7' title="bbox 484 715 1971 790">
     <span class='ocr_line' id='line_1_7' title="bbox 484 715 1971 790; baseline 0.005 -21"><span class='ocrx_word' id='word_1_37' title='bbox 484 736 503 769; x_wconf 76' lang='grc' dir='ltr'><strong>ι</strong></span> <span class='ocrx_word' id='word_1_38' title='bbox 539 715 766 786; x_wconf 84' lang='lat' dir='ltr'><strong>Oportet</strong></span> <span class='ocrx_word' id='word_1_39' title='bbox 796 718 941 774; x_wconf 89' lang='lat' dir='ltr'><strong>enim</strong></span> <span class='ocrx_word' id='word_1_40' title='bbox 975 720 1293 790; x_wconf 83' lang='lat' dir='ltr'><strong>episcopum</strong></span> <span class='ocrx_word' id='word_1_41' title='bbox 1333 723 1454 778; x_wconf 90' lang='lat' dir='ltr'><strong>sine</strong></span> <span class='ocrx_word' id='word_1_42' title='bbox 1498 726 1731 779; x_wconf 85' lang='lat' dir='ltr'><strong>crimine</strong></span> <span class='ocrx_word' id='word_1_43' title='bbox 1757 740 1903 780; x_wconf 85' lang='lat' dir='ltr'><strong>esse.</strong></span> <span class='ocrx_word' id='word_1_44' title='bbox 1954 745 1971 777; x_wconf 78' lang='grc' dir='ltr'><strong>ι</strong></span> 
     </span>
    </p>
   </div>
   <div class='ocr_carea' id='block_1_8' title="bbox 409 810 1978 887">
    <p class='ocr_par' dir='ltr' id='par_1_8' title="bbox 409 810 1978 887">
     <span class='ocr_line' id='line_1_8' title="bbox 409 810 1978 887; baseline 0.004 -25"><span class='ocrx_word' id='word_1_45' title='bbox 409 811 590 879; x_wconf 85' lang='lat' dir='ltr'><strong>ipsum</strong></span> <span class='ocrx_word' id='word_1_46' title='bbox 617 810 750 864; x_wconf 83' lang='lat' dir='ltr'><strong>dicit</strong></span> <span class='ocrx_word' id='word_1_47' title='bbox 773 812 1111 880; x_wconf 85' lang='lat' dir='ltr'><strong>episcopum,</strong></span> <span class='ocrx_word' id='word_1_48' title='bbox 1137 827 1296 882; x_wconf 89' lang='lat' dir='ltr'><strong>quem</strong></span> <span class='ocrx_word' id='word_1_49' title='bbox 1329 816 1978 887; x_wconf 61' lang='lat' dir='ltr'><strong>superiusfpreshyterum</strong></span> 
     </span>
    </p>
   </div>
   <div class='ocr_carea' id='block_1_9' title="bbox 411 903 739 955">
    <p class='ocr_par' dir='ltr' id='par_1_9' title="bbox 411 903 739 955">
     <span class='ocr_line' id='line_1_9' title="bbox 411 903 739 955; baseline -0.003 0"><span class='ocrx_word' id='word_1_50' title='bbox 411 903 739 955; x_wconf 88' lang='lat' dir='ltr'><strong>nominavit.</strong></span> 
     </span>
    </p>
   </div>
   <div class='ocr_carea' id='block_1_10' title="bbox 488 1001 1981 1078">
    <p class='ocr_par' dir='ltr' id='par_1_10' title="bbox 488 1001 1981 1078">
     <span class='ocr_line' id='line_1_10' title="bbox 488 1001 1981 1078; baseline 0.008 -26"><span class='ocrx_word' id='word_1_51' title='bbox 488 1022 506 1052; x_wconf 69' lang='grc' dir='ltr'><strong>ι</strong></span> <span class='ocrx_word' id='word_1_52' title='bbox 540 1001 694 1057; x_wconf 85' lang='lat' dir='ltr'><strong>Sicut</strong></span> <span class='ocrx_word' id='word_1_53' title='bbox 741 1003 835 1057; x_wconf 87' lang='lat' dir='ltr'><strong>Dei</strong></span> <span class='ocrx_word' id='word_1_54' title='bbox 892 1003 1344 1074; x_wconf 81' lang='lat' dir='ltr'><strong>dispensatorem.</strong></span> <span class='ocrx_word' id='word_1_55' title='bbox 1377 1025 1395 1059; x_wconf 76' lang='grc' dir='ltr'><strong>ι</strong></span> <span class='ocrx_word' id='word_1_56' title='bbox 1436 1010 1490 1062; x_wconf 94' lang='lat' dir='ltr'><strong>Si</strong></span> <span class='ocrx_word' id='word_1_57' title='bbox 1522 1023 1653 1078; x_wconf 82' lang='lat' dir='ltr'><strong>ergo</strong></span> <span class='ocrx_word' id='word_1_58' title='bbox 1715 1011 1981 1065; x_wconf 88' lang='lat' dir='ltr'><strong>humana-</strong></span> 
     </span>
    </p>
   </div>
   <div class='ocr_carea' id='block_1_11' title="bbox 413 1093 1983 1169">
    <p class='ocr_par' dir='ltr' id='par_1_11' title="bbox 413 1093 1983 1169">
     <span class='ocr_line' id='line_1_11' title="bbox 413 1093 1983 1169; baseline 0.008 -26"><span class='ocrx_word' id='word_1_59' title='bbox 413 1110 528 1145; x_wconf 90' lang='lat' dir='ltr'><strong>rutn</strong></span> <span class='ocrx_word' id='word_1_60' title='bbox 555 1093 730 1163; x_wconf 85' lang='lat' dir='ltr'><strong>legum</strong></span> <span class='ocrx_word' id='word_1_61' title='bbox 764 1095 1172 1163; x_wconf 67' lang='lat' dir='ltr'><strong>dispensatores</strong></span> <span class='ocrx_word' id='word_1_62' title='bbox 1200 1099 1496 1169; x_wconf 86' lang='lat' dir='ltr'><strong>presbyteri</strong></span> <span class='ocrx_word' id='word_1_63' title='bbox 1551 1109 1873 1168; x_wconf 64' lang='lat' dir='ltr'><strong>quaeruntur</strong></span> <span class='ocrx_word' id='word_1_64' title='bbox 1927 1113 1983 1156; x_wconf 86' lang='lat' dir='ltr'><strong>et</strong></span> 
     </span>
    </p>
   </div>
   <div class='ocr_carea' id='block_1_12' title="bbox 406 1183 1983 1262">
    <p class='ocr_par' dir='ltr' id='par_1_12' title="bbox 406 1183 1983 1262">
     <span class='ocr_line' id='line_1_12' title="bbox 406 1183 1983 1262; baseline 0.004 -25"><span class='ocrx_word' id='word_1_65' title='bbox 406 1183 571 1253; x_wconf 86' lang='lat' dir='ltr'><strong>justi,</strong></span> <span class='ocrx_word' id='word_1_66' title='bbox 606 1186 796 1254; x_wconf 86' lang='lat' dir='ltr'><strong>quales</strong></span> <span class='ocrx_word' id='word_1_67' title='bbox 840 1201 965 1242; x_wconf 79' lang='lat' dir='ltr'><strong>esse</strong></span> <span class='ocrx_word' id='word_1_68' title='bbox 1019 1189 1218 1244; x_wconf 85' lang='lat' dir='ltr'><strong>debent</strong></span> <span class='ocrx_word' id='word_1_69' title='bbox 1250 1190 1342 1257; x_wconf 88' lang='lat' dir='ltr'><strong>qui</strong></span> <span class='ocrx_word' id='word_1_70' title='bbox 1377 1191 1557 1246; x_wconf 78' lang='lat' dir='ltr'><strong>divina</strong></span> <span class='ocrx_word' id='word_1_71' title='bbox 1609 1193 1732 1262; x_wconf 84' lang='lat' dir='ltr'><strong>jura</strong></span> <span class='ocrx_word' id='word_1_72' title='bbox 1772 1194 1983 1262; x_wconf 78' lang='lat' dir='ltr'><strong>dispen-</strong></span> 
     </span>
    </p>
   </div>
   <div class='ocr_carea' id='block_1_13' title="bbox 413 1278 585 1330">
    <p class='ocr_par' dir='ltr' id='par_1_13' title="bbox 413 1278 585 1330">
     <span class='ocr_line' id='line_1_13' title="bbox 413 1278 585 1330; baseline 0.012 -2"><span class='ocrx_word' id='word_1_73' title='bbox 413 1289 532 1330; x_wconf 74' lang='lat' dir='ltr'><strong>Sunt</strong></span> <span class='ocrx_word' id='word_1_74' title='bbox 573 1278 585 1330; x_wconf 75' lang='grc' dir='ltr'><strong>ε</strong></span> 
     </span>
    </p>
   </div>
   <div class='ocr_carea' id='block_1_14' title="bbox 489 1376 1983 1446">
    <p class='ocr_par' dir='ltr' id='par_1_14' title="bbox 489 1376 1983 1446">
     <span class='ocr_line' id='line_1_14' title="bbox 489 1376 1983 1446; baseline 0.005 -18"><span class='ocrx_word' id='word_1_75' title='bbox 489 1395 510 1428; x_wconf 83' lang='grc'><em>‹</em></span> <span class='ocrx_word' id='word_1_76' title='bbox 543 1376 658 1430; x_wconf 85' lang='grc' dir='ltr'>Νοιι</span> <span class='ocrx_word' id='word_1_77' title='bbox 687 1380 1010 1445; x_wconf 84' lang='lat' dir='ltr'><strong>superbum,</strong></span> <span class='ocrx_word' id='word_1_78' title='bbox 1039 1397 1143 1434; x_wconf 92' lang='lat' dir='ltr'><strong>non</strong></span> <span class='ocrx_word' id='word_1_79' title='bbox 1181 1381 1523 1446; x_wconf 84' lang='lat' dir='ltr'><strong>iracundum,</strong></span> <span class='ocrx_word' id='word_1_80' title='bbox 1580 1398 1688 1436; x_wconf 91' lang='lat' dir='ltr'><strong>non</strong></span> <span class='ocrx_word' id='word_1_81' title='bbox 1741 1385 1983 1438; x_wconf 83' lang='lat' dir='ltr'><strong>vinolen-</strong></span> 
     </span>
    </p>
   </div>
   <div class='ocr_carea' id='block_1_15' title="bbox 414 1473 1976 1544">
    <p class='ocr_par' dir='ltr' id='par_1_15' title="bbox 414 1473 1976 1544">
     <span class='ocr_line' id='line_1_15' title="bbox 414 1473 1976 1544; baseline 0.005 -25"><span class='ocrx_word' id='word_1_82' title='bbox 414 1479 548 1535; x_wconf 86' lang='lat' dir='ltr'><strong>tum,</strong></span> <span class='ocrx_word' id='word_1_83' title='bbox 585 1485 686 1524; x_wconf 90' lang='lat' dir='ltr'><strong>non</strong></span> <span class='ocrx_word' id='word_1_84' title='bbox 717 1485 1116 1538; x_wconf 85' lang='lat' dir='ltr'><strong>percusseretn,</strong></span> <span class='ocrx_word' id='word_1_85' title='bbox 1147 1487 1252 1526; x_wconf 90' lang='lat' dir='ltr'><strong>non</strong></span> <span class='ocrx_word' id='word_1_86' title='bbox 1281 1474 1452 1544; x_wconf 83' lang='lat' dir='ltr'><strong>turpis</strong></span> <span class='ocrx_word' id='word_1_87' title='bbox 1485 1473 1923 1544; x_wconf 82' lang='lat' dir='ltr'><strong>luericupidum.</strong></span> <span class='ocrx_word' id='word_1_88' title='bbox 1957 1495 1976 1527; x_wconf 75' lang='grc' dir='ltr'><strong>ι</strong></span> 
     </span>
    </p>
   </div>
   <div class='ocr_carea' id='block_1_16' title="bbox 412 1557 1985 1634">
    <p class='ocr_par' dir='ltr' id='par_1_16' title="bbox 412 1557 1985 1634">
     <span class='ocr_line' id='line_1_16' title="bbox 412 1557 1985 1634; baseline 0.004 -23"><span class='ocrx_word' id='word_1_89' title='bbox 412 1557 528 1614; x_wconf 86' lang='lat' dir='ltr'><strong>Non</strong></span> <span class='ocrx_word' id='word_1_90' title='bbox 564 1562 725 1616; x_wconf 84' lang='lat' dir='ltr'><strong>debet</strong></span> <span class='ocrx_word' id='word_1_91' title='bbox 751 1563 1054 1632; x_wconf 76' lang='lat' dir='ltr'><strong>discipulus</strong></span> <span class='ocrx_word' id='word_1_92' title='bbox 1113 1563 1315 1621; x_wconf 77' lang='lat' dir='ltr'><strong>Christi</strong></span> <span class='ocrx_word' id='word_1_93' title='bbox 1369 1576 1695 1634; x_wconf 81' lang='lat' dir='ltr'><strong>percutere;</strong></span> <span class='ocrx_word' id='word_1_94' title='bbox 1733 1567 1824 1634; x_wconf 88' lang='lat' dir='ltr'><strong>qui</strong></span> <span class='ocrx_word' id='word_1_95' title='bbox 1865 1581 1985 1634; x_wconf 79' lang='lat' dir='ltr'><strong>per-</strong></span> 
     </span>
    </p>
   </div>
   <div class='ocr_carea' id='block_1_17' title="bbox 414 1657 1980 1727">
    <p class='ocr_par' dir='ltr' id='par_1_17' title="bbox 414 1657 1980 1727">
     <span class='ocr_line' id='line_1_17' title="bbox 414 1657 1980 1727; baseline 0.004 -23"><span class='ocrx_word' id='word_1_96' title='bbox 414 1667 604 1708; x_wconf 82' lang='lat' dir='ltr'><strong>cussus</strong></span> <span class='ocrx_word' id='word_1_97' title='bbox 629 1663 732 1716; x_wconf 87' lang='lat' dir='ltr'><strong>est,</strong></span> <span class='ocrx_word' id='word_1_98' title='bbox 772 1663 825 1708; x_wconf 90' lang='lat' dir='ltr'><strong>et</strong></span> <span class='ocrx_word' id='word_1_99' title='bbox 870 1669 976 1709; x_wconf 91' lang='lat' dir='ltr'><strong>non</strong></span> <span class='ocrx_word' id='word_1_100' title='bbox 1010 1657 1362 1724; x_wconf 72' lang='lat' dir='ltr'><strong>repercussit.</strong></span> <span class='ocrx_word' id='word_1_101' title='bbox 1407 1657 1521 1711; x_wconf 89' lang='lat' dir='ltr'><strong>Non</strong></span> <span class='ocrx_word' id='word_1_102' title='bbox 1560 1667 1716 1727; x_wconf 91' lang='lat' dir='ltr'><strong>turpe</strong></span> <span class='ocrx_word' id='word_1_103' title='bbox 1772 1659 1980 1711; x_wconf 79' lang='lat' dir='ltr'><strong>lucrum</strong></span> 
     </span>
    </p>
   </div>
   <div class='ocr_carea' id='block_1_18' title="bbox 415 1745 1981 1820">
    <p class='ocr_par' dir='ltr' id='par_1_18' title="bbox 415 1745 1981 1820">
     <span class='ocr_line' id='line_1_18' title="bbox 415 1745 1981 1820; baseline 0.004 -25"><span class='ocrx_word' id='word_1_104' title='bbox 415 1745 690 1799; x_wconf 76' lang='lat' dir='ltr'><strong>adulando</strong></span> <span class='ocrx_word' id='word_1_105' title='bbox 729 1749 951 1810; x_wconf 81' lang='lat' dir='ltr'><strong>sectari,</strong></span> <span class='ocrx_word' id='word_1_106' title='bbox 1010 1757 1286 1803; x_wconf 88' lang='lat' dir='ltr'><strong>terrenum</strong></span> <span class='ocrx_word' id='word_1_107' title='bbox 1334 1749 1566 1813; x_wconf 75' lang='lat' dir='ltr'><strong>scilicet,</strong></span> <span class='ocrx_word' id='word_1_108' title='bbox 1598 1751 1686 1820; x_wconf 89' lang='lat' dir='ltr'><strong>qui</strong></span> <span class='ocrx_word' id='word_1_109' title='bbox 1741 1751 1981 1805; x_wconf 86' lang='lat' dir='ltr'><strong>coelestia</strong></span> 
     </span>
    </p>
   </div>
   <div class='ocr_carea' id='block_1_19' title="bbox 417 1837 997 1906">
    <p class='ocr_par' dir='ltr' id='par_1_19' title="bbox 417 1837 997 1906">
     <span class='ocr_line' id='line_1_19' title="bbox 417 1837 997 1906; baseline 0.009 -19"><span class='ocrx_word' id='word_1_110' title='bbox 417 1845 470 1887; x_wconf 93' lang='lat' dir='ltr'><strong>et</strong></span> <span class='ocrx_word' id='word_1_111' title='bbox 499 1837 680 1892; x_wconf 87' lang='lat' dir='ltr'><strong>divina</strong></span> <span class='ocrx_word' id='word_1_112' title='bbox 712 1839 997 1906; x_wconf 87' lang='lat' dir='ltr'><strong>promittit.</strong></span> 
     </span>
    </p>
   </div>
   <div class='ocr_carea' id='block_1_20' title="bbox 491 1937 1983 2007">
    <p class='ocr_par' dir='ltr' id='par_1_20' title="bbox 491 1937 1983 2007">
     <span class='ocr_line' id='line_1_20' title="bbox 491 1937 1983 2007; baseline 0.008 -21"><span class='ocrx_word' id='word_1_113' title='bbox 491 1955 509 1986; x_wconf 79' lang='grc' dir='ltr'><strong>ι</strong></span> <span class='ocrx_word' id='word_1_114' title='bbox 539 1937 645 1992; x_wconf 84' lang='lat' dir='ltr'><strong>Sed</strong></span> <span class='ocrx_word' id='word_1_115' title='bbox 706 1939 1050 2007; x_wconf 81' lang='lat' dir='ltr'><strong>hospitalem.</strong></span> <span class='ocrx_word' id='word_1_116' title='bbox 1087 1959 1105 1992; x_wconf 76' lang='grc' dir='ltr'><strong>ι</strong></span> <span class='ocrx_word' id='word_1_117' title='bbox 1147 1939 1329 1994; x_wconf 84' lang='lat' dir='ltr'><strong>Primo</strong></span> <span class='ocrx_word' id='word_1_118' title='bbox 1378 1942 1503 1995; x_wconf 80' lang='lat' dir='ltr'><strong>vitia</strong></span> <span class='ocrx_word' id='word_1_119' title='bbox 1567 1943 1866 2003; x_wconf 83' lang='lat' dir='ltr'><strong>damnavit.</strong></span> <span class='ocrx_word' id='word_1_120' title='bbox 1924 1957 1983 1998; x_wconf 92' lang='lat' dir='ltr'><strong>ut</strong></span> 
     </span>
    </p>
   </div>
   <div class='ocr_carea' id='block_1_21' title="bbox 415 2031 1978 2096">
    <p class='ocr_par' dir='ltr' id='par_1_21' title="bbox 415 2031 1978 2096">
     <span class='ocr_line' id='line_1_21' title="bbox 415 2031 1978 2096; baseline 0.006 -16"><span class='ocrx_word' id='word_1_121' title='bbox 415 2032 645 2085; x_wconf 80' lang='lat' dir='ltr'><strong>virtutes</strong></span> <span class='ocrx_word' id='word_1_122' title='bbox 687 2031 972 2096; x_wconf 88' lang='lat' dir='ltr'><strong>insereret,</strong></span> <span class='ocrx_word' id='word_1_123' title='bbox 1011 2034 1308 2088; x_wconf 87' lang='lat' dir='ltr'><strong>secundum</strong></span> <span class='ocrx_word' id='word_1_124' title='bbox 1342 2035 1791 2090; x_wconf 88' lang='lat' dir='ltr'><strong>consuetudinem</strong></span> <span class='ocrx_word' id='word_1_125' title='bbox 1831 2035 1978 2090; x_wconf 78' lang='lat' dir='ltr'><strong>Scri-</strong></span> 
     </span>
    </p>
   </div>
   <div class='ocr_carea' id='block_1_22' title="bbox 417 2132 716 2186">
    <p class='ocr_par' dir='ltr' id='par_1_22' title="bbox 417 2132 716 2186">
     <span class='ocr_line' id='line_1_22' title="bbox 417 2132 716 2186; baseline 0.003 -12"><span class='ocrx_word' id='word_1_126' title='bbox 417 2132 716 2186; x_wconf 89' lang='lat' dir='ltr'><strong>pturarum.</strong></span> 
     </span>
    </p>
   </div>
   <div class='ocr_carea' id='block_1_23' title="bbox 490 2224 1980 2298">
    <p class='ocr_par' dir='ltr' id='par_1_23' title="bbox 490 2224 1980 2298">
     <span class='ocr_line' id='line_1_23' title="bbox 490 2224 1980 2298; baseline 0.006 -24"><span class='ocrx_word' id='word_1_127' title='bbox 490 2244 508 2274; x_wconf 77' lang='grc' dir='ltr'><strong>ι</strong></span> <span class='ocrx_word' id='word_1_128' title='bbox 545 2224 864 2295; x_wconf 83' lang='lat' dir='ltr'><strong>Beuignum.</strong></span> <span class='ocrx_word' id='word_1_129' title='bbox 907 2245 925 2278; x_wconf 80' lang='grc' dir='ltr'><strong>ι</strong></span> <span class='ocrx_word' id='word_1_130' title='bbox 990 2226 1060 2283; x_wconf 88' lang='lat' dir='ltr'><strong>Ut</strong></span> <span class='ocrx_word' id='word_1_131' title='bbox 1111 2226 1354 2298; x_wconf 86' lang='lat' dir='ltr'><strong>hospites</strong></span> <span class='ocrx_word' id='word_1_132' title='bbox 1413 2245 1514 2283; x_wconf 92' lang='lat' dir='ltr'><strong>non</strong></span> <span class='ocrx_word' id='word_1_133' title='bbox 1570 2244 1690 2294; x_wconf 86' lang='lat' dir='ltr'><strong>cum</strong></span> <span class='ocrx_word' id='word_1_134' title='bbox 1735 2231 1980 2296; x_wconf 83' lang='lat' dir='ltr'><strong>tristitia,</strong></span> 
     </span>
    </p>
   </div>
   <div class='ocr_carea' id='block_1_24' title="bbox 414 2316 1388 2390">
    <p class='ocr_par' dir='ltr' id='par_1_24' title="bbox 414 2316 1388 2390">
     <span class='ocr_line' id='line_1_24' title="bbox 414 2316 1388 2390; baseline 0.007 -21"><span class='ocrx_word' id='word_1_135' title='bbox 414 2318 508 2369; x_wconf 88' lang='lat' dir='ltr'><strong>sed</strong></span> <span class='ocrx_word' id='word_1_136' title='bbox 543 2330 666 2369; x_wconf 91' lang='lat' dir='ltr'><strong>cum</strong></span> <span class='ocrx_word' id='word_1_137' title='bbox 699 2316 1074 2372; x_wconf 84' lang='lat' dir='ltr'><strong>benevolentia</strong></span> <span class='ocrx_word' id='word_1_138' title='bbox 1110 2320 1388 2390; x_wconf 86' lang='lat' dir='ltr'><strong>suscipiat.</strong></span> 
     </span>
    </p>
   </div>
   <div class='ocr_carea' id='block_1_25' title="bbox 487 2418 1982 2488">
    <p class='ocr_par' dir='ltr' id='par_1_25' title="bbox 487 2418 1982 2488">
     <span class='ocr_line' id='line_1_25' title="bbox 487 2418 1982 2488; baseline 0.008 -20"><span class='ocrx_word' id='word_1_139' title='bbox 487 2436 506 2468; x_wconf 78' lang='lat' dir='ltr'><strong>r</strong></span> <span class='ocrx_word' id='word_1_140' title='bbox 552 2418 1076 2488; x_wconf 88' lang='lat' dir='ltr'><strong>Sobrium,justum,</strong></span> <span class='ocrx_word' id='word_1_141' title='bbox 1108 2432 1374 2486; x_wconf 88' lang='lat' dir='ltr'><strong>sanctum,</strong></span> <span class='ocrx_word' id='word_1_142' title='bbox 1406 2425 1798 2479; x_wconf 82' lang='lat' dir='ltr'><strong>continentem.</strong></span> <span class='ocrx_word' id='word_1_143' title='bbox 1834 2445 1852 2477; x_wconf 77' lang='grc' dir='ltr'><strong>ι</strong></span> <span class='ocrx_word' id='word_1_144' title='bbox 1894 2427 1982 2480; x_wconf 90' lang='lat' dir='ltr'><strong>ln-</strong></span> 
     </span>
    </p>
   </div>
   <div class='ocr_carea' id='block_1_26' title="bbox 410 2509 1972 2584">
    <p class='ocr_par' dir='ltr' id='par_1_26' title="bbox 410 2509 1972 2584">
     <span class='ocr_line' id='line_1_26' title="bbox 410 2509 1972 2584; baseline 0.001 -21"><span class='ocrx_word' id='word_1_145' title='bbox 410 2509 822 2575; x_wconf 81' lang='lat' dir='ltr'><strong>coutinentiam,</strong></span> <span class='ocrx_word' id='word_1_146' title='bbox 851 2511 934 2566; x_wconf 84' lang='lat' dir='ltr'><strong>vel</strong></span> <span class='ocrx_word' id='word_1_147' title='bbox 987 2513 1400 2579; x_wconf 89' lang='lat' dir='ltr'><strong>continentiam,</strong></span> <span class='ocrx_word' id='word_1_148' title='bbox 1435 2531 1709 2584; x_wconf 80' lang='lat' dir='ltr'><strong>nunquam</strong></span> <span class='ocrx_word' id='word_1_149' title='bbox 1745 2517 1972 2584; x_wconf 70' lang='lat' dir='ltr'><strong>Apostn-</strong></span> 
     </span>
    </p>
   </div>
   <div class='ocr_carea' id='block_1_27' title="bbox 412 2603 1970 2676">
    <p class='ocr_par' dir='ltr' id='par_1_27' title="bbox 412 2603 1970 2676">
     <span class='ocr_line' id='line_1_27' title="bbox 412 2603 1970 2676; baseline 0.004 -22"><span class='ocrx_word' id='word_1_150' title='bbox 412 2603 515 2666; x_wconf 86' lang='lat' dir='ltr'><strong>lus,</strong></span> <span class='ocrx_word' id='word_1_151' title='bbox 565 2603 665 2656; x_wconf 90' lang='lat' dir='ltr'><strong>nisi</strong></span> <span class='ocrx_word' id='word_1_152' title='bbox 703 2603 754 2655; x_wconf 93' lang='lat' dir='ltr'><strong>in</strong></span> <span class='ocrx_word' id='word_1_153' title='bbox 806 2618 967 2657; x_wconf 89' lang='lat' dir='ltr'><strong>causa</strong></span> <span class='ocrx_word' id='word_1_154' title='bbox 1021 2603 1267 2670; x_wconf 69' lang='lat' dir='ltr'><strong>lttxnria‘,</strong></span> <span class='ocrx_word' id='word_1_155' title='bbox 1303 2605 1431 2660; x_wconf 87' lang='lat' dir='ltr'><strong>dicit</strong></span> <span class='ocrx_word' id='word_1_156' title='bbox 1467 2624 1479 2659; x_wconf 94' lang='lat'>:</span> <span class='ocrx_word' id='word_1_157' title='bbox 1513 2607 1718 2673; x_wconf 89' lang='lat' dir='ltr'><strong>justum</strong></span> <span class='ocrx_word' id='word_1_158' title='bbox 1745 2609 1970 2676; x_wconf 83' lang='lat' dir='ltr'><strong>judicio,</strong></span> 
     </span>
    </p>
   </div>
   <div class='ocr_carea' id='block_1_28' title="bbox 411 2693 1976 2764">
    <p class='ocr_par' dir='ltr' id='par_1_28' title="bbox 411 2693 1976 2764">
     <span class='ocr_line' id='line_1_28' title="bbox 411 2693 1976 2764; baseline 0.004 -18"><span class='ocrx_word' id='word_1_159' title='bbox 411 2693 748 2747; x_wconf 83' lang='lat' dir='ltr'><strong>continentia</strong></span> <span class='ocrx_word' id='word_1_160' title='bbox 807 2704 1078 2758; x_wconf 84' lang='lat' dir='ltr'><strong>sanctum,</strong></span> <span class='ocrx_word' id='word_1_161' title='bbox 1127 2711 1192 2749; x_wconf 89' lang='lat' dir='ltr'><strong>ne</strong></span> <span class='ocrx_word' id='word_1_162' title='bbox 1221 2696 1345 2764; x_wconf 86' lang='lat' dir='ltr'><strong>quia</strong></span> <span class='ocrx_word' id='word_1_163' title='bbox 1378 2697 1535 2750; x_wconf 81' lang='lat' dir='ltr'><strong>unius</strong></span> <span class='ocrx_word' id='word_1_164' title='bbox 1593 2699 1775 2750; x_wconf 69' lang='lat' dir='ltr'><strong>usoris</strong></span> <span class='ocrx_word' id='word_1_165' title='bbox 1837 2697 1976 2752; x_wconf 78' lang='lat' dir='ltr'><strong>fece-</strong></span> 
     </span>
    </p>
   </div>
   <div class='ocr_carea' id='block_1_29' title="bbox 412 2785 1974 2858">
    <p class='ocr_par' dir='ltr' id='par_1_29' title="bbox 412 2785 1974 2858">
     <span class='ocr_line' id='line_1_29' title="bbox 412 2785 1974 2858; baseline 0.001 -20"><span class='ocrx_word' id='word_1_166' title='bbox 412 2796 496 2839; x_wconf 83' lang='lat' dir='ltr'><strong>rat</strong></span> <span class='ocrx_word' id='word_1_167' title='bbox 526 2785 880 2850; x_wconf 85' lang='lat' dir='ltr'><strong>mentionem,</strong></span> <span class='ocrx_word' id='word_1_168' title='bbox 912 2785 1088 2841; x_wconf 93' lang='lat' dir='ltr'><strong>locum</strong></span> <span class='ocrx_word' id='word_1_169' title='bbox 1124 2787 1530 2842; x_wconf 63' lang='lat' dir='ltr'><strong>incontinentiae</strong></span> <span class='ocrx_word' id='word_1_170' title='bbox 1576 2788 1787 2842; x_wconf 79' lang='lat' dir='ltr'><strong>dedisse</strong></span> <span class='ocrx_word' id='word_1_171' title='bbox 1822 2801 1974 2858; x_wconf 83' lang='lat' dir='ltr'><strong>puta-</strong></span> 
     </span>
    </p>
   </div>
   <div class='ocr_carea' id='block_1_30' title="bbox 414 2885 580 2928">
    <p class='ocr_par' dir='ltr' id='par_1_30' title="bbox 414 2885 580 2928">
     <span class='ocr_line' id='line_1_30' title="bbox 414 2885 580 2928; baseline 0 -2"><span class='ocrx_word' id='word_1_172' title='bbox 414 2885 580 2928; x_wconf 86' lang='lat' dir='ltr'><strong>retur.</strong></span> 
     </span>
    </p>
   </div>
   <div class='ocr_carea' id='block_1_31' title="bbox 491 2975 1973 3044">
    <p class='ocr_par' dir='ltr' id='par_1_31' title="bbox 491 2975 1973 3044">
     <span class='ocr_line' id='line_1_31' title="bbox 491 2975 1973 3044; baseline 0.005 -20"><span class='ocrx_word' id='word_1_173' title='bbox 491 2993 510 3023; x_wconf 75' lang='grc' dir='ltr'><strong>ι</strong></span> <span class='ocrx_word' id='word_1_174' title='bbox 541 2975 972 3042; x_wconf 79' lang='lat' dir='ltr'><strong>Amplectentem</strong></span> <span class='ocrx_word' id='word_1_175' title='bbox 1008 2990 1154 3041; x_wconf 89' lang='lat' dir='ltr'><strong>eum,</strong></span> <span class='ocrx_word' id='word_1_176' title='bbox 1203 2979 1294 3044; x_wconf 91' lang='lat' dir='ltr'><strong>qui</strong></span> <span class='ocrx_word' id='word_1_177' title='bbox 1329 2981 1624 3032; x_wconf 88' lang='lat' dir='ltr'><strong>secundum</strong></span> <span class='ocrx_word' id='word_1_178' title='bbox 1673 2980 1973 3034; x_wconf 85' lang='lat' dir='ltr'><strong>doctrinam</strong></span> 
     </span>
    </p>
   </div>
   <div class='ocr_carea' id='block_1_32' title="bbox 411 3066 1974 3136">
    <p class='ocr_par' dir='ltr' id='par_1_32' title="bbox 411 3066 1974 3136">
     <span class='ocr_line' id='line_1_32' title="bbox 411 3066 1974 3136; baseline 0.002 -19"><span class='ocrx_word' id='word_1_179' title='bbox 411 3075 514 3130; x_wconf 76' lang='lat' dir='ltr'><strong>est,</strong></span> <span class='ocrx_word' id='word_1_180' title='bbox 570 3066 775 3128; x_wconf 80' lang='lat' dir='ltr'><strong>fidelem</strong></span> <span class='ocrx_word' id='word_1_181' title='bbox 826 3081 1155 3121; x_wconf 86' lang='lat' dir='ltr'><strong>sermonem.</strong></span> <span class='ocrx_word' id='word_1_182' title='bbox 1194 3083 1213 3118; x_wconf 73' lang='grc' dir='ltr'><strong>ι</strong></span> <span class='ocrx_word' id='word_1_183' title='bbox 1266 3067 1579 3136; x_wconf 74' lang='lat' dir='ltr'><strong>lliligentetn</strong></span> <span class='ocrx_word' id='word_1_184' title='bbox 1630 3070 1974 3131; x_wconf 80' lang='lat' dir='ltr'><strong>doctrinam,</strong></span> 
     </span>
    </p>
   </div>
   <div class='ocr_carea' id='block_1_33' title="bbox 410 3157 2114 3248">
    <p class='ocr_par' dir='ltr' id='par_1_33' title="bbox 410 3157 2114 3248">
     <span class='ocr_line' id='line_1_33' title="bbox 410 3157 2114 3248; baseline 0.003 -40"><span class='ocrx_word' id='word_1_185' title='bbox 410 3165 463 3208; x_wconf 89' lang='lat' dir='ltr'><strong>et</strong></span> <span class='ocrx_word' id='word_1_186' title='bbox 507 3171 723 3226; x_wconf 82' lang='lat' dir='ltr'><strong>semper</strong></span> <span class='ocrx_word' id='word_1_187' title='bbox 752 3157 876 3212; x_wconf 90' lang='lat' dir='ltr'><strong>inde</strong></span> <span class='ocrx_word' id='word_1_188' title='bbox 907 3158 1213 3228; x_wconf 87' lang='lat' dir='ltr'><strong>loquentem</strong></span> <span class='ocrx_word' id='word_1_189' title='bbox 1243 3176 1259 3213; x_wconf 86' lang='lat'><strong>:</strong></span> <span class='ocrx_word' id='word_1_190' title='bbox 1288 3173 1394 3213; x_wconf 87' lang='lat' dir='ltr'><strong>non</strong></span> <span class='ocrx_word' id='word_1_191' title='bbox 1423 3159 1636 3214; x_wconf 82' lang='lat' dir='ltr'><strong>fabulas</strong></span> <span class='ocrx_word' id='word_1_192' title='bbox 1686 3160 1978 3213; x_wconf 71' lang='lat' dir='ltr'><strong>smeulares</strong></span> <span class='ocrx_word' id='word_1_193' title='bbox 2008 3165 2049 3218; x_wconf 88' lang='lat' dir='ltr'><strong>C</strong></span> <span class='ocrx_word' id='word_1_194' title='bbox 2085 3211 2114 3248; x_wconf 62' lang='grc' dir='ltr'><strong>ο</strong></span> 
     </span>
    </p>
   </div>
   <div class='ocr_carea' id='block_1_34' title="bbox 411 3258 682 3302">
    <p class='ocr_par' dir='ltr' id='par_1_34' title="bbox 411 3258 682 3302">
     <span class='ocr_line' id='line_1_34' title="bbox 411 3258 682 3302; baseline 0.004 -1"><span class='ocrx_word' id='word_1_195' title='bbox 411 3258 462 3301; x_wconf 85' lang='lat' dir='ltr'><strong>et</strong></span> <span class='ocrx_word' id='word_1_196' title='bbox 500 3263 682 3302; x_wconf 82' lang='lat' dir='ltr'><strong>vanas.</strong></span> 
     </span>
    </p>
   </div>
   <div class='ocr_carea' id='block_1_35' title="bbox 486 3346 1981 3414">
    <p class='ocr_par' dir='ltr' id='par_1_35' title="bbox 486 3346 1981 3414">
     <span class='ocr_line' id='line_1_35' title="bbox 486 3346 1981 3414; baseline 0.002 -15"><span class='ocrx_word' id='word_1_197' title='bbox 486 3363 506 3397; x_wconf 75' lang='grc' dir='ltr'><strong>ι</strong></span> <span class='ocrx_word' id='word_1_198' title='bbox 549 3346 616 3400; x_wconf 88' lang='lat' dir='ltr'><strong>Ut</strong></span> <span class='ocrx_word' id='word_1_199' title='bbox 649 3357 840 3414; x_wconf 90' lang='lat' dir='ltr'><strong>potens</strong></span> <span class='ocrx_word' id='word_1_200' title='bbox 877 3349 944 3402; x_wconf 90' lang='lat' dir='ltr'><strong>sit</strong></span> <span class='ocrx_word' id='word_1_201' title='bbox 991 3351 1270 3403; x_wconf 80' lang='lat' dir='ltr'><strong>exhortari</strong></span> <span class='ocrx_word' id='word_1_202' title='bbox 1327 3351 1377 3403; x_wconf 92' lang='lat' dir='ltr'><strong>in</strong></span> <span class='ocrx_word' id='word_1_203' title='bbox 1432 3350 1678 3404; x_wconf 89' lang='lat' dir='ltr'><strong>doctrina</strong></span> <span class='ocrx_word' id='word_1_204' title='bbox 1723 3366 1876 3413; x_wconf 86' lang='lat' dir='ltr'><strong>sana,</strong></span> <span class='ocrx_word' id='word_1_205' title='bbox 1927 3361 1981 3404; x_wconf 92' lang='lat' dir='ltr'><strong>et</strong></span> 
     </span>
    </p>
   </div>
   <div class='ocr_carea' id='block_1_36' title="bbox 412 3441 1980 3512">
    <p class='ocr_par' dir='ltr' id='par_1_36' title="bbox 412 3441 1980 3512">
     <span class='ocr_line' id='line_1_36' title="bbox 412 3441 1980 3512; baseline 0.001 -20"><span class='ocrx_word' id='word_1_206' title='bbox 412 3453 507 3493; x_wconf 85' lang='lat' dir='ltr'><strong>eos</strong></span> <span class='ocrx_word' id='word_1_207' title='bbox 551 3441 643 3509; x_wconf 89' lang='lat' dir='ltr'><strong>qui</strong></span> <span class='ocrx_word' id='word_1_208' title='bbox 700 3442 1082 3495; x_wconf 90' lang='lat' dir='ltr'><strong>contradicunt</strong></span> <span class='ocrx_word' id='word_1_209' title='bbox 1137 3457 1388 3512; x_wconf 78' lang='lat' dir='ltr'><strong>arguere.</strong></span> <span class='ocrx_word' id='word_1_210' title='bbox 1432 3461 1450 3492; x_wconf 81' lang='grc' dir='ltr'><strong>ι</strong></span> <span class='ocrx_word' id='word_1_211' title='bbox 1504 3442 1652 3499; x_wconf 87' lang='lat' dir='ltr'><strong>Talis</strong></span> <span class='ocrx_word' id='word_1_212' title='bbox 1703 3443 1980 3509; x_wconf 61' lang='lat' dir='ltr'><strong>eligendus</strong></span> 
     </span>
    </p>
   </div>
   <div class='ocr_carea' id='block_1_37' title="bbox 414 3534 1978 3605">
    <p class='ocr_par' dir='ltr' id='par_1_37' title="bbox 414 3534 1978 3605">
     <span class='ocr_line' id='line_1_37' title="bbox 414 3534 1978 3605; baseline 0.002 -19"><span class='ocrx_word' id='word_1_213' title='bbox 414 3544 516 3598; x_wconf 90' lang='lat' dir='ltr'><strong>est,</strong></span> <span class='ocrx_word' id='word_1_214' title='bbox 554 3534 646 3602; x_wconf 86' lang='lat' dir='ltr'><strong>qui</strong></span> <span class='ocrx_word' id='word_1_215' title='bbox 671 3535 949 3588; x_wconf 72' lang='lat' dir='ltr'><strong>exhortari</strong></span> <span class='ocrx_word' id='word_1_216' title='bbox 993 3536 1184 3604; x_wconf 86' lang='lat' dir='ltr'><strong>possit,</strong></span> <span class='ocrx_word' id='word_1_217' title='bbox 1209 3545 1263 3587; x_wconf 84' lang='lat' dir='ltr'><strong>et</strong></span> <span class='ocrx_word' id='word_1_218' title='bbox 1289 3537 1726 3589; x_wconf 82' lang='lat' dir='ltr'><strong>c0utradicentes</strong></span> <span class='ocrx_word' id='word_1_219' title='bbox 1745 3551 1978 3605; x_wconf 78' lang='lat' dir='ltr'><strong>arguere</strong></span> 
     </span>
    </p>
   </div>
   <div class='ocr_carea' id='block_1_38' title="bbox 414 3626 1979 3697">
    <p class='ocr_par' dir='ltr' id='par_1_38' title="bbox 414 3626 1979 3697">
     <span class='ocr_line' id='line_1_38' title="bbox 414 3626 1979 3697; baseline 0.002 -20"><span class='ocrx_word' id='word_1_220' title='bbox 414 3628 466 3678; x_wconf 86' lang='lat' dir='ltr'><strong>in</strong></span> <span class='ocrx_word' id='word_1_221' title='bbox 492 3626 738 3680; x_wconf 83' lang='lat' dir='ltr'><strong>doctrina</strong></span> <span class='ocrx_word' id='word_1_222' title='bbox 776 3643 930 3690; x_wconf 88' lang='lat' dir='ltr'><strong>sana,</strong></span> <span class='ocrx_word' id='word_1_223' title='bbox 972 3644 1094 3696; x_wconf 72' lang='lat' dir='ltr'><strong>qua:</strong></span> <span class='ocrx_word' id='word_1_224' title='bbox 1144 3637 1301 3682; x_wconf 87' lang='lat' dir='ltr'><strong>sanat</strong></span> <span class='ocrx_word' id='word_1_225' title='bbox 1337 3629 1640 3692; x_wconf 77' lang='lat' dir='ltr'><strong>audientes,</strong></span> <span class='ocrx_word' id='word_1_226' title='bbox 1699 3630 1812 3682; x_wconf 86' lang='lat' dir='ltr'><strong>sive</strong></span> <span class='ocrx_word' id='word_1_227' title='bbox 1861 3645 1979 3697; x_wconf 67' lang='lat' dir='ltr'><strong>qua:</strong></span> 
     </span>
    </p>
   </div>
   <div class='ocr_carea' id='block_1_39' title="bbox 413 3719 1254 3789">
    <p class='ocr_par' dir='ltr' id='par_1_39' title="bbox 413 3719 1254 3789">
     <span class='ocr_line' id='line_1_39' title="bbox 413 3719 1254 3789; baseline 0.008 -21"><span class='ocrx_word' id='word_1_228' title='bbox 413 3720 555 3771; x_wconf 79' lang='lat' dir='ltr'><strong>nulla</strong></span> <span class='ocrx_word' id='word_1_229' title='bbox 587 3719 824 3774; x_wconf 87' lang='lat' dir='ltr'><strong>falsitate</strong></span> <span class='ocrx_word' id='word_1_230' title='bbox 860 3729 1116 3789; x_wconf 85' lang='lat' dir='ltr'><strong>c0rrupta</strong></span> <span class='ocrx_word' id='word_1_231' title='bbox 1147 3729 1254 3775; x_wconf 90' lang='lat' dir='ltr'><strong>est.</strong></span> 
     </span>
    </p>
   </div>
   <div class='ocr_carea' id='block_1_40' title="bbox 485 3819 1979 3888">
    <p class='ocr_par' dir='ltr' id='par_1_40' title="bbox 485 3819 1979 3888">
     <span class='ocr_line' id='line_1_40' title="bbox 485 3819 1979 3888; baseline 0 -16"><span class='ocrx_word' id='word_1_232' title='bbox 485 3841 503 3872; x_wconf 72' lang='grc' dir='ltr'><strong>ι</strong></span> <span class='ocrx_word' id='word_1_233' title='bbox 546 3823 850 3876; x_wconf 87' lang='lat' dir='ltr'><strong>Suntenim</strong></span> <span class='ocrx_word' id='word_1_234' title='bbox 884 3823 1035 3874; x_wconf 91' lang='lat' dir='ltr'><strong>multi</strong></span> <span class='ocrx_word' id='word_1_235' title='bbox 1079 3822 1242 3876; x_wconf 86' lang='lat' dir='ltr'><strong>etiam</strong></span> <span class='ocrx_word' id='word_1_236' title='bbox 1277 3819 1676 3886; x_wconf 77' lang='lat' dir='ltr'><strong>inobedientes,</strong></span> <span class='ocrx_word' id='word_1_237' title='bbox 1705 3821 1979 3888; x_wconf 83' lang='lat' dir='ltr'><strong>vaniloqui</strong></span> 
     </span>
    </p>
   </div>
   <div class='ocr_carea' id='block_1_41' title="bbox 412 3895 1979 3984">
    <p class='ocr_par' dir='ltr' id='par_1_41' title="bbox 412 3895 1979 3984">
     <span class='ocr_line' id='line_1_41' title="bbox 412 3895 1979 3984; baseline 0 -17"><span class='ocrx_word' id='word_1_238' title='bbox 412 3927 462 3967; x_wconf 88' lang='lat' dir='ltr'><strong>et</strong></span> <span class='ocrx_word' id='word_1_239' title='bbox 488 3895 823 3969; x_wconf 75' lang='lat' dir='ltr'><strong>seductores.</strong></span> <span class='ocrx_word' id='word_1_240' title='bbox 865 3931 882 3964; x_wconf 77' lang='grc' dir='ltr'><strong>ι</strong></span> <span class='ocrx_word' id='word_1_241' title='bbox 921 3915 1244 3983; x_wconf 78' lang='lat' dir='ltr'><strong>Apostolica:</strong></span> <span class='ocrx_word' id='word_1_242' title='bbox 1267 3915 1528 3968; x_wconf 62' lang='lat' dir='ltr'><strong>doctrinm</strong></span> <span class='ocrx_word' id='word_1_243' title='bbox 1561 3929 1667 3967; x_wconf 89' lang='lat' dir='ltr'><strong>non</strong></span> <span class='ocrx_word' id='word_1_244' title='bbox 1699 3916 1979 3984; x_wconf 71' lang='lat' dir='ltr'><strong>obtempe-</strong></span> 
     </span>
    </p>
   </div>
   <div class='ocr_carea' id='block_1_42' title="bbox 414 4005 1720 4076">
    <p class='ocr_par' dir='ltr' id='par_1_42' title="bbox 414 4005 1720 4076">
     <span class='ocr_line' id='line_1_42' title="bbox 414 4005 1720 4076; baseline 0 -16"><span class='ocrx_word' id='word_1_245' title='bbox 414 4017 618 4073; x_wconf 75' lang='lat' dir='ltr'><strong>rantes,</strong></span> <span class='ocrx_word' id='word_1_246' title='bbox 657 4016 711 4060; x_wconf 86' lang='lat' dir='ltr'><strong>et</strong></span> <span class='ocrx_word' id='word_1_247' title='bbox 740 4011 804 4060; x_wconf 91' lang='lat' dir='ltr'><strong>ad</strong></span> <span class='ocrx_word' id='word_1_248' title='bbox 839 4009 1042 4060; x_wconf 75' lang='lat' dir='ltr'><strong>nullum</strong></span> <span class='ocrx_word' id='word_1_249' title='bbox 1074 4005 1384 4076; x_wconf 88' lang='lat' dir='ltr'><strong>profectum</strong></span> <span class='ocrx_word' id='word_1_250' title='bbox 1419 4007 1720 4076; x_wconf 83' lang='lat' dir='ltr'><strong>loquentes.</strong></span> 
     </span>
    </p>
   </div>
   <div class='ocr_carea' id='block_1_43' title="bbox 486 4106 1970 4176">
    <p class='ocr_par' dir='ltr' id='par_1_43' title="bbox 486 4106 1970 4176">
     <span class='ocr_line' id='line_1_43' title="bbox 486 4106 1970 4176; baseline 0.003 -20"><span class='ocrx_word' id='word_1_251' title='bbox 486 4125 504 4156; x_wconf 75' lang='grc' dir='ltr'><strong>ι</strong></span> <span class='ocrx_word' id='word_1_252' title='bbox 545 4106 771 4162; x_wconf 82' lang='lat' dir='ltr'><strong>Maxime</strong></span> <span class='ocrx_word' id='word_1_253' title='bbox 809 4119 1010 4174; x_wconf 83' lang='lat' dir='ltr'><strong>autem,</strong></span> <span class='ocrx_word' id='word_1_254' title='bbox 1065 4108 1155 4176; x_wconf 89' lang='lat' dir='ltr'><strong>qui</strong></span> <span class='ocrx_word' id='word_1_255' title='bbox 1191 4107 1259 4162; x_wconf 90' lang='lat' dir='ltr'><strong>de</strong></span> <span class='ocrx_word' id='word_1_256' title='bbox 1289 4108 1707 4164; x_wconf 85' lang='lat' dir='ltr'><strong>circumcisione</strong></span> <span class='ocrx_word' id='word_1_257' title='bbox 1755 4119 1900 4163; x_wconf 90' lang='lat' dir='ltr'><strong>sunt.</strong></span> <span class='ocrx_word' id='word_1_258' title='bbox 1953 4129 1970 4160; x_wconf 78' lang='grc' dir='ltr'><strong>ι</strong></span> 
     </span>
    </p>
   </div>
   <div class='ocr_carea' id='block_1_44' title="bbox 411 4197 1974 4272">
    <p class='ocr_par' dir='ltr' id='par_1_44' title="bbox 411 4197 1974 4272">
     <span class='ocr_line' id='line_1_44' title="bbox 411 4197 1974 4272; baseline 0.001 -20"><span class='ocrx_word' id='word_1_259' title='bbox 411 4201 510 4267; x_wconf 74' lang='lat' dir='ltr'><strong>Qui</strong></span> <span class='ocrx_word' id='word_1_260' title='bbox 556 4201 824 4252; x_wconf 80' lang='lat' dir='ltr'><strong>humanas</strong></span> <span class='ocrx_word' id='word_1_261' title='bbox 879 4201 1055 4266; x_wconf 83' lang='lat' dir='ltr'><strong>potius</strong></span> <span class='ocrx_word' id='word_1_262' title='bbox 1086 4197 1412 4254; x_wconf 82' lang='lat' dir='ltr'><strong>traditiones</strong></span> <span class='ocrx_word' id='word_1_263' title='bbox 1444 4201 1757 4268; x_wconf 82' lang='lat' dir='ltr'><strong>observant,</strong></span> <span class='ocrx_word' id='word_1_264' title='bbox 1815 4219 1974 4272; x_wconf 85' lang='lat' dir='ltr'><strong>quam</strong></span> 
     </span>
    </p>
   </div>
   <div class='ocr_carea' id='block_1_45' title="bbox 411 4290 900 4344">
    <p class='ocr_par' dir='ltr' id='par_1_45' title="bbox 411 4290 900 4344">
     <span class='ocr_line' id='line_1_45' title="bbox 411 4290 900 4344; baseline 0.004 -2"><span class='ocrx_word' id='word_1_265' title='bbox 411 4293 590 4343; x_wconf 89' lang='lat' dir='ltr'><strong>divina</strong></span> <span class='ocrx_word' id='word_1_266' title='bbox 625 4290 900 4344; x_wconf 81' lang='lat' dir='ltr'><strong>mandata.</strong></span> 
     </span>
    </p>
   </div>
   <div class='ocr_carea' id='block_1_46' title="bbox 489 4392 1980 4464">
    <p class='ocr_par' dir='ltr' id='par_1_46' title="bbox 489 4392 1980 4464">
     <span class='ocr_line' id='line_1_46' title="bbox 489 4392 1980 4464; baseline 0.006 -21"><span class='ocrx_word' id='word_1_267' title='bbox 489 4412 506 4443; x_wconf 77' lang='grc' dir='ltr'><strong>ι</strong></span> <span class='ocrx_word' id='word_1_268' title='bbox 549 4392 696 4458; x_wconf 86' lang='lat' dir='ltr'><strong>Quos</strong></span> <span class='ocrx_word' id='word_1_269' title='bbox 746 4403 961 4464; x_wconf 82' lang='lat' dir='ltr'><strong>oportet</strong></span> <span class='ocrx_word' id='word_1_270' title='bbox 1017 4394 1294 4464; x_wconf 84' lang='lat' dir='ltr'><strong>redargui,</strong></span> <span class='ocrx_word' id='word_1_271' title='bbox 1324 4395 1416 4464; x_wconf 89' lang='lat' dir='ltr'><strong>qui</strong></span> <span class='ocrx_word' id='word_1_272' title='bbox 1467 4396 1750 4450; x_wconf 70' lang='lat' dir='ltr'><strong>universas</strong></span> <span class='ocrx_word' id='word_1_273' title='bbox 1789 4397 1980 4452; x_wconf 83' lang='lat' dir='ltr'><strong>demus</strong></span> 
     </span>
    </p>
   </div>
   <div class='ocr_carea' id='block_1_47' title="bbox 2092 539 3662 612">
    <p class='ocr_par' dir='ltr' id='par_1_47' title="bbox 2092 539 3662 612">
     <span class='ocr_line' id='line_1_47' title="bbox 2092 539 3662 612; baseline 0.008 -23"><span class='ocrx_word' id='word_1_274' title='bbox 2092 539 2297 592; x_wconf 88' lang='lat' dir='ltr'><strong>minum</strong></span> <span class='ocrx_word' id='word_1_275' title='bbox 2332 557 2434 595; x_wconf 89' lang='lat' dir='ltr'><strong>non</strong></span> <span class='ocrx_word' id='word_1_276' title='bbox 2462 543 2514 596; x_wconf 93' lang='lat' dir='ltr'><strong>iu</strong></span> <span class='ocrx_word' id='word_1_277' title='bbox 2551 546 2735 605; x_wconf 81' lang='lat' dir='ltr'><strong>corde,</strong></span> <span class='ocrx_word' id='word_1_278' title='bbox 2763 545 2856 597; x_wconf 82' lang='lat' dir='ltr'><strong>sed</strong></span> <span class='ocrx_word' id='word_1_279' title='bbox 2885 543 2934 597; x_wconf 92' lang='lat' dir='ltr'><strong>in</strong></span> <span class='ocrx_word' id='word_1_280' title='bbox 2975 544 3133 599; x_wconf 85' lang='lat' dir='ltr'><strong>labiis</strong></span> <span class='ocrx_word' id='word_1_281' title='bbox 3165 544 3496 601; x_wconf 86' lang='lat' dir='ltr'><strong>honorantes</strong></span> <span class='ocrx_word' id='word_1_282' title='bbox 3523 543 3662 612; x_wconf 70' lang='lat' dir='ltr'><strong>(Ira.</strong></span> 
     </span>
    </p>
   </div>
   <div class='ocr_carea' id='block_1_48' title="bbox 2095 631 2393 700">
    <p class='ocr_par' dir='ltr' id='par_1_48' title="bbox 2095 631 2393 700">
     <span class='ocr_line' id='line_1_48' title="bbox 2095 631 2393 700; baseline 0.01 -20"><span class='ocrx_word' id='word_1_283' title='bbox 2095 643 2249 694; x_wconf 79' lang='lat' dir='ltr'><strong>xxix,</strong></span> <span class='ocrx_word' id='word_1_284' title='bbox 2286 631 2393 700; x_wconf 76' lang='lat' dir='ltr'><strong>l5).</strong></span> 
     </span>
    </p>
   </div>
   <div class='ocr_carea' id='block_1_49' title="bbox 2168 724 3645 786">
    <p class='ocr_par' dir='ltr' id='par_1_49' title="bbox 2168 724 3645 786">
     <span class='ocr_line' id='line_1_49' title="bbox 2168 724 3645 786; baseline 0.011 -16"><span class='ocrx_word' id='word_1_285' title='bbox 2168 738 2186 770; x_wconf 78' lang='grc' dir='ltr'><strong>ι</strong></span> <span class='ocrx_word' id='word_1_286' title='bbox 2226 724 2608 779; x_wconf 80' lang='lat' dir='ltr'><strong>Aversantium</strong></span> <span class='ocrx_word' id='word_1_287' title='bbox 2643 741 2704 782; x_wconf 86' lang='lat' dir='ltr'><strong>se</strong></span> <span class='ocrx_word' id='word_1_288' title='bbox 2727 744 2753 780; x_wconf 88' lang='lat' dir='ltr'><strong>a</strong></span> <span class='ocrx_word' id='word_1_289' title='bbox 2804 731 3054 783; x_wconf 72' lang='lat' dir='ltr'><strong>veritate.</strong></span> <span class='ocrx_word' id='word_1_290' title='bbox 3097 747 3116 781; x_wconf 74' lang='grc' dir='ltr'><strong>ι</strong></span> <span class='ocrx_word' id='word_1_291' title='bbox 3143 727 3278 784; x_wconf 82' lang='lat' dir='ltr'><strong>Novi</strong></span> <span class='ocrx_word' id='word_1_292' title='bbox 3310 732 3522 786; x_wconf 91' lang='lat' dir='ltr'><strong>scilicet</strong></span> <span class='ocrx_word' id='word_1_293' title='bbox 3565 731 3645 786; x_wconf 84' lang='lat' dir='ltr'><strong>Te</strong></span> 
     </span>
    </p>
   </div>
   <div class='ocr_carea' id='block_1_50' title="bbox 2090 818 2367 871">
    <p class='ocr_par' dir='ltr' id='par_1_50' title="bbox 2090 818 2367 871">
     <span class='ocr_line' id='line_1_50' title="bbox 2090 818 2367 871; baseline 0.011 -3"><span class='ocrx_word' id='word_1_294' title='bbox 2090 818 2367 871; x_wconf 87' lang='lat' dir='ltr'><strong>stamenti.</strong></span> 
     </span>
    </p>
   </div>
   <div class='ocr_carea' id='block_1_51' title="bbox 2169 907 3638 982">
    <p class='ocr_par' dir='ltr' id='par_1_51' title="bbox 2169 907 3638 982">
     <span class='ocr_line' id='line_1_51' title="bbox 2169 907 3638 982; baseline 0.008 -24"><span class='ocrx_word' id='word_1_295' title='bbox 2169 927 2186 958; x_wconf 85' lang='grc'><strong>‹</strong></span> <span class='ocrx_word' id='word_1_296' title='bbox 2231 907 2426 962; x_wconf 89' lang='lat' dir='ltr'><strong>Omnia</strong></span> <span class='ocrx_word' id='word_1_297' title='bbox 2485 913 2683 967; x_wconf 90' lang='lat' dir='ltr'><strong>munda</strong></span> <span class='ocrx_word' id='word_1_298' title='bbox 2721 915 2963 969; x_wconf 86' lang='lat' dir='ltr'><strong>mundis.</strong></span> <span class='ocrx_word' id='word_1_299' title='bbox 3006 933 3026 967; x_wconf 81' lang='grc'><strong>›</strong></span> <span class='ocrx_word' id='word_1_300' title='bbox 3061 915 3198 982; x_wconf 83' lang='lat' dir='ltr'><strong>Quia</strong></span> <span class='ocrx_word' id='word_1_301' title='bbox 3255 915 3434 970; x_wconf 89' lang='lat' dir='ltr'><strong>adhuc</strong></span> <span class='ocrx_word' id='word_1_302' title='bbox 3470 924 3638 971; x_wconf 83' lang='lat' dir='ltr'><strong>seetm</strong></span> 
     </span>
    </p>
   </div>
   <div class='ocr_carea' id='block_1_52' title="bbox 2093 997 3311 1072">
    <p class='ocr_par' dir='ltr' id='par_1_52' title="bbox 2093 997 3311 1072">
     <span class='ocr_line' id='line_1_52' title="bbox 2093 997 3311 1072; baseline 0.01 -18"><span class='ocrx_word' id='word_1_303' title='bbox 2093 1004 2219 1055; x_wconf 91' lang='lat' dir='ltr'><strong>dum</strong></span> <span class='ocrx_word' id='word_1_304' title='bbox 2250 1004 2420 1072; x_wconf 81' lang='lat' dir='ltr'><strong>legem</strong></span> <span class='ocrx_word' id='word_1_305' title='bbox 2456 1006 2732 1060; x_wconf 88' lang='lat' dir='ltr'><strong>immunda</strong></span> <span class='ocrx_word' id='word_1_306' title='bbox 2766 1009 3052 1064; x_wconf 88' lang='lat' dir='ltr'><strong>vocabant.</strong></span> <span class='ocrx_word' id='word_1_307' title='bbox 3298 997 3311 1007; x_wconf 60' lang='grc'><em>’</em></span> 
     </span>
    </p>
   </div>
   <div class='ocr_carea' id='block_1_53' title="bbox 2169 1097 3639 1169">
    <p class='ocr_par' dir='ltr' id='par_1_53' title="bbox 2169 1097 3639 1169">
     <span class='ocr_line' id='line_1_53' title="bbox 2169 1097 3639 1169; baseline 0.003 -21"><span class='ocrx_word' id='word_1_308' title='bbox 2169 1115 2186 1146; x_wconf 77' lang='grc' dir='ltr'><strong>ι</strong></span> <span class='ocrx_word' id='word_1_309' title='bbox 2221 1097 2602 1166; x_wconf 83' lang='lat' dir='ltr'><strong>Coinqtrinatis</strong></span> <span class='ocrx_word' id='word_1_310' title='bbox 2655 1108 2834 1154; x_wconf 82' lang='lat' dir='ltr'><strong>antem</strong></span> <span class='ocrx_word' id='word_1_311' title='bbox 2874 1110 2928 1155; x_wconf 88' lang='lat' dir='ltr'><strong>et</strong></span> <span class='ocrx_word' id='word_1_312' title='bbox 2967 1101 3294 1156; x_wconf 80' lang='lat' dir='ltr'><strong>inﬁdelibus.</strong></span> <span class='ocrx_word' id='word_1_313' title='bbox 3334 1119 3353 1152; x_wconf 76' lang='grc' dir='ltr'><strong>ι</strong></span> <span class='ocrx_word' id='word_1_314' title='bbox 3407 1099 3639 1169; x_wconf 80' lang='lat' dir='ltr'><strong>Coinqui</strong></span> 
     </span>
    </p>
   </div>
   <div class='ocr_carea' id='block_1_54' title="bbox 2093 1190 3672 1261">
    <p class='ocr_par' dir='ltr' id='par_1_54' title="bbox 2093 1190 3672 1261">
     <span class='ocr_line' id='line_1_54' title="bbox 2093 1190 3672 1261; baseline 0.001 -21"><span class='ocrx_word' id='word_1_315' title='bbox 2093 1190 2202 1241; x_wconf 87' lang='lat' dir='ltr'><strong>nati</strong></span> <span class='ocrx_word' id='word_1_316' title='bbox 2245 1197 2298 1242; x_wconf 90' lang='lat' dir='ltr'><strong>et</strong></span> <span class='ocrx_word' id='word_1_317' title='bbox 2329 1191 2574 1247; x_wconf 86' lang='lat' dir='ltr'><strong>infideles</strong></span> <span class='ocrx_word' id='word_1_318' title='bbox 2625 1203 2776 1256; x_wconf 90' lang='lat' dir='ltr'><strong>sunt,</strong></span> <span class='ocrx_word' id='word_1_319' title='bbox 2810 1194 2900 1261; x_wconf 92' lang='lat' dir='ltr'><strong>qui</strong></span> <span class='ocrx_word' id='word_1_320' title='bbox 2957 1209 3061 1247; x_wconf 92' lang='lat' dir='ltr'><strong>non</strong></span> <span class='ocrx_word' id='word_1_321' title='bbox 3093 1194 3323 1248; x_wconf 78' lang='lat' dir='ltr'><strong>credunt</strong></span> <span class='ocrx_word' id='word_1_322' title='bbox 3350 1192 3538 1260; x_wconf 73' lang='lat' dir='ltr'><strong>jugum</strong></span> <span class='ocrx_word' id='word_1_323' title='bbox 3592 1197 3672 1242; x_wconf 92' lang='lat' dir='ltr'><strong>Ie-</strong></span> 
     </span>
    </p>
   </div>
   <div class='ocr_carea' id='block_1_55' title="bbox 2091 1283 3666 1350">
    <p class='ocr_par' dir='ltr' id='par_1_55' title="bbox 2091 1283 3666 1350">
     <span class='ocr_line' id='line_1_55' title="bbox 2091 1283 3666 1350; baseline 0.001 -17"><span class='ocrx_word' id='word_1_324' title='bbox 2091 1285 2173 1350; x_wconf 90' lang='lat' dir='ltr'><strong>gis</strong></span> <span class='ocrx_word' id='word_1_325' title='bbox 2203 1296 2228 1334; x_wconf 86' lang='lat' dir='ltr'><strong>a</strong></span> <span class='ocrx_word' id='word_1_326' title='bbox 2267 1283 2407 1337; x_wconf 92' lang='lat' dir='ltr'><strong>collo</strong></span> <span class='ocrx_word' id='word_1_327' title='bbox 2427 1285 2772 1339; x_wconf 85' lang='lat' dir='ltr'><strong>credentium</strong></span> <span class='ocrx_word' id='word_1_328' title='bbox 2805 1286 3092 1342; x_wconf 84' lang='lat' dir='ltr'><strong>Dominum</strong></span> <span class='ocrx_word' id='word_1_329' title='bbox 3119 1286 3412 1341; x_wconf 72' lang='lat' dir='ltr'><strong>abstulisse</strong></span> <span class='ocrx_word' id='word_1_330' title='bbox 3446 1304 3458 1338; x_wconf 89' lang='lat'><strong>:</strong></span> <span class='ocrx_word' id='word_1_331' title='bbox 3493 1284 3666 1348; x_wconf 79' lang='lat' dir='ltr'><strong>idest,</strong></span> 
     </span>
    </p>
   </div>
   <div class='ocr_carea' id='block_1_56' title="bbox 2093 1376 3379 1446">
    <p class='ocr_par' dir='ltr' id='par_1_56' title="bbox 2093 1376 3379 1446">
     <span class='ocr_line' id='line_1_56' title="bbox 2093 1376 3379 1446; baseline 0.002 -19"><span class='ocrx_word' id='word_1_332' title='bbox 2093 1376 2276 1428; x_wconf 87' lang='lat' dir='ltr'><strong>omnia</strong></span> <span class='ocrx_word' id='word_1_333' title='bbox 2323 1390 2440 1442; x_wconf 70' lang='lat' dir='ltr'><strong>quae</strong></span> <span class='ocrx_word' id='word_1_334' title='bbox 2476 1379 2847 1446; x_wconf 88' lang='lat' dir='ltr'><strong>temporaliter</strong></span> <span class='ocrx_word' id='word_1_335' title='bbox 2868 1382 3082 1434; x_wconf 87' lang='lat' dir='ltr'><strong>fuerant</strong></span> <span class='ocrx_word' id='word_1_336' title='bbox 3111 1379 3379 1433; x_wconf 87' lang='lat' dir='ltr'><strong>instituta.</strong></span> 
     </span>
    </p>
   </div>
   <div class='ocr_carea' id='block_1_57' title="bbox 2169 1466 3669 1536">
    <p class='ocr_par' dir='ltr' id='par_1_57' title="bbox 2169 1466 3669 1536">
     <span class='ocr_line' id='line_1_57' title="bbox 2169 1466 3669 1536; baseline 0.002 -20"><span class='ocrx_word' id='word_1_337' title='bbox 2169 1487 2186 1516; x_wconf 79' lang='grc' dir='ltr'><strong>ι</strong></span> <span class='ocrx_word' id='word_1_338' title='bbox 2224 1466 2326 1520; x_wconf 87' lang='lat' dir='ltr'><strong>Sed</strong></span> <span class='ocrx_word' id='word_1_339' title='bbox 2357 1467 2651 1536; x_wconf 64' lang='lat' dir='ltr'><strong>inquinata</strong></span> <span class='ocrx_word' id='word_1_340' title='bbox 2673 1481 2802 1525; x_wconf 91' lang='lat' dir='ltr'><strong>sunt</strong></span> <span class='ocrx_word' id='word_1_341' title='bbox 2829 1482 3016 1525; x_wconf 87' lang='lat' dir='ltr'><strong>eortun</strong></span> <span class='ocrx_word' id='word_1_342' title='bbox 3043 1481 3097 1526; x_wconf 92' lang='lat' dir='ltr'><strong>et</strong></span> <span class='ocrx_word' id='word_1_343' title='bbox 3126 1483 3278 1526; x_wconf 66' lang='lat' dir='ltr'><strong>tinens</strong></span> <span class='ocrx_word' id='word_1_344' title='bbox 3307 1479 3359 1522; x_wconf 92' lang='lat' dir='ltr'><strong>et</strong></span> <span class='ocrx_word' id='word_1_345' title='bbox 3389 1469 3669 1522; x_wconf 78' lang='lat' dir='ltr'><strong>renscicn-</strong></span> 
     </span>
    </p>
   </div>
   <div class='ocr_carea' id='block_1_58' title="bbox 2094 1555 2850 1630">
    <p class='ocr_par' dir='ltr' id='par_1_58' title="bbox 2094 1555 2850 1630">
     <span class='ocr_line' id='line_1_58' title="bbox 2094 1555 2850 1630; baseline 0.009 -23"><span class='ocrx_word' id='word_1_346' title='bbox 2094 1556 2185 1609; x_wconf 87' lang='lat' dir='ltr'><strong>tia.</strong></span> <span class='ocrx_word' id='word_1_347' title='bbox 2225 1575 2242 1607; x_wconf 76' lang='grc' dir='ltr'><strong>ι</strong></span> <span class='ocrx_word' id='word_1_348' title='bbox 2283 1555 2452 1609; x_wconf 82' lang='lat' dir='ltr'><strong>Etiam</strong></span> <span class='ocrx_word' id='word_1_349' title='bbox 2495 1559 2548 1612; x_wconf 93' lang='lat' dir='ltr'><strong>in</strong></span> <span class='ocrx_word' id='word_1_350' title='bbox 2583 1561 2850 1630; x_wconf 85' lang='lat' dir='ltr'><strong>hocipso.</strong></span> 
     </span>
    </p>
   </div>
   <div class='ocr_carea' id='block_1_59' title="bbox 2170 1649 3670 1719">
    <p class='ocr_par' dir='ltr' id='par_1_59' title="bbox 2170 1649 3670 1719">
     <span class='ocr_line' id='line_1_59' title="bbox 2170 1649 3670 1719; baseline 0.001 -20"><span class='ocrx_word' id='word_1_351' title='bbox 2170 1668 2187 1699; x_wconf 74' lang='grc' dir='ltr'><strong>ι</strong></span> <span class='ocrx_word' id='word_1_352' title='bbox 2227 1649 2570 1706; x_wconf 77' lang='lat' dir='ltr'><strong>Confitentur</strong></span> <span class='ocrx_word' id='word_1_353' title='bbox 2603 1668 2660 1707; x_wconf 89' lang='lat' dir='ltr'><strong>se</strong></span> <span class='ocrx_word' id='word_1_354' title='bbox 2699 1666 2862 1708; x_wconf 77' lang='lat' dir='ltr'><strong>nosse</strong></span> <span class='ocrx_word' id='word_1_355' title='bbox 2913 1655 3103 1719; x_wconf 80' lang='lat' dir='ltr'><strong>Deum,</strong></span> <span class='ocrx_word' id='word_1_356' title='bbox 3159 1654 3314 1708; x_wconf 75' lang='lat' dir='ltr'><strong>faelis</strong></span> <span class='ocrx_word' id='word_1_357' title='bbox 3363 1664 3542 1708; x_wconf 87' lang='lat' dir='ltr'><strong>autem</strong></span> <span class='ocrx_word' id='word_1_358' title='bbox 3577 1667 3670 1704; x_wconf 82' lang='lat' dir='ltr'><strong>ne-</strong></span> 
     </span>
    </p>
   </div>
   <div class='ocr_carea' id='block_1_60' title="bbox 2096 1743 3668 1816">
    <p class='ocr_par' dir='ltr' id='par_1_60' title="bbox 2096 1743 3668 1816">
     <span class='ocr_line' id='line_1_60' title="bbox 2096 1743 3668 1816; baseline 0.006 -24"><span class='ocrx_word' id='word_1_359' title='bbox 2096 1753 2245 1810; x_wconf 79' lang='lat' dir='ltr'><strong>gant.</strong></span> <span class='ocrx_word' id='word_1_360' title='bbox 2288 1763 2304 1794; x_wconf 82' lang='grc' dir='ltr'><strong>ι</strong></span> <span class='ocrx_word' id='word_1_361' title='bbox 2347 1743 2416 1797; x_wconf 90' lang='lat' dir='ltr'><strong>Se</strong></span> <span class='ocrx_word' id='word_1_362' title='bbox 2453 1747 2654 1800; x_wconf 78' lang='lat' dir='ltr'><strong>melius</strong></span> <span class='ocrx_word' id='word_1_363' title='bbox 2702 1747 2978 1802; x_wconf 75' lang='lat' dir='ltr'><strong>Christum</strong></span> <span class='ocrx_word' id='word_1_364' title='bbox 3023 1749 3212 1802; x_wconf 87' lang='lat' dir='ltr'><strong>dictml</strong></span> <span class='ocrx_word' id='word_1_365' title='bbox 3245 1764 3408 1803; x_wconf 89' lang='lat' dir='ltr'><strong>nosse</strong></span> <span class='ocrx_word' id='word_1_366' title='bbox 3456 1760 3513 1802; x_wconf 91' lang='lat' dir='ltr'><strong>ut</strong></span> <span class='ocrx_word' id='word_1_367' title='bbox 3550 1746 3668 1816; x_wconf 75' lang='lat' dir='ltr'><strong>lege</strong></span> 
     </span>
    </p>
   </div>
   <div class='ocr_carea' id='block_1_61' title="bbox 2095 1836 3659 1912">
    <p class='ocr_par' dir='ltr' id='par_1_61' title="bbox 2095 1836 3659 1912">
     <span class='ocr_line' id='line_1_61' title="bbox 2095 1836 3659 1912; baseline 0.006 -27"><span class='ocrx_word' id='word_1_368' title='bbox 2095 1836 2420 1902; x_wconf 87' lang='lat' dir='ltr'><strong>promissum</strong></span> <span class='ocrx_word' id='word_1_369' title='bbox 2459 1856 2470 1891; x_wconf 94' lang='lat'>:</span> <span class='ocrx_word' id='word_1_370' title='bbox 2513 1841 2606 1893; x_wconf 88' lang='lat' dir='ltr'><strong>sed</strong></span> <span class='ocrx_word' id='word_1_371' title='bbox 2641 1839 2825 1906; x_wconf 84' lang='lat' dir='ltr'><strong>factis,</strong></span> <span class='ocrx_word' id='word_1_372' title='bbox 2885 1841 3005 1911; x_wconf 83' lang='lat' dir='ltr'><strong>ejus</strong></span> <span class='ocrx_word' id='word_1_373' title='bbox 3058 1841 3347 1897; x_wconf 81' lang='lat' dir='ltr'><strong>adventura</strong></span> <span class='ocrx_word' id='word_1_374' title='bbox 3407 1852 3605 1912; x_wconf 79' lang='lat' dir='ltr'><strong>negant</strong></span> <span class='ocrx_word' id='word_1_375' title='bbox 3645 1855 3659 1894; x_wconf 85' lang='lat'><strong>:</strong></span> 
     </span>
    </p>
   </div>
   <div class='ocr_carea' id='block_1_62' title="bbox 2095 1932 3665 2004">
    <p class='ocr_par' dir='ltr' id='par_1_62' title="bbox 2095 1932 3665 2004">
     <span class='ocr_line' id='line_1_62' title="bbox 2095 1932 3665 2004; baseline 0.003 -22"><span class='ocrx_word' id='word_1_376' title='bbox 2095 1943 2218 1982; x_wconf 88' lang='lat' dir='ltr'><strong>cum</strong></span> <span class='ocrx_word' id='word_1_377' title='bbox 2278 1945 2337 1982; x_wconf 87' lang='lat' dir='ltr'><strong>se</strong></span> <span class='ocrx_word' id='word_1_378' title='bbox 2385 1933 2499 1985; x_wconf 90' lang='lat' dir='ltr'><strong>sine</strong></span> <span class='ocrx_word' id='word_1_379' title='bbox 2553 1932 2685 2002; x_wconf 79' lang='lat' dir='ltr'><strong>legis</strong></span> <span class='ocrx_word' id='word_1_380' title='bbox 2725 1935 2930 1988; x_wconf 84' lang='lat' dir='ltr'><strong>auxilio</strong></span> <span class='ocrx_word' id='word_1_381' title='bbox 2976 1945 3164 2002; x_wconf 84' lang='lat' dir='ltr'><strong>putant</strong></span> <span class='ocrx_word' id='word_1_382' title='bbox 3217 1935 3508 2004; x_wconf 74' lang='lat' dir='ltr'><strong>iustificari</strong></span> <span class='ocrx_word' id='word_1_383' title='bbox 3560 1951 3665 1988; x_wconf 87' lang='lat' dir='ltr'><strong>non</strong></span> 
     </span>
    </p>
   </div>
   <div class='ocr_carea' id='block_1_63' title="bbox 2095 2033 2271 2086">
    <p class='ocr_par' dir='ltr' id='par_1_63' title="bbox 2095 2033 2271 2086">
     <span class='ocr_line' id='line_1_63' title="bbox 2095 2033 2271 2086; baseline 0.017 -16"><span class='ocrx_word' id='word_1_384' title='bbox 2095 2033 2271 2086; x_wconf 85' lang='lat' dir='ltr'><strong>posse.</strong></span> 
     </span>
    </p>
   </div>
   <div class='ocr_carea' id='block_1_64' title="bbox 2175 2113 3664 2177">
    <p class='ocr_par' dir='ltr' id='par_1_64' title="bbox 2175 2113 3664 2177">
     <span class='ocr_line' id='line_1_64' title="bbox 2175 2113 3664 2177; baseline 0.005 -12"><span class='ocrx_word' id='word_1_385' title='bbox 2175 2133 2192 2165; x_wconf 74' lang='grc' dir='ltr'><strong>ι</strong></span> <span class='ocrx_word' id='word_1_386' title='bbox 2226 2114 2360 2167; x_wconf 89' lang='lat' dir='ltr'><strong>Cum</strong></span> <span class='ocrx_word' id='word_1_387' title='bbox 2383 2118 2490 2170; x_wconf 92' lang='lat' dir='ltr'><strong>sint</strong></span> <span class='ocrx_word' id='word_1_388' title='bbox 2525 2113 2816 2172; x_wconf 76' lang='lat' dir='ltr'><strong>abominati</strong></span> <span class='ocrx_word' id='word_1_389' title='bbox 2849 2130 2902 2174; x_wconf 90' lang='lat' dir='ltr'><strong>et</strong></span> <span class='ocrx_word' id='word_1_390' title='bbox 2943 2117 3305 2177; x_wconf 87' lang='lat' dir='ltr'><strong>incredibiles.</strong></span> <span class='ocrx_word' id='word_1_391' title='bbox 3330 2130 3383 2174; x_wconf 85' lang='lat' dir='ltr'><strong>et</strong></span> <span class='ocrx_word' id='word_1_392' title='bbox 3416 2122 3482 2173; x_wconf 88' lang='lat' dir='ltr'><strong>ad</strong></span> <span class='ocrx_word' id='word_1_393' title='bbox 3503 2133 3664 2174; x_wconf 82' lang='lat' dir='ltr'><strong>mune</strong></span> 
     </span>
    </p>
   </div>
   <div class='ocr_carea' id='block_1_65' title="bbox 2095 2207 3665 2282">
    <p class='ocr_par' dir='ltr' id='par_1_65' title="bbox 2095 2207 3665 2282">
     <span class='ocr_line' id='line_1_65' title="bbox 2095 2207 3665 2282; baseline 0.004 -24"><span class='ocrx_word' id='word_1_394' title='bbox 2095 2221 2227 2273; x_wconf 88' lang='lat' dir='ltr'><strong>opus</strong></span> <span class='ocrx_word' id='word_1_395' title='bbox 2251 2207 2452 2262; x_wconf 89' lang='lat' dir='ltr'><strong>bonum</strong></span> <span class='ocrx_word' id='word_1_396' title='bbox 2488 2211 2725 2279; x_wconf 83' lang='lat' dir='ltr'><strong>reprobi.</strong></span> <span class='ocrx_word' id='word_1_397' title='bbox 2756 2230 2774 2263; x_wconf 74' lang='grc' dir='ltr'><strong>ι</strong></span> <span class='ocrx_word' id='word_1_398' title='bbox 2809 2212 2866 2266; x_wconf 85' lang='lat' dir='ltr'><strong>In</strong></span> <span class='ocrx_word' id='word_1_399' title='bbox 2897 2213 3007 2266; x_wconf 88' lang='lat' dir='ltr'><strong>sola</strong></span> <span class='ocrx_word' id='word_1_400' title='bbox 3039 2212 3383 2266; x_wconf 85' lang='lat' dir='ltr'><strong>confessione</strong></span> <span class='ocrx_word' id='word_1_401' title='bbox 3411 2212 3540 2282; x_wconf 81' lang='lat' dir='ltr'><strong>legis</strong></span> <span class='ocrx_word' id='word_1_402' title='bbox 3578 2229 3665 2265; x_wconf 79' lang='lat' dir='ltr'><strong>re-</strong></span> 
     </span>
    </p>
   </div>
   <div class='ocr_carea' id='block_1_66' title="bbox 2093 2299 3662 2370">
    <p class='ocr_par' dir='ltr' id='par_1_66' title="bbox 2093 2299 3662 2370">
     <span class='ocr_line' id='line_1_66' title="bbox 2093 2299 3662 2370; baseline 0.004 -19"><span class='ocrx_word' id='word_1_403' title='bbox 2093 2299 2398 2367; x_wconf 84' lang='lat' dir='ltr'><strong>ligiosiores</strong></span> <span class='ocrx_word' id='word_1_404' title='bbox 2431 2318 2488 2355; x_wconf 84' lang='lat' dir='ltr'><strong>se</strong></span> <span class='ocrx_word' id='word_1_405' title='bbox 2549 2305 2755 2368; x_wconf 91' lang='lat' dir='ltr'><strong>dicunt,</strong></span> <span class='ocrx_word' id='word_1_406' title='bbox 2814 2319 2934 2359; x_wconf 83' lang='lat' dir='ltr'><strong>cum</strong></span> <span class='ocrx_word' id='word_1_407' title='bbox 2993 2303 3078 2358; x_wconf 91' lang='lat' dir='ltr'><strong>illa</strong></span> <span class='ocrx_word' id='word_1_408' title='bbox 3139 2322 3241 2358; x_wconf 91' lang='lat' dir='ltr'><strong>non</strong></span> <span class='ocrx_word' id='word_1_409' title='bbox 3279 2303 3498 2370; x_wconf 84' lang='lat' dir='ltr'><strong>faciant,</strong></span> <span class='ocrx_word' id='word_1_410' title='bbox 3542 2319 3662 2369; x_wconf 74' lang='lat' dir='ltr'><strong>quze</strong></span> 
     </span>
    </p>
   </div>
   <div class='ocr_carea' id='block_1_67' title="bbox 2095 2403 2434 2462">
    <p class='ocr_par' dir='ltr' id='par_1_67' title="bbox 2095 2403 2434 2462">
     <span class='ocr_line' id='line_1_67' title="bbox 2095 2403 2434 2462; baseline 0 -15"><span class='ocrx_word' id='word_1_411' title='bbox 2095 2403 2434 2462; x_wconf 62' lang='lat' dir='ltr'><strong>quaeruntur.</strong></span> 
     </span>
    </p>
   </div>
   <div class='ocr_carea' id='block_1_68' title="bbox 2714 2507 3033 2564">
    <p class='ocr_par' dir='ltr' id='par_1_68' title="bbox 2714 2507 3033 2564">
     <span class='ocr_line' id='line_1_68' title="bbox 2714 2507 3033 2564; baseline 0 0"><span class='ocrx_word' id='word_1_412' title='bbox 2714 2507 2942 2564; x_wconf 64' lang='lat' dir='ltr'><strong>CAPUT</strong></span> <span class='ocrx_word' id='word_1_413' title='bbox 2965 2507 3033 2564; x_wconf 88' lang='lat' dir='ltr'><strong>ll.</strong></span> 
     </span>
    </p>
   </div>
   <div class='ocr_carea' id='block_1_69' title="bbox 2173 2641 3666 2712">
    <p class='ocr_par' dir='ltr' id='par_1_69' title="bbox 2173 2641 3666 2712">
     <span class='ocr_line' id='line_1_69' title="bbox 2173 2641 3666 2712; baseline -0.001 -17"><span class='ocrx_word' id='word_1_414' title='bbox 2173 2659 2188 2695; x_wconf 85' lang='grc' dir='ltr'><strong>ι</strong></span> <span class='ocrx_word' id='word_1_415' title='bbox 2225 2641 2306 2698; x_wconf 86' lang='grc' dir='ltr'>Τιι</span> <span class='ocrx_word' id='word_1_416' title='bbox 2353 2653 2531 2696; x_wconf 82' lang='lat' dir='ltr'><strong>autem</strong></span> <span class='ocrx_word' id='word_1_417' title='bbox 2589 2643 2810 2712; x_wconf 79' lang='lat' dir='ltr'><strong>loquere</strong></span> <span class='ocrx_word' id='word_1_418' title='bbox 2852 2659 2972 2712; x_wconf 79' lang='lat' dir='ltr'><strong>qua:</strong></span> <span class='ocrx_word' id='word_1_419' title='bbox 3003 2644 3196 2698; x_wconf 88' lang='lat' dir='ltr'><strong>deccut</strong></span> <span class='ocrx_word' id='word_1_420' title='bbox 3241 2659 3426 2698; x_wconf 79' lang='lat' dir='ltr'><strong>sanam</strong></span> <span class='ocrx_word' id='word_1_421' title='bbox 3462 2641 3666 2697; x_wconf 66' lang='lat' dir='ltr'><strong>doctri.</strong></span> 
     </span>
    </p>
   </div>
   <div class='ocr_carea' id='block_1_70' title="bbox 2093 2733 3296 2804">
    <p class='ocr_par' dir='ltr' id='par_1_70' title="bbox 2093 2733 3296 2804">
     <span class='ocr_line' id='line_1_70' title="bbox 2093 2733 3296 2804; baseline 0.001 -17"><span class='ocrx_word' id='word_1_422' title='bbox 2093 2749 2237 2788; x_wconf 88' lang='lat' dir='ltr'><strong>nam.</strong></span> <span class='ocrx_word' id='word_1_423' title='bbox 2268 2753 2286 2783; x_wconf 75' lang='grc' dir='ltr'><strong>ι</strong></span> <span class='ocrx_word' id='word_1_424' title='bbox 2323 2733 2454 2800; x_wconf 76' lang='lat' dir='ltr'><strong>Quae</strong></span> <span class='ocrx_word' id='word_1_425' title='bbox 2487 2734 2552 2787; x_wconf 89' lang='lat' dir='ltr'><strong>ad</strong></span> <span class='ocrx_word' id='word_1_426' title='bbox 2580 2736 2739 2788; x_wconf 88' lang='lat' dir='ltr'><strong>vitam</strong></span> <span class='ocrx_word' id='word_1_427' title='bbox 2772 2738 3046 2804; x_wconf 89' lang='lat' dir='ltr'><strong>pertinent</strong></span> <span class='ocrx_word' id='word_1_428' title='bbox 3071 2735 3296 2789; x_wconf 78' lang='lat' dir='ltr'><strong>Christi.</strong></span> 
     </span>
    </p>
   </div>
   <div class='ocr_carea' id='block_1_71' title="bbox 2169 2825 3659 2891">
    <p class='ocr_par' dir='ltr' id='par_1_71' title="bbox 2169 2825 3659 2891">
     <span class='ocr_line' id='line_1_71' title="bbox 2169 2825 3659 2891; baseline -0.003 -11"><span class='ocrx_word' id='word_1_429' title='bbox 2169 2845 2186 2877; x_wconf 78' lang='grc' dir='ltr'><strong>ι</strong></span> <span class='ocrx_word' id='word_1_430' title='bbox 2224 2826 2412 2888; x_wconf 85' lang='lat' dir='ltr'><strong>Senes,</strong></span> <span class='ocrx_word' id='word_1_431' title='bbox 2449 2835 2505 2878; x_wconf 89' lang='lat' dir='ltr'><strong>ut</strong></span> <span class='ocrx_word' id='word_1_432' title='bbox 2560 2827 2725 2880; x_wconf 87' lang='lat' dir='ltr'><strong>sobrii</strong></span> <span class='ocrx_word' id='word_1_433' title='bbox 2758 2827 2888 2889; x_wconf 91' lang='lat' dir='ltr'><strong>sint,</strong></span> <span class='ocrx_word' id='word_1_434' title='bbox 2929 2825 3130 2890; x_wconf 89' lang='lat' dir='ltr'><strong>pudici,</strong></span> <span class='ocrx_word' id='word_1_435' title='bbox 3184 2825 3496 2891; x_wconf 85' lang='lat' dir='ltr'><strong>prudentes,</strong></span> <span class='ocrx_word' id='word_1_436' title='bbox 3545 2825 3659 2876; x_wconf 75' lang='lat' dir='ltr'><strong>sani</strong></span> 
     </span>
    </p>
   </div>
   <div class='ocr_carea' id='block_1_72' title="bbox 2095 2915 3662 2982">
    <p class='ocr_par' dir='ltr' id='par_1_72' title="bbox 2095 2915 3662 2982">
     <span class='ocr_line' id='line_1_72' title="bbox 2095 2915 3662 2982; baseline -0.001 -11"><span class='ocrx_word' id='word_1_437' title='bbox 2095 2922 2147 2971; x_wconf 84' lang='lat' dir='ltr'><strong>in</strong></span> <span class='ocrx_word' id='word_1_438' title='bbox 2176 2919 2296 2975; x_wconf 82' lang='lat' dir='ltr'><strong>litle.</strong></span> <span class='ocrx_word' id='word_1_439' title='bbox 2325 2919 2376 2970; x_wconf 88' lang='lat' dir='ltr'><strong>in</strong></span> <span class='ocrx_word' id='word_1_440' title='bbox 2408 2919 2721 2980; x_wconf 83' lang='lat' dir='ltr'><strong>dilectione,</strong></span> <span class='ocrx_word' id='word_1_441' title='bbox 2757 2919 2809 2969; x_wconf 89' lang='lat' dir='ltr'><strong>in</strong></span> <span class='ocrx_word' id='word_1_442' title='bbox 2845 2918 3120 2982; x_wconf 76' lang='lat' dir='ltr'><strong>patientia.</strong></span> <span class='ocrx_word' id='word_1_443' title='bbox 3151 2935 3168 2966; x_wconf 75' lang='grc' dir='ltr'><strong>ι</strong></span> <span class='ocrx_word' id='word_1_444' title='bbox 3199 2915 3294 2968; x_wconf 90' lang='lat' dir='ltr'><strong>Hic</strong></span> <span class='ocrx_word' id='word_1_445' title='bbox 3316 2931 3474 2970; x_wconf 72' lang='lat' dir='ltr'><strong>SI&#39;IIPS</strong></span> <span class='ocrx_word' id='word_1_446' title='bbox 3505 2925 3662 2970; x_wconf 62' lang='grc' dir='ltr'>πίειιο</span> 
     </span>
    </p>
   </div>
   <div class='ocr_carea' id='block_1_73' title="bbox 2093 3007 3658 3078">
    <p class='ocr_par' dir='ltr' id='par_1_73' title="bbox 2093 3007 3658 3078">
     <span class='ocr_line' id='line_1_73' title="bbox 2093 3007 3658 3078; baseline -0.003 -14"><span class='ocrx_word' id='word_1_447' title='bbox 2093 3022 2147 3064; x_wconf 89' lang='lat' dir='ltr'><strong>et</strong></span> <span class='ocrx_word' id='word_1_448' title='bbox 2208 3010 2400 3064; x_wconf 88' lang='lat' dir='ltr'><strong>ordine</strong></span> <span class='ocrx_word' id='word_1_449' title='bbox 2463 3019 2692 3078; x_wconf 88' lang='lat' dir='ltr'><strong>possunt</strong></span> <span class='ocrx_word' id='word_1_450' title='bbox 2760 3009 3026 3075; x_wconf 82' lang='lat' dir='ltr'><strong>intelligi,</strong></span> <span class='ocrx_word' id='word_1_451' title='bbox 3070 3007 3326 3062; x_wconf 70' lang='lat' dir='ltr'><strong>Ecclesia:</strong></span> <span class='ocrx_word' id='word_1_452' title='bbox 3387 3007 3658 3076; x_wconf 68' lang='lat' dir='ltr'><strong>praecipue</strong></span> 
     </span>
    </p>
   </div>
   <div class='ocr_carea' id='block_1_74' title="bbox 2087 3099 3664 3168">
    <p class='ocr_par' dir='ltr' id='par_1_74' title="bbox 2087 3099 3664 3168">
     <span class='ocr_line' id='line_1_74' title="bbox 2087 3099 3664 3168; baseline -0.003 -14"><span class='ocrx_word' id='word_1_453' title='bbox 2087 3101 2351 3161; x_wconf 84' lang='lat' dir='ltr'><strong>seniores,</strong></span> <span class='ocrx_word' id='word_1_454' title='bbox 2382 3100 2578 3168; x_wconf 88' lang='lat' dir='ltr'><strong>quibus</strong></span> <span class='ocrx_word' id='word_1_455' title='bbox 2606 3099 2861 3153; x_wconf 74' lang='lat' dir='ltr'><strong>ommbus</strong></span> <span class='ocrx_word' id='word_1_456' title='bbox 2895 3099 3121 3152; x_wconf 88' lang='lat' dir='ltr'><strong>formam</strong></span> <span class='ocrx_word' id='word_1_457' title='bbox 3166 3099 3406 3167; x_wconf 64' lang='lat' dir='ltr'><strong>praebere</strong></span> <span class='ocrx_word' id='word_1_458' title='bbox 3444 3111 3664 3150; x_wconf 84' lang='lat' dir='ltr'><strong>necesse</strong></span> 
     </span>
    </p>
   </div>
   <div class='ocr_carea' id='block_1_75' title="bbox 2120 3206 2190 3248">
    <p class='ocr_par' dir='ltr' id='par_1_75' title="bbox 2120 3206 2190 3248">
     <span class='ocr_line' id='line_1_75' title="bbox 2120 3206 2190 3248; baseline 0 -1"><span class='ocrx_word' id='word_1_459' title='bbox 2120 3206 2190 3248; x_wconf 84' lang='lat' dir='ltr'><strong>Sl.</strong></span> 
     </span>
    </p>
   </div>
   <div class='ocr_carea' id='block_1_76' title="bbox 2161 3284 3663 3354">
    <p class='ocr_par' dir='ltr' id='par_1_76' title="bbox 2161 3284 3663 3354">
     <span class='ocr_line' id='line_1_76' title="bbox 2161 3284 3663 3354; baseline -0.002 -15"><span class='ocrx_word' id='word_1_460' title='bbox 2161 3308 2180 3339; x_wconf 73' lang='grc' dir='ltr'><strong>ι</strong></span> <span class='ocrx_word' id='word_1_461' title='bbox 2223 3291 2371 3341; x_wconf 78' lang='lat' dir='ltr'><strong>Anus</strong></span> <span class='ocrx_word' id='word_1_462' title='bbox 2398 3287 2665 3342; x_wconf 85' lang='lat' dir='ltr'><strong>similiter.</strong></span> <span class='ocrx_word' id='word_1_463' title='bbox 2711 3307 2730 3338; x_wconf 67' lang='grc' dir='ltr'><strong>ι</strong></span> <span class='ocrx_word' id='word_1_464' title='bbox 2767 3287 2894 3352; x_wconf 68' lang='lat' dir='ltr'><strong>Quae</strong></span> <span class='ocrx_word' id='word_1_465' title='bbox 2948 3285 3014 3340; x_wconf 88' lang='lat' dir='ltr'><strong>ad</strong></span> <span class='ocrx_word' id='word_1_466' title='bbox 3052 3285 3274 3338; x_wconf 86' lang='lat' dir='ltr'><strong>aliarum</strong></span> <span class='ocrx_word' id='word_1_467' title='bbox 3321 3284 3663 3354; x_wconf 65' lang='lat' dir='ltr'><strong>eligi-bantur</strong></span> 
     </span>
    </p>
   </div>
   <div class='ocr_carea' id='block_1_77' title="bbox 2082 3381 2410 3448">
    <p class='ocr_par' dir='ltr' id='par_1_77' title="bbox 2082 3381 2410 3448">
     <span class='ocr_line' id='line_1_77' title="bbox 2082 3381 2410 3448; baseline 0.006 -16"><span class='ocrx_word' id='word_1_468' title='bbox 2082 3381 2410 3448; x_wconf 85' lang='lat' dir='ltr'><strong>exemplum.</strong></span> 
     </span>
    </p>
   </div>
   <div class='ocr_carea' id='block_1_78' title="bbox 2158 3469 3665 3528">
    <p class='ocr_par' dir='ltr' id='par_1_78' title="bbox 2158 3469 3665 3528">
     <span class='ocr_line' id='line_1_78' title="bbox 2158 3469 3665 3528; baseline 0 -6"><span class='ocrx_word' id='word_1_469' title='bbox 2158 3492 2175 3522; x_wconf 82' lang='grc'><strong><em>‹</em></strong></span> <span class='ocrx_word' id='word_1_470' title='bbox 2219 3474 2272 3526; x_wconf 94' lang='lat' dir='ltr'><strong>ln</strong></span> <span class='ocrx_word' id='word_1_471' title='bbox 2299 3475 2483 3527; x_wconf 89' lang='lat' dir='ltr'><strong>habitu</strong></span> <span class='ocrx_word' id='word_1_472' title='bbox 2513 3484 2702 3528; x_wconf 82' lang='lat' dir='ltr'><strong>sancto</strong></span> <span class='ocrx_word' id='word_1_473' title='bbox 2731 3489 2745 3525; x_wconf 89' lang='lat'><strong>:</strong></span> <span class='ocrx_word' id='word_1_474' title='bbox 2786 3488 2890 3526; x_wconf 88' lang='lat' dir='ltr'><strong>non</strong></span> <span class='ocrx_word' id='word_1_475' title='bbox 2921 3473 3342 3527; x_wconf 86' lang='lat' dir='ltr'><strong>crimiuatrices.</strong></span> <span class='ocrx_word' id='word_1_476' title='bbox 3380 3489 3398 3522; x_wconf 77' lang='grc' dir='ltr'><strong>ι</strong></span> <span class='ocrx_word' id='word_1_477' title='bbox 3436 3469 3665 3522; x_wconf 82' lang='lat' dir='ltr'><strong>Habitus</strong></span> 
     </span>
    </p>
   </div>
   <div class='ocr_carea' id='block_1_79' title="bbox 2083 3562 3659 3632">
    <p class='ocr_par' dir='ltr' id='par_1_79' title="bbox 2083 3562 3659 3632">
     <span class='ocr_line' id='line_1_79' title="bbox 2083 3562 3659 3632; baseline -0.002 -15"><span class='ocrx_word' id='word_1_478' title='bbox 2083 3566 2226 3618; x_wconf 80' lang='lat' dir='ltr'><strong>enim</strong></span> <span class='ocrx_word' id='word_1_479' title='bbox 2255 3580 2362 3618; x_wconf 81' lang='lat' dir='ltr'><strong>non</strong></span> <span class='ocrx_word' id='word_1_480' title='bbox 2396 3575 2622 3619; x_wconf 86' lang='lat' dir='ltr'><strong>sanctus</strong></span> <span class='ocrx_word' id='word_1_481' title='bbox 2650 3575 2757 3626; x_wconf 89' lang='lat' dir='ltr'><strong>est.</strong></span> <span class='ocrx_word' id='word_1_482' title='bbox 2807 3565 2872 3618; x_wconf 88' lang='lat' dir='ltr'><strong>de</strong></span> <span class='ocrx_word' id='word_1_483' title='bbox 2903 3579 3009 3632; x_wconf 90' lang='lat' dir='ltr'><strong>quo</strong></span> <span class='ocrx_word' id='word_1_484' title='bbox 3040 3565 3164 3617; x_wconf 86' lang='lat' dir='ltr'><strong>alibi</strong></span> <span class='ocrx_word' id='word_1_485' title='bbox 3195 3565 3323 3618; x_wconf 90' lang='lat' dir='ltr'><strong>dicit</strong></span> <span class='ocrx_word' id='word_1_486' title='bbox 3353 3583 3366 3618; x_wconf 87' lang='lat'><strong>:</strong></span> <span class='ocrx_word' id='word_1_487' title='bbox 3397 3562 3519 3616; x_wconf 84' lang='lat' dir='ltr'><strong>Non</strong></span> <span class='ocrx_word' id='word_1_488' title='bbox 3550 3573 3659 3616; x_wconf 70' lang='grc' dir='ltr'><strong>ιον·</strong></span> 
     </span>
    </p>
   </div>
   <div class='ocr_carea' id='block_1_80' title="bbox 2083 3655 3215 3725">
    <p class='ocr_par' dir='ltr' id='par_1_80' title="bbox 2083 3655 3215 3725">
     <span class='ocr_line' id='line_1_80' title="bbox 2083 3655 3215 3725; baseline 0.002 -19"><span class='ocrx_word' id='word_1_489' title='bbox 2083 3656 2151 3709; x_wconf 79' lang='lat' dir='ltr'><strong>tis</strong></span> <span class='ocrx_word' id='word_1_490' title='bbox 2186 3655 2441 3719; x_wconf 74' lang='lat' dir='ltr'><strong>crinibus,</strong></span> <span class='ocrx_word' id='word_1_491' title='bbox 2466 3667 2518 3708; x_wconf 90' lang='lat' dir='ltr'><strong>et</strong></span> <span class='ocrx_word' id='word_1_492' title='bbox 2551 3656 2756 3724; x_wconf 91' lang='lat' dir='ltr'><strong>reliqua</strong></span> <span class='ocrx_word' id='word_1_493' title='bbox 2791 3655 2845 3725; x_wconf 79' lang='grc' dir='ltr'><strong>(Ι</strong></span> <span class='ocrx_word' id='word_1_494' title='bbox 2880 3655 3014 3710; x_wconf 80' lang='lat' dir='ltr'><strong>Tim.</strong></span> <span class='ocrx_word' id='word_1_495' title='bbox 3047 3671 3108 3718; x_wconf 90' lang='lat' dir='ltr'><strong>tt,</strong></span> <span class='ocrx_word' id='word_1_496' title='bbox 3139 3655 3215 3718; x_wconf 82' lang='lat'><strong>9).</strong></span> 
     </span>
    </p>
   </div>
   <div class='ocr_carea' id='block_1_81' title="bbox 2161 3746 3665 3816">
    <p class='ocr_par' dir='ltr' id='par_1_81' title="bbox 2161 3746 3665 3816">
     <span class='ocr_line' id='line_1_81' title="bbox 2161 3746 3665 3816; baseline 0.001 -18"><span class='ocrx_word' id='word_1_497' title='bbox 2161 3767 2176 3798; x_wconf 78' lang='grc' dir='ltr'><strong>ι</strong></span> <span class='ocrx_word' id='word_1_498' title='bbox 2225 3746 2339 3802; x_wconf 83' lang='lat' dir='ltr'><strong>Non</strong></span> <span class='ocrx_word' id='word_1_499' title='bbox 2395 3747 2563 3802; x_wconf 84' lang='lat' dir='ltr'><strong>multo</strong></span> <span class='ocrx_word' id='word_1_500' title='bbox 2599 3748 2724 3802; x_wconf 85' lang='lat' dir='ltr'><strong>vino</strong></span> <span class='ocrx_word' id='word_1_501' title='bbox 2759 3750 3085 3802; x_wconf 84' lang='lat' dir='ltr'><strong>servientes.</strong></span> <span class='ocrx_word' id='word_1_502' title='bbox 3130 3765 3148 3797; x_wconf 77' lang='grc' dir='ltr'><strong>ι</strong></span> <span class='ocrx_word' id='word_1_503' title='bbox 3186 3746 3292 3802; x_wconf 87' lang='lat' dir='ltr'><strong>Sed</strong></span> <span class='ocrx_word' id='word_1_504' title='bbox 3320 3747 3485 3816; x_wconf 80' lang='lat' dir='ltr'><strong>parvo</strong></span> <span class='ocrx_word' id='word_1_505' title='bbox 3508 3755 3665 3802; x_wconf 83' lang='lat' dir='ltr'><strong>uten-</strong></span> 
     </span>
    </p>
   </div>
   <div class='ocr_carea' id='block_1_82' title="bbox 2083 3848 2187 3893">
    <p class='ocr_par' dir='ltr' id='par_1_82' title="bbox 2083 3848 2187 3893">
     <span class='ocr_line' id='line_1_82' title="bbox 2083 3848 2187 3893; baseline -0.019 -1"><span class='ocrx_word' id='word_1_506' title='bbox 2083 3848 2187 3893; x_wconf 89' lang='lat' dir='ltr'><strong>tes.</strong></span> 
     </span>
    </p>
   </div>
   <div class='ocr_carea' id='block_1_83' title="bbox 2159 3929 3662 4000">
    <p class='ocr_par' dir='ltr' id='par_1_83' title="bbox 2159 3929 3662 4000">
     <span class='ocr_line' id='line_1_83' title="bbox 2159 3929 3662 4000; baseline 0.002 -19"><span class='ocrx_word' id='word_1_507' title='bbox 2159 3948 2179 3981; x_wconf 70' lang='grc' dir='ltr'><strong><em>ο</em></strong></span> <span class='ocrx_word' id='word_1_508' title='bbox 2221 3930 2365 3986; x_wconf 83' lang='lat' dir='ltr'><strong>Bene</strong></span> <span class='ocrx_word' id='word_1_509' title='bbox 2401 3931 2684 3994; x_wconf 84' lang='lat' dir='ltr'><strong>ducentes,</strong></span> <span class='ocrx_word' id='word_1_510' title='bbox 2738 3940 2797 3984; x_wconf 90' lang='grc' dir='ltr'><strong>ιιι</strong></span> <span class='ocrx_word' id='word_1_511' title='bbox 2846 3929 3190 4000; x_wconf 89' lang='lat' dir='ltr'><strong>prudentiam</strong></span> <span class='ocrx_word' id='word_1_512' title='bbox 3225 3933 3470 3985; x_wconf 88' lang='lat' dir='ltr'><strong>doceant.</strong></span> <span class='ocrx_word' id='word_1_513' title='bbox 3510 3948 3528 3981; x_wconf 73' lang='grc' dir='ltr'><strong>ι</strong></span> <span class='ocrx_word' id='word_1_514' title='bbox 3560 3929 3662 3984; x_wconf 80' lang='lat' dir='ltr'><strong>Do-</strong></span> 
     </span>
    </p>
   </div>
   <div class='ocr_carea' id='block_1_84' title="bbox 2084 4021 3655 4092">
    <p class='ocr_par' dir='ltr' id='par_1_84' title="bbox 2084 4021 3655 4092">
     <span class='ocr_line' id='line_1_84' title="bbox 2084 4021 3655 4092; baseline -0.001 -18"><span class='ocrx_word' id='word_1_515' title='bbox 2084 4037 2207 4076; x_wconf 81' lang='lat' dir='ltr'><strong>cere</strong></span> <span class='ocrx_word' id='word_1_516' title='bbox 2236 4023 2340 4078; x_wconf 92' lang='lat' dir='ltr'><strong>illis</strong></span> <span class='ocrx_word' id='word_1_517' title='bbox 2365 4025 2629 4092; x_wconf 79' lang='lat' dir='ltr'><strong>permisit,</strong></span> <span class='ocrx_word' id='word_1_518' title='bbox 2671 4025 2762 4079; x_wconf 84' lang='lat' dir='ltr'><strong>sed</strong></span> <span class='ocrx_word' id='word_1_519' title='bbox 2796 4023 3023 4080; x_wconf 83' lang='lat' dir='ltr'><strong>feminas</strong></span> <span class='ocrx_word' id='word_1_520' title='bbox 3059 4040 3073 4076; x_wconf 89' lang='lat'><strong>:</strong></span> <span class='ocrx_word' id='word_1_521' title='bbox 3100 4033 3154 4077; x_wconf 91' lang='lat' dir='ltr'><strong>et</strong></span> <span class='ocrx_word' id='word_1_522' title='bbox 3178 4023 3278 4076; x_wconf 87' lang='lat' dir='ltr'><strong>hoc</strong></span> <span class='ocrx_word' id='word_1_523' title='bbox 3311 4037 3414 4074; x_wconf 85' lang='lat' dir='ltr'><strong>non</strong></span> <span class='ocrx_word' id='word_1_524' title='bbox 3446 4023 3498 4076; x_wconf 92' lang='lat' dir='ltr'><strong>in</strong></span> <span class='ocrx_word' id='word_1_525' title='bbox 3549 4021 3655 4075; x_wconf 82' lang='lat' dir='ltr'><strong>Ec.-</strong></span> 
     </span>
    </p>
   </div>
   <div class='ocr_carea' id='block_1_85' title="bbox 2085 4113 2706 4183">
    <p class='ocr_par' dir='ltr' id='par_1_85' title="bbox 2085 4113 2706 4183">
     <span class='ocr_line' id='line_1_85' title="bbox 2085 4113 2706 4183; baseline 0.006 -17"><span class='ocrx_word' id='word_1_526' title='bbox 2085 4113 2273 4180; x_wconf 85' lang='lat' dir='ltr'><strong>clesia,</strong></span> <span class='ocrx_word' id='word_1_527' title='bbox 2302 4118 2394 4170; x_wconf 89' lang='lat' dir='ltr'><strong>sed</strong></span> <span class='ocrx_word' id='word_1_528' title='bbox 2425 4117 2706 4183; x_wconf 87' lang='lat' dir='ltr'><strong>privatim.</strong></span> 
     </span>
    </p>
   </div>
   <div class='ocr_carea' id='block_1_86' title="bbox 2159 4205 3660 4268">
    <p class='ocr_par' dir='ltr' id='par_1_86' title="bbox 2159 4205 3660 4268">
     <span class='ocr_line' id='line_1_86' title="bbox 2159 4205 3660 4268; baseline -0.003 -8"><span class='ocrx_word' id='word_1_529' title='bbox 2159 4229 2176 4260; x_wconf 82' lang='lat' dir='ltr'><strong>r</strong></span> <span class='ocrx_word' id='word_1_530' title='bbox 2223 4208 2687 4267; x_wconf 68' lang='lat' dir='ltr'><strong>Adolesmntulas.</strong></span> <span class='ocrx_word' id='word_1_531' title='bbox 2745 4217 2802 4260; x_wconf 94' lang='lat' dir='ltr'><strong>ut</strong></span> <span class='ocrx_word' id='word_1_532' title='bbox 2854 4208 2998 4259; x_wconf 69' lang='lat' dir='ltr'><strong>viros</strong></span> <span class='ocrx_word' id='word_1_533' title='bbox 3057 4222 3184 4259; x_wconf 79' lang='lat' dir='ltr'><strong>suos</strong></span> <span class='ocrx_word' id='word_1_534' title='bbox 3253 4216 3462 4268; x_wconf 80' lang='lat' dir='ltr'><strong>ament,</strong></span> <span class='ocrx_word' id='word_1_535' title='bbox 3521 4205 3660 4257; x_wconf 80' lang='lat' dir='ltr'><strong>filios</strong></span> 
     </span>
    </p>
   </div>
   <div class='ocr_carea' id='block_1_87' title="bbox 2085 4297 3656 4369">
    <p class='ocr_par' dir='ltr' id='par_1_87' title="bbox 2085 4297 3656 4369">
     <span class='ocr_line' id='line_1_87' title="bbox 2085 4297 3656 4369; baseline -0.004 -14"><span class='ocrx_word' id='word_1_536' title='bbox 2085 4318 2210 4355; x_wconf 83' lang='lat' dir='ltr'><strong>suos</strong></span> <span class='ocrx_word' id='word_1_537' title='bbox 2264 4302 2520 4369; x_wconf 81' lang='lat' dir='ltr'><strong>diligant.</strong></span> <span class='ocrx_word' id='word_1_538' title='bbox 2574 4301 2886 4368; x_wconf 80' lang='lat' dir='ltr'><strong>prudentes.</strong></span> <span class='ocrx_word' id='word_1_539' title='bbox 2934 4311 3133 4360; x_wconf 58' lang='lat' dir='ltr'><strong>castas,</strong></span> <span class='ocrx_word' id='word_1_540' title='bbox 3188 4299 3418 4352; x_wconf 79' lang='lat' dir='ltr'><strong>sobrias.</strong></span> <span class='ocrx_word' id='word_1_541' title='bbox 3463 4317 3480 4348; x_wconf 71' lang='grc' dir='ltr'><strong>ι</strong></span> <span class='ocrx_word' id='word_1_542' title='bbox 3543 4297 3656 4351; x_wconf 78' lang='lat' dir='ltr'><strong>Non</strong></span> 
     </span>
    </p>
   </div>
   <div class='ocr_carea' id='block_1_88' title="bbox 2083 4395 3656 4464">
    <p class='ocr_par' dir='ltr' id='par_1_88' title="bbox 2083 4395 3656 4464">
     <span class='ocr_line' id='line_1_88' title="bbox 2083 4395 3656 4464; baseline -0.004 -14"><span class='ocrx_word' id='word_1_543' title='bbox 2083 4399 2286 4451; x_wconf 82' lang='lat' dir='ltr'><strong>alienos</strong></span> <span class='ocrx_word' id='word_1_544' title='bbox 2323 4413 2338 4450; x_wconf 91' lang='lat'><strong>:</strong></span> <span class='ocrx_word' id='word_1_545' title='bbox 2381 4399 2493 4450; x_wconf 89' lang='lat' dir='ltr'><strong>sive</strong></span> <span class='ocrx_word' id='word_1_546' title='bbox 2527 4397 2648 4449; x_wconf 89' lang='lat' dir='ltr'><strong>ideo</strong></span> <span class='ocrx_word' id='word_1_547' title='bbox 2682 4395 2833 4461; x_wconf 89' lang='lat' dir='ltr'><strong>dicit,</strong></span> <span class='ocrx_word' id='word_1_548' title='bbox 2878 4411 2942 4449; x_wconf 90' lang='lat' dir='ltr'><strong>ne</strong></span> <span class='ocrx_word' id='word_1_549' title='bbox 2975 4395 3114 4454; x_wconf 79' lang='lat' dir='ltr'><strong>aliae,</strong></span> <span class='ocrx_word' id='word_1_550' title='bbox 3149 4409 3268 4464; x_wconf 82' lang='lat' dir='ltr'><strong>quae</strong></span> <span class='ocrx_word' id='word_1_551' title='bbox 3313 4396 3656 4447; x_wconf 68' lang='lat' dir='ltr'><strong>continentes</strong></span> 
     </span>
    </p>
   </div>
   <div class='ocr_carea' id='block_1_89' title="bbox 412 4486 3659 4574">
    <p class='ocr_par' dir='ltr' id='par_1_89' title="bbox 412 4486 3659 4574">
     <span class='ocr_line' id='line_1_89' title="bbox 412 4486 3659 4574; baseline -0 -36"><span class='ocrx_word' id='word_1_552' title='bbox 412 4488 753 4550; x_wconf 87' lang='lat' dir='ltr'><strong>subvertuut,</strong></span> <span class='ocrx_word' id='word_1_553' title='bbox 786 4488 1042 4540; x_wconf 82' lang='lat' dir='ltr'><strong>docentes</strong></span> <span class='ocrx_word' id='word_1_554' title='bbox 1080 4503 1199 4556; x_wconf 77' lang='lat' dir='ltr'><strong>qua:</strong></span> <span class='ocrx_word' id='word_1_555' title='bbox 1243 4501 1346 4540; x_wconf 93' lang='lat' dir='ltr'><strong>non</strong></span> <span class='ocrx_word' id='word_1_556' title='bbox 1379 4496 1619 4557; x_wconf 87' lang='lat' dir='ltr'><strong>oportet,</strong></span> <span class='ocrx_word' id='word_1_557' title='bbox 1678 4487 1852 4557; x_wconf 87' lang='lat' dir='ltr'><strong>turpis</strong></span> <span class='ocrx_word' id='word_1_558' title='bbox 1901 4489 1980 4541; x_wconf 89' lang='lat' dir='ltr'><strong>lu-</strong></span> <span class='ocrx_word' id='word_1_559' title='bbox 2019 4521 2059 4574; x_wconf 66' lang='grc' dir='ltr'><strong><em>Β</em></strong></span> <span class='ocrx_word' id='word_1_560' title='bbox 2089 4501 2265 4555; x_wconf 88' lang='lat' dir='ltr'><strong>erant,</strong></span> <span class='ocrx_word' id='word_1_561' title='bbox 2313 4507 2418 4543; x_wconf 88' lang='lat' dir='ltr'><strong>non</strong></span> <span class='ocrx_word' id='word_1_562' title='bbox 2471 4488 2754 4558; x_wconf 86' lang='lat' dir='ltr'><strong>diligerent</strong></span> <span class='ocrx_word' id='word_1_563' title='bbox 2794 4489 2947 4544; x_wconf 86' lang='lat' dir='ltr'><strong>viros</strong></span> <span class='ocrx_word' id='word_1_564' title='bbox 2999 4502 3147 4548; x_wconf 86' lang='lat' dir='ltr'><strong>suos,</strong></span> <span class='ocrx_word' id='word_1_565' title='bbox 3191 4498 3242 4540; x_wconf 87' lang='lat' dir='ltr'><strong>et</strong></span> <span class='ocrx_word' id='word_1_566' title='bbox 3297 4488 3516 4540; x_wconf 66' lang='lat' dir='ltr'><strong>verbum</strong></span> <span class='ocrx_word' id='word_1_567' title='bbox 3569 4486 3659 4540; x_wconf 61' lang='grc' dir='ltr'><strong>01ιί</strong></span> 
     </span>
    </p>
   </div>
   <div class='ocr_carea' id='block_1_90' title="bbox 411 4579 1984 4657">
    <p class='ocr_par' dir='ltr' id='par_1_90' title="bbox 411 4579 1984 4657">
     <span class='ocr_line' id='line_1_90' title="bbox 411 4579 1984 4657; baseline -0.001 -25"><span class='ocrx_word' id='word_1_568' title='bbox 411 4582 488 4632; x_wconf 84' lang='lat' dir='ltr'><strong>eri</strong></span> <span class='ocrx_word' id='word_1_569' title='bbox 520 4579 712 4646; x_wconf 83' lang='lat' dir='ltr'><strong>gratia.</strong></span> <span class='ocrx_word' id='word_1_570' title='bbox 760 4599 776 4630; x_wconf 80' lang='grc' dir='ltr'><strong>ι</strong></span> <span class='ocrx_word' id='word_1_571' title='bbox 830 4581 958 4646; x_wconf 66' lang='lat' dir='ltr'><strong>Qum</strong></span> <span class='ocrx_word' id='word_1_572' title='bbox 984 4579 1096 4649; x_wconf 80' lang='lat' dir='ltr'><strong>jam</strong></span> <span class='ocrx_word' id='word_1_573' title='bbox 1151 4579 1418 4648; x_wconf 86' lang='lat' dir='ltr'><strong>superﬂua</strong></span> <span class='ocrx_word' id='word_1_574' title='bbox 1451 4579 1784 4657; x_wconf 81' lang='lat' dir='ltr'><strong>temporibus</strong></span> <span class='ocrx_word' id='word_1_575' title='bbox 1825 4579 1984 4634; x_wconf 89' lang='lat' dir='ltr'><strong>Chri-</strong></span> 
     </span>
    </p>
   </div>
   <div class='ocr_carea' id='block_1_91' title="bbox 411 4671 1981 4734">
    <p class='ocr_par' dir='ltr' id='par_1_91' title="bbox 411 4671 1981 4734">
     <span class='ocr_line' id='line_1_91' title="bbox 411 4671 1981 4734; baseline -0.001 -8"><span class='ocrx_word' id='word_1_576' title='bbox 411 4676 502 4734; x_wconf 86' lang='lat' dir='ltr'><strong>sti.</strong></span> <span class='ocrx_word' id='word_1_577' title='bbox 559 4675 911 4728; x_wconf 61' lang='lat' dir='ltr'><strong>cwremonias</strong></span> <span class='ocrx_word' id='word_1_578' title='bbox 967 4683 1144 4728; x_wconf 91' lang='lat' dir='ltr'><strong>autem</strong></span> <span class='ocrx_word' id='word_1_579' title='bbox 1196 4671 1502 4727; x_wconf 74' lang='lat' dir='ltr'><strong>Juda&#39;orum</strong></span> <span class='ocrx_word' id='word_1_580' title='bbox 1571 4673 1640 4726; x_wconf 88' lang='lat' dir='ltr'><strong>ab</strong></span> <span class='ocrx_word' id='word_1_581' title='bbox 1683 4673 1760 4726; x_wconf 87' lang='lat' dir='ltr'><strong>eis</strong></span> <span class='ocrx_word' id='word_1_582' title='bbox 1803 4671 1981 4726; x_wconf 89' lang='lat' dir='ltr'><strong>doceri</strong></span> 
     </span>
    </p>
   </div>
   <div class='ocr_carea' id='block_1_92' title="bbox 413 4766 565 4819">
    <p class='ocr_par' dir='ltr' id='par_1_92' title="bbox 413 4766 565 4819">
     <span class='ocr_line' id='line_1_92' title="bbox 413 4766 565 4819; baseline 0 -1"><span class='ocrx_word' id='word_1_583' title='bbox 413 4766 565 4819; x_wconf 73' lang='lat' dir='ltr'><strong>dicit.</strong></span> 
     </span>
    </p>
   </div>
   <div class='ocr_carea' id='block_1_93' title="bbox 489 4858 1980 4928">
    <p class='ocr_par' dir='ltr' id='par_1_93' title="bbox 489 4858 1980 4928">
     <span class='ocr_line' id='line_1_93' title="bbox 489 4858 1980 4928; baseline 0.001 -18"><span class='ocrx_word' id='word_1_584' title='bbox 489 4878 506 4910; x_wconf 76' lang='grc' dir='ltr'><strong>ι</strong></span> <span class='ocrx_word' id='word_1_585' title='bbox 555 4858 698 4913; x_wconf 83' lang='lat' dir='ltr'><strong>Dixit</strong></span> <span class='ocrx_word' id='word_1_586' title='bbox 745 4859 965 4928; x_wconf 89' lang='lat' dir='ltr'><strong>quidam</strong></span> <span class='ocrx_word' id='word_1_587' title='bbox 1023 4875 1086 4912; x_wconf 80' lang='lat' dir='ltr'><strong>rx</strong></span> <span class='ocrx_word' id='word_1_588' title='bbox 1120 4858 1228 4912; x_wconf 92' lang='lat' dir='ltr'><strong>illis</strong></span> <span class='ocrx_word' id='word_1_589' title='bbox 1265 4859 1515 4927; x_wconf 86' lang='lat' dir='ltr'><strong>proprius</strong></span> <span class='ocrx_word' id='word_1_590' title='bbox 1571 4859 1806 4926; x_wconf 87' lang='lat' dir='ltr'><strong>ipsorum</strong></span> <span class='ocrx_word' id='word_1_591' title='bbox 1863 4875 1980 4928; x_wconf 91' lang='lat' dir='ltr'><strong>pro.</strong></span> 
     </span>
    </p>
   </div>
   <div class='ocr_carea' id='block_1_94' title="bbox 415 4945 1980 5020">
    <p class='ocr_par' dir='ltr' id='par_1_94' title="bbox 415 4945 1980 5020">
     <span class='ocr_line' id='line_1_94' title="bbox 415 4945 1980 5020; baseline -0.002 -13"><span class='ocrx_word' id='word_1_592' title='bbox 415 4955 599 5020; x_wconf 64' lang='lat' dir='ltr'><strong>plin-ta.</strong></span> <span class='ocrx_word' id='word_1_593' title='bbox 640 4972 658 5005; x_wconf 74' lang='grc' dir='ltr'><strong>ι</strong></span> <span class='ocrx_word' id='word_1_594' title='bbox 721 4950 1094 5006; x_wconf 78' lang='lat' dir='ltr'><strong>Callimachus</strong></span> <span class='ocrx_word' id='word_1_595' title='bbox 1145 4951 1378 5005; x_wconf 86' lang='lat' dir='ltr'><strong>scilicet.</strong></span> <span class='ocrx_word' id='word_1_596' title='bbox 1416 4945 1550 5005; x_wconf 71' lang='lat' dir='ltr'><strong>Vide</strong></span> <span class='ocrx_word' id='word_1_597' title='bbox 1601 4953 1795 5020; x_wconf 89' lang='lat' dir='ltr'><strong>quales</strong></span> <span class='ocrx_word' id='word_1_598' title='bbox 1833 4963 1980 5014; x_wconf 90' lang='lat' dir='ltr'><strong>sunt,</strong></span> 
     </span>
    </p>
   </div>
   <div class='ocr_carea' id='block_1_95' title="bbox 411 5045 1870 5118">
    <p class='ocr_par' dir='ltr' id='par_1_95' title="bbox 411 5045 1870 5118">
     <span class='ocr_line' id='line_1_95' title="bbox 411 5045 1870 5118; baseline -0.003 -16"><span class='ocrx_word' id='word_1_599' title='bbox 411 5050 502 5118; x_wconf 88' lang='lat' dir='ltr'><strong>qui</strong></span> <span class='ocrx_word' id='word_1_600' title='bbox 545 5051 705 5104; x_wconf 80' lang='lat' dir='ltr'><strong>etiam</strong></span> <span class='ocrx_word' id='word_1_601' title='bbox 744 5066 771 5102; x_wconf 91' lang='lat' dir='ltr'><strong>a</strong></span> <span class='ocrx_word' id='word_1_602' title='bbox 795 5049 908 5104; x_wconf 88' lang='lat' dir='ltr'><strong>suis</strong></span> <span class='ocrx_word' id='word_1_603' title='bbox 937 5049 1042 5101; x_wconf 86' lang='lat' dir='ltr'><strong>tale</strong></span> <span class='ocrx_word' id='word_1_604' title='bbox 1071 5045 1440 5101; x_wconf 89' lang='lat' dir='ltr'><strong>testimonium</strong></span> <span class='ocrx_word' id='word_1_605' title='bbox 1472 5055 1870 5112; x_wconf 76' lang='lat' dir='ltr'><strong>promerentur.</strong></span> 
     </span>
    </p>
   </div>
   <div class='ocr_carea' id='block_1_96' title="bbox 484 5135 1974 5206">
    <p class='ocr_par' dir='ltr' id='par_1_96' title="bbox 484 5135 1974 5206">
     <span class='ocr_line' id='line_1_96' title="bbox 484 5135 1974 5206; baseline -0.004 -14"><span class='ocrx_word' id='word_1_606' title='bbox 484 5158 504 5192; x_wconf 73' lang='grc' dir='ltr'><strong>ι</strong></span> <span class='ocrx_word' id='word_1_607' title='bbox 550 5142 836 5195; x_wconf 81' lang='lat' dir='ltr'><strong>Cretenses</strong></span> <span class='ocrx_word' id='word_1_608' title='bbox 865 5154 1080 5206; x_wconf 88' lang='lat' dir='ltr'><strong>semper</strong></span> <span class='ocrx_word' id='word_1_609' title='bbox 1108 5138 1416 5191; x_wconf 76' lang='lat' dir='ltr'><strong>mendaces.</strong></span> <span class='ocrx_word' id='word_1_610' title='bbox 1459 5155 1477 5187; x_wconf 75' lang='grc' dir='ltr'><strong>ι</strong></span> <span class='ocrx_word' id='word_1_611' title='bbox 1509 5135 1771 5188; x_wconf 83' lang='lat' dir='ltr'><strong>Amautes</strong></span> <span class='ocrx_word' id='word_1_612' title='bbox 1820 5149 1974 5186; x_wconf 84' lang='lat' dir='ltr'><strong>men-</strong></span> 
     </span>
    </p>
   </div>
   <div class='ocr_carea' id='block_1_97' title="bbox 415 5227 1453 5298">
    <p class='ocr_par' dir='ltr' id='par_1_97' title="bbox 415 5227 1453 5298">
     <span class='ocr_line' id='line_1_97' title="bbox 415 5227 1453 5298; baseline -0.004 -12"><span class='ocrx_word' id='word_1_613' title='bbox 415 5235 527 5296; x_wconf 90' lang='lat' dir='ltr'><strong>tiri,</strong></span> <span class='ocrx_word' id='word_1_614' title='bbox 557 5233 702 5287; x_wconf 84' lang='lat' dir='ltr'><strong>noxii</strong></span> <span class='ocrx_word' id='word_1_615' title='bbox 733 5241 1001 5288; x_wconf 84' lang='lat' dir='ltr'><strong>oratores.</strong></span> <span class='ocrx_word' id='word_1_616' title='bbox 1041 5231 1246 5298; x_wconf 88' lang='lat' dir='ltr'><strong>pariter</strong></span> <span class='ocrx_word' id='word_1_617' title='bbox 1268 5227 1453 5282; x_wconf 89' lang='lat' dir='ltr'><strong>otiosi.</strong></span> 
     </span>
    </p>
   </div>
   <div class='ocr_carea' id='block_1_98' title="bbox 488 5317 1977 5391">
    <p class='ocr_par' dir='ltr' id='par_1_98' title="bbox 488 5317 1977 5391">
     <span class='ocr_line' id='line_1_98' title="bbox 488 5317 1977 5391; baseline -0.003 -16"><span class='ocrx_word' id='word_1_618' title='bbox 488 5343 505 5375; x_wconf 80' lang='grc' dir='ltr'><strong>ι</strong></span> <span class='ocrx_word' id='word_1_619' title='bbox 537 5323 686 5378; x_wconf 76' lang='lat' dir='ltr'><strong>Mala:</strong></span> <span class='ocrx_word' id='word_1_620' title='bbox 716 5323 925 5386; x_wconf 77' lang='lat' dir='ltr'><strong>bestiae,</strong></span> <span class='ocrx_word' id='word_1_621' title='bbox 951 5333 1163 5376; x_wconf 84' lang='lat' dir='ltr'><strong>ventres</strong></span> <span class='ocrx_word' id='word_1_622' title='bbox 1193 5320 1352 5391; x_wconf 82' lang='lat' dir='ltr'><strong>pigri.</strong></span> <span class='ocrx_word' id='word_1_623' title='bbox 1389 5339 1406 5370; x_wconf 74' lang='grc' dir='ltr'><strong>ι</strong></span> <span class='ocrx_word' id='word_1_624' title='bbox 1441 5317 1567 5374; x_wconf 88' lang='lat' dir='ltr'><strong>ldeo</strong></span> <span class='ocrx_word' id='word_1_625' title='bbox 1604 5317 1768 5374; x_wconf 89' lang='lat' dir='ltr'><strong>ferias</strong></span> <span class='ocrx_word' id='word_1_626' title='bbox 1796 5329 1848 5372; x_wconf 91' lang='lat' dir='ltr'><strong>et</strong></span> <span class='ocrx_word' id='word_1_627' title='bbox 1871 5321 1977 5373; x_wconf 88' lang='lat' dir='ltr'><strong>otia</strong></span> 
     </span>
    </p>
   </div>
   <div class='ocr_carea' id='block_1_99' title="bbox 415 5415 994 5470">
    <p class='ocr_par' dir='ltr' id='par_1_99' title="bbox 415 5415 994 5470">
     <span class='ocr_line' id='line_1_99' title="bbox 415 5415 994 5470; baseline -0.007 0"><span class='ocrx_word' id='word_1_628' title='bbox 415 5415 644 5470; x_wconf 84' lang='lat' dir='ltr'><strong>libenter</strong></span> <span class='ocrx_word' id='word_1_629' title='bbox 675 5415 994 5468; x_wconf 88' lang='lat' dir='ltr'><strong>admittunt.</strong></span> 
     </span>
    </p>
   </div>
   <div class='ocr_carea' id='block_1_100' title="bbox 492 5501 1975 5568">
    <p class='ocr_par' dir='ltr' id='par_1_100' title="bbox 492 5501 1975 5568">
     <span class='ocr_line' id='line_1_100' title="bbox 492 5501 1975 5568; baseline -0.006 -6"><span class='ocrx_word' id='word_1_630' title='bbox 492 5525 514 5562; x_wconf 71' lang='grc' dir='ltr'><strong>ι</strong></span> <span class='ocrx_word' id='word_1_631' title='bbox 544 5507 939 5561; x_wconf 83' lang='lat' dir='ltr'><strong>Testimonium</strong></span> <span class='ocrx_word' id='word_1_632' title='bbox 964 5505 1065 5559; x_wconf 84' lang='lat' dir='ltr'><strong>hoc</strong></span> <span class='ocrx_word' id='word_1_633' title='bbox 1085 5519 1268 5558; x_wconf 87' lang='lat' dir='ltr'><strong>verum</strong></span> <span class='ocrx_word' id='word_1_634' title='bbox 1295 5513 1401 5558; x_wconf 86' lang='lat' dir='ltr'><strong>est.</strong></span> <span class='ocrx_word' id='word_1_635' title='bbox 1435 5502 1606 5568; x_wconf 88' lang='lat' dir='ltr'><strong>Quam</strong></span> <span class='ocrx_word' id='word_1_636' title='bbox 1635 5501 1702 5556; x_wconf 90' lang='lat' dir='ltr'><strong>ob</strong></span> <span class='ocrx_word' id='word_1_637' title='bbox 1733 5517 1975 5567; x_wconf 85' lang='lat' dir='ltr'><strong>causam,</strong></span> 
     </span>
    </p>
   </div>
   <div class='ocr_carea' id='block_1_101' title="bbox 413 5593 1975 5666">
    <p class='ocr_par' dir='ltr' id='par_1_101' title="bbox 413 5593 1975 5666">
     <span class='ocr_line' id='line_1_101' title="bbox 413 5593 1975 5666; baseline -0.006 -14"><span class='ocrx_word' id='word_1_638' title='bbox 413 5600 627 5666; x_wconf 83' lang='lat' dir='ltr'><strong>increpa</strong></span> <span class='ocrx_word' id='word_1_639' title='bbox 664 5598 785 5652; x_wconf 90' lang='lat' dir='ltr'><strong>illos</strong></span> <span class='ocrx_word' id='word_1_640' title='bbox 809 5599 960 5660; x_wconf 87' lang='lat' dir='ltr'><strong>dure,</strong></span> <span class='ocrx_word' id='word_1_641' title='bbox 1005 5608 1060 5647; x_wconf 91' lang='grc' dir='ltr'><strong>ιιι</strong></span> <span class='ocrx_word' id='word_1_642' title='bbox 1093 5593 1212 5648; x_wconf 91' lang='lat' dir='ltr'><strong>sani</strong></span> <span class='ocrx_word' id='word_1_643' title='bbox 1245 5595 1353 5647; x_wconf 89' lang='lat' dir='ltr'><strong>sint</strong></span> <span class='ocrx_word' id='word_1_644' title='bbox 1384 5593 1438 5646; x_wconf 92' lang='lat' dir='ltr'><strong>in</strong></span> <span class='ocrx_word' id='word_1_645' title='bbox 1478 5593 1580 5646; x_wconf 85' lang='lat' dir='ltr'><strong>fide</strong></span> <span class='ocrx_word' id='word_1_646' title='bbox 1617 5609 1633 5649; x_wconf 88' lang='lat'><strong>:</strong></span> <span class='ocrx_word' id='word_1_647' title='bbox 1665 5608 1768 5646; x_wconf 94' lang='lat' dir='ltr'><strong>non</strong></span> <span class='ocrx_word' id='word_1_648' title='bbox 1801 5593 1975 5646; x_wconf 85' lang='lat' dir='ltr'><strong>inten-</strong></span> 
     </span>
    </p>
   </div>
   <div class='ocr_carea' id='block_1_102' title="bbox 413 5681 1969 5742">
    <p class='ocr_par' dir='ltr' id='par_1_102' title="bbox 413 5681 1969 5742">
     <span class='ocr_line' id='line_1_102' title="bbox 413 5681 1969 5742; baseline -0.004 -2"><span class='ocrx_word' id='word_1_649' title='bbox 413 5693 601 5742; x_wconf 73' lang='lat' dir='ltr'><strong>dentes</strong></span> <span class='ocrx_word' id='word_1_650' title='bbox 634 5687 876 5742; x_wconf 81' lang='lat' dir='ltr'><strong>Judaicis</strong></span> <span class='ocrx_word' id='word_1_651' title='bbox 936 5685 1132 5740; x_wconf 88' lang='lat' dir='ltr'><strong>fabulis</strong></span> <span class='ocrx_word' id='word_1_652' title='bbox 1181 5693 1236 5739; x_wconf 88' lang='lat' dir='ltr'><strong>et</strong></span> <span class='ocrx_word' id='word_1_653' title='bbox 1276 5681 1542 5736; x_wconf 86' lang='lat' dir='ltr'><strong>mandatis</strong></span> <span class='ocrx_word' id='word_1_654' title='bbox 1601 5682 1902 5735; x_wconf 88' lang='lat' dir='ltr'><strong>homintnn.</strong></span> <span class='ocrx_word' id='word_1_655' title='bbox 1951 5701 1969 5733; x_wconf 70' lang='grc' dir='ltr'><strong>ο</strong></span> 
     </span>
    </p>
   </div>
   <div class='ocr_carea' id='block_1_103' title="bbox 415 5774 1972 5843">
    <p class='ocr_par' dir='ltr' id='par_1_103' title="bbox 415 5774 1972 5843">
     <span class='ocr_line' id='line_1_103' title="bbox 415 5774 1972 5843; baseline -0.003 -10"><span class='ocrx_word' id='word_1_656' title='bbox 415 5781 821 5836; x_wconf 73' lang='grc' dir='ltr'>Ίί·ο;1ιιίυιιξιιιιε</span> <span class='ocrx_word' id='word_1_657' title='bbox 879 5779 1164 5842; x_wconf 84' lang='lat' dir='ltr'><strong>humanis,</strong></span> <span class='ocrx_word' id='word_1_658' title='bbox 1215 5776 1282 5830; x_wconf 89' lang='lat' dir='ltr'><strong>de</strong></span> <span class='ocrx_word' id='word_1_659' title='bbox 1339 5775 1539 5843; x_wconf 88' lang='lat' dir='ltr'><strong>quibus</strong></span> <span class='ocrx_word' id='word_1_660' title='bbox 1605 5774 1864 5828; x_wconf 84' lang='lat' dir='ltr'><strong>Dominus</strong></span> <span class='ocrx_word' id='word_1_661' title='bbox 1921 5778 1972 5829; x_wconf 91' lang='lat' dir='ltr'><strong>in</strong></span> 
     </span>
    </p>
   </div>
   <div class='ocr_carea' id='block_1_104' title="bbox 2093 4578 3388 4650">
    <p class='ocr_par' dir='ltr' id='par_1_104' title="bbox 2093 4578 3388 4650">
     <span class='ocr_line' id='line_1_104' title="bbox 2093 4578 3388 4650; baseline -0.002 -15"><span class='ocrx_word' id='word_1_662' title='bbox 2093 4594 2345 4650; x_wconf 82' lang='lat' dir='ltr'><strong>tanquam</strong></span> <span class='ocrx_word' id='word_1_663' title='bbox 2383 4582 2663 4636; x_wconf 87' lang='lat' dir='ltr'><strong>dissidium</strong></span> <span class='ocrx_word' id='word_1_664' title='bbox 2694 4580 3018 4650; x_wconf 69' lang='lat' dir='ltr'><strong>praedicans,</strong></span> <span class='ocrx_word' id='word_1_665' title='bbox 3058 4578 3388 4642; x_wconf 81' lang='lat' dir='ltr'><strong>culparetur.</strong></span> 
     </span>
    </p>
   </div>
   <div class='ocr_carea' id='block_1_105' title="bbox 2169 4671 3658 4726">
    <p class='ocr_par' dir='ltr' id='par_1_105' title="bbox 2169 4671 3658 4726">
     <span class='ocr_line' id='line_1_105' title="bbox 2169 4671 3658 4726; baseline -0.001 -3"><span class='ocrx_word' id='word_1_666' title='bbox 2169 4694 2185 4723; x_wconf 80' lang='grc' dir='ltr'><strong>ι</strong></span> <span class='ocrx_word' id='word_1_667' title='bbox 2239 4674 2446 4726; x_wconf 85' lang='lat' dir='ltr'><strong>Domus</strong></span> <span class='ocrx_word' id='word_1_668' title='bbox 2508 4686 2694 4726; x_wconf 85' lang='lat' dir='ltr'><strong>curam</strong></span> <span class='ocrx_word' id='word_1_669' title='bbox 2760 4672 3044 4726; x_wconf 85' lang='lat' dir='ltr'><strong>habentes.</strong></span> <span class='ocrx_word' id='word_1_670' title='bbox 3096 4691 3114 4723; x_wconf 73' lang='grc' dir='ltr'><strong>ι</strong></span> <span class='ocrx_word' id='word_1_671' title='bbox 3155 4671 3232 4726; x_wconf 88' lang='lat' dir='ltr'><strong>Ne</strong></span> <span class='ocrx_word' id='word_1_672' title='bbox 3275 4674 3420 4725; x_wconf 89' lang='lat' dir='ltr'><strong>viros</strong></span> <span class='ocrx_word' id='word_1_673' title='bbox 3448 4687 3574 4724; x_wconf 87' lang='lat' dir='ltr'><strong>suos</strong></span> <span class='ocrx_word' id='word_1_674' title='bbox 3609 4674 3658 4723; x_wconf 78' lang='lat' dir='ltr'><strong>En</strong></span> 
     </span>
    </p>
   </div>
   <div class='ocr_carea' id='block_1_106' title="bbox 2087 4767 2704 4834">
    <p class='ocr_par' dir='ltr' id='par_1_106' title="bbox 2087 4767 2704 4834">
     <span class='ocr_line' id='line_1_106' title="bbox 2087 4767 2704 4834; baseline -0.002 -16"><span class='ocrx_word' id='word_1_675' title='bbox 2087 4768 2266 4834; x_wconf 87' lang='lat' dir='ltr'><strong>aliquo</strong></span> <span class='ocrx_word' id='word_1_676' title='bbox 2299 4767 2704 4819; x_wconf 75' lang='lat' dir='ltr'><strong>contristarcnt.</strong></span> 
     </span>
    </p>
   </div>
   <div class='ocr_carea' id='block_1_107' title="bbox 2165 4853 3654 4928">
    <p class='ocr_par' dir='ltr' id='par_1_107' title="bbox 2165 4853 3654 4928">
     <span class='ocr_line' id='line_1_107' title="bbox 2165 4853 3654 4928; baseline -0.004 -18"><span class='ocrx_word' id='word_1_677' title='bbox 2165 4879 2181 4910; x_wconf 79' lang='grc' dir='ltr'><strong>ι</strong></span> <span class='ocrx_word' id='word_1_678' title='bbox 2221 4859 2512 4928; x_wconf 86' lang='lat' dir='ltr'><strong>Benignas,</strong></span> <span class='ocrx_word' id='word_1_679' title='bbox 2547 4858 2792 4912; x_wconf 88' lang='lat' dir='ltr'><strong>subditas</strong></span> <span class='ocrx_word' id='word_1_680' title='bbox 2816 4857 2948 4913; x_wconf 87' lang='lat' dir='ltr'><strong>viris</strong></span> <span class='ocrx_word' id='word_1_681' title='bbox 2978 4859 3093 4913; x_wconf 88' lang='lat' dir='ltr'><strong>suis</strong></span> <span class='ocrx_word' id='word_1_682' title='bbox 3127 4873 3140 4910; x_wconf 91' lang='lat'>:</span> <span class='ocrx_word' id='word_1_683' title='bbox 3178 4867 3233 4909; x_wconf 92' lang='lat' dir='ltr'><strong>ut</strong></span> <span class='ocrx_word' id='word_1_684' title='bbox 3265 4871 3366 4908; x_wconf 87' lang='lat' dir='ltr'><strong>non</strong></span> <span class='ocrx_word' id='word_1_685' title='bbox 3403 4853 3654 4920; x_wconf 74' lang='lat' dir='ltr'><strong>hlasplw-</strong></span> 
     </span>
    </p>
   </div>
   <div class='ocr_carea' id='block_1_108' title="bbox 2089 4947 3655 5014">
    <p class='ocr_par' dir='ltr' id='par_1_108' title="bbox 2089 4947 3655 5014">
     <span class='ocr_line' id='line_1_108' title="bbox 2089 4947 3655 5014; baseline -0.006 -10"><span class='ocrx_word' id='word_1_686' title='bbox 2089 4961 2265 5004; x_wconf 83' lang='lat' dir='ltr'><strong>inetur</strong></span> <span class='ocrx_word' id='word_1_687' title='bbox 2289 4951 2516 5004; x_wconf 74' lang='lat' dir='ltr'><strong>verbum</strong></span> <span class='ocrx_word' id='word_1_688' title='bbox 2553 4949 2669 5003; x_wconf 84' lang='lat' dir='ltr'><strong>Dei.</strong></span> <span class='ocrx_word' id='word_1_689' title='bbox 2715 4969 2732 5001; x_wconf 78' lang='grc' dir='ltr'><strong>ι</strong></span> <span class='ocrx_word' id='word_1_690' title='bbox 2775 4949 2849 5003; x_wconf 85' lang='lat' dir='ltr'><strong>Ne</strong></span> <span class='ocrx_word' id='word_1_691' title='bbox 2883 4949 3146 5014; x_wconf 73' lang='lat' dir='ltr'><strong>vel&#39;ipsze</strong></span> <span class='ocrx_word' id='word_1_692' title='bbox 3177 4947 3574 5013; x_wconf 81' lang='lat' dir='ltr'><strong>hlasphement,</strong></span> <span class='ocrx_word' id='word_1_693' title='bbox 3611 4947 3655 4995; x_wconf 80' lang='lat' dir='ltr'><strong>si</strong></span> 
     </span>
    </p>
   </div>
   <div class='ocr_carea' id='block_1_109' title="bbox 2085 5036 3654 5112">
    <p class='ocr_par' dir='ltr' id='par_1_109' title="bbox 2085 5036 3654 5112">
     <span class='ocr_line' id='line_1_109' title="bbox 2085 5036 3654 5112; baseline -0.006 -16"><span class='ocrx_word' id='word_1_694' title='bbox 2085 5043 2312 5112; x_wconf 89' lang='lat' dir='ltr'><strong>gentiles</strong></span> <span class='ocrx_word' id='word_1_695' title='bbox 2351 5052 2498 5108; x_wconf 82' lang='lat' dir='ltr'><strong>sunt,</strong></span> <span class='ocrx_word' id='word_1_696' title='bbox 2529 5044 2609 5096; x_wconf 80' lang='lat' dir='ltr'><strong>vel</strong></span> <span class='ocrx_word' id='word_1_697' title='bbox 2633 5042 2720 5096; x_wconf 75' lang='lat' dir='ltr'><strong>alii</strong></span> <span class='ocrx_word' id='word_1_698' title='bbox 2754 5043 2994 5096; x_wconf 79' lang='lat' dir='ltr'><strong>videntes</strong></span> <span class='ocrx_word' id='word_1_699' title='bbox 3047 5055 3141 5095; x_wconf 88' lang='lat' dir='ltr'><strong>eas</strong></span> <span class='ocrx_word' id='word_1_700' title='bbox 3176 5038 3389 5108; x_wconf 74' lang='lat' dir='ltr'><strong>pejores</strong></span> <span class='ocrx_word' id='word_1_701' title='bbox 3416 5036 3654 5099; x_wconf 62' lang='lat' dir='ltr'><strong>etfeetac,</strong></span> 
     </span>
    </p>
   </div>
   <div class='ocr_carea' id='block_1_110' title="bbox 2083 5130 2863 5202">
    <p class='ocr_par' dir='ltr' id='par_1_110' title="bbox 2083 5130 2863 5202">
     <span class='ocr_line' id='line_1_110' title="bbox 2083 5130 2863 5202; baseline 0 -18"><span class='ocrx_word' id='word_1_702' title='bbox 2083 5147 2244 5202; x_wconf 89' lang='lat' dir='ltr'><strong>quam</strong></span> <span class='ocrx_word' id='word_1_703' title='bbox 2279 5131 2494 5185; x_wconf 84' lang='lat' dir='ltr'><strong>fuerant</strong></span> <span class='ocrx_word' id='word_1_704' title='bbox 2524 5139 2649 5185; x_wconf 91' lang='lat' dir='ltr'><strong>ante</strong></span> <span class='ocrx_word' id='word_1_705' title='bbox 2681 5130 2863 5184; x_wconf 81' lang='lat' dir='ltr'><strong>fidem.</strong></span> 
     </span>
    </p>
   </div>
   <div class='ocr_carea' id='block_1_111' title="bbox 2163 5218 3655 5282">
    <p class='ocr_par' dir='ltr' id='par_1_111' title="bbox 2163 5218 3655 5282">
     <span class='ocr_line' id='line_1_111' title="bbox 2163 5218 3655 5282; baseline -0.002 -8"><span class='ocrx_word' id='word_1_706' title='bbox 2163 5221 2424 5278; x_wconf 68' lang='lat' dir='ltr'><strong>«Iuvenes</strong></span> <span class='ocrx_word' id='word_1_707' title='bbox 2457 5223 2708 5277; x_wconf 89' lang='lat' dir='ltr'><strong>similiter</strong></span> <span class='ocrx_word' id='word_1_708' title='bbox 2737 5223 2980 5282; x_wconf 84' lang='lat' dir='ltr'><strong>hortare,</strong></span> <span class='ocrx_word' id='word_1_709' title='bbox 3016 5230 3075 5272; x_wconf 93' lang='lat' dir='ltr'><strong>ut</strong></span> <span class='ocrx_word' id='word_1_710' title='bbox 3102 5219 3268 5273; x_wconf 89' lang='lat' dir='ltr'><strong>sobrii</strong></span> <span class='ocrx_word' id='word_1_711' title='bbox 3293 5219 3458 5274; x_wconf 62' lang='lat' dir='ltr'><strong>sint.»</strong></span> <span class='ocrx_word' id='word_1_712' title='bbox 3487 5218 3655 5271; x_wconf 82' lang='lat' dir='ltr'><strong>Aufe-</strong></span> 
     </span>
    </p>
   </div>
   <div class='ocr_carea' id='block_1_112' title="bbox 2082 5315 2983 5371">
    <p class='ocr_par' dir='ltr' id='par_1_112' title="bbox 2082 5315 2983 5371">
     <span class='ocr_line' id='line_1_112' title="bbox 2082 5315 2983 5371; baseline -0.004 -1"><span class='ocrx_word' id='word_1_713' title='bbox 2082 5326 2262 5371; x_wconf 88' lang='lat' dir='ltr'><strong>rentes</strong></span> <span class='ocrx_word' id='word_1_714' title='bbox 2290 5317 2358 5370; x_wconf 90' lang='lat' dir='ltr'><strong>ab</strong></span> <span class='ocrx_word' id='word_1_715' title='bbox 2386 5317 2464 5370; x_wconf 85' lang='lat' dir='ltr'><strong>eis</strong></span> <span class='ocrx_word' id='word_1_716' title='bbox 2483 5330 2704 5368; x_wconf 88' lang='lat' dir='ltr'><strong>causam</strong></span> <span class='ocrx_word' id='word_1_717' title='bbox 2738 5315 2983 5367; x_wconf 65' lang='lat' dir='ltr'><strong>luxuriat.</strong></span> 
     </span>
    </p>
   </div>
   <div class='ocr_carea' id='block_1_113' title="bbox 2161 5406 3652 5475">
    <p class='ocr_par' dir='ltr' id='par_1_113' title="bbox 2161 5406 3652 5475">
     <span class='ocr_line' id='line_1_113' title="bbox 2161 5406 3652 5475; baseline -0.001 -15"><span class='ocrx_word' id='word_1_718' title='bbox 2161 5428 2180 5460; x_wconf 75' lang='grc' dir='ltr'><strong>ι</strong></span> <span class='ocrx_word' id='word_1_719' title='bbox 2217 5411 2271 5462; x_wconf 95' lang='lat' dir='ltr'><strong>ln</strong></span> <span class='ocrx_word' id='word_1_720' title='bbox 2302 5409 2569 5462; x_wconf 88' lang='lat' dir='ltr'><strong>omnibus.</strong></span> <span class='ocrx_word' id='word_1_721' title='bbox 2613 5426 2629 5457; x_wconf 81' lang='grc' dir='ltr'><strong>ι</strong></span> <span class='ocrx_word' id='word_1_722' title='bbox 2660 5406 2787 5472; x_wconf 72' lang='lat' dir='ltr'><strong>Quae</strong></span> <span class='ocrx_word' id='word_1_723' title='bbox 2815 5407 3139 5475; x_wconf 82' lang='lat' dir='ltr'><strong>junguntur,</strong></span> <span class='ocrx_word' id='word_1_724' title='bbox 3191 5407 3306 5461; x_wconf 81' lang='lat' dir='ltr'><strong>sive</strong></span> <span class='ocrx_word' id='word_1_725' title='bbox 3339 5420 3448 5460; x_wconf 91' lang='lat' dir='ltr'><strong>non</strong></span> <span class='ocrx_word' id='word_1_726' title='bbox 3479 5407 3652 5461; x_wconf 75' lang='lat' dir='ltr'><strong>sdlum</strong></span> 
     </span>
    </p>
   </div>
   <div class='ocr_carea' id='block_1_114' title="bbox 2081 5499 2766 5570">
    <p class='ocr_par' dir='ltr' id='par_1_114' title="bbox 2081 5499 2766 5570">
     <span class='ocr_line' id='line_1_114' title="bbox 2081 5499 2766 5570; baseline -0.007 -15"><span class='ocrx_word' id='word_1_727' title='bbox 2081 5515 2330 5570; x_wconf 89' lang='lat' dir='ltr'><strong>c0rpore,</strong></span> <span class='ocrx_word' id='word_1_728' title='bbox 2361 5499 2454 5553; x_wconf 90' lang='lat' dir='ltr'><strong>sed</strong></span> <span class='ocrx_word' id='word_1_729' title='bbox 2481 5509 2534 5552; x_wconf 86' lang='lat' dir='ltr'><strong>et</strong></span> <span class='ocrx_word' id='word_1_730' title='bbox 2563 5507 2766 5551; x_wconf 86' lang='lat' dir='ltr'><strong>mente.</strong></span> 
     </span>
    </p>
   </div>
   <div class='ocr_carea' id='block_1_115' title="bbox 2159 5589 3647 5658">
    <p class='ocr_par' dir='ltr' id='par_1_115' title="bbox 2159 5589 3647 5658">
     <span class='ocr_line' id='line_1_115' title="bbox 2159 5589 3647 5658; baseline -0.001 -17"><span class='ocrx_word' id='word_1_731' title='bbox 2159 5610 2177 5641; x_wconf 71' lang='grc' dir='ltr'><strong>ε</strong></span> <span class='ocrx_word' id='word_1_732' title='bbox 2213 5589 2466 5657; x_wconf 86' lang='lat' dir='ltr'><strong>Teipsum</strong></span> <span class='ocrx_word' id='word_1_733' title='bbox 2511 5591 2690 5658; x_wconf 70' lang='lat' dir='ltr'><strong>praebe</strong></span> <span class='ocrx_word' id='word_1_734' title='bbox 2717 5589 3016 5657; x_wconf 81' lang='lat' dir='ltr'><strong>exemplum</strong></span> <span class='ocrx_word' id='word_1_735' title='bbox 3043 5590 3311 5645; x_wconf 88' lang='lat' dir='ltr'><strong>bonorum</strong></span> <span class='ocrx_word' id='word_1_736' title='bbox 3341 5603 3587 5658; x_wconf 90' lang='lat' dir='ltr'><strong>operum.</strong></span> <span class='ocrx_word' id='word_1_737' title='bbox 3628 5607 3647 5640; x_wconf 69' lang='grc' dir='ltr'><strong>ι</strong></span> 
     </span>
    </p>
   </div>
   <div class='ocr_carea' id='block_1_116' title="bbox 2081 5679 3653 5752">
    <p class='ocr_par' dir='ltr' id='par_1_116' title="bbox 2081 5679 3653 5752">
     <span class='ocr_line' id='line_1_116' title="bbox 2081 5679 3653 5752; baseline -0.001 -15"><span class='ocrx_word' id='word_1_738' title='bbox 2081 5683 2160 5738; x_wconf 85' lang='lat' dir='ltr'><strong>Ne</strong></span> <span class='ocrx_word' id='word_1_739' title='bbox 2192 5683 2438 5752; x_wconf 81' lang='lat' dir='ltr'><strong>exetnplo</strong></span> <span class='ocrx_word' id='word_1_740' title='bbox 2467 5683 2716 5736; x_wconf 85' lang='lat' dir='ltr'><strong>destruas</strong></span> <span class='ocrx_word' id='word_1_741' title='bbox 2741 5683 2986 5748; x_wconf 82' lang='lat' dir='ltr'><strong>verbum,</strong></span> <span class='ocrx_word' id='word_1_742' title='bbox 3017 5691 3069 5736; x_wconf 81' lang='lat' dir='ltr'><strong>et</strong></span> <span class='ocrx_word' id='word_1_743' title='bbox 3100 5691 3157 5737; x_wconf 92' lang='lat' dir='ltr'><strong>ut</strong></span> <span class='ocrx_word' id='word_1_744' title='bbox 3185 5681 3450 5739; x_wconf 88' lang='lat' dir='ltr'><strong>audenter</strong></span> <span class='ocrx_word' id='word_1_745' title='bbox 3480 5679 3653 5738; x_wconf 84' lang='lat' dir='ltr'><strong>corri-</strong></span> 
     </span>
    </p>
   </div>
   <div class='ocr_carea' id='block_1_117' title="bbox 2083 5777 2628 5846">
    <p class='ocr_par' dir='ltr' id='par_1_117' title="bbox 2083 5777 2628 5846">
     <span class='ocr_line' id='line_1_117' title="bbox 2083 5777 2628 5846; baseline 0 -18"><span class='ocrx_word' id='word_1_746' title='bbox 2083 5781 2195 5846; x_wconf 82' lang='lat' dir='ltr'><strong>pias</strong></span> <span class='ocrx_word' id='word_1_747' title='bbox 2233 5777 2628 5845; x_wconf 75' lang='lat' dir='ltr'><strong>delinquentes.</strong></span> 
     </span>
    </p>
   </div>
  </div>
