3954 6194
47 5549 54 5580 ς

47 5607 52 5622 Ι

47 5687 56 5734 ξ

418 311 523 382 943
1347 316 1407 378 8.
1445 315 1740 376 ΠΙΕΒΟΝ
1753 317 1879 376 ΥΜΙ
1907 316 2011 378 ὈΡ

2135 321 2238 380 [ΙΜ
2273 319 2523 380 ΜᾺΝΤῘ
2533 319 2659 380 ΞΞἉ
2672 367 2686 382 .
3557 317 3654 386 944

489 430 544 483 In
599 430 872 499 doctrina,
919 433 974 488 in
1005 431 1342 500 integritate,
1380 431 1434 484 in
1480 432 1769 501 gravitate.
1804 451 1823 484 ι
1879 433 1998 499 Quo
2023 453 2073 512 Δ
2104 441 2202 491 bus
2231 441 2418 501 variis,
2451 438 2506 491 in
2539 435 2748 490 malitia
2775 443 2828 490 et
2860 433 3062 488 invidia
3107 439 3333 505 agentes
3367 453 3381 490 :
3415 433 3659 502 odibiles,

419 523 758 578 solummodo
783 524 962 579 doceri
989 520 1515 592 potest;’integritas
1545 538 1676 577 vero
1725 539 1824 578 nec
1861 541 1992 580 mu.

421 613 642 668 nerihus
675 614 1066 682 corrumpitur,
1100 627 1201 667 nec
1232 615 1546 680 acceptione
1576 629 1848 680 personae.

499 723 518 756 ι
558 705 790 760 Verbum
842 719 1082 770 sanum,
1142 706 1650 774 irreprehensihile.
1707 727 1725 759 ι
1786 706 1998 760 Nullius

423 795 748 849 adulationis
779 796 1103 850 accensione
1137 795 1423 864 languens.

501 902 520 936 ι
566 885 634 940 L't
669 887 735 952 is,
766 888 856 955 qui
889 901 952 940 ex
989 886 1222 942 adverso
1249 896 1354 952 est,
1400 898 1676 952 vereatur,
1719 889 1854 943 nihil
1898 887 1999 942 lia-

426 979 562 1032 bens
599 979 796 1032 malum
831 979 1010 1032 dicere
1043 981 1107 1034 de
1138 980 1316 1034 vobis.
1345 999 1363 1030 ι
1403 981 1500 1045 Qui
1544 983 1642 1033 tibi
1673 991 1847 1048 potest
1874 997 2002 1035 ton-

427 1065 716 1136 tradicere,
749 1070 796 1124 si
831 1071 961 1139 quid
997 1071 1048 1123 in
1081 1078 1133 1124 te
1168 1071 1272 1126 tale
1308 1074 1602 1124 notaverit.

505 1179 523 1213 ι
565 1161 766 1216 Servos
795 1161 1030 1216 dominis
1058 1163 1172 1216 suis
1199 1163 1446 1217 subditos
1477 1178 1622 1227 esse,
1662 1166 1716 1216 in
1749 1163 2003 1218 omnibus

427 1251 728 1321 placentes.
770 1273 788 1304 ι
827 1252 1247 1322 Quaeimperant
1274 1252 1442 1320 justa.

503 1363 524 1397 ι
564 1345 679 1399 Νοιι
709 1346 1171 1399 ροιιῑι·ειιιίρριιιθε.
1215 1365 1232 1395 ι
1272 1345 1349 1398 Ne
1394 1347 1884 1400 murmurationem
1927 1346 2004 1398 fa-

429 1437 655 1500 cientes.
692 1447 744 1492 et
771 1439 1020 1492 mercede
1041 1436 1350 1506 privetnini,
1375 1446 1427 1489 et
1452 1436 1698 1492 homines
1730 1439 2007 1494 exsistalis

431 1527 658 1598 ingrati.

509 1638 528 1671 ι
565 1619 680 1673 Non
737 1620 1078 1686 inundantes,
1119 1621 1212 1674 sed
1237 1619 1290 1672 in
1339 1618 1586 1674 omnibus
1624 1619 1779 1673 [idem
1811 1619 2005 1673 bonum

344 1783 358 1794 _
433 1711 800 1764 ostendentes.
842 1729 858 1760 ι
906 1711 1032 1764 Sive
1083 1711 1135 1764 in
1190 1710 1271 1762 his
1309 1725 1427 1778 quae
1471 1702 1580 1764 illis
1615 1711 2003 1772 conceduntur,

2101 531 2352 583 odientes
2382 529 2637 581 invicem.
2685 543 2704 578 ι
2738 525 2815 581 Ne
2843 525 3138 594 desperent
3169 526 3520 596 correptione
3545 541 3658 596 sua,

2098 623 2324 690 opponit
2347 618 2659 688 exemplum
2697 631 2776 683 se,
2810 617 2937 687 quia
2981 628 3039 674 et
3076 633 3173 673 nos
3219 619 3441 686 fuimus,
3474 620 3660 689 inquit,

2103 716 2237 768 tales
2285 732 2298 767 :
2335 714 2602 786 debemus
2648 713 2814 782 igitur
2855 713 3128 782 patienter
3161 729 3353 768 eormn
3408 715 3663 784 insipien-

2103 807 2226 858 tiam
2261 806 2512 860 tolerare.

2177 917 2195 950 ι
2235 899 2372 953 Cum
2405 908 2584 952 autem
2622 897 2952 966 benignitas,
2987 906 3040 952 et
3071 897 3387 951 humanitas
3418 901 3662 966 apparuit

2103 991 2406 1044 Salvatoris
2442 992 2619 1044 nostri
2667 989 2761 1044 Dei
2805 1009 2819 1043 :
2859 1006 2962 1044 non
2995 1005 3060 1044 ex
3117 992 3378 1061 operibus
3424 991 3663 1061 justitim,

2104 1097 2223 1148 qua:
2266 1082 2493 1136 fecimus
2550 1095 2679 1143 nos,
2743 1080 2835 1134 sed
2881 1079 3180 1134 secundum
3245 1079 3663 1136 misericordiam

2104 1189 2280 1234 suam.
2314 1174 2493 1229 salvos
2510 1189 2610 1229 nos
2635 1173 2784 1229 fecit.
2815 1191 2835 1226 ι
2876 1171 3003 1227 Sive
3037 1171 3259 1241 largitas
3295 1173 3668 1230 misericordia

2107 1265 2222 1332 Dei,
2257 1269 2371 1322 sive
2404 1268 2701 1322 secundum
2735 1266 3010 1320 hominem
3045 1265 3315 1320 Christus.

2181 1377 2199 1410 ι
2245 1360 2352 1416 Per“
2387 1359 2666 1416 lavacrum
2726 1358 3152 1428 regenerationis
3209 1366 3264 1412 et
3290 1359 3667 1427 ~renovationis

2109 1451 2345 1522 Spiritus
2402 1453 2600 1508 sancti.
2639 1470 2658 1503 ι
2721 1451 2860 1516 Quia
2912 1467 3010 1507 nos
3041 1451 3280 1520 Spiritus
3307 1463 3530 1510 sanctus
3583 1469 3670 1525 per

2109 1543 2434 1612 baptismum
2471 1543 2775 1598 renovavit.

2186 1653 2204 1684 ι
2244 1635 2415 1702 Quem
2443 1635 2634 1692 eli'udit
2669 1635 2722 1692 in
2779 1649 2878 1690 nos
2927 1633 3139 1692 abunde
3179 1647 3277 1703 per
3307 1631 3490 1690 Iesum
3521 1635 3671 1692 Chri-

2109 1739 2253 1782 stum
2274 1728 2610 1784 Salvatorem
2641 1736 2906 1784 nostrum.
2951 1745 2972 1779 ι
3010 1727 3388 1783 Abundantius
3427 1743 3587 1800 quam
3623 1729 3672 1784 is

434 1804 549 1857 sive
584 1813 639 1855 nt
669 1805 722 1854 in
752 1817 915 1871 Opere
943 1804 1236 1856 ostendant
1290 1804 1490 1856 bonum
1524 1815 1646 1855 esse
1688 1800 1832 1868 quod
1877 1815 2002 1855 ere-
2041 1797 2080 1850 Β
2116 1820 2294 1874 veleri
2332 1820 2702 1874 Tcsmmemo.

437 1897 596 1948 dunt.

513 2005 532 2037 ι
565 1986 630 2041 Ut
663 1985 964 2040 ιιιιι·ιι·ῖιιειιιι
1015 1983 1319 2039 Salvator-is
1365 1984 1537 2039 nostri
1588 1983 1678 2038 Dei
1707 1994 1907 2038 ornent
1954 1986 2008 2037 in

437 2081 709 2132 Omnibus.
743 2098 762 2128 ι
801 2077 934 2130 Dum
967 2093 1150 2130 eorum
1186 2077 1445 2144 operibus
1484 2078 1796 2130 laudantur.

513 2191 530 2222 ι
565 2169 832 2240 Apparuit
863 2171 1009 2224 enim
1039 2172 1211 2238 gratia
1258 2171 1348 2223 Dei
1400 2185 1453 2223 et
1505 2170 1802 2224 Salvatoris
1837 2169 2009 2222 nostri

436 2258 1044 2314 omnibushominibus.
1079 2278 1098 2310 ι
1134 2257 1343 2310 Nullam
1379 2259 1748 2312 conditionem
1779 2259 2007 2326 eseipit.

517 2371 536 2402 ε
586 2350 859 2405 Erudiens
905 2366 1025 2414 nos,
1065 2361 1120 2402 ut
1176 2349 1508 2418 abnegantes
1567 2349 1896 2419 impietatem
1959 2357 2014 2403 et

435 2444 720 2496 saecularia
753 2442 1044 2495 desideria.
1083 2459 1101 2490 ι
1160 2438 1434 2493 Sasculare
1483 2452 1567 2494 est
1600 2457 1761 2494 omne
1793 2442 2008 2494 deside-

438 2539 574 2589 rium
607 2536 842 2598 carnale,
883 2543 938 2587 et
965 2535 1148 2586 omnis
1177 2533 1439 2586 habitatio
1472 2533 1810 2600 temporalis.

511 2645 531 2679 ι
575 2627 790 2680 Sobrie.
830 2625 1099 2689 Pcrl'ecte,
1164 2624 1395 2676 Domino
1448 2625 1708 2677 dici-nte:
1749 2622 2014 2674 Attendile

439 2733 503 2770 ne
527 2726 812 2787 gratentur
841 2715 1000 2767 corda
1055 2727 1221 2768 vestra
1268 2716 1322 2768 in
1378 2715 1617 2782 crapula,
1657 2709 1720 2768 ρι’
1739 2716 2009 2778 ebrietate,

435 2818 482 2860 et
519 2809 660 2860 curis
687 2805 844 2873 hujus
872 2808 992 2859 vita:
1019 2803 1170 2874 (Luc.
1199 2822 1308 2869 ut,
1336 2805 1450 2868 ⁸54).

514 2921 533 2952 ι
574 2900 814 2966 Etjusze
855 2909 909 2954 et
936 2900 1021 2968 pie
1057 2899 1302 2952 viVatnns
1353 2898 1410 2950 in
1441 2900 1542 2951 hoc
1583 2897 1805 2951 saeculo.
1844 2913 1862 2948 ι
1915 2893 2012 2949 Ju-

436 2993 580 3048 stitia
609 3007 717 3045 non
761 2998 1119 3060 temperatur,
1155 2990 1260 3044 nisi
1295 2988 1472 3058 pietas
1495 2988 1840 3057 attjungatur.

513 3101 532 3134 ι
577 3083 966 3148 Exspectantes
996 3080 1203 3134 beatam
1232 3093 1406 3148 spem.
1433 3096 1454 3130 ι
1477 3079 1582 3144 Qui
1611 3079 1730 3147 ejus
1761 3081 2012 3131 mandata

437 3174 798 3230 servaverint.

513 3285 534 3319 ι
579 3266 646 3320 Et
671 3266 962 3319 adventum
983 3263 1168 3333 gloria:
1199 3265 1377 3333 magni
1408 3262 1496 3318 Dei
1519 3275 1574 3317 et
1591 3261 1889 3322 salvatoris
1910 3275 2010 3315 no-

438 3359 539 3413 stri
580 3357 705 3412 Jesu
735 3356 960 3410 Christi.
999 3375 1016 3407 ι
1055 3356 1318 3424 Spiritum
1365 3356 1498 3410 dicit
1529 3369 1782 3422 magnum
1824 3353 2010 3418 Deum,

437 3449 564 3521 quia
601 3451 770 3518 ipsius
785 3455 1168 3515 exspectamus
1190 3448 1502 3501 adventum.

515 3559 535 3593 ι
572 3540 676 3608 Qui
710 3542 858 3594 dedit
885 3540 1230 3608 semetipsum
1265 3555 1361 3610 pro
1404 3539 1584 3605 nobis,
1633 3548 1689 3591 ut
1721 3552 1820 3590 nos
1859 3537 2008 3590 redi-

442 3646 616 3690 meret
659 3637 724 3689 ab
752 3636 900 3688 omni
934 3635 1246 3702 iniquitate,
1280 3643 1334 3687 et
1365 3632 1653 3686 mundaret
1701 3631 1802 3684 sibi
1837 3645 2009 3698 popu-

439 3727 550 3780 lum
582 3726 998 3792 acceptabilem,
1036 3733 1364 3780 sectatorem
1403 3723 1672 3778 honorum
1703 3736 1950 3790 operum.
1981 3739 1997 3770 ι

439 3820 574 3887 Quia
593 3836 656 3874 se
678 3820 851 3884 dedit,
885 3835 1174 3873 caveamus
1219 3834 1290 3874 ne
1332 3818 1653 3874 beneficium
1686 3816 1804 3885 ejus
1855 3817 2016 3867 inane

439 3925 492 3968 et
522 3915 740 3968 irritum
774 3913 1060 3968 iaciamus.

515 4025 536 4057 ι
563 4005 687 4061 llazc
716 4006 936 4074 loquere
958 4014 1011 4058 et
1044 4003 1356 4057 exhortare.
1400 4020 1418 4053 ι
1457 4000 1648 4055 Omnis
1679 4016 1858 4056 sermo
1893 4010 2016 4056 tuus
2065 4013 2087 4036 ί

443 4099 497 4152 in
531 4099 630 4151 hac
659 4097 1041 4152 exhortatione
1073 4095 1356 4148 consistat.
1785 4149 1809 4172 χ

517 4207 536 4242 ι
584 4191 648 4243 Et
673 4205 840 4258 argue
869 4203 992 4241 cum
1019 4187 1164 4240 omni
1191 4187 1436 4256 imperio.
1469 4184 1718 4238 iAcritcr
1744 4197 1909 4254 argue
1924 4195 2015 4236 eos

405 4287 420 4298 ‘
442 4283 532 4350 qui
568 4283 638 4334 ita
673 4296 784 4336 non
819 4283 1024 4334 vivunt.

524 4393 542 4426 ι
585 4374 754 4428 Nemo
810 4382 859 4426 te
915 4379 1252 4426 contemnat.
1283 4387 1302 4422 ι
1341 4367 1530 4422 Talem
1564 4378 1617 4421 te
1671 4364 1869 4420 exhibe
1895 4404 1910 4428 ,
1947 4376 2017 4416 ne

423 4466 725 4522 .eontemni
775 4465 971 4533 possis.
1024 4463 1142 4518 Vita
1196 4463 1341 4516 enim
1389 4459 1774 4514 auctoritatem
1823 4455 2014 4510 tribuit

445 4565 634 4614 verbo.

1046 4621 1272 4678 CAPUT
1323 4621 1414 4674 ill.

443 4725 462 4738 ’
523 4759 543 4792 ι
583 4741 829 4794 Admone
861 4738 1002 4805 illos,
1035 4737 1372 4808 principibus
1408 4746 1463 4790 et
1496 4732 1862 4802 potestatibus
1894 4729 2021 4784 sub-

447 4832 590 4889 ditos
645 4847 786 4896 esse,
821 4833 966 4886 dicto
997 4833 1241 4892 obedire,
1318 4830 1382 4880 ad
1420 4843 1580 4880 omne
1628 4840 1763 4890 opus
1817 4826 2018 4874 bonum

449 4937 674 4996 paratos
699 4939 840 4978 esse.
879 4942 898 4973 ›
939 4920 1058 4978 Non
1089 4924 1152 4974 ad
1195 4921 1412 4990 aliquod
1446 4919 1666 4970 malunt.

527 5034 545 5066 ι
587 5017 865 5072 Neminem
899 5014 1296 5082 blasphemare.
1336 5030 1354 5060 ι
1387 5006 1464 5062 Ne
1505 5009 1625 5059 illos
1665 5005 1879 5073 quidem
1930 5001 2021 5072 qui

453 5118 754 5162 merentur.

531 5219 548 5250 ι
582 5198 699 5252 Non
739 5198 1004 5268 litigiosus
1031 5211 1170 5262 esse,
1203 5193 1301 5248 sed
1341 5191 1638 5246 modestos.
1680 5207 1698 5239 ι
1741 5186 1818 5242 Ne
1849 5184 2024 5238 vicem

453 5292 748 5356 reddendo,
783 5301 1080 5359 provocent.
1107 5289 1279 5341 litem.

538 5405 560 5442 ι
584 5385 813 5441 Omnem
845 5383 1200 5438 ostendentes
1225 5378 1698 5434 uiansuetudinem
1731 5375 1795 5426 ad
1830 5385 2024 5426 omnes

451 5480 724 5534 homines.
769 5495 787 5528 ι
823 5476 942 5530 Non
973 5477 1147 5530 solum
1176 5475 1242 5528 ad
1269 5475 1465 5536 bonos,
1507 5470 1590 5524 vel
1618 5468 1682 5522 ad
1717 5465 1954 5520 amicos.

529 5589 550 5626 ι
581 5570 814 5625 Eramus
855 5571 999 5624 enim
1031 5567 1324 5636 aliquando
1350 5576 1404 5619 et
1430 5578 1538 5618 nos
1570 5561 1913 5628 insipientes,
1949 5557 2032 5610 in-

457 5665 688 5730 creduli,
715 5673 986 5728 errantes,
1019 5661 1319 5716 servientes
1346 5653 1635 5712 desideriis
1661 5662 1714 5706 et.
1745 5648 2032 5716 voluptati-

2189 1932 2206 1964 ι
2246 1910 2337 1975 Ut,
2367 1911 2645 1981 iustiﬁcati
2683 1912 2858 1982 gratia
2881 1910 3077 1981 ipsius,
3105 1911 3349 1968 haeredes
3377 1905 3674 1978 simu§,se-

2113 2006 2350 2059 cundum
2379 2021 2530 2073 spem
2578 2007 2699 2058 vita:
2735 2015 2972 2058 mterme.
3007 2021 3027 2054 ι
3078 2003 3197 2059 Non
3239 2006 3532 2061 secundum
3564 2019 3672 2058 car-

2115 2083 2288 2154 nalem
2322 2097 2690 2151 haereditatem
2734 2095 2854 2150 vita:
2883 2097 3214 2166 temporalis.

2190 2209 2209 2242 ‹
2257 2190 2453 2268 Fidelis
2483 2203 2663 2242 sermo
2695 2199 2796 2244 est.
2837 2209 2856 2240 ι
2899 2187 2977 2242 Ne
2995 2189 3118 2258 quis
3137 2191 3358 2246 dubitet.

2182 2301 2201 2334 ι
2239 2282 2305 2335 Et
2357 2284 2422 2336 de
2472 2282 2558 2336 bis
2595 2281 2716 2336 volo
2773 2291 2825 2336 te
2879 2281 3222 2337 continuare.
3251 2302 3272 2336 ι
3337 2283 3664 2339 (leniit-mare

2113 2379 2400 2442 scientem,
2427 2392 2530 2430 non
2565 2376 2834 2431 instruere
2864 2377 3229 2448 ignorantem.

2173 2488 2210 2522 ..ι
2257 2467 2325 2524 Ut
2358 2480 2552 2524 curent
2603 2467 2760 2522 bonis
2809 2468 3065 2536 operibus
3119 2486 3348 2537 prmesse
3378 2511 3390 2534 ,
3424 2471 3513 2540 qui
3561 2487 3672 2526 crc-

2117 2565 2250 2616 dunt
2277 2562 2404 2616 Deo.
2441 2580 2462 2612 ι
2495 2564 2574 2615 Ad
2608 2562 2746 2614 bona
2781 2575 2943 2629 opera
2983 2564 3221 2618 ducenda
3253 2578 3502 2630 praessc.

2193 2671 2214 2704 ι
2262 2653 2384 2708 Haec
2421 2663 2545 2707 sunt
2592 2652 2731 2706 bona
2767 2661 2822 2705 ct
2881 2650 3035 2705 utilia
3099 2653 3430 2710 hominibus.
3464 2673 3482 2706 ι
3537 2653 3677 2720 Haec,

2120 2763 2222 2801 non
2270 2748 2356 2802 illa
2401 2763 2520 2816 quae
2545 2755 2870 2816 sequuntur.

2195 2858 2213 2890 ι
2257 2839 2459 2892 Stultus
2501 2849 2681 2892 autem
2713 2840 3080 2907 quaestiones,
3128 2847 3180 2893 et
3227 2839 3586 2909 genealogias,
3631 2849 3681 2894 et

2115 2933 2516 2987 contentiones.
2553 2949 2574 2983 ι
2624 2932 2739 2985 Non
2777 2933 2888 2986 vult
2927 2947 3024 2986 nos
3052 2931 3342 3002 superﬂuis
3384 2939 3677 2988 contentio-

2118 3025 2276 3080 nibus
2333 3025 2618 3094 implicari,
2655 3040 2798 3096 quze,
2832 3026 2884 3080 in
2943 3026 3077 3097 lege,
3133 3028 3198 3079 de
3247 3028 3682 3097 generationibus

2042 3153 2082 3208 ο
2121 3117 2374 3171 oriuntur
2416 3134 2431 3170 :
2463 3117 2556 3171 sed
2588 3119 2702 3172 hac
2751 3117 2896 3187 loqui
2926 3133 3163 3187 semper,
3197 3118 3266 3173 de
3305 3119 3500 3187 quibus
3521 3121 3678 3186 proti-

2118 3208 2260 3261 cient
2298 3208 2601 3262 audientes.

2194 3319 2212 3350 ‹
2259 3297 2320 3351 Et
2355 3315 2560 3369 pugnas
2595 3299 2730 3370 legis
2777 3302 2956 3356 devita
2987 3319 3000 3355 :
3037 3309 3164 3354 sunt
3189 3300 3334 3355 enim
3385 3301 3602 3355 inutiles
3634 3307 3682 3354 et

2118 3407 2286 3446 vana).
2315 3411 2332 3442 ι
2362 3391 2530 3457 Quasi
2557 3395 2845 3447 contrariae
2875 3395 3267 3462 oppesitiones,
3285 3407 3421 3461 quas
3450 3393 3679 3446 han'etici

2119 3495 2524 3539 consectantur.

2193 3594 2210 3628 ι
2245 3574 2570 3629 lbereticunt
2624 3575 2899 3629 hominem
2939 3585 3058 3644 post
3095 3591 3252 3627 unam
3303 3585 3358 3629 et
3389 3577 3678 3631 secundum

2118 3669 2515 3736 correptioncm
2550 3668 2750 3732 devita,
2783 3669 2962 3722 sciens
2991 3671 3118 3737 quia
3148 3669 3440 3722 subversus
3467 3681 3573 3732 est,
3595 3672 3680 3739 qui

2117 3762 2382 3832 ejusmodi
2413 3773 2517 3827 est,
2550 3770 2603 3816 et
2631 3761 2917 3830 delinquit,
2950 3777 3072 3816 cum
3105 3763 3174 3815 sit
3215 3763 3433 3832 pr0prio
3479 3763 3679 3828 judicio

2119 3857 2534 3910 condemnatus.
2573 3874 2592 3906 ι
2643 3854 2752 3909 Nec
2788 3855 2928 3909 circa
2958 3855 3102 3923 ipsos
3150 3871 3249 3910 nos
3277 3857 3530 3925 occupari
3564 3871 3683 3926 per-

2120 3950 2306 4013 mittit,
2343 3949 2387 4002 si
2423 3948 2660 4018 correpti
2692 3948 2886 4002 iterant
2923 3963 3030 4001 non
3053 3947 3418 4015 corrigantur,
3456 3964 3524 4001 ne
3558 3959 3683 3999 tent-

2118 4059 2218 4113 pus
2247 4042 2394 4096 inani
2435 4044 2783 4098 contentione
2812 4043 3136 4111 perdamus;
3171 4052 3224 4096 et
3253 4042 3452 4110 aliquid
3473 4042 3684 4109 proprio

2113 4135 2317 4204 judicio
2351 4146 2580 4191 conatus
2615 4135 2752 4189 nihil
2780 4135 2996 4198 ciliciet,
3020 4134 3144 4204 quia
3169 4134 3461 4203 unicuique
3511 4139 3684 4185 manet

2119 4227 2584 4291 libertasarbitrti,
2611 4239 2666 4282 et
2689 4228 2938 4282 funiculis
2961 4237 3304 4296 peccatorum
3326 4225 3687 4294 unusqttis‘qne

2120 4323 2536 4391 constringitur.

2201 4432 2222 4465 ι
2259 4413 2394 4469 Cum
2434 4412 2632 4466 misero
2659 4409 2721 4463 ad
2761 4419 2808 4461 te
2839 4408 3118 4462 Artemam
3147 4414 3241 4460 aut
3263 4404 3587 4476 Tychicum,
3617 4406 3691 4460 fe-

2055 4514 2095 4567 l)
2127 4507 2268 4560 stiria
2293 4504 2360 4558 ad
2394 4518 2480 4557 me
2506 4502 2690 4556 venire
2714 4501 3011 4570 Nicepolim
3044 4517 3058 4554 :
3095 4498 3166 4554 ibi
3192 4500 3337 4552 enim
3366 4499 3534 4552 Statui
3568 4499 3683 4549 hie-

2130 4613 2296 4652 mare.
2330 4594 2528 4648 Zenam
2563 4592 2928 4664 legisperitum
2972 4601 3028 4646 et
3065 4590 3257 4661 Apollo
3290 4590 3526 4645 sollicite
3561 4602 3690 4657 prato

2133 4691 2308 4753 mitte,
2343 4698 2398 4740 ιιι
2429 4687 2563 4742 nihil
2595 4687 2702 4740 illis
2753 4685 2908 4738 desit.
2950 4702 2970 4736 ι
3026 4683 3096 4738 Ut
3145 4681 3279 4736 nihil
3339 4682 3570 4750 perdant
3623 4680 3688 4732 de

2126 4781 2305 4834 [ructu
2336 4777 2599 4832 doetrina’:
2637 4775 2942 4832 tardantes.

2204 4912 2222 4944 ι
2270 4894 2486 4948 Discant
2516 4901 2769 4945 autemet
2799 4890 2963 4944 vestri
2991 4889 3150 4944 bonis
3171 4890 3428 4958 operibus
3459 4901 3689 4954 praeesse

2128 4985 2197 5039 ad
2256 5000 2383 5039 usus
2451 4983 2811 5045 necessarios,
2851 4990 2906 5033 ut
2962 4996 3064 5035 non
3122 4982 3231 5034 sint
3289 4977 3634 5035 inlructuusi.
3671 4996 3686 5027 ι

2127 5077 2371 5146 ldipsum
2422 5075 2655 5148 repetit,
2704 5074 2845 5144 quod
2901 5073 3153 5142 superius
3185 5075 3395 5126 dixerat
3435 5089 3452 5126 :
3496 5071 3687 5125 Carent

2131 5171 2278 5223 bonis
2306 5170 2550 5237 operibus
2593 5183 2814 5236 praeesse
2843 5167 3130 5220 credentes.

2213 5281 2230 5312 ι
2279 5263 2524 5316 Salutant
2585 5271 2634 5314 te
2670 5260 2756 5326 qui
2826 5273 3034 5312 mecum
3087 5266 3212 5309 sunt
3242 5271 3453 5310 omnes.
3511 5254 3688 5308 Saluta

2131 5373 2224 5412 eos
2275 5355 2366 5424 qui
2404 5370 2498 5408 nos
2539 5361 2724 5406 amant
2756 5351 2806 5405 itt
2843 5350 2966 5405 (ide.
3003 5349 3190 5404 Gratia
3233 5349 3327 5403 Dei
3373 5363 3496 5402 cum
3529 5347 3694 5400 omni-

2133 5451 2234 5502 bus
2273 5448 2445 5502 vobis.
2481 5448 2676 5501 Amen.
2708 5463 2726 5496 ι
2767 5445 2871 5512 Qui
2932 5459 3030 5498 nos
3058 5441 3294 5499 lideliter
3336 5452 3545 5506 amant,
3588 5443 3694 5492 sive

2136 5544 2227 5611 qui
2266 5540 2392 5594 iidei
2424 5553 2586 5594 causa
2624 5553 2721 5592 nos
2751 5546 2958 5591 amant.
2996 5534 3298 5592 Notandum
3328 5533 3471 5605 quod
3499 5532 3694 5605 excipit

2136 5636 2406 5706 apostolos
2443 5648 2582 5703 quos
2609 5634 2828 5688 salutat.
