3954 6194
318 385 428 451 945

1163 400 1574 465 EXPOSITIO
1614 406 1701 469 IN
1737 407 1974 474 EPIST.
2018 415 2119 475 AD
2154 415 2699 488 PHILEMONEM.

3456 439 3561 503 θιθ

311 536 3541 628 um

918 712 1043 802 ΙΝ
1120 714 1805 813 EPISTOLAM
1878 729 2031 819 AD
2108 723 2959 833 PHILEMONEM.

792 1044 1023 1103 CAPUT
1073 1046 1361 1105 UNICUM.

264 1118 285 1163 ’κ
375 1151 396 1187 ‹
433 1132 636 1191 Paulus
665 1137 877 1193 vinctus
917 1137 1124 1195 Christi
1162 1139 1314 1206 Jesu,
1342 1151 1396 1197 et
1418 1141 1737 1201 Timotheus
1765 1142 1877 1201 ira-

292 1234 402 1279 ter.
436 1243 457 1275 r
489 1225 545 1280 In
570 1242 815 1293 carcere,
852 1230 932 1284 vel
967 1232 1023 1285 in
1053 1234 1288 1290 catenis.

369 1332 389 1366 ι
443 1314 744 1369 Philemoni
773 1317 968 1373 dilecto
1000 1320 1236 1387 adiutori
1297 1332 1499 1383 nostro.
1534 1335 1593 1378 et
1646 1329 1873 1396 Apphiaz

288 1407 467 1459 sorori
500 1407 865 1463 eharissimw.
890 1427 910 1461 ι
947 1409 1001 1464 1η
1034 1410 1328 1482 Evangelia
1360 1416 1633 1485 adjutrici.
1659 1417 1868 1485 Appliia

293 1511 422 1550 vero
442 1512 617 1561 soror,
653 1498 732 1552 vel
768 1500 962 1569 conjux
995 1506 1255 1560 creditur.

428 1587 496 1641 Ft
518 1589 795 1659 Archippo
824 1593 1179 1648 commilitoni
1205 1607 1413 1653 nostro.
1449 1616 1469 1651 ι
1527 1598 1624 1654 Hic
1676 1604 1867 1659 diaco-

286 1694 390 1732 nus
412 1690 552 1743 erat,
585 1682 649 1735 de
682 1698 792 1751 quo
862 1682 929 1736 ad
989 1683 1345 1745 Colossenses
1397 1692 1474 1743 ait
1513 1707 1528 1744 :
1569 1691 1734 1747 Dicite
1768 1695 1866 1749 Ar-

280 1775 471 1841 chippo
502 1789 521 1827 :
566 1773 688 1827 Vide
716 1775 1065 1829 ministerium
1119 1782 1258 1849 quod
1308 1784 1583 1849 accepisti,
1619 1794 1675 1838 ut
1728 1788 1863 1841 illud

278 1866 503 1936 impleas
532 1865 754 1935 (Colon.
808 1886 883 1934 tv,
918 1870 1032 1940 l7).

357 1976 378 2008 ι
421 1957 483 2012 Et
512 1959 765 2015 Ecc'esite
796 1976 914 2030 qua:
957 1962 1009 2015 in
1029 1962 1188 2017 domo
1213 1975 1303 2017 tua
1327 1975 1409 2019 est
1442 1984 1455 2021 :
1480 1966 1660 2039 Gratia
1690 1972 1858 2039 vobis,

277 2061 338 2105 et
379 2064 485 2119 pax
512 2064 542 2104 a
593 2051 702 2106 Deo
732 2050 892 2106 Patre
921 2063 1131 2118 nostro,
1181 2062 1238 2108 et
1269 2053 1497 2113 Domino
1525 2059 1652 2113 Jcsu
1698 2062 1860 2117 Chri-

274 2122 386 2194 δίο.
427 2160 446 2193 ι
477 2139 611 2195 Cum
642 2142 789 2196 omni
817 2142 1118 2213 gratiarum
1162 2146 1378 2200 actione
1412 2157 1469 2205 et
1498 2162 1622 2204 cum
1663 2156 1859 2222 gaudio

274 2239 495 2283 exorat.

356 2336 375 2371 ι
414 2319 631 2377 Gratias
658 2336 757 2390 ago
800 2322 909 2378 Deo
947 2338 1093 2389 meo,
1122 2340 1339 2396 semper
1390 2334 1714 2389 memoriam
1773 2336 1851 2392 tui

274 2410 487 2467 faciens
554 2413 610 2466 in
661 2416 1000 2471 orationibus
1046 2417 1202 2483 meis,
1253 2421 1483 2478 audiens
1527 2426 1848 2484 charitatem

270 2510 424 2556 tuam
447 2511 501 2556 et
528 2500 712 2558 iidem.
748 2523 767 2557 ι
800 2504 932 2573 Quae
960 2508 1118 2563 nobis
1145 2510 1198 2563 in
1230 2509 1388 2565 bonis
1408 2518 1663 2583 operibus
1692 2520 1847 2575 inno-

270 2592 452 2649 tescit.

348 2703 370 2740 ι
406 2687 577 2754 Quam
603 2687 773 2744 babes
807 2688 859 2744 in
888 2690 1116 2746 Domino
1140 2690 1268 2748 Jesu
1300 2705 1355 2749 et
1402 2697 1453 2751 in
1494 2712 1686 2755 Omnes
1715 2716 1845 2758 san-

260 2787 407 2833 ctos.
432 2796 453 2830 (
483 2777 585 2844 Qui
609 2779 983 2851 diligitcaput,
1001 2797 1223 2838 necesse
1252 2794 1336 2841 est
1362 2802 1483 2842 eum
1510 2793 1688 2845 omnia
1718 2792 1845 2849 dili-

259 2884 399 2940 gere
434 2873 700 2924 membra.

342 2979 365 3012 ε
418 2960 484 3017 Ut
544 2964 966 3018 communicatio
996 2964 1149 3035 llidei
1225 2976 1331 3024 tua:
1377 2972 1598 3027 evidens
1649 2976 1743 3030 lint
1785 2975 1840 3031 in

254 3049 538 3118 agnitione
593 3055 773 3106 omnis
830 3054 1013 3122 operis
1068 3056 1192 3109 boni
1250 3058 1301 3110 in
1350 3060 1569 3115 Christo
1617 3064 1769 3118 Jesn.
1812 3084 1832 3118 ι

254 3141 469 3197 Omnes
489 3151 711 3197 sanctos
737 3143 935 3215 diligis,
978 3146 1247 3201 intentum
1272 3160 1330 3204 ut
1353 3166 1543 3207 omnes
1581 3157 1705 3210 boni
1742 3174 1838 3213 no.

253 3243 501 3287 atrorum
534 3233 587 3286 in
612 3233 833 3292 Christo
860 3236 1142 3293 evidenter
1166 3248 1225 3295 te
1258 3238 1469 3299 ﬁdelem
1490 3260 1612 3302 esse
1642 3263 1838 3319 cogno-

250 3336 438 3380 σσειιι.

338 3435 360 3470 s
393 3418 664 3474 Gaudium
696 3420 839 3475 enim
869 3437 1122 3493 magnum
1141 3424 1302 3481 habui
1322 3435 1379 3482 et
1407 3432 1832 3488 consolatmnem

250 3508 311 3562 in
352 3509 619 3566 charitate
675 3519 771 3565 tua
808 3513 977 3582 :quia
1012 3514 1220 3570 viscera
1255 3529 1566 3575 sanctorum
1618 3522 1833 3591 requie-

248 3608 456 3654 verunt
484 3614 585 3672 per
611 3613 685 3670 te,
715 3602 907 3659 frater.
947 3623 966 3657 ι
1001 3607 1149 3673 Quos
1181 3607 1417 3678 hospitio
1446 3614 1712 3680 recipiens
1742 3631 1831 3670 re-

250 3689 439 3745 fecisti
450 3731 465 3746 .

332 3798 352 3832 ι
388 3781 619 3853 PrOpter
678 3786 821 3854 quod
883 3786 1107 3842 multam
1165 3790 1423 3845 ﬁduciam
1492 3788 1700 3849 liabens
1769 3796 1784 3851 i
1842 3810 1848 3821 '

238 3871 473 3929 Christo
495 3873 649 3942 Jesu,
687 3876 985 3946 imperandi
1044 3880 1166 3936 tibi.
1200 3899 1221 3934 ι
1261 3882 1399 3937 Cum
1459 3887 1613 3941 nobis
1665 3906 1825 3944 causa

237 3965 423 4033 ipsius
447 3967 657 4023 dederit
694 3969 950 4025 fiduciam
986 3971 1312 4042 imperandi,
1354 3985 1532 4031 tamen
1557 3980 1827 4038 eharitate

230 4057 481 4112 {aciendi
510 4060 801 4115 obsecrare
826 4062 1141 4132 maluimus,
1177 4081 1341 4134 quam
1395 4069 1607 4138 jubere.

320 4165 345 4201 ι
377 4147 534 4215 Quod
562 4150 629 4205 ad
655 4165 768 4205 rem
797 4155 1055 4222 pertinet.
1096 4173 1117 4208 ι
1157 4154 1310 4224 Quod
1337 4159 1404 4215 ad
1433 4176 1545 4215 rem
1568 4164 1818 4233 pertinet

228 4242 324 4299 rei
353 4240 706 4298 Christianae.

315 4351 337 4385 ι
379 4333 609 4406 Dropter
660 4337 985 4395 charitatem
1030 4341 1205 4411 magis
1255 4343 1521 4413 obaecro,
1579 4365 1703 4405 cum
1736 4353 1814 4408 sis

227 4426 367 4479 talis
399 4434 459 4479 ut
484 4422 685 4481 Paulus
708 4442 877 4483 senex
909 4446 923 4483 :
958 4444 1106 4485 nunc
1134 4441 1315 4488 autem
1349 4446 1404 4491 et
1432 4438 1648 4496 vinctus
1679 4440 1811 4497 Jesu

220 4511 500 4569 Christi.»
536 4513 777 4571 Moribus
800 4518 947 4585 talis,
975 4519 1153 4590 qualis
1179 4521 1405 4596 ille,qui
1430 4527 1484 4582 in
1519 4544 1809 4590 senectute

218 4603 402 4660 etiam
435 4618 533 4673 pro
563 4604 786 4662 Christo
808 4608 1032 4665 vincula
1069 4626 1178 4669 non
1211 4627 1452 4677 recusat.

308 4713 332 4748 ι
361 4694 602 4755 Obsecro
635 4709 691 4757 te
734 4716 834 4772 pro
863 4717 984 4762 meo
1032 4704 1168 4777 lilio,
1210 4722 1372 4780 quem
1400 4715 1564 4784 genui
1598 4715 1655 4771 in
1690 4719 1804 4777 vin—

1882 928 1950 947 ..ο

1900 1061 1954 1121 Α
1980 1058 2138 1124 culis,
2180 1061 2464 1133 Onesimo,
2523 1068 2635 1157 qui
2672 1069 2769 1127 tibi
2808 1072 3103 1145 aliqhando
3163 1081 3374 1141 inutilis
3425 1089 3550 1157 fuit.

1976 1163 2126 1206 nunc
2163 1164 2369 1221 autem,
2427 1167 2483 1213 et
2541 1156 2674 1216 mihi
2719 1170 2774 1218 ct
2806 1166 2903 1223 tibi
2940 1173 3090 1229 utilis
3125 1189 3329 1246 :quem
3363 1186 3549 1241 remisi

1978 1242 2097 1299 tibi.
2139 1262 2160 1297 ο
2204 1246 2435 1314 Quando
2463 1260 2584 1307 erat
2617 1257 2861 1325 gentilis,
2899 1263 2983 1317 vel
3018 1242 3281 1326 carnalis.

2051 1352 2070 1387 ‹
2112 1335 2191 1390 Tu
2243 1350 2425 1395 autem
2487 1343 2664 1413 illum,
2699 1358 2759 1402 ut
2808 1330 2927 1406 inea
2979 1356 3214 1426 viscera,
3249 1366 3485 1434 suscipe.
3517 1387 3539 1420 ι

1974 1421 2129 1481 Velut
2166 1429 2334 1485 lilium
2366 1443 2617 1489 nostrum
2644 1438 3053 1503 charissimam.

2049 1537 2067 1568 ι
2099 1518 2274 1586 Quem
2313 1538 2413 1595 ego
2441 1526 2720 1584 volueram
2772 1548 2982 1590 mecum
3016 1538 3286 1611 detinere,
3324 1557 3380 1602 ut
3438 1564 3539 1619 pro

1972 1616 2022 1660 te
2055 1610 2182 1664 mihi
2217 1613 2558 1672 ministraret
2588 1619 2643 1674 in
2668 1620 2901 1679 vinculis
2933 1627 3236 1701 Evangelii.
3264 1610 3284 1688 5
3324 1638 3404 1695 Ex
3436 1610 3540 1700 hoc

1967 1715 2242 1769 cognosce
2273 1708 2455 1776 qualis
2492 1710 2584 1776 sit,
2633 1714 2729 1784 qui
2777 1713 2908 1770 mihi
2953 1719 3026 1774 ita
3082 1723 3304 1796 placuit,
3347 1741 3405 1786 ut
3443 1744 3535 1791 tua

1966 1792 2082 1846 vice
2119 1798 2478 1856 ministraret.

2043 1901 2060 1935 ε
2104 1885 2236 1942 Siue
2275 1893 2509 1948 consilio
2539 1906 2720 1952 autem
2761 1908 2853 1954 tuo
2885 1904 3023 1959 nihil
3074 1908 3219 1964 volui
3263 1914 3467 1974 facere.
3507 1936 3529 1970 ο

1963 1976 2036 2033 Ιιιι
2077 1979 2338 2049 loquitur,
2385 1996 2447 2039 ut
2491 2003 2616 2044 eum
2677 1993 2746 2046 ad
2800 1993 2981 2064 ipsum
3016 2002 3282 2071 remittat,
3306 2009 3422 2065 sive
3473 2022 3534 2067 ut

1963 2085 2136 2140 magis
2163 2075 2285 2141 ejus
2315 2077 2527 2134 utilitas
2556 2085 2993 2145 commendetur.

2036 2179 2054 2212 ι
2090 2162 2177 2216 Uti
2204 2180 2271 2220 ne
2299 2168 2445 2223 velut
2474 2185 2541 2226 ex
2573 2175 2901 2233 necessitate
2940 2180 3141 2238 bonum
3174 2193 3327 2243 tuttur
3356 2204 3524 2257 esset.

1957 2253 2052 2306 sed
2113 2255 2563 2317 voluntarium.»
2637 2265 2945 2323 Notandum
3017 2277 3162 2341 quod
3246 2282 3523 2342 nemiuem

1958 2345 2185 2400 voluerit
2218 2355 2547 2410 necessitate
2573 2357 2700 2412 boni
2731 2358 2938 2431 aliquid
2965 2362 3174 2435 facere,
3218 2386 3287 2427 ne
3319 2391 3528 2435 merce-

1951 2434 2072 2489 dem
2101 2439 2255 2493 amitt
2290 2452 2409 2499 ret..

2027 2544 2044 2576 α
2086 2526 2341 2585 Forsitan
2374 2535 2521 2588 enim
2569 2537 2690 2593 ideo
2737 2538 2989 2600 discessit
3037 2551 3104 2603 ad
3157 2550 3347 2608 horam
3376 2571 3408 2612 a
3444 2570 3515 2626 te,

1951 2626 2012 2669 ut
2049 2618 2102 2670 in
2135 2631 2397 2677 aeternum
2454 2623 2605 2679 illum
2641 2628 2934 2699 reciperes.
2972 2652 2992 2686 ι
3057 2636 3217 2696 Forte
3259 2644 3363 2700 hoc
3422 2618 3519 2704 Dei

1947 2707 2286 2774 providentia
2319 2718 2609 2782 procuravi
2618 2725 2658 2772 t.
2966 2789 2971 2794 _

1995 2797 2041 2850 ἰ
2071 2800 2189 2853 iam
2227 2817 2336 2857 nun
2371 2816 2430 2859 ut
2459 2821 2705 2874 servum,
2749 2812 2845 2869 sed
2894 2831 2992 2885 pro
3053 2834 3215 2879 servo
3241 2825 3513 2885 charissi-

1944 2904 2091 2943 mum
2130 2892 2378 2951 fratrem.
2441 2916 2462 2950 ι
2498 2897 2618 2955 iam
2650 2904 2794 2959 enim
2831 2921 2941 2961 non
2974 2914 3132 2980 quasi
3175 2928 3241 2969 ex
3271 2923 3515 2978 necessi-

1943 2988 2056 3036 tate
2079 2998 2293 3054 servus,
2325 2988 2419 3043 sed
2448 2993 2601 3059 quasi
2637 2996 2805 3052 frater
2826 2999 3194 3062 voluntarius.
3341 3058 3352 3070 .

2016 3090 2038 3124 ί
2074 3073 2307 3132 Maxime
2346 3080 2477 3136 mihi
2509 3098 2525 3138 :
2560 3096 2766 3152 quanto
2796 3099 2976 3146 autem
3015 3098 3184 3167 magis
3217 3098 3335 3169 tibi,
3368 3114 3421 3158 et
3456 3104 3512 3162 in

1940 3178 2108 3218 carne
2137 3175 2195 3220 et
2222 3167 2277 3222 in
2302 3167 2571 3229 Domino!
2610 3195 2629 3228 ι
2667 3176 2764 3233 Cui
2785 3188 2839 3236 et
2865 3185 3191 3257 carnaliter,
3219 3203 3274 3246 et
3305 3167 3507 3251 secun-

1938 3253 2067 3309 dum
2099 3257 2257 3313 tinem
2280 3262 2440 3317 debet
2462 3264 2808 3337 obsequium.

2013 3365 2033 3397 ‹
2070 3344 2127 3402 Si
2171 3359 2355 3405 autem
2398 3353 2603 3424 aliquid
2640 3363 2828 3416 nocuit
2880 3362 2998 3432 tibi,
3053 3380 3147 3423 aut
3174 3369 3369 3440 debet,
3404 3376 3510 3434 hoe

1940 3438 2073 3494 mihi
2109 3442 2337 3510 imputa.
2391 3444 2504 3515 Ego
2547 3448 2746 3507 Paulus
2777 3455 2971 3525 scripsi
3007 3473 3124 3516 mea
3158 3478 3318 3519 manu
3409 3484 3509 3540 ego

1936 3531 2186 3601 reddam,
2221 3544 2278 3588 ut
2309 3551 2418 3591 non
2455 3538 2633 3595 dicam
2684 3543 2804 3609 tibi,
2838 3549 2980 3617 quod
3012 3559 3068 3604 et
3108 3553 3339 3624 teipsum
3372 3531 3507 3615 mihi

1933 3624 2119 3679 debes.
2150 3626 2251 3691 ita,
2298 3628 2491 3694 frater,
2523 3647 2625 3700 ego
2678 3642 2733 3690 te
2762 3636 2914 3693 fruar
2960 3640 3015 3695 in
3042 3642 3308 3716 Domino;
3345 3650 3507 3709 reﬁce

1852 3739 1897 3796 ε
1933 3719 2140 3772 viscera
2174 3734 2294 3775 mea
2354 3720 2413 3775 in
2441 3719 2707 3781 Christo:
2760 3731 3042 3789 conlidens
3103 3736 3155 3790 in
3184 3738 3502 3800 obedientia

1927 3816 2019 3861 tua
2053 3810 2249 3880 scripsi
2288 3811 2384 3866 tibi
2421 3828 2437 3866 :
2467 3816 2649 3872 sciens
2676 3821 2930 3889 quoniam
2979 3835 3035 3880 et
3071 3840 3237 3899 super
3266 3832 3319 3886 id
3351 3837 3499 3904 quod

1922 3903 2045 3957 dico
2076 3900 2267 3959 facies.
2318 3902 2496 3960 Simul
2528 3917 2713 3963 autem
2753 3919 2809 3966 et
2845 3927 2973 3982 para
3003 3918 3135 3972 mihi
3170 3900 3495 3991 hospitium.

1920 3993 2055 4048 Nam
2087 4009 2249 4064 spero
2280 4010 2379 4065 per
2400 3999 2679 4057 orationes
2702 4012 2913 4061 vestras
2940 4005 3130 4063 donari
3166 4022 3252 4067 me
3283 4015 3493 4072 vobis.»

1920 4081 2021 4138 llic
2049 4085 2380 4153 ostenditur,
2412 4088 2541 4159 quia
2572 4091 2747 4159 prima
2775 4094 2897 4151 vice
2928 4099 3002 4152 sit
3032 4114 3100 4154 ex
3135 4100 3283 4160 Urbe
3306 4106 3497 4164 dimis-

1920 4190 2038 4231 $08.

1904 4258 1909 4275 '
1998 4284 2017 4317 ι
2056 4266 2269 4323 Salutat
2325 4279 2376 4326 te
2434 4268 2722 4343 Epaphras
2793 4281 3150 4350 concaptivus
3220 4302 3372 4343 meus
3433 4290 3509 4346 in'

1919 4357 2140 4416 Christo
2169 4359 2318 4429 Jesu,
2354 4360 2591 4429 Marcus,
2624 4365 3000 4437 Aristarchus,
3031 4373 3228 4433 Demas
3274 4393 3330 4435 et
3376 4382 3490 4438 Lu-

1917 4466 2034 4518 cas,
2090 4452 2370 4524 adjutores
2425 4457 2555 4512 mei.
2600 4456 2784 4514 Gratia
2844 4463 3057 4522 Domini
3114 4473 3288 4527 nostri
3347 4472 3485 4534 Jesu

1913 4542 2125 4602 Christi
2164 4560 2291 4601 cum
2336 4546 2534 4618 spiritu
2558 4562 2766 4608 vestro.
2798 4553 2993 4615 Amen.
3033 4577 3053 4612 ι
3107 4559 3226 4618 Νοη
3254 4566 3486 4640 alicujus

1913 4638 2164 4696 criminis
2188 4654 2377 4710 causa,
2406 4642 2508 4700 sed
2546 4642 2671 4701 ﬁdei
2699 4647 2979 4707 societate.
