4134 6212
257 445 3691 494 W

998 637 1881 760 APPENDIX
1964 636 2379 760 TOMI
2464 641 2965 765 PRIMI

565 886 1402 1055 OPERUM
1517 884 1676 1059 S.
1797 885 2541 1050 BASILII
2652 891 3378 1071 MAGNI.

1778 1163 2143 1203 COMPLECTEN
2153 1164 2179 1203 8

663 1289 880 1348 OPERA
925 1288 1239 1359 ρΗΑΞΒΑΜ
1275 1289 1354 1344 ΕΙ
1389 1286 1610 1345 FALSO
1646 1287 1996 1358 ASCRIPTA,
2036 1289 2287 1361 QUIBUS
2325 1291 2500 1350 OPUS
2537 1292 2818 1349 EUNOMII
2854 1293 3287 1352 ADJUNGITUR.

1679 1610 2268 1700 MONITUM.

329 1793 482 1848 828
507 1792 628 1848 Has
655 1795 775 1847 tres
795 1790 1242 1862 homilias,‘qua2
1261 1791 1383 1862 jam
1409 1789 1544 1846 olim
1562 1788 1727 1845 editae
1757 1789 2006 1855 fuerant,
2026 1788 2287 1844 videlicet
2304 1789 2430 1844 ducs
2454 1789 2678 1862 priores
2711 1790 2770 1845 in
2793 1788 3048 1845 editione
3070 1789 3592 1858 Basileansi,tertia
3612 1792 3674 1849 in

259 1883 510 1938 editione
543 1881 885 1948 Parisiensi,
920 1898 1126 1937 rursus
1159 1881 1417 1936 edendas
1449 1878 1674 1935 curavit
1730 1878 1818 1932 vir
1846 1878 2226 1934 doctissimus
2271 1879 2656 1935 Combelisius
2687 1880 2745 1934 in
2795 1895 2902 1935 suo
2937 1880 3142 1936 Basilio
3180 1883 3486 1938 recensita:
3519 1883 3674 1939 unde

256 1975 370 2026 tam
404 1971 607 2027 Greca
637 1988 817 2042 quam
850 1972 1056 2026 Latina
1088 1971 1336 2026 mutuati
1362 1986 1571 2025 sumus
1595 1968 1690 2040 (a).
1715 1972 1828 2023 Cur
1848 1972 2044 2024 autem
2066 1968 2123 2023 id
2146 1968 2363 2040 ceperit
2385 1969 2634 2040 consilii,
2664 1970 2787 2040 ipse
2814 1971 2980 2026 docet
2999 1974 3158 2026 tomo
3180 1970 3370 2043 primo
3390 1987 3524 2044 pag.
3543 1973 3670 2027 558.
3737 1963 3741 1966 Α

257 2062 337 2130 Ut,
371 2061 590 2129 inquit,
624 2060 722 2116 has
759 2061 1022 2116 homilias
1052 2077 1121 2116 ea:
1150 2062 1363 2132 integro
1392 2059 1604 2122 darem,
1636 2061 1886 2129 fecerunt
1916 2073 2062 2112 unus
2092 2060 2143 2113 et
2169 2059 2312 2113 alter
2340 2059 2473 2127 Reg.
2523 2058 2642 2113 cod.
2674 2060 2785 2128 iam
2825 2059 3071 2131 ascripti,
3102 2062 3220 2114 tum
3250 2063 3310 2114 ut
3340 2076 3409 2116 ex
3439 2061 3670 2118 illorum

249 2148 366 2220 fide
397 2151 613 2205 Basilio
644 2149 964 2221 appendices
995 2148 1094 2205 has
1144 2139 1553 2205 lucubrationes
1599 2163 1922 2216 assererem,
1955 2155 2069 2203 tum
2097 2147 2234 2218 quod
2279 2150 2559 2219 praecipue
2582 2148 2710 2205 duae
2755 2150 2968 2220 priores
2992 2150 3227 2221 pessime
3268 2149 3431 2205 editis
3461 2149 3672 2208 habitae

249 2247 399 2302 sunt,
425 2238 697 2308 plurimis
727 2237 1070 2304 desideratis,
1094 2254 1159 2293 ac
1187 2253 1409 2308 prorsus
1439 2237 1554 2292 alia
1578 2235 1984 2307 compositione,
2017 2251 2185 2306 quam
2216 2252 2346 2290 mss.
2379 2236 2535 2291 codd.
2568 2236 2847 2298 habeant;
2875 2238 3188 2308 praesertim
3216 2252 3339 2292 vero
3370 2237 3470 2292 ille
3500 2239 3665 2292 Henr.

247 2327 296 2380 II
327 2328 647 2397 insignibus
673 2329 902 2381 notatus
930 2344 986 2380 η.
1024 2327 1160 2380 1472
1189 2326 1207 2396 (
1216 2343 1368 2381 nunc
1396 2326 1545 2398 503),
1577 2341 1650 2381 ex
1676 2341 1782 2396 quo
1808 2325 1981 2380 etiam
2035 2323 2289 2395 Gregorii
2313 2325 2547 2395 Nysseni
2589 2325 2805 2380 illustre
2849 2329 3164 2398 excerptum
3193 2325 3262 2380 ad
3291 2327 3666 2398 defensionem

248 2415 453 2471 Basilii
478 2416 744 2487 produco.
783 2417 942 2470 Tenet
961 2416 1077 2487 ejus
1106 2417 1472 2486 antiquarius
1510 2416 1867 2483 sententiam,
1901 2419 1965 2468 ut
1994 2429 2091 2468 nec
2133 2415 2342 2468 Basilio
2373 2416 2603 2482 asserat,
2653 2430 2751 2470 nec
2779 2415 3074 2485 abiudicct,
3106 2414 3196 2471 sed
3243 2431 3358 2470 rem
3389 2417 3444 2470 in
3479 2415 3661 2483 dubio,

241 2504 596 2560 diversorum
643 2506 932 2560 sententiis
977 2505 1378 2576 pugnantibus,
1424 2505 1721 2576 relinquat.
1771 2503 1971 2558 Mirum
2000 2519 2133 2558 sane
2177 2504 2256 2557 sic
2306 2505 2584 2573 explicata
2633 2503 2842 2558 Basilio
2871 2505 3207 2560 connecione
3234 2505 3429 2561 horum
3460 2513 3664 2561 tracta-

237 2599 421 2666 tuum,
455 2596 533 2650 ad
563 2611 763 2652 nonam
823 2596 979 2650 illum
1014 2594 1088 2656 εἷς
1119 2595 1218 2662 τήν
1269 2593 1426 2664 Ἐξαή
1441 2614 1624 2669 μερον,
1655 2597 1734 2650 sic
1789 2595 1899 2650 alte
1928 2593 1994 2648 de
2022 2595 2139 2649 illis
2195 2591 2423 2648 dubium
2454 2594 2734 2662 insedisse,
2786 2595 2926 2666 quod
2980 2599 3184 2651 veteres
3214 2612 3401 2652 novem
3435 2596 3662 2652 illarum

235 2687 524 2741 duntaxat
585 2687 980 2740 meminerint:
1010 2701 1132 2740 cum
1191 2686 1450 2753 proclivis
1498 2687 1643 2740 ratio
1672 2687 1747 2740 sit
1803 2684 1884 2740 ita
1939 2685 2277 2749 meminisse,
2311 2683 2450 2754 quod
2501 2685 2614 2740 illae
2669 2685 2748 2738 sic
2775 2688 2937 2756 quasi
2963 2689 3165 2742 conatu
3221 2685 3395 2753 dictis,
3428 2703 3658 2756 magna-

236 2791 340 2846 que
369 2775 586 2847 plausu
615 2780 876 2846 acceptae,
907 2791 1037 2830 mox
1063 2776 1124 2829 in
1151 2776 1429 2845 publicum
1471 2774 1711 2845 vulgatae
1750 2775 1862 2829 sint
1880 2790 1902 2834 ;
1951 2774 2162 2828 Basilio
2192 2774 2416 2828 interim
2441 2789 2545 2844 per
2570 2788 2784 2844 aegram
2812 2775 3181 2829 valetudinem
3227 2777 3555 2846 quiescente,
3589 2792 3656 2830 ac

231 2881 334 2938 per
366 2869 577 2933 otium,
609 2874 660 2921 et
688 2875 748 2921 ut
772 2866 968 2920 licebat
991 2868 1094 2921 ista
1133 2866 1439 2936 supplente.
1491 2866 1597 2921 Nec
1623 2867 1792 2920 aliter
1841 2865 2044 2920 Bellar.
2082 2865 2326 2920 Budaeus
2371 2879 2578 2935 quoque
2608 2865 2741 2920 hinc
2793 2867 3000 2936 passim
3035 2865 3176 2920 locos
3205 2867 3406 2921 Basilii
3430 2867 3655 2921 nomine

234 2957 492 3024 exponit.
554 2954 705 3023 Quod
732 2956 1024 3025 Gregorius
1075 2957 1355 3026 Nyssenus
1410 2955 1612 3009 Basilii
1638 2955 1838 3023 fratris
1891 2952 2324 3008 lucubrationem
2351 2956 2450 3019 τῆς
2501 2950 2854 3026 Ἑξαημὲρου,
2914 2955 2974 3008 in
3009 2955 3244 3008 Homine
3297 2956 3652 3026 suppleverit,

235 3046 461 3113 egregio
495 3045 779 3113 prastitit,
803 3045 858 3098 in
890 3058 1050 3114 apere
1071 3059 1212 3115 pene
1243 3041 1342 3098 illi
1359 3044 1582 3111 (emata,
1617 3043 1674 3097 in
1706 3058 1808 3112 quo
1830 3043 1946 3102 eius
1974 3041 2281 3110 plurimum
2309 3057 2468 3112 Opera
2490 3041 2794 3108 desudavit,
2821 3042 3108 3114 magisque
3127 3044 3186 3097 in
3218 3042 3656 3099 luculentissima

242 3134 388 3190 libro
417 3134 508 3188 De
539 3133 770 3205 Opiﬁcio
802 3133 1080 3201 hominis,
1114 3149 1275 3205 quem
1303 3134 1456 3188 Petri
1482 3134 1675 3204 fratris
1703 3133 1764 3186 in
1780 3149 1906 3188 eam
1935 3134 2113 3204 ipsam
2143 3148 2267 3187 rem
2286 3132 2508 3188 hortatu
2539 3134 2880 3204 conscripsit,
2913 3148 3236 3205 omnemque
3257 3133 3659 3205 physioloyiam

238 3223 488 3278 hominis
526 3221 782 3277 mirabili
811 3232 928 3278 arte
956 3240 1022 3278 ac
1048 3225 1247 3278 conatu
1277 3209 1482 3278 eximie
1509 3223 1815 3293 expressit;
1847 3223 2073 3294 ipsaque
2104 3220 2194 3276 hic
2223 3221 2420 3278 Basilii
2447 3221 2697 3291 ejusdem
2728 3226 2849 3277 vota
2898 3221 3144 3294 feliciter
3171 3223 3438 3294 implevit.
3477 3223 3661 3276 Pauca

236 3311 435 3366 adnota
457 3329 482 3372 ,ο
517 3329 639 3383 ουκ
668 3313 1023 3382 praestiterim
1053 3312 1232 3380 magis
1259 3311 1542 3379 docebunt,
1577 3326 1700 3382 quae
1730 3317 2060 3384 reprzesento
2090 3327 2212 3366 cum
2245 3310 2434 3379 editis,
2465 3319 2527 3366 ut
2556 3311 2763 3380 lubeat,
2794 3311 3016 3368 collata.
3049 3313 3344 3367 Hactenus
3377 3311 3448 3377 is,
3484 3327 3658 3382 quem

235 3399 375 3466 dixi,
411 3401 508 3454 vir
537 3400 610 3456 de
640 3400 852 3456 Basilio
883 3401 1090 3473 Magno
1123 3401 1344 3472 optime
1378 3400 1638 3456 meritus.

308 3485 419 3541 Ubi
453 3485 715 3557 primum
750 3485 857 3541 has
888 3489 1008 3541 tres
1040 3485 1310 3541 homilias
1343 3485 1454 3558 legi
1485 3486 1538 3540 in
1585 3485 1863 3558 vulgatis,
1895 3501 1993 3542 eas
2041 3485 2239 3541 Basilii
2275 3501 2388 3540 non
2422 3501 2551 3540 esse
2589 3485 2843 3556 judicavi
2879 3485 3115 3557 quidem
3147 3501 3160 3543 :
3211 3486 3310 3541 sed
3343 3489 3657 3558 postquam

236 3573 482 3628 easdem
515 3573 702 3644 reperi
734 3573 1023 3629 auctiores
1054 3573 1110 3628 in
1161 3575 1374 3630 Basilio
1407 3576 1670 3630 recensita
1716 3573 2072 3640 Combefisii,
2108 3573 2164 3627 in
2197 3573 2307 3628 hac
2358 3590 2485 3629 mea
2515 3573 2807 3628 sententia
2839 3573 3009 3646 longe
3041 3573 3228 3647 magis
3274 3575 3657 3630 confirmatus

227 3679 384 3717 sum.
421 3663 494 3717 Et
522 3679 655 3717 vero
686 3679 811 3733 quae
845 3663 1073 3733 adiecta
1102 3668 1261 3733 sunt,
1295 3668 1350 3719 et
1379 3681 1509 3735 quia
1539 3663 1928 3720 Combeﬁsius
1959 3663 2200 3734 putabat
2231 3663 2287 3716 in
2321 3662 2573 3735 vulgatis
2605 3663 2950 3730 desiderari,
2978 3679 3042 3718 ea
3073 3663 3285 3718 barum
3321 3662 3652 3720 orationum

231 3750 557 3805 falsitatem
592 3751 780 3822 magis
811 3768 876 3806 ac
903 3751 1093 3823 magis
1125 3753 1464 3808 ostendunt.
1498 3753 1613 3808 Nec
1644 3753 1811 3808 aliter
1831 3751 2302 3808 existimaturum
2335 3761 2496 3824 puto,
2531 3753 2631 3823 qui
2655 3756 2904 3823 utraque
2931 3752 3082 3808 inter
3114 3769 3175 3807 se
3204 3752 3651 3826 comparaverit.

235 3839 382 3910 Lege
414 3839 956 3909 Prefationem,ubi
985 3843 1056 3898 de
1079 3858 1432 3914 unaquaque
1457 3859 1516 3898 re
1546 3859 1652 3898 suo
1682 3841 1807 3898 loco
1829 3846 1885 3897 et
1913 3842 2118 3896 ordine
2151 3841 2507 3913 disputatur.
2533 3841 2650 3896 Hoc
2672 3847 2780 3907 est,
2813 3857 2941 3913 quae
2973 3841 3158 3913 primo
3185 3840 3312 3897 loco
3343 3841 3402 3895 in
3428 3842 3655 3913 Appen-

235 3927 367 3982 dice
399 3926 595 3998 posita
626 3933 784 3996 sunt,
815 3929 887 3984 de
915 3929 988 3985 iis
1020 3929 1208 4002 primo
1236 3929 1360 3987 loco
1411 3930 1772 4002 disceptatur
1803 3931 1860 3985 in
1911 3930 2257 3986 Praefatione
2285 3948 2297 3986 :
2331 3930 2559 4000 itidem,
2612 3947 2739 4002 quas
2770 3930 3026 3986 secundo
3058 3928 3182 3985 loco
3229 3929 3289 3985 in
3322 3929 3652 4001 Appendice

235 4019 583 4087 occurrunt,
617 4031 683 4072 ea
708 4019 961 4075 secundo
993 4018 1117 4076 loco
1147 4021 1527 4076 excutiuntur
1554 4019 1612 4074 in
1644 4019 1985 4075 Praefatioue
2011 4036 2024 4086 ;
2059 4019 2159 4090 qui
2191 4019 2331 4074 ordo
2363 4019 2433 4074 ad
2465 4020 2642 4073 linem
2675 4034 2861 4089 usque
2890 4017 3237 4074 servabitur.

523 4315 653 4368 Tur
691 4311 784 4368 EN
825 4315 1059 4369 AI‘IOIE
1095 4314 1366 4370 ΠΑΤΡοΣ
1408 4317 1603 4369 ΗΜΩΝ
1921 4318 1973 4383 Α

1921 4318 1973 4383 Α
2407 4312 2659 4369 SANCTI
2697 4313 2950 4369 PATRIS
2988 4310 3246 4368 NOSTRI

729 4459 1406 4558 ΒΑΣΙΛΕΙΟΥ

2586 4461 3061 4558 BASILII

445 4629 916 4705 ’Δρχιεπισκόπου
949 4631 1266 4706 Καισαρείας
1299 4631 1685 4697 Καππαδοκίας

2247 4638 2518 4694 Caesareae
2549 4635 2924 4708 Cappadociae
2956 4635 3399 4709 archiepiscopi,

913 4758 1136 4815 ΛΟΓΟΣ
1177 4759 1236 4814 A'

2649 4759 2920 4816 ORATIO
2959 4762 2982 4813 Ι

528 4878 657 4954 Περὶ
690 4885 790 4950 τῆς
820 4883 914 4934 τοῦ
945 4880 1234 4954 ἀνθρώπου
1264 4889 1616 4952 κατασκευῆς.

1518 4889 1616 4952 ιῆς.
2497 4888 2569 4941 De
2603 4885 2847 4940 hominis
2876 4889 3150 4942 sructura.

313 5141 366 5197 Ι.
405 5139 643 5199 Παλαιοῦ
690 5147 890 5220 χρέους
934 5143 1136 5201 ἔκτισιν
1184 5146 1606 5225 ἀποπληρώσων
1657 5149 1798 5218 ἥκωο
1829 5149 1890 5205 οὗ

2072 5155 2228 5210 324
2271 5155 2321 5209 1.
2364 5154 2546 5209 Vetus
2598 5153 2860 5208 debitum
2912 5152 3320 5224 persoluturus
3373 5154 3655 5221 advenio;

234 5230 334 5298 τὴν
367 5228 632 5287 ἀπόδοσιν
665 5229 1036 5307 ἀνεϐαλόμην,
1071 5235 1170 5290 οὐκ
1221 5236 1580 5314 ἀγνωμοσύνῃ
1629 5241 1858 5314 προαιρέ

2026 5243 2173 5313 :ujus
2206 5244 2410 5315 utique
2444 5243 2820 5308 solutionem,
2858 5257 2973 5296 non
3006 5241 3254 5313 improbi
3305 5243 3485 5298 animi
3517 5244 3658 5298 vitio

238 5339 398 5387 σεως,
431 5319 560 5375 ἀλλ’
616 5321 861 5395 ἀσθενείᾳ
907 5326 1182 5398 σώματος·
1233 5326 1397 5402 χρέος
1448 5324 1866 5406 ἀναγκαιὸτατον

2027 5332 2366 5399 liﬁerebam,
2401 5333 2498 5388 sed
2534 5332 2770 5387 infirma
2793 5331 3440 5404 corporisvaletudine:
3473 5333 3531 5386 in
3567 5333 3659 5405 iis,

238 5409 332 5462 καὶ
367 5408 722 5487 ὀφειλόμενον
779 5413 930 5485 ὑμῶν
979 5417 1047 5487 τῇ
1089 5414 1358 5491 ἀκροάσει.
1410 5418 1510 5473 Καὶ
1557 5419 1658 5494 γὰρ
1709 5417 1768 5474 ἂν
1803 5417 1870 5474 εἷῆ

2026 5439 2130 5493 [uae
2162 5438 2395 5477 summe
2428 5421 2762 5477 necessaria
2810 5425 2971 5488 sunt,
3002 5421 3341 5476 habendum
3372 5420 3658 5504 debitum,

313 5555 768 5627 (a).Prio_res_dua3
800 5561 1052 5627 leguntur
1082 5565 1240 5612 etiam
1286 5564 1623 5627 interrOpera
1650 5563 1888 5627 Gregorii
1934 5563 2196 5627 ANysseni.
2247 5563 2377 5612 Vide
2407 5563 2642 5627 Garnerii
2678 5563 2902 5622 Prmtat.,
2965 5576 3020 5611 n.
3054 5566 3129 5621 l3,
3161 5577 3213 5626 p.
3245 5575 3413 5627 cum.
3434 5560 3507 5608 Ex
3537 5555 3662 5627 editi

251 5615 938 5690 Qombeﬂsiauicollatio'ne
960 5627 1219 5690 nonnulla
1245 5615 1593 5690 restituimus.
1620 5615 1804 5690 Varias
1825 5615 2080 5677 lectiones
2103 5627 2302 5677 codicis
2325 5627 2472 5690 Regii
2495 5626 2622 5676 olim
2649 5628 2788 5686 me,
2810 5615 2997 5688 postea
3009 5615 3313 5686 2286,31ch
3333 5625 3440 5684 503,
3464 5634 3494 5669 a
3510 5617 3663 5668 nobis

261 5677 446 5747 denuo,
468 5685 665 5747 collati,
686 5687 752 5735 ad
781 5688 986 5737 calcem
1015 5687 1136 5737 libri
1159 5689 1395 5740 edendas
1423 5689 1743 5740 curavimus.
1772 5689 1915 5740 Enn.

356 5731 446 5941 ς
477 5731 1394 5941 )”ἕ1έζοέ.ῗ’ὲζ.“ἕέέὲξξ“”

3306 5803 3337 5860 1

298 5826 435 6016 0P
576 5819 838 5870 ητιοι..
892 5819 1003 5869 un.
1049 5819 1240 5870 ως.

229 5819 654 6134 ιιβ,

185 6088 230 6134 \
