4134 6212
284 362 370 425 i3
722 341 731 347 ’
1303 353 1409 416 ne
1450 351 1783 416 HOMINIS
1825 354 2300 419 srnucruaa
2340 325 2637 421 0mm
2681 360 2731 421 1.
3650 362 3731 424 ιι

281 490 525 568 ἐγένετο·
580 485 747 561 θηρία
794 482 887 540 καὶ
935 483 1111 556 κτήνη
1155 481 1353 555 νηκτὰ,
1402 482 1492 538 καὶ
1538 482 1736 553 πτηνά.
1798 485 1953 553 Eine,

2080 487 2383 562 amnigena
2402 490 2601 562 copia;
2633 490 2837 547 bestia
2863 494 2919 547 et
2949 506 3179 563 pecora,
3202 490 3474 548 natatilia
3493 496 3550 548 et
3574 493 3729 550 vola-

282 578 380 635 καὶ
436 577 674 655 ἐγενετο.
702 573 969 630 Ἐνταῦθα
1024 570 1177 627 οὕπω
1235 572 1263 628 6
1295 568 1717 647 ἄνθρωπος,καὶ
1778 570 1956 650 βουλή

285 668 424 745 περὶ
480 666 793 742 ἀνθρώπου·
821 661 930 716 οὐκ
959 661 1129 729 εἶπεν,
1186 660 1261 725 ὡς
1291 662 1416 738 περὶ
1462 666 1571 716 τῶν
1605 659 1793 716 ἄλλων
1824 662 1959 717 πάν-

291 762 411 813 τῶν
444 777 458 790 ·
544 753 825 823 Γενηθήτω
897 747 1207 825 ἄνθρωπος’
1299 750 1593 823 Κατάμαθε
1658 750 1850 805 ἑαυτοῦ
1896 751 1959 805 τὸ

297 848 521 919 τίμιον⁸
555 842 613 898 ού
642 838 967 918 προσερριψὲ
1016 860 1113 895 σου
1159 839 1262 908 τὴν
1292 837 1498 915 γένεσιν
1558 840 1956 914 προστάγματι·

309 934 468 992 ἂλλᾶ
522 930 903 1009 βουλευτήριον
965 926 1189 998 συνέστη
1234 932 1315 1001 τῷ
1364 932 1482 1000 Θεῴ
1523 927 1648 1005 περὶ
1679 932 1797 996 σοῦ,
1846 932 1964 991 πῶς

322 1022 509 1098 μὲλλει
578 1021 639 1077 τὸ
699 1019 883 1092 τίμιον
947 1021 1084 1087 ζῶον
1144 1016 1222 1079 είς
1275 1016 1366 1071 τὸν
1422 1017 1542 1092 βίον
1602 1016 1958 1092 παράγεσθαι·

318 1114 629 1185 Ποιήσωμεν
676 1107 801 1185 γὰρ,
839 1106 1019 1185 φησίνο
1054 1106 1082 1161 6
1114 1105 1284 1179 σοφὸς
1316 1104 1664 1182 βουλεύεται,
1701 1106 1729 1159 6
1779 1102 1962 1181 τεχνί-

317 1223 411 1273 της
453 1200 777 1273 ἐνθυμεῖταυ
838 1198 984 1271 Ἀρα
1013 1193 1197 1265 λείηεέ
1251 1193 1417 1249 αὑτοῦ
1443 1198 1513 1269 τῇ
1575 1214 1763 1270 τεχνῃ,
1792 1192 1881 1248 καὶ
1906 1192 1965 1249 ἐκ

312 1299 409 1361 τῆς
448 1287 721 1366 μερίμνης
771 1282 1028 1363 βόύλεται
1068 1283 1475 1361 ἆπηρτισμὲνον
1505 1283 1596 1338 καὶ
1629 1281 1837 1338 τέλειον
1869 1282 1962 1337 καὶ

309 1373 686 1457 ἠκριϐωμένον
741 1374 907 1431 αὐτοῦ
963 1379 1191 1443 ποιῆσαι
1238 1373 1303 1428 τὸ
1363 1373 1775 1451 φιλοτέχνημα,
1808 1369 1965 1441 ἣ⁹ίνα

314 1492 389 1524 σοι
420 1466 571 1542 δὶίξῃ
625 1466 713 1521 ὅτι
764 1462 976 1525 τέλειος
1010 1462 1058 1517 εἶ
1085 1462 1233 1539 παρὰ
1263 1466 1379 1534 Θεῷ
1404 1481 1418 1533 ;
1446 1463 1683 1536 Ἔμαθες
1719 1461 1814 1535 μὲν
1847 1460 1962 1531 οὗν,

303 1558 382 1615 ὅτι
415 1555 519 1612 δύο
567 1554 841 1630 πρόσωπα
878 1550 968 1607 ἐπὶ
998 1555 1156 1621 Θεοῦ,
1189 1551 1217 1606 6
1248 1549 1452 1626 λέγων,
1508 1550 1594 1605 καὶ
1656 1549 1794 1627 πρὸς
1824 1549 1882 1603 ’ὸν
1934 1548 1962 1603 6

305 1647 501 1723 λόγος.
534 1644 628 1699 Διὶ
674 1640 731 1698 τί
787 1640 888 1698 ούκ
941 1642 1076 1707 εἶπε,
1135 1639 1397 1712 Ποίησον,
1457 1636 1603 1695 ἀλλὰ
1632 1639 1962 1712 Ποιήσωμεν

300 1735 590 1811 ἄνθρωπον
628 1753 644 1803 ;
675 1735 794 1790 Ἵνα
819 1731 1024 1806 νοήσῃς
1059 1730 1159 1799 τὴν
1207 1726 1541 1785 δεσποτείαν·
1598 1724 1691 1781 ’ίνα
1743 1727 1842 1801 μή,
1872 1726 1963 1782 τὸν

300 1822 520 1899 Πατέρα
576 1820 975 1896 ἐπιγινώσκων,
1022 1818 1115 1872 τὸν
1147 1817 1270 1872 Υἲὸν
1299 1814 1613 1894 ἀπογνοίης⁶
1642 1813 1736 1871 ’ίνα
1789 1813 1959 1891 εἲδῇς,

301 1911 388 1968 ὅτι
446 1911 635 1986 Πατὴρ
684 1906 910 1980 ἐποίησε
951 1903 1040 1962 διὰ
1085 1906 1235 1979 Υἱοῦ,
1286 1905 1376 1961 καὶ
1424 1905 1550 1968 Υἱὸς
1602 1902 1849 1960 ἐκτίσατο
1880 1906 1958 1978 (a)

300 2001 551 2075 πατρῴῳ
607 1997 909 2071 θελήματι·
962 1997 1051 2051 καὶ
1087 1992 1311 2069 δοξάσῃς
1361 1995 1574 2069 Πατέρα
1622 1994 1675 2049 ἐν
1708 1995 1839 2067 Υἱῷ,
1870 1993 1960 2048 καὶ

301 2092 429 2146 Υἱὸν
481 2089 535 2144 ἂν
568 2086 837 2161 Πνεύματι
867 2084 1031 2161 ἁγίῳ.
1080 2083 1242 2143 Οὕτω
1269 2083 1453 2139 κοινὸν
1500 2084 1734 2159 γὲγονας
1780 2077 1960 2159 ἔργον,

299 2178 395 2235 ’ἱνα
450 2177 545 2233 καὶ
596 2176 779 2238 κοινὸς
843 2173 1229 2244 προσκυνητής
1304 2171 1627 2250 ἀμφοτέρων
1684 2172 1751 2244 ᾖς
1787 2213 1803 2239 ,
1884 2172 1961 2244 μή

296 2268 511 2345 σχίζων
569 2268 671 2336 τὴν
726 2262 1130 2338 προσκύνησιν,
1186 2260 1314 2318 ἀλλ’
1365 2261 1500 2316 ἑνῶν
1547 2262 1646 2330 τήν
1711 2260 1961 2331 θεότητα.

289 2362 429 2433 ’Ὅρα
461 2355 715 2430 ἱστορίαν
750 2351 934 2423 ἁπλῆν
971 2352 1065 2425 μὲν
1096 2355 1177 2425 τῷ
1231 2352 1501 2427 σχήματι,
1561 2346 1845 2425 θεολογίαν
1907 2346 1965 2404 δὲ

303 2449 573 2524 ἀκραιφνῆ
626 2449 710 2518 τῷ
760 2445 998 2516 νοήματι
1033 2484 1047 2499 .
1109 2441 1207 2496 Καὶ
1278 2439 1522 2512 ὶποίησει
1593 2440 1623 2495 6
1697 2439 1827 2502 Θεὸς
1868 2439 1962 2494 τὸν

301 2534 611 2613 ἄνθρωπον.
670 2534 1030 2604 Ποιήσωμεν·
1083 2529 1175 2585 καὶ
1207 2528 1306 2585 ούκ
1336 2530 1469 2587 εἶπε.
1529 2529 1629 2584 Καὶ
1677 2527 1959 2600 ἐποίησαν,

297 2624 389 2680 ἵνα
420 2624 499 2697 μή
551 2620 851 2686 πολυοείας
880 2615 1058 2695 λάϐῃς
1108 2620 1380 2697 ἀφορμάς·
1439 2617 1485 2673 εί
1536 2618 1639 2695 γὰρ
1667 2617 1965 2689 πληθυντι-

301 2719 414 2776 κῶς
477 2713 830 2787 παρεισήχθη
887 2711 966 2782 (b)
1024 2708 1114 2764 καὶ
1140 2709 1175 2778 ἠ
1216 2708 1460 2779 ποίησις,
1491 2705 1730 2785 ἀφειδεῖς
1759 2706 1820 2761 ἂν
1852 2705 1965 2781 ἐγὲ-

313 2822 478 2857 νοντο
507 2802 561 2856 oi
588 2799 882 2874 ἅνθρωποι,
912 2795 1100 2852 πολλᾶ
1128 2796 1316 2868 πλήθη
1351 2798 1484 2852 θεῶν
1518 2796 1729 2859 ἑαυτοῖς
1761 2793 1962 2851 ἔπισω-

321 2890 594 2967 ρεύοντες.
620 2893 727 2943 Νῦν
760 2886 961 2961 μεντοι,
994 2888 1347 2959 Ποιήσωμεν,
1385 2884 1478 2941 ’ίνα
1520 2885 1796 2961 γνωρίσῃς
1853 2889 1962 2940 Πα-

316 2981 469 3054 τᾶρα,
497 2977 588 3033 καὶ
622 2977 740 3032 Υἱὸν
768 2976 855 3031 καὶ
886 2979 1109 3049 Πνεῦμα
1135 2974 1310 3051 ἅγιον.

2066 575 2216 633 tilia.
2250 578 2423 651 Dixit,
2454 584 2511 635 et
2533 580 2683 650 facta
2709 584 2838 635 sunt
2860 581 2901 636 ι.
2925 579 3048 649 Hic,
3100 580 3360 635 nondum
3390 585 3480 636 est
3537 580 3733 651 homo,

2068 670 2125 721 et
2153 667 2223 722 de
2246 665 2485 725 homine
2509 669 2757 725 habetur
2789 669 3122 727 consilium.
3152 673 3280 725 Non
3331 670 3498 741 dixit,
3523 686 3732 743 quem-

2069 754 2386 811 admodum
2421 757 2479 811 in
2513 758 2790 813 omnibus
2831 757 3101 831 reliquis,
3151 758 3279 813 Fiat
3329 758 3528 815 homo.
3561 758 3730 815 Disce

2068 846 2239 899 tuum
2274 846 2528 917 pretium
2561 864 2627 902 ac
2654 847 3019 920 dignitatem.
3051 851 3177 904 Non
3230 847 3485 919 projecit
3532 851 3725 905 ortum

2068 937 2236 988 tuum
2262 935 2416 990 nudo
2439 941 2724 1008 praecepto
2756 941 2931 1010 atque
2957 936 3233 992 mandato
3257 953 3270 992 :
3296 936 3397 992 sed
3430 936 3490 991 in
3513 936 3629 993 Deo
3651 937 3724 994 de

2070 1026 2126 1077 te
2152 1022 2464 1080 consilium
2496 1026 2739 1095 cogitur,
2774 1041 2891 1098 qua
2919 1025 3142 1081 ratione
3167 1029 3451 1097 praestans
3503 1024 3724 1083 animal

2072 1116 2248 1184 atque
2271 1112 2462 1169 nobile
2490 1113 2549 1169 in
2579 1114 2762 1170 vitam
2795 1115 2871 1169 sit
2909 1114 3391 1186 producendnm:
3428 1115 3725 1172 Faciamus

2071 1200 2227 1257 enim
2250 1200 2464 1274 inquit.
2486 1203 2730 1274 Sapiens
2761 1202 3066 1259 consilium
3093 1203 3237 1259 init:
3273 1203 3483 1259 artifex
3523 1220 3723 1261 secum

2073 1291 2308 1362 cogitat.
2343 1294 2489 1364 Ergo
2520 1290 2746 1347 laborat
2767 1292 2907 1347 artis
2929 1292 3446 1363 defectu,curaque
3474 1291 3727 1349 sollicita

2072 1378 2183 1434 hoc
2215 1379 2356 1450 agit,
2388 1384 2452 1434 ut
2484 1379 2868 1435 artiﬁciosum
2900 1377 3205 1451 solersque
3227 1395 3375 1451 opus
3406 1395 3585 1435 suum
3617 1380 3726 1436 ab-

2073 1465 2331 1523 solutum
2355 1472 2531 1539 atque
2562 1468 2887 1540 perfectum
2909 1471 3224 1539 exactaque
3244 1466 3537 1524 excultum
3567 1468 3723 1540 edat,

2072 1570 2144 1608 an
2178 1558 2245 1609 ut
2263 1553 2368 1609 tibi
2400 1554 2689 1621 ostendat,
2722 1570 2852 1610 esse
2873 1558 2928 1609 te
2955 1555 3277 1626 perfectum
3307 1554 3464 1626 apud
3494 1557 3679 1610 Deum
3698 1554 3727 1609 τ

2071 1642 2235 1698 Nosti
2265 1641 2463 1714 itaque
2493 1643 2641 1698 duas
2671 1659 2799 1699 esse
2832 1659 3115 1716 personas
3165 1642 3227 1698 in
3282 1647 3418 1715 Deo,
3478 1640 3726 1699 alteram

2073 1748 2201 1803 quis
2229 1730 2524 1803 loquatur,
2558 1732 2801 1788 alteram
2825 1732 2896 1787 ad
2921 1748 3101 1804 quam
3134 1736 3223 1788 est
3252 1730 3590 1788 sermo.Cur
3608 1747 3727 1787 non

2074 1820 2236 1891 dixit,
2270 1820 2485 1889 Facito,
2533 1823 2654 1888 sed,
2703 1822 2997 1878 Faciamus
3046 1822 3370 1877 hominem?
3426 1819 3723 1878 Nimirum

2070 1912 2133 1963 ut
2163 1909 2459 1983 intelligas
2489 1908 2853 1966 dominatum
2879 1927 2893 1978 ;
2919 1926 3012 1977 ne,
3046 1909 3146 1982 qui
3178 1913 3411 1965 Patrem
3443 1924 3726 1983 agnosce-

2071 2014 2186 2066 res,
2218 1998 2345 2053 Filii
2374 1998 2710 2072 ignorantia
2756 1999 3087 2068 tenereris;
3140 2002 3205 2054 ut
3252 1998 3435 2056 scires
3490 2001 3723 2056 Patrem

2072 2088 2279 2144 fecisse
2299 2103 2403 2160 per
2431 2087 2668 2155 Filium,
2702 2092 2760 2144 et
2791 2088 3001 2144 Filium
3044 2091 3287 2159 paterna
3342 2100 3574 2143 creasse
3623 2101 3724 2141 vo-

2072 2175 2332 2244 luntate;
2367 2176 2758 2250 laudaresque
2790 2177 3019 2233 Patrem
3053 2178 3112 2233 in
3130 2176 3295 2245 Filio,
3320 2179 3380 2233 et
3430 2175 3640 2231 Filium
3661 2172 3723 2228 in

2070 2265 2287 2337 Spiritu
2322 2270 2544 2322 sancto.
2566 2268 2629 2321 ln
2664 2267 2816 2322 hunc
2849 2266 3089 2322 modum
3114 2280 3430 2321 commune
3485 2261 3723 2319 exsistis

2072 2371 2242 2427 opus,
2275 2358 2341 2410 ut
2360 2359 2417 2410 et
2433 2345 2774 2411 communis
2807 2354 2987 2410 trium
3011 2352 3202 2409 cultor
3230 2353 3313 2409 sis
3343 2355 3403 2409 et
3428 2352 3727 2419 adorator;

2074 2458 2189 2499 non
2219 2442 2621 2499 adorationem
2652 2442 2952 2512 scindens,
2985 2442 3088 2499 sed
3111 2440 3396 2514 copulans
3420 2440 3724 2497 deitatem.

2074 2530 2212 2588 Vide
2242 2529 2498 2603 simplici
2528 2531 2767 2604 quidem
2800 2530 2994 2604 specie
3051 2531 3383 2603 expositum
3434 2532 3612 2600 gestas
3643 2528 3726 2584 rei

2071 2619 2506 2688 narrationem;
2539 2635 2715 2677 sensu
2728 2637 2861 2678 vero
2893 2638 2960 2678 ac
2981 2619 3397 2693 intelligentia,
3426 2619 3722 2676 sinceram

2073 2708 2306 2765 deitatis
2336 2725 2718 2781 personarum
2752 2711 3105 2767 doctrinam.
3142 2715 3215 2766 Et
3232 2711 3366 2781 fecit
3383 2711 3525 2766 Deus
3545 2707 3722 2764 homi-

2071 2814 2199 2853 nem
2227 2799 2268 2852 ⁵.
2300 2799 2610 2855 Faciamus.
2647 2803 2714 2855 Et
2745 2816 2860 2855 non
2892 2799 3057 2866 dixit,
3082 2803 3148 2855 Et
3177 2798 3458 2869 fecerunt,
3483 2813 3556 2853 ne
3587 2795 3724 2868 plu-

2072 2886 2227 2942 rium
2258 2886 2502 2943 deorum
2514 2886 2727 2943 erroris
2750 2886 2959 2943 ansam
2981 2887 3118 2943 inde
3145 2886 3260 2942 arri
3268 2901 3457 2958 peres.
3478 2884 3537 2939 Si
3565 2883 3725 2939 enim

2072 2973 2287 3047 plurali
2311 2990 2553 3031 numero
2575 2976 2703 3047 ipsa
2733 2992 2968 3048 quoque
2991 2976 3238 3031 inducta
3258 2973 3468 3029 fuisset
3487 2970 3724 3036 creatis,

316 3070 483 3129 omni
514 3069 754 3126 licentia
782 3067 1052 3125 homines
1081 3067 1322 3125 deorum
1345 3065 1456 3123 sibi
1512 3066 1747 3122 turbam
1807 3068 2197 3121 acervassent.
2259 3063 2427 3120 Nunc
2482 3064 2802 3132 enimvero,
2858 3065 3178 3136 Faciamus,
3227 3066 3294 3119 ut
3331 3064 3565 3119 Patrem
3621 3076 3725 3116 no-

306 3158 487 3227 veris,
511 3162 573 3214 et
605 3156 839 3225 Filium,
871 3162 929 3212 et
947 3155 1229 3229 Spiritum
1261 3157 1551 3210 sanctum.

382 3249 440 3303 3.
488 3247 718 3303 Ἔπειτα
746 3242 826 3301 δί’
882 3242 986 3301 Καὶ
1038 3240 1291 3313 ἐποίησεν
1342 3242 1371 3297 6
1421 3241 1554 3305 Θεὸς
1604 3242 1697 3297 τὸν
1752 3241 1960 3317 ἄνθρωυ

2146 3243 2201 3298 3.
2233 3242 2384 3298 Tum
2414 3259 2572 3312 vero,
2604 3243 2668 3300 Et
2695 3244 2826 3316 fecit
2880 3244 3024 3299 Deus
3062 3241 3372 3304 hominem;
3429 3241 3497 3295 ut
3541 3252 3731 3293 unum

313 3353 438 3390 πον
492 3333 585 3389 ἵνα
644 3334 773 3390 Θεὸν
807 3330 920 3402 ἕνα,
949 3333 1019 3389 τὰ
1044 3332 1171 3408 τρία
1198 3333 1399 3403 νοήσης
1457 3330 1745 3409 πρόσωπα’
1782 3330 1843 3387 ού
1872 3329 1967 3392 τὰς

312 3424 637 3485 ὁποστάσεις
696 3423 963 3478 ἑνοποιῶν
1001 3464 1016 3492 ,
1092 3419 1237 3477 ἀλλὰ
1291 3422 1390 3490 τὴν
1453 3420 1576 3494 μίαν
1632 3418 1819 3475 οὐσίαν
1876 3417 1968 3474 καὶ

315 3513 543 3588 δύναμιν
604 3512 985 3589 λογιζόμενος·
1034 3512 1124 3566 καὶ
1187 3511 1310 3585 μίαν
1345 3508 1499 3582 δόξαν
1530 3506 1681 3587 ἔγῃς,
1744 3511 1821 3584 μὴ
1875 3528 1970 3583 με-

313 3604 606 3679 ριζόμενος
638 3601 764 3676 περὶ
792 3602 890 3671 τήν
924 3599 1312 3677 προσκύνησιν,
1376 3597 1516 3673 μηδὲ
1544 3600 1620 3662 εἰς
1677 3597 1967 3663 πολυθείαν

310 3692 607 3765 ἐμπίπτων
634 3735 648 3748 .
710 3690 789 3747 Ού
847 3689 949 3765 γὰρ
1012 3688 1154 3744 εἶπεν
1180 3706 1193 3720 ’
1259 3688 1548 3760 Ἐποίησαν
1602 3690 1655 3745 οἱ
1710 3687 1823 3744 θεοὶ
1878 3688 1968 3743 τὸν

314 3781 637 3860 ἄνθρωπον·
668 3779 819 3848 ἀλλ’,
863 3779 1155 3851 Ἐποίησεν
1208 3780 1236 3834 6
1304 3778 1452 3843 Θεός.
1489 3779 1557 3838 Εἴ
1609 3780 1711 3855 γὰρ
1740 3779 1830 3835 καὶ
1864 3775 1973 3833 ἰδία

316 3873 421 3947 μὶν
457 3871 755 3932 ὑπόστασις
798 3869 1030 3945 Πατρὸς,
1084 3866 1194 3923 ἰδία
1219 3865 1277 3924 δὲ
1320 3870 1469 3941 Υῖοῦ,
1517 3868 1607 3924 καὶ
1636 3866 1746 3924 ἱδία
1804 3866 1975 3926 ΙΙνεύ-

319 3980 499 4035 ματος
529 3958 710 4034 ἁγίου,
741 3954 868 4012 ἀλλ’
925 3956 1051 4031 οὐχὶ
1084 3957 1173 4011 καὶ
1195 3961 1345 4030 τρεῖς
1386 3956 1517 4012 θεοί*
1577 3958 1659 4013 δτι
1692 3956 1789 4031 μία
1817 3956 1906 4012 καὶ
1937 3956 1972 4026 ἠ

317 4049 461 4118 αὖτή
509 4048 566 4103 ὶν
625 4051 743 4111 τοῖς
795 4044 941 4119 τρισί
985 4046 1254 4119 νοουμὲνη
1310 4044 1583 4117 ούσιώδης
1631 4047 1842 4116 θεότης.
1875 4047 1978 4102 "HV

316 4138 424 4215 γὰρ
487 4136 679 4212 βλέπω
735 4133 789 4190 ἐν
844 4133 1013 4208 Πατρὶ
1066 4134 1314 4206 θεότητα,
1353 4133 1548 4201 ταύτην
1596 4134 1684 4189 καὶ
1734 4134 1784 4189 ἐν
1844 4134 1974 4206 Υἱῷθ

320 4228 415 4283 καὶ
444 4229 507 4297 ἣν
550 4226 604 4283 ἐν
652 4226 782 4298 Υἳῷ,
826 4224 1027 4296 ταύτην
1073 4226 1163 4281 καὶ
1206 4223 1259 4281 ἐν
1288 4225 1561 4300 Πνεύματι
1619 4224 1778 4301 ἁγίῳ·
1839 4222 1979 4279 διότι

324 4319 419 4373 καὶ
454 4315 551 4389 μία
583 4316 618 4386 ἠ
667 4314 718 4370 ἐν
766 4314 987 4378 τούτοις
1038 4316 1386 4390 θεωρουμὲνη
1425 4315 1633 4393 μορφὴ,
1683 4315 1770 4370 καὶ
1831 4313 1980 4391 ἀρχὴ

329 4406 555 4477 ήαύτή.
608 4404 709 4461 Διᾶ
763 4408 924 4460 τοῦτο
979 4403 1072 4460 καὶ
1129 4406 1254 4481 παρ⁹
1298 4405 1435 4478 ἡμῖν
1472 4404 1570 4477 μία
1618 4401 1983 4482 προσκύνησις

327 4496 420 4551 καὶ
501 4492 794 4569 δοξολογία
846 4499 964 4557 τοῖς
1016 4492 1190 4569 τρισὶν
1249 4493 1325 4557 ὡς
1384 4493 1463 4548 ἑνὶ
1526 4496 1661 4565 Θεῷ.
1721 4492 1792 4548 Τὸ
1857 4495 1984 4567 γοῦν

337 4584 628 4658 προοίμιον
669 4588 772 4652 τῆς
822 4582 1092 4660 ἡμετέρας
1132 4582 1410 4658 γενίσεως,
1462 4579 1723 4657 θεολογία
1767 4601 1982 4637 κατανε-

338 4669 523 4745 νόηται
546 4672 785 4743 ἀληθινή
795 4713 809 4728 .

420 4852 468 4906 4.
534 4851 865 4922 Ποιήσωμεν
935 4845 1216 4925 ἄνθρωπον
1283 4854 1403 4904 κατ’
1474 4848 1653 4904 είκόνα
1714 4847 1804 4903 καὶ
1863 4849 1983 4902 καθ’

350 4938 626 5011 ὁμοίωσιν.
696 4939 823 4994 κατ’
870 4936 1051 4992 εἰκόνα
1111 4938 1205 5010 μὶν
1258 4941 1391 4993 Θεοῦ
1450 4937 1768 5014 γεγενῆσθαι
1815 4937 1982 5010 ἡμᾶς,

341 5024 574 5097 εὔδηλον
608 5026 716 5083 ἀπὸ
773 5033 875 5096 τῆς
932 5024 1169 5104 Γραφῆς.
1220 5029 1347 5090 Πως
1405 5023 1463 5083 δὲ
1510 5027 1595 5097 τὸ,
1651 5026 1776 5082 Κατ’
1806 5024 1986 5081 εἰκόνα

339 5120 496 5190 Θεοῦ,
560 5117 802 5189 νοητεον.
866 5111 1037 5172 Ούδὲν
1084 5136 1134 5171 τι
1192 5116 1504 5191 σωματικὸν
1549 5116 1640 5172 καὶ
1667 5116 1857 5192 γήινον
1907 5112 1986 5169 ἐν-

332 5207 630 5277 νοήσασθαι
715 5206 831 5281 χρή
868 5222 882 5237 ⁸
963 5202 1391 5280 ἂποκαθάρωμεν
1484 5204 1685 5260 ἑαυτῶν
1761 5200 1984 5281 καρδίαν

333 5293 637 5365 ἰδιωτικὴν,
687 5291 971 5369 πρόληψιν
1002 5291 1346 5368 ἀπαίδευτον,
1396 5294 1627 5370 ἀμαθεῖς
1681 5294 1804 5370 περὶ
1852 5296 1986 5349 Θεοῦ

329 5385 665 5460 ὑπολήψεις,
727 5383 896 5439 ὁποῖά
942 5383 1082 5446 τινες
1135 5404 1316 5459 φασιν.
1356 5384 1422 5440 El
1477 5385 1597 5441 κατ’
1656 5381 1835 5441 εἳκόνα
1880 5382 1985 5459 γὰρ

399 5553 424 5587 ⁸
451 5550 614 5609 Pes].
647 5565 881 5622 cxcvru,
912 5548 967 5605 5.
1044 5548 1066 5584 ⁸
1096 5548 1241 5607 Gen.
1263 5566 1304 5619 ι,
1324 5550 1416 5608 27.

402 5698 479 5773 (α)
510 5692 789 5753 Ἐκτίασο.
820 5691 918 5767 Η.,
945 5683 1142 5753 ἔκτισε.

2078 3334 2260 3391 Deum
2292 3352 2359 3391 ac
2403 3339 2518 3391 tres
2549 3352 2830 3408 personas
2861 3333 3159 3406 intelligas
3188 3349 3203 3401 ;
3237 3348 3354 3388 non
3385 3329 3488 3404 qui
3531 3326 3733 3384 subsi-

2078 3425 2325 3481 stentias
2346 3425 2571 3481 unitate
2596 3441 2934 3497 componas,
2961 3423 3062 3480 sed
3087 3421 3187 3494 qui
3211 3434 3389 3477 unam
3414 3415 3732 3475 essentiam

2079 3517 2315 3586 reputes
2341 3530 2407 3570 ac
2438 3514 2800 3587 potentiam:
2835 3527 3134 3584 unamque
3189 3510 3407 3565 habeas
3462 3505 3735 3578 majesta-

2080 3606 2222 3669 tem,
2244 3602 2402 3659 haud
2437 3604 2660 3659 scissus
2688 3606 2867 3673 atque
2897 3600 3121 3657 divisus
3146 3595 3504 3655 adorationis
3543 3592 3728 3662 cultu,

2083 3691 2348 3763 nihilque
2379 3691 2712 3764 impingens
2734 3691 2793 3746 in
2841 3705 3095 3746 errorem
3153 3685 3410 3761 plurium
3461 3685 3726 3740 deorum.

2082 3781 2207 3837 Non
2239 3780 2393 3837 enim
2425 3781 2590 3853 dixit,
2614 3781 2896 3837 Fecerunt
2936 3779 3017 3835 dii
3075 3775 3377 3833 hominem
3407 3791 3420 3843 ;
3470 3773 3573 3830 sed
3631 3777 3728 3829 Fe-

2082 3872 2157 3927 cit
2189 3876 2349 3927 Deus.
2371 3870 2629 3926 Tametsi
2658 3870 2815 3926 enim
2848 3866 3083 3941 propria
3109 3869 3199 3922 est
3221 3879 3472 3936 persona
3516 3861 3730 3931 Patris,

2087 3958 2438 4031 propriaque
2472 3957 2616 4025 Filii,
2650 3975 2715 4014 ac
2747 3957 2983 4031 propria
3013 3954 3271 4028 Spiritus
3302 3949 3512 4021 sancti,
3570 3947 3728 4005 haud

2086 4053 2284 4104 tamen
2306 4052 2613 4119 propterea
2635 4047 2812 4103 etiam
2846 4051 2963 4102 tres
2986 4044 3066 4100 dii
3092 4062 3105 4111 ;
3136 4042 3353 4098 idcirco
3375 4039 3516 4113 quia
3544 4038 3602 4094 in
3626 4038 3732 4093 tri-

2087 4138 2200 4193 bus
2229 4137 2433 4193 eadem
2455 4131 3233 4204 substantialisintelligitur
3279 4129 3487 4186 deitas.
3546 4127 3732 4190 Quam

2089 4226 2329 4284 enim-in
2362 4230 2533 4281 Patre
2565 4241 2737 4282 cerno
2767 4224 3069 4290 deitatem,
3101 4220 3254 4277 hanc
3285 4222 3344 4275 et
3372 4218 3431 4273 in
3466 4214 3627 4281 Filio,
3677 4217 3738 4268 et

2092 4332 2268 4388 quam
2300 4315 2359 4370 in
2385 4314 2550 4386 Filio,
2574 4330 2704 4371 eam
2735 4318 2793 4370 et
2814 4313 2873 4368 in
2906 4311 3126 4384 Spiritu
3158 4310 3386 4365 sancto.
3438 4303 3599 4369 Quod
3642 4302 3739 4357 ni—

2094 4404 2309 4460 mirum
2342 4404 2399 4459 in
2431 4403 2524 4459 his
2542 4419 2777 4476 quoque
2798 4418 2917 4458 una
2937 4399 3300 4472 intelligatur
3328 4397 3534 4459 forma,
3554 4392 3739 4447 idem-

2094 4510 2208 4567 que
2232 4492 2586 4565 principium
2612 4509 2626 4548 :
2655 4492 2834 4563 idque
2865 4490 2924 4546 in
2965 4505 3144 4545 causa
3164 4490 3277 4552 est,
3309 4489 3375 4541 ut
3404 4487 3463 4539 et
3504 4499 3538 4538 a
3572 4479 3742 4536 nobis

2096 4599 2214 4638 una
2253 4580 2441 4636 tribus
2471 4581 2733 4636 adoratio
2756 4597 2823 4636 ac
2850 4577 3113 4635 laudatio
3134 4572 3305 4648 quasi
3338 4571 3438 4628 uni
3470 4570 3588 4626 Deo
3636 4567 3739 4623 ad-

2092 4670 2378 4726 hibeatur.
2413 4668 2590 4725 Ortus
2618 4668 2817 4740 itaque
2849 4666 3033 4723 nostri
3062 4661 3388 4729 exordium,
3417 4673 3553 4715 vera
3575 4655 3740 4712 trinas

2092 4750 2331 4816 deitatis
2362 4758 2648 4832 professio
2678 4756 3046 4829 intelligitur.

2164 4850 2217 4904 4.
2240 4850 2532 4904 Faciamus
2562 4847 2837 4903 hominem
2869 4844 2939 4900 ad
2968 4844 3280 4917 imaginem
3299 4842 3352 4896 et
3409 4834 3742 4893 similitudi-

2093 4954 2239 4996 nem.
2274 4936 2479 4993 Fuisse
2502 4952 2607 4997 nos
2628 4934 2895 4992 conditos
2940 4933 3013 4989 ad
3071 4930 3172 4988 Dei
3228 4925 3570 5000 imaginem,
3612 4939 3741 4996 per-

2095 5027 2366 5101 spicuum
2398 5041 2468 5081 ex
2488 5024 2786 5097 Scriptura
2815 5026 2924 5080 est.
2956 5023 3025 5077 At
3047 5034 3304 5094 quonam
3324 5014 3499 5072 modo
3526 5010 3745 5101 intelli:

2093 5098 2374 5190 gendum,
2407 5115 2561 5187 quod
2586 5113 2670 5171 ita
2690 5112 2912 5168 dictum
2939 5114 3059 5168 est:
3090 5109 3171 5166 Ad
3199 5102 3547 5179 imaginem?
3584 5098 3744 5157 Nihil

2094 5205 2200 5262 tibi
2217 5219 2563 5277 corporeum
2585 5218 2651 5259 ac
2670 5206 2969 5259 terrenum
2997 5199 3055 5255 in
3075 5202 3330 5255 mentem
3349 5192 3502 5252 826
3528 5190 3745 5277 veniat.

2095 5295 2259 5352 Ruris
2290 5276 2670 5350 cornostrum
2693 5295 2868 5364 atque
2897 5289 3179 5346 inscitum
3210 5287 3603 5359 depurgemus
3628 5276 3746 5364 ;in-

2093 5384 2386 5443 eruditam
2413 5386 2759 5456 occupatam
2782 5363 3311 5447 existimationem;
3352 5371 3618 5431 indoctae
3672 5363 3747 5419 de

2178 5693 2258 5770 (b)
2285 5690 2667 5771 Παρεισήχθη.
2695 5691 2827 5763 Ms.,
2861 5682 3159 5765 παρεδόθη.
