4134 6212
401 403 481 464 ιδ
1337 390 1737 452 APPENDlX
1780 387 2111 451 OPERUM
2155 390 2220 450 S.
2267 388 2553 449 BASILII
2600 386 2878 449 MAGNI.
2950 366 2957 375 δ
3741 394 3818 454 I6

393 538 593 590 Deoac
624 512 941 586 illiberales
964 525 1305 598 opiniones;
1339 522 1667 593 cujusmodi
1687 520 1931 594 quidam
1963 519 2044 574 di-

2163 521 2297 573 Θεοῦ
2354 517 2667 595 γεγόναμεν,
2728 516 3055 598 σύμμορφος
3113 520 3329 581 πάντως
3386 521 3523 593 ἡμῖν
3582 519 3720 579 ἐστιν
3782 525 3812 579 ὁ

387 624 549 678 cunt.
583 617 815 677 Etenim
846 616 895 672 si
920 616 991 672 ad
1014 616 1117 671 Dei
1171 613 1493 686 imaginem
1552 610 1773 667 conditi
1810 625 2043 675 sumus,

388 711 543 766 Deus
576 706 745 765 nobis
776 721 1019 779 prorsus
1052 703 1371 759 conformis
1412 701 1689 757 exsistit?
1738 715 1844 755 nec
1900 699 2047 755 forte

390 797 738 855 desuntDeo
770 793 925 850 oculi
976 797 1034 849 et
1079 807 1254 848 aures
1291 809 1304 859 ;
1348 794 1550 863 caput,
1608 803 1938 861 manusque
1996 791 2053 842 et

393 903 588 953 coxas,
622 884 838 958 quibus
869 882 1173 953 fulciatur,
1205 880 1383 936 habet
1406 883 1428 935 Ρ
1448 878 1675 935 Etenim
1709 878 1768 932 in
1791 878 2051 948 Scriptu-

392 992 459 1032 ra
487 975 707 1031 dicitur
732 977 884 1027 Deus
905 971 1107 1027 sedere
1132 988 1145 1037 ;
1180 970 1426 1042 pedibus
1459 967 1738 1041 praeditus
1760 966 2048 1037 esse,qui-

395 1064 507 1120 bus
525 1062 806 1119 ambulet.
830 1060 995 1116 Haud
1017 1059 1174 1115 enim
1202 1074 1339 1113 vero
1374 1059 1524 1113 Deus
1553 1055 1689 1111 talis
1711 1056 2051 1111 est.Absur-

397 1154 505 1210 das
526 1153 724 1209 animo
751 1152 959 1223 ablega
988 1149 1393 1222 cogitationes.
1413 1149 1665 1204 Sensum
1681 1145 1867 1216 abjice
1898 1162 1931 1200 a
1954 1145 2049 1199 Dei

395 1244 808 1298 abhorrentem
836 1239 1423 1312 magnitudine.Deus
1444 1236 1601 1290 omni
1634 1238 1804 1289 vacat
1829 1235 2046 1305 ﬁgura;

392 1330 645 1403 simplex
674 1336 785 1397 est,
810 1328 962 1385 mole
986 1330 1142 1382 caret
1162 1330 1220 1380 et
1251 1324 1597 1397 quantitate.
1620 1321 1749 1378 Noli
1781 1326 1881 1377 tuo
1922 1322 2049 1395 ipse

391 1421 588 1476 animo
620 1420 868 1474 formam
902 1417 962 1470 in
990 1415 1107 1470 Deo
1137 1414 1413 1485 cogitare.
1444 1409 1575 1467 Noli
1614 1411 1862 1468 Judaice
1913 1426 2048 1467 eum

390 1509 492 1579 qui
524 1522 776 1578 magnus
806 1508 919 1571 est,
949 1502 1010 1557 in
1041 1505 1362 1571 angustum
1390 1516 1618 1573 cogere.
1658 1499 1787 1555 Noli
1843 1516 2050 1571 corpo-

388 1596 504 1651 reis
536 1600 717 1650 Deum
747 1592 1104 1664 cogitatibus
1134 1588 1484 1661 complecti:
1537 1605 1611 1644 ne
1661 1592 1776 1643 tute
1828 1587 2045 1644 mentis

389 1683 682 1756 angustiis
713 1696 849 1737 sum
882 1678 1356 1735 circumscribas.
1389 1676 1919 1750 Incomprehensus
1958 1681 2048 1732 est

390 1769 811 1842 magnitudine.
836 1768 1037 1841 Cogita
1070 1767 1647 1840 magnum,addeque
1677 1781 1891 1839 magno
1919 1782 2045 1820 am-

2155 606 2315 679 Θεός;
2366 608 2456 663 καὶ
2519 606 2799 687 ὀφθαλμοὶ
2843 609 2990 684 τάχα
3018 606 3141 684 περὶ
3173 608 3324 678 Θεὸν,
3358 608 3449 663 καὶ
3482 607 3612 683 ὦτα,
3643 632 3808 690 κεφα-

2155 694 2253 768 λὴ,
2310 700 2519 772 χεῖρες,
2578 695 2760 772 ΐσχίον
2811 696 2891 776 ἐφ’
2950 695 3013 752 οῦ
3065 694 3311 773 mperat;
3372 698 3597 776 Λέγεται
3644 701 3749 776 γὰρ
3784 703 3811 756 ὁ

2161 785 2291 847 Θεὸς
2345 784 2397 840 ἐν
2451 789 2519 860 τῇ
2554 789 2739 863 Γραφῇ
2778 786 3114 856 καθέζεσθαι·
3162 784 3257 841 καί
3313 784 3481 849 πόδες
3542 787 3705 861 αὐτῷ,
3740 785 3810 844 δι’

2161 873 2235 927 ὧν
2264 878 2570 949 περιπατεῖ.
2620 875 2826 929 Ούκοῦν
2876 879 3125 939 τοιοῦτος
3172 876 3202 930 ὁ
3257 876 3388 937 Θεός
3424 903 3438 947 ;
3480 877 3816 933 ’Δποσκεύα-

2162 982 2251 1016 σον
2282 965 2359 1037 (a)
2388 970 2487 1033 τῆς
2523 960 2749 1039 καρδίας
2780 965 3129 1043 φαντάσματα
3168 964 3407 1041 ἀπρεπῆ·
3457 959 3656 1022 ἔκϐαλε
3708 967 3816 1023 ἀπὸ

2161 1056 2257 1107 σοῦ
2312 1050 2549 1108 διάνοιαν
2607 1053 3023 1130 ἀφαρμόζουσαν
3094 1058 3172 1127 τῷ
3220 1052 3431 1130 μεγέθει
3478 1058 3574 1110 τοῦ
3632 1060 3768 1111 Θεοῦ
3800 1100 3813 1115 .

2162 1141 2609 1217 Ἀσχημάτιστος
2669 1144 2697 1197 ὁ
2745 1142 2897 1212 Θεὸς,
2958 1139 3186 1211 ἁπλοῦς,
3248 1142 3538 1219 ἀμεγέθης,
3582 1142 3810 1207 ἅποσος.

2160 1231 2247 1299 Μή
2295 1235 2603 1306 φαντασθῇς
2656 1237 2873 1310 μορφὴν
2929 1231 3015 1287 ἐπὶ
3047 1236 3200 1287 Θεοῦ’
3238 1233 3312 1306 μή
3371 1235 3814 1309 κατασμικρύνῃς

2159 1316 2473 1382 ’ἰουδαῖκῶς
2496 1320 2589 1375 τὸν
2633 1321 2825 1396 μεγαν·
2892 1321 2967 1395 μὴ
3002 1315 3300 1398 περιλάϐῃς
3330 1320 3419 1376 τὸν
3455 1321 3583 1377 Θεὸν
3617 1343 3812 1396 σωμα-

2156 1414 2332 1471 τικαῖς
2380 1407 2633 1471 ἐννοίαις·
2704 1412 2781 1483 μὴ
2834 1412 3176 1487 περιγράψῃς
3233 1410 3393 1465 αὐτὸν
3452 1410 3530 1484 τῷ
3587 1415 3665 1484 σῷ
3710 1416 3809 1484 νῷ.

2154 1496 2556 1573 Ἀπερίληπτός
2588 1496 2699 1552 ἐστι
2731 1502 2812 1571 τῷ
2841 1497 3078 1575 μεγέθει.
3120 1497 3464 1570 Κατανόησον
3496 1499 3589 1555 τὸν
3620 1498 3810 1573 μέγαν,

2156 1586 2245 1641 καὶ
2301 1591 2382 1659 τῷ
2434 1586 2659 1662 μεγάλῳ
2705 1587 2937 1663 πρόσθες
2981 1585 3171 1643 πλεῖον
3205 1592 3302 1642 τοῦ
3331 1588 3684 1662 νενοημὲνου,
3716 1589 3807 1644 καὶ

2153 1678 2233 1747 τῷ
2262 1673 2469 1731 πλείονι
2498 1676 2561 1730 τὸ
2591 1673 2807 1731 πλεῖον·
2841 1676 2931 1731 καὶ
2960 1676 3055 1732 τὸν
3100 1680 3328 1732 σεαυτοῦ
3378 1674 3652 1753 λογισμὸυ
3694 1682 3815 1732 πεῖ-

2154 1784 2270 1837 σον,
2297 1763 2381 1819 ὅτι
2409 1768 2517 1818 τῶν
2544 1764 2848 1840 ἀπεράντων
2879 1764 2978 1821 οὐκ
3009 1764 3263 1839 ἐφίξεται.

391 1859 547 1929 plius
578 1874 756 1930 quam
783 1856 1169 1929 cogitaveris;
1202 1855 1576 1928 amptiusque
1601 1855 1795 1911 adhuc
1826 1854 2530 1928 superaddas,certusque
2563 1856 2760 1912 animo
2792 1856 2896 1926 sis,
2922 1872 3036 1913 non
3069 1873 3242 1930 posse
3263 1856 3491 1928 ﬁeri,ut
3511 1872 3638 1928 qua
3669 1860 3811 1913 suut

391 1946 644 2018 infinita,
680 1962 942 2017 unquam
972 1945 1334 2019 assequaris.

461 2070 517 2127 5.
552 2068 682 2128 Noli
709 2069 907 2141 itaque
937 2069 1192 2142 cogitare
1221 2070 1509 2142 ﬁguram;
1541 2086 1576 2126 a
1634 2069 1895 2141 potentia
1946 2068 2041 2124 in-

2218 2069 2272 2124 5.
2334 2068 2427 2138 Μή
2489 2065 2582 2123 οὖν
2622 2071 2817 2144 σχῆμα
2869 2070 3101 2143 νοήσῃςο
3163 2068 3269 2124 ἀπὸ
3330 2066 3612 2142 δυναμεως
3666 2067 3796 2130 Θεὸς

391 2157 678 2231 telligitur
706 2157 880 2214 Deus.
905 2157 1031 2216 Non
1066 2157 1497 2229 quantitatem;
1558 2157 1775 2214 etenim
1826 2157 2044 2230 ubique

390 2250 502 2315 est,
534 2250 592 2303 et
622 2262 802 2319 supra
832 2262 1028 2302 rerum
1069 2262 1305 2303 omnem
1355 2245 1795 2303 universitatem
1854 2247 2043 2303 modis

390 2334 715 2406 majoribus
741 2335 994 2391 excedit:
1030 2335 1132 2407 qui
1174 2352 1279 2392 nec
1337 2335 1635 2391 attrectari
1678 2339 1876 2408 queat,
1937 2351 2043 2391 nec

387 2421 591 2491 videri,
626 2426 728 2478 aut
751 2427 947 2479 mente
967 2422 1239 2495 intelligi,
1272 2424 1373 2496 qui
1404 2440 1510 2479 nec
1528 2422 1717 2494 ﬁgura
1775 2440 2044 2481 coercea-

388 2514 506 2582 tur,
539 2526 646 2567 nec
668 2512 1079 2585 magnitudine
1109 2511 1759 2580 circumscribatur,nec
1781 2513 2046 2587 potentia

390 2615 733 2657 mensuram
766 2600 999 2671 habeat,
1028 2618 1144 2657 non
1188 2601 1466 2674 temporis
1515 2603 1897 2660 concludatur
1940 2620 2044 2658 an-

388 2687 621 2760 gustiis,
659 2705 776 2746 non
826 2690 1018 2746 tribus
1059 2690 1329 2748 terminis
1379 2690 1637 2747 finiatur.
1686 2692 1843 2748 Nihil
1888 2690 2045 2749 enim

394 2792 638 2849 prorsus
670 2778 729 2835 in
751 2778 891 2849 Deo,
915 2779 1249 2853 cujusmodi
1269 2780 1330 2836 in
1362 2780 1553 2851 nobis,
1603 2786 1706 2838 aut
1759 2782 1936 2838 etiam
1985 2782 2045 2836 in

2152 2161 2374 2214 νοεῖται.
2433 2158 2522 2227 Μή
2589 2159 2812 2234 μέγεθος
2889 2162 3171 2235 πανταχοῦ
3221 2156 3324 2233 γάρ
3384 2157 3515 2226 ἐστι,
3548 2156 3638 2212 καὶ
3672 2157 3805 2231 ὑπὲρ

2150 2245 2213 2301 τὸ
2243 2251 2348 2301 πᾶν
2390 2246 2714 2321 περισσεύει.
2772 2245 3063 2322 ἀνέπαφον,
3099 2246 3353 2323 ἀόρατον,
3413 2245 3804 2316 ἀκατανόητον·

2156 2334 2295 2407 μήτε
2323 2336 2572 2410 σχήματι
2628 2333 3196 2412 περιλαμϐανόμενον,
3253 2337 3393 2408 μήτε
3445 2336 3656 2409 μεγέθει
3704 2354 3805 2390 πε-

2154 2442 2578 2499 ριγραφόμενον·
2632 2427 2710 2498 μή
2771 2422 2993 2498 δυνάμει
3040 2422 3471 2500 ἐκμετρούμενον
3507 2424 3585 2496 μή
3618 2423 3807 2498 χρόνῳ

2152 2509 2624 2588 περικλειόμενον,
2689 2515 2764 2587 μὴ
2815 2514 3006 2586 πέρασι
3051 2511 3226 2588 τρισὶν
3257 2506 3603 2587 ὁριζόμενον.
3634 2508 3805 2567 Οὐδὲν

2151 2601 2252 2677 γάρ
2286 2599 2424 2656 ἐστιν
2458 2600 2604 2664 ὅλως
2632 2601 2757 2677 περὶ
2793 2601 2945 2674 Θεὸν,
2977 2603 3168 2657 ὁποῖον
3225 2601 3350 2676 περὶ
3409 2602 3579 2672 ἡμᾶς,
3630 2598 3667 2667 ἢ
3712 2597 3805 2652 γαὶ

2153 2690 2220 2745 τὰ
2251 2686 2432 2762 μόνως
2462 2693 2656 2762 νοητά.
2688 2695 2812 2755 Πῶς
2843 2689 2934 2746 οὖν
2985 2693 3020 2760 ὴ
3075 2688 3261 2768 Γράφὴ
3306 2690 3447 2744 εἶπεν
3482 2690 3633 2762 ἡμᾶς
3686 2688 3806 2742 κατ’

2155 2778 2334 2835 εἰκόνα
2364 2783 2498 2836 Θεοῦ
2525 2782 2843 2856 γεγενῆσθαι
2868 2799 2882 2850 ;

396 2864 471 2921 iis
505 2881 634 2939 quis
664 2866 791 2925 sola
809 2872 1005 2926 mente
1035 2872 1285 2942 possunt
1313 2868 1583 2943 intelligi.
1616 2872 1882 2938 Quonam
1912 2870 2092 2944 igitur
2110 2870 2284 2927 modo
2307 2870 2608 2944 Scriptura
2636 2871 2708 2927 ad
2760 2871 2859 2927 Dei
2919 2888 3026 2927 nos
3084 2870 3401 2943 imaginem
3430 2870 3616 2926 factos
3672 2886 3806 2927 osse

394 2952 590 3010 dixit?

462 3077 519 3132 6.
551 3082 959 3151 Agnoscamus
980 3082 1132 3154 quid
1181 3082 1278 3139 Dei
1338 3084 1637 3156 proprium
1691 3083 2039 3153 habeamus,

392 3168 568 3238 atque
592 3166 651 3221 id
683 3170 838 3239 quod
871 3173 962 3225 est
991 3171 1064 3226 ad
1107 3171 1423 3245 imaginem
1477 3172 1631 3228 haud
1692 3188 1935 3243 prorsus
1983 3173 2043 3226 in

389 3252 580 3311 forma
609 3270 883 3325 corporea
911 3260 1097 3330 accipi
1128 3276 1315 3330 posse.
1367 3261 1497 3316 Haec
1544 3259 1757 3332 quippe
1792 3260 1854 3315 in
1912 3277 2044 3315 cor-

389 3358 529 3416 pore
558 3346 650 3400 est
675 3344 861 3400 oculis
883 3347 1200 3418 conspicuo
1226 3365 1239 3403 :
1273 3365 1569 3421 nusquam
1598 3365 1733 3403 vero
1799 3349 1921 3413 ﬁat,
1982 3352 2045 3404 ut

394 3430 550 3504 quod
580 3430 950 3505 inaspectum
979 3440 1088 3502 est,
1109 3434 1167 3490 in
1201 3437 1458 3493 reoculis
1489 3435 1807 3508 conspicua
1831 3438 2045 3509 ﬁgure-

395 3522 523 3589 tur;
555 3532 616 3577 at
643 3536 853 3592 neque,
878 3527 944 3579 ut
965 3524 1121 3593 quod
1155 3526 1512 3597 corrupiioni
1571 3526 1887 3581 obnoxium
1936 3531 2044 3593 est,

395 3609 524 3681 ejus
544 3607 740 3682 imago
771 3608 868 3679 sit,
897 3611 1049 3683 quod
1081 3612 1154 3667 ab
1201 3615 1362 3668 omni
1391 3620 1481 3669 est
1526 3613 1895 3685 corruptione
1936 3614 2047 3669 im-

398 3712 597 3753 mune.
621 3698 846 3755 Etenim
875 3715 1086 3772 corpus
1115 3708 1500 3773 augmentum
1523 3703 1683 3769 facit,
1707 3703 2046 3759 diminutio-

400 3801 536 3843 nem
565 3786 806 3858 patitur,
839 3790 1224 3856 consenescit,
1255 3790 1369 3846 alia
1397 3806 1466 3846 ex
1495 3790 1610 3847 alia
1644 3790 1926 3863 qualitate
1946 3792 2048 3846 de-

399 3879 621 3933 terente
651 3881 951 3945 mutatur;
977 3877 1133 3932 aliud
1156 3878 1212 3933 in
1221 3879 1529 3949 juventute
1549 3885 1656 3947 est,
1689 3885 1859 3950 atque
1888 3879 2049 3935 aliud

397 3962 459 4020 in
488 3969 786 4021 senectute
811 3964 1003 4033 ;aliud
1029 3982 1162 4022 cum
1188 3983 1466 4040 prospera
1490 3970 1676 4024 utitur
1692 3968 2044 4039 valetudine,

395 4055 571 4127 atque
600 4052 760 4109 aliud
791 4071 927 4111 cum
960 4056 1180 4111 morbis
1207 4058 1502 4126 jactatur;
1554 4057 1714 4113 aliud
1772 4073 1907 4113 cum
1947 4056 2045 4112 lte-

394 4145 572 4211 tatur,
597 4141 755 4198 aliud
785 4160 920 4199 cum
945 4145 1006 4199 in
1037 4143 1338 4201 doloribus
1370 4151 1674 4213 versatur;
1708 4145 1867 4201 aliud
1900 4162 2043 4218 pris-

395 4230 608 4298 ﬂdens,
641 4231 802 4286 aliud
834 4248 969 4288 cum
1000 4234 1247 4303 metuit;
1282 4233 1443 4290 aliud
1475 4235 1535 4290 in
1571 4235 1835 4307 penuria,
1871 4240 2047 4306 atque

393 4318 556 4376 aliud
579 4319 642 4375 in
677 4321 1062 4377 redundantia
1098 4340 1165 4379 ac
1194 4324 1537 4391 saturitate;
1571 4324 1726 4380 aliud
1752 4325 1833 4383 .in
1880 4340 2042 4396 pace,

391 4410 567 4479 atque
598 4406 758 4464 aliud
790 4409 848 4464 in
880 4409 1050 4466 bello.
1076 4410 1245 4467 Alius
1275 4412 1573 4484 vigilantis
1599 4417 1689 4469 est
1717 4412 1895 4481 color,
1957 4418 2043 4469 at-

389 4509 502 4567 que
531 4495 684 4553 alius
715 4497 1081 4554 dormientis.
1127 4500 1382 4571 Vigilans
1414 4503 1604 4571 magis
1629 4500 1870 4569 efﬂoret,
1926 4518 2042 4573 quo

386 4585 600 4641 rubore
628 4586 1025 4658 perfunditur,
1061 4588 1275 4644 idcirco
1297 4589 1436 4660 quia
1486 4588 1646 4646 calor
1692 4596 1854 4646 extra
1905 4608 2042 4663 pro-

384 4672 682 4745 greditur;
708 4674 1054 4731 dormientis
1086 4683 1280 4732 autem
1314 4678 1692 4750 confrigescit
1721 4678 1880 4734 calor
1908 4681 2039 4735 etin

2223 3084 2277 3139 6.
2310 3084 2648 3157 Ἐπιγνῶμεν
2679 3081 2732 3136 τί
2762 3080 2959 3136 οἰκεῖον
3001 3083 3138 3136 Θεοῦ
3187 3074 3413 3155 ἔχομεν,
3468 3079 3559 3135 διπῖ
3609 3079 3690 3133 ὅτι
3738 3078 3803 3133 τὸ

2152 3170 2266 3222 κατ’
2347 3168 2528 3223 εἰκόνα
2595 3169 2810 3230 πάντως
2888 3168 2987 3222 οὐκ
3040 3165 3092 3221 ἐν
3145 3168 3216 3238 τῇ
3267 3169 3552 3241 σωματικῇ
3612 3170 3800 3245 μορφῇ

2152 3254 2489 3331 ἐκληφθῆναι
2550 3253 2798 3311 δυνατόν.
2856 3261 2915 3310 Ἡ
2981 3255 3076 3327 μὲν
3130 3255 3231 3331 γὰρ
3263 3253 3349 3308 ἐπὶ
3382 3253 3665 3331 ὁρωμένου
3698 3257 3805 3310 σώο

2162 3364 2349 3417 ματος’
2408 3343 2462 3399 ἐν
2519 3345 2699 3420 ὁρατῷ
2756 3343 2813 3398 δὲ
2848 3344 2911 3399 τὸ
2968 3343 3197 3418 ἀόρατον
3258 3342 3321 3398 ού
3378 3343 3801 3420 σχηματίζεται·

2077 3403 2121 3470 C'
2161 3403 2286 3489 ὸλλ’
2316 3403 2467 3489 ⁷οὐδὲ
2527 3403 2620 3507 μὶν
2660 3403 2735 3507 (.h)
2764 3435 2824 3487 τὸ
2851 3403 3082 3512 φθαρτὸν
3143 3432 3229 3503 εἴη
3292 3433 3351 3487 ἂν
3407 3403 3510 3488 gold.
3531 3403 3803 3512 ἁφθείρτου

2156 3525 2190 3592 ἡ
2224 3522 2405 3578 εἰκών.
2439 3524 2518 3580 Τὸ
2550 3527 2709 3595 σῶμα
2742 3523 2836 3595 μὲν
2881 3521 2984 3598 γὰρ
3028 3518 3261 3595 αὔξεται,
3324 3526 3592 3596 μειοῦται,
3638 3526 3804 3599 γηρᾷ,

2157 3608 2505 3671 ἀλλοιοῦται.
2542 3610 2718 3669 ’Ἄλλο
2773 3610 2912 3665 ἐστὶν
2946 3610 2999 3665 ἐν
3025 3612 3096 3684 τῇ
3152 3611 3393 3684 νεότητι,
3442 3611 3532 3666 καὶ
3567 3609 3707 3667 ἄλλο
3748 3611 3802 3666 ἐν

2153 3703 2317 3779 γήρᾳ.
2356 3698 2497 3756 ἄλλο
2542 3698 2665 3755 ὅταν
2717 3700 2932 3775 εύεκτῇ,
2980 3698 3070 3754 καὶ
3119 3699 3260 3755 ἄλλο
3309 3699 3433 3754 ὅταν
3468 3699 3518 3754 ἐν
3580 3699 3801 3755 πάθεσιν

2154 3793 2209 3863 ᾗ·
2272 3788 2412 3844 ἄλλο
2463 3788 2902 3865 εὐφραινόμενον,
2950 3788 3039 3843 καὶ
3070 3786 3211 3844 ἄλλο
3262 3786 3628 3863 λυπούμενον*
3658 3785 3800 3845 ἄλλο

2156 3878 2409 3956 θαρῥοῦν,
2448 3879 2538 3933 καὶ
2591 3877 2730 3935 ἄλλο
2762 3873 3121 3955 φοϐούμενονι
3183 3875 3326 3933 ἄλλο
3376 3877 3429 3933 ἐν
3487 3876 3682 3950 ἐνδείᾳ,
3708 3880 3802 3933 καὶ

2155 3963 2295 4021 ἄλλο
2327 3965 2379 4021 ἐν
2412 3964 2728 4040 πλησμονῇ’
2760 3964 2901 4022 ἄλλο
2933 3965 2983 4021 ὲν
3016 3966 3325 4042 εἰρήνῃ,καὶ
3357 3963 3499 4023 ἄλλο
3532 3965 3586 4023 ἐν
3621 3967 3800 4042 μάχῃ,

2154 4053 2299 4112 ἄλλο
2329 4060 2536 4131 χρῶμα
2564 4055 2956 4131 ἑγρηγορότος,
3004 4056 3089 4110 καὶ
3126 4054 3266 4112 ἄλλο
3295 4053 3670 4119 καθεύδοντος
3702 4060 3799 4110 τοῦ

2159 4144 2252 4217 μὲν
2282 4144 2484 4215 ἐξανθεῖ
2537 4146 2672 4217 πρὸς
2699 4145 2761 4199 τὸ
2790 4143 3162 4220 ἐρυθρότερον,
3225 4147 3322 4199 τοῦ
3355 4147 3556 4218 θερμοῦ
3602 4142 3691 4197 ἰπὶ
3736 4143 3800 4198 τὸ

2154 4232 2256 4304 ἔξω
2287 4238 2625 4310 χωροῦντοςο
2675 4237 2773 4288 τοῦ
2805 4231 2863 4288 δὲ
2903 4234 3229 4307 κατέψυκται
3279 4231 3369 4287 καὶ
3428 4230 3794 4301 συνέσταλται,

2154 4320 2243 4378 διὰ
2285 4324 2348 4378 τὸ
2397 4322 2484 4379 ἐπὶ
2531 4324 2594 4378 τὸ
2648 4322 2811 4399 βάθος
2840 4324 2940 4391 τήν
2992 4320 3302 4396 Θερμότητα
3333 4318 3653 4382 εἰσδύεσθαι·
3713 4316 3799 4375 διὸ

2151 4411 2240 4468 καί
2272 4411 2507 4487 ὕπωχρα
2533 4416 2642 4467 τῶν
2674 4410 3036 4484 κοιμωμένων
3093 4409 3160 4464 τὰ
3213 4410 3460 4482 σώματα.
3516 4409 3640 4469 Πῶς
3699 4406 3795 4463 οὖν

2152 4498 2371 4556 δύναται
2401 4502 2464 4556 τὸ
2493 4500 2891 4573 ἀλλοιούμενον
2923 4503 3001 4570 τῷ
3043 4494 3407 4569 ἀναλλοιώτῳ
3436 4496 3660 4551 ἐοικέναι
3690 4514 3705 4565 ;
3736 4497 3798 4550 τὸ

2155 4588 2429 4664 μηδέποτε
2491 4590 2717 4659 ἑστηκὸς
2767 4585 2906 4661 μηδὲ
2949 4586 3036 4641 ἐπὶ
3091 4589 3288 4641 ταυτοῦ
3340 4586 3523 4658 μενον,
3577 4588 3659 4657 τῷ
3707 4584 3792 4639 ἀεὶ

2150 4679 2409 4741 ὡσαύτως
2445 4680 2533 4733 καὶ
2584 4679 2719 4733 κατὰ
2757 4677 2824 4732 τὰ
2853 4675 2987 4730 αὐτὰ
3016 4673 3200 4751 ἔχοντι
3230 4694 3243 4743 ;
3314 4672 3590 4752 Ἐκφεύγει
3640 4675 3793 4747 ἡμᾶς

385 4760 743 4832 profundum
775 4763 1187 4833 contruditur;
1224 4770 1400 4836 atque
1430 4765 1489 4820 id
1540 4783 1730 4822 caussa
1788 4774 1879 4824 est
1933 4785 2038 4824 cur

2155 4769 2218 4830 ὥς
2258 4769 2325 4823 τὰ
2382 4766 2593 4843 ῥευστὰ,
2648 4766 2775 4840 πρὶν
2834 4771 3086 4833 θεαθῆναι
3148 4760 3474 4838 ὑπέδραμεν,
3536 4760 3678 4817 ἄλλο
3741 4762 3791 4834 ἐξ

383 4848 844 4922 subpallescant,
875 4856 974 4923 qui
1003 4868 1210 4909 somno
1235 4853 1409 4925 sopiti
1431 4863 1592 4911 sunt.
1625 4855 1888 4919 Quonam
1920 4857 2030 4930 igi-

382 4941 479 4994 tur
508 4939 703 5010 modo,
737 4940 893 5012 quod
925 4938 1010 4995 sic
1040 4957 1107 4995 ex
1138 4941 1250 4997 alio
1278 4941 1434 4998 aliud
1472 4949 1677 5013 mutat,
1709 4960 1842 4999 eum
1886 4946 2037 4999 refe-

381 5030 473 5083 rat
493 5027 595 5100 qui
627 5028 870 5085 abomni
913 5029 1197 5086 immunis
1231 5032 1555 5088 mutatione
1594 5033 1726 5089 est?
1778 5033 1837 5088 id
1877 5033 2033 5104 quod

380 5130 682 5189 nunquam
715 5116 1003 5183 consistit,
1030 5118 1209 5174 necin
1229 5120 1433 5176 eodem
1464 5126 1619 5176 statu
1649 5127 1865 5185 manet,
1897 5136 2032 5174 eum

378 5204 478 5277 qui
508 5206 712 5262 eodem
735 5222 970 5280 semper
1003 5209 1174 5264 modo
1205 5225 1474 5280 peraeque
1497 5227 1559 5265 se
1580 5208 1800 5265 habet?
1817 5207 2059 5288 Dilabiy

374 5297 472 5349 tur
509 5293 702 5363 nobis,
734 5295 893 5352 velut
924 5313 1014 5352 res
1049 5296 1203 5352 ﬂuxa
1232 5314 1243 5351 :
1271 5299 1617 5369 priusquam
1659 5297 2028 5367 conspexeri-

2141 4855 2314 4912 ἄλλου
2372 4855 2606 4933 φαίνεται
2662 4855 2724 4909 τὸ
2779 4853 3112 4928 ἀνθρώπινον
3169 4856 3354 4924 σῶμα.
3416 4852 3547 4908 Κατ’
3606 4851 3787 4907 εἰκόνα

2145 4942 2430 5018 ἡμετὲραν.
2464 4948 2587 5004 Πῶς
2620 4946 2787 4998 σῶσαι
2838 4939 3054 4995 δύναται
3111 4947 3210 5010 τῆς
3267 4939 3523 5011 ἀκινήτου
3581 4940 3792 5016 φύσεως

2144 5034 2178 5099 ἡ
2212 5031 2406 5107 ῥευστή
2438 5030 2530 5085 καὶ
2563 5030 2936 5101 ἀλλοιουμὲνη
2997 5027 3155 5083 εἰκών
3197 5055 3211 5098 ;
3267 5036 3369 5099 τῆς
3423 5028 3701 5105 ἀμόρφου,
3750 5031 3784 5098 ἠ

2145 5119 2592 5197 μεμορφωμὲνη;
2627 5123 2749 5180 Πῶς
2780 5116 2870 5172 οῦν
2909 5119 3233 5191 ζητήσωμεν
3291 5118 3353 5171 τὸ
3400 5119 3519 5173 κατ’
3567 5117 3783 5185 εἲκόνιη

2142 5208 2227 5262 Ἐν
2262 5210 2346 5269 οἷς
2376 5208 2538 5270 αὐτὸς
2569 5208 2709 5263 εἶπεν
2740 5207 2791 5281 ἐξ
2841 5206 3079 5283 ὑπογύου
3108 5210 3144 5281 ᾔ
3197 5206 3347 5270 Θεὸς.
3380 5207 3502 5264 Ἐὰν
3563 5204 3707 5289 ἐμόν
3730 5224 3785 5258 τι
3874 5279 3885 5289 .

2139 5294 2299 5362 εἷ’πω,
2352 5296 2429 5369 μὴ
2486 5293 2872 5372 προσδέξησθεσ
2932 5296 3019 5351 ἐὰν
3069 5294 3126 5351 δὲ
3157 5294 3498 5359 δεσποτικὸν,
3555 5288 3786 5347 καταδὲ-

374 5398 528 5451 mus,
559 5400 624 5439 se
643 5382 899 5441 velocius
930 5385 1209 5442 subducit
1239 5401 1252 5440 :
1284 5385 1443 5441 aliud
1490 5402 1560 5440 ex
1621 5385 1736 5441 alio
1786 5391 2029 5457 apparet

2155 5392 2293 5455 ξασθε
2326 5428 2339 5441 .
2398 5387 2723 5458 Ποιήσωμεν
2778 5383 3062 5459 ἄνθρωπον
3118 5387 3236 5441 κατ’
3280 5385 3458 5440 εἰκόνα
3513 5381 3784 5457 ἡμετέραν

376 5470 699 5529 humanum
729 5490 960 5545 corpus.
999 5475 1081 5530 Ad
1112 5475 1415 5543 imaginem
1464 5482 1730 5529 nostram.
1773 5475 2023 5541 Quinam

2155 5473 2223 5529 ιαί
2297 5476 2413 5530 καθ’
2489 5474 2781 5549 ὁμοίωσινο
2855 5474 2945 5529 καὶ
3017 5473 3332 5551 ἁρχὲτωσαν
3405 5475 3514 5527 τῶν
3576 5468 3786 5545 ἰχθύων

444 5703 520 5774 (a)
548 5702 966 5760 Ἀποσκεύασοτ.
998 5701 1171 5774 Editi,
1202 5700 1587 5773 ἀποσκεύαζον.
1622 5704 1781 5764 EDI'r.

2199 5709 2277 5781 (ὁ)
2307 5707 2443 5766 Μὲν.
2476 5708 2644 5766 Forte
2676 5708 2807 5783 μήν.
2838 5708 3009 5766 EDrl'.’
