4108 6214
273 246 336 302 Π
1286 239 1384 296 DE
1435 237 1760 299 HUMINIS
1806 242 2275 306 STRUCTURA
2327 245 2623 306 ORATIO
2670 247 2718 304 l.
3642 250 3718 310 18

265 372 373 426 τίνι
423 368 631 445 ἄρχεις
687 372 798 422 τῶν
852 365 1101 442 ἷχθύων;
1135 365 1248 421 εἰπέ
1296 386 1411 438 μοι·
1445 367 1680 440 σώματι,
1713 366 1746 436 ἢ
1781 368 1924 443 λογι-

2054 374 2176 443 fiat,
2210 381 2273 429 ut
2302 374 2689 430 immutabilis
2723 381 2942 430 naturai
2976 376 3131 431 ﬂuxa
3162 376 3475 448 sitimago,
3508 378 3711 434 aliam-

270 466 388 534 σμῷ
417 489 432 530 ;
462 459 516 514 ἐν
547 462 712 533 ψυχῇ
743 457 809 512 τὸ
843 454 1037 532 ἄρχον,
1072 455 1106 524 ἢ
1138 454 1192 510 ἓν
1221 455 1377 530 σαρκί
1411 474 1424 524 ;

2049 478 2162 533 quo
2186 479 2254 517 ex
2274 463 2386 518 alia
2412 462 2757 534 qualitatem
2784 469 3020 519 mutans
3043 464 3070 519 ‘I
3101 465 3230 534 ejus
3253 466 3352 536 qui
3376 466 3569 521 omnis
3592 468 3708 522 for-

273 579 380 617 mae
414 576 655 632 exspers
675 558 1072 628 exsistit,quaa
1093 556 1280 612 forma
1305 556 1534 612 imbuta
1565 561 1652 612 est
1671 557 1698 612 ?
1716 557 1964 614 Ubinam
1987 558 2166 632 igitur
2186 563 2702 634 quazremus,quod
2727 568 2816 617 est
2848 563 2918 617 ad
2951 562 3268 634 imaginem
3286 563 3314 616 ‘I
3341 563 3400 617 In
3424 563 3496 619 iis
3520 564 3695 619 nimi-

279 669 441 719 rum,
471 651 536 705 in
565 649 775 720 quibus
810 648 938 718 ipse
955 647 1111 702 Deus
1141 645 1402 718 proxime
1425 647 1572 703 321
1602 647 1765 702 dixit.
1799 647 1856 702 Si
1887 649 2024 719 quid
2058 667 2250 705 meum
2279 645 2497 717 dixero,
2522 669 2595 706 ne
2619 651 2915 721 recipiatis
2943 650 3029 718 ;si
3061 657 3253 706 autem
3287 653 3441 722 quod
3467 652 3700 708 Domini

283 741 464 806 εει,ὶό
484 755 607 794 vero
627 737 739 792 reci
749 737 891 808 pite.
915 737 1201 792 Faciamus
1232 736 1508 791 hominem
1529 736 1598 790 ad
1629 739 1929 807 imaginem
1956 743 2203 794 nostram
2224 745 2274 795 et
2301 741 2729 795 similitudinem
2749 757 2768 800 ,·
2794 744 2844 794 et
2873 742 3104 810 praesint
3124 742 3386 810 piscibus.
3402 744 3664 804 Quonam
3684 782 3700 808 ,

293 847 484 904 quaeso
513 827 862 899 te,piscibus
895 842 1101 898 prices,
1132 823 1324 895 iisque
1356 823 1610 896 imperas
1636 828 1658 879 Ρ
1686 842 1947 897 corpore,
1972 842 2045 882 an
2080 829 2302 883 ratione
2325 829 2351 883 ?
2371 829 2430 883 in
2462 829 2657 883 animo
2691 828 2879 899 posita
2905 829 3136 901 imperii
3167 829 3272 896 vis,
3298 846 3370 884 an
3404 829 3462 884 in
3487 831 3700 886 carne?

368 925 510 983 ’7.Τὸ
561 925 652 995 μὲν
697 921 803 998 γὰρ
860 920 1196 995 ἀνθρώπινον
1261 925 1440 992 σῶμα,
1479 917 1708 974 πολλῶν
1769 920 1920 988 ζώων

309 1013 492 1088 ἀλόγων
542 1010 870 1080 καθὶστηκεν
931 1007 1326 1081 ἀσθενέστερον
1386 1009 1472 1062 καὶ
1522 1007 1621 1061 οὐκ
1674 1009 1733 1062 ἀν
1792 1029 1925 1063 ποτε

306 1102 572 1178 ωηαριθείη
607 1101 749 1176 πρὸς
804 1097 1032 1171 δύναμιν
1084 1098 1209 1171 σὰρξ
1267 1095 1509 1173 ἡμετέρα
1555 1101 1624 1169 τῇ
1680 1101 1776 1150 τοῦ
1823 1118 1919 1152 κα-

305 1190 473 1267 μήλου,
602 1188 918 1266 ἐλέφαντος,
967 1186 1004 1256 ἢ
1059 1190 1156 1242 τοῦ
1204 1184 1402 1256 Ἵππου,
1447 1187 1482 1256 ἢ
1541 1190 1638 1240 τοῦ
1702 1186 1851 1261 βοὸς,
1883 1185 1919 1254 ἢ

298 1280 610 1348 ἑκάστου,ὧν
679 1278 734 1332 ἂν
800 1277 976 1338 εἶ’ποις
1040 1275 1306 1350 μεγίστων
1349 1273 1575 1350 θηρίων.
1628 1273 1916 1337 Εὖάλωτος

294 1373 319 1440 il,
366 1369 486 1444 σΞιρξ
544 1370 581 1436 ὴ
645 1367 988 1442 ἀνθρωπίνη,
1036 1365 1186 1436 σαρκὶ
1241 1364 1436 1438 θηρίου
1493 1357 1918 1438 παραλαμϐανο-

289 1460 408 1532 μὲνη
439 1462 541 1532 (α).
577 1456 734 1514 Ἀλλ’
765 1455 817 1510 ὲν
877 1455 981 1509 τίνι
1014 1455 1077 1508 τὸ
1106 1452 1333 1528 ἀρχικόν
1362 1479 1378 1520 ς
1411 1454 1494 1508 Ἐν
1544 1456 1611 1525 τῇ
1668 1455 1764 1506 τοῦ
1821 1450 1916 1506 λο-

283 1551 467 1623 γισμοῦ
512 1544 827 1620 περιουσίφ
864 1542 991 1598 ὅσον
1041 1541 1215 1598 λείπει
1257 1545 1327 1615 τῇ
1379 1538 1600 1613 δυνάμει
1656 1545 1753 1594 τοῦ
1809 1539 1916 1594 σώ-

286 1657 465 1706 ματος,
496 1639 756 1690 τοσοῦτον
785 1631 1022 1708 περίεστι
1052 1634 1121 1705 τῇ
1151 1635 1246 1684 τοῦ
1288 1627 1562 1704 λογισμοῦ
1591 1633 1913 1702 κατασκευῇ.

282 1727 370 1780 Καὶ
398 1727 500 1800 γὰρ
529 1727 564 1793 ἡ
596 1725 751 1799 ψυχὴ
793 1724 976 1794 ἡμῶν,
1005 1721 1093 1774 καὶ
1153 1721 1180 1773 6
1229 1719 1280 1773 ἒν
1333 1720 1472 1792 αὐτῇ
1530 1723 1674 1787 νοῦς,
1708 1721 1916 1773 ἅπαντα

2105 925 2159 978 7.
2194 925 2339 979 Nam
2382 927 2534 996 quod
2570 926 2778 980 attinet
2804 926 2878 980 ad
2909 941 3122 995 corpus
3154 925 3504 992 humanum,
3540 926 3702 982 mul-

2033 1017 2228 1068 tarum
2263 1017 2569 1068 brutarum
2601 1015 2992 1069 animantium
3026 1013 3384 1070 imbecillius
3415 1020 3503 1071 est
3539 1033 3552 1070 :
3590 1033 3695 1071 nec

2032 1101 2133 1157 ﬁat
2193 1118 2478 1172 unquam,
2511 1114 2573 1156 ut
2619 1108 2821 1157 nostra
2868 1119 3022 1169 caro,
3058 1108 3346 1174 quantum
3399 1105 3470 1159 ad
3516 1105 3693 1171 vires,

2031 1191 2369 1246 conferatur
2398 1206 2530 1245 cum
2591 1192 2797 1245 cameli
2848 1207 3020 1246 carne
3072 1195 3175 1245 aut
3221 1191 3574 1262 elephantis,
3605 1197 3694 1251 vel

2029 1279 2164 1349 equi
2197 1285 2297 1334 aut
2324 1280 2484 1333 bovis
2517 1296 2615 1334 seu
2653 1280 3059 1350 cujuscunque
3083 1278 3362 1335 malueris
3393 1281 3690 1351 majorum

2028 1368 2373 1424 bestiarum.
2407 1367 2647 1438 Fragilis
2679 1377 2768 1422 est
2790 1368 3050 1423 humana
3068 1385 3220 1436 caro,
3245 1369 3292 1423 si
3317 1385 3450 1424 cum
3486 1369 3687 1424 bestiis

2027 1474 2201 1513 carne
2230 1456 2569 1512 contuleris.
2602 1459 2928 1526 Enimvero,
2961 1458 3016 1511 in
3072 1474 3328 1528 quonam
3371 1457 3563 1529 posita
3600 1457 3687 1515 vis

2024 1546 2127 1603 illa
2158 1546 2438 1618 imperii?
2465 1547 2525 1600 ln
2557 1545 2804 1602 rationis
2833 1547 3000 1617 copia
3029 1562 3096 1601 ac
3126 1546 3686 1618 prastantiaﬂuan-

2023 1640 2150 1691 tum
2183 1635 2380 1690 deﬁcit
2413 1638 2671 1706 corporis
2701 1635 2945 1705 viribus,
2983 1640 3147 1691 tanto
3205 1635 3450 1690 rationis
3499 1652 3682 1706 appa-

2023 1732 2152 1780 ratu
2187 1725 2454 1795 superior
2483 1724 2732 1779 exsistit.
2763 1724 2972 1778 Anima
3001 1725 3216 1795 quippe
3248 1724 3440 1790 nobis,
3469 1729 3525 1779 et
3563 1740 3681 1795 qua

281 1821 436 1870 ταῦτα
466 1811 668 1889 ῥᾳδίως
702 1813 1020 1867 ὑποτάττειν
1054 1805 1356 1879 δεδύνηται.
1389 1809 1558 1871 Πόθεν
1605 1809 1670 1862 τὰ
1703 1804 1915 1881 μεγάλα

2035 1818 2218 1869 mente
2251 1784 2491 1884 pradita
2521 1819 2628 1877 est,
2652 1813 2853 1867 isthaec
2885 1784 3084 1877 omnia
3106 1784 3280 1868 l'acile
3311 1784 3499 1884 potuit
3521 1784 3681 1868 subi-

285 1905 418 1979 βὰρη
458 1904 801 1975 μετατίθησιν
842 1899 1167 1972 ἄνθρωπος
1200 1897 1465 1967 Ἐπινοίᾳ,
1582 1897 1762 1960 τόνοις
1809 1917 1915 1950 σω-

288 1998 561 2065 ματικοῑς;
617 1993 777 2045 "Qut:
824 1991 888 2044 τὸ
937 1987 1165 2062 ἀρχικὸν
1225 1988 1381 2059 ἡμῖν,
1424 1985 1514 2040 καὶ
1568 1985 1684 2040 κατ’
1737 1985 1918 2039 εἰκόνα

284 2082 364 2136 καὶ
417 2083 534 2135 καθ’
570 2081 839 2152 ὁμοίωσιν
919 2081 1074 2146 Θεοῦ,
1131 2073 1182 2130 ἐν
1356 2079 1453 2130 τοῦ
1510 2073 1779 2150 λογισμοῦ
1827 2093 1920 2127 κα-

286 2174 504 2244 τασκευῇ
534 2169 862 2243 θεωρητᾶον,
897 2165 998 2220 οῦκ
1030 2164 1081 2220 ἐν
1139 2169 1210 2238 τῇ
1266 2169 1362 2219 τοῦ
1394 2165 1649 2237 σώματος
1712 2165 1918 2240 μορφῇ.

291 2262 599 2331 Ποιήσωμεν
684 2255 971 2333 ἄνθρωπον
1054 2261 1166 2309 κατ’
1213 2253 1393 2308 εἰκόνα
1456 2254 1748 2328 ἡμετέραν.
1812 2252 1918 2308 Τὸν

295 2345 391 2404 ἴσω
446 2349 724 2422 ἄνθρωπον
787 2345 955 2422 λέγει,
1015 2345 1344 2417 Ποιήσωμεν
1405 2345 1706 2418 ἄνθρωπον.
1763 2337 1922 2397 Ἀλλ’

299 2438 422 2513 ἐρεῖς
455 2437 535 2495 ού.
565 2437 661 2490 Διά
712 2436 766 2490 τί
821 2435 884 2489 οὐ
943 2432 1092 2508 λέγει
1123 2434 1259 2504 ἡμῖν
1319 2431 1440 2502 περὶ
1473 2431 1746 2506 λογισμοῦ
1775 2457 1789 2500 ς
1820 2429 1918 2483 Τὸν

302 2525 563 2601 ἄνθρωπον
618 2527 732 2580 εἶπε
794 2525 912 2578 κατ’
969 2524 1151 2578 εἰκόνα
1205 2525 1376 2579 Θεοῦ·
1431 2522 1458 2574 ὁ
1518 2518 1576 2575 δὶ
1625 2518 1920 2593 λογισμὸς,

305 2613 600 2689 ἅνθρωπος
629 2615 833 2669 Ἀκουε
874 2617 973 2668 τοῦ
1016 2611 1356 2668 Ἀποστόλου
1405 2611 1685 2686 λὲγοντος·
1720 2607 1783 2664 Εἰ
1833 2605 1922 2660 καὶ

313 2700 456 2770 ὸὶξω
506 2703 652 2772 ἡμῶν
711 2700 1001 2776 ἅνθρωπος
1041 2699 1332 2777 φθείρεται,
1386 2697 1516 2752 ἀλλ’
1561 2699 1589 2752 6
1637 2690 1742 2751 ἔσω
1796 2696 1921 2748 ἀνα-

317 2794 572 2844 xmvo-"nat
618 2791 790 2864 ἡμέρᾳ
846 2789 938 2843 καὶ
991 2789 1191 2863 ἡμέρᾳ.
1242 2793 1365 2848 Πῶς
1445 2785 1536 2841 οῦν
1614 2783 1725 2839 δύω
1783 2804 1924 2859 γνω-

310 2877 436 2951 ρίσω
470 2880 553 2932 τὸν
585 2878 734 2932 αὐτὸν
782 2877 1072 2950 ἄνθρωπον
1100 2897 1113 2946 ;
1145 2878 1268 2944 Ναὶ,
1300 2875 1484 2954 φησὶν,
1515 2872 1608 2929 ἕνα
1659 2874 1750 2928 τὸν
1802 2893 1924 2950 φαι-

307 2967 535 3038 νόμενον,
565 2966 650 3020 καὶ
691 2964 785 3019 ἕνα
837 2965 927 3021 τὸν
984 2966 1088 3020 ὑπὸ
1133 2972 1213 3037 τῷ
1245 2965 1556 3041 φαινομένῳ
1611 2959 1926 3038 κεκρυμμέ-

299 3074 403 3121 νον,
430 3055 673 3131 ἀόρατον,
706 3056 796 3110 νὸν
826 3052 930 3109 ἔσω
977 3052 1281 3129 ἄνθρωπον,
1311 3053 1404 3108 τὸν
1453 3053 1543 3106 καὶ
1595 3049 1922 3126 κυριώτερον

2025 1919 2180 1974 gere.
2206 1900 2510 1957 Undenam
2538 1902 2712 1956 homo
2744 1903 2997 1972 ingentis
3027 1901 3197 1956 molis
3227 1902 3506 1959 transfert
3535 1917 3679 1972 pon-

2027 1991 2212 2046 dera?
2241 1991 2454 2044 mentis
2486 1990 2776 2059 acumine,
2809 2007 2881 2045 an
2907 1989 3165 2061 corporis
3199 1991 3401 2045 robore
3420 1992 3447 2044 ?
3476 1994 3680 2060 Itaque

2026 2081 2116 2135 vis
2147 2079 2248 2134 illa
2274 2081 2332 2133 in
2367 2079 2536 2133 nobis
2568 2078 2821 2150 imperii,
2852 2084 2909 2133 et
2941 2080 3094 2150 quod
3127 2079 3197 2133 ad
3230 2079 3330 2134 Dei
3361 2077 3681 2149 imaginem

2030 2186 2096 2225 ac
2149 2167 2603 2222 similitudinem
2657 2184 2886 2236 sumus,
2950 2169 3008 2222 in
3082 2167 3326 2222 rationis
3384 2165 3684 2238 animique

2030 2261 2323 2313 structura
2352 2255 2710 2311 considerari
2734 2256 2924 2321 debet,
2947 2272 3060 2310 non
3097 2256 3157 2310 in
3192 2255 3378 2311 forma
3407 2254 3689 2326 corporis.

2028 2349 2315 2402 Faciamus
2364 2345 2642 2400 hominem
2671 2344 2741 2398 ad
2792 2346 3091 2415 imaginem
3137 2351 3411 2399 nostram.
3467 2343 3549 2398 De
3598 2342 3687 2397 in-

2029 2435 2230 2491 teriori
2265 2434 2503 2488 homine
2554 2433 2832 2503 lequitur,
2865 2448 2998 2486 cum
3048 2433 3150 2497 ait,
3201 2433 3466 2487 Facianus
3509 2432 3688 2487 homi-

2030 2541 2175 2579 nem.
2211 2522 2436 2578 Atenim
2465 2521 2644 2584 dices,
2697 2520 2769 2576 Ut
2825 2521 2967 2592 quid
3009 2519 3179 2576 nobis
3209 2520 3280 2576 de
3311 2521 3538 2576 ratione
3571 2537 3690 2575 non

2030 2612 2333 2686 loquitur?
2367 2612 2669 2668 Hominem
2720 2610 2866 2666 dixit
2895 2611 2967 2665 ad
3009 2609 3108 2674 Dei
3143 2627 3271 2666 esse
3312 2609 3635 2682 imaginem
3675 2626 3690 2665 :

2033 2704 2297 2774 nunquid
2358 2702 2504 2758 ratio
2540 2701 2714 2756 homo
2759 2699 2897 2755 est?
2927 2699 3072 2754 Audi
3107 2699 3456 2770 Apostolum
3487 2699 3690 2753 dicen-

2032 2799 2150 2850 tem
2185 2808 2198 2846 :
2233 2793 2381 2846 Licet
2410 2792 2458 2845 is
2481 2791 2578 2862 qui
2603 2791 2740 2859 foris
2770 2797 2870 2851 est,
2901 2787 3114 2858 inquit,
3145 2791 3329 2842 noster
3374 2789 3537 2841 homo
3565 2801 3689 2841 cor-

2033 2884 2312 2950 rumptur,
2345 2888 2529 2934 tamen
2559 2880 2607 2932 is
2636 2879 2732 2948 qui
2760 2878 2909 2930 intus
2938 2883 3017 2931 est
3061 2879 3359 2929 renovatur
3395 2875 3460 2929 de
3506 2873 3595 2928 die
3625 2873 3688 2928 in

2033 2969 2387 3039 diem°.Ergo
2418 2965 2711 3036 duplicem
2743 2979 3059 3034 agnoscam
3088 2979 3272 3017 unum
3299 2962 3690 3030 eumdemque

2034 3057 2378 3117 hominem?
2405 3059 2489 3112 Ita
2517 3057 2688 3129 plane
2713 3074 2726 3123 ;
2761 3072 2944 3110 unum
2976 3054 3386 3125 conspicuum,
3412 3056 3468 3108 et
3497 3067 3684 3106 unum

302 3144 381 3197 iui.
413 3141 763 3219 ἀληθέστερον
792 3145 1098 3220 ἄνθρωπον.
1129 3146 1279 3200 "Eam
1332 3145 1513 3197 τοίνυν
1573 3139 1773 3216 ἔχομεν
1830 3136 1924 3192 ἄν·

2035 3153 2142 3210 sub
2174 3149 2273 3206 illo
2304 3147 2617 3219 conspicuo
2650 3145 2969 3210 occultum.
3003 3143 3341 3199 interiorem
3382 3142 3685 3198 hominem

306 3243 517 3304 θςωπον,
547 3235 636 3287 καὶ
689 3230 884 3289 διπλοῖ
929 3234 1070 3290 τινές
1129 3232 1286 3305 ἐσμεν
1313 3251 1326 3264 '
1359 3230 1447 3285 καὶ
1497 3229 1560 3285 τό
1606 3251 1668 3304 γε
1722 3225 1924 3298 ἀληθὲς

304 3321 592 3396 λεγόμενον,
627 3323 717 3376 ὅτι
753 3319 902 3376 ἔνδον
937 3320 1118 3394 ἐσμεν.
1151 3322 1290 3395 Ἐγὼ
1346 3321 1449 3395 γὰρ
1490 3319 1625 3373 κατὰ
1668 3319 1758 3372 τὸν
1820 3314 1925 3371 ἔσω

305 3407 583 3482 ἄνθρωπον·
615 3412 688 3465 τὰ
747 3408 847 3481 [Em
907 3410 1007 3465 οῦκ
1061 3409 1187 3485 ἐγὼ,
1221 3407 1366 3465 ἀλλὰ
1423 3407 1562 3481 ἐμά·
1593 3406 1699 3481 ἐγὼ
1757 3403 1814 3460 δὲ
1863 3405 1927 3459 τὸ

305 3494 496 3571 λογικὸν
527 3507 629 3569 τῆς
669 3503 879 3574 ψυχῆς.
911 3503 1072 3554 Ὥστε
1111 3501 1174 3555 τὸ
1213 3497 1420 3554 τέλειον
1480 3496 1529 3551 ἐν
1585 3501 1662 3568 τῷ
1722 3495 1927 3570 λογικῷ

295 3593 378 3656 τῆς
409 3591 589 3662 ψυχῆς
616 3587 846 3664 ἔχομεν.
879 3589 950 3643 T6
978 3587 1067 3643 οῦν
1096 3593 1275 3662 σῶμα,
1299 3587 1405 3660 ἐμοὶ
1429 3609 1440 3621 ·
1471 3587 1533 3642 τὸ
1590 3585 1680 3641 οῦν
1744 3589 1923 3656 σῶμα,

294 3673 494 3750 ὄργανον
550 3684 650 3734 τοῦ
710 3680 1020 3755 ἀνθρώπου,
1080 3683 1264 3754 ψυχῆς
1316 3675 1582 3754 Spfw/mw
1643 3673 1928 3750 ἄνθρωπος

295 3762 341 3819 δὲ
390 3767 612 3842 κυρίως,
667 3769 734 3823 τὸ
780 3770 898 3823 κατ’
944 3769 1110 3838 αὐτὴν
1166 3771 1266 3838 τὴν
1325 3770 1533 3844 ψυχήν.
1593 3766 1923 3836 Ηοίήσωμεν

293 3851 554 3930 ἄνθρωπον
609 3857 733 3911 κατ’
783 3856 969 3912 εἰκόνα
1047 3859 1316 3932 ἡμετέραν
1347 3876 1360 3889 ο
1416 3859 1682 3923 τουτέστι,
1735 3851 1924 3908 δώσω·-

298 3965 376 4014 μεν
433 3946 577 4017 αὐτῷ
640 3943 813 4022 λόγου
861 3946 1196 4023 περιουσίαν,
1234 3947 1325 4001 καὶ
1373 3946 1544 4008 οὕτως
1577 3943 1924 4020 Ἀρχέτωσαν

292 4038 382 4085 τῶν
459 4033 674 4110 ἰχθύων
738 4036 826 4089 καὶ
904 4040 1010 4090 τῶν
1097 4033 1303 4108 θηρίων
1370 4035 1460 4089 καὶ
1527 4035 1761 4089 πάντων.
1814 4032 1929 4090 Οὐκ

298 4120 395 4176 εἶπί
423 4120 498 4192 δὲ,
532 4125 617 4178 ὅτι
676 4126 1002 4197 Ποιήσωμεν
1059 4124 1340 4199 ἄνθρωπον
1399 4125 1515 4178 κατ’
1561 4123 1740 4178 εἰκόνα
1786 4124 1926 4195 ἡμε-

295 4215 447 4283 τέραν,
505 4213 597 4267 καὶ
684 4213 1095 4285 θυμούσθωσαν,
1147 4214 1237 4269 καὶ
1315 4211 1770 4285 ἐπιθυμείτωσαν,
1837 4208 1926 4264 καὶ

300 4295 677 4366 λυπείσθωσαν.
711 4301 788 4359 Οὐ
817 4303 921 4378 γὰρ
953 4303 1019 4357 τὰ
1061 4303 1206 4372 πάθη
1253 4302 1330 4365 εἷς
1381 4303 1480 4371 τὴν
1530 4306 1626 4357 τοῦ
1670 4305 1802 4356 Θεοῦ
1859 4297 1930 4353 εἴ·

298 4388 407 4442 κύνα
429 4393 787 4468 παρελήφθη·
822 4390 950 4446 ἀλλ’
981 4394 1009 4446 6
1036 4389 1302 4469 λογισμὸς
1344 4397 1451 4447 τῶν
1495 4392 1680 4445 παθῶν
1735 4387 1927 4443 δεσπό-

2039 3238 2226 3296 oculis
2257 3253 2373 3292 non
2423 3234 2843 3305 conspicuum;
2877 3231 2978 3303 qui
3020 3237 3078 3288 et
3109 3231 3340 3304 proprie
3370 3231 3561 3303 magis
3597 3245 3693 3285 ve-

2035 3329 2278 3399 riusque
2307 3326 2481 3382 homo
2511 3329 2620 3379 est.
2646 3323 2806 3377 Intus
2828 3322 3026 3393 itaque
3058 3321 3346 3376 habemus
3365 3319 3689 3387 hominem,

2038 3423 2212 3489 atque
2231 3415 2494 3485 duplices
2519 3411 2952 3484 quodammodo
2977 3426 3185 3465 sumus
3211 3426 3225 3477 ;
3261 3425 3584 3480 verumque
3605 3411 3694 3463 est

2037 3507 2188 3580 quod
2223 3505 2457 3570 dicitur,
2483 3519 2610 3557 esse
2633 3518 2738 3556 nos
2771 3499 3057 3565 interius;
3092 3513 3197 3569 ego
3230 3513 3487 3569 namque
3513 3497 3688 3551 homo

2036 3594 2135 3650 ille
2155 3593 2398 3649 interior
2427 3607 2582 3647 sum.
2616 3590 2750 3654 Quae
2774 3587 2915 3643 foris
2945 3591 3104 3656 sunt,
3132 3603 3245 3641 non
3279 3602 3408 3657 ego,
3431 3585 3532 3642 sed
3563 3601 3695 3640 mea

2037 3688 2216 3750 sunt;
2244 3699 2346 3753 ego
2381 3686 2580 3736 autem
2613 3679 2810 3734 anima
2860 3692 3099 3748 compos
3132 3674 3394 3731 rationis.
3430 3676 3689 3746 Quapro-

2037 3781 2184 3846 pter,
2211 3770 2364 3843 quod
2394 3769 2711 3840 perfectum
2745 3770 2854 3834 est,
2877 3766 2937 3820 in
2965 3764 3162 3820 animo
3195 3763 3413 3818 residet
3444 3762 3687 3819 rationis

2035 3868 2324 3934 compote.
2358 3861 2581 3930 Corpus
2611 3857 2791 3929 igitur
2819 3855 2880 3910 in
2911 3854 2984 3908 iis
3017 3871 3142 3924 quas
3181 3869 3312 3907 mea
3355 3857 3512 3906 sunt.
3545 3856 3692 3924 Ergo

2037 3970 2248 4024 corpus
2283 3949 2534 4005 hominis
2582 3946 3040 4000 instrumentum
3087 3949 3194 4007 est,
3229 3940 3437 3996 animus
3468 3940 3693 3995 instru-

2037 4048 2300 4100 mentum
2331 4066 2345 4107 ς
2395 4040 2571 4094 homo
2625 4040 2819 4092 autem
2865 4033 3116 4106 proprie,
3150 4034 3276 4101 ipse
3305 4030 3561 4087 animus.
3593 4032 3694 4085 Fa-

2035 4150 2159 4188 mus
2188 4133 2466 4188 hominem
2493 4127 2571 4183 ad
2619 4127 2920 4194 imaginem
2975 4125 3255 4182 nostram;
3312 4120 3414 4175 hoc
3445 4123 3558 4188 est,
3589 4123 3694 4173 Fa-

2038 4224 2265 4279 ciamus
2297 4219 2380 4274 illi
2435 4216 2681 4273 rationis
2728 4213 2998 4282 copiam;
3047 4210 3225 4282 inque
3273 4225 3408 4263 eum
3454 4207 3696 4264 modum

2036 4311 2275 4368 Prwsint
2297 4308 2540 4380 piscibus
2565 4309 2616 4359 et
2647 4304 2804 4359 bestis
2835 4306 3010 4371 atque
3041 4298 3341 4354 omnibus.
3368 4297 3494 4352 Non
3525 4296 3696 4363 dixit,

2037 4400 2324 4454 Faciamus
2379 4396 2654 4450 hominem
2708 4391 2778 4446 ad
2838 4389 3140 4459 imaginem
3179 4390 3445 4452 nostram,
3478 4389 3536 4440 et
3577 4383 3694 4440 ira.

300 4481 449 4546 113;,6
494 4479 693 4556 ἄρχων
743 4482 957 4535 πάντων
1007 4487 1114 4536 τῶν
1162 4485 1512 4555 σωματικῶν,
1550 4480 1639 4534 καὶ
1702 4479 1924 4552 ὑπεραν-

2039 4487 2249 4545 cundia
2281 4486 2520 4549 feratur,
2554 4479 2894 4552 cupiditate,
2926 4481 2984 4532 et
3013 4474 3288 4574 maestitia
3317 4479 3544 4545 agatur.
3567 4473 3695 4528 Non

306 4571 511 4636 επηκὼς
549 4575 668 4624 τῶν
700 4570 1040 4648 φαινομένων
1071 4572 1161 4626 καὶ
1192 4568 1558 4645 ψευδομένων,
1593 4568 1668 4623 Σὺ
1714 4566 1771 4623 δὲ
1832 4588 1924 4641 μοι

311 4655 545 4728 θεῦμαοον
572 4660 685 4728 τήν
709 4660 830 4733 περὶ
883 4660 941 4714 σὶ
979 4664 1077 4715 τοῦ
1129 4665 1262 4716 Θεοῦ
1309 4659 1359 4733 ἐξ
1404 4661 1586 4735 ἀρχῆς
1615 4658 1782 4728 αὐτῆς
1836 4679 1932 4727 κη-

321 4737 524 4815 imprian
571 4749 668 4804 καὶ
723 4748 1008 4823 πρόνοιαν,
1042 4751 1124 4805 δτι
1173 4749 1329 4814 εὐθὺς
1385 4749 1655 4820 ἐκτίσθης,
1687 4747 1778 4803 καὶ
1834 4745 1931 4821 ἅρ-

324 4847 415 4904 χω*
439 4833 701 4909 ὶκτίσθης,
731 4837 823 4892 καὶ
856 4835 1078 4909 διηνεκῆ
1140 4835 1286 4914 ἔχεις
1341 4838 1430 4893 καὶ
1485 4836 1780 4914 ἁδιάδοχον
1832 4840 1932 4907 τὴν

321 4919 487 4995 ἀρχὴν.
535 4929 865 5001 Ἄνθρωπος
945 4927 1047 5004 γὰρ
1124 4927 1272 5002 παρὰ
1337 4928 1626 5004 ἀνθρώπου
1692 4926 1928 5000 ἐξουσίαν

313 5010 418 5093 τινὰ
462 5010 778 5087 λαμϐάνων,
812 5017 887 5078 ὡς
937 5017 1131 5088 θνητὸς
1159 5018 1306 5093 παρὰ
1338 5019 1559 5087 θνητοῦ,
1590 5017 1682 5072 καὶ
1722 5017 1795 5078 ὡς
1855 5018 1930 5089 μὴ

314 5092 436 5183 ἔχων
477 5107 622 5180 παρὰ
677 5106 755 5178 μὴ
799 5102 1050 5181 ἔχοντος,
1082 5092 1266 5180 (ποίαν
1289 5107 1393 5183 γὰρ
1447 5106 1685 5176 ἐξουσίαν
1746 5109 1933 5181 ψυχῆς

314 5178 409 5272 ἔχει
453 5178 792 5267 ὥνθρωπος)
829 5178 1258 5272 *εἰκότως-ταχὺ
1303 5178 1470 5269 μάλα
1517 5195 1684 5264 αὐτὴν
1737 5178 1934 5250 61:666-

319 5267 483 5348 εληκε·
515 5281 577 5337 σὺ
636 5281 694 5339 δὲ
751 5285 881 5360 παρ’
931 5284 1094 5341 αὐτοῦ
1149 5267 1350 5356 ταύτην
1383 5279 1574 5348 ἔλαϐες
1630 5289 1726 5342 τοῦ
1780 5289 1937 5359 Θεοῦ,

374 5403 394 5440 ι
421 5405 466 5463 II
483 5407 609 5466 Cor.
641 5427 717 5484 Iv,
749 5412 838 5471 16.

387 5548 452 5623 (α)
478 5550 1044 5632 Παραλαμϐανομὲνη.
1074 5559 1266 5636 Forte,
1296 5552 1790 5636 παραϐαλλομένη.
1823 5561 1979 5619 Enl'r.

2040 4577 2198 4633 enim
2233 4571 2700 4646 perturbationes
2741 4572 3055 4636 assumptis
3091 4567 3231 4619 sunt
3259 4561 3320 4618 in
3355 4563 3452 4618 Dei
3482 4562 3694 4634 imagi-

2039 4681 2215 4731 nem;
2262 4662 2362 4718 sed
2415 4660 2560 4715 ratio
2606 4674 2732 4730 quae
2781 4650 3318 4726 perturbationibus
3373 4650 3541 4706 herili
3591 4666 3694 4722 po-

2037 4758 2250 4811 testate
2307 4749 2680 4814 dominatur;
2739 4745 2885 4800 ratio
2951 4741 3234 4797 nimirum
3301 4740 3360 4794 in
3418 4755 3698 4812 corporea

2041 4843 2242 4901 omnia
2273 4839 2609 4913 principatu
2641 4833 2890 4907 pollens,
2940 4835 2998 4886 et
3043 4847 3170 4902 quae
3201 4828 3384 4885 oculis
3429 4830 3699 4900 subjecta

2043 4937 2184 4990 sunt
2212 4930 2542 4998 luduntque
2583 4923 2776 4997 specie
2823 4920 3128 4976 excedens.
3160 4921 3244 4973 Tu
3292 4933 3446 4984 vero,
3479 4934 3699 4989 quaeso,

2044 5024 2258 5079 mirare
2294 5017 2389 5074 Dei
2419 5017 2480 5071 in
2524 5021 2581 5070 te
2622 5030 2690 5069 ex
2738 5012 2864 5083 ipso
2913 5007 3146 5065 exordio
3177 5023 3378 5062 curam
3409 5023 3475 5062 ac
3507 5008 3704 5079 provi-

2045 5110 2327 5175 dentiam,
2362 5104 2516 5176 quod
2549 5101 2748 5157 statim
2781 5104 2956 5170 atque
3003 5095 3272 5152 conditus
3320 5112 3403 5164 es,
3435 5096 3706 5167 princeps

2047 5215 2183 5256 cum
2211 5196 2459 5267 imperio
2492 5190 2770 5248 conditus
2809 5205 2894 5254 es,
2945 5187 3207 5257 jugeque
3254 5183 3590 5256 imperium,
3640 5201 3708 5240 ac

2047 5287 2203 5360 quod
2247 5283 2408 5340 nullo
2441 5293 2779 5338 successore
2822 5275 3177 5333 abolendum
3227 5273 3322 5344 sit,
3366 5277 3570 5330 nactus
3619 5289 3703 5332 es.
