4134 6212
406 391 484 450 19
1344 384 1744 446 APPENDIX
1786 385 2110 446 OPERUM
2159 386 2222 444 S.
2270 384 2548 446 BASILII
2596 384 2879 447 MAGNI.
3742 385 3824 447 20

407 522 586 575 Homo
643 531 896 586 namque
951 516 1023 572 ab
1082 514 1318 570 homine
1375 519 1722 586 potestatem
1773 515 2052 586 aliquam,

2182 513 2268 568 καὶ
2303 512 2679 584 ἀνεξάλειπτον
2715 511 2881 589 ἔχεις’
2916 513 3014 568 ούκ
3071 513 3121 567 ἐν
3173 514 3360 584 ξύλοις
3416 516 3824 589 γεγραμμένην,

405 605 575 680 quasi
607 604 872 660 mortalis
923 622 956 659 a
1007 604 1259 674 mortali,
1292 608 1349 658 et
1395 603 1569 675 quasi
1611 622 1727 659 non
1773 604 1997 660 habens
2029 622 2061 659 a

406 712 519 749 non
554 694 804 749 habente
836 693 1128 765 accipiens
1180 695 1374 765 (quam
1426 693 1583 748 enim
1635 693 1809 749 homo
1841 693 1899 748 in
1934 693 2058 749 ani-

410 801 566 839 mam
601 787 950 854 potestatem
1008 781 1186 837 habet
1208 784 1270 854 ἓ),
1322 781 1532 837 merito
1590 799 1762 854 quam
1796 783 1909 838 cito
1943 799 2069 838 eam

407 872 627 928 amittit
655 889 667 939 ;
701 875 762 926 tu
794 875 990 926 autem
1023 872 1096 926 ab
1119 871 1245 943 ipso
1265 871 1377 927 Deo
1400 888 1529 926 eam
1554 871 1921 943 accepisti,et
1943 889 2070 944 quae

405 959 703 1018 obliterari
738 977 852 1015 non
888 961 1073 1031 possit
1105 960 1306 1030 habes,
1336 977 1450 1016 non
1503 959 1561 1014 in
1611 960 1829 1016 tabulis
1860 960 2069 1032 ligneis

403 1048 705 1120 scriptam,
740 1052 842 1103 aut
892 1047 952 1102 in
985 1046 1273 1104 codicillis
1304 1047 1604 1120 perituris,
1639 1063 1765 1119 quas
1814 1063 1848 1102 a
1895 1047 2070 1103 tineis

403 1138 748 1208 exeduntur,
797 1137 898 1192 sed
925 1136 983 1190 in
1018 1137 1148 1209 ipsa
1179 1145 1385 1192 natura
1419 1136 1628 1192 divinas
1648 1136 1805 1192 vocis
1828 1152 2070 1192 munere

398 1226 756 1298 insculptam
819 1243 885 1282 ac
942 1226 1244 1295 caelatum;
1308 1243 1538 1298 nempe.
1600 1228 1863 1282 Praesint.
1915 1226 2068 1282 828

400 1317 479 1371 Ex
509 1321 649 1371 tunc
681 1331 936 1388 namque
985 1319 1042 1370 et
1099 1315 1157 1369 in
1210 1315 1385 1370 ﬁnem
1437 1330 1625 1386 usque
1692 1319 1903 1370 cuncta
1951 1318 2072 1370 haec

402 1405 667 1461 humano
710 1421 878 1460 serva
927 1404 1077 1458 facta
1127 1408 1268 1457 sunt
1317 1419 1382 1458 ac
1432 1403 1767 1474 mancipata
1799 1404 2068 1475 imperio.

404 1495 502 1549 Ait
533 1510 787 1565 namque
821 1509 833 1546 :
865 1493 1106 1548 Pra’sint
1130 1491 1395 1563 piscibus,
1429 1491 1616 1548 bestiis
1653 1500 1838 1562 terraz,
1872 1493 2070 1549 volati-

407 1583 548 1637 libus
586 1583 731 1650 cadi,
776 1581 1064 1653 pecoribus
1125 1597 1194 1637 ac
1227 1583 1533 1652 jumeutis,
1596 1582 1889 1652 reptilibus
1949 1597 2074 1653 quw

403 1673 628 1742 reptant
659 1686 820 1742 super
850 1680 1057 1726 terram
1086 1671 1128 1725 ⁷.
1181 1669 1307 1726 Non
1351 1669 1499 1724 dixit
1531 1687 1544 1726 :
1579 1671 1861 1725 Faciamus
1889 1670 2068 1726 homi-

403 1775 529 1813 nem
557 1759 628 1813 ad
671 1761 978 1829 imaginem
1030 1763 1086 1813 et
1131 1759 1558 1814 similitudinem
1589 1768 1851 1829 nost~am,
1889 1764 1946 1815 et
1975 1778 2072 1817 ve-

2172 599 2297 656 ούδὲ
2344 601 2398 656 ἐν
2456 601 2620 675 πλαξὶ
2679 603 2938 680 φθαρταῖς
2997 601 3085 656 καὶ
3155 607 3333 673 σητῶν
3395 600 3774 676 δαπανήμασιν
3809 652 3820 664 ,

2171 691 2299 746 ἀλλ’
2355 690 2405 746 ἐν
2467 691 2602 764 αὐτῇ
2659 696 2726 765 τῇ
2788 691 2940 767 φύσει
3027 689 3509 765 ἐγκεκολαμμένην
3571 693 3674 746 ἀπὸ
3731 701 3830 763 τῆς

2180 780 2403 856 πρώτης
2452 780 2594 844 θείας
2640 787 2846 858 φωνῆς,
2906 787 3030 848 τῆς,
3092 777 3463 855 ’Δρχέτωσαν.
3499 779 3678 836 Δοῦλα
3731 782 3830 858 γὰρ

2181 867 2361 924 ἔκτοτε
2414 870 2501 923 καὶ
2561 867 2692 944 ἄχρι
2744 867 2936 930 τέλους
2968 868 3032 922 τὰ
3063 867 3346 941 σύμπαντα
3373 874 3544 924 ταῦτα
3593 877 3693 939 τῆς
3746 870 3833 924 ἀν-

2182 959 2459 1036 θρωπίνης
2531 957 2762 1034 ἀρχῆς.
2823 958 3165 1034 Ἀρχέτωσαν
3243 958 3346 1033 γὰρ
3383 1004 3399 1030 ,
3465 957 3597 1034 φησί
3635 1004 3650 1029 ,
3724 963 3831 1013 τῶν

2181 1047 2409 1124 ἰχθύων,
2467 1052 2574 1102 τῶν
2635 1046 2838 1118 θηρίων
2895 1049 2994 1117 τῆς
3059 1051 3180 1122 γῆς,
3256 1050 3362 1101 τῶν
3423 1051 3679 1102 πετεινῶν
3738 1051 3835 1102 τοῦ

2180 1137 2436 1212 ούρανοῦ,
2494 1141 2602 1192 τῶν
2672 1141 2910 1206 κτηνῶν,
2955 1141 3064 1192 τῶν
3147 1135 3384 1212 ἑρπετῶν
3455 1137 3561 1190 τῶν
3641 1136 3834 1212 ἓρπόνυ

2180 1247 2285 1281 των
2347 1225 2433 1281 ἐπὶ
2490 1230 2588 1290 τῆς
2649 1232 2776 1302 γῆς.
2828 1224 2940 1282 Ούκ
2998 1226 3130 1280 εἶ’πε⁹
3166 1227 3492 1297 Ποιήσωμεν
3546 1226 3831 1299 ἄνθρωπον

2180 1317 2295 1370 κατ’
2375 1315 2556 1370 εἰκόνα
2632 1315 2723 1369 καὶ
2801 1315 2918 1369 καθ’
2990 1313 3252 1386 ὁμοίωσιν
3339 1313 3607 1388 ἡμετέραν
3645 1355 3658 1381 ,
3741 1312 3833 1368 καὶ

2181 1405 2499 1469 ἐσθιέτωσαν
2555 1410 2658 1458 πᾶν
2744 1401 2904 1474 ξύλον
2977 1401 3250 1476 κάρπιμον
3281 1446 3295 1467 ,
3345 1403 3374 1456 ’ὀ
3435 1397 3550 1477 ἔχει
3629 1401 3837 1477 καρπὸν

2181 1493 2233 1549 ἐν
2286 1494 2496 1566 ἑαυτῷ·
2553 1493 2774 1568 ὕστερον
2834 1493 2939 1568 γὰρ
2993 1496 3180 1560 ταῦτα,
3246 1491 3380 1564 μετᾶ
3432 1493 3532 1559 τὴν
3585 1493 3682 1545 τοῦ
3740 1511 3840 1545 πα-

2183 1581 2439 1659 ραδείσου
2499 1581 2736 1660 φυτείαν,
2790 1579 2883 1635 ’ἱνα
2940 1579 3002 1634 σὺ
3061 1577 3354 1655 διδαχθῇς,
3415 1577 3635 1655 δεύτερα
3694 1575 3842 1654 ἔχειν

2180 1673 2246 1727 τᾶ
2301 1678 2403 1740 τῆς
2460 1671 2656 1746 σαρκὸς
2705 1671 2965 1746 ἀναγκαῖα
3021 1668 3166 1744 παρὰ
3221 1669 3289 1724 τὰ
3324 1675 3426 1738 τῆς
3459 1671 3644 1744 ψυχῆς
3700 1687 3835 1742 προ-

2183 1759 2478 1836 ηγούμενα.

401 1852 600 1903 scatur
630 1849 703 1905 de
732 1851 893 1904 omni
924 1848 1082 1920 ligno
1115 1848 1419 1920 pomifero,
1453 1849 1609 1920 quod
1640 1848 1816 1904 habet
1854 1850 2112 1907 fructum
2143 1851 2203 1907 in
2233 1851 2570 1923 semeptiso.
2606 1850 2736 1905 Haec
2765 1848 2921 1904 enim
2958 1853 3176 1922 postea,
3208 1851 3340 1921 post
3369 1846 3629 1920 paradisi
3659 1845 3818 1902 scili-

399 1943 490 1992 cet
521 1936 947 2008 plantationem
975 1954 987 2001 ;
1021 1954 1138 2009 quo
1169 1940 1230 1991 tu
1263 1936 1476 2004 discas,
1512 1937 1572 1992 in
1621 1938 1894 1994 secundis
1937 1939 2155 1996 habere
2202 1958 2329 2012 quae
2376 1943 2514 1996 sunt
2563 1939 2895 1994 necessaria
2924 1937 3139 2006 carnis,
3175 1955 3292 2010 prae
3326 1938 3398 1993 iis
3429 1954 3559 2010 quae
3589 1937 3658 1992 ad
3692 1935 3818 1991 ani-

401 2043 560 2082 mum
595 2030 888 2098 spectant,
919 2030 1176 2098 suntque
1211 2024 1624 2097 principaliora
1654 2043 1720 2081 ac
1750 2027 1940 2099 primo
1974 2029 2287 2086 destinata.

467 2115 520 2169 8.
555 2115 752 2170 Prima
802 2130 1056 2186 namque
1105 2114 1273 2169 nobis
1321 2131 1556 2185 unaque
1604 2131 1800 2170 comes
1849 2118 2067 2172 consti-

2246 2122 2300 2175 8.
2344 2113 2569 2184 Ἐπειδὴ
2624 2115 2713 2169 καὶ
2771 2119 2986 2189 πρῶτον
3043 2117 3181 2186 ἡμῖν
3241 2115 3728 2190 συνεχειροτονήθη
3790 2115 3825 2181 ἡ

399 2208 523 2260 tuta
552 2208 641 2261 est
669 2203 1000 2276 imperandi
1033 2207 1293 2274 potestas
1327 2219 1340 2258 :
1377 2207 1504 2258 tum
1538 2207 1595 2258 et
1633 2204 1888 2275 paradisi
1923 2205 2069 2262 libeo

401 2293 651 2349 ralitatis
683 2291 916 2349 cumulo
948 2292 1185 2363 adjectae
1218 2291 1458 2348 deliciae.
1489 2291 1721 2347 Animal
1752 2309 1834 2364 es,
1869 2294 2071 2351 homo,

402 2379 646 2452 imperio
678 2381 1037 2436 destinatum
1071 2397 1083 2435 :
1121 2385 1186 2435 ut
1216 2380 1354 2453 quid
1402 2381 1946 2453 perturbationibus
1981 2389 2070 2439 at-

405 2486 519 2541 que
548 2469 703 2524 vitiis
735 2469 962 2525 servis?
991 2473 1056 2525 ut
1085 2470 1224 2541 quid
1257 2475 1420 2524 tuam
1455 2471 1802 2542 dignitatem
1836 2471 2070 2543 dejicis,

407 2575 472 2614 ac
504 2559 723 2630 peccati
745 2575 946 2614 servus
970 2558 1220 2614 efﬁceris
1245 2559 1272 2614 ‘I
1305 2564 1369 2614 ut
1399 2560 1538 2630 quid
1563 2565 1619 2614 te
1636 2558 1867 2615 diabolo
1895 2562 2076 2632 capti-

407 2663 545 2702 vum
579 2647 851 2704 addicis?
881 2649 1172 2703 Creaturze
1224 2649 1496 2720 princeps
1549 2653 1780 2704 creatus
1811 2667 1892 2719 es,
1929 2655 2072 2705 tua:-

411 2752 525 2807 que
545 2735 890 2809 gravitatem
917 2735 1211 2809 projecisti
1236 2741 1477 2791 naturae.
1506 2737 1569 2791 In
1599 2737 1783 2809 gradu
1817 2739 2072 2809 quodam

410 2841 476 2880 ac
510 2824 860 2896 magistratu
897 2825 1093 2882 saeculi
1125 2826 1303 2897 hujus
1335 2825 1695 2882 constitutus
1741 2844 1802 2882 es
1837 2844 1850 2882 :
1885 2827 2073 2900 magis

409 2913 630 2969 teneris
667 2931 734 2969 ac
760 2914 990 2970 debitor
1034 2931 1116 2983 es,
1151 2920 1216 2970 ut
1263 2920 1321 2970 et
1370 2915 1634 2970 animum
1678 2932 1745 2972 ac
1787 2917 2073 2972 rationem

410 3002 630 3075 pariter
674 3002 919 3075 imperio
952 3003 1265 3075 pollentem
1299 3004 1537 3072 habeas,
1571 3010 1747 3076 atque
1797 3005 1955 3060 vitiis
2010 3023 2076 3062 ac

311 3167 320 3174 γ
411 3092 718 3148 affectibus
777 3094 1233 3163 dominantem;
1290 3112 1361 3150 ne
1421 3095 1576 3152 risus
1635 3113 1701 3151 ac
1753 3095 2075 3152 ludibrium

413 3180 666 3236 subditis
695 3181 966 3251 exsistas,
999 3182 1099 3252 qui
1131 3199 1233 3252 pro
1266 3199 1330 3237 eo
1363 3199 1430 3237 ac
1471 3183 1674 3253 praesis
1723 3189 1898 3253 atque
1931 3201 2076 3254 pra:-

415 3266 611 3336 eellas,
655 3272 716 3322 te
764 3268 1090 3337 subditum,
1124 3274 1182 3324 et
1233 3270 1329 3340 qui
1363 3270 1557 3341 agaris
1588 3269 1828 3341 perinde
1859 3288 1924 3326 ac
1955 3287 2076 3326 ser-

417 3373 527 3414 vus
584 3356 816 3412 vinctus
875 3362 932 3412 et
987 3356 1236 3428 inutllis,
1296 3363 1568 3430 reputent
1620 3376 1685 3414 ac
1726 3358 2075 3431 intelligant.

424 3447 622 3502 Servus
650 3454 870 3502 vocatus
909 3462 963 3502 es
989 3445 1010 3480 ⁸
1034 3448 1055 3500 P
1080 3446 1234 3512 Quid
1269 3446 1368 3501 tibi
1405 3447 1686 3503 molestias
1735 3447 1875 3502 facit
1901 3446 2077 3502 servi-

418 3541 516 3591 tus
546 3534 803 3608 corporis
824 3535 851 3590 ?
882 3534 1094 3599 Quidni
1119 3537 1309 3607 magis
1333 3534 1514 3590 altum
1540 3536 1700 3608 sapis
1722 3552 1787 3590 ac
1811 3535 2080 3608 gloriaris

422 3624 724 3680 dominatu
757 3623 861 3679 tibi
892 3642 923 3678 a
945 3624 1058 3679 Deo
1090 3640 1389 3692 concesso,
1411 3625 1565 3696 quod
1599 3626 1824 3680 ratione
1855 3631 2082 3696 pertur-

421 3713 728 3768 bationum
761 3711 998 3768 domina
1039 3713 1314 3784 praeditus
1363 3713 1477 3768 es?
1524 3717 1663 3769 Cum
1716 3713 1947 3783 herum,
1985 3714 2077 3770 cui

421 3801 625 3870 servis,
686 3799 1006 3872 voluptatis
1053 3818 1286 3856 servum
1354 3801 1571 3857 videris
1628 3819 1694 3857 ac
1745 3801 1966 3870 libinis,
2021 3809 2077 3859 te

418 3907 553 3946 vero
581 3891 923 3962 temperatis
975 3907 1105 3945 esse
1153 3891 1448 3962 castisque
1479 3892 1765 3960 moribus,
1816 3891 2074 3964 intellige

418 3994 546 4034 esse
576 3981 632 4034 te
664 3994 896 4033 servum
920 3975 1110 4032 solum
1147 3977 1384 4032 nomine
1414 3982 1626 4047 tenus;
1657 3979 1824 4034 illum
1871 3986 2073 4036 contra

418 4064 654 4121 nomine
684 4065 922 4136 quidem
952 4064 1076 4118 heri
1109 4069 1395 4136 potestate
1425 4065 1663 4139 pollere,
1717 4067 1844 4138 ipsa
1876 4074 2068 4124 autem

416 4169 477 4209 re
499 4153 871 4209 obﬁrmatum
891 4152 999 4208 sibi
1025 4152 1306 4210 ascivisse
1330 4155 2071 4226 servitutisjugum.Quan-

416 4241 732 4314 doquidem
782 4241 938 4297 enim
979 4240 1144 4297 illum
1191 4242 1426 4314 quidem
1478 4243 1887 4300 fornicationis
1928 4250 2068 4316 puta

414 4329 621 4385 vitium
665 4331 1064 4403 mancipatum
1088 4330 1286 4399 trahit,
1323 4337 1387 4387 tu
1433 4349 1567 4388 vero
1598 4333 1842 4389 rationis
1873 4333 2065 4390 domi-

414 4422 555 4474 natu
579 4417 680 4474 illo
703 4420 970 4491 superior
985 4419 1344 4491 evasisti,qui
1359 4421 1460 4476 fiat
1473 4427 1536 4476 ut
1549 4440 1663 4478 non
1685 4421 1813 4494 ipso
1835 4425 2063 4496 preprie

412 4524 658 4580 vereque
689 4507 967 4566 dominus
997 4509 1102 4578 sis,
1127 4510 1225 4581 qui
1256 4509 1554 4582 voluptate
1585 4529 1651 4567 ac
1682 4511 1929 4568 libidine
1961 4530 2060 4568 su-

411 4597 605 4668 perior
633 4597 737 4665 sis,
768 4597 984 4670 illeque
1015 4601 1212 4670 potius
1242 4615 1465 4671 servus,
1491 4601 1586 4672 qui
1615 4599 1748 4656 vitio
1786 4618 1819 4656 a
1845 4605 1902 4657 te
1928 4619 2059 4673 pro-

412 4686 637 4744 culcato
673 4687 974 4759 subjaceat
1001 4687 1024 4742 Ρ
1057 4687 1160 4743 Ubi
1194 4688 1393 4760 itaque
1425 4689 1655 4762 imperii
1688 4689 1776 4746 vis
1808 4707 1873 4746 ac
1905 4693 2292 4767 principatus,
2334 4693 2415 4750 ibi
2445 4693 2547 4750 Dei
2577 4691 2772 4764 imago
2821 4708 2834 4748 :

412 4780 469 4832 ct
495 4776 670 4833 homo
701 4777 795 4848 qui
831 4777 902 4832 ab
932 4775 1031 4833 illo
1061 4777 1349 4834 formatus
1380 4783 1489 4835 est.

2178 2210 2276 2261 τοῦ
2335 2204 2524 2281 ἄρχειν
2586 2202 2836 2276 δύναμις,
2870 2200 3052 2259 ἔπειτα
3107 2203 3197 2257 καὶ
3247 2205 3281 2272 ἡ
3315 2200 3647 2276 παραδείσου
3707 2221 3830 2254 συν-

2182 2291 2578 2367 επεδαψιλεύθη
2613 2293 2935 2355 ἀπόλαυσις.
2972 2293 3232 2367 Ἀρχικὸν
3274 2294 3323 2347 εἴ
3378 2297 3538 2361 ζῶον,
3569 2290 3833 2366 ἄνθρωπε,

2182 2384 2272 2440 καὶ
2301 2384 2353 2438 τί
2385 2381 2662 2446 δουλεύεις
2698 2388 2815 2445 τοῖς
2860 2382 3086 2449 πάθεσι,
3117 2379 3172 2435 τί
3213 2385 3437 2436 σεαυτοῦ
3495 2381 3558 2435 τὸ
3620 2381 3835 2452 ἀξίωμα

2180 2467 2568 2542 καταϐάλλεις,
2595 2472 2683 2526 καὶ
2747 2469 2944 2532 δοῦλος
2987 2469 3103 2546 γίνῃ
3147 2476 3250 2538 τῆς
3279 2471 3590 2544 ἀμαρτίας;
3628 2466 3717 2523 διὰ
3771 2467 3823 2522 τί

2184 2561 2402 2615 σεαυτὸν
2457 2565 2634 2621 ποιεῖς
2690 2557 3048 2634 αἰχμάλωτον
3103 2557 3198 2612 τοῦ
3258 2553 3562 2626 διαϐόλους
3605 2563 3834 2630 ’Ἄρχων

2183 2649 2411 2709 κτίσεως
2493 2647 2921 2723 ἐχειροτονήθης
2959 2691 2972 2716 ,
3025 2644 3114 2700 καὶ
3171 2644 3470 2723 ἀπέρριψας
3531 2643 3838 2718 σεμνότητα

2181 2744 2281 2807 τῆς
2343 2739 2565 2791 σεαυτοῦ
2619 2735 2848 2814 φύσεως.
2910 2736 2995 2789 Ἐν
3069 2736 3216 2811 ἀρχῇ
3296 2755 3401 2788 τινι
3474 2735 3686 2806 τέταξαι
3742 2754 3840 2788 κο-

2185 2830 2355 2900 σμικῇ
2388 2845 2402 2894 ;
2439 2823 2548 2880 ἔστι
2582 2845 2664 2878 σοι
2697 2821 2864 2878 πλέον
2896 2821 2966 2878 δι’
3000 2822 3248 2899 ὀφειλῆς,
3281 2822 3343 2877 τὸ
3400 2821 3490 2877 καὶ
3539 2825 3630 2877 τὸν
3677 2821 3836 2896 λογι-

2186 2915 2323 2988 σμὸν
2373 2914 2580 2988 ὁμοίως
2632 2911 2776 2988 ἔχειν
2839 2912 3199 2988 συνάρχοντα,
3231 2910 3321 2966 καὶ
3377 2916 3676 2987 κρατοῦντα
3726 2910 3835 2965 τῶν

2185 3006 2391 3059 παθῶν·
2420 3001 2514 3057 ’ίνα
2547 3004 2622 3076 μὴ
2657 3000 2836 3078 γέλως
2889 2998 3007 3071 εἴης
3051 3008 3169 3063 τοῖς
3219 2999 3574 3075 ἀρχομένοις,
3615 3000 3702 3052 καὶ
3739 2998 3837 3069 ἐμ-

2186 3093 2446 3169 παιγμὸς,
2499 3091 2614 3146 ἀντὶ
2665 3093 2931 3165 ἄρχοντος
2973 3090 3062 3144 καὶ
3121 3089 3503 3162 ὑπερέχοντος,
3547 3086 3835 3158 ὑποκείμε-

2185 3203 2277 3236 νον
2303 3181 2392 3234 καὶ
2425 3181 2691 3254 ἀγόμενον
2733 3175 2822 3232 ἷ¹σα
2861 3179 2946 3231 καὶ
2984 3175 3167 3248 δούλῳ
3198 3173 3404 3250 δεσμίῳ
3457 3175 3546 3230 καὶ
3577 3174 3842 3251 ἀχρήστῳ

2184 3268 2505 3325 κατανοοῦσι
2581 3288 2674 3324 σε.
2744 3265 2949 3326 Δοῦλος
3027 3264 3317 3335 ἐκλήθης;
3369 3263 3423 3319 τί
3472 3285 3529 3318 σε
3588 3262 3752 3319 λυπεῖ
3807 3265 3842 3332 ἡ

2188 3356 2409 3413 δουλεία
2459 3361 2556 3411 τοῦ
2601 3357 2888 3429 σώματοςς
2932 3351 3020 3409 διὰ
3074 3353 3129 3410 τί
3187 3355 3250 3408 ού
3309 3352 3451 3428 μέγα
3504 3358 3722 3431 φρονεῖς
3770 3357 3841 3426 τῇ

2191 3444 2472 3517 δεσποτεία
2507 3444 2577 3519 τῇ
2612 3443 2759 3518 παρὰ
2801 3448 2937 3499 Θεοῦ
2995 3464 3078 3498 σοι
3129 3440 3406 3516 διδομένῃ,
3441 3441 3523 3496 δτι
3575 3440 3842 3518 λογισμὸν

2191 3532 2338 3612 ἔχεις
2368 3538 2554 3598 παθῶν
2589 3530 2893 3602 δεσπότηνς
2925 3536 3085 3587 Ὅταν
3136 3529 3259 3607 ἴδῃς
3289 3532 3380 3586 τὸν
3439 3528 3703 3601 δεσπότην
3747 3551 3842 3584 σου

2190 3622 2385 3678 δοῦλον
2443 3619 2571 3677 ὄντα
2629 3622 2730 3691 τῆς
2786 3619 3012 3691 ἡδονῆς.
3068 3619 3288 3676 σεαυτὸν
3335 3617 3392 3674 8t
3449 3619 3719 3694 σώφρονα,
3762 3620 3838 3693 γί-

2188 3733 2360 3767 νωσκε
2416 3710 2500 3766 ὅτι
2552 3710 2614 3764 σὺ
2667 3710 2762 3783 μὲν
2808 3711 2857 3764 εἶ
2904 3708 3099 3771 δοῦλος
3150 3709 3377 3782 ὀνόματι
3430 3709 3632 3781 μόνον·
3695 3707 3837 3762 ἐκεῖ·

2184 3823 2277 3864 νος
2323 3798 2380 3855 δὲ
2437 3799 2662 3872 ὀνόματι
2715 3798 2876 3872 μόνον
2909 3801 2984 3872 (a)
3018 3795 3131 3874 ἔχει
3182 3800 3281 3868 τὴν
3329 3795 3663 3865 δεσποτείαν,
3698 3794 3838 3871 ἔργῳ

2185 3886 2242 3944 δὲ
2305 3883 2696 3965 βεϐαιουμένην
2757 3887 3092 3942 ἐπεσπάσατο
3150 3887 3248 3955 τὴν
3307 3883 3580 3942 δουλείαν.
3641 3885 3834 3939 Ὁπότε

2181 3979 2282 4054 γὰρ
2342 3977 2542 4032 ἐκεῖνον
2608 3978 2701 4050 μὲν
2750 3977 2812 4031 τὸ
2856 3983 2958 4045 τῆς
3002 3975 3255 4051 πορνείας
3286 3974 3457 4036 πάθος
3486 3975 3653 4049 τυχὸν
3687 3971 3836 4028 ἕλκει

2182 4064 2624 4137 καταδουλῶσαν,
2687 4065 2748 4120 σὺ
2810 4063 2867 4120 δὲ
2908 4066 3108 4120 τούτου
3167 4063 3258 4120 διὰ
3286 4066 3384 4134 τήν
3416 4069 3512 4118 τοῦ
3566 4061 3836 4139 λογισμοῦ

2179 4156 2477 4232 κυριότητα
2538 4157 2996 4231 ὑπερανέστηκας,
3046 4160 3162 4216 πῶς
3219 4153 3347 4230 οὐχὶ
3405 4151 3673 4222 δεσπότης
3733 4151 3826 4224 μὲν

2177 4245 2376 4322 κυρίως
2437 4244 2555 4317 εἷής
2614 4245 2813 4315 αὐτὸς,
2867 4246 2895 4300 ὁ
2951 4252 3051 4314 τῆς
3109 4241 3314 4315 ἡδονῆς
3402 4239 3788 4318 ὑπερκείμενος

2175 4333 2378 4396 ἐκεῖνος
2421 4332 2478 4390 δὲ
2540 4333 2751 4408 μᾶλλον
2814 4330 3034 4403 δοῦλος,
3093 4334 3121 4386 ὁ
3181 4330 3537 4404 ὑποκείμενος
3591 4332 3670 4399 τῷ
3729 4327 3832 4381 ὑπὸ

2175 4429 2272 4478 σοῦ
2304 4425 2629 4497 πατουμένῳ
2658 4424 2817 4487 πάθει
2845 4440 2858 4491 ;
2891 4425 3068 4480 ’Ὀπου
3100 4425 3228 4496 γοῦν
3263 4421 3297 4490 ἠ
3348 4424 3444 4474 τοῦ
3504 4415 3690 4491 ἄρχειν
3745 4413 3838 4469 δύ-

2171 4535 2359 4588 ναμις,
2393 4512 2506 4568 ἐκεῖ
2559 4515 2593 4583 ἡ
2652 4517 2748 4567 τοῦ
2802 4515 2936 4566 Θεοῦ
2986 4509 3176 4565 εἰκών
3209 4511 3348 4564 ὅπου
3397 4505 3454 4562 δὲ
3493 4509 3528 4575 ἡ
3570 4509 3666 4560 τοῦ
3699 4508 3834 4559 Θεοῦ

2179 4602 2361 4675 εἰκὼν,
2390 4601 2500 4658 ἐκεῖ
2529 4602 2555 4655 ὁ
2592 4602 2678 4656 ὑπ’
2707 4599 2870 4655 αὐτοῦ
2899 4598 3277 4671 πεπλασμένος
3311 4595 3616 4670 ἅνθρωπος.

2886 4689 2986 4747 ubi
3049 4693 3244 4745 autem
3302 4686 3399 4742 Dei
3460 4684 3681 4756 imago,
3713 4682 3835 4738 illic

479 4867 532 4922 9.
572 4868 816 4924 Praesinf
865 4867 1128 4938 piscibus.
1183 4868 1449 4924 Primum
1509 4871 1709 4924 datum
1768 4875 1856 4926 est
1900 4871 2070 4927 nobis

2248 4874 2302 4927 9.
2358 4868 2700 4945 Ἀρχέτωσαν
2770 4872 2877 4922 τῶν
2957 4865 3186 4941 ἰχθύων.
3246 4866 3470 4937 Πρῶτον
3527 4862 3664 4936 ἡμῖν
3720 4868 3831 4919 τῶν

408 4956 722 5028 imperium
766 4973 966 5012 eorum
1027 4975 1150 5029 quae
1198 4957 1400 5030 procul
1460 4963 1682 5015 semota
1739 4965 1897 5016 sunt.
1950 4961 2076 5016 Non

409 5044 575 5116 dixit,
600 5047 665 5101 Et
697 5045 938 5118 praesint
971 5045 1329 5104 animalibus
1361 5065 1491 5120 quae
1516 5047 1693 5104 simul
1727 5051 2073 5120 educantur,

409 5135 534 5205 sed,
567 5136 838 5202 Piscibus,
879 5135 979 5207 qui
1029 5135 1210 5191 vitam
1263 5137 1321 5192 in
1372 5137 1542 5208 aquis
1599 5138 1842 5209 degunt.
1878 5137 2073 5193 Primo

407 5223 589 5297 igitur
618 5224 786 5280 nobis
841 5224 901 5280 in
933 5223 1124 5296 pisces
1167 5226 1448 5281 traditum
1499 5231 1589 5282 est
1642 5226 1979 5297 imperium,
2013 5228 2077 5280 ut

407 5329 510 5385 per
539 5329 624 5382 ea,
663 5329 792 5385 quae
826 5311 1056 5385 longius
1089 5314 1295 5370 dissita
1327 5320 1467 5370 sunt
1517 5331 1581 5370 ac
1632 5313 1932 5386 aquatilia,
1967 5331 2073 5386 po-

405 5401 538 5457 tiori
578 5401 749 5474 longe
801 5402 1026 5458 ratione
1087 5404 1460 5475 postmodum
1515 5403 1688 5459 etiam
1745 5420 1872 5474 qum
1933 5407 2076 5458 sunt

405 5490 688 5548 viciniora
735 5491 1182 5564 complectatur,
1237 5493 1296 5547 id
1355 5495 1445 5548 est
1501 5492 1826 5559 terrestria,
1858 5495 2072 5563 etquae

477 5608 498 5645 ’¹
530 5608 672 5666 Gen.
707 5626 746 5678 ι,
773 5609 864 5665 26.
941 5609 965 5663 Ι
997 5608 1126 5664 Cor.
1160 5624 1260 5681 vn,
1291 5609 1382 5664 21.

479 5705 554 5780 (α)
586 5705 785 5765 Μόνον.
819 5706 952 5774 Ms.,
983 5701 1154 5777 μόνῳ.

2186 4960 2582 5032 ἀπῳκισμένων
2612 4960 2646 5027 ἡ
2689 4957 2837 5033 ἀρχὴ
2889 4953 3071 5023 ἐδόθη.
3101 4953 3216 5012 Ούκ
3274 4954 3438 5021 εἶπεν,
3501 4952 3604 5009 Καὶ
3666 4953 3834 5028 ἀρχέ-

2183 5070 2357 5104 τωσαν
2407 5052 2514 5102 τῶν
2573 5046 2884 5123 συντρόφων
2947 5044 3124 5113 ζώων,
3175 5041 3341 5111 ἀλλὰ,
3391 5046 3505 5096 Τῶν
3575 5040 3780 5117 ἰχθύων
3817 5057 3830 5071 ⁸

2184 5133 2402 5210 ἔνυδρος
2448 5136 2547 5210 γὰρ
2581 5135 2756 5190 αὐτῶν
2791 5137 2824 5204 ἡ
2861 5132 3057 5188 δίαιτα.
3091 5137 3210 5188 Τῶν
3263 5130 3355 5185 οὖν
3408 5130 3616 5205 ἰχθύων
3670 5126 3827 5195 ἐδόθη

2183 5227 2318 5297 ἡμῖν
2350 5227 2384 5294 ἡ
2437 5224 2583 5300 ἀρχὴ
2643 5220 3024 5298 πρῶτον,⁴ίνα,
3059 5219 3150 5276 διὰ
3203 5225 3313 5275 τῶν
3372 5219 3690 5295 πορροτέρω
3739 5213 3833 5268 καὶ

2185 5310 2439 5389 ἐνύδρων,
2465 5310 2665 5384 πολλῷ
2717 5310 2929 5384 μᾶλλον
2975 5309 3065 5365 καὶ
3114 5310 3182 5364 τὰ
3228 5307 3624 5381 πλησιαίστερα
3676 5302 3834 5355 ὕστε-

2184 5420 2276 5478 ρον
2323 5395 2731 5476 συμπεριλάϐῃ,
2790 5398 2961 5475 ἤγουν
3010 5401 3076 5454 τὰ
3123 5402 3352 5475 χερσαῖα
3395 5397 3479 5451 καὶ
3538 5391 3831 5467 σύντροφα.

2181 5476 2306 5555 Πῶς
2363 5488 2454 5546 οῦν
2511 5494 2616 5546 τῶν
2674 5489 2882 5566 ῗχθύων
2930 5487 3194 5564 δοκοῦμεν
3229 5486 3440 5565 ἄρχειν,
3465 5483 3517 5537 οἱ
3577 5480 3654 5555 μὴ
3713 5476 3830 5535 διά-
