4134 6212
334 349 405 406 21
1358 341 1454 399 DE
1501 338 1830 399 HOMINIS
1877 339 2351 402 STRUCTUBA
2397 338 2685 401 ORATIO
2731 342 2779 400 Ι.

334 495 522 552 γοντες
560 471 653 527 σὺν
705 471 935 539 αύτοῖς;
972 467 1042 524 Εἴ
1077 490 1182 525 που
1231 465 1396 544 ἔγνως
1451 468 1669 522 σεαυτὸν
1721 466 1773 520 ἐν
1827 463 1958 538 λίμν

2118 486 2234 524 una
2267 470 2568 524 nobiscum
2602 469 2782 525 vitam
2817 473 2996 540 agunt
3026 477 3078 525 et
3111 471 3454 526 educantur.
3508 472 3631 539 Qua
3661 471 3764 526 ita'

337 565 475 619 ποτέ
529 561 922 639 καταφανέντα,
955 554 1187 633 ἕϐλεψάς
1245 577 1302 611 τε
1350 561 1466 617 πῶς
1496 559 1530 626 ἡ
1561 555 1682 610 σκιά
1709 576 1802 609 σου
1861 555 2000 627 μόνη

339 655 524 709 πάντα
577 653 643 707 τὰ
697 648 1087 721 ἐνδιαιτώμενα
1140 647 1309 722 ταύτῃ
1371 643 1594 721 ἰχθύδια
1660 642 1999 714 διεπτόησεν,

349 742 589 818 ἐπέγνως
639 739 695 796 ἃν
752 738 971 800 πάντως
1023 735 1165 812 ταχὺ
1220 737 1281 790 τὸ
1331 742 1432 806 τῆς
1487 735 1686 810 ἀρχῆς.
1747 732 1843 794 Τίς
1898 734 1998 809 γὰρ

354 833 500 888 οὕτω
559 828 818 900 δεσπότης
884 826 1099 895 οἰκίας,
1164 819 1566 902 θορυϐουμένου
1641 827 1742 878 τοῦ
1810 818 1996 894 οἷίκου,

356 921 560 996 ἀθρόως
609 918 847 989 ἐπιστὰς,
899 914 1135 994 ἡσυχίαν
1193 913 1433 986 ἐποίησε,
1483 913 1572 968 καὶ
1629 913 1802 967 πάντα
1872 932 1997 982 μετ-

356 1007 534 1068 έϐαλεν
586 1010 661 1072 είς
717 1006 1009 1081 εὐκοσμίαν
1066 1009 1135 1078 τῇ
1179 1001 1442 1081 παρουσίδ
1495 1007 1590 1058 τοῦ
1646 1006 1992 1077 κρατοῦντος,

357 1102 424 1163 ὡς
451 1107 592 1155 πᾶσα
639 1101 675 1168 ἡ
719 1095 940 1172 ἔνυδρος
985 1095 1176 1164 κτίσις,
1228 1092 1572 1166 ἐπιφάνεντος
1627 1091 1743 1153 ἐνὸς
1787 1091 1995 1164 ἀνθρώ-

353 1211 467 1259 που,
503 1182 845 1262 μεταϐάλλει
902 1185 964 1239 τὸ
1017 1191 1248 1259 σχῆμας
1304 1180 1498 1239 Οὐκέτι
1552 1180 1648 1249 τήν
1709 1177 1990 1252 ἐλευθίραν

346 1277 455 1354 ἔχει
509 1275 814 1353 διαγωγήν·
850 1274 910 1329 ού
969 1272 1153 1347 τολμᾷ
1219 1271 1568 1344 ἐπινήξασθαι
1621 1275 1739 1332 τοῖς
1795 1268 1989 1330 νώτοις

336 1373 432 1436 τῆς
463 1365 744 1436 θαλάσσης
774 1363 810 1434 ἢ
839 1370 942 1433 τῆς
974 1361 1198 1436 λίμνης.

2115 575 2224 629 que
2281 560 2506 614 ratione
2555 559 2825 614 videmur
2871 559 3135 631 piscibus
3187 559 3430 630 imperio
3493 575 3758 630 prazesse,

2115 649 2219 718 qui
2249 646 2426 702 vitam
2451 663 2584 702 cum
2611 647 2694 702 eis
2717 665 2829 702 non
2860 665 3108 719 agamus
3129 647 3226 703 ?Si
3248 648 3480 718 quando
3503 647 3758 719 teipsum

2112 734 2168 787 in
2206 733 2416 807 palude
2439 737 2906 793 animadvertisti
2924 737 3518 809 conspicuum,atque
3538 735 3756 806 vidisti,

2110 826 2610 894 quemadmodum
2643 827 2767 882 sola
2817 831 2914 882 tua
2947 828 3155 882 umbra
3188 826 3486 899 pisciculis
3529 826 3756 881 cunctis

2107 912 2165 966 in
2197 929 2264 968 ea
2293 913 2641 986 degentibus
2671 921 2949 971 terrorem
2979 916 3199 986 injecit,
3227 917 3340 970 cito
3372 931 3610 987 prorsus
3642 915 3753 969 im-

2105 1002 2251 1073 perii
2298 1002 2413 1057 vim
2447 1004 2756 1076 agnovisti.
2809 1005 2948 1070 Quis
2995 1005 3148 1060 enim
3180 1005 3260 1059 ita
3307 1003 3750 1077 paterfamilias,

2105 1091 2338 1146 turbata
2369 1093 2882 1166 domo,derepente
2913 1094 3352 1160 sestans,sedata
3375 1093 3548 1148 turba
3568 1091 3746 1148 silen-

2104 1178 2253 1234 tium
2288 1181 2446 1248 fecit,
2479 1186 2802 1254 cunctaque
2829 1182 3188 1238 dominantis
3221 1181 3478 1255 potentia
3507 1181 3565 1236 in
3589 1181 3743 1236 ordi-

2101 1284 2232 1323 nem
2265 1269 2509 1342 redegit,
2541 1272 2830 1343 quomodo
2861 1271 3194 1327 natatilium
3234 1287 3416 1341 genus
3465 1285 3639 1326 omne
3668 1270 3742 1325 ad

2101 1357 2278 1413 unius
2303 1358 2559 1414 hominis
2591 1364 2916 1432 aspectum,
2947 1366 3176 1434 gestum
3210 1364 3398 1416 mutat
3426 1365 3602 1431 atque
3639 1376 3739 1431 ge-

334 1459 504 1513 nium
530 1457 559 1512 ?
590 1456 714 1514 Non
747 1454 1005 1526 amplius
1033 1453 1191 1525 degit
1222 1451 1441 1518 libere;
1475 1466 1580 1506 nec
1612 1465 1712 1522 per
1745 1447 1922 1503 maris
1951 1445 2184 1502 lacusve
2214 1464 2480 1504 summas
2512 1451 2699 1505 undas
2731 1450 2906 1506 audet
2937 1457 3154 1506 natare.

403 1547 491 1601 10.
527 1545 586 1600 Ὀ
613 1541 828 1617 δελφῖς,
861 1543 988 1597 ὅταν
1018 1537 1256 1610 πλησίον
1290 1535 1572 1613 ἄνθρωπον
1605 1533 1732 1590 ὄντα
1789 1534 1976 1605 θεάση-

2155 1537 2436 1592 32910.
2511 1538 2857 1610 Delphinus,
2916 1540 3015 1594 ubi
3076 1539 3373 1595 hominem
3428 1554 3492 1594 se
3555 1553 3731 1610 prope

326 1654 439 1700 ται,
469 1633 644 1686 καίτοι
705 1631 864 1694 αὐτὸς
912 1627 984 1684 ὣν
1038 1630 1064 1683 ὁ
1110 1627 1540 1703 βασιλικώτατος
1580 1629 1684 1679 τῶν
1741 1623 1964 1700 ἰχθύων1

2087 1625 2472 1696 conspexerit,
2501 1627 2735 1683 tametsi
2764 1627 2913 1684 inter
2945 1628 3207 1683 natatilia
3239 1644 3304 1682 ac
3337 1627 3525 1699 pisces
3551 1624 3729 1698 regali

334 1719 563 1776 αἰδεῖται
592 1718 780 1787 οἱονεὶ,
815 1719 902 1774 καὶ
929 1717 1109 1773 ούκὲτι
1145 1721 1390 1784 κινεῖται,
1423 1712 1536 1769 οὐδ’
1584 1714 1656 1776 ὡς
1703 1712 1822 1776 ἔθος
1873 1709 1974 1766 ἅλ-

334 1809 506 1868 λεται.
540 1808 739 1888 Δελφὶς
765 1813 875 1863 τῶν
905 1811 1118 1878 νηκτῶν
1152 1806 1180 1862 ὁ
1233 1803 1668 1880 βασιλικώτατος
1724 1799 1973 1856 αἰδεῖται·

335 1899 506 1962 οὕτως
533 1897 694 1969 ἐδόθη
726 1903 807 1970 τῷ
835 1896 1108 1972 ἀνθρώπῳ
1137 1897 1172 1964 ἡ
1203 1895 1337 1949 κατά
1381 1894 1487 1948 τῶν
1537 1896 1749 1964 νηκτῶν
1801 1890 1970 1967 ἀρχή.

335 1991 502 2046 ’Όταν
532 1985 588 2042 δὲ
618 1985 739 2061 ἴδῃς
765 1988 995 2041 σεαυτοῦ
1024 1983 1116 2038 τὸν
1155 1982 1422 2058 λογισμὸν
1483 1978 1570 2036 διά
1628 1981 1840 2034 πάντων
1888 1977 1975 2033 δι-

337 2080 537 2147 ήκοντα
566 2077 649 2132 καὶ
674 2075 885 2130 πάντων
917 2079 1034 2136 ταῖς
1062 2073 1284 2148 τίχναις
1331 2075 1648 2147 κρατοῦντα,
1675 2073 1792 2132 πῶς
1843 2068 1972 2144 οὐχὶ

329 2171 433 2220 τῶν
464 2169 646 2237 κητῶν
677 2170 789 2222 τῶν
825 2161 1081 2240 μεγάλων
1115 2159 1339 2237 ἄρχεις

402 2346 482 2400 11.
517 2341 675 2400 Εἶδον
725 2342 969 2400 ἐπίνοιαν
1024 2338 1390 2414 ἀνθρωπίνην,
1442 2336 1526 2394 ὅτι
1576 2342 1824 2394 ποιοῦσιν
1878 2337 1971 2411 ἀγ-

332 2431 556 2508 κίστρων
614 2438 780 2488 τινῶν
839 2431 1201 2500 κατασκευὴν,
1235 2429 1323 2484 καὶ
1369 2427 1584 2490 τούτοις
1641 2422 1969 2483 ἐπιϐάλλον·

331 2543 414 2583 τες
443 2521 783 2596 δελεάσματα
837 2521 1122 2596 σύμμετρα
1165 2524 1245 2588 τῶ
1307 2518 1518 2594 μεγέθει
1578 2522 1686 2573 τῶν
1742 2538 1970 2572 καταπι-

331 2610 526 2667 νόντων
572 2617 786 2683 κητῶν·
822 2613 934 2666 εἶτα
989 2615 1096 2666 τῶν
1140 2610 1318 2675 ἄκρων
1375 2605 1592 2663 ἐκείνων
1649 2611 1754 2661 τῶν
1811 2627 1969 2682 σχοι-

333 2700 483 2768 νίων,
531 2700 603 2755 ὦν
665 2701 974 2776 ἀπήρτηται
1045 2701 1112 2754 τά
1179 2697 1442 2775 ἄγκιστρα
1492 2697 1628 2752 κατὰ
1675 2697 1738 2752 τὸ
1783 2693 1965 2771 ἕτερον

344 2790 522 2860 πὲρας,
569 2789 759 2852 ἀσκοὺς
800 2789 1068 2862 πνεύματι
1129 2785 1495 2856 διατείνοντες,
1552 2786 1643 2840 καὶ
1701 2783 1968 2857 ἐκδήσαν-

341 2895 428 2936 τες
466 2882 571 2931 τῶν
617 2879 782 2954 ἄκρων
820 2877 1060 2946 ἐκείνων,
1092 2877 1396 2952 μετεώρους
1454 2876 1669 2950 ἀφιᾶσιν
1726 2873 1813 2930 ἐπὶ
1869 2879 1966 2930 τοῦ⁹

334 2964 627 3042 πελάγους.
686 2965 999 3044 Ἐνεχθέντα
1057 2967 1232 3022 τοίνυν
1289 2966 1355 3021 τά
1429 2964 1587 3042 ἄγρια
1644 2968 1786 3036 κήτη
1846 2971 1962 3028 τοῖς

328 3052 672 3128 δελεάσμασι,
700 3058 790 3112 καὶ
821 3057 888 3112 τὰ
930 3054 1188 3132 ἄγκιστρα
1229 3052 1376 3110 ἔνδον
1426 3055 1630 3110 ἑαυτῶν
1685 3051 1964 3128 δεξάμενα,

325 3143 472 3218 σύρει
509 3146 604 3218 μὲν
631 3145 762 3207 τοὺς
792 3145 990 3208 ἀσκοὺς
1023 3145 1098 3207 είς
1122 3147 1184 3200 τὸ
1219 3145 1408 3221 βάθοςο
1442 3147 1476 3214 ἡ
1524 3142 1582 3199 δὲ
1621 3148 1728 3199 τῶν
1787 3143 1966 3199 ἀσκῶν

324 3232 478 3307 φύσις
517 3232 803 3311 ἀνωφερὴς
853 3232 1003 3302 οὖσα,
1049 3233 1214 3289 πάλιν
1264 3231 1510 3297 ἀνθίλκει
1566 3231 1643 3295 εἷς
1695 3232 1795 3302 τήν
1848 3230 1967 3287 ἐπι-

319 3318 554 3395 ςσάνειαν,
602 3322 694 3377 καὶ
755 3321 1144 3397 ἐμπεπαρμίνα
1189 3324 1259 3395 τῇ
1310 3319 1420 3393 ἰδίᾳ
1474 3323 1650 3396 τροφῇ
1708 3317 1819 3374 ἅνω
1875 3318 1966 3375 καί

310 3409 455 3464 κάτω
492 3411 880 3484 μαιμάσσεται,
911 3411 1001 3466 καὶ
1044 3410 1282 3468 ἀλύοντα
1317 3409 1442 3473 τοὺς
1495 3409 1692 3485 βυθοὺς
1755 3407 1963 3484 διερευο

311 3501 478 3568 νᾶται,
516 3499 734 3576 πελάγη
767 3500 1018 3576 πελαγῶν
1051 3495 1266 3574 ἀμείϐει
1291 3518 1303 3533 ·
1336 3500 1424 3554 καὶ
1481 3498 1573 3554 τὸν
1632 3497 1806 3553 πολὺν
1861 3498 1961 3553 πό-

303 3606 393 3640 νον
425 3586 708 3665 ἅπρακτον
738 3588 891 3665 ἔχον,
922 3589 1233 3644 τελευταῖον
1279 3589 1475 3665 βραχεῖ
1530 3593 1610 3661 τῷ
1663 3587 1956 3664 ἀγκίστρῳ,

297 3676 358 3729 τὸ
426 3677 576 3752 μέγα
631 3678 721 3732 καὶ
778 3675 1002 3753 ἄτρυτον
1054 3678 1241 3753 θηρίον
1294 3678 1574 3750 ἁλώσιμον
1607 3675 1825 3752 γίνεται,
1879 3682 1959 3750 τῷ

296 3763 453 3838 πόνῳ
507 3764 805 3840 δαμασθὲν,
853 3789 934 3840 τῳ
989 3767 1142 3841 λιμῷ
1198 3768 1582 3838 καταπονηθὶν,
1627 3767 1713 3822 καὶ
1771 3767 1954 3843 νεκρὸν

296 3856 435 3924 μετὰ
493 3859 614 3910 τῶν
675 3856 852 3911 ἀσκῶν
913 3857 1250 3931 συρόμενον,
1313 3857 1533 3930 θήραμα
1604 3855 1804 3931 γίνεται
1877 3861 1956 3929 τῷ

291 3943 516 4019 θηρατῇ
542 3964 554 3976 ⁶
586 3950 668 4018 τῷ
719 3950 918 4021 μικρῷ,
950 3946 1013 4001 τὸ
1069 3946 1205 4021 μίγα
1235 3964 1248 3978 ⁸
1283 3950 1362 4018 τῷ
1407 3945 1634 4013 ἀσθενεῖ,
1692 3946 1752 3999 τὸ
1813 3943 1952 4019 ἅμα·

283 4051 389 4106 γον
423 4035 540 4103 τὴν
569 4033 752 4109 ἰσχύν·
787 4033 876 4090 διὰ
902 4034 991 4104 τί;
1025 4033 1106 4090 ὅτι
1144 4038 1212 4109 τῇ
1260 4038 1358 4089 τοῦ
1406 4031 1675 4108 λογισμοῦ
1732 4054 1952 4111 περιου-

284 4122 375 4194 σίᾳ
420 4121 667 4196 δύναμιν
711 4128 807 4179 τοῦ
855 4123 1042 4201 ἄρχειν
1104 4121 1286 4178 λαϐὼν
1330 4124 1358 4178 ὁ
1398 4123 1700 4197 ἅνθρωπος,
1732 4123 1806 4188 ὡς
1852 4145 1954 4180 κα-

279 4211 413 4274 κοὺς
468 4211 751 4288 δραπέτας
797 4214 934 4289 πρὸς
987 4213 1279 4269 εὐπείθειαν
1337 4210 1454 4287 ἄγει
1482 4211 1609 4275 τοὺς
1638 4213 1953 4268 ἀπειθεστάο

275 4319 408 4363 τους
434 4320 449 4333 ο
489 4301 592 4356 καὶ
628 4301 754 4364 τοὺς
791 4305 866 4376 μὴ
919 4299 1246 4375 δυναμένους
1294 4298 1363 4356 δι’
1387 4300 1732 4375 ἡμερότητος
1782 4322 1951 4378 προσ-

2088 1714 2338 1771 maxime
2365 1715 2540 1787 pollet
2567 1716 2736 1788 genio
2769 1721 2943 1788 atque
2973 1717 3186 1786 indole,
3221 1715 3378 1772 velut
3406 1719 3640 1772 veretur
3661 1729 3727 1770 ac

2085 1803 2290 1872 timet;
2326 1821 2429 1860 nec
2462 1804 2614 1860 ultra
2644 1811 2928 1873 movetur,
2972 1823 3162 1878 neque
3214 1810 3278 1861 ut
3319 1803 3555 1871 assolet,
3588 1802 3728 1859 salit

2085 1907 2150 1946 ac
2183 1892 2484 1965 tripudiat.
2519 1894 2611 1950 Sic
2641 1895 2813 1950 datus
2845 1895 3068 1951 homini
3101 1895 3161 1952 in
3194 1911 3261 1950 ea
3287 1911 3411 1966 quas
3443 1894 3502 1948 in
3551 1891 3722 1964 aquis

2083 1981 2318 2053 degunt,
2339 1983 2699 2055 principatus
2729 1986 2986 2041 est.Cum
3022 1985 3216 2057 itaque
3249 1985 3536 2039 rationem
3557 1986 3722 2037 tuam

2082 2069 2462 2142 animumque
2491 2073 2688 2129 omnia
2711 2072 3490 2146 pervadentem,cunctisque
3511 2071 3727 2129 artium

2082 2160 2134 2215 vi
2157 2161 2558 2218 dominantem
2590 2163 2841 2232 videris;
2876 2164 3168 2236 quomodo
3216 2179 3331 2220 non
3377 2163 3553 2218 etiam
3599 2177 3722 2217 ma-

2081 2265 2332 2320 gnorum
2363 2255 2623 2307 cetorum
2654 2251 2900 2324 imperio
2932 2253 3138 2324 potiris
3160 2253 3188 2307 ‘I

2155 2337 2241 2393 11.
2273 2338 2401 2394 Vidi
2434 2355 2568 2412 ergo
2619 2341 2828 2397 subtile
2881 2341 3183 2398 hominum
3248 2340 3573 2407 inventum,
3625 2346 3728 2412 qui

2079 2425 2272 2483 hamis
2303 2429 2374 2483 ad
2397 2433 2554 2485 cetos
2583 2430 2897 2502 capiendos
2926 2431 3226 2502 confectis,
3260 2435 3436 2502 atque
3468 2446 3604 2486 esca
3627 2447 3731 2502 pro

2081 2516 2306 2572 ratione
2337 2518 2768 2589 magnitudinis
2799 2536 3001 2575 eorum
3023 2520 3123 2591 qui
3147 2519 3730 2592 deglutiant,adjecta

2080 2606 2330 2662 summis
2364 2606 2603 2663 funibus
2634 2608 2846 2678 quibus
2879 2609 3037 2664 hami
3067 2608 3341 2681 suspensi
3371 2613 3530 2676 sunt,
3567 2613 3726 2665 utres

2079 2709 2146 2749 ex
2176 2695 2356 2751 altera
2388 2701 2548 2768 parte
2576 2702 2745 2753 vento
2779 2697 2982 2769 plenos
3014 2697 3280 2770 alligant,
3327 2713 3543 2770 eosque
3578 2714 3725 2770 pen-

2079 2782 2214 2838 siles
2246 2801 2424 2857 super
2454 2802 2615 2841 mare
2638 2787 2886 2857 jactant.
2931 2787 3145 2842 Invecti
3196 2787 3388 2858 itaque
3434 2789 3494 2843 in
3527 2802 3722 2842 escam

2078 2871 2181 2928 feri
2213 2874 2344 2943 ceti,
2377 2890 2562 2946 exque
2593 2891 2661 2930 ea
2690 2876 2886 2931 hausti
2917 2875 3130 2943 hamis,
3160 2880 3319 2932 utres
3368 2876 3606 2947 quidem
3657 2875 3715 2930 in

2075 2963 2430 3034 profundum
2461 2963 2748 3020 trahunt:
2781 2981 2980 3020 verum
3025 2981 3160 3020 cum
3209 2982 3276 3020 ea
3319 2969 3477 3020 utres
3527 2963 3720 3019 indole

2073 3050 2192 3108 sint
2225 3055 2288 3106 ut
2312 3068 2547 3107 sursum
2581 3053 2924 3120 tendant,ad
2954 3069 3252 3108 summam
3285 3069 3490 3109 rursus
3518 3068 3719 3124 super-

2076 3140 2267 3195 ﬁciem
2299 3139 2605 3196 retrahunt
2635 3157 2648 3195 :
2684 3141 3015 3214 conﬁxique
3068 3159 3204 3198 cum
3255 3159 3364 3198 sua
3421 3158 3554 3198 esca
3583 3139 3716 3209 ceti,

2075 3245 2177 3285 sus
2207 3229 2394 3301 deque
2429 3229 2630 3302 perciti
2666 3235 2826 3286 motu
2867 3231 3258 3300 concitantur,
3309 3230 3619 3302 doloreque
3650 3246 3717 3285 ac

2074 3322 2217 3373 aestu
2251 3319 2538 3389 profunda
2563 3325 2940 3390 scrutantur;
2974 3320 3090 3377 alia
3119 3338 3188 3378 ex
3236 3321 3368 3377 aliis
3416 3323 3712 3376 mutantes

2072 3424 2303 3478 aequora
2334 3425 2347 3464 :
2382 3409 2720 3481 frustraque
2749 3417 2960 3466 conatu
2993 3428 3058 3467 ac
3090 3410 3286 3467 labore
3316 3410 3606 3483 impenso,
3642 3409 3714 3464 ad

2072 3502 2392 3553 extremum
2414 3498 2568 3553 brevi
2590 3498 2766 3555 hamo
2789 3501 3026 3570 grandis
3045 3516 3111 3557 ac
3130 3499 3506 3556 indomabilis
3531 3498 3716 3554 bestia

2069 3589 2239 3659 capta
2267 3587 2326 3641 in
2358 3603 2572 3642 manus
2601 3587 2760 3643 venit
2791 3612 2805 3656 ;
2839 3587 3039 3644 labore
3067 3589 3341 3659 edomita,
3375 3589 3528 3644 fame
3575 3602 3712 3643 con-

2067 3675 2236 3746 fecta,
2268 3680 2325 3731 et
2349 3691 2476 3747 qua:
2506 3694 2623 3733 una
2652 3693 2786 3733 cum
2819 3679 3051 3733 utribus
3072 3677 3336 3734 trahatur
3361 3681 3712 3744 mortua,ve-

2067 3764 2264 3820 nantis
2293 3767 2486 3837 praada
2530 3766 2768 3836 effecta;
2802 3767 2930 3839 ejus
2981 3768 3078 3839 qui
3111 3766 3363 3840 pusillus
3411 3766 3510 3834 sit,
3561 3783 3706 3839 prae-

2065 3871 2314 3926 magna;
2350 3855 2478 3926 ejus
2511 3856 2611 3928 qui
2643 3856 3271 3928 imbecillis,immenso
3301 3857 3506 3912 robore
3535 3855 3706 3928 vique

2063 3943 2478 4014 przedita.Quid
2510 3943 2633 4001 ita?
2664 3947 2825 4011 Quod
2857 3946 3138 4003 nimirum
3157 3945 3402 4002 rationis
3423 3950 3703 4017 praestan-

2063 4032 2143 4088 tia
2172 4036 2345 4105 atque
2371 4034 2562 4107 copia,
2594 4035 2842 4108 imperio
2877 4036 3105 4108 regendi
3140 4034 3417 4092 facultate
3446 4039 3702 4106 accepta,

2063 4124 2342 4193 tanquam
2377 4123 2670 4196 mancipia
2694 4125 2961 4196 quaedam
2996 4124 3443 4198 procacissimos
3472 4124 3544 4180 ad
3566 4123 3705 4179 obe-

2061 4215 2340 4272 dientiam
2372 4234 2475 4289 per
2501 4217 2619 4274 vim
2671 4224 2943 4289 revocat;
2979 4225 3041 4275 ut
3069 4221 3168 4292 qui
3197 4218 3437 4275 lenitate
3493 4216 3704 4274 adduci

2061 4303 2465 4376 nequiverant,
2500 4306 2538 4362 ii
2571 4308 2920 4364 necessitate
2950 4308 3228 4364 servitute
3247 4306 3703 4382 premantur.Sic

272 4396 572 4464 αχθῆναι,
637 4372 865 4452 τούτους
923 4386 1013 4444 διὰ
1056 4372 1162 4458 τῆς
1214 4372 1446 4464 ἀνάγκης
1499 4372 1948 4446 καταδουλοῖῖται.

2085 4394 2291 4465 mperii
2320 4395 2406 4451 vis
2424 4413 2458 4450 ιι
2475 4396 2744 4452 Creatore
2768 4397 2988 4453 homini
3015 4397 3447 4470 indita,ubique
3468 4397 3518 4455 ei
3541 4413 3703 4453 com-

273 4476 465 4541 Οὕτως
528 4481 822 4553 πανταχοῦ
881 4480 916 4548 ἠ
962 4481 1060 4534 τοῦ
1111 4475 1298 4554 ἄρχειν
1350 4475 1576 4550 δύναμις
1632 4479 1776 4551 παρά
1853 4475 1947 4532 τοῦ

269 4566 567 4630 κτίσαντος
631 4564 954 4642 ἐγγινομένη
1030 4571 1112 4639 τῷ
1187 4566 1456 4642 ἀνθρώπῳ
1513 4566 1768 4642 ὑπάρχει.
1829 4568 1944 4623 Ἐν-

269 4657 452 4710 τεῦθεν
487 4653 699 4734 ξιφίαι,
751 4655 838 4710 καὶ
905 4653 1136 4732 ζύγεναι,
1185 4655 1274 4710 καὶ
1319 4654 1598 4732 φάλαιναι,
1637 4654 1726 4710 καὶ
1783 4653 1942 4731 πρίο-

2058 4483 2222 4554 petit.
2256 4482 2518 4557 Hincque
2549 4487 2692 4541 adeo
2725 4487 2810 4555 ﬁt,
2845 4491 2911 4542 ut
2939 4491 2996 4543 et
3025 4486 3237 4559 xiphiaa
3267 4503 3369 4543 seu
3411 4485 3612 4559 gladii,
3645 4490 3702 4543 et

2055 4576 2372 4644 zygenas,et
2400 4572 2654 4645 balenae,
2678 4579 2736 4631 et
2765 4591 2962 4646 serrae,
2983 4579 3040 4632 et
3068 4575 3231 4630 vituli
3255 4576 3488 4647 marini,
3517 4579 3572 4632 et
3601 4590 3694 4632 re-

2055 4659 2778 4732 iiquaterribiliacetorum
2803 4664 3253 4738 generahomini
3279 4665 3694 4738 subjectasint.

275 4764 376 4813 νες,
407 4744 504 4801 καὶ
545 4744 706 4821 βόες,
735 4745 821 4799 καὶ
857 4745 1031 4800 πάντα
1059 4743 1235 4800 ἐκεῖνα
1258 4744 1323 4799 τά
1352 4738 1558 4820 φοϐερὰ
1583 4748 1691 4799 τῶν
1721 4748 1903 4816 κητῶν
1939 4744 2181 4822 ὀνόματα
2210 4747 2501 4825 ὑποχείρια
2528 4750 2717 4828 γέγονε
2743 4757 2822 4826 τῷ
2854 4754 3139 4829 ἀνθρώπῳ.

352 4837 430 4890 12.
490 4833 856 4910 ’Δρχέτωσαν
915 4837 1022 4888 τῶν
1083 4831 1288 4909 ἰχθύων
1349 4839 1447 4903 τῆς
1501 4831 1796 4905 θαλάσσης,
1854 4833 1943 4889 καὶ

285 4923 385 4973 τῶν
416 4923 642 4996 θηρίων
694 4929 797 4991 τῆς
826 4928 952 4995 γῆς.
988 4921 1112 4996 Οὐχ
1141 4922 1268 4996 ὁρᾷς
1320 4921 1410 4976 τὸν
1464 4919 1654 4977 λέοντα
1709 4923 1800 4978 τὸν
1855 4924 1947 4999 βα-

279 5008 406 5084 ρὺν,
436 5013 524 5067 τὸν
567 5011 946 5089 βρυχητικὸν,
987 5010 1050 5064 οὗ
1081 5011 1168 5065 καὶ
1201 5010 1262 5063 τὸ
1318 5005 1492 5085 ὄνομα
1545 5011 1818 5090 ἀφόρητον
1871 5017 1941 5086 τῇ

269 5097 432 5172 ἀκοῇ,
469 5101 562 5156 καὶ
600 5102 631 5156 ὁ
672 5099 921 5176 βρυγμὸς
953 5099 1263 5175 ὑπότρομον
1294 5105 1440 5155 ποιεῖ
1485 5102 1584 5172 τήν
1615 5108 1714 5178 γῆν
1741 5123 1756 5174 ;
1788 5102 1833 5174 ᾧ
1863 5103 1939 5176 (a)

257 5189 363 5243 τίνι
414 5189 574 5247 ἐστὶν
629 5187 805 5254 οὕτως
859 5188 1123 5265 φορητὸν,
1173 5188 1310 5245 ὥστε
1358 5189 1536 5264 ὁρμὴν
1575 5190 1740 5245 αὐτοῦ
1807 5189 1940 5246 ὑπο-

259 5283 497 5351 μεῖναι;
538 5275 720 5338 Οόδέν
751 5283 858 5334 τῶν
912 5276 1127 5355 ἀλόγων
1173 5278 1261 5334 καὶ
1320 5277 1588 5354 μεγίστων
1649 5280 1801 5349 ζώων
1856 5301 1942 5336 τος

256 5370 432 5445 σαύτῃ
500 5367 746 5432 ¹ιτὲποιθε
802 5365 1083 5442 δυνάμεως
1139 5368 1442 5442 περιουσίᾳ,
1493 5367 1631 5425 ὥστε
1686 5369 1936 5438 ἀντιστῆ-

253 5477 339 5510 ναι
393 5457 733 5534 ὁρμωμένῳ
776 5455 978 5514 λὲοντι.
1037 5453 1193 5514 Ἀλλ’
1240 5457 1394 5530 ὅμως
1437 5456 1636 5514 ἐκεῖνον
1699 5460 1825 5534 ὁρᾷς
1882 5459 1934 5516 ἐν

257 5549 449 5624 μικρῷ
516 5546 726 5622 ζώγρῳ
809 5543 1348 5623 κατακεκλεισμένον.
1406 5548 1498 5614 Τίς
1551 5549 1581 5603 ὁ
1657 5547 1936 5628 καθείρξας

317 5675 399 5749 (a)
432 5676 530 5756 ᾮ.
579 5673 774 5748 Forte,
804 5671 856 5749 ὅ,
885 5675 1110 5736 scilicet
1138 5671 1326 5752 θηρίον
1358 5675 1448 5734 vel
1478 5675 1670 5750 ὄνομα.
1702 5679 1858 5737 Enn‘.

2126 4839 2211 4894 12.
2246 4841 2313 4896 Et
2364 4843 2598 4913 praesint
2639 4844 2885 4915 piscibus
2930 4848 3128 4914 maris,
3169 4852 3222 4902 et
3278 4845 3463 4903 bestiis
3511 4848 3692 4904 terrae.

2051 4928 2331 5000 Nunquid
2382 4947 2496 4986 non
2546 4948 2782 5004 gravem
2831 4932 3079 5001 leonem,
3141 4933 3465 5006 rugientem
3517 4935 3698 4994 feram

2053 5017 2370 5090 conspicis,
2401 5021 2572 5090 cujus
2601 5027 2659 5077 et
2690 5038 2901 5079 nomen
2933 5023 3140 5079 auditu
3173 5023 3568 5097 importabile,
3600 5045 3700 5084 ru-

2052 5105 2331 5178 gitusque
2361 5125 2572 5180 pavore
2602 5114 2816 5168 terram
2865 5112 3164 5169 succutit?
3195 5116 3420 5188 ecquod
3465 5117 3700 5174 tandem

2053 5199 2142 5251 est
2165 5196 2364 5266 robur,
2397 5203 2460 5254 ut
2492 5199 2620 5270 ejus
2653 5201 2942 5259 sustinere
2965 5203 3248 5276 impetum
3279 5205 3705 5278 possit?Nulla

2051 5285 2210 5341 enim
2239 5286 2548 5345 brutarum
2571 5289 3044 5363 animantium,et
3065 5311 3193 5367 quae
3214 5295 3540 5368 praegrandi
3556 5295 3703 5352 mole

2051 5375 2313 5448 corpori
2346 5377 2484 5450 sint,
2509 5382 2672 5437 tanta
2699 5381 2913 5438 virium
2946 5383 3112 5456 copia
3143 5386 3485 5455 conﬁdit,ut
3515 5383 3699 5442 leonis

2048 5465 2336 5523 obsistere
2369 5467 2617 5540 impetui
2650 5471 2857 5543 possit.
2890 5473 3158 5530 Attamen
3190 5473 3359 5530 illum
3408 5474 3468 5528 in
3517 5489 3695 5546 parvo

2049 5554 2264 5614 vivario
2320 5556 2617 5617 inclusum
2673 5559 2860 5619 vides.
2919 5561 3199 5628 Quisnam
3278 5576 3507 5623 carcere
3553 5577 3690 5618 oon-
