4134 6212
361 347 437 406 23
1293 335 1688 400 APPENDIX
1729 331 2056 395 OPERUM
2104 331 2170 390 S.
2217 324 2502 388 BASILII
2549 322 2826 386 MAGNI.
3692 327 3768 384 24

362 475 643 533 strinxit?
685 474 819 544 quis
877 472 1148 544 exiguum
1208 485 1496 526 carcerem
1547 467 1756 540 grandi
1808 463 2048 528 bestia},

2163 457 2326 525 ὐτόν;
2361 457 2441 517 τίς
2494 457 2521 510 6
2577 455 2640 509 τὸ
2695 453 2884 528 μικρὸν
2961 449 3342 524 δεσμωτήριον
3399 455 3478 522 τῷ
3549 452 3770 528 μεγάλῳ

364 563 758 633 excogitavit?
806 562 940 633 quis
999 577 1162 616 raros
1220 576 1402 616 caveae
1462 539 1666 630 ligneae
1724 555 2017 611 cancellos

2163 547 2250 618 ώῳ
2281 543 2724 614 ἐπινοήσας;τίς
2777 543 2804 596 6
2860 545 2930 614 τῇ
2990 539 3275 614 ἀραιότητι
3328 543 3436 593 τῶν
3486 542 3770 612 στημόνων

368 652 604 707 inclusae
639 653 769 706 fera)
798 651 1100 710 exstruxit.
1135 666 1250 720 quo
1284 649 1618 719 respiraret,
1653 661 1724 700 ne
1764 644 2018 713 suoipsa

2163 635 2342 690 κείνων
2391 639 2496 688 τῶν
2547 631 2775 702 ξυλίνων
2823 630 2921 698 τήν
2954 629 3226 696 ἀναπνοὴν
3259 632 3337 698 τῷ
3392 626 3771 702 ἐγκεκλεισμέ-

371 741 631 796 anhelitu
657 740 1066 809 suil‘ocaretur,
1104 741 1201 794 sed
1238 739 1414 794 libere
1462 736 1721 792 animam
1763 736 2018 800 duceret,

373 845 692 899 securaque
718 828 961 900 ageret?
993 829 1126 898 quis
1155 830 1177 881 Ρ
1205 825 1485 898 Nunquid
1525 841 1638 879 non
1691 823 1889 888 homo,
1921 820 2020 891 qui

373 918 694 974 bestiarum
726 917 1083 973 saevissimas
1114 915 1227 972 sibi
1259 916 1467 970 ludum
1499 912 1678 969 facit?

451 1097 537 1151 13.
569 1095 850 1168 Nunquid
881 1111 997 1151 non
1029 1095 1346 1167 pantheras
1387 1092 1772 1160 deludil,cum
1803 1088 2025 1154 charta,

379 1188 438 1243 in
478 1185 742 1240 hominis
759 1185 1015 1257 efﬁgiem
1041 1186 1233 1240 efﬁcta
1263 1201 1293 1240 θ
1314 1181 1602 1255 superiori
1627 1179 1750 1234 loco
1777 1177 2024 1246 objecta,

379 1276 643 1331 chartam
674 1274 961 1345 panthera
992 1273 1289 1344 discerpit,
1323 1277 1498 1342 atque
1529 1269 1700 1323 homo
1742 1266 1893 1319 infra
1923 1281 2029 1335 po-

381 1365 553 1434 situs,
584 1363 790 1418 bestiae
817 1363 1173 1417 dementiam
1206 1376 1386 1430 prono
1418 1361 1539 1412 risu
1587 1354 1847 1425 excipit?
1870 1359 2030 1406 Nun-

385 1453 525 1526 quid
550 1469 664 1506 non
697 1452 870 1506 homo
897 1448 1138 1504 rationis
1161 1447 1326 1519 cepia
1346 1445 1573 1501 cunctis
1594 1443 1862 1515 superior
1883 1440 2032 1496 exsi-

389 1540 530 1598 stit?
557 1541 816 1604 Quonam
850 1538 907 1591 id
942 1537 1112 1592 modo
1145 1539 1166 1590 P
1196 1536 1396 1590 Dicam
1441 1533 1546 1588 tibi
1577 1535 1647 1588 de
1693 1530 2035 1586 volucribus

390 1629 546 1685 haud
581 1627 816 1696 quidem
847 1625 905 1678 in
953 1641 1086 1680 aera
1132 1641 1372 1695 corpore
1421 1622 1812 1678 conscendere
1842 1618 2036 1672 homi-

395 1731 529 1772 nem
563 1731 576 1770 :
613 1731 749 1769 nam
782 1729 970 1785 neque
1003 1713 1111 1769 alis
1139 1715 1414 1784 praeditus
1436 1716 1561 1767 est:
1596 1710 1811 1766 mentis
1841 1714 2034 1762 tamen

393 1803 675 1896 potentia,
707 1819 822 1896 una
853 1819 988 1858 cum
1019 1803 1104 1858 eis
1133 1802 1389 1857 volatum
1424 1800 1742 1896 conten-dit.
1773 1795 2040 1896 Nihilest
2069 1833 2114 1896 Β

397 1893 552 1964 quod
584 1890 842 1946 hominis
871 1892 1158 1948 rationem
1193 1891 1576 1960 animumque
1609 1884 2036 1947 detineat.Quaa

397 1984 456 2037 in
489 1980 776 2054 profundo
807 1985 968 2047 sunt,
998 1981 1284 2046 rimatur;
1316 1995 1442 2049 quas
1473 1984 1650 2048 super
1673 1982 1910 2039 terram,
1942 1986 2042 2028 ve-

399 2075 540 2127 natu
573 2069 727 2124 830
758 2068 954 2140 capit;
990 2085 1117 2140 quae
1153 2068 1212 2122 in
1245 2083 1399 2134 aere,
1444 2065 1782 2138 pernicitate
1831 2062 2038 2133 majori

401 2157 730 2225 antevertit,
761 2158 1139 2228 detractaque
1168 2156 1291 2214 solo
1321 2155 1571 2212 devehit.

472 2244 778 2302 M.Vidisti
810 2244 1125 2317 aliquando
1157 2245 1217 2299 in
1249 2260 1482 2300 summo
1515 2241 1740 2298 arboris
1768 2256 1930 2296 ramo
1952 2239 2044 2294 in-

400 2335 688 2391 sidentem
711 2335 1246 2404 volucrem,subtus
1267 2333 1326 2387 in
1357 2339 1513 2388 terra
1530 2335 1832 2387 versantes
1853 2327 2042 2384 homi-

399 2439 502 2480 nes
530 2422 890 2478 deridentem
920 2439 933 2490 ;
967 2428 1034 2478 ut
1073 2439 1198 2494 qua;
1249 2421 1476 2477 alarum
1509 2421 1655 2476 freta
1704 2419 2046 2491 pernicitate

400 2511 518 2568 sit?
547 2511 760 2568 Videas
792 2511 1180 2567 nihilominus
1214 2511 1307 2566 hic
1339 2527 1571 2582 quoque
1604 2510 1754 2565 hanc
1786 2526 1816 2564 a
1867 2523 2044 2580 puero

400 2601 539 2656 ludo
571 2599 720 2671 capi.
752 2599 1019 2656 Calamos
1039 2601 1196 2656 enim
1219 2599 1462 2655 calamis
1493 2599 2049 2669 subjicit,summos-

405 2705 519 2760 que
548 2703 614 2744 eo
646 2690 803 2744 visco
833 2689 1043 2744 illinit:
1075 2705 1140 2743 ac
1171 2693 1296 2743 tum
1331 2705 1432 2759 per
1463 2704 1659 2742 ramos
1690 2703 1755 2742 ac
1787 2685 1924 2741 folia
1967 2686 2048 2740 ita

409 2778 608 2833 furtim
642 2777 901 2849 disponit
930 2793 995 2831 ac
1027 2777 1199 2844 locat,
1233 2782 1298 2832 ut
1325 2778 1548 2832 viscum
1582 2793 1696 2831 non
1746 2780 2048 2846 appareat,

409 2881 741 2938 vagumque
753 2882 819 2921 ac
832 2865 1144 2921 sublimem
1165 2865 1421 2920 volucris
1436 2864 1597 2920 fallat
1613 2865 1904 2920 obtutum.
1917 2863 2047 2918 Levi

415 2959 632 3010 attactu
663 2970 764 3026 per
805 2971 940 3010 aera
993 2954 1284 3009 volantem
1332 2955 1620 3009 aviculam
1671 2953 1890 3008 tenuit:
1924 2968 2051 3022 quaa

417 3059 517 3116 per
547 3041 762 3098 aethera
795 3043 1035 3111 feratur,
1067 3042 1360 3098 volucrem
1392 3043 1549 3098 visco
1580 3041 1856 3097 devinxit.
1906 3045 2049 3096 Nam

412 3132 574 3188 humi
607 3130 1232 3204 quidemjacethomo;
1258 3131 1424 3186 humi
1446 3147 1579 3187 vero
1610 3132 1738 3199 ejus
1760 3140 1817 3186 et
1839 3146 2051 3184 manus

2126 747 2204 796 νῳ
2235 726 2312 797 (τι)
2345 722 2522 797 θηρίῳ
2552 719 2976 796 παρασκευάσας,
3009 718 3083 780 ὡς
3117 717 3192 789 μὴ
3224 718 3517 786 ἀποπνῖξαι
3545 716 3673 770 αὐτὸ
3700 721 3774 788 τῷ

2131 811 2254 884 ἰδίῳ
2311 811 2567 883 ἄσθματι,
2601 808 2747 864 ἀλλὰ
2801 808 2890 862 καὶ
2949 807 3214 873 ἀναπνοὴν
3272 803 3577 879 ἰλευθέριον
3632 804 3775 875 αῦτῷ

2132 899 2281 972 δοὺς,
2313 900 2402 956 καὶ
2459 901 2558 968 τὴν
2608 896 2900 975 ἀσφάλειαν
2955 893 3414 967 διοικησάμενος;
3459 894 3588 962 Τίς;
3653 892 3780 968 οὐχὶ

2133 991 2417 1065 ἄνθρωπος
2439 989 2662 1062 παίγνια
2682 991 2920 1041 ποιεῖται
2935 989 3042 1039 τῶν
3061 984 3266 1059 θηρίων
3284 983 3349 1036 τὰ
3370 980 3741 1057 χαλεπώτατα
3768 1001 3782 1050 ;

2208 1083 2293 1136 13.
2349 1077 2464 1136 Οὐκ
2510 1075 2798 1144 ἀποπαίζει
2854 1078 2960 1128 τῶν
3020 1069 3366 1148 παρδάλεων,
3425 1070 3549 1125 ὅταν
3617 1072 3782 1144 ὑπερ-

2134 1169 2282 1243 τείνῃ
2311 1167 2519 1243 χάρτην
2553 1165 2630 1228 εἷς
2661 1166 2944 1239 ἄνθρωπον
2973 1161 3470 1238 ἐσχηματισμένον*
3496 1160 3586 1214 καὶ
3610 1161 3644 1228 ἡ
3685 1161 3780 1232 μὲν

2135 1258 2227 1312 τὸν
2278 1258 2490 1332 χάρτην
2543 1251 2853 1327 ἐσπάραξεν,
2904 1252 2932 1305 6
2983 1248 3040 1305 δὲ
3084 1246 3368 1325 ἄνθρωπος
3417 1248 3565 1302 κάτω
3607 1247 3790 1320 κείμεο

2138 1367 2229 1408 νος
2259 1348 2356 1409 τῆς
2385 1342 2570 1405 ἀνοίας
2618 1345 2714 1395 τοῦ
2759 1340 2951 1416 θηρίου
2998 1337 3387 1412 κατεγέλασεν;
3428 1336 3505 1393 Οὐ
3565 1356 3786 1410 περιου-

2142 1455 2232 1504 σιᾳ
2267 1437 2367 1488 τοῦ
2399 1431 2667 1506 λογισμοῦ
2697 1430 2909 1483 πάντων
2955 1432 3141 1500 κρατεῖ
3187 1427 3214 1480 6
3265 1424 3552 1499 ἄνθρωπος
3587 1443 3600 1492 ;
3631 1429 3787 1491 πῶς,

2141 1520 2296 1579 Εἴπω
2345 1542 2430 1575 σοι
2484 1520 2603 1592 περὶ
2657 1523 2764 1574 τῶν
2821 1517 3158 1590 πετομένων,
3219 1517 3302 1570 δτι
3361 1513 3459 1568 οὐκ
3515 1508 3787 1567 ἀναϐαίνει

2149 1613 2242 1685 μὲν
2275 1612 2303 1666 ὁ
2335 1609 2616 1683 ἅνθρωπος
2677 1607 2753 1670 εἴς
2807 1606 2900 1662 τὸν
2961 1604 3090 1679 ἀέρα
3134 1605 3366 1676 σώματι·
3401 1604 3465 1657 οὗ
3516 1601 3619 1676 γὰρ
3673 1599 3788 1675 ἔχει

2144 1701 2348 1774 πτερά·
2377 1697 2819 1771 συμπαρίπταται
2879 1691 2936 1748 δὲ
2980 1698 3096 1755 τοῖς
3141 1697 3370 1762 πτηνοῖς
3425 1694 3493 1764 τῇ
3549 1692 3647 1743 τοῦ
3698 1692 3792 1742 νοῦ

2147 1786 2390 1861 δυνάμει.
2424 1783 2593 1844 Οὐδὲν
2627 1785 2846 1858 κατέχει
2877 1781 2969 1837 τὸν
3000 1785 3101 1836 τοῦ
3153 1779 3439 1852 ἀνθρώπου
3489 1775 3759 1851 λογισμόν
3780 1793 3792 1807 ⁸

2147 1879 2213 1933 τά
2265 1878 2317 1932 έν
2373 1877 2519 1951 βυθῷ
2575 1872 2929 1948 διερευνᾶται,
2970 1871 3038 1925 τά
3096 1868 3227 1944 ὖπὶρ
3275 1875 3377 1943 γῆς
3448 1872 3701 1942 θηρᾶται,
3728 1863 3798 1919 τὰ

2151 1967 2202 2022 ἐν
2233 1971 2312 2038 τῷ
2340 1965 2455 2039 ἀέρι
2487 1956 3022 2041 προκαταλαμϐάνει,
3054 1959 3143 2013 καὶ
3175 1957 3252 2019 είς
3281 1963 3383 2033 γῆν
3428 1953 3794 2022 κατασπάσας,

2150 2053 2498 2128 ἀποκομίζει.

2226 2237 2313 2292 14.
2368 2231 2524 2294 Εῖδές
2599 2251 2732 2286 ποτε
2807 2228 2889 2285 ἐπ’
2949 2226 3116 2304 ἄκρου
3171 2222 3378 2281 κλάδου
3434 2222 3796 2296 καθεζόμενον

2153 2320 2337 2398 ὄρνεον
2365 2319 2679 2396 καταγελῶν
2709 2323 2818 2374 τῶν
2839 2317 2986 2372 κάτω
3017 2315 3140 2390 περὶ
3187 2315 3288 2382 τήν
3343 2321 3444 2388 γῆν
3505 2313 3800 2388 στρεφομέ-

2154 2433 2262 2467 νων
2293 2412 2616 2486 ἀνθρώπων,
2649 2409 2702 2464 έν
2731 2412 2810 2480 τῷ
2865 2403 3176 2468 πεποιθέναι
3233 2407 3302 2476 τῇ
3359 2402 3659 2475 κουφότητι
3706 2403 3802 2454 τοῦ

2155 2505 2394 2574 πτεροῦ;
2450 2498 2609 2555 Ἀλλ’
2667 2496 2820 2570 ὅμως
2879 2492 3018 2549 ἔστιν
3088 2495 3254 2547 πάλιν
3327 2491 3596 2552 κάνταῦθα
3667 2486 3801 2542 ἰδεῖν

2156 2571 2324 2643 παῖδα
2352 2585 2781 2662 ἀδολεσχοῦντα,
2811 2582 3093 2655 καλάμους
3122 2578 3395 2651 καλάμοις
3454 2571 3800 2631 ὑποϐάλλον-

2155 2698 2242 2744 τα,
2274 2677 2365 2732 καὶ
2395 2675 2531 2730 κατά
2560 2679 2665 2728 τῶν
2696 2675 2872 2746 ἄκρων
2922 2675 3028 2725 τῶν
3070 2666 3333 2741 καλάμων
3394 2666 3501 2738 ἰξὸν
3560 2684 3802 2739 προσαρ-

2157 2768 2413 2836 τήσαντα’
2448 2764 2560 2817 εἶτα
2590 2760 2963 2822 λανθανόντως
2992 2755 3081 2813 διὸ.
3125 2761 3232 2811 τῶν
3279 2752 3496 2811 κλάδων
3549 2753 3639 2808 καὶ
3695 2756 3801 2806 τῶν

2161 2854 2383 2934 φύλλων
2416 2852 2693 2922 κλέψανσα
2720 2855 2818 2905 τοῦ
2849 2849 2963 2919 ἰξοῦ
3018 2848 3116 2914 τήν
3177 2844 3502 2919 παρουσίαν,
3532 2844 3622 2896 καί
3677 2842 3808 2896 ἀπο-

2167 2932 2627 3019 μιτεωριζόμενον
2677 2939 2740 2994 τὸ
2801 2936 2957 3010 ὄμμα
3011 2939 3110 2989 τοῦ
3171 2932 3373 3010 ὀρνέου.
3407 2935 3589 3005 Μικρᾷ
3631 2949 3807 3019 προσ-

2165 3017 2355 3107 ψαύσει
2416 3029 2680 3106 ἐκράτησε
2725 3027 2788 3082 τὸ
2818 3025 3172 3100 άεροποροῦνο
3203 3023 3266 3077 τὸ
3317 3019 3406 3075 διὰ
3457 3023 3554 3074 τοῦ
3593 3017 3806 3089 αἰθέρος

2165 3105 2461 3199 φερόμενον
2489 3118 2717 3188 πτηνὸν,
2752 3114 2970 3186 δέσμιον
3007 3112 3101 3183 ἰξῷ
3131 3109 3327 3183 ⁴ἤγαγε.
3362 3105 3654 3199 Κάτωᾼμὶν
3700 3105 3804 3199 γάρ

411 3225 465 3275 et
498 3220 713 3292 pedes;
746 3221 874 3290 ejus
906 3220 1199 3276 enimvero
1240 3236 1405 3274 mens
1449 3225 1624 3289 atque
1673 3220 1905 3272 animus
1938 3235 2048 3272 una

2163 3192 2333 3264 κεῖται
2369 3210 2396 3263 ὁ
2428 3211 2735 3278 ἅνθρωπος,
2769 3204 2916 3258 κάτω
2949 3199 3006 3255 δὶ
3034 3200 3124 3254 καὶ
3163 3199 3243 3252 τὼ
3287 3202 3442 3272 χεῖρε
3497 3193 3660 3248 αὐτοῦ
3717 3193 3807 3246 καὶ

409 3324 546 3364 cum
574 3307 909 3363 volucribus
941 3309 997 3362 in
1029 3308 1283 3363 sublime
1315 3309 1598 3378 ascendit,
1627 3324 1694 3362 ac
1725 3323 1842 3378 qua
1876 3305 2054 3377 pollet

409 3397 555 3453 artis
586 3396 1114 3468 industria,pervia
1134 3397 1218 3450 illi
1246 3399 1394 3451 fiunt
1415 3395 1670 3451 coelestia
1701 3400 1756 3450 et
1787 3411 1915 3468 quae
1941 3395 2049 3449 sub

406 3501 584 3542 manu
613 3485 852 3540 veniant
881 3501 946 3539 ac
976 3485 1302 3556 capiantur,
1336 3501 1463 3556 quea
1481 3488 1620 3540 sunt
1649 3483 1760 3540 alis
1791 3483 2048 3554 praedita.

407 3574 558 3629 Tum
576 3573 732 3628 enim
763 3572 910 3628 retia
935 3574 1258 3629 tenduntur
1287 3573 1774 3638 volueribus,tum
1808 3572 2052 3644 sagitta-

405 3661 480 3718 rii
511 3660 776 3718 volantes
807 3667 1225 3734 assequuntur,
1260 3678 1326 3716 ac
1355 3679 1485 3733 quae
1523 3667 1664 3718 sunt
1704 3660 2050 3733 gulosiores,

411 3766 678 3806 escarum
710 3750 982 3806 illecebra
1011 3751 1216 3822 praedae
1248 3751 1484 3806 cedunt.

487 3839 572 3894 15.
604 3843 758 3894 Num
790 3844 847 3894 et
869 3838 1128 3909 aquilam
1161 3855 1465 3911 nunquam
1496 3838 1692 3893 vidisti
1726 3837 2052 3893 vehementi

413 3927 639 4000 impetu
669 3926 1158 3999 praedaaillapaam
1187 3927 1374 4000 plagis
1395 3927 1560 3982 humi
1583 3927 1887 3983 confestim
1911 3927 2056 3981 irre-

415 4017 513 4072 tiri
539 4016 566 4072 Ἰ
597 4023 678 4072 Ac
707 4032 838 4087 quas
867 4017 1058 4072 volatu
1092 4015 1208 4071 alta
1237 4017 1489 4088 petebat,
1517 4015 1772 4072 hominis
1803 4021 1929 4071 astu
1955 4015 2054 4070 ob-

408 4106 567 4177 jecta
595 4121 750 4175 esca,
783 4105 841 4159 in
874 4109 1088 4159 terram
1122 4105 1456 4160 detruditur
1476 4120 1543 4159 ac
1573 4108 1820 4159 tenetus.
1848 4103 2057 4158 Omnia

415 4194 631 4268 quippe
660 4194 766 4249 sub
799 4192 1055 4248 hominis
1070 4194 1246 4248 manu
1271 4210 1304 4248 a
1334 4193 1450 4248 Deo
1474 4193 1664 4264 posita
1689 4192 1920 4246 sunt.Et
1942 4191 2057 4244 im-

414 4283 594 4356 plevit
613 4283 895 4346 orbem,et
925 4281 1220 4336 hominem
1247 4281 1607 4354 principatus
1629 4284 1919 4351 expertem
1945 4297 2058 4334 non

415 4371 570 4426 fecit.
604 4370 685 4424 Ne
715 4369 930 4438 dixeris
961 4387 980 4424 :
1013 4371 1147 4434 Quae
1176 4370 1236 4426 in
1263 4385 1395 4426 aere
1429 4371 1714 4435 feruntur,
1765 4369 2058 4439 quomodo

417 4474 548 4514 mea
575 4459 760 4514 sunt?
788 4457 933 4512 Nam
962 4463 1020 4514 et
1049 4458 1152 4513 illa
1182 4458 1428 4514 rationis
1450 4474 1557 4530 ope
1578 4457 1685 4512 tibi
1707 4458 1973 4528 subjecta
1995 4472 2060 4512 ac

417 4547 666 4602 obnoxia
693 4547 861 4602 ﬁunt.

492 4636 580 4691 16.
614 4635 677 4690 Et
701 4635 1008 4706 reptilibus,
1041 4649 1168 4707 quae
1194 4639 1414 4708 reptant
1441 4650 1606 4706 super
1631 4637 1856 4690 terram.
1888 4635 2066 4690 Vides

423 4725 524 4781 ubi
564 4725 742 4780 situm
770 4725 865 4794 sit,
899 4725 1053 4796 quod
1085 4725 1152 4779 ad
1187 4725 1289 4779 Dei
1310 4725 1628 4795 imaginem
1660 4725 1930 4779 conditus
1959 4725 2068 4780 es?

423 4815 485 4870 In
517 4830 584 4870 eo
606 4814 887 4868 nimirum
920 4814 1073 4885 quod
1102 4813 1427 4885 principatu
1463 4812 1859 4884 polles,inque
1883 4811 2066 4868 animi

422 4907 587 4976 parte
617 4901 979 4975 intelligente
1009 4919 1076 4958 ac
1099 4906 1297 4958 utente
1327 4903 1642 4968 ratione,Et
1666 4902 1796 4973 fecit
1818 4902 1955 4957 Deus
1978 4901 2068 4956 ho-

421 4991 801 5058 minem.Quid
826 4990 1004 5060 igitur
1023 4994 1114 5045 est
1134 4991 1310 5046 homo
1331 4989 1355 5045 ?
1379 4992 1458 5046 Ex
1491 4991 1559 5046 iis
1586 5007 1714 5061 quae
1733 4989 2069 5060 legimus,et

421 5096 491 5136 ex
522 5081 593 5135 iis
625 5097 752 5151 quae
782 5078 1136 5142 audivimus.
1164 5079 1464 5134 hominem
1507 5080 1878 5135 deﬂniemus.
1912 5077 2067 5132 Nihil

419 5169 707 5241 enimjam
723 5185 870 5241 opus
887 5173 977 5224 est
994 5173 1056 5224 ut
1073 5168 1292 5224 alienas
1315 5168 1684 5224 definitiones
1705 5173 2068 5235 mutuemur,

419 5271 606 5327 neque
639 5261 702 5311 ut
730 5258 801 5312 ab
815 5261 1050 5312 externa
1079 5259 1333 5313 vanitate
1358 5256 1614 5329 petitain
1635 5255 1898 5311 veritatis
1913 5254 2068 5324 cogi-

417 5351 605 5402 tatum
640 5362 996 5416 sensumque
1025 5345 1400 5402 inducamus.
1433 5346 1614 5402 Home
1656 5349 1744 5400 est
1773 5359 1920 5414 opus
1943 5341 2067 5402 Dei,

423 5436 648 5492 ratione
670 5435 1082 5508 praeditum,ad
1117 5435 1369 5492 creantis
1390 5434 1712 5506 imaginem
1745 5431 2068 5488 conditum.

2159 3301 2238 3353 τὼ
2293 3295 2457 3352 πόδε⁶
2522 3294 2645 3350 ἀλλ’
2691 3296 2726 3361 ἡ
2783 3288 2995 3345 διάνοια
3050 3287 3246 3342 τούτου
3305 3278 3676 3340 συναναϐαίνιι
3731 3280 3808 3341 εἷς

2162 3386 2296 3460 ὕψος
2322 3389 2439 3447 τοῖς
2470 3387 2717 3454 πτηνοῖς,
2748 3379 2837 3434 καὶ
2870 3377 2959 3432 διὰ
2985 3382 3086 3445 τῆς
3129 3374 3332 3449 τέχνης
3389 3371 3576 3450 ἐφικτὰ
3630 3368 3809 3441 τούτῳ

2162 3458 2365 3552 γίνεται
2411 3474 2479 3529 τὰ
2525 3471 2764 3546 οὐράνια,
2805 3468 2894 3522 καὶ
2937 3465 3002 3520 τὰ
3043 3464 3313 3538 πτερωτὰ,
3363 3459 3574 3518 ἁλωτά.
3615 3458 3810 3513 Δίκτυά

2159 3551 2218 3621 τε
2245 3563 2583 3640 γὰρτίσταται
2629 3565 2746 3622 τοῖς
2791 3561 3040 3627 πτηνοῖς,
3071 3553 3161 3610 καὶ
3212 3551 3426 3622 τοξόται
3481 3554 3588 3605 τῶν
3648 3567 3808 3602 πετο-

2167 3636 2339 3729 μένων
2387 3649 2905 3726 καταστοχάζονται,
2962 3645 3054 3699 καὶ
3111 3640 3434 3714 δελεάσμασι
3499 3636 3803 3713 βρωμάτων

2164 3748 2436 3819 θηρῶνται
2463 3741 2530 3796 τά
2558 3735 2987 3812 λαιμαργότιρα.

2235 3812 2323 3888 i5.
2357 3829 2472 3887 Οὐκ
2525 3824 2659 3888 εἶδές
2715 3844 2848 3881 ποτε
2902 3822 2994 3877 καὶ
3043 3821 3195 3875 ἀετὸν
3241 3812 3464 3893 λάϐρως
3499 3815 3591 3888 μὲν
3648 3815 3810 3887 ἐμπε-

2166 3916 2327 3975 σόντα
2353 3923 2431 3991 τῷ
2460 3916 2755 3992 θηράματι,
2784 3912 2956 3987 τάχος
2989 3908 3046 3966 δὲ
3075 3907 3438 3982 περιπαρέντα
3491 3909 3612 3965 ταῖς
3661 3902 3808 3957 κάτω

2164 4011 2400 4085 πάγαις;
2435 3991 2622 4068 Οὕτως
2648 4005 2710 4058 τὸ
2745 4000 2951 4076 ὑψηλὸν
2993 4001 3141 4054 κάτω
3187 4000 3390 4073 γίνεται
3441 3998 3557 4054 τοῖς
3607 3991 3810 4065 ἀνθρω-

2165 4079 2342 4159 πίνοις
2376 4093 2731 4166 δελεάσμασιν
2763 4087 3145 4152 καθελκυσθέν.
3178 4086 3356 4141 Πάντα
3398 4084 3500 4157 γὰρ
3555 4080 3656 4135 ὑπὸ
3710 4079 3810 4166 τὴν

2167 4191 2328 4262 χεῖρα
2374 4181 2543 4258 ἤγαγε
2578 4165 2694 4236 τοῦ
2749 4178 3036 4253 ἀνθρώπου
3070 4193 3084 4208 ο
3134 4174 3222 4228 καὶ
3278 4172 3378 4262 τήν
3426 4169 3598 4262 κτίσιν
3647 4165 3813 4262 tals-4-

2170 4255 2331 4351 pinos,
2361 4255 2449 4327 καὶ
2478 4255 2571 4327 τὸν
2602 4268 2886 4344 ἄνθρωπον
2919 4264 3149 4341 ἄμοιρον
3195 4265 3295 4326 τῆς
3349 4257 3659 4317 δεσποτείας
3714 4255 3814 4308 οὐκ

2170 4346 2410 4433 έποίησε.
2456 4360 2552 4428 Μὴ
2594 4357 2801 4419 εἷ’ποις·
2834 4357 2914 4413 Τὰ
2959 4355 3011 4409 ἐν
3056 4357 3134 4423 τῷ
3172 4349 3286 4426 ἀέρι
3346 4347 3637 4422 φερόμενα,
3693 4346 3811 4402 πῶς

2170 4454 2292 4527 ἐμοὶ
2346 4450 2623 4528 διαφέρεις
2673 4447 2786 4503 ἐπεὶ
2843 4445 3061 4501 κάκεῖνα
3119 4439 3209 4496 διὰ
3257 4442 3354 4494 τοῦ
3413 4435 3682 4513 λογισμοῦ
3726 4450 3808 4483 σοι

2091 4556 2137 4620 D
2175 4541 2469 4617 ὑποχείρια
2496 4537 2720 4614 γίνεται.

2247 4608 2334 4688 16.
2381 4608 2651 4686 Καὶ-τῶν
2730 4625 2965 4700 ἑρπετῶν
3050 4623 3154 4674 τῶν
3239 4615 3513 4689 ἑρπόντων
3568 4608 3655 4666 ἐπὶ
3711 4613 3812 4676 τῆς

2172 4727 2293 4796 γῆς.
2353 4720 2512 4794 Ὁρᾷς
2596 4719 2702 4770 ποῦ
2778 4710 2923 4787 ἔχεις
2977 4708 3206 4796 ’τὸ-κατ’
3261 4703 3442 4796 είκόνια
3495 4700 3814 4796 γεγενῆσθαι

2174 4785 2346 4876 ὀέοῦ;
2379 4785 2514 4861 κατὰ
2542 4804 2604 4858 τὸ
2632 4785 2858 4878 ἀρχικὸν
2919 4793 3158 4867 δηλαδὴ,
3213 4789 3302 4847 καὶ
3357 4789 3422 4844 τὸ
3477 4794 3577 4857 τῆς
3610 4785 3821 4878 ,ψυχῆς

2176 4895 2362 4972 νοερόν
2418 4915 2476 4948 τε
2533 4891 2622 4947 καὶ
2670 4875 2924 4963 λογικόν,
2981 4885 3077 4972 Καὶ
3137 4881 3403 4972 ἐποίησεν,
3449 4879 3494 4972 6~
3534 4876 3668 4972 Θεὸς
3726 4875 3819 4928 τὸν
3894 4959 3896 4962 ν

2177 4964 2483 5059 ἄνθ’ρωπον.
2533 4981 2596 5036 Τί
2657 4975 2747 5032 οὖν
2803 4975 2943 5030 ἐστιν
2999 4969 3300 5059 ἅνθρωπος,
3339 4967 3410 5059 te
3459 4967 3537 5059 ὧν
3585 4964 3818 5059 avt-vva,-

2183 5051 2295 5147 μεν,
2327 5070 2416 5126 καὶ
2474 5069 2524 5141 ἐξ
2585 5069 2658 5121 ὧν
2707 5063 3039 5133 ἠκούσαμεν,
3101 5057 3415 5147 ὁρισόμεθα.
3468 5053 3662 5147 Οῦκέτι
3719 5051 3815 5147 γάρ

2177 5140 2337 5238 χρεία
2368 5140 2692 5225 δανείζεσθαι
2722 5153 2882 5226 ὅρους
2928 5146 3272 5238 ἀλλοτρίους,
3306 5141 3431 5200 οὐδὲ
3487 5140 3671 5238 τᾶηέιινΣ
3715 5143 3815 5238 τῆς

2183 5227 2548 5324 ματαιότητος
2598 5242 2901 5316 ἐπεισάγειν
2951 5242 3032 5310 τῷ
3082 5235 3335 5324 λογισμῷ
3379 5239 3486 5324 ,τῆς
3536 5227 3813 5324 ἀληθείας.

2179 5315 2496 5409 ιΑνθρωπός
2555 5333 2694 5388 ἐστιν
2753 5315 2969 5402 ποίημα
3025 5329 3159 5383 Θεοῦ
3209 5323 3454 5398 λογικὸν,
3491 5318 3605 5409 κατ’
3638 5315 3820 5409 εἰκόνα

2180 5425 2472 5501 γενόμενον
2532 5425 2629 5478 τοῦ
2696 5418 2977 5479 κτίσαντος
3043 5413 3226 5473 αὐτόν,
3281 5411 3349 5468 Ei
3403 5429 3455 5464 τι
3508 5404 3683 5462 λείπει
3737 5404 3818 5472 τῷ

500 5599 583 5675 (α),
605 5598 816 5675 verba,
853 5603 937 5675 τῷ
953 5595 1394 5675 ᾗέγκεκλεισμένῳ
1425 5612 1613 5675 usque
1643 5595 1714 5652 ad
1743 5590 1834 5675 καὶ
1865 5590 2048 5648 dvorum

2173 5590 2235 5650 in
2259 5590 2515 5649 editione
2545 5585 2811 5648 Garnerii
2839 5583 2912 5643 ob
2943 5577 3433 5642 hommoteleuton
3475 5569 3716 5637 omissa,
3749 5581 3821 5624 ex

425 5668 758 5729 Combeﬁsii
786 5668 1296 5729 Basilio'recemilo
1325 5668 1716 5727 restituimus.
1747 5671 1904 5723 Eorr.
