4108 6214
273 346 351 404 25
1301 343 1403 403 DE
1445 341 1773 403 HOMINIS
1819 340 1953 402 8TB

2067 341 2291 404 LTURA
2336 343 2630 404 ORATIO
2676 345 2726 404 Ι.
3641 347 3720 407 26

274 469 432 545 λόγῳ
464 469 677 542 τούτῳ,
712 470 767 524 οἱ
795 468 983 525 πολλὰ
1027 470 1546 544 προσαναλώσαντες
1578 475 1647 544 τῇ
1681 468 1949 543 ἀναλήψει

2067 473 2118 527 Si
2152 472 2289 544 quid
2324 472 2385 527 in
2419 474 2526 529 hac
2559 475 2901 530 definitione
2934 477 3103 543 desit,
3142 478 3517 533 considerent
3540 456 3751 549 ii,quii

276 567 379 630 τῆς
442 556 823 633 φθειρομένης
881 558 1069 636 σοφίας
1129 559 1599 632 ἐπισκεψάτωσαν.
1655 560 1843 631 Ἡμεῖς
1903 555 1960 610 δὲ

281 652 384 703 τοῦ
429 642 624 721 πρόσω
683 645 970 722 ἐχώμεθα.
1023 647 1148 702 Κατ’
1206 645 1389 702 εἶχόνα
1418 652 1551 704 Θεοῦ
1584 647 1801 724 γέγονεν
1867 643 1961 700 ἄν-

297 741 548 812 θρωπος.

384 830 476 883 17.
528 824 625 881 Καὶ
678 822 978 901 εὐλόγησεν
1052 826 1107 889 δν
1156 825 1287 890 Θεὸς
1356 826 1447 881 τὸν
1505 823 1811 901 ἄνθρωπον,
1868 824 1955 879 καὶ

318 916 483 971 εἶπεν
558 912 856 984 Δῦξάνεσθε
937 911 1027 968 καὶ
1112 912 1484 985 πληθύνεσθε,
1559 916 1647 969 καὶ
1728 914 1958 989 πληρώ-

325 1024 444 1059 σατε
465 1004 555 1071 τὴν
615 1010 746 1076 γῆν.
805 1001 956 1073 Αὕτη
1014 1004 1101 1058 καὶ
1163 1005 1196 1073 ἡ
1231 1003 1442 1080 ἱχθύων
1478 1001 1721 1078 εὐλογία.
1754 1002 1856 1060 Καὶ
1887 1002 1960 1057 εῖ-

326 1114 415 1148 ata
457 1093 482 1146 ὁ
536 1091 714 1153 Θεός.
776 1092 1114 1167 Ἐξαγαγέτω
1171 1091 1241 1147 τὰ
1297 1089 1464 1148 ὕδατα
1515 1091 1712 1169 ἑρπετὰ
1766 1094 1960 1167 ψυχῶν

326 1186 485 1249 {aisz
516 1224 533 1249 ,
595 1180 689 1234 καὶ
750 1179 961 1257 ἰγίνετο
1020 1179 1191 1242 οὕτως
1227 1225 1238 1237 .
1301 1182 1433 1237 Εἶτα
1466 1198 1480 1214 ⁸
1561 1181 1657 1236 Καὶ
1731 1180 1873 1236 εἶπεν
1933 1181 1961 1235 ὁ

319 1269 445 1333 Θεός³
530 1269 841 1338 Αὖξάνεσθε
932 1268 1022 1324 καὶ
1108 1267 1468 1341 πληθύνεσθε,
1553 1271 1642 1325 καὶ
1727 1267 1962 1344 πληρώ-

314 1378 416 1412 σατε
468 1357 542 1411 τὰ
605 1354 792 1414 ὕδατα.
854 1358 914 1411 Τί
974 1358 1067 1412 οὗν
1127 1359 1422 1433 περισσόν;
1487 1358 1819 1434 Ἀναγκαίως
1870 1357 1961 1413 καὶ

306 1446 364 1499 τὰ
391 1444 558 1500 κοινᾶ
594 1466 680 1500 σοι
727 1450 895 1501 ταῦτα
953 1445 1265 1521 ἐχαρίσατο,
1313 1448 1403 1502 καὶ
1433 1447 1500 1502 τὰ
1541 1445 1654 1502 ἴδιά
1685 1468 1742 1502 σε
1767 1446 1962 1519 ἀναμέ-

303 1554 402 1590 νει.
465 1532 687 1608 Λύξάνῃ
736 1534 837 1610 γὰρ
897 1533 971 1596 ὡς
1018 1534 1107 1590 καὶ
1150 1536 1218 1590 τὰ
1249 1534 1419 1591 λοιπᾶ
1451 1540 1581 1605 ζῶα.
1623 1536 1729 1591 ἀπὸ
1764 1539 1961 1611 μιγροῦ

295 1625 391 1676 τοῦ
421 1624 655 1696 πρώτου
700 1628 819 1684 ταῖς
867 1624 986 1678 κατ’
1012 1622 1197 1699 ὀλίγον
1252 1626 1586 1699 προσθήκαις
1617 1623 1704 1680 ἐπὶ
1733 1623 1962 1680 τελείω-

301 1733 381 1769 σιν
436 1709 603 1787 ἔρχῃ.
655 1710 814 1769 Οῧτω
844 1711 934 1767 καὶ
961 1710 1126 1767 ἵπποι
1172 1713 1262 1768 καὶ
1320 1712 1491 1782 κύνες,
1546 1712 1688 1769 οὕτω
1733 1715 1822 1768 καὶ
1871 1714 1958 1768 ἀε-

295 1800 382 1854 τοέ
429 1800 522 1855 καὶ
570 1812 783 1868 κύκνοι,
838 1800 929 1855 καὶ
986 1802 1159 1857 πάντα
1212 1804 1345 1876 ἅπερ
1407 1805 1481 1874 (η)
1513 1800 1571 1857 ἂν
1635 1800 1829 1873 εἷ’ποις,
1864 1800 1953 1858 διὰ
1993 1833 2037 1897 Β

304 1893 504 1962 μικρᾶς
530 1896 634 1959 τῆς
667 1890 893 1964 πρώτης
922 1893 1167 1962 κυήσεως
1196 1895 1265 1965 τῇ
1312 1893 1429 1946 κατ’
1458 1891 1645 1967 ὀλίγον
1672 1895 1958 1966 προσθήκῃ

297 1976 362 2033 τὰ
392 1978 611 2034 τέλειον
668 1982 769 2043 τῆς
827 1978 1101 2049 αὐξήσεως
1150 1975 1519 2049 ἀπολαϐόντα,
1552 1980 1716 2036 πάλιν
1745 1979 1834 2035 διὰ
1860 1988 1963 2050 τῆς

306 2068 591 2139 μειώσεως
658 2068 767 2142 πρὸ
845 2067 910 2122 τὸ
980 2067 1205 2124 ’ἔλαττον
1260 2069 1608 2147 ὑποστρέφει.
1669 2071 1736 2127 Ἀ
1784 2069 1957 2124 τοίνυν

299 2157 458 2210 κοινά
513 2161 619 2225 τῆς
678 2155 889 2217 φύσεως
937 2156 1027 2225 ἦν,
1085 2158 1176 2212 καὶ
1228 2160 1366 2230 ἡμῖν
1417 2156 1751 2233 ἐδωρήσατο.
1784 2158 1959 2230 Λύξά-

298 2246 467 2299 νεσθε·
527 2245 798 2313 τουτέστι,
858 2244 1134 2321 τρέψεσθε·
1194 2247 1381 2323 μικροὶ
1420 2246 1753 2323 γεννώμενοι
1789 2248 1957 2323 μεγά-

308 2333 392 2388 λοι
419 2332 651 2409 γίνεσθε,
711 2334 801 2388 καὶ
859 2334 1026 2410 πέρας
1082 2330 1218 2390 ἔστω
1274 2343 1374 2401 τῆς
1424 2335 1716 2407 αὐξήσεως.
1751 2337 1822 2391 Οὐ
1853 2337 1955 2412 γὰρ

304 2419 486 2490 ἐπειδή
548 2422 603 2477 ἐν
656 2426 727 2496 τῇ
786 2422 978 2498 πρώτῃ
1034 2423 1285 2496 έπταετίᾳ
1339 2426 1664 2502 τρεφόμεθα,
1696 2425 1784 2480 καὶ
1818 2425 1958 2497 λαμ-

307 2504 627 2584 ϐάνει-ἡμᾶς
675 2509 1071 2584 μεθηλικίωσις
1121 2512 1209 2566 ἐπὶ
1238 2514 1336 2582 τήν
1379 2510 1629 2589 δευτέραν
1679 2508 1956 2587 ἑϐδομάδα

307 2604 409 2654 τῶν
436 2597 595 2670 han,
627 2597 738 2669 ἤδη
792 2599 1083 2678 ὀφείλομεν
1134 2601 1340 2673 ὁμοίως
1370 2601 1421 2657 ὲν
1453 2602 1613 2657 παντὶ
1646 2601 1795 2679 μέρει
1852 2610 1953 2673 τῆς

314 2694 454 2756 ζωῆς
482 2694 583 2757 τῆς
610 2688 885 2762 ἡμετέρας
939 2690 1058 2752 καθ’
1110 2685 1418 2763 ὶϐδομάδας
1477 2688 1950 2763 μεθηλικιοῦσθαι.

391 2777 473 2831 18.
500 2778 563 2833 Ἣ
591 2777 781 2852 πρώτη
817 2772 1057 2851 ἑϐδομὰς
1095 2780 1192 2848 τὴν
1247 2776 1504 2848 παιδικήν
1559 2776 1780 2849 ἠλικίαν
1813 2776 1950 2857 ἔχει.

325 2868 515 2938 Ὅρους
543 2868 635 2935 τῆς
668 2863 931 2935 παιδικῆς
967 2864 1186 2937 ἡλικίας
1244 2873 1466 2946 φανεροῖ
1510 2871 1545 2938 ἡ
1575 2874 1682 2924 τῶν
1719 2868 1954 2925 ὀδόντων

321 2951 545 3026 ἔκϐολήο
577 2959 624 3011 οἱ
668 2958 761 3030 μὶν
814 2954 1030 3026 ἔπεσον,
1092 2959 1144 3014 οἱ
1198 2956 1255 3014 δὲ
1310 2960 1633 3039 ἀνεφῦησαν.
1693 2957 1949 3039 Δευτέραν

309 3041 464 3101 ἔλαϐε
510 3046 693 3123 ἀρχὴν
753 3048 977 3119 αὗξησις
1030 3046 1132 3112 ἕως
1185 3048 1378 3113 τέλους
1433 3058 1532 3121 τῆς
1573 3072 1950 3128 τεσσαρεσκαι-

305 3132 553 3206 δεκάτης.
585 3137 648 3191 Ἡ
678 3133 900 3212 δευτέρα
930 3135 1149 3207 λοιπὸν,
1182 3141 1217 3208 ἡ
1273 3144 1382 3195 τῶν
1441 3137 1670 3196 παίδων⁸
1730 3147 1946 3219 πρῶτον

315 3224 404 3295 μὲν
432 3226 531 3299 γὰρ
564 3221 801 3293 παιδίον,
860 3226 969 3280 εἶτα
998 3232 1146 3295 παῖς,
1180 3228 1290 3283 εἶτα
1346 3222 1550 3304 ἔφηϐος
1610 3230 1715 3285 ἀπὸ
1756 3251 1947 3286 τεσσα-

307 3309 776 3384 ρεσκαιδεκαετοῦς
967 3312 1192 3370 ἐνταῦθα
1222 3317 1274 3371 οἱ
1306 3315 1425 3393 ὅροι
1454 3319 1553 3387 τῆς
1579 3318 1766 3394 τρίτης
1795 3319 1954 3390 αὐξή-

306 3421 432 3463 σεως
464 3447 479 3459 .
548 3403 684 3456 Εἶτα
731 3401 911 3478 ἀνήρ.
976 3404 1265 3474 Αὺξάνεσθε
1314 3406 1404 3461 οὗν
1441 3451 1453 3463 .
1512 3407 1629 3464 Οὐκ
1687 3407 1773 3462 ἐὰν
1825 3406 1953 3484 γένῃ

310 3489 482 3545 ἒχατὸν
521 3488 665 3544 ἑνῶν
697 3490 802 3545 ἀπὸ
830 3491 1055 3566 πρώτου
1088 3493 1253 3569 μέχρι
1313 3498 1408 3549 τοῦ
1466 3495 1752 3551 ὲκατοστοῦ
1795 3492 1954 3567 αὔξη-

304 3597 375 3629 σιν
433 3574 697 3653 ἑπιδέχῃ·
757 3577 905 3635 ἀλλὰ
954 3584 1115 3636 τοῦτο
1169 3582 1253 3649 τὸ,
1311 3581 1629 3653 Αὖξάνεσθε,
1688 3582 1742 3640 ἔν
1802 3584 1955 3662 ῥῆμα

298 3671 471 3743 σοφῶς
509 3666 737 3742 λεχθὲν,
794 3674 1176 3744 προνοητικῶς
1232 3670 1625 3744 οἰκονομεῖται·
1670 3672 1953 3744 αὐξάνεσθε

298 3756 461 3830 μέχρι
504 3756 687 3818 τινός.
726 3758 873 3813 Κατὰ
916 3759 1018 3827 τήν
1049 3760 1270 3832 πρώτην
1329 3760 1576 3816 σύστασιν
1633 3763 1731 3831 τήν
1786 3783 1950 3818 κατα-

295 3837 601 3913 ϐληθεῖσαν
629 3841 685 3898 έν
712 3847 780 3919 τῇ
815 3847 1020 3921 μήτρᾳ,
1079 3843 1493 3919 κατεϐλήθησαν
1563 3851 1650 3905 καὶ
1707 3851 1758 3906 οἱ
1792 3845 1949 3926 λόγοι

290 3938 386 4001 τῆς
433 3933 744 4003 αὐξήσεως·
807 3933 934 3990 ἀλλ’
992 3934 1054 3989 οὗ
1082 3936 1145 3991 τὸ
1197 3937 1332 4010 μετᾶ
1362 3942 1529 3993 ταῦτα
1574 3939 1835 4017 νεώτερον
1888 3940 1952 3995 τὸ

286 4026 384 4089 τῆς
433 4019 673 4090 ἡλικίας
721 4022 970 4097 χάρισμα
1029 4024 1352 4099 ἓπιγίνεται,
1410 4025 1538 4083 ἀλλ’
1584 4029 1638 4082 αἱ
1700 4033 1951 4105 μητρῷαι

290 4105 607 4164 καταϐολαὶ
666 4106 1259 4186 συγκαταϐεϐλημένας
1311 4112 1500 4191 ἔχουσι
1556 4115 1650 4179 τὰς
1705 4118 1952 4193 πρὸςκτὸ

288 4196 613 4269 αὐξάνεσθαι
708 4196 1179 4272 ἓπιτηδειότητας.
1266 4209 1497 4259 Ἔπεσον
1558 4206 1609 4260 οἱ
1695 4202 1949 4275 ὁδόντες;

286 4282 551 4361 ἔγνωμεν
584 4288 669 4341 ὅτι
730 4289 945 4360 ηὐξήθη
970 4291 1129 4346 τόσον
1163 4290 1380 4368 μέτρον·
1410 4294 1617 4368 τριετὲς
1645 4294 1707 4348 τὸ
1735 4292 1949 4350 παιδίον

288 4371 597 4451 ἐμέτρησεν
656 4376 684 4430 ὁ
730 4378 931 4451 πατήρ·
988 4375 1126 4434 οἶδεν
1158 4377 1240 4434 ὅτι
1298 4380 1360 4435 τὸ
1420 4378 1706 4437 διπλάσιον
1755 4383 1952 4438 τούτου

293 4462 532 4538 μέγεθος
567 4461 912 4539 ἀπολήψεται
966 4465 1021 4523 έν
1062 4471 1131 4542 τῇ
1179 4467 1479 4528 τελειώσει.
1535 4472 1700 4535 Ὄσος
1745 4473 1849 4549 γὰρ
1897 4473 1950 4528 ιν

2070 560 2321 615 multum
2354 561 2412 616 in
2448 563 2663 618 studiis
2697 564 2998 636 sapientia:
3024 566 3256 620 caducae
3298 582 3484 637 opera:
3514 584 3721 637 posue-

2071 653 2209 704 runt
2241 666 2253 703 :
2290 667 2395 705 nos
2436 668 2570 707 vero
2604 653 2855 708 ulterius
2895 654 3361 725 progrediamur.
3397 654 3481 709 Ad
3516 653 3724 726 imagi-

2071 754 2202 793 nem
2238 738 2335 791 Dei
2374 740 2565 794 factus
2596 745 2684 796 est
2715 740 2910 797 homo.

2143 827 2227 880 17.
2262 828 2327 882 Et
2360 829 2641 884 benedixit
2675 831 2812 886 Deus
2844 833 3115 888 hominem
3130 848 3151 892 ,·
3177 840 3231 888 ct
3255 833 3378 887 ait:
3404 830 3645 887 Crescite
3672 835 3725 887 et

2071 916 2548 987 multiplicamini,
2580 922 2635 972 et
2664 920 2868 989 replete
2896 925 3106 975 terram
3126 921 3164 974 θ.
3200 920 3330 976 Haec
3369 925 3427 975 et
3469 919 3724 991 piscium

2071 1004 2396 1061 benedictio
2427 1011 2534 1061 est.
2561 1009 2623 1063 Et
2649 1007 2793 1062 dixit
2826 1010 2967 1064 Deus
2988 1028 3006 1064 :
3034 1009 3349 1065 Producant
3378 1024 3532 1081 aquae
3562 1008 3727 1080 νερίί-

2074 1094 2151 1149 lia
2190 1096 2507 1150 animarum
2550 1098 2850 1151 viventium
2884 1118 2902 1151 .-
2932 1102 2983 1152 et
3011 1100 3219 1167 factum
3267 1104 3347 1153 est
3397 1098 3502 1152 ita.
3537 1101 3604 1153 Bt
3651 1095 3735 1151 att

2070 1184 2216 1238 Deus
2236 1201 2255 1238 :
2288 1184 2521 1240 Crescite
2552 1193 2603 1240 et
2632 1186 3109 1258 multiplicamini,
3141 1195 3194 1241 et
3224 1185 3429 1257 replete
3458 1201 3633 1257 aqua:
3659 1185 3725 1239 1°.

2071 1273 2215 1337 Quid
2251 1272 2434 1344 igitur
2464 1272 2688 1327 homini
2722 1273 2977 1345 amplius
2998 1274 3026 1328 ?
3054 1274 3394 1330 Necessario
3425 1274 3548 1329 haec
3574 1289 3724 1345 quos

2072 1377 2184 1432 que
2206 1361 2547 1417 communia
2567 1361 2671 1414 tibi
2706 1362 2942 1429 tribuit;
2976 1368 3149 1427 teque
3171 1366 3412 1417 manent
3432 1378 3559 1433 qua
3582 1368 3723 1417 sunt

2072 1450 2326 1522 propria.
2362 1450 2588 1505 Crescis
2632 1451 2788 1504 enim
2843 1458 2900 1504 ut
2952 1454 3009 1505 et
3059 1450 3285 1520 reliqua
3332 1448 3635 1515 animalia,
3667 1454 3726 1506 et

2072 1536 2351 1609 paulatim
2387 1554 2489 1608 per
2520 1538 2883 1593 incrementa
2913 1556 2979 1593 ex
3029 1555 3205 1609 parva
3234 1539 3303 1593 ad
3333 1540 3559 1608 justam
3591 1555 3723 1611 per-

2072 1627 2398 1699 fectamque
2432 1628 2895 1698 magnitudinem
2929 1629 3217 1699 pervenis.
3252 1627 3345 1682 Sic
3395 1633 3453 1682 et
3499 1627 3635 1698 equi
3666 1632 3725 1682 et

2070 1732 2274 1781 canes;
2308 1716 2393 1770 sic
2425 1721 2483 1770 et
2530 1715 2738 1787 aquila
2770 1721 2827 1771 et
2856 1715 3041 1788 cycni,
3075 1720 3132 1770 et
3163 1732 3529 1788 quaecunque
3561 1716 3722 1771 dixe-

2071 1806 2151 1859 ris
2174 1805 2397 1876 reliqna
2418 1803 2715 1873 animalia,
2741 1822 2773 1859 a
2798 1806 2985 1876 primo
3010 1804 3212 1871 exiguo
3238 1808 3406 1876 partu
3438 1803 3718 1876 paulatim

2072 1910 2173 1966 per
2202 1893 2475 1949 assiduas
2505 1894 2867 1949 accessiones
2898 1894 2968 1948 ad
3002 1892 3342 1948 absolutum
3377 1892 3724 1965 perveniunt

2072 1987 2483 2054 augmentum;
2506 1998 2859 2052 rursumque
2879 1980 3160 2053 paulatim
3181 1981 3396 2036 minori
3422 1981 3573 2038 mole
3590 1998 3726 2037 con-

2068 2071 2557 2137 trahuntur.0uaa
2588 2071 2768 2142 igitur
2799 2075 3020 2125 natura:
3051 2072 3390 2125 communia
3412 2076 3574 2140 sunt,
3600 2070 3721 2125 base

2070 2165 2126 2215 et
2157 2161 2324 2216 nobis
2354 2161 2635 2233 elargitus
2666 2164 2773 2214 est.
2798 2161 3035 2215 Crescite
3061 2177 3083 2214 .·
3114 2158 3169 2214 id
3203 2163 3312 2225 est,
3341 2158 3716 2224 enutrimini;

2068 2254 2126 2306 et
2154 2266 2287 2305 cum
2335 2249 2494 2322 parvi
2545 2248 3078 2318 nascamini,justa
3126 2252 3355 2304 statura
3404 2248 3718 2319 magnique

2068 2339 2319 2408 evadite;
2354 2343 2530 2410 atque
2558 2338 2860 2410 augmenti
2890 2338 2967 2392 sit
3001 2338 3308 2392 terminus.
3332 2336 3531 2408 Neque
3557 2338 3712 2391 enim

2067 2427 2339 2500 quoniam
2376 2427 2565 2499 primo
2588 2426 2893 2499 septennio
2915 2428 3061 2483 33]
3093 2426 3175 2481 ita
3197 2426 3514 2492 nutrimur,
3540 2430 3716 2496 atque

2064 2518 2369 2584 vertimur,
2406 2521 2467 2571 ut
2498 2515 2680 2571 altero
2713 2516 3018 2587 septennio
3050 2516 3109 2571 in
3141 2515 3317 2570 aliam
3348 2518 3576 2571 aetatem
3608 2516 3719 2569 im-

2065 2603 2367 2662 mutamur
2398 2622 2412 2661 :
2441 2605 2525 2660 sic
2556 2605 2613 2659 in
2647 2604 2805 2660 omni
2839 2605 2956 2660 vita
2986 2622 3088 2677 per
3113 2604 3419 2677 septennia
3450 2604 3520 2658 de
3549 2609 3716 2659 aetate

2064 2697 2123 2752 in
2156 2700 2381 2752 etatem
2421 2693 2770 2750 commutari
2801 2694 3100 2749 debemus.

2138 2786 2220 2840 18.
2247 2784 2503 2841 Primum
2532 2782 2903 2856 septennium
2930 2782 3257 2837 infantilem
3283 2785 3511 2836 :etatcm
3536 2780 3716 2835 conti-

2063 2879 2162 2930 net
2216 2872 2509 2928 Infantilis
2542 2872 2686 2927 lines
2716 2872 2900 2927 astatis
2932 2871 3267 2925 manifestat
3299 2870 3560 2924 dentium
3594 2867 3710 2938 eje-

2062 2963 2204 3030 ctio;
2236 2979 2365 3017 cum
2396 2962 2453 3016 in
2489 2962 2683 3016 locum
2714 2977 2913 3016 eorum
2940 2959 3038 3031 qui
3070 2960 3426 3022 ceciderunt,
3453 2956 3548 3010 alii
3582 2955 3705 3010 fue-

2060 3052 2179 3108 rint
2206 3051 2382 3108 enati.
2407 3049 2665 3105 Alterum
2702 3065 2907 3103 rursus
2928 3052 3309 3119 augmentum
3333 3044 3513 3100 sumit
3541 3042 3706 3116 prin-

2060 3141 2301 3213 cipium,
2346 3140 2414 3194 ad
2472 3139 2643 3193 ﬁnem
2691 3153 2874 3208 usque
2922 3136 3055 3190 anni
3109 3132 3540 3206 quartidecimi.
3575 3136 3705 3188 Haec

2063 3230 2243 3286 altera
2269 3231 2395 3301 jam
2426 3233 2586 3292 istas,
2610 3244 2735 3299 quas
2766 3229 2855 3281 est
2882 3241 3218 3298 puerorum.
3253 3223 3517 3277 Primum
3549 3221 3705 3277 enim

2061 3320 2257 3375 infans
2279 3325 2397 3387 est;
2422 3322 2545 3373 tum
2571 3333 2736 3388 puer,
2758 3315 2962 3369 exinde
2988 3314 3191 3386 pubes,
3208 3312 3280 3367 ab
3304 3329 3456 3367 anno
3475 3313 3709 3383 quarte-

2062 3408 2307 3473 decimo.
2343 3408 2445 3463 Hic
2482 3405 2639 3461 tertii
2692 3404 2991 3477 augmenti
3024 3402 3161 3457 finis
3193 3418 3205 3456 ε
3242 3418 3308 3457 ac
3357 3400 3568 3456 deinde
3598 3399 3704 3455 vir.

2065 3497 2296 3553 Crescite
2324 3513 2479 3569 ergo.
2512 3499 2635 3551 Non
2693 3494 2741 3550 si
2792 3498 3025 3548 centum
3073 3508 3361 3547 annorum
3411 3488 3645 3554 vixeris,
3677 3506 3710 3543 a

2063 3588 2252 3659 primo
2283 3586 2353 3641 ad
2399 3584 2785 3640 centesimum
2819 3597 3006 3652 usque
3046 3597 3287 3648 annum,
3321 3582 3704 3652 augmentum

2062 3674 2393 3747 susceperis
2421 3691 2433 3728 :
2461 3674 2561 3728 sed
2591 3689 2708 3727 una
2729 3671 2829 3726 illa
2847 3688 2973 3737 vox,
3001 3669 3254 3736 Crescite,
3281 3667 3531 3741 sapienti
3556 3667 3711 3723 dicta

2062 3763 2330 3831 consilio,
2354 3780 2445 3819 res
2476 3760 2837 3834 providentia
2860 3756 3134 3830 disponit.
3163 3757 3244 3812 Ad
3270 3761 3497 3812 certum
3522 3770 3709 3827 usque

2064 3852 2379 3909 terminum
2402 3851 2662 3907 crescite.
2681 3854 2788 3905 Pro
2811 3848 3035 3904 ratione
3056 3847 3257 3920 prima)
3280 3844 3439 3901 illius
3462 3845 3523 3901 in
3546 3850 3709 3901 utero

2061 3940 2519 4010 constitutionis,
2550 3940 2719 4009 jactus
2754 3938 3132 3992 fundamento
3183 3939 3323 3989 sunt
3368 3934 3543 3989 etiam
3599 3950 3707 3988 au-

2062 4030 2285 4102 gmenti
2341 4029 2619 4084 rationes.
2658 4028 2781 4083 Non
2822 4025 2977 4081 enim
3011 4024 3167 4096 quod
3227 4028 3427 4096 postea
3484 4021 3711 4077 accedit

2061 4119 2354 4175 recentius
2383 4123 2472 4172 est
2523 4119 2758 4172 statura;
2810 4130 3056 4181 munus;
3106 4113 3208 4169 sed
3260 4116 3526 4166 materna
3556 4110 3709 4165 fetus

2062 4210 2133 4264 ab
2164 4207 2311 4277 alvo,
2341 4223 2451 4261 una
2485 4221 2719 4277 quoque
2768 4204 2837 4258 ad
2889 4205 3270 4274 augmentum
3320 4199 3553 4265 idonea,
3583 4202 3710 4252 rata

2062 4295 2287 4351 semina
2340 4293 2494 4350 tulit.
2528 4294 2740 4349 Dentes
2788 4280 3126 4347 ceciderunt
3160 4306 3172 4344 :
3208 4289 3431 4344 scimus
3478 4290 3707 4343 tantum

2062 4384 2359 4455 augmenti
2407 4383 2744 4440 accessisse.
2780 4381 3094 4436 Triennem
3128 4378 3411 4434 infantem
3460 4377 3707 4431 admen-

2061 4490 2163 4529 sus
2193 4477 2283 4528 est
2312 4488 2554 4543 parens;
2600 4470 2759 4525 novit
2790 4470 2912 4524 foro
2945 4471 3008 4522 ut
3035 4466 3214 4539 duplo
3264 4467 3547 4536 majorem
3597 4463 3708 4520 hac

292 4556 357 4626 τῇ
382 4552 610 4625 τριετίᾳ
638 4557 715 4625 τῷ
744 4556 905 4627 μήκει
939 4556 967 4610 ὁ
993 4554 1278 4630 ἄνθρωπος
1329 4557 1594 4637 φαίνεται,
1629 4559 1711 4624 δὶς
1768 4565 1953 4617 τοσοῦ-

2067 4562 2450 4634 quantitatem
2496 4558 2762 4631 recipiat,
2792 4574 2923 4615 cum
2958 4556 3135 4613 fuerit
3183 4555 3369 4611 aetatis
3418 4553 3704 4626 perfectas.

293 4659 378 4696 τον
427 4640 591 4697 ἔσται
642 4641 693 4696 ἐν
743 4645 812 4717 τῇ
865 4643 1259 4721 συμπληρώσει
1298 4653 1399 4717 τῆς
1455 4647 1752 4720 αὐξήσεως.
1781 4654 1951 4705 Τοῦτο

303 4727 358 4781 τὸ
414 4729 627 4805 μέτρον
676 4734 776 4796 τῆς
803 4730 1151 4807 ἀνθρωπίνης
1181 4732 1411 4812 φύσεως,
1476 4736 1639 4813 μέχρι
1698 4739 1949 4814 πέρατος,

315 4816 456 4901 μέχρι
489 4818 657 4891 ὅρου.
686 4820 820 4876 Ἀπὸ
849 4827 951 4891 τῆς
998 4817 1302 4896 ἑϐδομάδος
1348 4831 1448 4894 τῆς
1477 4827 1702 4901 πρώτης
1733 4827 1817 4882 επὶ
1850 4830 1947 4898 τὴν

320 4898 545 4990 δευτέραν
579 4902 921 4981 μεταϐαίνει·
953 4910 1066 4966 ἐκεῖ
1094 4909 1287 4968 λοιπὸν
1337 4915 1372 4984 ὴ
1423 4898 1693 4990 θερμότης
1720 4914 1948 4986 πλείων,

317 4991 348 5079 ᾖ
383 4988 659 5060 διὶπλασις
686 5001 785 5051 τοῦ
813 4999 1069 5072 σώματος
1099 5000 1410 5077 ἀραιοτέρα,
1548 4999 1779 5079 ὑγρότης
1831 5003 1949 5060 ἐπι-

310 5075 502 5170 λείπει,
547 5085 907 5162 κραταιοῦται
961 5088 1027 5142 τὰ
1081 5086 1246 5163 με’).η’
1301 5075 1667 5167 ἰσχυροτέρων
1718 5090 1949 5170 ἐφάπτε-

303 5189 382 5224 ται
441 5169 640 5249 ἔργων,
702 5175 819 5229 οἷον
854 5175 907 5230 οἱ
961 5181 1068 5232 τῶν
1107 5176 1384 5256 ἐφηλίκων
1416 5178 1541 5250 εἶσί,
1577 5178 1728 5236 οὔπω
1760 5169 1856 5254 μὶν
1885 5182 1948 5237 τὸ

296 5258 501 5316 τέλειον
559 5259 808 5338 ἔχοντες
867 5267 1137 5342 νεοπαγὴς
1189 5266 1289 5344 γὰρ
1340 5268 1516 5324 αὐτῶν
1576 5272 1611 5340 ἠ
1672 5270 1798 5346 σὰρξ
1847 5268 1945 5339 ἔτι,

294 5348 379 5402 καὶ
436 5350 579 5425 πρὸς
634 5353 841 5414 πόνους
879 5355 1232 5429 καρτερικοὺς
1288 5354 1657 5428 ἀνεπιτηδεία.
1714 5360 1784 5415 Τὸ
1855 5360 1949 5434 μὲν

294 5439 492 5512 κοῦφον
515 5440 609 5495 καὶ
658 5439 947 5512 εὐκίνητον
998 5440 1238 5501 ἀπέλαϐε
1268 5443 1464 5503 λοιπὸν
1493 5447 1555 5504 τὸ
1585 5451 1747 5518 ζῶον
1806 5447 1858 5504 ιν
1891 5445 1949 5504 δὲ

363 5544 386 5581 ⁸
413 5544 558 5605 Gen.
589 5564 632 5619 ι,
662 5547 757 5607 28.
835 5548 882 5588 ¹⁰
911 5548 1061 5611 Ibid.
1089 5551 1181 5624 20,
1210 5553 1310 5611 22.

2062 4652 2291 4717 Quanta
2329 4648 2485 4705 enim
2533 4646 2779 4702 triennia
2826 4646 3010 4701 astatis
3062 4648 3288 4701 statura
3336 4640 3592 4698 hominis
3620 4640 3707 4697 vi-

2062 4737 2231 4808 situr,
2256 4736 2436 4809 duplo
2466 4735 2693 4792 auctior
2721 4735 2832 4790 erit
2860 4750 2996 4789 cum
3041 4733 3165 4805 jam
3201 4734 3578 4804 augmentum
3612 4745 3707 4786 ex-

2060 4825 2321 4899 pleverit.
2356 4825 2457 4881 Hic
2485 4824 2759 4880 humana:
2799 4824 3011 4879 modus
3044 4827 3264 4877 natura
3295 4824 3406 4886 est,
3438 4819 3498 4874 in
3530 4818 3705 4874 ﬁnem

2060 4932 2267 4987 usque.
2287 4917 2330 4970 A
2362 4914 2550 4986 primo
2577 4912 2881 4984 eeptennio
2904 4912 2973 4966 ad
3007 4910 3330 4967 secundum
3362 4907 3594 4963 transit.
3620 4907 3708 4962 Ibi

2050 5006 2178 5077 jam
2201 5005 2481 5061 exuberat
2507 5001 2700 5058 calor:
2726 5000 2912 5057 rarior
2941 5000 3201 5073 corporis
3231 4996 3564 5054 constitutio
3597 5001 3704 5062 est,

2060 5092 2257 5149 deficit
2285 5091 2629 5158 humiditas,
2656 5092 3006 5145 roborantur
3032 5088 3316 5154 membra,
3341 5086 3583 5142 fortiora
3612 5100 3709 5158 ag-

2059 5183 2411 5255 grediuntur
2427 5197 2621 5252 opera,
2639 5178 2971 5250 cujusmodi
2996 5175 3421 5250 puberum,qui
3444 5177 3707 5231 nondum

2058 5271 2297 5346 perfecti
2330 5273 2487 5326 sunt.
2516 5270 2617 5325 Est
2650 5269 2806 5323 enim
2838 5267 2956 5322 illis
2986 5283 3188 5323 recens
3219 5268 3521 5338 compacta
3551 5280 3705 5330 caro,

2059 5366 2116 5418 et
2155 5361 2226 5417 ad
2278 5360 2549 5416 robustos
2600 5358 2830 5415 labores
2880 5356 3078 5412 minus
3127 5356 3356 5411 idonea.
3390 5353 3705 5410 Levitatem

2058 5451 2340 5507 duntaxat
2361 5454 2419 5506 et
2448 5447 2773 5522 agilitatem
2804 5444 3164 5518 animaljam
3189 5442 3423 5517 recepit.
3444 5443 3509 5498 In
3535 5440 3704 5498 tertio

365 5653 445 5727 (α)
472 5656 646 5735 ’Δπερ
676 5660 814 5728 Μεη
844 5654 962 5716 ὅσα.
1037 5660 1115 5736 (b)
1144 5659 1818 5742 Τεσσαρεσκαιδεκαετοῦς.
1850 5665 2028 5739 Editi,
2051 5663 2541 5744 Τεσσαρεσκαίδεκα
2569 5658 2745 5731 ἔτους.
2779 5666 2934 5726 Εωτ.
