4108 6214
397 351 475 408 27
1356 351 1746 411 APPENDIX
1791 353 2120 414 OPERUM
2165 353 2230 411 S.
2277 352 2556 411 BASlLll
2601 349 2855 410 MAGNI
3712 347 3790 406 28

401 481 674 553 deinceps
697 482 1018 552 septennio,
1039 499 1151 538 una
1173 500 1406 555 quoque
1429 485 1749 556 perfectum
1773 501 2048 557 augmen-

2164 485 2316 559 τρίτῃ
2347 483 2538 538 λοιπὸν
2575 477 2837 554 ἓῦδομάδι
2890 481 2976 534 καὶ
3029 479 3089 532 τὸ
3137 476 3348 532 τέλειον
3397 482 3495 545 τῆς
3531 475 3798 547 αὐξήσεως

399 575 527 627 tum
552 571 941 626 nanciscitur:
964 573 1205 642 necjam
1227 573 1502 645 amplius,
1524 574 1691 629 tertio
1713 574 1940 646 expleto
1965 591 2043 628 se-

400 660 637 732 ptennio
659 677 873 732 corpus
895 661 1101 716 altiore
1123 666 1349 717 statura
1372 663 1705 735 surrigitur.
1729 664 2044 736 Postquam

400 767 534 805 vero
559 754 770 805 natura
793 767 824 804 a
850 749 1150 806 laboribus
1174 752 1422 823 augendi
1447 751 1503 805 in
1529 751 1712 807 altum
1738 752 2045 823 respirave-

400 839 479 894 rit
513 854 524 893 :
556 839 676 909 jam
713 833 769 892 in
803 839 986 894 latum
1037 839 1244 912 incipit
1287 846 1670 911 augmentum
1721 842 2043 911 traducere,

404 927 747 1000 mdificiique
762 928 851 982 sui
869 929 1480 1001 fastigium,tanquam
1498 929 1896 985 fundamentis
1914 931 2048 985 sub-

405 1018 603 1072 stratis
635 1017 858 1083 fulcire,
883 1035 1198 1090 crassaque
1229 1020 1286 1074 in
1327 1020 1526 1075 orbem
1560 1021 1806 1089 adjicere
1839 1019 2043 1092 pergit,

404 1113 580 1178 atque
613 1107 669 1160 in
703 1124 835 1162 eum
883 1109 1121 1163 modum
1172 1110 1438 1164 membra
1468 1109 1726 1180 corporis
1775 1109 2046 1164 roborare

405 1201 579 1268 atque
604 1198 871 1265 formare,
892 1203 947 1251 et
977 1196 1032 1251 in
1058 1198 1444 1254 robustiorem
1468 1203 1682 1253 statum
1712 1200 2045 1270 perducere.

405 1285 537 1356 Agit
565 1285 688 1340 haec
719 1284 979 1356 quotidie
1023 1293 1235 1343 natura
1273 1287 1747 1360 imprmtermisse
1780 1304 1886 1342 suo
1920 1288 2048 1358 ipsa

405 1373 630 1441 ordine,
654 1375 752 1429 sed
786 1377 976 1446 cujus,
1004 1392 1071 1430 ex
1103 1381 1385 1448 praecepto
1411 1377 1707 1432 Dominico
1738 1377 1896 1448 erigo
1929 1381 2045 1443 est;

405 1481 471 1519 ac
501 1467 640 1519 tunc
672 1463 984 1534 prolatum,
1021 1482 1123 1536 per
1151 1482 1382 1520 omnem
1415 1466 1472 1520 in
1506 1466 1681 1520 tinem
1715 1483 1898 1535 usque
1931 1482 2052 1536 per-

405 1557 580 1624 petuo
612 1557 936 1608 creaturam
969 1559 1269 1624 grassatur
1301 1571 1313 1610 :
1347 1557 1598 1621 Crescite,
1631 1561 1683 1610 et
1713 1557 2052 1624 multiplica-

403 1642 566 1696 mini.
604 1641 856 1706 Crescite,
890 1642 1100 1714 inquit,
1135 1660 1205 1698 ne
1236 1644 1293 1698 in
1327 1662 1442 1699 uno
1475 1650 1687 1700 natura
1718 1645 2047 1701 definiatur.

406 1729 888 1800 Multiplicamini,
923 1747 994 1786 ne
1044 1733 1115 1786 ad
1169 1749 1350 1788 unum
1391 1735 1695 1801 duntaxat,
1727 1737 1827 1789 sed
1876 1739 1932 1790 et
1977 1736 2047 1790 ad

2155 567 2649 645 συναπολαμϐάνει·
2700 568 2776 626 ἔτι
2823 567 2878 624 δὲ
2936 569 3024 623 καὶ
3075 566 3149 628 είς
3183 573 3363 646 μῆκος
3395 568 3429 634 ἡ
3465 562 3796 626 διανάστασις

2152 667 2252 716 τοῦ
2286 662 2538 735 σώματος
2600 660 2697 716 οὐκ
2753 659 3043 736 ἐπιγίνεται
3100 655 3234 729 μετὰ
3274 657 3376 725 τήν
3425 654 3612 730 τρίτην
3645 651 3797 708 ἑϐδο-

2159 748 2321 825 μάδα.
2381 748 2624 807 Ἐπειδὰν
2678 747 2735 804 δὲ
2764 747 3066 822 ἀναπνεῦσῃ
3115 747 3149 814 ἡ
3207 743 3363 822 φύσις
3394 745 3502 799 τῶν
3545 744 3800 816 καμάτων

2155 847 2255 908 τῆς
2303 837 2390 893 ἐπὶ
2438 839 2500 894 τὸ
2549 836 2660 893 ἅνω
2709 837 3004 908 αὐξήσεως,
3063 831 3288 910 ἄρχεται
3348 831 3544 887 λοιπὸν
3605 830 3684 892 εἷς
3743 830 3809 884 τά

2155 928 2335 998 πλάτη
2365 922 2696 997 διαϐιϐάζειν
2749 929 2848 996 τὴν
2907 922 3149 998 αὔξησιν,
3199 923 3288 977 καὶ
3321 920 3488 976 οίονεὶ
3513 923 3805 998 περιϐεμε-

2156 1015 2310 1072 λιοῦν
2341 1017 2408 1073 τά
2466 1017 2763 1091 ὑψωθέντα,
2798 1014 2886 1070 καὶ
2917 1015 3069 1089 πάχη
3104 1012 3285 1074 αὐτοῖς
3327 1012 3680 1087 περιτιθέναι,
3716 1008 3812 1063 καὶ

2157 1106 2303 1162 οὕτω
2336 1105 2582 1183 στερεῶν
2605 1106 2694 1160 καὶ
2743 1102 3019 1180 κρατύνειν
3071 1107 3167 1157 τοῦ
3222 1101 3474 1174 σώματος
3518 1099 3586 1153 τὰ
3634 1095 3810 1172 μίλη,

2156 1196 2246 1251 καὶ
2297 1195 2370 1258 είς
2421 1197 2482 1250 τὸ
2534 1193 2960 1272 ῥωμαλεώτερον
3008 1191 3398 1269 ἀποκαθιςιντᾷν.⁸
3444 1189 3626 1246 Ταῦτα
3656 1191 3816 1240 ποιεῖ

2161 1287 2254 1360 μὶν
2307 1284 2560 1340 ἑκάστοτε
2607 1286 2641 1354 ἡ
2680 1283 2835 1359 φύσις
2882 1279 3302 1356 ἀπαραλείπτως
3332 1278 3468 1333 κατά
3521 1276 3618 1344 τὴν
3681 1277 3810 1329 ἑαυ-

2157 1381 2256 1443 τῆς
2316 1372 2666 1430 ἀκολουθίαν·
2728 1370 2933 1447 ἐγένετο
2993 1368 3050 1424 δὲ
3099 1368 3148 1440 ἐξ
3197 1365 3376 1442 ἀρχῆς
3431 1363 3810 1441 προστάγματι

2161 1461 2486 1534 δεσποτικῳ,
2545 1462 2633 1515 καὶ
2693 1460 2815 1514 τότε
2872 1455 3135 1528 λαληθὲν,
3192 1454 3280 1510 διὰ
3333 1455 3510 1524 πάσης
3570 1452 3649 1536 ἀεὶ
3704 1453 3808 1520 τῆς

2159 1551 2383 1612 κτίσεως
2448 1551 2612 1626 μέχρι
2665 1546 2857 1610 τέλους
2914 1550 3109 1623 χωρεῖ.
3170 1543 3467 1616 Αὐξάνεσθε
3521 1539 3610 1594 καὶ
3658 1538 3810 1626 πλη-

2161 1638 2395 1703 θύνεσθε.
2455 1623 2758 1709 Αὖξάνεσθε
2807 1636 2929 1713 γάρ,
2963 1634 3117 1711 φησὶ,
3173 1629 3264 1686 ’ίνα
3325 1631 3400 1704 μὴ
3463 1627 3648 1690 ἀτελὲς
3698 1623 3822 1680 δια-

2165 1729 2322 1802 μείνῃ
2378 1729 2441 1783 τὸ
2471 1728 2706 1801 ποίημα·
2738 1723 3093 1796 πληθύνεσθε,
3120 1719 3212 1776 ⁶ίνα
3272 1721 3349 1792 μή
3411 1719 3487 1782 εἱς
3513 1714 3631 1787 ἕνα,
3664 1713 3818 1770 ἀλλὰ
3895 1763 3900 1766 .

406 1816 607 1888 plures
635 1834 820 1890 genus
869 1825 1156 1876 excurrat.
1189 1821 1352 1877 Unde
1377 1827 1434 1877 et
1465 1824 1676 1894 adjecit
1708 1842 1720 1879 :
1757 1825 1819 1878 Et
1851 1826 2053 1895 replete

2164 1817 2249 1872 xui
2283 1818 2358 1881 εἷς
2388 1816 2635 1881 πολλοὺς
2665 1813 2937 1892 διαδράμῃ
2965 1813 3027 1868 τὸ
3056 1812 3226 1889 γένος.
3257 1811 3350 1918 ate
3400 1807 3520 1918 xui“
3544 1807 3814 1913 ἐπήγαγεέ

405 1915 630 1962 terram.
664 1908 875 1978 Replete
905 1925 1055 1974 vero,
1083 1927 1195 1965 non
1229 1911 1616 1979 habitatione;
1648 1915 1728 1968 sic
1757 1914 1912 1968 enim
1942 1912 2046 1969 fal-

406 2011 508 2051 sus
529 2001 686 2051 esset
707 2013 918 2067 sermo,
934 2001 1409 2071 quandoquidem
1430 2003 1751 2058 etiamnum
1774 2019 2046 2075 magnam

406 2088 571 2139 terra
605 2093 846 2156 partem,
871 2103 995 2156 quis
1027 2105 1141 2144 non
1170 2090 1484 2161 habitetur,
1507 2093 1812 2148 videmus:
1845 2109 2047 2148 verum

409 2174 641 2245 Replete.
675 2174 1050 2243 Potestatem,
1073 2177 1283 2250 inquit,
1313 2181 1655 2237 dominandi
1686 2187 1848 2238 terrae
1880 2182 2050 2238 nobis

408 2262 632 2317 tribuit.
671 2265 832 2329 Quod
884 2266 1040 2321 enim
1072 2267 1294 2324 dictum
1335 2275 1442 2340 est,
1478 2273 1692 2344 Replete
1739 2277 1963 2342 terram,
1991 2273 2050 2326 in

410 2350 773 2408 habitatione
804 2353 995 2410 locum
1029 2373 1142 2412 non
1175 2357 1375 2426 habet;
1402 2378 1537 2416 nam
1571 2379 1759 2433 neque
1790 2362 1930 2418 solis
1961 2379 2051 2416 ar-

411 2439 650 2494 doribus
672 2446 959 2507 exustam,
983 2449 1156 2516 atque
1179 2445 1483 2516 incultam,
1509 2447 1628 2504 sive
1649 2449 1779 2521 gelu
1806 2449 2052 2520 rigidam

410 2527 746 2600 inviamque
790 2548 855 2585 ac
903 2530 1283 2592 inaccessam.
1315 2535 1590 2608 Nunquid
1642 2537 1792 2594 hanc
1822 2553 2054 2610 quoque

413 2617 682 2674 homines
704 2618 994 2688 habitant,
1017 2627 1073 2677 et
1117 2622 1364 2696 implent
1386 2630 1601 2682 terram
1617 2626 1644 2680 ?
1668 2627 1776 2682 Sed
1800 2644 1867 2682 ea
1885 2626 2055 2682 ratio-

414 2723 485 2761 ne
516 2712 680 2763 terrze
731 2709 1015 2780 replendaa
1047 2713 1296 2769 arbitros
1328 2716 1483 2784 fecit,
1506 2721 1563 2772 et
1609 2717 1903 2788 replemus
1953 2733 2055 2788 per

412 2796 713 2863 rationem,
737 2800 891 2870 quod
917 2800 1175 2857 sciamus
1194 2809 1413 2872 quanta
1434 2804 1510 2860 sit
1526 2806 1651 2875 ejus
1676 2822 1808 2876 pars
1831 2804 2056 2861 inhabi-

410 2884 609 2940 tabilis
640 2887 897 2959 solisque
927 2891 1233 2947 ardoribus
1262 2898 1502 2948 exusta:
1533 2896 1684 2966 quod
1721 2894 2054 2950 noverimus

410 2980 631 3046 quanta
652 2976 779 3046 ejus
809 2977 1056 3034 borealis
1080 2979 1272 3052 plaga,
1292 2999 1358 3038 ex
1388 2984 1540 3039 332
1566 2983 1796 3055 frigoris
1818 2999 2056 3056 exsupe-

412 3063 603 3119 rantia
632 3065 853 3120 inculta
882 3073 971 3123 est
1010 3069 1348 3142 nulliusque
1380 3072 1587 3143 frugis.
1613 3072 1889 3144 Nunquid
1939 3089 2052 3128 non

410 3157 627 3208 terram
661 3154 1049 3226 replevimus?
1073 3160 1334 3229 nunquid
1360 3177 1473 3215 non
1497 3160 1716 3216 delecto
1739 3163 1893 3232 quod
1919 3161 2050 3216 usui

411 3246 585 3311 esset,
620 3221 907 3314 quidquid
950 3263 1153 3316 parum
1185 3221 1559 3303 commodum
1608 3251 1679 3305 ad
1730 3221 2051 3306 humanam
2083 3221 2124 3286 C

411 3330 588 3386 vitam
621 3333 1062 3403 transigendam
1098 3336 1448 3406 rejecimus?
1480 3339 1866 3402 Quamobrem
1899 3342 2054 3411 quod

412 3419 493 3474 ita
533 3420 757 3475 dictum
791 3427 900 3488 est,
937 3424 1166 3494 Replete,
1204 3425 1286 3480 rei
1318 3443 1421 3480 nos
1456 3427 1708 3484 arbitros
1739 3428 1895 3485 fecit.
1930 3429 2054 3485 Non

415 3509 554 3579 quia
576 3510 856 3566 universa:
881 3528 1054 3566 usum
1078 3530 1192 3568 non
1219 3513 1526 3583 habemus,
1553 3533 1665 3571 non
1689 3518 1816 3588 ejus
1839 3522 2059 3588 quanta

415 3601 524 3665 est,
559 3598 781 3652 domini
826 3600 1126 3655 constituti
1159 3619 1387 3658 sumus.
1411 3603 1610 3675 Neque
1659 3607 1812 3660 enim
1847 3612 1930 3676 tu,
1964 3623 2056 3662 co-

415 3691 613 3758 empto
646 3687 858 3753 tritico,
894 3688 1107 3744 idcirco
1159 3708 1269 3747 non
1304 3694 1433 3763 ejus
1462 3695 1656 3749 omnis
1688 3694 1962 3750 dominus
1996 3713 2057 3750 es

415 3775 570 3848 quod
603 3776 662 3830 in
694 3776 886 3832 tritico
935 3777 1093 3833 aliud
1133 3779 1325 3848 edule,
1357 3781 1514 3837 aliud
1548 3785 1700 3854 quod
1753 3785 1810 3838 in
1866 3801 2059 3840 escam

416 3867 620 3921 cedere
668 3871 920 3937 nequeat
965 3867 1233 3935 oti‘endis,
1262 3875 1317 3924 et
1348 3871 1582 3941 abjicis;
1635 3889 1698 3927 ac
1751 3872 2059 3945 scrupulos

417 3954 652 4024 quidem
685 3973 750 4010 ac
780 3953 1006 4026 lapides
1038 3957 1274 4028 projicis
1321 3964 1385 4014 ut
1430 3960 1690 4032 inutiles,
1725 3979 1788 4018 ac
1819 3962 1869 4018 si
1918 3963 2059 4034 quid

418 4043 575 4099 aliud
611 4045 987 4100 commietum
1020 4051 1110 4101 est
1139 4048 1293 4118 quod
1333 4049 1404 4103 ad
1437 4066 1610 4106 usum
1664 4051 1904 4106 minime
1935 4052 2058 4106 ido-

418 4149 595 4188 neum
626 4134 724 4200 sit,
756 4133 1072 4206 glumaque
1113 4137 1418 4192 exsufﬂata
1447 4144 1622 4211 atque
1651 4141 1840 4212 palea,
1873 4156 1938 4195 ac
1969 4157 2058 4196 se-

417 4226 574 4278 creto
603 4221 763 4293 lolio,
798 4223 1087 4296 quidquid
1137 4225 1208 4280 ad
1258 4226 1387 4282 vitis
1434 4229 1919 4285 sustentationem
1951 4247 2058 4301 pu-

417 4328 549 4366 rum
578 4316 685 4382 est,
714 4312 771 4368 id
803 4313 1031 4386 deligis.

491 4401 577 4455 19.
609 4401 702 4457 Sic
732 4401 929 4474 itaque
967 4404 1144 4459 etiam
1195 4408 1370 4474 terra,
1404 4407 1617 4478 partim
1669 4409 1741 4464 ad
1789 4408 2060 4464 habitan-

419 4490 562 4545 dum
594 4491 763 4547 nobis
794 4509 1073 4549 concessa
1114 4495 1324 4550 idonea
1353 4501 1472 4566 est;
1513 4498 1729 4570 partim
1761 4500 1834 4554 ad
1864 4499 2061 4555 colen-

2158 1905 2259 1962 Kui
2318 1903 2648 1978 πληρώσατε
2708 1904 2808 1972 τὴν
2879 1909 2998 1978 γῆν.
3080 1898 3419 1974 Πληρώσατε
3475 1891 3553 1962 δὲ,
3615 1892 3677 1947 οὐ
3735 1895 3818 1965 τῇ

2153 1996 2487 2065 κατοικήσειο
2551 1993 2693 2048 οὕτω
2750 1991 2847 2066 γὰρ
2879 1987 3026 2045 ἔσται
3085 1989 3113 2043 ὁ
3171 1986 3340 2062 λόγος
3398 1980 3815 2057 διεψευσμένος,

2157 2081 2344 2152 ἐπειδή
2376 2083 2632 2159 ἅχριτοῦ
2680 2082 2773 2137 νῦν
2829 2081 3042 2154 ὁρῶμεν
3098 2075 3316 2144 πολλὴν
3374 2077 3473 2149 γῆν
3517 2071 3805 2142 ἀοίκητον,

2157 2172 2302 2229 ἀλλά
2333 2220 2347 2245 ,
2405 2172 2740 2248 Πληρώσατε
2773 2190 2786 2203 ·
2845 2171 2943 2238 τὴν
3004 2165 3266 2238 ἐξουσίαν,
3327 2163 3507 2242 φησὶ,
3558 2164 3654 2217 τοῦ
3706 2181 3807 2214 κυ-

2159 2261 2353 2338 ριεύειν
2402 2263 2500 2331 τήν
2548 2268 2647 2338 γῆν
2707 2257 2935 2315 δέδωκεν
2962 2260 3119 2330 ἡμῖν.
3179 2255 3253 2312 Τὸ
3308 2255 3432 2330 γάρ,
3467 2249 3812 2338 Πληρώσατε

2157 2336 2257 2422 ﬁt"
2315 2355 2438 2427 γῆν,
2517 2336 2605 2406 ἕτέῖ
2674 2357 2774 2420 τῆς
2838 2349 3203 2417 κατοικήσεως
3254 2344 3442 2419 χώραν
3504 2341 3605 2395 οὐκ
3660 2336 3806 2414 ’ἐχει-

2161 2425 2349 2509 ἐπειδῆ
2406 2437 2533 2496 οὐδὲ
2579 2441 2676 2508 τήν
2725 2438 3148 2510 διακεκαυμένην
3197 2433 3286 2488 καὶ
3340 2432 3707 2508 ἀγεώργητον,
3770 2425 3809 2496 ἢ

2160 2533 2257 2601 τήν
2308 2531 2715 2605 κατεψυγμένην
2761 2529 2847 2583 καὶ
2901 2521 3094 2581 ἄϐατον
3123 2543 3137 2558 ⁶
3189 2521 3279 2578 καὶ
3337 2518 3466 2596 οὐχί
3496 2518 3696 2587 ταύτην
3754 2517 3811 2570 οἱ

2163 2603 2791 2693 ἅνθρωποικατοικοῦσι
2844 2616 2933 2671 καὶ
2991 2612 3266 2690 πληροῦσι
3320 2610 3418 2679 τήν
3469 2614 3594 2685 γῆν.
3627 2603 3810 2662 Ἀλλά

2160 2711 2380 2786 κυρίους
2428 2713 2574 2784 ἡμᾶς
2621 2707 2840 2777 ἐποίηςε
2888 2705 3160 2779 πληροῦν,
3190 2702 3278 2756 καὶ
3312 2698 3634 2775 πληροῦμεν
3669 2693 3808 2751 ὲκεί-

2161 2824 2258 2871 νην
2289 2806 2369 2874 τῷ
2399 2799 2669 2876 λογισμῷ,
2700 2802 2780 2869 τῷ
2812 2793 3006 2851 εἱδέναι
3036 2796 3185 2866 ἡμᾶς
3231 2790 3399 2845 πόσον
3463 2787 3654 2863 μέτρον
3703 2787 3805 2876 τῆς

2165 2892 2425 2961 ἀοικήτου
2453 2874 2538 2943 καὶ
2575 2885 2998 2958 διακεκαυμένης
3024 2890 3146 2959 γῆς.
3176 2886 3336 2938 *Οταν
3359 2876 3560 2951 ἴδωμεν
3593 2877 3670 2948 (ιι)
3699 2874 3803 2928 πό-

2164 3001 2252 3035 σον
2285 2980 2345 3033 τὸ
2376 2978 2550 3050 κλίμα
2578 2977 2639 3031 τὸ
2667 2974 2945 3052 βόρειον,’ὀ
2977 2970 3065 3027 διὰ
3092 2972 3189 3039 τήν
3225 2962 3668 3052 ὑπερϐάλλουσαν
3701 2961 3803 3034 ψύ-

2164 3070 2237 3139 ξιν
2289 3067 2637 3143 ἀγεώργητον
2671 3063 2779 3118 ἐστι
2806 3062 2895 3116 καὶ
2926 3063 3223 3152 ἄχρηστον,
3251 3051 3803 3152 οὖᾉὶῄέπληρώσσμεν

2161 3160 2259 3227 τήν
2281 3140 2380 3232 γῆίν
2409 3175 2421 3225 ;
2443 3140 2507 3209 οὗ
2527 3154 2588 3208 τὸ
2610 3155 2888 3228 χρήσιμον
2919 3144 3354 3219 ἐκλεξάμενοι,τὸ
3374 3141 3495 3197 ὅσον
3527 3140 3802 3232 ἄχρηστον

2165 3247 2241 3309 είς
2294 3227 2574 3320 διαγωγὴν
2614 3227 2930 3317 ἀνθρώποις
2983 3233 3454 3309 ἀπεπεμψάμεθα;
3488 3231 3666 3320 ν”Ωστε
3717 3227 3802 3320 το,

2164 3315 2499 3412 Ηληρώσατε
2542 3333 2640 3400 τὴν
2701 3315 2844 3406 γῆν,
2897 3327 3115 3401 κυρίους
3173 3327 3322 3397 ἡμᾶς
3375 3319 3645 3412 εποίησεν.
3699 3315 3809 3370 Οὐκ

2165 3404 2351 3491 ἐπειδή
2407 3422 2584 3491 πάσης
2653 3404 2756 3474 οὐκ
2799 3414 3002 3493 ἔχομεν
3061 3414 3158 3483 τὴν
3207 3418 3429 3488 χρῆσιν,
3476 3407 3576 3463 οὐκ
3601 3404 3805 3482 ’ἑχομεν

2165 3510 2345 3583 πάσης
2392 3515 2488 3566 τοῦ
2536 3507 2822 3583 κυριεύειν.
2875 3503 3015 3563 Οὐδὲ
3050 3505 3151 3580 γάρ
3183 3501 3246 3556 σὺ
3274 3503 3364 3556 τὸν
3417 3504 3560 3552 σῖτον
3622 3495 3810 3583 ἀγορά-

2168 3621 2261 3662 σας
2292 3579 2388 3673 (b),
2440 3598 2538 3653 οὐκ
2586 3579 2634 3652 εί
2681 3594 2770 3650 διὰ
2796 3598 2958 3650 τοῦτο
2987 3596 3083 3647 τοῦ
3141 3590 3338 3650 παντὸς
3380 3587 3588 3662 κύριος,
3621 3579 3808 3673 ἐπειδὴ

2168 3689 2219 3743 ἐν
2251 3671 2329 3760 τῷ
2363 3688 2494 3760 σίτῳ
2520 3687 2582 3741 τὸ
2616 3685 2710 3759 μὶν
2744 3679 3039 3755 ἐδώδιμον,
3069 3680 3132 3734 τὸ
3162 3677 3218 3734 δὲ
3266 3673 3511 3750 ἄϐρωτον
3546 3671 3810 3760 εὐρίσκεις

2165 3778 2255 3832 καὶ
2283 3758 2595 3850 ἀποϐάλλῃ·
2620 3758 2624 3759 ί
2656 3774 2743 3829 καὶ
2789 3773 2856 3827 τά
2886 3768 3093 3836 λιθίδια
3120 3771 3207 3845 γὶν
3237 3767 3310 3829 ὡς
3349 3767 3597 3842 ἄχρηστα
3642 3758 3812 3835 ἀπορ·

2169 3866 2393 3943 ῥίπτεις,
2451 3865 2539 3919 καὶ
2602 3861 2655 3918 εἷ’
2702 3884 2753 3918 τι
2814 3859 2955 3916 ἄλλο
3017 3857 3368 3932 ὲπιμὲμικται
3418 3853 3553 3943 πρὸς
3594 3850 3808 3943 Δβρώσίν

2166 3936 2560 4025 ἀνεηπιτήδειονο
2593 3954 2657 4008 τὸ
2688 3949 2744 4006 δὲ
2790 3948 2997 4026 ἄχυρον
3031 3948 3382 4026 ἀποφυσήσας
3423 3942 3510 3998 καὶ
3555 3940 3616 3996 τὸ
3664 3936 3808 4008 ζιζά-

2165 4067 2280 4100 νιον
2316 4043 2631 4119 ἀποκρίνας,
2675 4043 2736 4096 τὸ
2790 4040 2916 4094 ὅσον
2965 4037 3200 4115 καθαρὸν
3238 4035 3374 4112 πρὸς
3403 4033 3501 4101 τὴν
3531 4033 3628 4086 τοῦ
3693 4027 3810 4104 βίου

2167 4135 2416 4190 σύστασιν
2447 4137 2607 4188 τοῦτο
2639 4128 3015 4203 ἐκλεξάμενος.

2243 4404 2330 4459 19.
2379 4398 2538 4458 Οὕτω
2579 4397 2758 4453 τοίνυν
2805 4393 2895 4450 xui
2942 4395 2976 4462 ἡ
3026 4397 3119 4468 γῆ,
3170 4392 3204 4459 ἡ
3269 4389 3360 4462 μὶν
3406 4387 3542 4461 πρὸς
3601 4380 3812 4452 οἷ’κησιν

2171 4489 2432 4566 ἐχαρίσθη
2485 4485 2788 4558 ἐπιτηδεία,
2845 4487 2879 4553 ἡ
2941 4479 3000 4536 δὲ
3055 4480 3131 4541 ὡς
3189 4477 3323 4552 πρὸς
3353 4471 3616 4566 γεωργίαν
3649 4471 3812 4566 ἀγξγο

421 4579 526 4635 dos
557 4595 730 4651 agros
758 4583 1116 4650 necessaria;
1149 4584 1361 4656 partim
1395 4555 1471 4640 ad
1499 4555 1947 4658 quadrupedum
1977 4591 2054 4644 at-

2169 4555 2312 4635 καίά·
2374 4576 2520 4649 ἄλλη
2582 4555 2655 4638 ὡς
2709 4573 2844 4649 πρὸς
2904 4567 3265 4648 βοσκημάτων
3320 4563 3410 4618 καὶ
3457 4555 3811 4661 ,τετραπόδων

418 4685 533 4740 que
576 4686 855 4740 pecorum
903 4687 1117 4743 pascua
1150 4674 1424 4743 dimissa;
1457 4674 1688 4747 aliaque
1735 4678 2060 4733 secundum

420 4758 600 4816 alium
632 4762 949 4831 quemdam
999 4779 1193 4834 usum,
1229 4763 1332 4819 tibi
1359 4765 1487 4819 vitae
1528 4765 1853 4823 rationibus
1891 4771 2062 4823 tuen-

419 4847 510 4903 dis
541 4854 960 4921 Opportunum,
994 4852 1179 4924 deque
1217 4851 1318 4908 illa
1347 4869 1470 4923 quae
1502 4853 1662 4926 libet,
1696 4859 1753 4911 et
1783 4860 1847 4912 ut
1897 4855 2059 4926 libet,

420 4937 716 5009 disponis;
751 4939 966 4997 idcirco
1010 4941 1313 5014 nimirum,
1348 4945 1502 5016 quod
1534 4945 1820 5002 Dominus
1859 4964 1977 5002 suae
2007 4953 2064 5004 te

377 5016 382 5022 ’
423 5032 700 5083 creaturae
722 5029 1030 5087 dominum
1053 5033 1375 5090 constituit.
1390 5033 1544 5090 Licet
1559 5034 1756 5109 itaque
1775 5037 1919 5092 mihi
1936 5055 2062 5109 qua:

419 5117 592 5173 velim
625 5118 954 5190 disponere,
978 5122 1194 5194 quippe
1225 5124 1325 5195 qui
1359 5124 1634 5183 dominus
1665 5131 1898 5183 creatus
1927 5127 2061 5196 sim,

419 5207 610 5279 ipsius
643 5201 742 5280 qUi
775 5225 866 5264 me
915 5211 1132 5265 creavit
1178 5213 1409 5269 Domini
1461 5232 1721 5272 munere.
1755 5217 1820 5272 Et
1847 5217 2066 5288 implete

417 5300 646 5353 terram.
693 5298 757 5352 Et
809 5299 1098 5370 presidete
1151 5302 1392 5371 piscibus
1447 5309 1637 5372 mar-ts,
1666 5315 1719 5361 et
1747 5304 2066 5362 volatilibus

420 5385 572 5457 cceli,
606 5395 658 5444 et
686 5388 870 5444 bestiis
897 5392 1061 5445 terra
1089 5392 1154 5445 “.
1181 5392 1307 5448 Haae
1326 5393 1451 5464 jam
1485 5395 1633 5466 ejus,
1661 5397 1813 5468 quod
1841 5401 1950 5465 est,
1973 5397 2068 5452 Re-

416 5477 565 5549 plete
595 5485 818 5547 terram,
848 5478 1206 5550 benedictio;
1230 5480 1352 5538 haec
1381 5484 1611 5541 sancita
1640 5483 1731 5542 lex
1762 5503 1775 5541 :
1809 5485 1931 5542 hinc
1961 5501 2066 5542 no-

495 5588 536 5625 “
569 5587 713 5645 Gen.
746 5603 786 5654 ι,
815 5588 906 5644 28.

2173 4668 2356 4739 ἀνείθη
2390 4645 2590 4741 νομῆν,
2621 4664 2710 4720 καὶ
2753 4645 2915 4730 ⁷ἄλλη
2944 4659 3060 4714 κατ’
3117 4655 3292 4726 ἄλλην
3325 4647 3532 4741 Δ’χρείαν
3562 4645 3810 4741 «paean

2127 4764 2130 4766 ⁷
2173 4780 2257 4814 σοι
2306 4732 2574 4813 κατὰΌτὸν
2609 4753 2724 4831 βίον
2760 4751 3138 4825 ἁρμοζουσῶν·
3199 4744 3288 4799 xui
3320 4736 3574 4831 διατάττῃ
3679 4732 3814 4831 βούῗ

2170 4847 2279 4919 λιι,
2311 4848 2400 4903 καὶ
2431 4847 2504 4909 ὡς
2559 4824 2745 4922 βούλει
2797 4824 2933 4916 περὶ
2991 4836 3176 4904 αὐτῆς,
3237 4827 3420 4922 ἐπειδή
3465 4847 3522 4882 σε
3569 4824 3756 4922 κυριον
3787 4825 3815 4878 ὁ

2173 4914 2449 5006 Δεσπότης
2496 4914 2595 5003 της
2651 4933 2842 4987 ἑαυτοῦ
2903 4927 3193 4995 κατίστησε
3255 4921 3505 4979 κτίσεως.
3574 4914 3815 5006 Ἔξεστιν

2173 5026 2266 5082 οὖν
2296 5003 2639 5095 διατάξασθαι
2682 5019 2714 5076 ἃ
2769 5018 3065 5096 βούλομαι,
3129 5008 3316 5096 ἐπειδή
3367 5008 3563 5096 γέγονα
3599 5003 3813 5096 κύριος,

2173 5118 2322 5194 ποιρά
2349 5117 2447 5184 τὴν
2498 5117 2594 5168 τοῦ
2641 5108 2920 5170 κτίσαντός
2983 5126 3047 5180 με
3105 5095 3378 5157 Δεσπότου
3437 5092 3661 5194 δωρεάν.
3720 5088 3814 5144 Καὶ

2175 5186 2507 5286 πληρώσατε
2561 5212 2659 5274 τὴν
2716 5206 2835 5277 γῆν.
2889 5200 2987 5255 Καὶ
3049 5193 3246 5273 ἄρχετε
3301 5195 3408 5247 τῶν
3445 5186 3675 5286 ,ΐχθῦων
3719 5189 3816 5286 τῆς

2176 5271 2470 5368 θαλάσσης,
2544 5293 2632 5350 καὶ
2707 5297 2814 5347 τῶν
2888 5290 3176 5380 πετεινῶν-
3231 5287 3328 5380 τος)
3396 5277 3655 5380 ,οὖρα-νοῇ
3731 5271 3820 5380 καὶ

2174 5361 2281 5447 τῶν
2333 5361 2538 5462 θηρίων
2599 5390 2697 5454 τῆς
2755 5387 2882 5456 γῆς.
2949 5376 3098 5449 Αὕτη
3157 5369 3548 5467 λοιπὸνὴτοῦ
3578 5361 3820 5467 Πληρώῖ

2175 5501 2300 5536 σατε
2459 5481 2586 5552 γῆν,
2646 5447 2888 5550 εὐλογία,
2940 5447 3095 5540 αὕτη
3133 5467 3170 5536 ἠ
3219 5455 3535 5538 νομοθεσία,
3564 5455 3729 5509 τοῦτο
3759 5447 3820 5504 τό

492 5699 568 5770 (a)
597 5698 848 5778 Ἴδωμεν.
880 5705 1047 5762 Forte
1077 5699 1333 5777 εἰδῶμεν,
1367 5707 1432 5762 ut
1461 5708 1520 5762 et
1548 5704 1837 5778 interpres
1868 5703 2054 5777 legiss

2165 5701 2356 5759 detur.
2387 5695 2547 5755 Enrr.
2624 5693 2701 5768 (ὁ)
2731 5687 3053 5766 Ἀγοράσας.
3088 5683 3177 5750 L.,
3208 5672 3582 5749 ὠνησάμενος.
