4108 6214
297 380 387 440 29

1325 384 1427 445 DE
1473 382 1799 448 HOMIle
1846 388 2318 451 STRUCTURA
2362 390 2655 451 ORATlO
2700 390 2748 449 l.
3659 388 3738 449 30

299 512 532 585 ἀξίωμα
576 512 640 567 τὸ
688 508 978 585 δεδομένον
1019 514 1155 586 ἡμῖν
1206 514 1355 588 παρᾶ
1384 518 1535 571 Θεοῦ.
1571 515 1668 570 Καὶ
1728 515 1977 585 ἐποίησεν

2095 520 2185 576 bis
2217 538 2249 576 a
2273 522 2385 576 Deo
2414 520 2624 576 collata
2654 520 2931 592 dignitas.
2970 525 3041 576 Et
3094 523 3228 592 fecit
3270 522 3406 576 Deus
3437 520 3735 576 hominem.

303 604 335 656 6
398 602 533 663 Θεὸς
580 600 675 655 τὸν
738 599 1045 676 ἄνθρωπον,
1116 602 1240 656 Κατ’
1297 602 1478 657 εἰκόνα
1534 603 1667 659 Θεοῦ
1719 603 1978 676 ἐποίησεν

311 690 503 748 αὐτόν.
540 695 688 766 Ἀρα
719 689 818 745 οὐκ
846 688 1203 764 έπεσημήνῳ,
1235 689 1318 745 ὅτι
1374 690 1610 762 ἐλλιπὴς
1664 694 1731 763 ἦν
1774 697 1809 764 ἡ
1845 695 1982 750 ἀπό-

321 778 493 852 ’ὅειξις
542 782 660 853 (a);
709 780 1040 853 Ποιήσωμεν
1089 777 1378 855 ἄνθρωπον
1433 782 1549 837 κατ’
1607 781 1789 837 εἷ’κόνα
1845 786 1984 858 ἠμε-

328 871 491 939 τὲραν
542 870 621 924 καὶ
682 869 804 933 καθ’
834 868 1123 943 ὁμοίωσιν.
1152 869 1215 925 Ἡ
1279 870 1454 943 βουλὴ
1524 868 1619 926 δύο
1680 873 1815 949 εἶχε,
1866 874 1982 928 κατ’

342 960 534 1029 εἰκόνα,
562 958 650 1013 καὶ
705 959 826 1023 καθ’
873 959 1169 1032 ὁμοίωσιν·
1210 961 1245 1030 ἡ
1280 957 1617 1037 δημιουργία
1670 962 1734 1016 τὸ
1778 959 1981 1038 ’ἐνέχει

350 1050 519 1122 μόνον,
540 1048 604 1103 τὸ
631 1050 751 1103 κατ’
789 1047 991 1105 είκόνα.
1033 1049 1124 1118 Μὴ
1177 1045 1365 1111 ἄλλως
1416 1044 1716 1121 ἐϐουλήθη,
1744 1051 1833 1106 καὶ
1884 1051 1983 1108 ἄλ-

344 1138 447 1201 λως
474 1132 985 1211 μτεόουλεῦσατος
1023 1138 1097 1210 μὴ
1134 1136 1465 1211 μεταμέλειά
1504 1159 1588 1201 τις
1637 1139 1688 1194 ἂν
1741 1144 1810 1215 τῇ
1868 1139 1983 1195 κτί-

337 1248 408 1282 σει
457 1224 980 1301 παρηκολούθησε;
1042 1227 1119 1298 μὴ
1180 1225 1368 1281 ἀτονία
1442 1227 1611 1303 τυχὸν
1681 1228 1981 1301 κτίσαντος,

330 1314 540 1391 μεγάλα
595 1316 693 1388 μὲν
738 1313 1137 1391 προελομένου,
1177 1315 1346 1391 μικρᾶ
1401 1313 1459 1371 δὲ
1516 1316 1979 1388 ἁποτελέσαντος;

324 1402 376 1473 ἣ,
410 1405 491 1476 μή
527 1425 639 1459 που
662 1401 963 1480 ἀδολεσχία
986 1403 1037 1458 ὲν
1060 1409 1177 1466 τοῖς
1207 1406 1491 1481 προτέροις
1522 1402 1712 1482 λόγοις
1766 1408 1982 1479 ὑπολη-

318 1492 506 1567 φθείη,
538 1493 631 1547 καὶ
667 1494 891 1564 περιττὴ
926 1495 961 1562 ἡ
992 1497 1088 1547 τοῦ
1129 1489 1381 1566 δευτέρου
1411 1498 1723 1569 προσθήκη,
1755 1496 1832 1558 ὡς
1873 1501 1980 1552 τῶν

317 1578 419 1635 δύο
452 1581 660 1651 λέξεων
691 1583 790 1651 τήν
842 1582 1013 1651 αὐτὴν
1062 1576 1269 1637 ἔννοιαν
1303 1582 1568 1659 έχουσῶν,
1600 1584 1689 1639 καὶ
1736 1585 1799 1640 τὸ
1854 1586 1983 1641 αθτὸ

316 1668 769 1746 ἀπαραλλάκτως
815 1675 1243 1743 σημαινουσῶν;
1270 1671 1426 1729 Ἀλλ’
1456 1670 1587 1749 ὅπερ
1637 1672 1695 1728 ἂν
1755 1673 1815 1730 ἑκ
1855 1675 1981 1730 τού·-

315 1780 432 1813 των
486 1760 741 1814 ἁπάντων
795 1759 1188 1833 ὑπονοήσωμεν
1245 1760 1333 1815 καὶ
1381 1762 1865 1839 προφασισώμεθα,
1905 1762 1982 1825 εἷς

316 1849 663 1924 κατηγορίαν
691 1853 851 1903 τοῦτο
881 1855 982 1919 τῆς
1030 1854 1249 1927 Γραφῆς
1306 1848 1367 1903 οὗ
1422 1849 1640 1926 μετρίαν
1689 1850 1983 1907 ἀποτελευ-
2015 1893 2061 1958 Β

373 1940 388 1958 ,
537 1934 614 1958 ην
745 1939 758 1955 ς
866 1939 880 1958 ε
1091 1935 1134 1958 n
1433 1940 1449 1958 ε
1514 1942 1555 1958 ,ρ
1598 1940 1645 1958 ,η
1702 1941 1715 1958 .
1815 1940 1825 1958 .

315 1940 507 2007 στήσει.
537 1934 667 1995 Εἴτε
697 1939 804 2014 γαρ
850 1939 925 1999 ὡς
972 1935 1244 2013 παρέλκειν
1295 1959 1346 1993 τι
1395 1940 1479 2010 τὸ,
1514 1940 1645 1996 Καθ’
1694 1940 1984 2013 ὁμοίωσιν,

278 2086 283 2089 ν
321 2026 483 2081 εἴποι
512 2048 612 2099 τις,
645 2027 721 2089 ὡς
780 2024 865 2091 δίς
904 2028 968 2083 τὸ
1016 2025 1145 2083 αὐτὸ
1197 2026 1398 2103 λέγειν,
1434 2027 1602 2104 ἀργὸν
1651 2026 1869 2105 ἐλέγχει
1922 2030 1986 2085 τὸ

320 2115 511 2191 ῥῆμω
542 2117 632 2171 καὶ
668 2115 998 2191 βλασφημία
1029 2113 1178 2185 δεινή
1209 2120 1371 2172 τοῦτο
1416 2118 1554 2172 κατά
1599 2120 1698 2183 τῆς
1748 2122 1983 2197 Γραφῆς,

318 2204 451 2274 ἥτις
482 2204 583 2259 οὐκ
611 2202 727 2259 οἶδε
756 2204 889 2260 ποτὶ
936 2203 1282 2281 ἀργολογεῖν.
1317 2206 1527 2262 Οὐκοῦν
1579 2206 1845 2282 ἀναγκαῖα
1893 2209 1984 2264 καί

319 2295 496 2372 ἆμιρω
525 2293 618 2348 καὶ
662 2290 1083 2370 ἰδιοσήμαντρα,
1108 2294 1172 2349 τό
1219 2314 1278 2349 τε
1330 2295 1463 2350 Κατ’
1507 2294 1705 2362 είκόνα,
1755 2297 1843 2351 καὶ
1896 2298 1981 2354 τὸν

323 2384 455 2436 Καθ’
484 2382 780 2456 ὁμοίωσιν.
814 2387 938 2444 Πῶς
999 2383 1089 2437 οὖν
1134 2382 1262 2459 οὐχὶ
1305 2382 1395 2438 καὶ
1438 2384 1573 2456 μετᾶ
1617 2382 1679 2439 τὰ
1740 2383 1985 2461 γενέσθαι

319 2473 416 2526 τὸν
469 2470 759 2547 ἄνθρωπον
818 2470 1027 2545 ὁμοίως
1082 2470 1287 2549 ἰῤῥήθη
1345 2472 1429 2542 τὸ,
1479 2474 1608 2529 Κατ’
1656 2472 1839 2530 είκόνα
1892 2474 1984 2529 καὶ

323 2566 445 2624 καθ’
490 2560 762 2633 ὁμοίωσιν
810 2558 1062 2631 ἐποίησεν
1120 2559 1278 2616 αὐτὸν
1325 2561 1353 2616 6
1403 2562 1555 2633 Θεὸς,
1587 2561 1735 2618 ἀλλὰ
1795 2563 1984 2636 μόνον,

324 2651 443 2705 κατ’
491 2649 716 2719 εἷκόνα;
752 2650 811 2708 El
875 2651 969 2724 μὶν
1028 2649 1113 2706 ὅτι
1169 2651 1433 2723 ἠτόνησεν
1490 2653 1518 2708 6
1558 2657 1751 2721 ποιῶν,
1784 2649 1982 2723 ἀσεϐὴς

333 2741 364 2793 6
417 2740 577 2815 Λόγος
622 2739 715 2794 καὶ
760 2740 983 2803 aito-nor
1034 2739 1080 2795 εἷ
1134 2738 1192 2795 δὲ
1242 2740 1325 2796 ὅτι
1376 2740 1725 2815 μετεμελήθη
1759 2743 1788 2797 6
1820 2763 1985 2819 προσ-

340 2830 571 2895 τασσων,
615 2824 961 2904 ἀσεϐέστερον
1035 2828 1097 2884 τὸ
1146 2828 1433 2902 ἐνθύμημα
1465 2850 1477 2863 ·
1538 2829 1582 2884 εἷ
1638 2829 1696 2885 δὲ
1749 2830 1838 2885 καὶ
1898 2830 1981 2887 ὅτι

342 2918 444 2985 τὴν
475 2920 729 2993 προτέραν
770 2915 1003 2993 βουλὴν.
1039 2917 1100 2973 οὐ
1154 2919 1294 2972 πάνυ
1340 2917 1515 2993 ὀρθῶς
1544 2912 1797 2994 ἔχουσαν,
1831 2917 1981 2975 ὕστε-

334 3026 432 3078 ρον
482 3006 625 3081 τάχα
674 3005 723 3061 έν
776 3009 844 3081 τῇ
894 3008 1113 3078 ποιήσει
1166 3003 1631 3081 ἰπιδιωρθώσατο,
1672 3006 1761 3061 καὶ
1819 3012 1980 3063 τοῦτο

328 3094 543 3167 ὁμοίως
572 3093 755 3158 ἀθεΐας
787 3095 849 3150 τὸ
882 3094 1141 3169 ἐννόημα.
1172 3094 1329 3152 Ἀλλ’
1374 3092 1499 3151 οὔτε
1546 3097 1574 3151 6
1632 3097 1979 3172 Δημιουργὸς

320 3182 526 3255 ἀτονεῖ,
554 3179 681 3238 οὔτε
728 3184 757 3237 6
800 3183 1019 3259 ἀγαθὸς,
1051 3186 1118 3238 τὰ
1165 3185 1338 3239 πάντα
1379 3182 1556 3258 εἰδὼς,
1593 3183 1976 3259 μεταμέλεται,

2093 610 2169 664 Ad
2195 612 2507 683 imaginem
2537 611 2632 665 Dei
2649 611 2782 683 fecit
2811 610 3237 682 eumNunquid
3255 627 3368 665 non
3394 611 3735 679 observasti,

2094 715 2366 755 mancum
2396 714 2523 755 esse
2554 716 2620 754 ac
2651 699 3010 754 diminutum
3031 699 3085 755 id
3118 700 3270 770 quod
3304 698 3739 754 redditur?Fa-

2090 790 2300 844 ciamus
2328 788 2602 844 hominem
2623 787 2694 844 ad
2717 790 3016 859 imaginem
3030 793 3282 844 nostram
3307 792 3362 843 et
3391 786 3738 844 adsimilitu-

2090 878 2299 945 dinem.
2334 878 2656 933 Consilium
2688 878 2804 932 duo
2837 877 3064 942 habuit,
3097 878 3167 932 ad
3202 877 3543 950 imaginem,
3577 880 3633 931 et
3663 875 3735 931 ad

2092 966 2580 1022 similitudinem:
2619 968 2938 1038 procreatio
2988 983 3165 1021 unam
3216 967 3502 1022 duntaxat
3541 966 3736 1034 habet,

2091 1072 2302 1128 nempe
2332 1056 2485 1129 quod
2519 1060 2608 1111 est
2625 1056 2694 1110 ad
2719 1054 3337 1126 imaginem.Nuuquid
3360 1054 3737 1111 aliterdecre-

2091 1143 2192 1213 vit,
2218 1149 2395 1216 atque
2425 1142 2598 1198 aliter
2626 1147 2851 1198 mutato
2876 1143 3119 1198 consilio
3152 1142 3287 1197 fecit
3314 1143 3342 1197 ‘I
3371 1159 3513 1197 num
3547 1141 3737 1215 ι)ωηί-

2091 1232 2232 1287 tudo
2263 1231 2461 1303 aliqua
2493 1233 2549 1286 in
2584 1233 2875 1287 creatione
2898 1232 3212 1287 subsecuta
3233 1235 3322 1286 est
3350 1231 3377 1286 ?
3407 1232 3557 1287 Num
3591 1231 3737 1287 forte

2094 1321 2285 1377 fractae
2318 1321 2572 1377 creantis
2602 1322 2752 1376 vires
2774 1338 2840 1376 ac
2871 1321 3203 1387 minutaa,ut
3231 1335 3365 1374 cum
3399 1335 3613 1391 magna
3633 1321 3734 1376 de-

2093 1409 2683 1477 stinaverit,lminora
2713 1427 2885 1483 opere
2917 1414 3227 1465 exsecutus
3257 1410 3383 1465 sit?
3410 1411 3543 1475 Aut,
3572 1426 3737 1464 nun-

2092 1499 2232 1571 quid
2266 1500 2323 1555 in
2359 1499 2650 1571 prioribus
2705 1500 2899 1555 verbis
2947 1498 3251 1568 nugacitas
3282 1499 3626 1554 mstimanda
3657 1499 3737 1554 sit

2093 1588 2509 1661 superﬂuaque
2536 1591 2685 1661 ejus,
2723 1589 2879 1661 quod
2913 1589 3168 1644 secundo
3203 1588 3324 1643 loco
3346 1590 3602 1659 positum
3624 1593 3735 1656 est,

2092 1678 2380 1748 adjectio;
2415 1677 2633 1753 quippe
2662 1680 2811 1751 quod
2838 1679 3021 1735 ambae
3045 1677 3327 1733 dictiones
3347 1676 3735 1733 eumdemha-

2092 1763 2829 1837 beantsensum,nulloque
2850 1763 3356 1821 discrimineidem
3380 1762 3740 1836 significent?

2098 1852 2403 1908 Enimvero
2436 1854 2723 1926 quidquid
2756 1855 2964 1909 horum
2997 1852 3282 1925 suspicati
3323 1868 3388 1907 ac
3411 1851 3736 1908 causiﬁcati

2093 1938 2466 2006 fuerimus,in
2495 1940 2808 2012 Scriptura:
2837 1940 2993 1996 haud
3027 1939 3150 1995 leve
3171 1939 3394 1995 crimen
3419 1937 3737 1994 cedet.Sivo

2095 2027 2250 2084 enim
2278 2044 2381 2084 ceu
2414 2029 2553 2100 quid
2586 2030 2924 2084 redundans
2955 2028 3110 2084 dicat
3144 2028 3459 2100 quis,quod
3485 2028 3568 2082 ita
3592 2026 3740 2082 scri-

2094 2122 2262 2188 ptum
2293 2118 2486 2184 est,Ad
2515 2117 3149 2190 similitudinem,quasi
3178 2116 3269 2173 bis
3300 2117 3455 2171 idem
3486 2115 3735 2182 dicatur,

2095 2206 2349 2262 otiosum
2363 2202 2607 2263 verbum
2628 2206 3287 2280 arguitzgravisquehaac
3301 2205 3357 2260 in
3371 2204 3600 2277 Scriptu
3611 2220 3735 2259 ram

2095 2294 2655 2368 blasphemia,cujus
2685 2313 2987 2368 nunquam
3020 2295 3202 2351 moris
3230 2298 3318 2351 est
3346 2294 3532 2351 otiosa
3552 2292 3734 2364 loqui.

2098 2385 2298 2455 Itaque
2320 2385 2651 2441 necessaria
2681 2385 2854 2441 ambo
2884 2388 3115 2453 sunt,ae
3133 2385 3419 2455 cujusque
3434 2383 3734 2456 proprium

2093 2473 2647 2544 signiﬁcatum,tum
2665 2476 2794 2557 ejus
2813 2476 2968 2547 quod
2999 2474 3081 2530 Ad
3110 2474 3559 2544 imaginem,tum
3578 2473 3733 2544 quod

2093 2562 2170 2617 Ad
2199 2563 2621 2619 similitudinem
2652 2563 2935 2635 scriptum
2994 2568 3102 2620 est.
3135 2563 3283 2627 Quid
3333 2561 3517 2634 igitur
3546 2578 3735 2617 cauete

2092 2654 2203 2718 est,
2234 2667 2336 2706 cur
2363 2656 2421 2707 et
2451 2656 2584 2724 post
2631 2653 2930 2708 conditum
2980 2650 3303 2719 hominem,
3363 2668 3478 2707 non
3521 2650 3738 2722 pariter

2092 2740 2316 2796 dictum
2335 2742 2536 2806 est,Ad
2552 2740 2872 2813 imaginem
2902 2748 2959 2798 et
2976 2740 3428 2797 similitudinem
3450 2739 3579 2796 fecit
3599 2754 3733 2794 eum

2092 2828 2268 2895 Deus,
2299 2829 2401 2884 sed
2432 2830 2740 2897 duntaxat,
2758 2830 2834 2885 ,Μ
2868 2832 3169 2902 imaginem
3193 2828 3220 2883 ?
3249 2831 3327 2884 Ac
3356 2827 3493 2899 quia
3522 2828 3571 2883 si
3602 2828 3734 2883 ideo

2092 2918 2247 2989 quod
2280 2933 2486 2973 creans
2507 2918 2773 2973 minutus
2798 2918 3056 2989 potentia
3085 2915 3419 2988 est,impius
3439 2932 3631 2971 sermo
3645 2919 3735 2970 est

2090 3010 2148 3061 et
2177 3006 2609 3061 absurdus.Sin
2638 3006 3018 3071 vero,idcirco
3049 3005 3187 3077 quia
3208 3004 3372 3077 prius
3394 3003 3729 3073 consilium,

2090 3096 2244 3168 quod
2280 3096 2435 3151 haud
2467 3094 2633 3151 valde
2666 3099 2817 3151 recte
2848 3094 3109 3165 haberet,
3157 3095 3533 3167 postmodum
3586 3093 3734 3149 forte

2092 3185 2150 3240 in
2210 3184 2503 3240 creatione
2551 3185 2742 3240 denuo
2795 3184 3141 3251 emendarit,
3193 3187 3251 3239 et
3310 3183 3429 3238 haec
3487 3181 3732 3253 perinde

323 3272 417 3326 καὶ
464 3271 589 3346 περί
634 3271 731 3333 τὰς
778 3257 1099 3348 ὑποσχέσεις
1127 3268 1514 3342 ἀναϐάλλεται,
1542 3257 1673 3329 ὀὔτε
1814 3276 1977 3354 σοφὸς

2090 3273 2377 3346 impietati
2409 3275 2636 3329 haerens
2665 3273 3019 3329 existimatio
3042 3277 3152 3329 est.
3184 3276 3260 3327 At
3291 3287 3478 3343 neque
3497 3274 3736 3328 Creator

322 3355 810 3432 μεταϐουλεύεται,
835 3359 963 3416 οὔτε
989 3367 1023 3431 ἡ
1057 3363 1242 3438 Γραφή
1274 3362 1524 3417 τοιοῦτόν
1575 3384 1628 3418 τι
1683 3359 1850 3439 λέγει.
1883 3364 1981 3428 Τίς

318 3448 415 3504 οὖν
447 3450 477 3503 6
507 3448 681 3526 λόγος
706 3454 804 3504 τοῦ
833 3451 917 3520 τὸ,
946 3451 1075 3506 Κατ’
1105 3450 1302 3519 εἶχόνα,
1340 3451 1528 3524 μόνον,
1558 3450 1609 3507 ἐν
1667 3455 1736 3526 τῇ
1759 3454 1977 3524 ποιήσει

315 3542 421 3592 τοῦ
475 3537 793 3614 ἀνθρώπου,
852 3540 1021 3593 εἱπεῖν
1096 3539 1189 3595 τὸν
1248 3538 1525 3595 θεσπέσιον
1580 3542 1839 3611 Μωυσῆν,
1891 3541 1976 3615 τὸ,

314 3628 460 3690 Καθ’
481 3625 778 3699 ὁμοίωσιν,
810 3626 1291 3701 ἀποσιωπήσαντα,
1324 3627 1503 3684 καίτοι
1535 3628 1587 3685 ἒν
1619 3633 1688 3704 τῇ
1737 3627 1979 3706 προτέρᾳ

314 3714 509 3792 βουλῇ
538 3714 863 3794 ἀμφοτέρων
912 3717 1123 3789 ὁμοίως
1169 3715 1746 3796 συμπαραληφθέντων
1791 3717 1973 3792 mitti);

2090 3361 2312 3419 viribus
2345 3362 2651 3428 deﬁcitur;
2689 3379 2875 3434 neque
2906 3362 3005 3435 qui
3038 3362 3229 3418 bonus
3270 3365 3380 3427 est,
3412 3363 3734 3431 cunctaque

2091 3450 2390 3524 explorata
2418 3451 2985 3524 babet,pcenitudine
3003 3451 3330 3521 ducitur,ac
3346 3466 3541 3505 moras
3556 3450 3735 3505 nectit

2092 3547 2158 3597 ut
2187 3540 2477 3613 promissa
2507 3540 2779 3612 impleat:
2802 3556 2905 3596 nec
2926 3540 3027 3612 qui
3055 3536 3731 3612 sapiensest,consilium

2092 3633 2302 3699 mutat,
2336 3645 2441 3685 nec
2469 3629 2768 3701 Scriptura
2809 3629 3099 3700 ejusmodi
3131 3628 3284 3684 388
3317 3626 3620 3699 quidpiam
3642 3626 3729 3680 lo-

2091 3718 2314 3790 quitur.
2340 3719 2614 3783 Quaanam
2646 3716 2827 3789 igitur
2855 3717 3001 3772 ratio
3031 3721 3256 3785 est,cur
3284 3715 3519 3771 divinus
3537 3714 3730 3770 Moses

310 3806 454 3873 hoc,
485 3806 648 3878 quod
691 3810 781 3862 est
810 3807 882 3862 ad
911 3805 1250 3878 imaginem,
1280 3808 1340 3863 in
1372 3808 1630 3864 hominis
1660 3809 1954 3865 creatione
1983 3806 2355 3864 solummodo
2375 3805 2603 3877 dixerit,
2626 3806 2900 3877 quodque
2930 3806 3002 3861 ad
3034 3803 3482 3861 similitudinem
3513 3806 3623 3873 est,
3655 3802 3736 3859 si-

302 3904 497 3961 lentio
531 3904 813 3975 presserit
845 3921 858 3960 :
885 3906 1118 3961 tametsi
1146 3906 1204 3960 in
1238 3904 1414 3978 priori
1444 3906 1692 3963 consilio
1725 3911 2047 3980 utrumque
2067 3904 2244 3962 simul
2269 3903 2510 3977 perinde
2541 3901 2983 3976 assumpserat?

374 3995 473 4048 20.
505 3988 691 4063 Ῥᾳδία
718 3996 798 4064 τῷ
834 3991 1161 4069 προσίχοντι
1214 3991 1306 4048 καὶ
1354 3994 1584 4049 συνιέναι
1650 3993 1974 4070 βουλομένῳ

2151 3995 2241 4049 20.
2300 3992 2509 4049 Facilis
2539 3997 2647 4059 est,
2699 3993 2748 4048 si
2781 3992 2915 4065 quis
2946 3993 3211 4048 animum
3255 3990 3519 4070 attendat
3546 4007 3611 4047 ac
3640 3990 3726 4046 in-

296 4083 337 4151 ἡ
376 4079 655 4143 ἐπίλυσις.
698 4082 774 4139 Τὸ
827 4082 923 4154 μὲν
967 4068 1090 4158 γὰρ,
1124 4082 1254 4139 Κατ’
1301 4081 1502 4154 εῗκόνα,
1555 4068 1707 4162 φύσει
1760 4081 1973 4140 δέδοται

2089 4082 2346 4155 telligere
2376 4081 2533 4152 velit,
2565 4081 2800 4138 solutio.
2824 4081 3050 4137 Etenim
3083 4081 3237 4153 quod
3268 4068 3358 4136 es't
3413 4080 3485 4135 ad
3517 4080 3724 4151 imagi-

300 4174 476 4243 ἡμῖν,
511 4168 604 4224 καὶ
656 4165 1041 4243 ἀμετάϐλητον
1102 4166 1151 4243 ἔξ
1202 4170 1385 4248 ἀρχῆς
1434 4174 1526 4227 καί
1576 4171 1653 4235 εἷς
1698 4172 1763 4228 τὸ
1812 4170 1972 4237 τέλος

2089 4187 2238 4238 nem,
2273 4176 2485 4226 natura
2515 4170 2685 4227 nobis
2718 4185 3062 4226 concessum
3095 4173 3206 4236 est,
3239 4174 3413 4242 atque
3442 4186 3477 4225 a
3508 4168 3724 4242 princi-

304 4260 680 4334 συμπάρεστυ
713 4259 776 4314 τὸ
825 4255 904 4330 ὃὶ,
954 4261 1083 4314 Καθ’
1126 4259 1414 4333 ὁμοίωσιν,
1472 4259 1533 4317 ἐκ
1582 4262 1970 4339 προαιρέσεως,

2089 4261 2176 4333 ρὶο
2210 4259 2578 4316 immutabile
2607 4264 2664 4316 et
2693 4259 2753 4315 in
2784 4260 2959 4315 ﬁnem
2992 4274 3178 4331 usque
3208 4274 3407 4315 comes
3435 4261 3541 4315 est.
3557 4259 3723 4323 Quod

300 4349 402 4403 καὶ
463 4344 681 4403 οἴκοθεν
730 4352 1102 4423 κατορθοῦμεν
1164 4347 1404 4424 ὕστερον.
1457 4350 1543 4406 Ἐν
1604 4350 1699 4425 μὶν
1760 4348 1850 4406 οὗν
1901 4354 1970 4426 τῇ

2089 4366 2212 4406 vero
2242 4351 2312 4405 ad
2342 4348 2811 4417 similitudinem,
2844 4347 3030 4404 libera
3058 4347 3357 4405 voluntate
3385 4351 3443 4404 et
3489 4365 3524 4403 a
3554 4345 3722 4404 nobis

303 4437 508 4513 πρώτῃ
572 4434 754 4511 βουλῇ
811 4434 987 4514 λέγων
1042 4438 1071 4492 6
1121 4438 1271 4509 Θεὸς,
1304 4440 1630 4514 Ποιήσωμεν
1686 4438 1969 4517 ἄνθρωπον

2089 4440 2458 4512 postmodum
2490 4441 2972 4512 praestatur.Cum
3004 4437 3201 4510 itaque
3232 4437 3292 4493 in
3324 4435 3717 4511 primoconsi-

304 4527 426 4581 κατ’
458 4525 651 4581 εἰκόνα
696 4527 993 4601 ἡμετέραν,
1041 4526 1131 4582 καὶ
1173 4528 1258 4596 τὸ,
1293 4528 1417 4583 Καθ’
1475 4527 1740 4604 ὁμοίωσιν
1801 4549 1969 4606 προσ-

2089 4529 2156 4585 lio
2188 4528 2270 4585 ait
2298 4529 2475 4586 Deus.
2500 4528 2789 4585 Faciamus
2845 4528 3125 4584 hominem
3181 4525 3253 4583 ad
3299 4527 3601 4600 imaginem
3628 4542 3724 4583 no-

308 4616 532 4684 ἐθηκεν·
570 4610 807 4687 δεικνὺς,
840 4611 923 4671 ὅτι
949 4616 1041 4671 καὶ
1087 4617 1403 4694 προαίρεσιν
1446 4619 1582 4692 ἡμῖν
1632 4618 1970 4691 αὖτεξουσίαν

310 4699 571 4777 ἐμϐαλεῖ,
607 4705 712 4774 τήν
772 4700 1078 4779 δυναμένην
1134 4713 1360 4777 ποιῆσαι
1419 4709 1568 4782 ἡμᾶς
1627 4708 1967 4783 ὁμοιωθῆναι

318 4799 450 4865 θεῷ.
511 4791 613 4848 Καὶ
668 4797 804 4868 γοῦν
863 4794 952 4849 καὶ
1012 4798 1256 4851 τοιοῦτοι
1326 4794 1782 4872 ἀπετελέσθημεν,
1834 4797 1970 4855 κατὰ

325 4882 414 4947 τῂν
442 4881 754 4960 πρόρρησιν
782 4886 880 4938 τοῦ
911 4887 1066 4943 Θεοῦ.
1100 4882 1313 4940 Πολλοὶ
1342 4884 1441 4961 γὰρ
1484 4886 1536 4941 οἱ
1606 4887 1968 4960 ὁμοιωθέντες

326 4969 488 5042 αὐτῷ,
540 4972 761 5035 πάντως
809 4968 866 5028 δὲ
906 4973 995 5029 καὶ
1049 4973 1549 5049 ὁμοιωθησόμενοι,
1594 4974 1690 5031 κᾶν
1753 4976 1829 5051 μὴ
1877 4976 1968 5032 καὶ

319 5061 518 5124 πάντες
560 5062 639 5125 είς
682 5066 847 5118 τοῦτο
897 5061 1345 5138 ἰπισπεόδοιμεν,
1373 5063 1521 5121 ἀλλὰ
1571 5066 1669 5135 τήν
1729 5065 1967 5121 ἐναντίαν

314 5146 537 5223 μᾶλλον
572 5151 678 5207 ὑπὸ
711 5149 1060 5218 ὲθελοκακίας
1087 5150 1420 5228 βαδίζοιμεν.
1452 5155 1539 5208 Ἐν
1588 5152 1645 5209 δὲ
1701 5158 1769 5230 τῇ
1811 5176 1970 5210 κατα-

308 5244 474 5315 σκευῇ
536 5240 760 5316 ὕστερον
814 5241 978 5314 μόνον
1038 5241 1155 5297 εἶπε
1209 5242 1293 5312 τὸ,
1328 5244 1452 5298 Κατ’
1500 5242 1703 5311 εἰκόνα,
1745 5244 1820 5307 ὡς
1878 5244 1968 5300 καὶ

306 5330 471 5403 μόνον
504 5334 672 5385 τοῦτο
702 5329 912 5393 ἐντελὲς
940 5330 1032 5386 καὶ
1089 5329 1465 5388 ἀναλλοίωτον
1522 5335 1591 5407 τῇ
1651 5332 1966 5409 ἀνθρωπίνῃ

305 5419 463 5495 ςοῦσει
526 5417 983 5496 έγκατασκευάσας
1018 5440 1031 5454 ⁸
1085 5421 1147 5476 τὸ
1223 5418 1281 5476 δέ
1353 5441 1435 5498 γε,
1494 5421 1623 5476 Καθ’
1675 5420 1966 5496 ὁμοίωσιν,

304 5505 496 5578 ἑπειδὴ
543 5506 771 5585 δυνάμει
819 5511 957 5573 τέως
1007 5508 1175 5585 μόνον
1205 5508 1585 5587 ἔγκατὲσπειρε
1638 5514 1719 5585 τῷ
1768 5508 1972 5585 ἀνθρώ-

372 5712 448 5785 (a)
470 5706 811 5784 Ἀπόδειξις.
844 5712 1007 5786 Leg.,
1028 5708 1313 5776 ἀπόδοσις.

2081 4627 2273 4689 stram,
2306 4618 2509 4692 adjicit
2563 4623 2639 4689 et,
2672 4619 2752 4675 Ad
2779 4617 3247 4682 similitudinem;
3281 4623 3346 4675 ut
3393 4618 3725 4674 ostenderet

2077 4708 2323 4766 liberam
2355 4725 2584 4783 quoque
2608 4708 2778 4767 nobis
2800 4706 3157 4766 voluntatem
3172 4708 3391 4776 indere,
3423 4724 3527 4780 per
3541 4723 3719 4779 quam

2079 4799 2338 4856 nancisci
2370 4798 2565 4868 liceat,
2592 4802 2658 4855 ut
2684 4799 2802 4855 Deo
2834 4795 3057 4855 similes
3088 4797 3435 4853 efficiamur.
3468 4800 3552 4852 Ac
3581 4811 3723 4852 sane

2078 4888 2227 4946 tales
2256 4889 2432 4945 etiam
2465 4889 2651 4945 eii‘ecti
2683 4904 2915 4957 sumus,
2946 4905 3050 4961 pro
3102 4904 3170 4944 eo
3227 4903 3295 4943 ac
3349 4885 3545 4942 divino
3576 4901 3722 4958 prae-

2079 4977 2300 5034 dictum
2322 4977 2557 5035 oraculo
2586 4982 2697 5034 est.
2729 4977 2897 5033 Multi
2938 4977 3095 5033 enim
3126 4976 3352 5033 similes
3384 4976 3435 5031 ei
3468 4991 3722 5043 evasere,

2077 5084 2440 5140 prorsusque
2452 5066 2627 5122 etiam
2653 5068 2851 5122 futuru
2864 5083 2917 5121 m
2935 5070 2998 5121 ut
3014 5065 3185 5121 multi
3212 5063 3724 5131 evadant,tametsi

2078 5173 2193 5212 non
2209 5173 2414 5212 omnes
2428 5156 2497 5211 ad
2524 5156 2631 5212 boc
2649 5156 3160 5228 properemus,sed
3175 5154 3525 5211 contrariam
3560 5170 3722 5226 pror-

2078 5262 2181 5301 sus
2214 5245 2366 5301 viam
2392 5248 2591 5301 nostra
2614 5250 2818 5318 sponte
2836 5243 3103 5301 socordia
3123 5244 3486 5301 incedamus.
3520 5242 3583 5299 In
3616 5243 3722 5299 ho-

2079 5335 2257 5391 minis
2287 5350 2421 5390 vero
2452 5334 2829 5407 postmodum
2856 5338 3151 5390 structura
3172 5332 3366 5390 solum
3400 5331 3543 5388 dixit
3565 5332 3721 5404 quod

2077 5429 2168 5480 est
2196 5425 2268 5481 ad
2295 5424 2633 5497 imaginem,
2667 5424 2881 5497 quippe
2905 5422 3005 5496 qui
3036 5423 3212 5480 etiam
3246 5440 3430 5479 unum
3461 5421 3571 5478 hoc
3592 5438 3722 5495 per-

2079 5513 2296 5571 fectum
2328 5518 2387 5570 et
2411 5513 2783 5571 immutabile
2802 5514 2863 5570 in
2893 5512 3156 5571 humana
3175 5518 3385 5571 natura
3400 5510 3718 5569 fabricatus
