  <div class='ocr_page' id='page_1' title='image "/cluster/home/n/w/nwhite01/storage/ocr_20150623/30/hvd.32044073501827/023.png"; bbox 0 0 4108 6214; ppageno 0'>
   <div class='ocr_carea' id='block_1_1' title="bbox 369 337 3776 407">
    <p class='ocr_par' dir='ltr' id='par_1_1' title="bbox 369 337 3776 407">
     <span class='ocr_line' id='line_1_1' title="bbox 369 337 3776 407; baseline 0.002 -8"><span class='ocrx_word' id='word_1_1' title='bbox 369 342 440 399; x_wconf 85' lang='grc'><strong>31</strong></span> <span class='ocrx_word' id='word_1_2' title='bbox 1301 337 1701 397; x_wconf 84' lang='lat' dir='ltr'>APPENDIX</span> <span class='ocrx_word' id='word_1_3' title='bbox 1747 338 2074 401; x_wconf 77' lang='lat' dir='ltr'>OPERUM</span> <span class='ocrx_word' id='word_1_4' title='bbox 2120 342 2186 402; x_wconf 88' lang='lat' dir='ltr'>S.</span> <span class='ocrx_word' id='word_1_5' title='bbox 2233 340 2513 403; x_wconf 78' lang='lat' dir='ltr'>BASlLll</span> <span class='ocrx_word' id='word_1_6' title='bbox 2559 340 2832 404; x_wconf 83' lang='lat' dir='ltr'>MAGNI.</span> <span class='ocrx_word' id='word_1_7' title='bbox 3692 347 3776 407; x_wconf 70' lang='lat'>33</span> 
     </span>
    </p>
   </div>
   <div class='ocr_carea' id='block_1_2' title="bbox 266 467 2010 553">
    <p class='ocr_par' dir='ltr' id='par_1_2' title="bbox 266 467 2010 542">
     <span class='ocr_line' id='line_1_2' title="bbox 266 467 2010 542; baseline -0.003 -12"><span class='ocrx_word' id='word_1_8' title='bbox 266 540 269 541; x_wconf 19' lang='grc' dir='ltr'><em>ν</em></span> <span class='ocrx_word' id='word_1_9' title='bbox 374 471 721 537; x_wconf 84' lang='lat' dir='ltr'>esset.Quod</span> <span class='ocrx_word' id='word_1_10' title='bbox 757 485 887 525; x_wconf 87' lang='lat' dir='ltr'>vero</span> <span class='ocrx_word' id='word_1_11' title='bbox 921 469 991 524; x_wconf 85' lang='lat' dir='ltr'>ad</span> <span class='ocrx_word' id='word_1_12' title='bbox 1027 467 1473 524; x_wconf 78' lang='lat' dir='ltr'>similitudinem</span> <span class='ocrx_word' id='word_1_13' title='bbox 1506 470 1787 540; x_wconf 86' lang='lat' dir='ltr'>cst,quod‘</span> <span class='ocrx_word' id='word_1_14' title='bbox 1810 475 2010 542; x_wconf 83' lang='lat' dir='ltr'>poten-</span> 
     </span>
    </p>
   </div>
   <div class='ocr_carea' id='block_1_3' title="bbox 2121 467 3773 553">
    <p class='ocr_par' dir='ltr' id='par_1_3' title="bbox 2128 469 3773 553">
     <span class='ocr_line' id='line_1_3' title="bbox 2128 469 3773 553; baseline 0.004 -28"><span class='ocrx_word' id='word_1_15' title='bbox 2128 491 2237 544; x_wconf 89' lang='grc' dir='ltr'>πῳ,</span> <span class='ocrx_word' id='word_1_16' title='bbox 2281 469 2434 527; x_wconf 69' lang='grc' dir='ltr'>οὔπω</span> <span class='ocrx_word' id='word_1_17' title='bbox 2494 470 2551 527; x_wconf 71' lang='grc' dir='ltr'>δὲ</span> <span class='ocrx_word' id='word_1_18' title='bbox 2600 474 2689 528; x_wconf 88' lang='grc' dir='ltr'>καὶ</span> <span class='ocrx_word' id='word_1_19' title='bbox 2738 473 2817 538; x_wconf 75' lang='grc' dir='ltr'>εἷς</span> <span class='ocrx_word' id='word_1_20' title='bbox 2862 473 2926 529; x_wconf 82' lang='grc' dir='ltr'>τὸ</span> <span class='ocrx_word' id='word_1_21' title='bbox 2983 473 3332 549; x_wconf 76' lang='grc' dir='ltr'>ἀποτέλεσμα</span> <span class='ocrx_word' id='word_1_22' title='bbox 3388 472 3773 553; x_wconf 67' lang='grc' dir='ltr'>ἐμπεφάνιστο,</span> 
     </span>
    </p>
   </div>
   <div class='ocr_carea' id='block_1_4' title="bbox 372 556 2013 626">
    <p class='ocr_par' dir='ltr' id='par_1_4' title="bbox 372 556 2013 626">
     <span class='ocr_line' id='line_1_4' title="bbox 372 556 2013 626; baseline -0.001 -9"><span class='ocrx_word' id='word_1_23' title='bbox 372 562 459 617; x_wconf 89' lang='lat' dir='ltr'>tia</span> <span class='ocrx_word' id='word_1_24' title='bbox 484 559 677 616; x_wconf 84' lang='lat' dir='ltr'>solum</span> <span class='ocrx_word' id='word_1_25' title='bbox 709 558 996 614; x_wconf 80' lang='lat' dir='ltr'>hactenus</span> <span class='ocrx_word' id='word_1_26' title='bbox 1026 556 1250 616; x_wconf 90' lang='lat' dir='ltr'>homiui</span> <span class='ocrx_word' id='word_1_27' title='bbox 1282 558 1630 626; x_wconf 75' lang='lat' dir='ltr'>inseruerat,</span> <span class='ocrx_word' id='word_1_28' title='bbox 1664 575 1729 614; x_wconf 93' lang='lat' dir='ltr'>ac</span> <span class='ocrx_word' id='word_1_29' title='bbox 1762 560 2013 616; x_wconf 85' lang='lat' dir='ltr'>necdum</span> 
     </span>
    </p>
   </div>
   <div class='ocr_carea' id='block_1_5' title="bbox 368 646 2017 720">
    <p class='ocr_par' dir='ltr' id='par_1_5' title="bbox 368 646 2017 720">
     <span class='ocr_line' id='line_1_5' title="bbox 368 646 2017 720; baseline 0 -16"><span class='ocrx_word' id='word_1_30' title='bbox 368 649 439 704; x_wconf 89' lang='lat' dir='ltr'>in.</span> <span class='ocrx_word' id='word_1_31' title='bbox 463 648 669 706; x_wconf 72' lang='lat' dir='ltr'>effectu</span> <span class='ocrx_word' id='word_1_32' title='bbox 702 647 984 716; x_wconf 81' lang='lat' dir='ltr'>eluxerat,</span> <span class='ocrx_word' id='word_1_33' title='bbox 1004 646 1107 703; x_wconf 89' lang='lat' dir='ltr'>sed</span> <span class='ocrx_word' id='word_1_34' title='bbox 1138 646 1209 702; x_wconf 90' lang='lat' dir='ltr'>ad</span> <span class='ocrx_word' id='word_1_35' title='bbox 1244 652 1407 703; x_wconf 79' lang='lat' dir='ltr'>actus</span> <span class='ocrx_word' id='word_1_36' title='bbox 1435 647 1702 703; x_wconf 83' lang='lat' dir='ltr'>eﬂ‘ectum</span> <span class='ocrx_word' id='word_1_37' title='bbox 1731 648 2017 720; x_wconf 54' lang='lat' dir='ltr'>accipieno</span> 
     </span>
    </p>
   </div>
   <div class='ocr_carea' id='block_1_6' title="bbox 371 736 2014 810">
    <p class='ocr_par' dir='ltr' id='par_1_6' title="bbox 371 736 2014 810">
     <span class='ocr_line' id='line_1_6' title="bbox 371 736 2014 810; baseline 0 -16"><span class='ocrx_word' id='word_1_38' title='bbox 371 739 447 795; x_wconf 88' lang='lat' dir='ltr'>tis</span> <span class='ocrx_word' id='word_1_39' title='bbox 480 738 674 794; x_wconf 90' lang='lat' dir='ltr'>adhuc</span> <span class='ocrx_word' id='word_1_40' title='bbox 706 737 969 794; x_wconf 89' lang='lat' dir='ltr'>animum</span> <span class='ocrx_word' id='word_1_41' title='bbox 1004 736 1289 792; x_wconf 84' lang='lat' dir='ltr'>volentem</span> <span class='ocrx_word' id='word_1_42' title='bbox 1313 737 1816 810; x_wconf 84' lang='lat' dir='ltr'>exigebat,merito</span> <span class='ocrx_word' id='word_1_43' title='bbox 1833 737 2014 794; x_wconf 88' lang='lat' dir='ltr'>silen-</span> 
     </span>
    </p>
   </div>
   <div class='ocr_carea' id='block_1_7' title="bbox 368 827 2016 901">
    <p class='ocr_par' dir='ltr' id='par_1_7' title="bbox 368 827 2016 901">
     <span class='ocr_line' id='line_1_7' title="bbox 368 827 2016 901; baseline 0.001 -17"><span class='ocrx_word' id='word_1_44' title='bbox 368 830 450 885; x_wconf 90' lang='lat' dir='ltr'>tio</span> <span class='ocrx_word' id='word_1_45' title='bbox 486 829 724 901; x_wconf 82' lang='lat' dir='ltr'>pressit.</span> <span class='ocrx_word' id='word_1_46' title='bbox 757 828 1057 901; x_wconf 85' lang='lat' dir='ltr'>Siquidem</span> <span class='ocrx_word' id='word_1_47' title='bbox 1089 827 1269 900; x_wconf 80' lang='lat' dir='ltr'>igitur</span> <span class='ocrx_word' id='word_1_48' title='bbox 1298 827 1459 884; x_wconf 90' lang='lat' dir='ltr'>nullo</span> <span class='ocrx_word' id='word_1_49' title='bbox 1490 834 1784 901; x_wconf 73' lang='lat' dir='ltr'>praeeunte</span> <span class='ocrx_word' id='word_1_50' title='bbox 1801 831 1850 885; x_wconf 92' lang='lat' dir='ltr'>ei</span> <span class='ocrx_word' id='word_1_51' title='bbox 1884 846 2016 885; x_wconf 91' lang='lat' dir='ltr'>con-</span> 
     </span>
    </p>
   </div>
   <div class='ocr_carea' id='block_1_8' title="bbox 369 917 2012 990">
    <p class='ocr_par' dir='ltr' id='par_1_8' title="bbox 369 917 2012 990">
     <span class='ocr_line' id='line_1_8' title="bbox 369 917 2012 990; baseline -0.001 -16"><span class='ocrx_word' id='word_1_52' title='bbox 369 918 503 974; x_wconf 84' lang='lat' dir='ltr'>silio</span> <span class='ocrx_word' id='word_1_53' title='bbox 518 918 775 979; x_wconf 83' lang='lat' dir='ltr'>dixisset</span> <span class='ocrx_word' id='word_1_54' title='bbox 808 919 1144 990; x_wconf 89' lang='lat' dir='ltr'>Deus,quod</span> <span class='ocrx_word' id='word_1_55' title='bbox 1169 922 1258 973; x_wconf 88' lang='lat' dir='ltr'>est</span> <span class='ocrx_word' id='word_1_56' title='bbox 1287 918 1358 973; x_wconf 89' lang='lat' dir='ltr'>ad</span> <span class='ocrx_word' id='word_1_57' title='bbox 1391 917 1865 990; x_wconf 87' lang='lat' dir='ltr'>similitudinem,</span> <span class='ocrx_word' id='word_1_58' title='bbox 1897 918 2012 990; x_wconf 91' lang='lat' dir='ltr'>pri-</span> 
     </span>
    </p>
   </div>
   <div class='ocr_carea' id='block_1_9' title="bbox 367 1006 2014 1079">
    <p class='ocr_par' dir='ltr' id='par_1_9' title="bbox 367 1006 2014 1079">
     <span class='ocr_line' id='line_1_9' title="bbox 367 1006 2014 1079; baseline 0 -17"><span class='ocrx_word' id='word_1_59' title='bbox 367 1007 568 1077; x_wconf 90' lang='lat' dir='ltr'>mique</span> <span class='ocrx_word' id='word_1_60' title='bbox 600 1006 761 1063; x_wconf 91' lang='lat' dir='ltr'>illius</span> <span class='ocrx_word' id='word_1_61' title='bbox 791 1006 944 1061; x_wconf 80' lang='lat' dir='ltr'>eﬂ‘ati</span> <span class='ocrx_word' id='word_1_62' title='bbox 979 1012 1175 1063; x_wconf 88' lang='lat' dir='ltr'>tenore</span> <span class='ocrx_word' id='word_1_63' title='bbox 1205 1006 1477 1062; x_wconf 86' lang='lat' dir='ltr'>virtutem</span> <span class='ocrx_word' id='word_1_64' title='bbox 1502 1009 1701 1063; x_wconf 89' lang='lat' dir='ltr'>statim</span> <span class='ocrx_word' id='word_1_65' title='bbox 1735 1006 2014 1079; x_wconf 88' lang='lat' dir='ltr'>elargitus</span> 
     </span>
    </p>
   </div>
   <div class='ocr_carea' id='block_1_10' title="bbox 365 1095 2013 1169">
    <p class='ocr_par' dir='ltr' id='par_1_10' title="bbox 365 1095 2013 1169">
     <span class='ocr_line' id='line_1_10' title="bbox 365 1095 2013 1169; baseline -0.001 -16"><span class='ocrx_word' id='word_1_66' title='bbox 365 1103 545 1165; x_wconf 85' lang='lat' dir='ltr'>esset,</span> <span class='ocrx_word' id='word_1_67' title='bbox 577 1102 641 1152; x_wconf 85' lang='lat' dir='ltr'>ut</span> <span class='ocrx_word' id='word_1_68' title='bbox 660 1097 777 1153; x_wconf 92' lang='lat' dir='ltr'>Deo</span> <span class='ocrx_word' id='word_1_69' title='bbox 810 1095 1035 1153; x_wconf 80' lang='lat' dir='ltr'>similes</span> <span class='ocrx_word' id='word_1_70' title='bbox 1067 1096 1913 1169; x_wconf 81' lang='lat' dir='ltr'>efﬁceremur,haudquaquam</span> <span class='ocrx_word' id='word_1_71' title='bbox 1946 1114 2013 1153; x_wconf 87' lang='lat' dir='ltr'>ex</span> 
     </span>
    </p>
   </div>
   <div class='ocr_carea' id='block_1_11' title="bbox 368 1188 2012 1261">
    <p class='ocr_par' dir='ltr' id='par_1_11' title="bbox 368 1188 2012 1261">
     <span class='ocr_line' id='line_1_11' title="bbox 368 1188 2012 1261; baseline 0 -17"><span class='ocrx_word' id='word_1_72' title='bbox 368 1188 496 1244; x_wconf 83' lang='lat' dir='ltr'>sola</span> <span class='ocrx_word' id='word_1_73' title='bbox 528 1193 728 1244; x_wconf 87' lang='lat' dir='ltr'>nostra</span> <span class='ocrx_word' id='word_1_74' title='bbox 759 1192 1044 1260; x_wconf 83' lang='lat' dir='ltr'>potestate</span> <span class='ocrx_word' id='word_1_75' title='bbox 1097 1188 1475 1259; x_wconf 87' lang='lat' dir='ltr'>postmodum</span> <span class='ocrx_word' id='word_1_76' title='bbox 1531 1205 1811 1261; x_wconf 87' lang='lat' dir='ltr'>magnum</span> <span class='ocrx_word' id='word_1_77' title='bbox 1854 1189 2012 1244; x_wconf 86' lang='lat' dir='ltr'>istud</span> 
     </span>
    </p>
   </div>
   <div class='ocr_carea' id='block_1_12' title="bbox 366 1276 2010 1349">
    <p class='ocr_par' dir='ltr' id='par_1_12' title="bbox 366 1276 2010 1349">
     <span class='ocr_line' id='line_1_12' title="bbox 366 1276 2010 1349; baseline 0 -16"><span class='ocrx_word' id='word_1_78' title='bbox 366 1276 588 1333; x_wconf 85' lang='lat' dir='ltr'>donum</span> <span class='ocrx_word' id='word_1_79' title='bbox 620 1276 873 1332; x_wconf 88' lang='lat' dir='ltr'>ascisere</span> <span class='ocrx_word' id='word_1_80' title='bbox 930 1277 1352 1348; x_wconf 87' lang='lat' dir='ltr'>potuissemus,</span> <span class='ocrx_word' id='word_1_81' title='bbox 1386 1293 1450 1332; x_wconf 91' lang='lat' dir='ltr'>ac</span> <span class='ocrx_word' id='word_1_82' title='bbox 1476 1282 1783 1349; x_wconf 90' lang='lat' dir='ltr'>propterea</span> <span class='ocrx_word' id='word_1_83' title='bbox 1813 1293 2010 1333; x_wconf 88' lang='lat' dir='ltr'>neces-</span> 
     </span>
    </p>
   </div>
   <div class='ocr_carea' id='block_1_13' title="bbox 367 1368 2007 1441">
    <p class='ocr_par' dir='ltr' id='par_1_13' title="bbox 367 1368 2007 1441">
     <span class='ocr_line' id='line_1_13' title="bbox 367 1368 2007 1441; baseline 0 -16"><span class='ocrx_word' id='word_1_84' title='bbox 367 1370 523 1425; x_wconf 88' lang='lat' dir='ltr'>sario</span> <span class='ocrx_word' id='word_1_85' title='bbox 555 1373 695 1424; x_wconf 89' lang='lat' dir='ltr'>tunc</span> <span class='ocrx_word' id='word_1_86' title='bbox 720 1368 914 1440; x_wconf 84' lang='lat' dir='ltr'>adepti</span> <span class='ocrx_word' id='word_1_87' title='bbox 944 1385 1229 1425; x_wconf 83' lang='lat' dir='ltr'>essemus.</span> <span class='ocrx_word' id='word_1_88' title='bbox 1264 1368 1372 1425; x_wconf 89' lang='lat' dir='ltr'>Ubi</span> <span class='ocrx_word' id='word_1_89' title='bbox 1394 1370 1522 1441; x_wconf 88' lang='lat' dir='ltr'>jam</span> <span class='ocrx_word' id='word_1_90' title='bbox 1581 1386 1712 1425; x_wconf 89' lang='lat' dir='ltr'>vero</span> <span class='ocrx_word' id='word_1_91' title='bbox 1743 1386 1809 1425; x_wconf 88' lang='lat' dir='ltr'>eo</span> <span class='ocrx_word' id='word_1_92' title='bbox 1841 1369 2007 1425; x_wconf 57' lang='lat' dir='ltr'>deveo</span> 
     </span>
    </p>
   </div>
   <div class='ocr_carea' id='block_1_14' title="bbox 366 1458 2010 1530">
    <p class='ocr_par' dir='ltr' id='par_1_14' title="bbox 366 1458 2010 1530">
     <span class='ocr_line' id='line_1_14' title="bbox 366 1458 2010 1530; baseline 0.001 -16"><span class='ocrx_word' id='word_1_93' title='bbox 366 1459 567 1515; x_wconf 89' lang='lat' dir='ltr'>nimus</span> <span class='ocrx_word' id='word_1_94' title='bbox 602 1462 664 1513; x_wconf 89' lang='lat' dir='ltr'>ut</span> <span class='ocrx_word' id='word_1_95' title='bbox 692 1459 1096 1529; x_wconf 88' lang='lat' dir='ltr'>conderemur,</span> <span class='ocrx_word' id='word_1_96' title='bbox 1128 1464 1303 1530; x_wconf 87' lang='lat' dir='ltr'>atque</span> <span class='ocrx_word' id='word_1_97' title='bbox 1336 1475 1405 1513; x_wconf 82' lang='lat' dir='ltr'>ex</span> <span class='ocrx_word' id='word_1_98' title='bbox 1433 1458 1616 1514; x_wconf 90' lang='lat' dir='ltr'>nihilo</span> <span class='ocrx_word' id='word_1_99' title='bbox 1648 1462 1713 1514; x_wconf 90' lang='lat' dir='ltr'>ut</span> <span class='ocrx_word' id='word_1_100' title='bbox 1745 1476 2010 1516; x_wconf 86' lang='lat' dir='ltr'>essemus</span> 
     </span>
    </p>
   </div>
   <div class='ocr_carea' id='block_1_15' title="bbox 363 1547 2011 1619">
    <p class='ocr_par' dir='ltr' id='par_1_15' title="bbox 363 1547 2011 1619">
     <span class='ocr_line' id='line_1_15' title="bbox 363 1547 2011 1619; baseline 0.002 -18"><span class='ocrx_word' id='word_1_101' title='bbox 363 1547 424 1602; x_wconf 91' lang='lat' dir='ltr'>in</span> <span class='ocrx_word' id='word_1_102' title='bbox 456 1564 654 1603; x_wconf 90' lang='lat' dir='ltr'>rerum</span> <span class='ocrx_word' id='word_1_103' title='bbox 682 1553 892 1601; x_wconf 83' lang='lat' dir='ltr'>natura</span> <span class='ocrx_word' id='word_1_104' title='bbox 940 1547 1398 1618; x_wconf 88' lang='lat' dir='ltr'>adipsceremur,</span> <span class='ocrx_word' id='word_1_105' title='bbox 1430 1548 1487 1603; x_wconf 89' lang='lat' dir='ltr'>id</span> <span class='ocrx_word' id='word_1_106' title='bbox 1521 1548 1760 1619; x_wconf 87' lang='lat' dir='ltr'>quidem</span> <span class='ocrx_word' id='word_1_107' title='bbox 1792 1549 1944 1618; x_wconf 84' lang='lat' dir='ltr'>quod</span> <span class='ocrx_word' id='word_1_108' title='bbox 1977 1565 2011 1604; x_wconf 91' lang='lat' dir='ltr'>a</span> 
     </span>
    </p>
   </div>
   <div class='ocr_carea' id='block_1_16' title="bbox 364 1636 2006 1693">
    <p class='ocr_par' dir='ltr' id='par_1_16' title="bbox 364 1636 2006 1693">
     <span class='ocr_line' id='line_1_16' title="bbox 364 1636 2006 1693; baseline 0.001 -2"><span class='ocrx_word' id='word_1_109' title='bbox 364 1640 596 1691; x_wconf 86' lang='lat' dir='ltr'>creante</span> <span class='ocrx_word' id='word_1_110' title='bbox 622 1639 845 1690; x_wconf 80' lang='lat' dir='ltr'>naturze</span> <span class='ocrx_word' id='word_1_111' title='bbox 874 1639 1086 1690; x_wconf 71' lang='lat' dir='ltr'>nostra:</span> <span class='ocrx_word' id='word_1_112' title='bbox 1118 1640 1184 1690; x_wconf 89' lang='lat' dir='ltr'>ut</span> <span class='ocrx_word' id='word_1_113' title='bbox 1214 1636 1265 1691; x_wconf 90' lang='lat' dir='ltr'>ei</span> <span class='ocrx_word' id='word_1_114' title='bbox 1296 1638 1455 1693; x_wconf 89' lang='lat' dir='ltr'>velut</span> <span class='ocrx_word' id='word_1_115' title='bbox 1485 1638 1825 1693; x_wconf 86' lang='lat' dir='ltr'>substantia</span> <span class='ocrx_word' id='word_1_116' title='bbox 1854 1636 2006 1692; x_wconf 84' lang='lat' dir='ltr'>indi-</span> 
     </span>
    </p>
   </div>
   <div class='ocr_carea' id='block_1_17' title="bbox 364 1724 2006 1799">
    <p class='ocr_par' dir='ltr' id='par_1_17' title="bbox 364 1724 2006 1799">
     <span class='ocr_line' id='line_1_17' title="bbox 364 1724 2006 1799; baseline 0.002 -21"><span class='ocrx_word' id='word_1_117' title='bbox 364 1727 697 1795; x_wconf 86' lang='lat' dir='ltr'>tum,atque</span> <span class='ocrx_word' id='word_1_118' title='bbox 722 1724 844 1795; x_wconf 87' lang='lat' dir='ltr'>jam</span> <span class='ocrx_word' id='word_1_119' title='bbox 882 1727 1006 1778; x_wconf 88' lang='lat' dir='ltr'>tum</span> <span class='ocrx_word' id='word_1_120' title='bbox 1042 1725 1362 1799; x_wconf 61' lang='lat' dir='ltr'>perfectum</span> <span class='ocrx_word' id='word_1_121' title='bbox 1398 1725 1780 1791; x_wconf 84' lang='lat' dir='ltr'>tribuebatur,</span> <span class='ocrx_word' id='word_1_122' title='bbox 1805 1726 2006 1782; x_wconf 89' lang='lat' dir='ltr'>statim</span> 
     </span>
    </p>
   </div>
   <div class='ocr_carea' id='block_1_18' title="bbox 364 1811 2085 1899">
    <p class='ocr_par' dir='ltr' id='par_1_18' title="bbox 364 1811 2085 1899">
     <span class='ocr_line' id='line_1_18' title="bbox 364 1811 2085 1899; baseline 0.001 -32"><span class='ocrx_word' id='word_1_123' title='bbox 364 1811 519 1867; x_wconf 86' lang='lat' dir='ltr'>nacti</span> <span class='ocrx_word' id='word_1_124' title='bbox 553 1815 966 1884; x_wconf 88' lang='lat' dir='ltr'>sumus,atque</span> <span class='ocrx_word' id='word_1_125' title='bbox 996 1829 1065 1868; x_wconf 78' lang='lat' dir='ltr'>ex</span> <span class='ocrx_word' id='word_1_126' title='bbox 1093 1829 1160 1868; x_wconf 94' lang='lat' dir='ltr'>eo</span> <span class='ocrx_word' id='word_1_127' title='bbox 1194 1814 1755 1886; x_wconf 88' lang='lat' dir='ltr'>nuncupati,nempe</span> <span class='ocrx_word' id='word_1_128' title='bbox 1775 1814 2005 1870; x_wconf 91' lang='lat' dir='ltr'>adima-</span> <span class='ocrx_word' id='word_1_129' title='bbox 2040 1834 2085 1899; x_wconf 79' lang='grc' dir='ltr'><strong>Β</strong></span> 
     </span>
    </p>
   </div>
   <div class='ocr_carea' id='block_1_19' title="bbox 364 1900 2005 1972">
    <p class='ocr_par' dir='ltr' id='par_1_19' title="bbox 364 1900 2005 1972">
     <span class='ocr_line' id='line_1_19' title="bbox 364 1900 2005 1972; baseline 0.001 -16"><span class='ocrx_word' id='word_1_130' title='bbox 364 1900 764 1972; x_wconf 84' lang='lat' dir='ltr'>giuem.0uod</span> <span class='ocrx_word' id='word_1_131' title='bbox 794 1917 929 1957; x_wconf 88' lang='lat' dir='ltr'>vero</span> <span class='ocrx_word' id='word_1_132' title='bbox 962 1917 1077 1956; x_wconf 91' lang='lat' dir='ltr'>non</span> <span class='ocrx_word' id='word_1_133' title='bbox 1110 1902 1309 1957; x_wconf 87' lang='lat' dir='ltr'>statim</span> <span class='ocrx_word' id='word_1_134' title='bbox 1347 1919 1464 1957; x_wconf 91' lang='lat' dir='ltr'>una</span> <span class='ocrx_word' id='word_1_135' title='bbox 1494 1902 1799 1958; x_wconf 89' lang='lat' dir='ltr'>nobiscum</span> <span class='ocrx_word' id='word_1_136' title='bbox 1834 1902 2005 1958; x_wconf 76' lang='lat' dir='ltr'>abso-</span> 
     </span>
    </p>
   </div>
   <div class='ocr_carea' id='block_1_20' title="bbox 364 1988 2009 2059">
    <p class='ocr_par' dir='ltr' id='par_1_20' title="bbox 364 1988 2009 2059">
     <span class='ocr_line' id='line_1_20' title="bbox 364 1988 2009 2059; baseline 0.003 -17"><span class='ocrx_word' id='word_1_137' title='bbox 364 1988 558 2043; x_wconf 89' lang='lat' dir='ltr'>lutum</span> <span class='ocrx_word' id='word_1_138' title='bbox 591 1993 699 2059; x_wconf 88' lang='lat' dir='ltr'>est,</span> <span class='ocrx_word' id='word_1_139' title='bbox 733 2004 837 2044; x_wconf 90' lang='lat' dir='ltr'>nec</span> <span class='ocrx_word' id='word_1_140' title='bbox 896 1996 1107 2044; x_wconf 88' lang='lat' dir='ltr'>natura</span> <span class='ocrx_word' id='word_1_141' title='bbox 1135 2007 1328 2046; x_wconf 89' lang='lat' dir='ltr'>comes</span> <span class='ocrx_word' id='word_1_142' title='bbox 1380 1991 1716 2047; x_wconf 78' lang='lat' dir='ltr'>formationi</span> <span class='ocrx_word' id='word_1_143' title='bbox 1748 1990 1875 2059; x_wconf 79' lang='lat' dir='ltr'>fuit,</span> <span class='ocrx_word' id='word_1_144' title='bbox 1908 1991 2009 2047; x_wconf 87' lang='lat' dir='ltr'>sed</span> 
     </span>
    </p>
   </div>
   <div class='ocr_carea' id='block_1_21' title="bbox 363 2075 2010 2152">
    <p class='ocr_par' dir='ltr' id='par_1_21' title="bbox 363 2075 2010 2152">
     <span class='ocr_line' id='line_1_21' title="bbox 363 2075 2010 2152; baseline 0.002 -20"><span class='ocrx_word' id='word_1_145' title='bbox 363 2093 432 2132; x_wconf 80' lang='lat' dir='ltr'>ex</span> <span class='ocrx_word' id='word_1_146' title='bbox 460 2078 782 2132; x_wconf 85' lang='lat' dir='ltr'>adventura</span> <span class='ocrx_word' id='word_1_147' title='bbox 804 2075 990 2133; x_wconf 91' lang='lat' dir='ltr'>libera</span> <span class='ocrx_word' id='word_1_148' title='bbox 1018 2076 1543 2149; x_wconf 89' lang='lat' dir='ltr'>voluntate,nostra</span> <span class='ocrx_word' id='word_1_149' title='bbox 1574 2079 1791 2152; x_wconf 92' lang='lat' dir='ltr'>quippe</span> <span class='ocrx_word' id='word_1_150' title='bbox 1808 2096 2010 2152; x_wconf 86' lang='lat' dir='ltr'>opera-</span> 
     </span>
    </p>
   </div>
   <div class='ocr_carea' id='block_1_22' title="bbox 363 2165 2009 2241">
    <p class='ocr_par' dir='ltr' id='par_1_22' title="bbox 363 2165 2009 2241">
     <span class='ocr_line' id='line_1_22' title="bbox 363 2165 2009 2241; baseline 0.002 -21"><span class='ocrx_word' id='word_1_151' title='bbox 363 2165 537 2231; x_wconf 87' lang='lat' dir='ltr'>tione,</span> <span class='ocrx_word' id='word_1_152' title='bbox 572 2166 950 2236; x_wconf 87' lang='lat' dir='ltr'>postmodum</span> <span class='ocrx_word' id='word_1_153' title='bbox 1009 2166 1178 2222; x_wconf 90' lang='lat' dir='ltr'>nobis</span> <span class='ocrx_word' id='word_1_154' title='bbox 1227 2183 1548 2240; x_wconf 84' lang='lat' dir='ltr'>congruere</span> <span class='ocrx_word' id='word_1_155' title='bbox 1579 2169 1849 2237; x_wconf 83' lang='lat' dir='ltr'>debebat,</span> <span class='ocrx_word' id='word_1_156' title='bbox 1882 2185 2009 2241; x_wconf 68' lang='lat' dir='ltr'>qua:</span> 
     </span>
    </p>
   </div>
   <div class='ocr_carea' id='block_1_23' title="bbox 363 2254 2009 2325">
    <p class='ocr_par' dir='ltr' id='par_1_23' title="bbox 363 2254 2009 2325">
     <span class='ocr_line' id='line_1_23' title="bbox 363 2254 2009 2325; baseline 0.002 -16"><span class='ocrx_word' id='word_1_157' title='bbox 363 2254 969 2325; x_wconf 87' lang='lat' dir='ltr'>nobis,inquam,cum</span> <span class='ocrx_word' id='word_1_158' title='bbox 1003 2255 1119 2311; x_wconf 90' lang='lat' dir='ltr'>Deo</span> <span class='ocrx_word' id='word_1_159' title='bbox 1153 2255 1334 2313; x_wconf 90' lang='lat' dir='ltr'>initur</span> <span class='ocrx_word' id='word_1_160' title='bbox 1363 2256 1714 2324; x_wconf 84' lang='lat' dir='ltr'>similitudo,</span> <span class='ocrx_word' id='word_1_161' title='bbox 1746 2257 1802 2313; x_wconf 92' lang='lat' dir='ltr'>id</span> <span class='ocrx_word' id='word_1_162' title='bbox 1837 2256 2009 2313; x_wconf 89' lang='lat' dir='ltr'>nimi-</span> 
     </span>
    </p>
   </div>
   <div class='ocr_carea' id='block_1_24' title="bbox 365 2343 2013 2418">
    <p class='ocr_par' dir='ltr' id='par_1_24' title="bbox 365 2343 2013 2418">
     <span class='ocr_line' id='line_1_24' title="bbox 365 2343 2013 2418; baseline 0.004 -22"><span class='ocrx_word' id='word_1_163' title='bbox 365 2359 497 2396; x_wconf 90' lang='lat' dir='ltr'>rum</span> <span class='ocrx_word' id='word_1_164' title='bbox 531 2358 635 2398; x_wconf 92' lang='lat' dir='ltr'>nee</span> <span class='ocrx_word' id='word_1_165' title='bbox 666 2343 858 2398; x_wconf 88' lang='lat' dir='ltr'>adhuc</span> <span class='ocrx_word' id='word_1_166' title='bbox 887 2360 1255 2413; x_wconf 83' lang='lat' dir='ltr'>eramus,nec</span> <span class='ocrx_word' id='word_1_167' title='bbox 1275 2345 1388 2401; x_wconf 90' lang='lat' dir='ltr'>dici</span> <span class='ocrx_word' id='word_1_168' title='bbox 1413 2346 2013 2418; x_wconf 88' lang='lat' dir='ltr'>poteramus.Dimisit</span> 
     </span>
    </p>
   </div>
   <div class='ocr_carea' id='block_1_25' title="bbox 361 2431 2011 2507">
    <p class='ocr_par' dir='ltr' id='par_1_25' title="bbox 361 2431 2011 2507">
     <span class='ocr_line' id='line_1_25' title="bbox 361 2431 2011 2507; baseline 0.004 -22"><span class='ocrx_word' id='word_1_169' title='bbox 361 2432 510 2485; x_wconf 89' lang='lat' dir='ltr'>enim</span> <span class='ocrx_word' id='word_1_170' title='bbox 540 2431 649 2487; x_wconf 84' lang='lat' dir='ltr'>hoc</span> <span class='ocrx_word' id='word_1_171' title='bbox 706 2433 778 2488; x_wconf 90' lang='lat' dir='ltr'>de</span> <span class='ocrx_word' id='word_1_172' title='bbox 808 2432 1105 2489; x_wconf 87' lang='lat' dir='ltr'>industria</span> <span class='ocrx_word' id='word_1_173' title='bbox 1134 2433 1371 2490; x_wconf 84' lang='lat' dir='ltr'>Greater</span> <span class='ocrx_word' id='word_1_174' title='bbox 1412 2434 1841 2507; x_wconf 79' lang='lat' dir='ltr'>imperfectum,</span> <span class='ocrx_word' id='word_1_175' title='bbox 1876 2443 1938 2491; x_wconf 89' lang='lat' dir='ltr'>ut</span> <span class='ocrx_word' id='word_1_176' title='bbox 1977 2453 2011 2492; x_wconf 93' lang='lat' dir='ltr'>a</span> 
     </span>
    </p>
   </div>
   <div class='ocr_carea' id='block_1_26' title="bbox 369 2519 2010 2597">
    <p class='ocr_par' dir='ltr' id='par_1_26' title="bbox 369 2519 2010 2597">
     <span class='ocr_line' id='line_1_26' title="bbox 369 2519 2010 2597; baseline 0.002 -21"><span class='ocrx_word' id='word_1_177' title='bbox 369 2519 540 2576; x_wconf 89' lang='lat' dir='ltr'>nobis</span> <span class='ocrx_word' id='word_1_178' title='bbox 570 2520 705 2576; x_wconf 90' lang='lat' dir='ltr'>boni</span> <span class='ocrx_word' id='word_1_179' title='bbox 740 2538 923 2577; x_wconf 90' lang='lat' dir='ltr'>usura</span> <span class='ocrx_word' id='word_1_180' title='bbox 944 2524 1337 2593; x_wconf 83' lang='lat' dir='ltr'>perﬁceretur,</span> <span class='ocrx_word' id='word_1_181' title='bbox 1373 2530 1758 2597; x_wconf 87' lang='lat' dir='ltr'>nostrumque</span> <span class='ocrx_word' id='word_1_182' title='bbox 1787 2525 2010 2581; x_wconf 88' lang='lat' dir='ltr'>bonum</span> 
     </span>
    </p>
   </div>
   <div class='ocr_carea' id='block_1_27' title="bbox 362 2607 2010 2686">
    <p class='ocr_par' dir='ltr' id='par_1_27' title="bbox 362 2607 2010 2686">
     <span class='ocr_line' id='line_1_27' title="bbox 362 2607 2010 2686; baseline 0.005 -23"><span class='ocrx_word' id='word_1_183' title='bbox 362 2607 763 2677; x_wconf 88' lang='lat' dir='ltr'>videretur,ut</span> <span class='ocrx_word' id='word_1_184' title='bbox 790 2614 850 2665; x_wconf 91' lang='lat' dir='ltr'>et</span> <span class='ocrx_word' id='word_1_185' title='bbox 877 2611 1134 2667; x_wconf 82' lang='lat' dir='ltr'>debitam</span> <span class='ocrx_word' id='word_1_186' title='bbox 1169 2612 1303 2668; x_wconf 90' lang='lat' dir='ltr'>inde</span> <span class='ocrx_word' id='word_1_187' title='bbox 1334 2614 1660 2669; x_wconf 89' lang='lat' dir='ltr'>mercedem</span> <span class='ocrx_word' id='word_1_188' title='bbox 1688 2630 2010 2686; x_wconf 83' lang='lat' dir='ltr'>conseque-</span> 
     </span>
    </p>
   </div>
   <div class='ocr_carea' id='block_1_28' title="bbox 361 2698 2010 2776">
    <p class='ocr_par' dir='ltr' id='par_1_28' title="bbox 361 2698 2010 2776">
     <span class='ocr_line' id='line_1_28' title="bbox 361 2698 2010 2776; baseline 0.005 -25"><span class='ocrx_word' id='word_1_189' title='bbox 361 2712 562 2753; x_wconf 88' lang='lat' dir='ltr'>remur</span> <span class='ocrx_word' id='word_1_190' title='bbox 592 2714 606 2752; x_wconf 88' lang='lat'><strong>:</strong></span> <span class='ocrx_word' id='word_1_191' title='bbox 635 2714 709 2754; x_wconf 92' lang='lat' dir='ltr'>ne</span> <span class='ocrx_word' id='word_1_192' title='bbox 736 2698 900 2755; x_wconf 89' lang='lat' dir='ltr'>velut</span> <span class='ocrx_word' id='word_1_193' title='bbox 921 2699 1243 2757; x_wconf 85' lang='lat' dir='ltr'>simulacra</span> <span class='ocrx_word' id='word_1_194' title='bbox 1298 2701 1563 2758; x_wconf 85' lang='lat' dir='ltr'>inanima</span> <span class='ocrx_word' id='word_1_195' title='bbox 1600 2720 1890 2771; x_wconf 85' lang='lat' dir='ltr'>essemus,</span> <span class='ocrx_word' id='word_1_196' title='bbox 1922 2703 2010 2776; x_wconf 82' lang='lat' dir='ltr'>pi-</span> 
     </span>
    </p>
   </div>
   <div class='ocr_carea' id='block_1_29' title="bbox 360 2787 2013 2863">
    <p class='ocr_par' dir='ltr' id='par_1_29' title="bbox 360 2787 2013 2863">
     <span class='ocr_line' id='line_1_29' title="bbox 360 2787 2013 2863; baseline 0.005 -23"><span class='ocrx_word' id='word_1_197' title='bbox 360 2789 586 2841; x_wconf 88' lang='lat' dir='ltr'>ctorum</span> <span class='ocrx_word' id='word_1_198' title='bbox 618 2787 857 2859; x_wconf 86' lang='lat' dir='ltr'>quidem</span> <span class='ocrx_word' id='word_1_199' title='bbox 891 2794 1015 2843; x_wconf 90' lang='lat' dir='ltr'>arte</span> <span class='ocrx_word' id='word_1_200' title='bbox 1055 2789 1251 2845; x_wconf 81' lang='lat' dir='ltr'>efﬁcta</span> <span class='ocrx_word' id='word_1_201' title='bbox 1282 2799 1616 2863; x_wconf 89' lang='lat' dir='ltr'>temereque</span> <span class='ocrx_word' id='word_1_202' title='bbox 1643 2792 1926 2863; x_wconf 73' lang='lat' dir='ltr'>jacentis,</span> <span class='ocrx_word' id='word_1_203' title='bbox 1958 2797 2013 2849; x_wconf 87' lang='lat' dir='ltr'>et</span> 
     </span>
    </p>
   </div>
   <div class='ocr_carea' id='block_1_30' title="bbox 359 2875 2010 2953">
    <p class='ocr_par' dir='ltr' id='par_1_30' title="bbox 359 2875 2010 2953">
     <span class='ocr_line' id='line_1_30' title="bbox 359 2875 2010 2953; baseline 0.006 -25"><span class='ocrx_word' id='word_1_204' title='bbox 359 2890 488 2945; x_wconf 68' lang='lat' dir='ltr'>quae</span> <span class='ocrx_word' id='word_1_205' title='bbox 517 2893 552 2931; x_wconf 80' lang='grc' dir='ltr'>ο.</span> <span class='ocrx_word' id='word_1_206' title='bbox 581 2892 645 2931; x_wconf 88' lang='lat' dir='ltr'>se</span> <span class='ocrx_word' id='word_1_207' title='bbox 677 2875 824 2931; x_wconf 87' lang='lat' dir='ltr'>nihil</span> <span class='ocrx_word' id='word_1_208' title='bbox 856 2876 1162 2933; x_wconf 81' lang='lat' dir='ltr'>conferant</span> <span class='ocrx_word' id='word_1_209' title='bbox 1182 2880 1254 2934; x_wconf 90' lang='lat' dir='ltr'>ad</span> <span class='ocrx_word' id='word_1_210' title='bbox 1284 2880 1550 2936; x_wconf 87' lang='lat' dir='ltr'>decorem</span> <span class='ocrx_word' id='word_1_211' title='bbox 1586 2898 1744 2952; x_wconf 84' lang='lat' dir='ltr'>;quas</span> <span class='ocrx_word' id='word_1_212' title='bbox 1762 2880 2010 2953; x_wconf 88' lang='lat' dir='ltr'>quicon-</span> 
     </span>
    </p>
   </div>
   <div class='ocr_carea' id='block_1_31' title="bbox 355 2966 2011 3043">
    <p class='ocr_par' dir='ltr' id='par_1_31' title="bbox 355 2966 2011 3043">
     <span class='ocr_line' id='line_1_31' title="bbox 355 2966 2011 3043; baseline 0.006 -26"><span class='ocrx_word' id='word_1_213' title='bbox 355 2966 618 3031; x_wconf 89' lang='lat' dir='ltr'>tueatur,</span> <span class='ocrx_word' id='word_1_214' title='bbox 681 2970 997 3038; x_wconf 83' lang='lat' dir='ltr'>exactaque</span> <span class='ocrx_word' id='word_1_215' title='bbox 1048 2966 1279 3039; x_wconf 89' lang='lat' dir='ltr'>depicta</span> <span class='ocrx_word' id='word_1_216' title='bbox 1335 2970 1684 3037; x_wconf 87' lang='lat' dir='ltr'>consideret,</span> <span class='ocrx_word' id='word_1_217' title='bbox 1732 2970 2011 3043; x_wconf 86' lang='lat' dir='ltr'>pictorem</span> 
     </span>
    </p>
   </div>
   <div class='ocr_carea' id='block_1_32' title="bbox 355 3052 2012 3130">
    <p class='ocr_par' dir='ltr' id='par_1_32' title="bbox 355 3052 2012 3130">
     <span class='ocr_line' id='line_1_32' title="bbox 355 3052 2012 3130; baseline 0.006 -24"><span class='ocrx_word' id='word_1_218' title='bbox 355 3052 590 3122; x_wconf 85' lang='lat' dir='ltr'>quidem</span> <span class='ocrx_word' id='word_1_219' title='bbox 610 3054 817 3109; x_wconf 90' lang='lat' dir='ltr'>merito</span> <span class='ocrx_word' id='word_1_220' title='bbox 836 3058 895 3110; x_wconf 90' lang='lat' dir='ltr'>et</span> <span class='ocrx_word' id='word_1_221' title='bbox 917 3055 1241 3112; x_wconf 84' lang='lat' dir='ltr'>admiretur</span> <span class='ocrx_word' id='word_1_222' title='bbox 1262 3062 1316 3112; x_wconf 91' lang='lat' dir='ltr'>et</span> <span class='ocrx_word' id='word_1_223' title='bbox 1341 3058 1538 3115; x_wconf 83' lang='lat' dir='ltr'>laudet</span> <span class='ocrx_word' id='word_1_224' title='bbox 1562 3075 1576 3126; x_wconf 90' lang='lat'><strong>;</strong></span> <span class='ocrx_word' id='word_1_225' title='bbox 1604 3060 1866 3130; x_wconf 86' lang='lat' dir='ltr'>ipsorum</span> <span class='ocrx_word' id='word_1_226' title='bbox 1881 3077 2012 3116; x_wconf 90' lang='lat' dir='ltr'>vero</span> 
     </span>
    </p>
   </div>
   <div class='ocr_carea' id='block_1_33' title="bbox 357 3139 2004 3218">
    <p class='ocr_par' dir='ltr' id='par_1_33' title="bbox 357 3139 2004 3218">
     <span class='ocr_line' id='line_1_33' title="bbox 357 3139 2004 3218; baseline 0.006 -24"><span class='ocrx_word' id='word_1_227' title='bbox 357 3139 448 3194; x_wconf 89' lang='lat' dir='ltr'>sui</span> <span class='ocrx_word' id='word_1_228' title='bbox 481 3156 659 3196; x_wconf 88' lang='lat' dir='ltr'>causa</span> <span class='ocrx_word' id='word_1_229' title='bbox 692 3140 1164 3210; x_wconf 89' lang='lat' dir='ltr'>colorum,autin</span> <span class='ocrx_word' id='word_1_230' title='bbox 1185 3146 1405 3217; x_wconf 87' lang='lat' dir='ltr'>quibus</span> <span class='ocrx_word' id='word_1_231' title='bbox 1436 3147 1651 3218; x_wconf 90' lang='lat' dir='ltr'>depicti</span> <span class='ocrx_word' id='word_1_232' title='bbox 1672 3148 1789 3203; x_wconf 85' lang='lat' dir='ltr'>sint</span> <span class='ocrx_word' id='word_1_233' title='bbox 1823 3148 2004 3205; x_wconf 88' lang='lat' dir='ltr'>tabel-</span> 
     </span>
    </p>
   </div>
   <div class='ocr_carea' id='block_1_34' title="bbox 2124 558 3772 639">
    <p class='ocr_par' dir='ltr' id='par_1_34' title="bbox 2124 558 3772 639">
     <span class='ocr_line' id='line_1_34' title="bbox 2124 558 3772 639; baseline 0.004 -25"><span class='ocrx_word' id='word_1_234' title='bbox 2124 559 2251 616; x_wconf 74' lang='grc' dir='ltr'>ἀλλ’</span> <span class='ocrx_word' id='word_1_235' title='bbox 2282 558 2454 616; x_wconf 78' lang='grc' dir='ltr'>ἐδεῖτο</span> <span class='ocrx_word' id='word_1_236' title='bbox 2514 559 2590 617; x_wconf 75' lang='grc' dir='ltr'>ἔτι</span> <span class='ocrx_word' id='word_1_237' title='bbox 2649 562 2786 638; x_wconf 89' lang='grc' dir='ltr'>πρὸς</span> <span class='ocrx_word' id='word_1_238' title='bbox 2830 559 3177 636; x_wconf 74' lang='grc' dir='ltr'>ἀποτέλεσμα</span> <span class='ocrx_word' id='word_1_239' title='bbox 3228 569 3329 632; x_wconf 82' lang='grc' dir='ltr'>τῆς</span> <span class='ocrx_word' id='word_1_240' title='bbox 3383 562 3624 639; x_wconf 77' lang='grc' dir='ltr'>πράξεως</span> <span class='ocrx_word' id='word_1_241' title='bbox 3675 568 3772 620; x_wconf 90' lang='grc' dir='ltr'>τοῦ</span> 
     </span>
    </p>
   </div>
   <div class='ocr_carea' id='block_1_35' title="bbox 2126 644 3771 726">
    <p class='ocr_par' dir='ltr' id='par_1_35' title="bbox 2126 644 3771 726">
     <span class='ocr_line' id='line_1_35' title="bbox 2126 644 3771 726; baseline 0.002 -22"><span class='ocrx_word' id='word_1_242' title='bbox 2126 644 2394 714; x_wconf 80' lang='grc' dir='ltr'>λαϐόντος</span> <span class='ocrx_word' id='word_1_243' title='bbox 2443 651 2542 720; x_wconf 75' lang='grc' dir='ltr'>τὴν</span> <span class='ocrx_word' id='word_1_244' title='bbox 2595 649 2932 726; x_wconf 84' lang='grc' dir='ltr'>προαίρεσιν,</span> <span class='ocrx_word' id='word_1_245' title='bbox 2983 650 3209 714; x_wconf 81' lang='grc' dir='ltr'>είκότως</span> <span class='ocrx_word' id='word_1_246' title='bbox 3275 652 3676 724; x_wconf 82' lang='grc' dir='ltr'>ἀπεσιώπησεν.</span> <span class='ocrx_word' id='word_1_247' title='bbox 3708 652 3771 711; x_wconf 81' lang='lat' dir='ltr'>Ei</span> 
     </span>
    </p>
   </div>
   <div class='ocr_carea' id='block_1_36' title="bbox 2129 735 3771 817">
    <p class='ocr_par' dir='ltr' id='par_1_36' title="bbox 2129 735 3771 817">
     <span class='ocr_line' id='line_1_36' title="bbox 2129 735 3771 817; baseline 0.002 -24"><span class='ocrx_word' id='word_1_248' title='bbox 2129 738 2222 811; x_wconf 78' lang='grc' dir='ltr'>μὶν</span> <span class='ocrx_word' id='word_1_249' title='bbox 2258 739 2374 811; x_wconf 81' lang='grc' dir='ltr'>οῦν,</span> <span class='ocrx_word' id='word_1_250' title='bbox 2410 736 2551 813; x_wconf 71' lang='grc' dir='ltr'>μηδὲ</span> <span class='ocrx_word' id='word_1_251' title='bbox 2580 735 2875 817; x_wconf 78' lang='grc' dir='ltr'>προλαϐὼν</span> <span class='ocrx_word' id='word_1_252' title='bbox 2903 740 2953 795; x_wconf 67' lang='grc' dir='ltr'>ἐν</span> <span class='ocrx_word' id='word_1_253' title='bbox 2984 744 3052 815; x_wconf 79' lang='grc' dir='ltr'>τῇ</span> <span class='ocrx_word' id='word_1_254' title='bbox 3091 739 3268 815; x_wconf 79' lang='grc' dir='ltr'>βουλῇ</span> <span class='ocrx_word' id='word_1_255' title='bbox 3301 740 3329 795; x_wconf 98' lang='lat'>6</span> <span class='ocrx_word' id='word_1_256' title='bbox 3361 741 3492 803; x_wconf 85' lang='grc' dir='ltr'>Θεὸς</span> <span class='ocrx_word' id='word_1_257' title='bbox 3552 741 3667 797; x_wconf 81' lang='grc' dir='ltr'>εἶπε</span> <span class='ocrx_word' id='word_1_258' title='bbox 3691 743 3771 811; x_wconf 85' lang='grc' dir='ltr'>τὸ,</span> 
     </span>
    </p>
   </div>
   <div class='ocr_carea' id='block_1_37' title="bbox 2124 827 3775 905">
    <p class='ocr_par' dir='ltr' id='par_1_37' title="bbox 2124 827 3775 905">
     <span class='ocr_line' id='line_1_37' title="bbox 2124 827 3775 905; baseline 0.001 -22"><span class='ocrx_word' id='word_1_259' title='bbox 2124 828 2250 893; x_wconf 85' lang='grc' dir='ltr'>Καθ’</span> <span class='ocrx_word' id='word_1_260' title='bbox 2301 829 2592 901; x_wconf 79' lang='grc' dir='ltr'>ὁμοίωσιν,</span> <span class='ocrx_word' id='word_1_261' title='bbox 2639 829 2729 884; x_wconf 78' lang='grc' dir='ltr'>καὶ</span> <span class='ocrx_word' id='word_1_262' title='bbox 2780 827 2869 884; x_wconf 75' lang='grc' dir='ltr'>διὰ</span> <span class='ocrx_word' id='word_1_263' title='bbox 2922 832 3019 884; x_wconf 89' lang='grc' dir='ltr'>τοῦ</span> <span class='ocrx_word' id='word_1_264' title='bbox 3074 829 3296 905; x_wconf 83' lang='grc' dir='ltr'>πρώτου</span> <span class='ocrx_word' id='word_1_265' title='bbox 3346 828 3518 904; x_wconf 80' lang='grc' dir='ltr'>λόγου</span> <span class='ocrx_word' id='word_1_266' title='bbox 3572 828 3775 885; x_wconf 71' lang='grc' dir='ltr'>ὶκείνου</span> 
     </span>
    </p>
   </div>
   <div class='ocr_carea' id='block_1_38' title="bbox 2120 914 3774 995">
    <p class='ocr_par' dir='ltr' id='par_1_38' title="bbox 2120 914 3774 995">
     <span class='ocr_line' id='line_1_38' title="bbox 2120 914 3774 995; baseline 0.001 -24"><span class='ocrx_word' id='word_1_267' title='bbox 2120 917 2217 986; x_wconf 74' lang='grc' dir='ltr'>τὴν</span> <span class='ocrx_word' id='word_1_268' title='bbox 2279 914 2506 992; x_wconf 79' lang='grc' dir='ltr'>δύναμιν</span> <span class='ocrx_word' id='word_1_269' title='bbox 2537 917 2690 983; x_wconf 65' lang='grc' dir='ltr'>εὐθὺς</span> <span class='ocrx_word' id='word_1_270' title='bbox 2747 917 3036 995; x_wconf 69' lang='grc' dir='ltr'>ἐχαρίσατο</span> <span class='ocrx_word' id='word_1_271' title='bbox 3081 921 3176 973; x_wconf 85' lang='grc' dir='ltr'>τοῦ</span> <span class='ocrx_word' id='word_1_272' title='bbox 3206 918 3522 995; x_wconf 74' lang='grc' dir='ltr'>γενήσεσθαι</span> <span class='ocrx_word' id='word_1_273' title='bbox 3581 917 3774 993; x_wconf 74' lang='grc' dir='ltr'>ὅμοιοι</span> 
     </span>
    </p>
   </div>
   <div class='ocr_carea' id='block_1_39' title="bbox 2122 1005 3782 1083">
    <p class='ocr_par' dir='ltr' id='par_1_39' title="bbox 2122 1005 3782 1083">
     <span class='ocr_line' id='line_1_39' title="bbox 2122 1005 3782 1083; baseline 0.001 -21"><span class='ocrx_word' id='word_1_274' title='bbox 2122 1011 2258 1079; x_wconf 77' lang='grc' dir='ltr'>Θεῷ,</span> <span class='ocrx_word' id='word_1_275' title='bbox 2292 1005 2390 1063; x_wconf 78' lang='grc' dir='ltr'>οὐκ</span> <span class='ocrx_word' id='word_1_276' title='bbox 2421 1006 2479 1063; x_wconf 76' lang='grc' dir='ltr'>ἂν</span> <span class='ocrx_word' id='word_1_277' title='bbox 2541 1008 2646 1062; x_wconf 84' lang='grc' dir='ltr'>ἀπὸ</span> <span class='ocrx_word' id='word_1_278' title='bbox 2705 1008 2880 1081; x_wconf 85' lang='grc' dir='ltr'>μόνης</span> <span class='ocrx_word' id='word_1_279' title='bbox 2922 1013 3020 1078; x_wconf 82' lang='grc' dir='ltr'>τῆς</span> <span class='ocrx_word' id='word_1_280' title='bbox 3052 1007 3253 1062; x_wconf 65' lang='grc' dir='ltr'>ἑαυτῶν</span> <span class='ocrx_word' id='word_1_281' title='bbox 3309 1005 3551 1078; x_wconf 63' lang='grc' dir='ltr'>ἔξουσίας</span> <span class='ocrx_word' id='word_1_282' title='bbox 3615 1010 3782 1083; x_wconf 80' lang='grc' dir='ltr'>ἡμεῖς</span> 
     </span>
    </p>
   </div>
   <div class='ocr_carea' id='block_1_40' title="bbox 2122 1092 3774 1173">
    <p class='ocr_par' dir='ltr' id='par_1_40' title="bbox 2122 1092 3774 1173">
     <span class='ocr_line' id='line_1_40' title="bbox 2122 1092 3774 1173; baseline 0.001 -22"><span class='ocrx_word' id='word_1_283' title='bbox 2122 1095 2341 1169; x_wconf 70' lang='grc' dir='ltr'>ὕστερον</span> <span class='ocrx_word' id='word_1_284' title='bbox 2373 1097 2435 1152; x_wconf 87' lang='grc' dir='ltr'>τὸ</span> <span class='ocrx_word' id='word_1_285' title='bbox 2470 1095 2605 1171; x_wconf 70' lang='grc' dir='ltr'>μίγα</span> <span class='ocrx_word' id='word_1_286' title='bbox 2632 1100 2793 1152; x_wconf 88' lang='grc' dir='ltr'>τοῦτο</span> <span class='ocrx_word' id='word_1_287' title='bbox 2836 1097 3084 1173; x_wconf 79' lang='grc' dir='ltr'>χάρισμα</span> <span class='ocrx_word' id='word_1_288' title='bbox 3130 1092 3518 1172; x_wconf 69' lang='grc' dir='ltr'>προσδέξασθαι</span> <span class='ocrx_word' id='word_1_289' title='bbox 3567 1094 3774 1167; x_wconf 73' lang='grc' dir='ltr'>ἠδυνά-</span> 
     </span>
    </p>
   </div>
   <div class='ocr_carea' id='block_1_41' title="bbox 2126 1183 3772 1260">
    <p class='ocr_par' dir='ltr' id='par_1_41' title="bbox 2126 1183 3772 1260">
     <span class='ocr_line' id='line_1_41' title="bbox 2126 1183 3772 1260; baseline 0.001 -19"><span class='ocrx_word' id='word_1_290' title='bbox 2126 1187 2280 1260; x_wconf 84' lang='grc' dir='ltr'>μεθα·</span> <span class='ocrx_word' id='word_1_291' title='bbox 2311 1188 2401 1241; x_wconf 86' lang='grc' dir='ltr'>καὶ</span> <span class='ocrx_word' id='word_1_292' title='bbox 2454 1183 2542 1240; x_wconf 80' lang='grc' dir='ltr'>διὰ</span> <span class='ocrx_word' id='word_1_293' title='bbox 2603 1189 2764 1240; x_wconf 88' lang='grc' dir='ltr'>τοῦτο</span> <span class='ocrx_word' id='word_1_294' title='bbox 2819 1186 3121 1260; x_wconf 82' lang='grc' dir='ltr'>ἀναγκαίως</span> <span class='ocrx_word' id='word_1_295' title='bbox 3168 1183 3290 1240; x_wconf 83' lang='grc' dir='ltr'>τότε</span> <span class='ocrx_word' id='word_1_296' title='bbox 3348 1184 3772 1259; x_wconf 76' lang='grc' dir='ltr'>προσείληπται.</span> 
     </span>
    </p>
   </div>
   <div class='ocr_carea' id='block_1_42' title="bbox 2120 1270 3765 1348">
    <p class='ocr_par' dir='ltr' id='par_1_42' title="bbox 2120 1270 3765 1348">
     <span class='ocr_line' id='line_1_42' title="bbox 2120 1270 3765 1348; baseline -0.001 -16"><span class='ocrx_word' id='word_1_297' title='bbox 2120 1275 2272 1333; x_wconf 80' lang='grc' dir='ltr'>Ἐπεὶ</span> <span class='ocrx_word' id='word_1_298' title='bbox 2333 1273 2392 1330; x_wconf 70' lang='grc' dir='ltr'>δὲ</span> <span class='ocrx_word' id='word_1_299' title='bbox 2448 1275 2538 1330; x_wconf 81' lang='grc' dir='ltr'>καὶ</span> <span class='ocrx_word' id='word_1_300' title='bbox 2595 1276 2671 1336; x_wconf 78' lang='grc' dir='ltr'>εἱς</span> <span class='ocrx_word' id='word_1_301' title='bbox 2719 1274 2782 1330; x_wconf 89' lang='grc' dir='ltr'>τὸ</span> <span class='ocrx_word' id='word_1_302' title='bbox 2839 1273 3114 1343; x_wconf 84' lang='grc' dir='ltr'>κτίζεσθαι</span> <span class='ocrx_word' id='word_1_303' title='bbox 3145 1270 3253 1345; x_wconf 61' lang='grc' dir='ltr'>ἤδη</span> <span class='ocrx_word' id='word_1_304' title='bbox 3285 1273 3645 1348; x_wconf 69' lang='grc' dir='ltr'>κατίστημεν,</span> <span class='ocrx_word' id='word_1_305' title='bbox 3677 1275 3765 1330; x_wconf 81' lang='grc' dir='ltr'>καὶ</span> 
     </span>
    </p>
   </div>
   <div class='ocr_carea' id='block_1_43' title="bbox 2117 1357 3771 1438">
    <p class='ocr_par' dir='ltr' id='par_1_43' title="bbox 2117 1357 3771 1438">
     <span class='ocr_line' id='line_1_43' title="bbox 2117 1357 3771 1438; baseline 0.001 -20"><span class='ocrx_word' id='word_1_306' title='bbox 2117 1365 2180 1419; x_wconf 87' lang='grc' dir='ltr'>τὸ</span> <span class='ocrx_word' id='word_1_307' title='bbox 2234 1365 2366 1419; x_wconf 76' lang='grc' dir='ltr'>εἶναι</span> <span class='ocrx_word' id='word_1_308' title='bbox 2428 1363 2535 1419; x_wconf 77' lang='grc' dir='ltr'>ἀπὸ</span> <span class='ocrx_word' id='word_1_309' title='bbox 2583 1368 2681 1419; x_wconf 89' lang='grc' dir='ltr'>τοῦ</span> <span class='ocrx_word' id='word_1_310' title='bbox 2715 1365 2791 1437; x_wconf 78' lang='grc' dir='ltr'>μὴ</span> <span class='ocrx_word' id='word_1_311' title='bbox 2825 1359 2980 1425; x_wconf 73' lang='grc' dir='ltr'>ὄντος</span> <span class='ocrx_word' id='word_1_312' title='bbox 3010 1357 3554 1437; x_wconf 74' lang='grc' dir='ltr'>προσελαμόάνομεν,</span> <span class='ocrx_word' id='word_1_313' title='bbox 3585 1363 3615 1419; x_wconf 86' lang='grc' dir='ltr'>’ὀ</span> <span class='ocrx_word' id='word_1_314' title='bbox 3677 1363 3771 1438; x_wconf 72' lang='grc' dir='ltr'>μὲν</span> 
     </span>
    </p>
   </div>
   <div class='ocr_carea' id='block_1_44' title="bbox 2119 1449 3772 1529">
    <p class='ocr_par' dir='ltr' id='par_1_44' title="bbox 2119 1449 3772 1529">
     <span class='ocr_line' id='line_1_44' title="bbox 2119 1449 3772 1529; baseline 0 -22"><span class='ocrx_word' id='word_1_315' title='bbox 2119 1452 2265 1528; x_wconf 79' lang='grc' dir='ltr'>παρᾶ</span> <span class='ocrx_word' id='word_1_316' title='bbox 2293 1457 2389 1508; x_wconf 89' lang='grc' dir='ltr'>τοῦ</span> <span class='ocrx_word' id='word_1_317' title='bbox 2418 1452 2695 1522; x_wconf 80' lang='grc' dir='ltr'>κτίζοντος</span> <span class='ocrx_word' id='word_1_318' title='bbox 2725 1449 2936 1507; x_wconf 77' lang='grc' dir='ltr'>ἐδίδοτο</span> <span class='ocrx_word' id='word_1_319' title='bbox 2965 1455 3034 1526; x_wconf 80' lang='grc' dir='ltr'>τῇ</span> <span class='ocrx_word' id='word_1_320' title='bbox 3063 1452 3215 1529; x_wconf 68' lang='grc' dir='ltr'>φύσει</span> <span class='ocrx_word' id='word_1_321' title='bbox 3246 1453 3406 1524; x_wconf 80' lang='grc' dir='ltr'>ἡμῶν</span> <span class='ocrx_word' id='word_1_322' title='bbox 3455 1451 3618 1507; x_wconf 78' lang='grc' dir='ltr'>οἷονεῖ</span> <span class='ocrx_word' id='word_1_323' title='bbox 3651 1473 3772 1507; x_wconf 83' lang='grc' dir='ltr'>συν-</span> 
     </span>
    </p>
   </div>
   <div class='ocr_carea' id='block_1_45' title="bbox 2119 1539 3771 1616">
    <p class='ocr_par' dir='ltr' id='par_1_45' title="bbox 2119 1539 3771 1616">
     <span class='ocr_line' id='line_1_45' title="bbox 2119 1539 3771 1616; baseline 0 -19"><span class='ocrx_word' id='word_1_324' title='bbox 2119 1543 2494 1615; x_wconf 83' lang='grc' dir='ltr'>ουσιωμὲνον,</span> <span class='ocrx_word' id='word_1_325' title='bbox 2554 1541 2645 1597; x_wconf 84' lang='grc' dir='ltr'>καὶ</span> <span class='ocrx_word' id='word_1_326' title='bbox 2721 1541 3036 1597; x_wconf 80' lang='grc' dir='ltr'>ἀπεντεῦθεν</span> <span class='ocrx_word' id='word_1_327' title='bbox 3112 1539 3554 1616; x_wconf 74' lang='grc' dir='ltr'>ἂπηρτισμὲνον,</span> <span class='ocrx_word' id='word_1_328' title='bbox 3612 1545 3771 1597; x_wconf 88' lang='grc' dir='ltr'>τοῦτο</span> 
     </span>
    </p>
   </div>
   <div class='ocr_carea' id='block_1_46' title="bbox 2118 1626 3774 1707">
    <p class='ocr_par' dir='ltr' id='par_1_46' title="bbox 2118 1626 3774 1707">
     <span class='ocr_line' id='line_1_46' title="bbox 2118 1626 3774 1707; baseline -0.001 -21"><span class='ocrx_word' id='word_1_329' title='bbox 2118 1631 2275 1696; x_wconf 81' lang='grc' dir='ltr'>εὐθὺς</span> <span class='ocrx_word' id='word_1_330' title='bbox 2334 1626 2558 1707; x_wconf 78' lang='grc' dir='ltr'>ἔχομεν,</span> <span class='ocrx_word' id='word_1_331' title='bbox 2589 1630 2678 1685; x_wconf 90' lang='grc' dir='ltr'>καὶ</span> <span class='ocrx_word' id='word_1_332' title='bbox 2731 1629 2783 1702; x_wconf 76' lang='grc' dir='ltr'>ἐξ</span> <span class='ocrx_word' id='word_1_333' title='bbox 2826 1629 2989 1686; x_wconf 73' lang='grc' dir='ltr'>αὐτοῦ</span> <span class='ocrx_word' id='word_1_334' title='bbox 3038 1626 3401 1703; x_wconf 76' lang='grc' dir='ltr'>ἐκαλούμεθα,</span> <span class='ocrx_word' id='word_1_335' title='bbox 3433 1630 3549 1684; x_wconf 87' lang='grc' dir='ltr'>κατ’</span> <span class='ocrx_word' id='word_1_336' title='bbox 3593 1630 3774 1685; x_wconf 77' lang='grc' dir='ltr'>εἱκόνα</span> 
     </span>
    </p>
   </div>
   <div class='ocr_carea' id='block_1_47' title="bbox 2118 1717 3773 1793">
    <p class='ocr_par' dir='ltr' id='par_1_47' title="bbox 2118 1717 3773 1793">
     <span class='ocr_line' id='line_1_47' title="bbox 2118 1717 3773 1793; baseline -0.002 -18"><span class='ocrx_word' id='word_1_337' title='bbox 2118 1717 2334 1790; x_wconf 78' lang='grc' dir='ltr'>δηλαδὴ</span> <span class='ocrx_word' id='word_1_338' title='bbox 2395 1726 2529 1777; x_wconf 90' lang='grc' dir='ltr'>Θεοῦ</span> <span class='ocrx_word' id='word_1_339' title='bbox 2563 1740 2575 1752; x_wconf 92' lang='grc'><strong>·</strong></span> <span class='ocrx_word' id='word_1_340' title='bbox 2612 1721 2641 1775; x_wconf 83' lang='grc' dir='ltr'>’ὀ</span> <span class='ocrx_word' id='word_1_341' title='bbox 2674 1717 2732 1775; x_wconf 72' lang='grc' dir='ltr'>δὶ</span> <span class='ocrx_word' id='word_1_342' title='bbox 2770 1719 2871 1776; x_wconf 79' lang='grc' dir='ltr'>οὐκ</span> <span class='ocrx_word' id='word_1_343' title='bbox 2917 1718 3072 1782; x_wconf 77' lang='grc' dir='ltr'>εὐθὺς</span> <span class='ocrx_word' id='word_1_344' title='bbox 3121 1717 3552 1790; x_wconf 76' lang='grc' dir='ltr'>συναπετελὲσθη</span> <span class='ocrx_word' id='word_1_345' title='bbox 3612 1721 3773 1793; x_wconf 74' lang='grc' dir='ltr'>ἡμῖν,</span> 
     </span>
    </p>
   </div>
   <div class='ocr_carea' id='block_1_48' title="bbox 2119 1805 3774 1886">
    <p class='ocr_par' dir='ltr' id='par_1_48' title="bbox 2119 1805 3774 1886">
     <span class='ocr_line' id='line_1_48' title="bbox 2119 1805 3774 1886; baseline -0.001 -22"><span class='ocrx_word' id='word_1_346' title='bbox 2119 1807 2244 1865; x_wconf 71' lang='grc' dir='ltr'>οὐδὲ</span> <span class='ocrx_word' id='word_1_347' title='bbox 2303 1811 2821 1886; x_wconf 74' lang='grc' dir='ltr'>συμπαρωμάρτησε</span> <span class='ocrx_word' id='word_1_348' title='bbox 2878 1812 3117 1885; x_wconf 76' lang='grc' dir='ltr'>φυσικῶς</span> <span class='ocrx_word' id='word_1_349' title='bbox 3196 1807 3256 1863; x_wconf 71' lang='grc' dir='ltr'>ἐκ</span> <span class='ocrx_word' id='word_1_350' title='bbox 3324 1815 3423 1879; x_wconf 87' lang='grc' dir='ltr'>τῆς</span> <span class='ocrx_word' id='word_1_351' title='bbox 3495 1805 3774 1881; x_wconf 78' lang='grc' dir='ltr'>πλάσεως,</span> 
     </span>
    </p>
   </div>
   <div class='ocr_carea' id='block_1_49' title="bbox 2120 1895 3774 1975">
    <p class='ocr_par' dir='ltr' id='par_1_49' title="bbox 2120 1895 3774 1975">
     <span class='ocr_line' id='line_1_49' title="bbox 2120 1895 3774 1975; baseline -0.001 -21"><span class='ocrx_word' id='word_1_352' title='bbox 2120 1898 2247 1955; x_wconf 85' lang='grc' dir='ltr'>ἀλλ’</span> <span class='ocrx_word' id='word_1_353' title='bbox 2277 1897 2339 1954; x_wconf 83' lang='grc' dir='ltr'>ἐκ</span> <span class='ocrx_word' id='word_1_354' title='bbox 2390 1905 2490 1969; x_wconf 84' lang='grc' dir='ltr'>τῆς</span> <span class='ocrx_word' id='word_1_355' title='bbox 2549 1896 3013 1975; x_wconf 75' lang='grc' dir='ltr'>ἐπιγενησομὲνης</span> <span class='ocrx_word' id='word_1_356' title='bbox 3051 1896 3444 1973; x_wconf 71' lang='grc' dir='ltr'>προαιρέσεως,</span> <span class='ocrx_word' id='word_1_357' title='bbox 3476 1898 3569 1952; x_wconf 75' lang='grc' dir='ltr'>ἅτε</span> <span class='ocrx_word' id='word_1_358' title='bbox 3629 1895 3774 1972; x_wconf 80' lang='grc' dir='ltr'>ἐνερ-</span> 
     </span>
    </p>
   </div>
   <div class='ocr_carea' id='block_1_50' title="bbox 2119 1985 3767 2063">
    <p class='ocr_par' dir='ltr' id='par_1_50' title="bbox 2119 1985 3767 2063">
     <span class='ocr_line' id='line_1_50' title="bbox 2119 1985 3767 2063; baseline 0 -22"><span class='ocrx_word' id='word_1_359' title='bbox 2119 1987 2270 2063; x_wconf 88' lang='grc' dir='ltr'>γείας</span> <span class='ocrx_word' id='word_1_360' title='bbox 2301 1987 2589 2061; x_wconf 73' lang='grc' dir='ltr'>ἡμετέρας,</span> <span class='ocrx_word' id='word_1_361' title='bbox 2623 1985 2828 2061; x_wconf 80' lang='grc' dir='ltr'>ἔμεΛλε</span> <span class='ocrx_word' id='word_1_362' title='bbox 2858 1985 3137 2063; x_wconf 73' lang='grc' dir='ltr'>ἐσύστερον</span> <span class='ocrx_word' id='word_1_363' title='bbox 3167 1985 3547 2063; x_wconf 79' lang='grc' dir='ltr'>προσαρμόσαι</span> <span class='ocrx_word' id='word_1_364' title='bbox 3606 1987 3767 2060; x_wconf 72' lang='grc' dir='ltr'>ἡμῖν,</span> 
     </span>
    </p>
   </div>
   <div class='ocr_carea' id='block_1_51' title="bbox 2117 2070 3777 2149">
    <p class='ocr_par' dir='ltr' id='par_1_51' title="bbox 2117 2070 3777 2149">
     <span class='ocr_line' id='line_1_51' title="bbox 2117 2070 3777 2149; baseline -0.001 -19"><span class='ocrx_word' id='word_1_365' title='bbox 2117 2077 2179 2130; x_wconf 86' lang='grc' dir='ltr'>τὸ</span> <span class='ocrx_word' id='word_1_366' title='bbox 2206 2082 2305 2145; x_wconf 81' lang='grc' dir='ltr'>τῆς</span> <span class='ocrx_word' id='word_1_367' title='bbox 2341 2076 2661 2149; x_wconf 83' lang='grc' dir='ltr'>ὁμοιώσεώς</span> <span class='ocrx_word' id='word_1_368' title='bbox 2692 2097 2837 2149; x_wconf 80' lang='grc' dir='ltr'>φημι</span> <span class='ocrx_word' id='word_1_369' title='bbox 2895 2078 2990 2130; x_wconf 90' lang='grc' dir='ltr'>τοῦ</span> <span class='ocrx_word' id='word_1_370' title='bbox 3047 2079 3204 2146; x_wconf 90' lang='grc' dir='ltr'>Θεοῦ,</span> <span class='ocrx_word' id='word_1_371' title='bbox 3234 2078 3396 2130; x_wconf 88' lang='grc' dir='ltr'>τοῦτο</span> <span class='ocrx_word' id='word_1_372' title='bbox 3435 2070 3588 2130; x_wconf 72' lang='grc' dir='ltr'>οὔπω</span> <span class='ocrx_word' id='word_1_373' title='bbox 3639 2070 3777 2128; x_wconf 73' lang='grc' dir='ltr'>οὕτε</span> 
     </span>
    </p>
   </div>
   <div class='ocr_carea' id='block_1_52' title="bbox 2119 2161 3764 2242">
    <p class='ocr_par' dir='ltr' id='par_1_52' title="bbox 2119 2161 3764 2242">
     <span class='ocr_line' id='line_1_52' title="bbox 2119 2161 3764 2242; baseline -0.001 -23"><span class='ocrx_word' id='word_1_374' title='bbox 2119 2164 2275 2239; x_wconf 79' lang='grc' dir='ltr'>ἧμῖν,</span> <span class='ocrx_word' id='word_1_375' title='bbox 2308 2161 2430 2220; x_wconf 70' lang='grc' dir='ltr'>οὔτε</span> <span class='ocrx_word' id='word_1_376' title='bbox 2489 2162 2735 2241; x_wconf 70' lang='grc' dir='ltr'>λέγεσθαι</span> <span class='ocrx_word' id='word_1_377' title='bbox 2793 2161 3125 2237; x_wconf 72' lang='grc' dir='ltr'>ἠδυνάμεθα.</span> <span class='ocrx_word' id='word_1_378' title='bbox 3179 2169 3385 2234; x_wconf 72' lang='grc' dir='ltr'>’Δφῆκε</span> <span class='ocrx_word' id='word_1_379' title='bbox 3443 2164 3548 2242; x_wconf 77' lang='grc' dir='ltr'>γὰρ</span> <span class='ocrx_word' id='word_1_380' title='bbox 3603 2167 3764 2219; x_wconf 88' lang='grc' dir='ltr'>τοῦτο</span> 
     </span>
    </p>
   </div>
   <div class='ocr_carea' id='block_1_53' title="bbox 2118 2250 3778 2330">
    <p class='ocr_par' dir='ltr' id='par_1_53' title="bbox 2118 2250 3778 2330">
     <span class='ocr_line' id='line_1_53' title="bbox 2118 2250 3778 2330; baseline -0.001 -22"><span class='ocrx_word' id='word_1_381' title='bbox 2118 2251 2306 2317; x_wconf 76' lang='grc' dir='ltr'>ἆτελὶς</span> <span class='ocrx_word' id='word_1_382' title='bbox 2339 2254 2366 2308; x_wconf 91' lang='lat'>6</span> <span class='ocrx_word' id='word_1_383' title='bbox 2420 2252 2606 2317; x_wconf 84' lang='grc' dir='ltr'>κτίσας</span> <span class='ocrx_word' id='word_1_384' title='bbox 2665 2250 2939 2325; x_wconf 68' lang='grc' dir='ltr'>ἐπίτηδες,</span> <span class='ocrx_word' id='word_1_385' title='bbox 2967 2251 3061 2308; x_wconf 72' lang='grc' dir='ltr'>’ίνα</span> <span class='ocrx_word' id='word_1_386' title='bbox 3114 2255 3242 2330; x_wconf 86' lang='grc' dir='ltr'>παρ’</span> <span class='ocrx_word' id='word_1_387' title='bbox 3290 2255 3450 2327; x_wconf 76' lang='grc' dir='ltr'>ἡμῶν</span> <span class='ocrx_word' id='word_1_388' title='bbox 3482 2254 3517 2323; x_wconf 76' lang='grc' dir='ltr'><strong>ἡ</strong></span> <span class='ocrx_word' id='word_1_389' title='bbox 3550 2252 3778 2328; x_wconf 74' lang='grc' dir='ltr'>ἐργασία</span> 
     </span>
    </p>
   </div>
   <div class='ocr_carea' id='block_1_54' title="bbox 2116 2338 3775 2417">
    <p class='ocr_par' dir='ltr' id='par_1_54' title="bbox 2116 2338 3775 2417">
     <span class='ocr_line' id='line_1_54' title="bbox 2116 2338 3775 2417; baseline -0.001 -20"><span class='ocrx_word' id='word_1_390' title='bbox 2116 2347 2217 2398; x_wconf 91' lang='grc' dir='ltr'>τοῦ</span> <span class='ocrx_word' id='word_1_391' title='bbox 2248 2340 2420 2398; x_wconf 90' lang='grc' dir='ltr'>καλοῦ</span> <span class='ocrx_word' id='word_1_392' title='bbox 2479 2341 2837 2417; x_wconf 75' lang='grc' dir='ltr'>ἀποτελεσθῇ,</span> <span class='ocrx_word' id='word_1_393' title='bbox 2869 2343 2961 2398; x_wconf 87' lang='lat' dir='ltr'>xui</span> <span class='ocrx_word' id='word_1_394' title='bbox 3017 2341 3281 2417; x_wconf 73' lang='grc' dir='ltr'>ἡμέτερον</span> <span class='ocrx_word' id='word_1_395' title='bbox 3343 2338 3472 2417; x_wconf 81' lang='grc' dir='ltr'>δόξῃ</span> <span class='ocrx_word' id='word_1_396' title='bbox 3528 2341 3591 2397; x_wconf 86' lang='grc' dir='ltr'>τὸ</span> <span class='ocrx_word' id='word_1_397' title='bbox 3648 2340 3775 2415; x_wconf 83' lang='grc' dir='ltr'>ἀγα-</span> 
     </span>
    </p>
   </div>
   <div class='ocr_carea' id='block_1_55' title="bbox 2121 2427 3771 2509">
    <p class='ocr_par' dir='ltr' id='par_1_55' title="bbox 2121 2427 3771 2509">
     <span class='ocr_line' id='line_1_55' title="bbox 2121 2427 3771 2509; baseline -0.002 -22"><span class='ocrx_word' id='word_1_398' title='bbox 2121 2433 2237 2506; x_wconf 89' lang='grc' dir='ltr'>θὸν,</span> <span class='ocrx_word' id='word_1_399' title='bbox 2288 2433 2424 2488; x_wconf 80' lang='grc' dir='ltr'>ὥστε</span> <span class='ocrx_word' id='word_1_400' title='bbox 2481 2432 2570 2487; x_wconf 84' lang='grc' dir='ltr'>καὶ</span> <span class='ocrx_word' id='word_1_401' title='bbox 2649 2433 2839 2506; x_wconf 87' lang='grc' dir='ltr'>μισθὸν</span> <span class='ocrx_word' id='word_1_402' title='bbox 2914 2435 3062 2505; x_wconf 75' lang='grc' dir='ltr'>ἡμᾶς</span> <span class='ocrx_word' id='word_1_403' title='bbox 3122 2430 3356 2487; x_wconf 79' lang='grc' dir='ltr'>ἐντεῦθεν</span> <span class='ocrx_word' id='word_1_404' title='bbox 3416 2427 3771 2509; x_wconf 72' lang='grc' dir='ltr'>ὀφειλόμενον</span> 
     </span>
    </p>
   </div>
   <div class='ocr_carea' id='block_1_56' title="bbox 2119 2517 3769 2597">
    <p class='ocr_par' dir='ltr' id='par_1_56' title="bbox 2119 2517 3769 2597">
     <span class='ocr_line' id='line_1_56' title="bbox 2119 2517 3769 2597; baseline -0.002 -21"><span class='ocrx_word' id='word_1_405' title='bbox 2119 2526 2294 2597; x_wconf 85' lang='grc' dir='ltr'>σχεῖν·</span> <span class='ocrx_word' id='word_1_406' title='bbox 2323 2518 2415 2576; x_wconf 67' lang='grc' dir='ltr'>’ἕνα</span> <span class='ocrx_word' id='word_1_407' title='bbox 2477 2521 2552 2595; x_wconf 84' lang='grc' dir='ltr'>μή</span> <span class='ocrx_word' id='word_1_408' title='bbox 2611 2520 2792 2593; x_wconf 78' lang='grc' dir='ltr'>ὥσπερ</span> <span class='ocrx_word' id='word_1_409' title='bbox 2851 2519 3049 2583; x_wconf 76' lang='grc' dir='ltr'>εῗκόνες</span> <span class='ocrx_word' id='word_1_410' title='bbox 3104 2517 3311 2595; x_wconf 71' lang='grc' dir='ltr'>ἄψυχοι</span> <span class='ocrx_word' id='word_1_411' title='bbox 3338 2521 3436 2593; x_wconf 78' lang='lat' dir='ltr'>(a),</span> <span class='ocrx_word' id='word_1_412' title='bbox 3467 2518 3614 2594; x_wconf 82' lang='grc' dir='ltr'>παρά</span> <span class='ocrx_word' id='word_1_413' title='bbox 3672 2521 3769 2587; x_wconf 69' lang='lat' dir='ltr'>Cm-</span> 
     </span>
    </p>
   </div>
   <div class='ocr_carea' id='block_1_57' title="bbox 2119 2605 3760 2687">
    <p class='ocr_par' dir='ltr' id='par_1_57' title="bbox 2119 2605 3760 2687">
     <span class='ocr_line' id='line_1_57' title="bbox 2119 2605 3760 2687; baseline -0.003 -21"><span class='ocrx_word' id='word_1_414' title='bbox 2119 2612 2351 2687; x_wconf 78' lang='grc' dir='ltr'>γράφοις</span> <span class='ocrx_word' id='word_1_415' title='bbox 2410 2611 2504 2684; x_wconf 72' lang='grc' dir='ltr'>μὲν</span> <span class='ocrx_word' id='word_1_416' title='bbox 2565 2608 3177 2679; x_wconf 77' lang='grc' dir='ltr'>ἆποτελεσθεῖσαι,εἷκῆ</span> <span class='ocrx_word' id='word_1_417' title='bbox 3238 2605 3297 2663; x_wconf 74' lang='grc' dir='ltr'>δὲ</span> <span class='ocrx_word' id='word_1_418' title='bbox 3342 2606 3609 2682; x_wconf 83' lang='grc' dir='ltr'>κείμεναι,</span> <span class='ocrx_word' id='word_1_419' title='bbox 3670 2606 3760 2662; x_wconf 86' lang='grc' dir='ltr'>καὶ</span> 
     </span>
    </p>
   </div>
   <div class='ocr_carea' id='block_1_58' title="bbox 2125 2691 3764 2775">
    <p class='ocr_par' dir='ltr' id='par_1_58' title="bbox 2125 2691 3764 2775">
     <span class='ocr_line' id='line_1_58' title="bbox 2125 2691 3764 2775; baseline -0.002 -20"><span class='ocrx_word' id='word_1_420' title='bbox 2125 2697 2291 2775; x_wconf 76' lang='grc' dir='ltr'>μηδὲν</span> <span class='ocrx_word' id='word_1_421' title='bbox 2352 2701 2485 2775; x_wconf 86' lang='grc' dir='ltr'>πρὸς</span> <span class='ocrx_word' id='word_1_422' title='bbox 2539 2700 2601 2755; x_wconf 86' lang='grc' dir='ltr'>τὸ</span> <span class='ocrx_word' id='word_1_423' title='bbox 2653 2698 2863 2761; x_wconf 84' lang='grc' dir='ltr'>κάλλος</span> <span class='ocrx_word' id='word_1_424' title='bbox 2888 2699 3101 2761; x_wconf 70' lang='grc' dir='ltr'>ἑαυταῖς</span> <span class='ocrx_word' id='word_1_425' title='bbox 3135 2691 3610 2771; x_wconf 76' lang='grc' dir='ltr'>συμϐάλλόμεναι·</span> <span class='ocrx_word' id='word_1_426' title='bbox 3643 2695 3707 2759; x_wconf 75' lang='grc' dir='ltr'>’ἀς</span> <span class='ocrx_word' id='word_1_427' title='bbox 3736 2696 3764 2752; x_wconf 87' lang='lat'>6</span> 
     </span>
    </p>
   </div>
   <div class='ocr_carea' id='block_1_59' title="bbox 2123 2782 3764 2865">
    <p class='ocr_par' dir='ltr' id='par_1_59' title="bbox 2123 2782 3764 2865">
     <span class='ocr_line' id='line_1_59' title="bbox 2123 2782 3764 2865; baseline -0.002 -21"><span class='ocrx_word' id='word_1_428' title='bbox 2123 2791 2433 2863; x_wconf 80' lang='grc' dir='ltr'>θεώμενος,</span> <span class='ocrx_word' id='word_1_429' title='bbox 2491 2788 2578 2843; x_wconf 80' lang='grc' dir='ltr'>καὶ</span> <span class='ocrx_word' id='word_1_430' title='bbox 2640 2788 2776 2865; x_wconf 83' lang='grc' dir='ltr'>πρὸς</span> <span class='ocrx_word' id='word_1_431' title='bbox 2832 2782 3107 2864; x_wconf 76' lang='grc' dir='ltr'>ἀκρίϐειαν</span> <span class='ocrx_word' id='word_1_432' title='bbox 3160 2785 3543 2864; x_wconf 69' lang='grc' dir='ltr'>γεγραμμένας</span> <span class='ocrx_word' id='word_1_433' title='bbox 3603 2806 3764 2841; x_wconf 82' lang='grc' dir='ltr'>κατα-</span> 
     </span>
    </p>
   </div>
   <div class='ocr_carea' id='block_1_60' title="bbox 2120 2872 3773 2954">
    <p class='ocr_par' dir='ltr' id='par_1_60' title="bbox 2120 2872 3773 2954">
     <span class='ocr_line' id='line_1_60' title="bbox 2120 2872 3773 2954; baseline -0.004 -20"><span class='ocrx_word' id='word_1_434' title='bbox 2120 2884 2287 2952; x_wconf 80' lang='grc' dir='ltr'>νοῶν,</span> <span class='ocrx_word' id='word_1_435' title='bbox 2317 2878 2408 2934; x_wconf 87' lang='grc' dir='ltr'>τὸν</span> <span class='ocrx_word' id='word_1_436' title='bbox 2446 2879 2540 2951; x_wconf 77' lang='grc' dir='ltr'>μὶν</span> <span class='ocrx_word' id='word_1_437' title='bbox 2600 2878 2881 2954; x_wconf 80' lang='grc' dir='ltr'>ζωγράφον</span> <span class='ocrx_word' id='word_1_438' title='bbox 2938 2877 3165 2939; x_wconf 72' lang='grc' dir='ltr'>είκότως</span> <span class='ocrx_word' id='word_1_439' title='bbox 3218 2876 3307 2931; x_wconf 80' lang='grc' dir='ltr'>καὶ</span> <span class='ocrx_word' id='word_1_440' title='bbox 3359 2876 3623 2948; x_wconf 80' lang='grc' dir='ltr'>θαυμάζει</span> <span class='ocrx_word' id='word_1_441' title='bbox 3680 2872 3773 2929; x_wconf 89' lang='lat' dir='ltr'>xui</span> 
     </span>
    </p>
   </div>
   <div class='ocr_carea' id='block_1_61' title="bbox 2121 2960 3771 3042">
    <p class='ocr_par' dir='ltr' id='par_1_61' title="bbox 2121 2960 3771 3042">
     <span class='ocr_line' id='line_1_61' title="bbox 2121 2960 3771 3042; baseline -0.003 -19"><span class='ocrx_word' id='word_1_442' title='bbox 2121 2969 2348 3040; x_wconf 73' lang='grc' dir='ltr'>ἐπαινεῖ,</span> <span class='ocrx_word' id='word_1_443' title='bbox 2381 2966 2516 3023; x_wconf 83' lang='grc' dir='ltr'>αὐτᾶ</span> <span class='ocrx_word' id='word_1_444' title='bbox 2554 2964 2611 3021; x_wconf 66' lang='grc' dir='ltr'>δὲ</span> <span class='ocrx_word' id='word_1_445' title='bbox 2662 2966 2731 3022; x_wconf 71' lang='grc' dir='ltr'>δι’</span> <span class='ocrx_word' id='word_1_446' title='bbox 2762 2967 2925 3021; x_wconf 73' lang='grc' dir='ltr'>ἑαυτὰ</span> <span class='ocrx_word' id='word_1_447' title='bbox 2982 2966 3274 3042; x_wconf 86' lang='grc' dir='ltr'>χρώματα,</span> <span class='ocrx_word' id='word_1_448' title='bbox 3306 2965 3341 3034; x_wconf 76' lang='grc' dir='ltr'><strong>ἢ</strong></span> <span class='ocrx_word' id='word_1_449' title='bbox 3398 2963 3525 3025; x_wconf 78' lang='grc' dir='ltr'>τοὺς</span> <span class='ocrx_word' id='word_1_450' title='bbox 3586 2962 3667 3042; x_wconf 77' lang='grc' dir='ltr'>ἔφ’</span> <span class='ocrx_word' id='word_1_451' title='bbox 3696 2960 3771 3018; x_wconf 82' lang='grc' dir='ltr'>ὧν</span> 
     </span>
    </p>
   </div>
   <div class='ocr_carea' id='block_1_62' title="bbox 2119 3048 3766 3135">
    <p class='ocr_par' dir='ltr' id='par_1_62' title="bbox 2119 3048 3766 3135">
     <span class='ocr_line' id='line_1_62' title="bbox 2119 3048 3766 3135; baseline -0.005 -23"><span class='ocrx_word' id='word_1_452' title='bbox 2119 3056 2447 3135; x_wconf 73' lang='grc' dir='ltr'>γεγράφαται</span> <span class='ocrx_word' id='word_1_453' title='bbox 2476 3056 2727 3125; x_wconf 86' lang='grc' dir='ltr'>πίνακας,</span> <span class='ocrx_word' id='word_1_454' title='bbox 2762 3053 2983 3117; x_wconf 74' lang='grc' dir='ltr'>οὐδενὸς</span> <span class='ocrx_word' id='word_1_455' title='bbox 3040 3054 3184 3124; x_wconf 81' lang='grc' dir='ltr'>ἀξιοῖ</span> <span class='ocrx_word' id='word_1_456' title='bbox 3238 3051 3429 3128; x_wconf 86' lang='grc' dir='ltr'>λόγου.</span> <span class='ocrx_word' id='word_1_457' title='bbox 3477 3053 3594 3108; x_wconf 85' lang='grc' dir='ltr'>Ἵνα</span> <span class='ocrx_word' id='word_1_458' title='bbox 3651 3048 3766 3105; x_wconf 85' lang='grc' dir='ltr'>τοί-</span> 
     </span>
    </p>
   </div>
   <div class='ocr_carea' id='block_1_63' title="bbox 2119 3138 3766 3218">
    <p class='ocr_par' dir='ltr' id='par_1_63' title="bbox 2119 3138 3766 3218">
     <span class='ocr_line' id='line_1_63' title="bbox 2119 3138 3766 3218; baseline -0.004 -19"><span class='ocrx_word' id='word_1_459' title='bbox 2119 3167 2211 3201; x_wconf 88' lang='grc' dir='ltr'>νυν</span> <span class='ocrx_word' id='word_1_460' title='bbox 2259 3145 2321 3200; x_wconf 83' lang='grc' dir='ltr'>τὸ</span> <span class='ocrx_word' id='word_1_461' title='bbox 2375 3148 2554 3218; x_wconf 83' lang='grc' dir='ltr'>θαῦμα</span> <span class='ocrx_word' id='word_1_462' title='bbox 2603 3141 2696 3198; x_wconf 79' lang='grc' dir='ltr'>καί</span> <span class='ocrx_word' id='word_1_463' title='bbox 2743 3142 2872 3217; x_wconf 84' lang='grc' dir='ltr'>ἐμὸν</span> <span class='ocrx_word' id='word_1_464' title='bbox 2920 3141 3160 3216; x_wconf 71' lang='grc' dir='ltr'>γένηται,</span> <span class='ocrx_word' id='word_1_465' title='bbox 3191 3140 3281 3196; x_wconf 84' lang='grc' dir='ltr'>καὶ</span> <span class='ocrx_word' id='word_1_466' title='bbox 3341 3138 3766 3214; x_wconf 83' lang='grc' dir='ltr'>συμμερίσωμαι</span> 
     </span>
    </p>
   </div>
   <div class='ocr_carea' id='block_1_64' title="bbox 356 3201 2010 3308">
    <p class='ocr_par' dir='ltr' id='par_1_64' title="bbox 356 3201 1996 3308">
     <span class='ocr_line' id='line_1_64' title="bbox 356 3201 1996 3308; baseline 0.008 -27"><span class='ocrx_word' id='word_1_467' title='bbox 356 3225 550 3282; x_wconf 90' lang='lat' dir='ltr'>larum</span> <span class='ocrx_word' id='word_1_468' title='bbox 581 3228 803 3284; x_wconf 88' lang='lat' dir='ltr'>nullam</span> <span class='ocrx_word' id='word_1_469' title='bbox 837 3201 1122 3287; x_wconf 82' lang='lat' dir='ltr'>rationem</span> <span class='ocrx_word' id='word_1_470' title='bbox 1157 3201 1393 3290; x_wconf 57' lang='lat' dir='ltr'>habeat,</span> <span class='ocrx_word' id='word_1_471' title='bbox 1420 3201 1996 3308; x_wconf 56' lang='lat' dir='ltr'>Utitaqueadmira-</span> 
     </span>
    </p>
   </div>
   <div class='ocr_carea' id='block_1_65' title="bbox 2121 3201 3765 3308">
    <p class='ocr_par' dir='ltr' id='par_1_65' title="bbox 2121 3201 3765 3308">
     <span class='ocr_line' id='line_1_65' title="bbox 2121 3201 3765 3308; baseline -0.006 -17"><span class='ocrx_word' id='word_1_472' title='bbox 2121 3239 2197 3308; x_wconf 77' lang='grc' dir='ltr'>τῷ</span> <span class='ocrx_word' id='word_1_473' title='bbox 2228 3238 2344 3307; x_wconf 83' lang='grc' dir='ltr'>Θεῷ</span> <span class='ocrx_word' id='word_1_474' title='bbox 2371 3201 2489 3289; x_wconf 50' lang='grc' dir='ltr'>τὸν.</span> <span class='ocrx_word' id='word_1_475' title='bbox 2518 3230 2574 3288; x_wconf 81' lang='grc' dir='ltr'>ἐκ</span> <span class='ocrx_word' id='word_1_476' title='bbox 2614 3238 2716 3301; x_wconf 81' lang='grc' dir='ltr'>τῆς</span> <span class='ocrx_word' id='word_1_477' title='bbox 2757 3228 2933 3302; x_wconf 79' lang='grc' dir='ltr'>καλῆς</span> <span class='ocrx_word' id='word_1_478' title='bbox 2965 3228 3327 3307; x_wconf 74' lang='grc' dir='ltr'>δημιουργίας</span> <span class='ocrx_word' id='word_1_479' title='bbox 3360 3226 3601 3300; x_wconf 78' lang='grc' dir='ltr'>ἔπαινον,</span> <span class='ocrx_word' id='word_1_480' title='bbox 3637 3226 3765 3301; x_wconf 80' lang='grc' dir='ltr'>ἐμοὶ</span> 
     </span>
    </p>
   </div>
   <div class='ocr_carea' id='block_1_66' title="bbox 357 3314 1998 3395">
    <p class='ocr_par' dir='ltr' id='par_1_66' title="bbox 357 3314 1998 3395">
     <span class='ocr_line' id='line_1_66' title="bbox 357 3314 1998 3395; baseline 0.009 -26"><span class='ocrx_word' id='word_1_481' title='bbox 357 3314 440 3370; x_wconf 87' lang='lat' dir='ltr'>tio</span> <span class='ocrx_word' id='word_1_482' title='bbox 472 3315 649 3371; x_wconf 89' lang='lat' dir='ltr'>etiam</span> <span class='ocrx_word' id='word_1_483' title='bbox 685 3334 815 3373; x_wconf 90' lang='lat' dir='ltr'>mea</span> <span class='ocrx_word' id='word_1_484' title='bbox 841 3317 1004 3386; x_wconf 80' lang='lat' dir='ltr'>foret,</span> <span class='ocrx_word' id='word_1_485' title='bbox 1038 3336 1105 3375; x_wconf 90' lang='lat' dir='ltr'>ac</span> <span class='ocrx_word' id='word_1_486' title='bbox 1136 3339 1266 3377; x_wconf 90' lang='lat' dir='ltr'>cum</span> <span class='ocrx_word' id='word_1_487' title='bbox 1317 3325 1426 3379; x_wconf 86' lang='lat' dir='ltr'>Deo</span> <span class='ocrx_word' id='word_1_488' title='bbox 1486 3325 1717 3395; x_wconf 70' lang='lat' dir='ltr'>optimas</span> <span class='ocrx_word' id='word_1_489' title='bbox 1763 3325 1998 3383; x_wconf 88' lang='lat' dir='ltr'>laudem</span> 
     </span>
    </p>
   </div>
   <div class='ocr_carea' id='block_1_67' title="bbox 358 3402 2003 3482">
    <p class='ocr_par' dir='ltr' id='par_1_67' title="bbox 358 3402 2003 3482">
     <span class='ocr_line' id='line_1_67' title="bbox 358 3402 2003 3482; baseline 0.006 -25"><span class='ocrx_word' id='word_1_490' title='bbox 358 3402 676 3458; x_wconf 87' lang='lat' dir='ltr'>creationis</span> <span class='ocrx_word' id='word_1_491' title='bbox 705 3420 823 3459; x_wconf 86' lang='lat' dir='ltr'>una</span> <span class='ocrx_word' id='word_1_492' title='bbox 854 3405 1275 3476; x_wconf 88' lang='lat' dir='ltr'>partirer,mihi</span> <span class='ocrx_word' id='word_1_493' title='bbox 1296 3408 1533 3482; x_wconf 86' lang='lat' dir='ltr'>reliquit</span> <span class='ocrx_word' id='word_1_494' title='bbox 1564 3417 1629 3466; x_wconf 92' lang='lat' dir='ltr'>ut</span> <span class='ocrx_word' id='word_1_495' title='bbox 1658 3412 1727 3467; x_wconf 92' lang='lat' dir='ltr'>ad</span> <span class='ocrx_word' id='word_1_496' title='bbox 1763 3411 1865 3468; x_wconf 92' lang='lat' dir='ltr'>Dei</span> <span class='ocrx_word' id='word_1_497' title='bbox 1884 3414 2003 3469; x_wconf 77' lang='lat' dir='ltr'>efﬁ-</span> 
     </span>
    </p>
   </div>
   <div class='ocr_carea' id='block_1_68' title="bbox 359 3491 2007 3574">
    <p class='ocr_par' dir='ltr' id='par_1_68' title="bbox 359 3491 2007 3574">
     <span class='ocr_line' id='line_1_68' title="bbox 359 3491 2007 3574; baseline 0.007 -28"><span class='ocrx_word' id='word_1_498' title='bbox 359 3506 520 3547; x_wconf 69' lang='lat' dir='ltr'>ceree</span> <span class='ocrx_word' id='word_1_499' title='bbox 549 3491 1147 3552; x_wconf 67' lang='lat' dir='ltr'>similitudinemEst</span> <span class='ocrx_word' id='word_1_500' title='bbox 1168 3496 1364 3569; x_wconf 89' lang='lat' dir='ltr'>itaque</span> <span class='ocrx_word' id='word_1_501' title='bbox 1397 3499 1453 3553; x_wconf 92' lang='lat' dir='ltr'>in</span> <span class='ocrx_word' id='word_1_502' title='bbox 1481 3517 1573 3557; x_wconf 92' lang='lat' dir='ltr'>me</span> <span class='ocrx_word' id='word_1_503' title='bbox 1602 3501 1863 3573; x_wconf 83' lang='lat' dir='ltr'>potentia</span> <span class='ocrx_word' id='word_1_504' title='bbox 1882 3502 2007 3574; x_wconf 89' lang='lat' dir='ltr'>qui-</span> 
     </span>
    </p>
   </div>
   <div class='ocr_carea' id='block_1_69' title="bbox 358 3580 2003 3662">
    <p class='ocr_par' dir='ltr' id='par_1_69' title="bbox 358 3580 2003 3662">
     <span class='ocr_line' id='line_1_69' title="bbox 358 3580 2003 3662; baseline 0.007 -26"><span class='ocrx_word' id='word_1_505' title='bbox 358 3581 495 3636; x_wconf 89' lang='lat' dir='ltr'>dem</span> <span class='ocrx_word' id='word_1_506' title='bbox 525 3580 771 3638; x_wconf 89' lang='lat' dir='ltr'>rationis</span> <span class='ocrx_word' id='word_1_507' title='bbox 788 3583 874 3638; x_wconf 87' lang='lat' dir='ltr'>vis</span> <span class='ocrx_word' id='word_1_508' title='bbox 890 3600 957 3640; x_wconf 91' lang='lat' dir='ltr'>ac</span> <span class='ocrx_word' id='word_1_509' title='bbox 973 3583 1554 3659; x_wconf 79' lang='lat' dir='ltr'>intelligentiae,quod</span> <span class='ocrx_word' id='word_1_510' title='bbox 1580 3590 1780 3662; x_wconf 86' lang='lat' dir='ltr'>utique</span> <span class='ocrx_word' id='word_1_511' title='bbox 1813 3592 1883 3647; x_wconf 91' lang='lat' dir='ltr'>ad</span> <span class='ocrx_word' id='word_1_512' title='bbox 1904 3590 2003 3648; x_wconf 85' lang='lat' dir='ltr'>Dei</span> 
     </span>
    </p>
   </div>
   <div class='ocr_carea' id='block_1_70' title="bbox 359 3669 2000 3751">
    <p class='ocr_par' dir='ltr' id='par_1_70' title="bbox 359 3669 2000 3751">
     <span class='ocr_line' id='line_1_70' title="bbox 359 3669 2000 3751; baseline 0.005 -24"><span class='ocrx_word' id='word_1_513' title='bbox 359 3685 454 3727; x_wconf 88' lang='lat' dir='ltr'>me</span> <span class='ocrx_word' id='word_1_514' title='bbox 483 3669 701 3725; x_wconf 86' lang='lat' dir='ltr'>factum</span> <span class='ocrx_word' id='word_1_515' title='bbox 732 3669 1052 3743; x_wconf 85' lang='lat' dir='ltr'>imaginem</span> <span class='ocrx_word' id='word_1_516' title='bbox 1083 3675 1338 3730; x_wconf 88' lang='lat' dir='ltr'>ostendit</span> <span class='ocrx_word' id='word_1_517' title='bbox 1362 3694 1374 3731; x_wconf 87' lang='lat'><strong>:</strong></span> <span class='ocrx_word' id='word_1_518' title='bbox 1400 3680 1532 3733; x_wconf 90' lang='lat' dir='ltr'>actu</span> <span class='ocrx_word' id='word_1_519' title='bbox 1567 3684 1793 3751; x_wconf 90' lang='lat' dir='ltr'>vero,ut</span> <span class='ocrx_word' id='word_1_520' title='bbox 1813 3685 1871 3736; x_wconf 91' lang='lat' dir='ltr'>et</span> <span class='ocrx_word' id='word_1_521' title='bbox 1896 3681 2000 3738; x_wconf 86' lang='lat' dir='ltr'>vir-</span> 
     </span>
    </p>
   </div>
   <div class='ocr_carea' id='block_1_71' title="bbox 355 3756 2002 3837">
    <p class='ocr_par' dir='ltr' id='par_1_71' title="bbox 355 3756 2002 3837">
     <span class='ocr_line' id='line_1_71' title="bbox 355 3756 2002 3837; baseline 0.007 -24"><span class='ocrx_word' id='word_1_522' title='bbox 355 3761 541 3813; x_wconf 88' lang='lat' dir='ltr'>tutem</span> <span class='ocrx_word' id='word_1_523' title='bbox 563 3756 1229 3833; x_wconf 88' lang='lat' dir='ltr'>amplectar,sedulaque</span> <span class='ocrx_word' id='word_1_524' title='bbox 1260 3761 1488 3819; x_wconf 88' lang='lat' dir='ltr'>actione</span> <span class='ocrx_word' id='word_1_525' title='bbox 1519 3763 1576 3820; x_wconf 94' lang='lat' dir='ltr'>id</span> <span class='ocrx_word' id='word_1_526' title='bbox 1607 3768 1761 3837; x_wconf 91' lang='lat' dir='ltr'>quod</span> <span class='ocrx_word' id='word_1_527' title='bbox 1788 3767 2002 3824; x_wconf 89' lang='lat' dir='ltr'>hones-</span> 
     </span>
    </p>
   </div>
   <div class='ocr_carea' id='block_1_72' title="bbox 358 3845 2005 3929">
    <p class='ocr_par' dir='ltr' id='par_1_72' title="bbox 358 3845 2005 3929">
     <span class='ocr_line' id='line_1_72' title="bbox 358 3845 2005 3929; baseline 0.007 -27"><span class='ocrx_word' id='word_1_528' title='bbox 358 3849 488 3902; x_wconf 85' lang='lat' dir='ltr'>tum</span> <span class='ocrx_word' id='word_1_529' title='bbox 511 3862 578 3901; x_wconf 91' lang='lat' dir='ltr'>ac</span> <span class='ocrx_word' id='word_1_530' title='bbox 602 3845 779 3902; x_wconf 79' lang='lat' dir='ltr'>ofﬁcii</span> <span class='ocrx_word' id='word_1_531' title='bbox 809 3852 920 3918; x_wconf 87' lang='lat' dir='ltr'>est,</span> <span class='ocrx_word' id='word_1_532' title='bbox 949 3855 1247 3919; x_wconf 65' lang='lat' dir='ltr'>praestem,</span> <span class='ocrx_word' id='word_1_533' title='bbox 1280 3855 1461 3923; x_wconf 89' lang='lat' dir='ltr'>atque</span> <span class='ocrx_word' id='word_1_534' title='bbox 1490 3852 1571 3909; x_wconf 90' lang='lat' dir='ltr'>ita</span> <span class='ocrx_word' id='word_1_535' title='bbox 1621 3853 1740 3911; x_wconf 86' lang='lat' dir='ltr'>vita</span> <span class='ocrx_word' id='word_1_536' title='bbox 1768 3857 2005 3929; x_wconf 87' lang='lat' dir='ltr'>optimis</span> 
     </span>
    </p>
   </div>
   <div class='ocr_carea' id='block_1_73' title="bbox 362 3934 2007 4004">
    <p class='ocr_par' dir='ltr' id='par_1_73' title="bbox 362 3934 2007 4004">
     <span class='ocr_line' id='line_1_73' title="bbox 362 3934 2007 4004; baseline 0.008 -14"><span class='ocrx_word' id='word_1_537' title='bbox 362 3934 692 3991; x_wconf 86' lang='lat' dir='ltr'>rationibus</span> <span class='ocrx_word' id='word_1_538' title='bbox 723 3934 1014 4004; x_wconf 90' lang='lat' dir='ltr'>instituta,</span> <span class='ocrx_word' id='word_1_539' title='bbox 1071 3938 1143 3993; x_wconf 92' lang='lat' dir='ltr'>ad</span> <span class='ocrx_word' id='word_1_540' title='bbox 1201 3939 1302 3996; x_wconf 90' lang='lat' dir='ltr'>Dei</span> <span class='ocrx_word' id='word_1_541' title='bbox 1351 3940 1800 4001; x_wconf 88' lang='lat' dir='ltr'>similitudinem</span> <span class='ocrx_word' id='word_1_542' title='bbox 1852 3947 2007 4003; x_wconf 73' lang='lat'>834</span> 
     </span>
    </p>
   </div>
   <div class='ocr_carea' id='block_1_74' title="bbox 364 4023 2007 4107">
    <p class='ocr_par' dir='ltr' id='par_1_74' title="bbox 364 4023 2007 4107">
     <span class='ocr_line' id='line_1_74' title="bbox 364 4023 2007 4107; baseline 0.007 -28"><span class='ocrx_word' id='word_1_543' title='bbox 364 4023 886 4092; x_wconf 86' lang='lat' dir='ltr'>deveniam.Quare</span> <span class='ocrx_word' id='word_1_544' title='bbox 918 4025 976 4081; x_wconf 91' lang='lat' dir='ltr'>id</span> <span class='ocrx_word' id='word_1_545' title='bbox 1010 4027 1431 4100; x_wconf 88' lang='lat' dir='ltr'>quidem,quod</span> <span class='ocrx_word' id='word_1_546' title='bbox 1463 4031 1641 4087; x_wconf 88' lang='lat' dir='ltr'>estad</span> <span class='ocrx_word' id='word_1_547' title='bbox 1665 4032 2007 4107; x_wconf 86' lang='lat' dir='ltr'>imaginem,</span> 
     </span>
    </p>
   </div>
   <div class='ocr_carea' id='block_1_75' title="bbox 364 4111 2009 4192">
    <p class='ocr_par' dir='ltr' id='par_1_75' title="bbox 364 4111 2009 4192">
     <span class='ocr_line' id='line_1_75' title="bbox 364 4111 2009 4192; baseline 0.007 -25"><span class='ocrx_word' id='word_1_548' title='bbox 364 4111 504 4168; x_wconf 89' lang='lat' dir='ltr'>boni</span> <span class='ocrx_word' id='word_1_549' title='bbox 535 4112 697 4186; x_wconf 85' lang='lat' dir='ltr'>origo</span> <span class='ocrx_word' id='word_1_550' title='bbox 729 4114 1011 4187; x_wconf 87' lang='lat' dir='ltr'>radixque</span> <span class='ocrx_word' id='word_1_551' title='bbox 1033 4120 1141 4188; x_wconf 81' lang='lat' dir='ltr'>est,</span> <span class='ocrx_word' id='word_1_552' title='bbox 1202 4135 1379 4189; x_wconf 88' lang='lat' dir='ltr'>quam</span> <span class='ocrx_word' id='word_1_553' title='bbox 1412 4119 1541 4192; x_wconf 89' lang='lat' dir='ltr'>ipsa</span> <span class='ocrx_word' id='word_1_554' title='bbox 1580 4122 1777 4178; x_wconf 85' lang='lat' dir='ltr'>statim</span> <span class='ocrx_word' id='word_1_555' title='bbox 1809 4124 2009 4180; x_wconf 87' lang='lat' dir='ltr'>condi-</span> 
     </span>
    </p>
   </div>
   <div class='ocr_carea' id='block_1_76' title="bbox 364 4200 2009 4282">
    <p class='ocr_par' dir='ltr' id='par_1_76' title="bbox 364 4200 2009 4282">
     <span class='ocr_line' id='line_1_76' title="bbox 364 4200 2009 4282; baseline 0.008 -27"><span class='ocrx_word' id='word_1_556' title='bbox 364 4200 525 4257; x_wconf 87' lang='lat' dir='ltr'>tione</span> <span class='ocrx_word' id='word_1_557' title='bbox 554 4216 689 4257; x_wconf 84' lang='lat' dir='ltr'>cum</span> <span class='ocrx_word' id='word_1_558' title='bbox 720 4206 930 4258; x_wconf 87' lang='lat' dir='ltr'>natura</span> <span class='ocrx_word' id='word_1_559' title='bbox 949 4204 1564 4278; x_wconf 84' lang='lat' dir='ltr'>fundamentojactam</span> <span class='ocrx_word' id='word_1_560' title='bbox 1616 4208 1832 4280; x_wconf 86' lang='lat' dir='ltr'>habui;</span> <span class='ocrx_word' id='word_1_561' title='bbox 1859 4213 2009 4282; x_wconf 91' lang='lat' dir='ltr'>quod</span> 
     </span>
    </p>
   </div>
   <div class='ocr_carea' id='block_1_77' title="bbox 362 4288 2011 4374">
    <p class='ocr_par' dir='ltr' id='par_1_77' title="bbox 362 4288 2011 4374">
     <span class='ocr_line' id='line_1_77' title="bbox 362 4288 2011 4374; baseline 0.008 -29"><span class='ocrx_word' id='word_1_562' title='bbox 362 4305 500 4345; x_wconf 85' lang='lat' dir='ltr'>vero</span> <span class='ocrx_word' id='word_1_563' title='bbox 532 4289 603 4344; x_wconf 90' lang='lat' dir='ltr'>ad</span> <span class='ocrx_word' id='word_1_564' title='bbox 618 4288 720 4344; x_wconf 90' lang='lat' dir='ltr'>Dei</span> <span class='ocrx_word' id='word_1_565' title='bbox 736 4289 1289 4360; x_wconf 84' lang='lat' dir='ltr'>similitudinem,ex</span> <span class='ocrx_word' id='word_1_566' title='bbox 1316 4294 1460 4352; x_wconf 89' lang='lat' dir='ltr'>meis</span> <span class='ocrx_word' id='word_1_567' title='bbox 1492 4302 1853 4369; x_wconf 88' lang='lat' dir='ltr'>postremum</span> <span class='ocrx_word' id='word_1_568' title='bbox 1876 4318 2011 4374; x_wconf 91' lang='lat' dir='ltr'>ope-</span> 
     </span>
    </p>
   </div>
   <div class='ocr_carea' id='block_1_78' title="bbox 364 4375 2012 4461">
    <p class='ocr_par' dir='ltr' id='par_1_78' title="bbox 364 4375 2012 4461">
     <span class='ocr_line' id='line_1_78' title="bbox 364 4375 2012 4461; baseline 0.009 -30"><span class='ocrx_word' id='word_1_569' title='bbox 364 4375 550 4461; x_wconf 76' lang='lat' dir='ltr'>ribus,</span> <span class='ocrx_word' id='word_1_570' title='bbox 583 4375 774 4450; x_wconf 87' lang='lat' dir='ltr'>iisque</span> <span class='ocrx_word' id='word_1_571' title='bbox 800 4395 929 4451; x_wconf 66' lang='lat' dir='ltr'>qua:</span> <span class='ocrx_word' id='word_1_572' title='bbox 966 4381 1213 4439; x_wconf 89' lang='lat' dir='ltr'>honesta</span> <span class='ocrx_word' id='word_1_573' title='bbox 1244 4401 1310 4440; x_wconf 92' lang='lat' dir='ltr'>ac</span> <span class='ocrx_word' id='word_1_574' title='bbox 1342 4385 1521 4441; x_wconf 80' lang='lat' dir='ltr'>ofﬁcii</span> <span class='ocrx_word' id='word_1_575' title='bbox 1551 4393 1690 4443; x_wconf 89' lang='lat' dir='ltr'>sunt</span> <span class='ocrx_word' id='word_1_576' title='bbox 1727 4388 2012 4461; x_wconf 88' lang='lat' dir='ltr'>impensis</span> 
     </span>
    </p>
   </div>
   <div class='ocr_carea' id='block_1_79' title="bbox 365 4454 2011 4549">
    <p class='ocr_par' dir='ltr' id='par_1_79' title="bbox 365 4454 2011 4549">
     <span class='ocr_line' id='line_1_79' title="bbox 365 4454 2011 4549; baseline 0.009 -29"><span class='ocrx_word' id='word_1_577' title='bbox 365 4454 689 4535; x_wconf 85' lang='lat' dir='ltr'>laboribus,</span> <span class='ocrx_word' id='word_1_578' title='bbox 722 4471 846 4525; x_wconf 87' lang='lat' dir='ltr'>tota</span> <span class='ocrx_word' id='word_1_579' title='bbox 876 4469 1126 4542; x_wconf 84' lang='lat' dir='ltr'>denique</span> <span class='ocrx_word' id='word_1_580' title='bbox 1182 4473 1301 4529; x_wconf 89' lang='lat' dir='ltr'>vita</span> <span class='ocrx_word' id='word_1_581' title='bbox 1331 4473 1566 4532; x_wconf 87' lang='lat' dir='ltr'>virtutis</span> <span class='ocrx_word' id='word_1_582' title='bbox 1599 4476 1758 4533; x_wconf 90' lang='lat' dir='ltr'>cultu</span> <span class='ocrx_word' id='word_1_583' title='bbox 1790 4454 2011 4549; x_wconf 50' lang='lat' dir='ltr'>e-xacta,</span> 
     </span>
    </p>
   </div>
   <div class='ocr_carea' id='block_1_80' title="bbox 2108 3317 3761 3396">
    <p class='ocr_par' dir='ltr' id='par_1_80' title="bbox 2108 3317 3761 3396">
     <span class='ocr_line' id='line_1_80' title="bbox 2108 3317 3761 3396; baseline -0.005 -17"><span class='ocrx_word' id='word_1_584' title='bbox 2108 3323 2369 3380; x_wconf 76' lang='grc' dir='ltr'>κατέλιπε</span> <span class='ocrx_word' id='word_1_585' title='bbox 2422 3323 2484 3378; x_wconf 85' lang='grc' dir='ltr'>τὸ</span> <span class='ocrx_word' id='word_1_586' title='bbox 2539 3320 2657 3376; x_wconf 90' lang='grc' dir='ltr'>καθ’</span> <span class='ocrx_word' id='word_1_587' title='bbox 2700 3318 2965 3393; x_wconf 82' lang='grc' dir='ltr'>ὁμοίωσιν</span> <span class='ocrx_word' id='word_1_588' title='bbox 3025 3324 3342 3396; x_wconf 81' lang='grc' dir='ltr'>γεγενῆσθαι</span> <span class='ocrx_word' id='word_1_589' title='bbox 3392 3320 3548 3375; x_wconf 88' lang='grc' dir='ltr'>Θεοῦ.</span> <span class='ocrx_word' id='word_1_590' title='bbox 3577 3317 3761 3372; x_wconf 82' lang='grc' dir='ltr'>Ἔστιν</span> 
     </span>
    </p>
   </div>
   <div class='ocr_carea' id='block_1_81' title="bbox 2113 3401 3757 3485">
    <p class='ocr_par' dir='ltr' id='par_1_81' title="bbox 2113 3401 3757 3485">
     <span class='ocr_line' id='line_1_81' title="bbox 2113 3401 3757 3485; baseline -0.005 -18"><span class='ocrx_word' id='word_1_591' title='bbox 2113 3413 2203 3468; x_wconf 85' lang='grc' dir='ltr'>οὗν</span> <span class='ocrx_word' id='word_1_592' title='bbox 2237 3410 2462 3485; x_wconf 79' lang='grc' dir='ltr'>δυνάμει</span> <span class='ocrx_word' id='word_1_593' title='bbox 2494 3410 2589 3484; x_wconf 72' lang='grc' dir='ltr'>μὶν</span> <span class='ocrx_word' id='word_1_594' title='bbox 2636 3409 2700 3465; x_wconf 75' lang='grc' dir='ltr'>τὸ</span> <span class='ocrx_word' id='word_1_595' title='bbox 2744 3406 2797 3464; x_wconf 83' lang='grc' dir='ltr'>ἐν</span> <span class='ocrx_word' id='word_1_596' title='bbox 2848 3407 2972 3482; x_wconf 67' lang='grc' dir='ltr'>ἆμοὶ</span> <span class='ocrx_word' id='word_1_597' title='bbox 3012 3405 3236 3483; x_wconf 85' lang='grc' dir='ltr'>λογικὸν</span> <span class='ocrx_word' id='word_1_598' title='bbox 3268 3407 3359 3462; x_wconf 84' lang='grc' dir='ltr'>καὶ</span> <span class='ocrx_word' id='word_1_599' title='bbox 3388 3405 3598 3482; x_wconf 83' lang='grc' dir='ltr'>νοερὸν,</span> <span class='ocrx_word' id='word_1_600' title='bbox 3626 3404 3657 3459; x_wconf 85' lang='grc' dir='ltr'>’ὁ</span> <span class='ocrx_word' id='word_1_601' title='bbox 3689 3401 3757 3474; x_wconf 74' lang='grc' dir='ltr'><strong>δὴ</strong></span> 
     </span>
    </p>
   </div>
   <div class='ocr_carea' id='block_1_82' title="bbox 2109 3491 3759 3570">
    <p class='ocr_par' dir='ltr' id='par_1_82' title="bbox 2109 3491 3759 3570">
     <span class='ocr_line' id='line_1_82' title="bbox 2109 3491 3759 3570; baseline -0.006 -12"><span class='ocrx_word' id='word_1_602' title='bbox 2109 3501 2202 3558; x_wconf 85' lang='grc' dir='ltr'>καὶ</span> <span class='ocrx_word' id='word_1_603' title='bbox 2258 3502 2374 3557; x_wconf 87' lang='grc' dir='ltr'>κατ’</span> <span class='ocrx_word' id='word_1_604' title='bbox 2406 3499 2586 3556; x_wconf 73' lang='grc' dir='ltr'>εἷ’κόνα</span> <span class='ocrx_word' id='word_1_605' title='bbox 2640 3502 2775 3555; x_wconf 91' lang='grc' dir='ltr'>Θεοῦ</span> <span class='ocrx_word' id='word_1_606' title='bbox 2826 3496 3156 3567; x_wconf 83' lang='grc' dir='ltr'>πεποιῆσθαί</span> <span class='ocrx_word' id='word_1_607' title='bbox 3219 3517 3284 3570; x_wconf 87' lang='grc' dir='ltr'>με</span> <span class='ocrx_word' id='word_1_608' title='bbox 3342 3493 3645 3551; x_wconf 81' lang='grc' dir='ltr'>δείκνυσιν·</span> <span class='ocrx_word' id='word_1_609' title='bbox 3682 3491 3759 3548; x_wconf 76' lang='grc' dir='ltr'>ἐν-</span> 
     </span>
    </p>
   </div>
   <div class='ocr_carea' id='block_1_83' title="bbox 2113 3579 3762 3669">
    <p class='ocr_par' dir='ltr' id='par_1_83' title="bbox 2113 3579 3762 3669">
     <span class='ocr_line' id='line_1_83' title="bbox 2113 3579 3762 3669; baseline -0.007 -22"><span class='ocrx_word' id='word_1_610' title='bbox 2113 3590 2296 3669; x_wconf 80' lang='grc' dir='ltr'>εργείᾳ</span> <span class='ocrx_word' id='word_1_611' title='bbox 2348 3586 2425 3662; x_wconf 58' lang='lat' dir='ltr'>Si,</span> <span class='ocrx_word' id='word_1_612' title='bbox 2483 3589 2546 3643; x_wconf 84' lang='grc' dir='ltr'>τὸ</span> <span class='ocrx_word' id='word_1_613' title='bbox 2603 3587 2692 3643; x_wconf 82' lang='grc' dir='ltr'>καὶ</span> <span class='ocrx_word' id='word_1_614' title='bbox 2749 3587 3168 3656; x_wconf 74' lang='grc' dir='ltr'>ἀντιποιηθῆναι</span> <span class='ocrx_word' id='word_1_615' title='bbox 3218 3591 3317 3654; x_wconf 79' lang='grc' dir='ltr'>τῆς</span> <span class='ocrx_word' id='word_1_616' title='bbox 3396 3582 3617 3660; x_wconf 81' lang='grc' dir='ltr'>ἀρετῆς,</span> <span class='ocrx_word' id='word_1_617' title='bbox 3668 3579 3762 3669; x_wconf 75' lang='grc' dir='ltr'>καὶ</span> 
     </span>
    </p>
   </div>
   <div class='ocr_carea' id='block_1_84' title="bbox 2110 3666 3764 3756">
    <p class='ocr_par' dir='ltr' id='par_1_84' title="bbox 2110 3666 3764 3756">
     <span class='ocr_line' id='line_1_84' title="bbox 2110 3666 3764 3756; baseline -0.007 -20"><span class='ocrx_word' id='word_1_618' title='bbox 2110 3666 2298 3756; x_wconf 68' lang='grc' dir='ltr'>πράξει</span> <span class='ocrx_word' id='word_1_619' title='bbox 2351 3681 2694 3754; x_wconf 80' lang='grc' dir='ltr'>κατορθῶσαι</span> <span class='ocrx_word' id='word_1_620' title='bbox 2748 3677 2812 3731; x_wconf 86' lang='grc' dir='ltr'>τὸ</span> <span class='ocrx_word' id='word_1_621' title='bbox 2867 3674 3061 3744; x_wconf 87' lang='grc' dir='ltr'>καλὸν,</span> <span class='ocrx_word' id='word_1_622' title='bbox 3090 3673 3182 3730; x_wconf 86' lang='lat' dir='ltr'>xui</span> <span class='ocrx_word' id='word_1_623' title='bbox 3214 3673 3388 3735; x_wconf 77' lang='grc' dir='ltr'>οὕτως</span> <span class='ocrx_word' id='word_1_624' title='bbox 3439 3669 3617 3736; x_wconf 71' lang='grc' dir='ltr'>ἐλθεῖν</span> <span class='ocrx_word' id='word_1_625' title='bbox 3672 3666 3764 3725; x_wconf 82' lang='grc' dir='ltr'>διὰ</span> 
     </span>
    </p>
   </div>
   <div class='ocr_carea' id='block_1_85' title="bbox 2109 3761 3763 3844">
    <p class='ocr_par' dir='ltr' id='par_1_85' title="bbox 2109 3761 3763 3844">
     <span class='ocr_line' id='line_1_85' title="bbox 2109 3761 3763 3844; baseline -0.007 -19"><span class='ocrx_word' id='word_1_626' title='bbox 2109 3776 2209 3840; x_wconf 82' lang='grc' dir='ltr'>τῆς</span> <span class='ocrx_word' id='word_1_627' title='bbox 2244 3765 2470 3844; x_wconf 83' lang='grc' dir='ltr'>ἀρίστης</span> <span class='ocrx_word' id='word_1_628' title='bbox 2500 3764 2783 3827; x_wconf 76' lang='grc' dir='ltr'>πολιτείας</span> <span class='ocrx_word' id='word_1_629' title='bbox 2812 3763 2891 3828; x_wconf 72' lang='grc' dir='ltr'>εἷς</span> <span class='ocrx_word' id='word_1_630' title='bbox 2922 3766 2984 3820; x_wconf 87' lang='grc' dir='ltr'>τὸ</span> <span class='ocrx_word' id='word_1_631' title='bbox 3009 3764 3127 3819; x_wconf 73' lang='grc' dir='ltr'>καθ’</span> <span class='ocrx_word' id='word_1_632' title='bbox 3158 3761 3422 3838; x_wconf 85' lang='grc' dir='ltr'>ὁμοίωσιν</span> <span class='ocrx_word' id='word_1_633' title='bbox 3453 3764 3550 3816; x_wconf 87' lang='grc' dir='ltr'>τοῦ</span> <span class='ocrx_word' id='word_1_634' title='bbox 3606 3762 3763 3815; x_wconf 85' lang='grc' dir='ltr'>Θεοῦ.</span> 
     </span>
    </p>
   </div>
   <div class='ocr_carea' id='block_1_86' title="bbox 2111 3846 3768 3929">
    <p class='ocr_par' dir='ltr' id='par_1_86' title="bbox 2111 3846 3768 3929">
     <span class='ocr_line' id='line_1_86' title="bbox 2111 3846 3768 3929; baseline -0.007 -16"><span class='ocrx_word' id='word_1_635' title='bbox 2111 3860 2273 3913; x_wconf 75' lang='grc' dir='ltr'>’Ὥστε</span> <span class='ocrx_word' id='word_1_636' title='bbox 2321 3857 2384 3912; x_wconf 88' lang='grc' dir='ltr'>τὸ</span> <span class='ocrx_word' id='word_1_637' title='bbox 2440 3856 2535 3929; x_wconf 82' lang='grc' dir='ltr'>μὶν</span> <span class='ocrx_word' id='word_1_638' title='bbox 2593 3856 2711 3909; x_wconf 82' lang='grc' dir='ltr'>κατ’</span> <span class='ocrx_word' id='word_1_639' title='bbox 2759 3850 2943 3908; x_wconf 77' lang='grc' dir='ltr'>εἰκόνα</span> <span class='ocrx_word' id='word_1_640' title='bbox 2991 3856 3149 3924; x_wconf 84' lang='grc' dir='ltr'>Θεοῦ,</span> <span class='ocrx_word' id='word_1_641' title='bbox 3193 3852 3339 3926; x_wconf 72' lang='grc' dir='ltr'>ἀρχή</span> <span class='ocrx_word' id='word_1_642' title='bbox 3376 3847 3485 3905; x_wconf 74' lang='grc' dir='ltr'>ἐστι</span> <span class='ocrx_word' id='word_1_643' title='bbox 3530 3848 3620 3904; x_wconf 82' lang='grc' dir='ltr'>καὶ</span> <span class='ocrx_word' id='word_1_644' title='bbox 3649 3846 3768 3924; x_wconf 81' lang='grc' dir='ltr'>ῥίζα</span> 
     </span>
    </p>
   </div>
   <div class='ocr_carea' id='block_1_87' title="bbox 2111 3930 3767 4020">
    <p class='ocr_par' dir='ltr' id='par_1_87' title="bbox 2111 3930 3767 4020">
     <span class='ocr_line' id='line_1_87' title="bbox 2111 3930 3767 4020; baseline -0.007 -19"><span class='ocrx_word' id='word_1_645' title='bbox 2111 3950 2210 4001; x_wconf 90' lang='grc' dir='ltr'>τοῦ</span> <span class='ocrx_word' id='word_1_646' title='bbox 2242 3944 2464 4020; x_wconf 85' lang='grc' dir='ltr'>ἀγαθοῦ,</span> <span class='ocrx_word' id='word_1_647' title='bbox 2495 3945 2556 4013; x_wconf 79' lang='grc' dir='ltr'>ἢν</span> <span class='ocrx_word' id='word_1_648' title='bbox 2591 3942 2751 4007; x_wconf 79' lang='grc' dir='ltr'>εὐθὺς</span> <span class='ocrx_word' id='word_1_649' title='bbox 2783 3941 2837 3997; x_wconf 74' lang='grc' dir='ltr'>ὲν</span> <span class='ocrx_word' id='word_1_650' title='bbox 2889 3946 2969 4015; x_wconf 80' lang='grc' dir='ltr'>τῷ</span> <span class='ocrx_word' id='word_1_651' title='bbox 3026 3940 3297 4011; x_wconf 78' lang='grc' dir='ltr'>κτίζεσθαι</span> <span class='ocrx_word' id='word_1_652' title='bbox 3330 3930 3767 4016; x_wconf 74' lang='grc' dir='ltr'>σνγκαταϐεϐλη-</span> 
     </span>
    </p>
   </div>
   <div class='ocr_carea' id='block_1_88' title="bbox 2119 4026 3764 4108">
    <p class='ocr_par' dir='ltr' id='par_1_88' title="bbox 2119 4026 3764 4108">
     <span class='ocr_line' id='line_1_88' title="bbox 2119 4026 3764 4108; baseline -0.005 -19"><span class='ocrx_word' id='word_1_653' title='bbox 2119 4033 2285 4108; x_wconf 63' lang='grc' dir='ltr'>μένην</span> <span class='ocrx_word' id='word_1_654' title='bbox 2342 4037 2412 4108; x_wconf 79' lang='grc' dir='ltr'>τῇ</span> <span class='ocrx_word' id='word_1_655' title='bbox 2471 4032 2625 4108; x_wconf 71' lang='grc' dir='ltr'>φύσει</span> <span class='ocrx_word' id='word_1_656' title='bbox 2674 4052 2779 4105; x_wconf 86' lang='grc' dir='ltr'>μου</span> <span class='ocrx_word' id='word_1_657' title='bbox 2828 4026 3058 4107; x_wconf 71' lang='grc' dir='ltr'>ἔσχηκα·</span> <span class='ocrx_word' id='word_1_658' title='bbox 3091 4031 3153 4085; x_wconf 86' lang='grc' dir='ltr'>τὸ</span> <span class='ocrx_word' id='word_1_659' title='bbox 3211 4026 3269 4085; x_wconf 70' lang='grc' dir='ltr'><strong>δὲ</strong></span> <span class='ocrx_word' id='word_1_660' title='bbox 3322 4029 3441 4093; x_wconf 86' lang='grc' dir='ltr'>καθ’</span> <span class='ocrx_word' id='word_1_661' title='bbox 3498 4027 3764 4102; x_wconf 76' lang='grc' dir='ltr'>ὁμοίωσιν</span> 
     </span>
    </p>
   </div>
   <div class='ocr_carea' id='block_1_89' title="bbox 2117 4114 3770 4197">
    <p class='ocr_par' dir='ltr' id='par_1_89' title="bbox 2117 4114 3770 4197">
     <span class='ocr_line' id='line_1_89' title="bbox 2117 4114 3770 4197; baseline -0.006 -18"><span class='ocrx_word' id='word_1_662' title='bbox 2117 4127 2272 4195; x_wconf 84' lang='grc' dir='ltr'>Θεοῦ,</span> <span class='ocrx_word' id='word_1_663' title='bbox 2306 4120 2535 4196; x_wconf 79' lang='grc' dir='ltr'>ἔσχατον</span> <span class='ocrx_word' id='word_1_664' title='bbox 2597 4121 2657 4176; x_wconf 72' lang='grc' dir='ltr'>ἐκ</span> <span class='ocrx_word' id='word_1_665' title='bbox 2709 4125 2818 4175; x_wconf 81' lang='grc' dir='ltr'>τῶν</span> <span class='ocrx_word' id='word_1_666' title='bbox 2882 4118 3053 4197; x_wconf 81' lang='grc' dir='ltr'>ἔργων</span> <span class='ocrx_word' id='word_1_667' title='bbox 3107 4140 3232 4194; x_wconf 88' lang='grc' dir='ltr'>μου,</span> <span class='ocrx_word' id='word_1_668' title='bbox 3266 4118 3355 4173; x_wconf 88' lang='grc' dir='ltr'>καὶ</span> <span class='ocrx_word' id='word_1_669' title='bbox 3401 4121 3508 4172; x_wconf 80' lang='grc' dir='ltr'>τῶν</span> <span class='ocrx_word' id='word_1_670' title='bbox 3539 4114 3665 4193; x_wconf 85' lang='grc' dir='ltr'>περὶ</span> <span class='ocrx_word' id='word_1_671' title='bbox 3702 4114 3770 4170; x_wconf 76' lang='grc' dir='ltr'>τὰ</span> 
     </span>
    </p>
   </div>
   <div class='ocr_carea' id='block_1_90' title="bbox 2117 4200 3773 4285">
    <p class='ocr_par' dir='ltr' id='par_1_90' title="bbox 2117 4200 3773 4285">
     <span class='ocr_line' id='line_1_90' title="bbox 2117 4200 3773 4285; baseline -0.006 -17"><span class='ocrx_word' id='word_1_672' title='bbox 2117 4210 2261 4268; x_wconf 83' lang='grc' dir='ltr'>καλὰ</span> <span class='ocrx_word' id='word_1_673' title='bbox 2291 4212 2492 4282; x_wconf 88' lang='grc' dir='ltr'>πόνων,</span> <span class='ocrx_word' id='word_1_674' title='bbox 2524 4210 2617 4266; x_wconf 79' lang='grc' dir='ltr'>καὶ</span> <span class='ocrx_word' id='word_1_675' title='bbox 2672 4216 2773 4281; x_wconf 82' lang='grc' dir='ltr'>τῆς</span> <span class='ocrx_word' id='word_1_676' title='bbox 2827 4210 2968 4285; x_wconf 86' lang='grc' dir='ltr'>πρὸς</span> <span class='ocrx_word' id='word_1_677' title='bbox 3024 4206 3161 4280; x_wconf 73' lang='grc' dir='ltr'>ὅλην</span> <span class='ocrx_word' id='word_1_678' title='bbox 3204 4209 3348 4278; x_wconf 79' lang='grc' dir='ltr'>ζωὴν</span> <span class='ocrx_word' id='word_1_679' title='bbox 3382 4204 3628 4284; x_wconf 71' lang='grc' dir='ltr'>ἐναρὲτου</span> <span class='ocrx_word' id='word_1_680' title='bbox 3660 4200 3773 4259; x_wconf 81' lang='grc' dir='ltr'>δια-</span> 
     </span>
    </p>
   </div>
   <div class='ocr_carea' id='block_1_91' title="bbox 2118 4296 3777 4380">
    <p class='ocr_par' dir='ltr' id='par_1_91' title="bbox 2118 4296 3777 4380">
     <span class='ocr_line' id='line_1_91' title="bbox 2118 4296 3777 4380; baseline -0.012 -12"><span class='ocrx_word' id='word_1_681' title='bbox 2118 4302 2688 4380; x_wconf 80' lang='grc' dir='ltr'>γωγῆς,περιγίνεταί</span> <span class='ocrx_word' id='word_1_682' title='bbox 2748 4323 2863 4377; x_wconf 90' lang='grc' dir='ltr'>μοι.</span> <span class='ocrx_word' id='word_1_683' title='bbox 2916 4298 3179 4377; x_wconf 84' lang='grc' dir='ltr'>Εὐλόγως</span> <span class='ocrx_word' id='word_1_684' title='bbox 3234 4298 3438 4371; x_wconf 89' lang='grc' dir='ltr'>τοίνυν,</span> <span class='ocrx_word' id='word_1_685' title='bbox 3499 4296 3607 4373; x_wconf 73' lang='grc' dir='ltr'>οὔχ</span> <span class='ocrx_word' id='word_1_686' title='bbox 3664 4296 3777 4368; x_wconf 81' lang='grc' dir='ltr'>ἅμα</span> 
     </span>
    </p>
   </div>
   <div class='ocr_carea' id='block_1_92' title="bbox 2117 4383 3779 4465">
    <p class='ocr_par' dir='ltr' id='par_1_92' title="bbox 2117 4383 3779 4465">
     <span class='ocr_line' id='line_1_92' title="bbox 2117 4383 3779 4465; baseline -0.007 -17"><span class='ocrx_word' id='word_1_687' title='bbox 2117 4397 2200 4465; x_wconf 77' lang='grc' dir='ltr'>τῷ</span> <span class='ocrx_word' id='word_1_688' title='bbox 2227 4399 2534 4463; x_wconf 83' lang='grc' dir='ltr'>κτισθῆναι,</span> <span class='ocrx_word' id='word_1_689' title='bbox 2565 4391 2656 4447; x_wconf 81' lang='grc' dir='ltr'>καὶ</span> <span class='ocrx_word' id='word_1_690' title='bbox 2706 4391 2768 4446; x_wconf 84' lang='grc' dir='ltr'>τὸ</span> <span class='ocrx_word' id='word_1_691' title='bbox 2816 4391 2933 4445; x_wconf 85' lang='grc' dir='ltr'>καθ’</span> <span class='ocrx_word' id='word_1_692' title='bbox 2963 4388 3231 4463; x_wconf 86' lang='grc' dir='ltr'>ὁμοίωσιν</span> <span class='ocrx_word' id='word_1_693' title='bbox 3263 4391 3396 4444; x_wconf 88' lang='grc' dir='ltr'>Θεοῦ</span> <span class='ocrx_word' id='word_1_694' title='bbox 3426 4384 3582 4450; x_wconf 79' lang='grc' dir='ltr'>εὐθὺς</span> <span class='ocrx_word' id='word_1_695' title='bbox 3638 4383 3779 4459; x_wconf 75' lang='grc' dir='ltr'>γινέ-</span> 
     </span>
    </p>
   </div>
   <div class='ocr_carea' id='block_1_93' title="bbox 2123 4470 3778 4556">
    <p class='ocr_par' dir='ltr' id='par_1_93' title="bbox 2123 4470 3778 4556">
     <span class='ocr_line' id='line_1_93' title="bbox 2123 4470 3778 4556; baseline -0.007 -22"><span class='ocrx_word' id='word_1_696' title='bbox 2123 4491 2243 4544; x_wconf 90' lang='grc' dir='ltr'>σθαι</span> <span class='ocrx_word' id='word_1_697' title='bbox 2307 4501 2400 4553; x_wconf 85' lang='grc' dir='ltr'>μοι</span> <span class='ocrx_word' id='word_1_698' title='bbox 2456 4480 2486 4534; x_wconf 85' lang='grc' dir='ltr'><strong>ὁ</strong></span> <span class='ocrx_word' id='word_1_699' title='bbox 2537 4477 2725 4542; x_wconf 87' lang='grc' dir='ltr'>κτίσας</span> <span class='ocrx_word' id='word_1_700' title='bbox 2784 4479 3118 4556; x_wconf 74' lang='grc' dir='ltr'>ἀπεφήνατο.</span> <span class='ocrx_word' id='word_1_701' title='bbox 3180 4476 3375 4533; x_wconf 80' lang='grc' dir='ltr'>Ἀκουε</span> <span class='ocrx_word' id='word_1_702' title='bbox 3428 4474 3529 4549; x_wconf 74' lang='grc' dir='ltr'>γὰρ</span> <span class='ocrx_word' id='word_1_703' title='bbox 3576 4470 3666 4526; x_wconf 80' lang='grc' dir='ltr'>καὶ</span> <span class='ocrx_word' id='word_1_704' title='bbox 3723 4470 3778 4523; x_wconf 88' lang='grc' dir='ltr'>τί</span> 
     </span>
    </p>
   </div>
   <div class='ocr_carea' id='block_1_94' title="bbox 370 4553 2010 4648">
    <p class='ocr_par' dir='ltr' id='par_1_94' title="bbox 370 4553 2010 4634">
     <span class='ocr_line' id='line_1_94' title="bbox 370 4553 2010 4634; baseline 0.009 -25"><span class='ocrx_word' id='word_1_705' title='bbox 370 4553 517 4610; x_wconf 89' lang='lat' dir='ltr'>mihi</span> <span class='ocrx_word' id='word_1_706' title='bbox 548 4556 790 4612; x_wconf 83' lang='lat' dir='ltr'>accedit.</span> <span class='ocrx_word' id='word_1_707' title='bbox 825 4559 1088 4632; x_wconf 85' lang='lat' dir='ltr'>Congrue</span> <span class='ocrx_word' id='word_1_708' title='bbox 1119 4560 1314 4634; x_wconf 87' lang='lat' dir='ltr'>itaque</span> <span class='ocrx_word' id='word_1_709' title='bbox 1344 4562 1499 4619; x_wconf 87' lang='lat' dir='ltr'>haud</span> <span class='ocrx_word' id='word_1_710' title='bbox 1528 4583 1645 4622; x_wconf 91' lang='lat' dir='ltr'>una</span> <span class='ocrx_word' id='word_1_711' title='bbox 1673 4583 1807 4622; x_wconf 88' lang='lat' dir='ltr'>cum</span> <span class='ocrx_word' id='word_1_712' title='bbox 1855 4584 2010 4624; x_wconf 90' lang='lat' dir='ltr'>crea-</span> 
     </span>
    </p>
   </div>
   <div class='ocr_carea' id='block_1_95' title="bbox 2121 4553 3775 4648">
    <p class='ocr_par' dir='ltr' id='par_1_95' title="bbox 2126 4553 3775 4648">
     <span class='ocr_line' id='line_1_95' title="bbox 2126 4553 3775 4648; baseline -0.008 -24"><span class='ocrx_word' id='word_1_713' title='bbox 2126 4591 2289 4648; x_wconf 79' lang='grc' dir='ltr'>φησιν</span> <span class='ocrx_word' id='word_1_714' title='bbox 2347 4569 2399 4624; x_wconf 65' lang='grc' dir='ltr'>ἒν</span> <span class='ocrx_word' id='word_1_715' title='bbox 2455 4565 2780 4643; x_wconf 83' lang='grc' dir='ltr'>Εὐαγγελίῳ</span> <span class='ocrx_word' id='word_1_716' title='bbox 2809 4586 2822 4601; x_wconf 74' lang='grc' dir='ltr'><strong>ο</strong></span> <span class='ocrx_word' id='word_1_717' title='bbox 2864 4553 3079 4622; x_wconf 79' lang='grc' dir='ltr'>Γίνεσθε</span> <span class='ocrx_word' id='word_1_718' title='bbox 3144 4562 3403 4648; x_wconf 70' lang='grc' dir='ltr'>τέλειοι,</span> <span class='ocrx_word' id='word_1_719' title='bbox 3446 4557 3775 4648; x_wconf 25' lang='grc' dir='ltr'>καθὼςᾼκαὶ</span> 
     </span>
    </p>
   </div>
   <div class='ocr_carea' id='block_1_96' title="bbox 366 4642 2013 4722">
    <p class='ocr_par' dir='ltr' id='par_1_96' title="bbox 366 4642 2013 4722">
     <span class='ocr_line' id='line_1_96' title="bbox 366 4642 2013 4722; baseline 0.01 -24"><span class='ocrx_word' id='word_1_720' title='bbox 366 4642 546 4715; x_wconf 86' lang='lat' dir='ltr'>tione,</span> <span class='ocrx_word' id='word_1_721' title='bbox 581 4648 645 4701; x_wconf 89' lang='lat' dir='ltr'>ut</span> <span class='ocrx_word' id='word_1_722' title='bbox 676 4644 819 4703; x_wconf 89' lang='lat' dir='ltr'>mihi</span> <span class='ocrx_word' id='word_1_723' title='bbox 849 4647 1049 4704; x_wconf 84' lang='lat' dir='ltr'>statim</span> <span class='ocrx_word' id='word_1_724' title='bbox 1102 4651 1256 4722; x_wconf 90' lang='lat' dir='ltr'>quod</span> <span class='ocrx_word' id='word_1_725' title='bbox 1291 4652 1363 4708; x_wconf 92' lang='lat' dir='ltr'>ad</span> <span class='ocrx_word' id='word_1_726' title='bbox 1421 4654 1517 4709; x_wconf 91' lang='lat' dir='ltr'>Dei</span> <span class='ocrx_word' id='word_1_727' title='bbox 1562 4655 2013 4714; x_wconf 89' lang='lat' dir='ltr'>similitudinem</span> 
     </span>
    </p>
   </div>
   <div class='ocr_carea' id='block_1_97' title="bbox 370 4734 2015 4817">
    <p class='ocr_par' dir='ltr' id='par_1_97' title="bbox 370 4734 2015 4817">
     <span class='ocr_line' id='line_1_97' title="bbox 370 4734 2015 4817; baseline 0.009 -28"><span class='ocrx_word' id='word_1_728' title='bbox 370 4734 844 4805; x_wconf 85' lang='lat' dir='ltr'>est,proveniret,</span> <span class='ocrx_word' id='word_1_729' title='bbox 876 4737 1117 4795; x_wconf 88' lang='lat' dir='ltr'>Creator</span> <span class='ocrx_word' id='word_1_730' title='bbox 1145 4740 1356 4796; x_wconf 86' lang='lat' dir='ltr'>sanxit.</span> <span class='ocrx_word' id='word_1_731' title='bbox 1391 4743 1538 4799; x_wconf 87' lang='lat' dir='ltr'>Audi</span> <span class='ocrx_word' id='word_1_732' title='bbox 1568 4745 1724 4801; x_wconf 89' lang='lat' dir='ltr'>enim</span> <span class='ocrx_word' id='word_1_733' title='bbox 1754 4745 1895 4817; x_wconf 92' lang='lat' dir='ltr'>quid</span> <span class='ocrx_word' id='word_1_734' title='bbox 1929 4746 2015 4803; x_wconf 92' lang='lat' dir='ltr'>di-</span> 
     </span>
    </p>
   </div>
   <div class='ocr_carea' id='block_1_98' title="bbox 371 4822 2014 4903">
    <p class='ocr_par' dir='ltr' id='par_1_98' title="bbox 371 4822 2014 4903">
     <span class='ocr_line' id='line_1_98' title="bbox 371 4822 2014 4903; baseline 0.009 -25"><span class='ocrx_word' id='word_1_735' title='bbox 371 4825 466 4878; x_wconf 91' lang='lat' dir='ltr'>cat</span> <span class='ocrx_word' id='word_1_736' title='bbox 493 4822 553 4877; x_wconf 88' lang='lat' dir='ltr'>in</span> <span class='ocrx_word' id='word_1_737' title='bbox 583 4825 890 4896; x_wconf 79' lang='lat' dir='ltr'>Evangelia</span> <span class='ocrx_word' id='word_1_738' title='bbox 924 4843 937 4881; x_wconf 89' lang='lat'><strong>:</strong></span> <span class='ocrx_word' id='word_1_739' title='bbox 970 4829 1167 4885; x_wconf 81' lang='lat' dir='ltr'>Estole</span> <span class='ocrx_word' id='word_1_740' title='bbox 1193 4832 1427 4903; x_wconf 72' lang='lat' dir='ltr'>per/eet:</span> <span class='ocrx_word' id='word_1_741' title='bbox 1456 4834 1601 4889; x_wconf 72' lang='lat' dir='ltr'>sicut</span> <span class='ocrx_word' id='word_1_742' title='bbox 1652 4837 1705 4891; x_wconf 79' lang='grc' dir='ltr'>εἰ</span> <span class='ocrx_word' id='word_1_743' title='bbox 1730 4835 1894 4892; x_wconf 80' lang='lat' dir='ltr'>Pater</span> <span class='ocrx_word' id='word_1_744' title='bbox 1919 4853 2014 4893; x_wconf 83' lang='lat' dir='ltr'>ve-</span> 
     </span>
    </p>
   </div>
   <div class='ocr_carea' id='block_1_99' title="bbox 2126 4644 3770 4732">
    <p class='ocr_par' dir='ltr' id='par_1_99' title="bbox 2126 4644 3770 4732">
     <span class='ocr_line' id='line_1_99' title="bbox 2126 4644 3770 4732; baseline -0.007 -22"><span class='ocrx_word' id='word_1_745' title='bbox 2126 4644 2153 4710; x_wconf 84' lang='lat'>6</span> <span class='ocrx_word' id='word_1_746' title='bbox 2188 4656 2376 4732; x_wconf 76' lang='grc' dir='ltr'>Ηατῆρ</span> <span class='ocrx_word' id='word_1_747' title='bbox 2410 4656 2560 4730; x_wconf 81' lang='grc' dir='ltr'>ὑμῶν</span> <span class='ocrx_word' id='word_1_748' title='bbox 2602 4656 2630 4711; x_wconf 92' lang='lat'>6</span> <span class='ocrx_word' id='word_1_749' title='bbox 2658 4655 2909 4732; x_wconf 73' lang='grc' dir='ltr'>οὐράνιος</span> <span class='ocrx_word' id='word_1_750' title='bbox 2937 4652 3145 4716; x_wconf 73' lang='grc' dir='ltr'>τέλειός</span> <span class='ocrx_word' id='word_1_751' title='bbox 3179 4652 3340 4708; x_wconf 78' lang='grc' dir='ltr'>ἐστιν·</span> <span class='ocrx_word' id='word_1_752' title='bbox 3374 4647 3456 4705; x_wconf 76' lang='grc' dir='ltr'>ὅτι</span> <span class='ocrx_word' id='word_1_753' title='bbox 3485 4648 3576 4704; x_wconf 85' lang='grc' dir='ltr'>τὸν</span> <span class='ocrx_word' id='word_1_754' title='bbox 3607 4644 3770 4715; x_wconf 77' lang='grc' dir='ltr'>ἣλιον</span> 
     </span>
    </p>
   </div>
   <div class='ocr_carea' id='block_1_100' title="bbox 2124 4736 3777 4817">
    <p class='ocr_par' dir='ltr' id='par_1_100' title="bbox 2124 4736 3777 4817">
     <span class='ocr_line' id='line_1_100' title="bbox 2124 4736 3777 4817; baseline -0.008 -16"><span class='ocrx_word' id='word_1_755' title='bbox 2124 4744 2294 4801; x_wconf 82' lang='grc' dir='ltr'>αὐτοῦ</span> <span class='ocrx_word' id='word_1_756' title='bbox 2325 4741 2612 4800; x_wconf 71' lang='grc' dir='ltr'>ἀνατέλλει</span> <span class='ocrx_word' id='word_1_757' title='bbox 2645 4743 2734 4800; x_wconf 80' lang='grc' dir='ltr'>ἐπὶ</span> <span class='ocrx_word' id='word_1_758' title='bbox 2764 4743 3040 4817; x_wconf 71' lang='grc' dir='ltr'>πονηροὺς</span> <span class='ocrx_word' id='word_1_759' title='bbox 3068 4741 3157 4798; x_wconf 82' lang='grc' dir='ltr'>καὶ</span> <span class='ocrx_word' id='word_1_760' title='bbox 3190 4738 3442 4817; x_wconf 72' lang='grc' dir='ltr'>ἀγαθοὺς,</span> <span class='ocrx_word' id='word_1_761' title='bbox 3462 4737 3550 4793; x_wconf 83' lang='grc' dir='ltr'>καὶ</span> <span class='ocrx_word' id='word_1_762' title='bbox 3585 4736 3777 4812; x_wconf 68' lang='grc' dir='ltr'>βρέχει</span> 
     </span>
    </p>
   </div>
   <div class='ocr_carea' id='block_1_101' title="bbox 2125 4829 2879 4911">
    <p class='ocr_par' dir='ltr' id='par_1_101' title="bbox 2125 4829 2879 4911">
     <span class='ocr_line' id='line_1_101' title="bbox 2125 4829 2879 4911; baseline 0 -22"><span class='ocrx_word' id='word_1_763' title='bbox 2125 4832 2213 4890; x_wconf 78' lang='grc' dir='ltr'>ἐπὶ</span> <span class='ocrx_word' id='word_1_764' title='bbox 2247 4830 2602 4911; x_wconf 20' lang='grc' dir='ltr'>δικαίουςρκαὶ</span> <span class='ocrx_word' id='word_1_765' title='bbox 2637 4829 2879 4898; x_wconf 84' lang='grc' dir='ltr'>ἀδίκους.</span> 
     </span>
    </p>
   </div>
   <div class='ocr_carea' id='block_1_102' title="bbox 366 4911 3778 4999">
    <p class='ocr_par' dir='ltr' id='par_1_102' title="bbox 366 4911 3778 4999">
     <span class='ocr_line' id='line_1_102' title="bbox 366 4911 3778 4999; baseline 0.002 -34"><span class='ocrx_word' id='word_1_766' title='bbox 366 4918 478 4966; x_wconf 71' lang='lat' dir='ltr'>sier</span> <span class='ocrx_word' id='word_1_767' title='bbox 523 4911 765 4969; x_wconf 73' lang='lat' dir='ltr'>caelestis</span> <span class='ocrx_word' id='word_1_768' title='bbox 818 4916 1093 4987; x_wconf 74' lang='lat' dir='ltr'>perfectus</span> <span class='ocrx_word' id='word_1_769' title='bbox 1149 4926 1276 4983; x_wconf 81' lang='lat' dir='ltr'>est;</span> <span class='ocrx_word' id='word_1_770' title='bbox 1323 4921 1455 4991; x_wconf 80' lang='lat' dir='ltr'>quia</span> <span class='ocrx_word' id='word_1_771' title='bbox 1498 4922 1670 4979; x_wconf 80' lang='lat' dir='ltr'>solem</span> <span class='ocrx_word' id='word_1_772' title='bbox 1719 4938 1883 4980; x_wconf 83' lang='lat' dir='ltr'>suum</span> <span class='ocrx_word' id='word_1_773' title='bbox 1932 4925 2079 4983; x_wconf 79' lang='lat' dir='ltr'>oviri</span> <span class='ocrx_word' id='word_1_774' title='bbox 2138 4925 2275 4998; x_wconf 74' lang='lat' dir='ltr'>facit</span> <span class='ocrx_word' id='word_1_775' title='bbox 2331 4941 2500 4999; x_wconf 82' lang='lat' dir='ltr'>super</span> <span class='ocrx_word' id='word_1_776' title='bbox 2547 4925 2721 4981; x_wconf 80' lang='lat' dir='ltr'>malos</span> <span class='ocrx_word' id='word_1_777' title='bbox 2777 4927 2828 4981; x_wconf 81' lang='lat' dir='ltr'>et</span> <span class='ocrx_word' id='word_1_778' title='bbox 2859 4923 3048 4990; x_wconf 84' lang='lat' dir='ltr'>bonos,</span> <span class='ocrx_word' id='word_1_779' title='bbox 3076 4930 3128 4979; x_wconf 78' lang='grc' dir='ltr'>ει</span> <span class='ocrx_word' id='word_1_780' title='bbox 3146 4920 3295 4994; x_wconf 79' lang='lat' dir='ltr'>pluit</span> <span class='ocrx_word' id='word_1_781' title='bbox 3324 4933 3488 4991; x_wconf 79' lang='lat' dir='ltr'>super</span> <span class='ocrx_word' id='word_1_782' title='bbox 3497 4917 3681 4990; x_wconf 75' lang='lat' dir='ltr'>justo:</span> <span class='ocrx_word' id='word_1_783' title='bbox 3728 4918 3778 4972; x_wconf 78' lang='lat' dir='ltr'>et</span> 
     </span>
    </p>
   </div>
   <div class='ocr_carea' id='block_1_103' title="bbox 365 4999 683 5058">
    <p class='ocr_par' dir='ltr' id='par_1_103' title="bbox 365 4999 683 5058">
     <span class='ocr_line' id='line_1_103' title="bbox 365 4999 683 5058; baseline 0.013 -4"><span class='ocrx_word' id='word_1_784' title='bbox 365 4999 585 5058; x_wconf 75' lang='lat' dir='ltr'>iniquos</span> <span class='ocrx_word' id='word_1_785' title='bbox 620 5002 683 5058; x_wconf 83' lang='grc'>¹².</span> 
     </span>
    </p>
   </div>
   <div class='ocr_carea' id='block_1_104' title="bbox 443 5016 2017 5176">
    <p class='ocr_par' dir='ltr' id='par_1_104' title="bbox 443 5016 2017 5176">
     <span class='ocr_line' id='line_1_104' title="bbox 443 5016 683 5058; baseline 0.021 -5"><span class='ocrx_word' id='word_1_786' title='bbox 443 5018 448 5053; x_wconf 74' lang='grc' dir='ltr'><strong><em>ε</em></strong></span> <span class='ocrx_word' id='word_1_787' title='bbox 488 5016 585 5057; x_wconf 79' lang='lat' dir='ltr'>uos</span> <span class='ocrx_word' id='word_1_788' title='bbox 620 5016 683 5058; x_wconf 76' lang='grc' dir='ltr'>ιι.</span> 
     </span>
     <span class='ocr_line' id='line_1_105' title="bbox 443 5016 2017 5176; baseline 0.011 -34"><span class='ocrx_word' id='word_1_789' title='bbox 443 5016 535 5144; x_wconf 71' lang='lat' dir='ltr'>2qi.</span> <span class='ocrx_word' id='word_1_790' title='bbox 569 5089 787 5148; x_wconf 89' lang='lat' dir='ltr'>Vidisti</span> <span class='ocrx_word' id='word_1_791' title='bbox 818 5093 1057 5152; x_wconf 87' lang='lat' dir='ltr'>ubinam</span> <span class='ocrx_word' id='word_1_792' title='bbox 1091 5100 1147 5153; x_wconf 90' lang='lat' dir='ltr'>et</span> <span class='ocrx_word' id='word_1_793' title='bbox 1176 5100 1409 5170; x_wconf 89' lang='lat' dir='ltr'>quando</span> <span class='ocrx_word' id='word_1_794' title='bbox 1457 5101 1742 5160; x_wconf 89' lang='lat' dir='ltr'>Dominus</span> <span class='ocrx_word' id='word_1_795' title='bbox 1773 5101 1832 5158; x_wconf 92' lang='lat' dir='ltr'>id</span> <span class='ocrx_word' id='word_1_796' title='bbox 1864 5103 2017 5176; x_wconf 88' lang='lat' dir='ltr'>quod</span> 
     </span>
    </p>
   </div>
   <div class='ocr_carea' id='block_1_105' title="bbox 374 5178 2021 5262">
    <p class='ocr_par' dir='ltr' id='par_1_105' title="bbox 374 5178 2021 5262">
     <span class='ocr_line' id='line_1_106' title="bbox 374 5178 2021 5262; baseline 0.012 -30"><span class='ocrx_word' id='word_1_797' title='bbox 374 5180 465 5234; x_wconf 90' lang='lat' dir='ltr'>est</span> <span class='ocrx_word' id='word_1_798' title='bbox 495 5179 567 5235; x_wconf 89' lang='lat' dir='ltr'>ad</span> <span class='ocrx_word' id='word_1_799' title='bbox 601 5178 1060 5241; x_wconf 89' lang='lat' dir='ltr'>similitudinem</span> <span class='ocrx_word' id='word_1_800' title='bbox 1102 5187 1271 5244; x_wconf 90' lang='lat' dir='ltr'>nobis</span> <span class='ocrx_word' id='word_1_801' title='bbox 1323 5189 1689 5248; x_wconf 85' lang='lat' dir='ltr'>reddiderit?</span> <span class='ocrx_word' id='word_1_802' title='bbox 1748 5194 2021 5262; x_wconf 80' lang='lat' dir='ltr'>Quoniam</span> 
     </span>
    </p>
   </div>
   <div class='ocr_carea' id='block_1_106' title="bbox 372 5265 2020 5355">
    <p class='ocr_par' dir='ltr' id='par_1_106' title="bbox 372 5265 2020 5355">
     <span class='ocr_line' id='line_1_107' title="bbox 372 5265 2020 5355; baseline 0.01 -33"><span class='ocrx_word' id='word_1_803' title='bbox 372 5265 541 5323; x_wconf 82' lang='lat' dir='ltr'>solem</span> <span class='ocrx_word' id='word_1_804' title='bbox 569 5284 732 5326; x_wconf 85' lang='lat' dir='ltr'>suum</span> <span class='ocrx_word' id='word_1_805' title='bbox 753 5273 897 5328; x_wconf 78' lang='lat' dir='ltr'>oriri</span> <span class='ocrx_word' id='word_1_806' title='bbox 922 5275 1061 5343; x_wconf 76' lang='lat' dir='ltr'>facit</span> <span class='ocrx_word' id='word_1_807' title='bbox 1091 5291 1255 5349; x_wconf 76' lang='lat' dir='ltr'>super</span> <span class='ocrx_word' id='word_1_808' title='bbox 1301 5278 1474 5336; x_wconf 82' lang='lat' dir='ltr'>malos</span> <span class='ocrx_word' id='word_1_809' title='bbox 1502 5284 1554 5338; x_wconf 78' lang='lat' dir='ltr'>et</span> <span class='ocrx_word' id='word_1_810' title='bbox 1585 5282 1769 5350; x_wconf 86' lang='lat' dir='ltr'>bonos,</span> <span class='ocrx_word' id='word_1_811' title='bbox 1801 5290 1852 5339; x_wconf 78' lang='lat' dir='ltr'>et</span> <span class='ocrx_word' id='word_1_812' title='bbox 1874 5283 2020 5355; x_wconf 79' lang='lat' dir='ltr'>pluit</span> 
     </span>
    </p>
   </div>
   <div class='ocr_carea' id='block_1_107' title="bbox 374 5359 2018 5445">
    <p class='ocr_par' dir='ltr' id='par_1_107' title="bbox 374 5359 2018 5445">
     <span class='ocr_line' id='line_1_108' title="bbox 374 5359 2018 5445; baseline 0.011 -33"><span class='ocrx_word' id='word_1_813' title='bbox 374 5371 544 5430; x_wconf 80' lang='lat' dir='ltr'>super</span> <span class='ocrx_word' id='word_1_814' title='bbox 559 5359 742 5432; x_wconf 72' lang='lat' dir='ltr'>justo:</span> <span class='ocrx_word' id='word_1_815' title='bbox 770 5365 820 5419; x_wconf 78' lang='lat' dir='ltr'>et</span> <span class='ocrx_word' id='word_1_816' title='bbox 853 5362 1092 5436; x_wconf 76' lang='lat' dir='ltr'>iniquos.</span> <span class='ocrx_word' id='word_1_817' title='bbox 1123 5364 1181 5421; x_wconf 84' lang='lat' dir='ltr'>Si</span> <span class='ocrx_word' id='word_1_818' title='bbox 1212 5367 1401 5426; x_wconf 87' lang='lat' dir='ltr'>oderis</span> <span class='ocrx_word' id='word_1_819' title='bbox 1423 5370 1664 5443; x_wconf 88' lang='lat' dir='ltr'>scelera,</span> <span class='ocrx_word' id='word_1_820' title='bbox 1697 5372 1749 5430; x_wconf 90' lang='lat' dir='ltr'>si</span> <span class='ocrx_word' id='word_1_821' title='bbox 1776 5372 2018 5445; x_wconf 85' lang='lat' dir='ltr'>injuria-</span> 
     </span>
    </p>
   </div>
   <div class='ocr_carea' id='block_1_108' title="bbox 447 5500 1047 5576">
    <p class='ocr_par' dir='ltr' id='par_1_108' title="bbox 447 5500 1047 5576">
     <span class='ocr_line' id='line_1_109' title="bbox 447 5500 1047 5576; baseline 0.01 -19"><span class='ocrx_word' id='word_1_822' title='bbox 447 5500 495 5537; x_wconf 80' lang='lat'>“</span> <span class='ocrx_word' id='word_1_823' title='bbox 520 5502 727 5560; x_wconf 77' lang='lat' dir='ltr'>Matth.</span> <span class='ocrx_word' id='word_1_824' title='bbox 758 5521 812 5576; x_wconf 91' lang='lat' dir='ltr'>v,</span> <span class='ocrx_word' id='word_1_825' title='bbox 837 5506 928 5574; x_wconf 78' lang='grc'>48,</span> <span class='ocrx_word' id='word_1_826' title='bbox 956 5507 1047 5565; x_wconf 67' lang='grc'>45.</span> 
     </span>
    </p>
   </div>
   <div class='ocr_carea' id='block_1_109' title="bbox 444 5644 1974 5733">
    <p class='ocr_par' dir='ltr' id='par_1_109' title="bbox 444 5644 1974 5733">
     <span class='ocr_line' id='line_1_110' title="bbox 444 5644 1974 5733; baseline 0.012 -32"><span class='ocrx_word' id='word_1_827' title='bbox 444 5644 523 5718; x_wconf 91' lang='lat' dir='ltr'>(a)</span> <span class='ocrx_word' id='word_1_828' title='bbox 546 5645 650 5704; x_wconf 87' lang='lat' dir='ltr'>Hic</span> <span class='ocrx_word' id='word_1_829' title='bbox 679 5648 882 5708; x_wconf 88' lang='lat' dir='ltr'>deesse</span> <span class='ocrx_word' id='word_1_830' title='bbox 904 5650 1132 5709; x_wconf 87' lang='lat' dir='ltr'>videtur</span> <span class='ocrx_word' id='word_1_831' title='bbox 1161 5647 1329 5725; x_wconf 81' lang='grc' dir='ltr'>ὦμεν,</span> <span class='ocrx_word' id='word_1_832' title='bbox 1363 5654 1450 5713; x_wconf 88' lang='lat' dir='ltr'>vel</span> <span class='ocrx_word' id='word_1_833' title='bbox 1479 5655 1593 5715; x_wconf 88' lang='lat' dir='ltr'>tale</span> <span class='ocrx_word' id='word_1_834' title='bbox 1622 5658 1785 5733; x_wconf 87' lang='lat' dir='ltr'>quid.</span> <span class='ocrx_word' id='word_1_835' title='bbox 1816 5661 1974 5719; x_wconf 85' lang='lat' dir='ltr'>Eorr.</span> 
     </span>
    </p>
   </div>
   <div class='ocr_carea' id='block_1_110' title="bbox 2200 5091 3777 5170">
    <p class='ocr_par' dir='ltr' id='par_1_110' title="bbox 2200 5091 3777 5170">
     <span class='ocr_line' id='line_1_111' title="bbox 2200 5091 3777 5170; baseline -0.004 -11"><span class='ocrx_word' id='word_1_836' title='bbox 2200 5098 2472 5164; x_wconf 75' lang='grc' dir='ltr'>21.Εἶδες</span> <span class='ocrx_word' id='word_1_837' title='bbox 2519 5104 2625 5158; x_wconf 86' lang='grc' dir='ltr'>ποῦ</span> <span class='ocrx_word' id='word_1_838' title='bbox 2673 5099 2764 5156; x_wconf 84' lang='grc' dir='ltr'>καὶ</span> <span class='ocrx_word' id='word_1_839' title='bbox 2812 5098 2946 5156; x_wconf 88' lang='grc' dir='ltr'>πότε</span> <span class='ocrx_word' id='word_1_840' title='bbox 2993 5094 3324 5154; x_wconf 77' lang='grc' dir='ltr'>ἀποδίδωσιν</span> <span class='ocrx_word' id='word_1_841' title='bbox 3353 5098 3488 5170; x_wconf 75' lang='grc' dir='ltr'>ἡμῖν</span> <span class='ocrx_word' id='word_1_842' title='bbox 3524 5094 3552 5149; x_wconf 86' lang='grc' dir='ltr'><strong>ὁ</strong></span> <span class='ocrx_word' id='word_1_843' title='bbox 3582 5091 3777 5167; x_wconf 78' lang='grc' dir='ltr'>Κύριος</span> 
     </span>
    </p>
   </div>
   <div class='ocr_carea' id='block_1_111' title="bbox 2130 5176 3777 5265">
    <p class='ocr_par' dir='ltr' id='par_1_111' title="bbox 2130 5176 3777 5265">
     <span class='ocr_line' id='line_1_112' title="bbox 2130 5176 3777 5265; baseline -0.008 -18"><span class='ocrx_word' id='word_1_844' title='bbox 2130 5191 2194 5247; x_wconf 86' lang='grc' dir='ltr'>τὸ</span> <span class='ocrx_word' id='word_1_845' title='bbox 2245 5192 2363 5256; x_wconf 88' lang='grc' dir='ltr'>καθ’</span> <span class='ocrx_word' id='word_1_846' title='bbox 2422 5188 2730 5265; x_wconf 82' lang='grc' dir='ltr'>ὁμοίωσιν;</span> <span class='ocrx_word' id='word_1_847' title='bbox 2789 5191 2912 5249; x_wconf 80' lang='grc' dir='ltr'>’Ότι</span> <span class='ocrx_word' id='word_1_848' title='bbox 2967 5190 3059 5245; x_wconf 80' lang='grc' dir='ltr'>τὸν</span> <span class='ocrx_word' id='word_1_849' title='bbox 3118 5186 3281 5259; x_wconf 74' lang='grc' dir='ltr'>ἥλιον</span> <span class='ocrx_word' id='word_1_850' title='bbox 3342 5184 3508 5241; x_wconf 78' lang='grc' dir='ltr'>αὐτοῦ</span> <span class='ocrx_word' id='word_1_851' title='bbox 3561 5176 3777 5238; x_wconf 67' lang='grc' dir='ltr'>ἀνατέλ-</span> 
     </span>
    </p>
   </div>
   <div class='ocr_carea' id='block_1_112' title="bbox 2132 5265 3780 5356">
    <p class='ocr_par' dir='ltr' id='par_1_112' title="bbox 2132 5265 3780 5356">
     <span class='ocr_line' id='line_1_113' title="bbox 2132 5265 3780 5356; baseline -0.009 -18"><span class='ocrx_word' id='word_1_852' title='bbox 2132 5280 2216 5338; x_wconf 89' lang='grc' dir='ltr'>λει</span> <span class='ocrx_word' id='word_1_853' title='bbox 2278 5279 2364 5336; x_wconf 76' lang='grc' dir='ltr'>ἐπὶ</span> <span class='ocrx_word' id='word_1_854' title='bbox 2414 5279 2693 5356; x_wconf 80' lang='grc' dir='ltr'>πονηροὺς</span> <span class='ocrx_word' id='word_1_855' title='bbox 2744 5280 2838 5335; x_wconf 84' lang='lat' dir='ltr'>xui</span> <span class='ocrx_word' id='word_1_856' title='bbox 2868 5276 3130 5355; x_wconf 75' lang='grc' dir='ltr'>ἀγαθοὺς,</span> <span class='ocrx_word' id='word_1_857' title='bbox 3159 5277 3251 5334; x_wconf 86' lang='grc' dir='ltr'>καὶ</span> <span class='ocrx_word' id='word_1_858' title='bbox 3312 5275 3501 5354; x_wconf 71' lang='grc' dir='ltr'>βρέχει</span> <span class='ocrx_word' id='word_1_859' title='bbox 3556 5271 3643 5327; x_wconf 74' lang='grc' dir='ltr'>ἐπὶ</span> <span class='ocrx_word' id='word_1_860' title='bbox 3700 5265 3780 5323; x_wconf 79' lang='grc' dir='ltr'>δι-</span> 
     </span>
    </p>
   </div>
   <div class='ocr_carea' id='block_1_113' title="bbox 2136 5359 3787 5445">
    <p class='ocr_par' dir='ltr' id='par_1_113' title="bbox 2136 5359 3787 5445">
     <span class='ocr_line' id='line_1_114' title="bbox 2136 5359 3787 5445; baseline -0.001 -18"><span class='ocrx_word' id='word_1_861' title='bbox 2136 5369 2322 5434; x_wconf 89' lang='grc' dir='ltr'>καίους</span> <span class='ocrx_word' id='word_1_862' title='bbox 2375 5370 2467 5427; x_wconf 84' lang='grc' dir='ltr'>καὶ</span> <span class='ocrx_word' id='word_1_863' title='bbox 2522 5367 2762 5434; x_wconf 79' lang='grc' dir='ltr'>ἀδίκους.</span> <span class='ocrx_word' id='word_1_864' title='bbox 2823 5369 2948 5427; x_wconf 81' lang='grc' dir='ltr'>Ἐὰν</span> <span class='ocrx_word' id='word_1_865' title='bbox 3000 5366 3127 5445; x_wconf 66' lang='grc' dir='ltr'>γένῃ</span> <span class='ocrx_word' id='word_1_866' title='bbox 3190 5365 3583 5443; x_wconf 79' lang='grc' dir='ltr'>μισοπόνηρος,</span> <span class='ocrx_word' id='word_1_867' title='bbox 3612 5359 3787 5434; x_wconf 79' lang='grc' dir='ltr'>ἀμνη-</span> 
     </span>
    </p>
   </div>
  </div>
