4134 6212
308 399 395 461 33
1324 390 1429 452 DE
1470 387 1797 451 HOMINIS
1839 385 2315 449 STRUCTURA
2359 386 2655 451 ORATIO
2697 390 2747 451 l.
3666 402 3748 460 34

314 529 562 600 σίκακος,
613 527 709 621 μγ),⁸
748 523 1113 621 ἀμυνόμενος.
1138 523 1230 580 τὸν
1262 490 1481 621 ἐχθρὸν,
1518 521 1596 595 μὴ
1630 515 1979 621 μεμνημέγος

2096 534 2229 574 rum
2261 519 2603 577 memoriam
2633 521 2938 597 deleveris,
2972 514 3203 583 hostem
3255 527 3408 584 haud
3442 530 3745 621 ulciscare,

312 621 419 688 τῆς
449 620 650 694 χθιζῆς
680 611 908 691 ἔχθραις⁸
938 612 1026 670 ἐὰν
1059 611 1185 690 γένῃ
1242 609 1601 690 φιλάδελφος,
1661 608 1974 683 συμπαθὴς,

323 706 632 782 ὡμοιώθης
662 708 796 778 Θεῷ.
853 704 977 761 Ἐὰν
1012 703 1130 765 οἷός
1160 701 1301 757 έστιν
1334 699 1423 757 ἐπὶ
1456 700 1513 755 σὲ
1568 700 1659 755 τὸν
1720 698 1976 772 ἀμαρτω-

329 796 438 851 λδν
470 796 500 851 ὁ
544 795 689 864 Θεὸς,
735 794 827 848 τὸν
889 790 1292 865 ἐναντιούμενον
1346 790 1492 864 αύτῷ
1548 789 1669 844 καθ’
1725 788 1976 858 εκάστην,

335 889 588 946 τοιοῦτος
642 881 766 959 γένῃ
818 880 907 937 ἐπὶ
938 882 1027 936 τὸν
1054 880 1131 959 εἰς
1166 881 1222 935 σὲ
1261 875 1784 953 πεπλημμεληκότα
1815 873 1982 931 ἀδελ-

346 976 468 1052 φὸν,
636 952 821 1044 τελείᾳ
844 972 1025 1046 άγαπῃ
1075 952 1164 1024 καί
1211 972 1281 1043 τῇ
1337 969 1473 1047 πρὸς
1501 968 1593 1023 τὸν
1625 964 1860 1038 πλησίον
1894 963 1981 1020 εὐ-

352 1060 669 1137 σπλαγχνίᾳ,
731 1058 1031 1134 ὡμοιώθης
1062 1062 1200 1131 Θεῷ.
1242 1060 1404 1113 Ὥστε
1430 1058 1493 1112 τὸ
1521 1058 1637 1113 κατ’
1669 1055 1849 1111 εἰκόνα
1885 1055 1979 1127 μὶν

344 1149 484 1226 ἔχεις
535 1148 721 1203 ἐκτοῦ
760 1147 982 1222 λογικὸς
1042 1146 1197 1201 εἶναι·
1252 1146 1363 1210 κςθ’
1421 1145 1683 1219 ὁμοίωσιν
1742 1140 1798 1197 δὲ
1836 1141 1980 1217 γένῃ,

338 1238 392 1293 ἐκ
444 1242 541 1293 τοῦ
596 1235 955 1314 χρηστότητα
1011 1228 1323 1291 ἀναλαϐεῖν.
1379 1228 1642 1291 ’Δνάλαϐε
1689 1234 1983 1308 τοιγαροῦν

333 1325 625 1403 σπλάγχνα
709 1323 1034 1399 οἰκτιρμοῦ,
1120 1321 1514 1400 χρηστότητα,
1596 1318 1689 1376 ’ίτα
1789 1317 1983 1393 ένδύσῃ

326 1415 580 1492 Χριστόν·
642 1411 712 1469 δι’
761 1415 836 1469 ὧν
892 1412 994 1489 γὰρ
1044 1406 1442 1486 ἀναλάμϐάνεις
1472 1413 1571 1481 τὴν
1604 1408 1978 1487 χρηστότητα,

322 1503 411 1560 διὰ
433 1503 649 1560 τούτων
683 1500 842 1578 ἐνδύῃ
868 1501 1118 1578 Χριστὸν,
1145 1502 1234 1555 καὶ
1264 1504 1332 1575 τῇ
1364 1500 1498 1577 πρὸς
1545 1499 1704 1555 αὑτὸν
1767 1498 1982 1554 οἰκειώ-

321 1612 401 1647 σει
452 1591 835 1664 οἰκειούμενος
891 1594 1027 1663 Θεῷ.
1074 1588 1258 1652 Οὕτως
1301 1591 1337 1660 ἡ
1385 1588 1596 1665 ἱστορία
1642 1594 1744 1658 τῆς
1776 1588 1980 1662 ἀνθρω-

320 1682 495 1752 πίνης
525 1678 779 1742 πλάσεως
810 1676 1089 1741 παίδευσίς
1119 1679 1229 1734 ἔστι
1263 1682 1356 1733 τοῦ
1392 1676 1512 1753 βίου
1541 1681 1640 1732 τοῦ
1687 1675 1980 1753 ἡμετέρου.

326 1771 660 1842 Ποιήσωμεν
736 1767 1024 1845 ἄνθρωπον
1102 1770 1225 1822 κατ’
1299 1765 1479 1822 εἰκόνα
1553 1766 1822 1841 ἡμετέραν
1893 1763 1980 1819 καὶ

323 1860 447 1914 καθ’
509 1858 798 1933 ὁμοίωσιν.
857 1855 1070 1933 Ἐχέτω
1127 1855 1181 1912 έτ
1237 1857 1373 1931 αὑτῇ
1432 1859 1500 1930 τῇ
1554 1855 1723 1911 κτίσει
1773 1853 1835 1909 τὸ
1866 1854 1982 1908 κατ’

2091 608 2140 664 si
2171 608 2457 665 hesternis
2509 610 2828 669 simultatis
2877 618 3052 688 atque
3093 616 3210 671 odii
3261 619 3600 677 recordatus
3630 608 3746 678 non

2092 697 2272 755 fueris
2302 714 2317 755 :
2351 699 2400 755 si
2434 701 2671 757 fratrem
2700 720 2897 760 amore
2927 721 2993 761 ac
3014 706 3391 763 miseratione
3414 708 3592 767 fueris
3616 728 3749 783 pro-

2091 793 2350 856 secutus,
2384 789 2499 845 Deo
2534 790 2748 848 similis
2773 794 3032 849 evasisti.
3056 794 3113 850 Si
3148 812 3216 852 ex
3239 798 3438 853 animo
3469 798 3751 857 dimisisti

2090 877 2351 946 inimico,
2389 882 2499 935 Deo
2531 880 2743 937 similis
2775 882 3002 940 existis.
3042 883 3101 940 Si
3135 885 3329 958 qualis
3358 904 3496 959 erga
3526 892 3582 943 te
3612 905 3746 960 pec-

2093 967 2235 1023 catis
2264 968 2580 1024 obnoxium
2614 969 2765 1026 Deus
2796 976 2907 1037 est,
2940 973 3041 1044 qui
3069 975 3333 1046 quotidie
3366 974 3451 1031 illi
3480 978 3753 1034 adverse-

2092 1054 2194 1123 ris,
2228 1055 2363 1111 talis
2393 1061 2447 1111 et
2472 1057 2599 1129 ipse
2648 1075 2785 1131 ergo
2832 1060 3071 1116 fratrem
3105 1063 3160 1116 in
3197 1067 3254 1118 te
3308 1063 3750 1135 deliuquentem

2091 1145 2365 1212 efficiare,
2400 1146 2610 1202 affectu
2647 1148 2743 1204 illo
2794 1149 3132 1207 miserantis
3175 1152 3356 1207 animi
3388 1169 3523 1224 erga
3554 1154 3752 1226 proxi-

2094 1250 2279 1301 mum,
2313 1234 2429 1290 Deo
2451 1235 2662 1292 similis
2684 1238 2927 1295 effectus
2957 1256 3039 1294 es.
3064 1240 3455 1306 Quamobrem
3480 1242 3637 1315 quod
3663 1247 3753 1299 est

2093 1323 2163 1379 ad
2190 1322 2502 1395 imaginem
2528 1324 2663 1380 inde
2686 1326 2888 1394 habes,
2915 1328 3067 1400 quod
3092 1329 3316 1385 ratione
3339 1331 3620 1401 praeditus
3645 1348 3707 1387 es
3732 1348 3745 1389 :

2093 1411 2342 1467 afficeris
2373 1429 2506 1467 vero
2538 1415 2608 1469 ad
2632 1413 3108 1486 similitudinem,
3134 1435 3200 1473 ex
3222 1435 3290 1474 eo
3311 1420 3463 1490 quod
3488 1420 3753 1493 benigni-

2091 1504 2270 1555 tatem
2298 1500 2574 1557 assumis.
2601 1508 2855 1561 Assumo
2877 1504 3076 1576 itaque
3099 1508 3306 1562 viscera
3333 1509 3747 1580 misericordiae,

2094 1588 2480 1661 benignitatem
2508 1591 2568 1662 ‘3,
2601 1594 2666 1646 ut
2695 1591 2992 1648 Christum
3046 1594 3279 1650 induas.
3327 1596 3551 1663 Quibus
3590 1598 3750 1654 enim

2093 1677 2512 1751 benignitatem
2549 1680 2828 1749 assumis,
2853 1681 2927 1738 iis
2947 1682 3245 1739 Christum
3280 1684 3520 1753 induis;
3552 1690 3611 1741 et
3634 1703 3751 1758 qua

2093 1766 2177 1823 illi
2205 1767 2636 1824 necessitudine
2659 1771 3056 1844 conjungeris,
3082 1789 3212 1827 cum
3244 1775 3355 1828 Deo
3374 1775 3754 1831 necessitudi-

2095 1872 2227 1912 nem
2259 1856 2579 1912 eontrahis.
2627 1859 2690 1914 In
2743 1859 2898 1915 hunc
2934 1862 3174 1916 modum
3225 1861 3482 1919 hominis
3516 1864 3749 1920 formati

327 1916 805 2023 eixéva'.-{svéeew
837 1943 894 2001 δὲ
922 1916 1014 2000 καὶ
1043 1946 1160 2009 καθ’
1194 1916 1461 2019 ὁμοίωσιν
1477 1916 1500 1930 ν
1522 1941 1612 1998 διὰ
1652 1950 1753 2014 τῆς
1784 1942 1979 2006 οἰκείας

2095 1944 2363 2012 historia,
2416 1945 2544 2000 vitae
2602 1951 2813 2003 nostras
2866 1949 3134 2005 formatio
3192 1956 3280 2007 est
3319 1968 3385 2006 ac
3415 1952 3753 2025 disciplina.

329 2032 605 2106 σπουδῆς.
634 2032 822 2105 ἐπειδὴ
876 2035 978 2104 τὴν
1024 2031 1252 2107 δύναμιν
1285 2032 1481 2088 τούτου
1529 2030 1645 2108 ἔχει
1677 2031 1731 2087 ἐν
1789 2031 1857 2106 τῇ
1903 2031 1985 2086 οἰ-

326 2124 455 2197 κείᾳ
485 2124 634 2203 φύσει
684 2118 892 2179 λαϐών.
922 2122 985 2178 Εἰ
1018 2121 1241 2193 έποίηοε
1288 2122 1406 2186 καθ’
1463 2121 1726 2196 ὁμοίωσιν
1769 2125 1902 2176 Θεοῦ
1934 2120 1985 2191 ἐξ

325 2215 537 2290 ἀρχῆς,
589 2217 696 2268 ποῦ
751 2233 848 2267 σου
897 2214 932 2282 ἡ
985 2210 1188 2287 χάρις;
1221 2210 1382 2274 πόθεν
1415 2208 1474 2265 ἂν
1536 2209 1599 2265 σὺ
1648 2208 1983 2288 ἐστεφανοῦ;

328 2304 395 2361 Εἰ
425 2304 527 2378 γὰρ
561 2302 590 2357 ὁ
639 2302 984 2378 Δημιουργὸς
1021 2301 1083 2355 τὸ
1128 2298 1258 2356 δλον
1289 2303 1359 2375 τῇ
1387 2300 1541 2378 φύσει
1572 2296 1836 2368 ἀπέδωκε,
1866 2304 1984 2362 πῶς

328 2391 390 2447 ἂν
426 2413 510 2447 σοι
544 2394 581 2461 ἡ
616 2390 869 2467 βασιλεία
896 2394 1004 2445 τῶν
1037 2389 1278 2465 οὐρανῶν
1312 2389 1603 2467 ἡνοίγετο;
1656 2392 1761 2443 Νῦν
1797 2386 1876 2458 δὲ,
1922 2389 1986 2443 τὸ

334 2483 433 2554 μὲν
465 2478 651 2550 ἐδόθηο
686 2480 752 2535 τὸ
782 2476 841 2534 δὲ
871 2477 1058 2542 ἀτελὲς
1102 2478 1456 2557 κατελείφθη·
1507 2476 1597 2533 ’ίνα
1653 2477 1871 2533 σεαυτὸν
1904 2498 1988 2531 τε·

333 2568 591 2639 λειώσας,
652 2565 803 2639 ἄξιος
848 2563 975 2643 γένῃ
1016 2574 1117 2638 τῆς
1166 2568 1312 2643 παρὰ
1348 2571 1445 2622 τοῦ
1476 2571 1610 2622 Θεοῦ
1652 2563 1986 2641 μισθαποδο-

336 2657 475 2720 σίας.
508 2662 632 2720 Πῶς
663 2655 755 2712 οῦν
786 2657 1050 2734 γινόμεθα
1077 2658 1193 2712 καθ’
1225 2656 1487 2731 ὁμοίωσιν
1512 2677 1525 2728 ;
1562 2656 1658 2711 Διὰ
1686 2660 1783 2710 τοῦ
1815 2655 1986 2731 Εύαγ-

340 2746 554 2821 γελίου.
588 2746 653 2802 Τί
697 2748 803 2823 γάρ
854 2744 965 2801 έστι
1013 2745 1474 2823 Χριστιανισμός;
1532 2749 1665 2801 Θεοῦ
1723 2744 1989 2818 ὁμοίωσις

347 2835 486 2888 κατὰ
512 2834 574 2888 τὸ
599 2832 956 2911 ένδεχόμενον
1002 2833 1290 2909 ἀνθρώπου
1342 2834 1517 2912 φύσει.
1550 2833 1615 2892 Εἰ
1649 2831 1876 2906 ἀνεδέξω
1922 2833 1985 2888 τὸ

354 2922 491 2977 εἶναι
547 2923 879 2998 Χριστιανὸς,
943 2921 1226 2998 ἔπείχθητι
1296 2922 1536 2998 γενέσθαι
1594 2923 1788 2995 ὅμοιος
1846 2926 1983 2994 Θειῖν

346 3006 561 3067 ἔνδυσαι
608 3012 850 3087 Χριστόν.
900 3014 1023 3073 Πῶς
1075 3008 1133 3066 8t
1182 3008 1393 3085 ἐνδύσῃ,
1445 3011 1472 3065 ὁ
1508 3011 1584 3084 μὴ
1617 3010 1986 3089 σφραγισάμεο

342 3122 435 3163 νος
466 3119 481 3168 ;
515 3101 633 3162 πῶς
662 3097 873 3174 ένδύσῃ,
907 3099 936 3154 ό
971 3101 1140 3172 μήπω
1169 3100 1231 3154 τὸ
1267 3098 1547 3175 βάπτισμα
1595 3099 1879 3177 εἰληφώςς
1924 3100 1988 3157 Ὁ

336 3189 439 3265 γὰρ
483 3189 549 3243 τὸ
603 3183 807 3261 ἔνδυμα
834 3194 935 3257 τῆς
983 3187 1280 3267 ἀφθαρσίας
1331 3188 1406 3262 μὴ
1458 3185 1763 3262 δεξάμενος,
1796 3187 1986 3266 πόρῥω

2097 2039 2391 2093 Faciamus
2420 2037 2696 2094 hominem
2725 2039 2802 2094 ad
2858 2040 3159 2110 imaginem
3187 2050 3443 2098 nostram
3500 2048 3552 2099 et
3579 2044 3649 2099 ad
3673 2047 3749 2100 si-

2094 2126 2494 2181 militudinem.
2519 2126 2737 2182 Habeat
2759 2128 2929 2184 homo
2955 2129 3011 2183 in
3036 2129 3165 2202 ipsa
3190 2132 3573 2197 creatione,ut
3596 2134 3752 2204 quod

2095 2219 2185 2270 est
2215 2215 2284 2271 ad
2318 2214 2656 2285 imaginem,
2693 2216 2792 2271 fiat
2821 2220 2879 2271 et
2926 2219 2993 2271 ad
3030 2218 3476 2275 similitudinem
3519 2223 3751 2293 proprio

2097 2303 2291 2359 studio
2312 2309 2485 2376 atque
2511 2320 2689 2377 opera
2714 2322 2727 2373 ;
2752 2306 2968 2378 quippe
2994 2306 3089 2379 qui
3111 2307 3188 2362 rei
3210 2307 3389 2379 hujus
3407 2309 3745 2366 facultatem

2096 2391 2157 2448 in
2193 2393 2425 2465 propria
2456 2398 2665 2449 nactus
2700 2399 2910 2449 natura
2932 2395 3107 2451 est.Si
3134 2396 3286 2451 Deus
3313 2414 3346 2452 a
3368 2398 3655 2470 principio
3678 2400 3751 2455 ad

2097 2480 2548 2537 similitudinem
2599 2481 2851 2549 fecisset,
2906 2483 3145 2540 ubinam
3192 2489 3293 2545 tua
3341 2486 3485 2541 foret
3517 2489 3754 2560 gratia?

2096 2569 2242 2633 Quid
2277 2574 2432 2625 esset
2464 2570 2619 2625 unde
2641 2586 2854 2626 corona
2876 2573 3174 2628 donareris
3196 2573 3224 2629 ?
3253 2575 3307 2627 Si
3333 2574 3486 2630 enim
3521 2577 3757 2633 Creator

2098 2674 2220 2713 rem
2253 2673 2487 2714 omnem
2522 2662 2743 2713 natura:
2769 2660 3093 2731 tribuisset,
3130 2678 3245 2735 qua
3268 2664 3503 2719 tandem
3534 2664 3756 2722 ratione

2097 2762 2340 2819 regnum
2376 2747 2654 2803 cmlorum
2691 2748 2795 2803 tibi
2830 2753 3096 2821 pateret?
3125 2755 3291 2807 Nunc
3339 2769 3472 2808 vero
3506 2752 3754 2810 alterum

2096 2835 2278 2902 dedit,
2312 2835 2561 2891 alterum
2594 2837 3002 2909 imperfectum
3053 2839 3308 2912 reliquit,
3342 2846 3406 2895 ut
3436 2848 3495 2896 tu
3538 2846 3595 2897 te
3624 2842 3752 2913 ipse

2099 2924 2405 2997 perﬁciens
2436 2925 2655 2997 dignus
2703 2926 2999 2992 efficiaris,
3040 2928 3139 2999 qui
3191 2930 3513 2984 mercedem
3559 2947 3592 2985 a
3636 2935 3746 2986 Deo

2097 3011 2496 3084 consequaris.
2548 3013 2669 3078 Qua
2698 3014 2880 3086 igitur
2925 3016 3147 3071 ratione
3178 3017 3250 3071 ad
3294 3017 3756 3075 similitudinem

2097 3101 2430 3158 efficimur?
2461 3106 2569 3156 Per
2615 3103 3015 3175 Evangelium.
3068 3105 3216 3172 Quid
3257 3105 3409 3161 enim
3442 3111 3532 3162 est
3572 3108 3746 3165 Chri-

2098 3191 2293 3247 stiana
2323 3190 2606 3263 professio
2627 3191 2655 3245 ?
2688 3192 2833 3247 lnita
2862 3210 2993 3248 cum
3033 3195 3142 3249 Deo
3174 3195 3517 3263 similitudo,
3553 3197 3739 3268 quoad

338 3278 477 3332 πάνυ
500 3275 811 3332 καθίσταται
844 3283 944 3347 τῆς
971 3277 1108 3351 πρός
1138 3278 1265 3332 Θεὸν
1299 3277 1619 3350 ὁμοιώσεως
1694 3277 1758 3334 Εἰ
1791 3276 1979 3352 ἔλεγόν

2097 3282 2227 3350 ejus
2259 3279 2414 3352 capit
2442 3280 2701 3336 humana
2735 3286 2962 3336 natura.
2995 3284 3049 3337 Si
3082 3283 3140 3338 in
3175 3284 3744 3340 animuminduxisti

330 3387 438 3437 σοι,
468 3364 628 3443 δεῦρο
655 3370 813 3441 γενοῦ
843 3364 1035 3439 ὅμοιος
1071 3365 1306 3441 βασιλεῖ,
1340 3364 1440 3421 οὐκ
1467 3363 1527 3420 ἂν
1582 3365 1861 3443 εὐεργέτην
1916 3387 1983 3439 με

322 3453 563 3530 ἔκρινας,
593 3455 685 3509 καὶ
732 3453 933 3527 πολλῷ
958 3453 1039 3527 τῷ
1065 3454 1223 3530 τάχει
1255 3451 1506 3516 ἔσπευδες
1532 3455 1667 3529 πρὸς
1695 3455 1755 3509 τὸ
1784 3454 1982 3510 καλού-

322 3564 522 3615 μενονς
582 3542 735 3600 Ἐπεὶ
794 3539 852 3597 δὲ
908 3540 1187 3618 βούλομαί
1229 3563 1288 3598 σε
1336 3544 1529 3617 ὅμοιον
1576 3547 1691 3615 Θεῷ
1730 3550 1976 3614 ποιῆσαι,

321 3632 546 3709 φεύγεις
573 3632 665 3687 τὸν
699 3629 865 3708 λόγον
913 3631 1006 3686 τὸν
1053 3634 1409 3695 θεοποιοῦντά
1439 3653 1516 3701 σε,
1549 3631 1979 3711 ἐπιφραξάμενος

313 3721 386 3775 τὰ
417 3722 555 3789 ὦτα,
586 3720 676 3774 ῗνα
708 3717 850 3793 μηδὲ
898 3719 1111 3776 ἀκούειν
1156 3719 1287 3797 ἔχῃς
1317 3725 1426 3776 τῶν
1456 3722 1739 3797 σωτηρίων
1772 3720 1974 3798 λόγων.

2093 3373 2157 3422 ut
2189 3384 2349 3423 esses
2379 3368 2767 3435 Christianus,
2809 3386 3044 3441 operam
3096 3388 3241 3427 nava
3274 3377 3340 3426 ut
3391 3373 3500 3427 Deo
3532 3372 3742 3430 similis

2090 3457 2403 3513 efﬁciaris:
2436 3457 2616 3514 indue
2658 3459 2980 3516 Christum.
3014 3461 3085 3516 At
3127 3476 3381 3533 quanam
3411 3460 3619 3517 induas
3651 3479 3742 3517 ra-

2089 3536 2268 3618 tione,
2302 3546 2397 3618 qui
2431 3564 2544 3603 non
2577 3564 2638 3603 es
2666 3547 2860 3621 sigillo
2882 3550 3260 3622 consignatus
3280 3550 3307 3603 Ἰ
3334 3549 3631 3613 Quomodo
3652 3551 3743 3605 in-

2091 3636 2255 3703 dues,
2292 3635 2393 3708 qui
2426 3637 2686 3692 nondum
2714 3638 3006 3708 baptismo
3027 3654 3089 3693 es
3112 3637 3383 3693 initiatus
3405 3637 3433 3693 ?
3453 3639 3560 3703 Qui
3584 3638 3741 3695 enim

2088 3724 2545 3798 incorruptionis
2597 3726 3011 3783 indumentum
3072 3743 3184 3781 non
3234 3728 3516 3798 suscepit,
3575 3724 3742 3784 valde

318 3810 530 3884 procul
560 3828 595 3866 a
622 3810 723 3866 Dei
758 3810 1147 3867 similitudine
1176 3812 1465 3868 consistit.
1512 3813 1570 3869 Si
1606 3813 1859 3869 dicerem
1916 3812 2044 3882 tibi,
2095 3814 2364 3887 agedum.
2401 3818 2523 3870 esto
2575 3814 2787 3870 similis
2843 3814 3179 3886 imperatori
3210 3833 3223 3882 ;
3256 3832 3451 3870 nonne
3482 3817 3737 3872 amicum

317 3918 419 3956 me
449 3916 516 3956 ac
546 3900 872 3956 beneﬁcum
905 3901 1293 3969 existimares,
1326 3918 1394 3956 ac
1424 3917 1599 3973 quam
1655 3901 1958 3957 celerrime
1986 3919 2103 3974 quo
2146 3903 2413 3958 invitaris
2446 3920 2790 3975 properares
2813 3902 2841 3958 ?
2899 3904 3044 3968 Quia
3080 3920 3212 3959 vero
3244 3903 3361 3958 Deo
3393 3907 3449 3957 te
3482 3904 3739 3960 similem

316 3993 603 4062 praestare
632 3994 858 4061 satago,
883 3988 1203 4045 obstructis
1235 3989 1478 4045 auribus
1508 4005 1839 4045 sermonem
1894 3990 2048 4064 fugis
2080 3996 2136 4048 te
2183 3992 2398 4047 deitate
2428 3993 2770 4059 domantem,
2805 3996 2867 4047 ut
2920 4008 3023 4047 nee
3054 3993 3257 4047 auditu
3313 3990 3524 4048 salutis
3561 3993 3738 4049 verba

315 4077 522 4151 possis
549 4077 871 4151 percipere.

385 4186 481 4240 22.
525 4183 630 4241 Καὶ
688 4183 938 4255 ἐποίησεν
1000 4184 1030 4240 ὁ
1090 4183 1218 4248 Θεὸς
1275 4184 1367 4239 τὸν
1417 4181 1721 4259 ἅνθρωποψ
1754 4186 1871 4240 κατ’
1902 4185 1977 4241 εἰ-

2157 4188 2247 4243 22.
2280 4188 2345 4244 Ei
2398 4190 2530 4260 fecit
2584 4191 2730 4243 Deus
2786 4185 3106 4243 hominem:
3157 4188 3239 4245 ad
3286 4189 3586 4260 imaginem
3642 4188 3744 4243 Dei

307 4273 449 4330 κύνα
479 4277 618 4329 Θεοῦ
646 4270 895 4346 ἐποίησεν
940 4271 1123 4331 αὐτόν.
1174 4272 1339 4330 Εἴποι
1395 4270 1456 4327 ἃν
1490 4273 1634 4349 τάχα
1665 4272 1886 4338 ἐνταῦθα
1938 4277 1974 4345 ἠ

2091 4279 2216 4350 fecit
2241 4294 2362 4334 eum
2392 4279 2453 4330 η.
2494 4277 2653 4333 Dicat
2678 4276 2768 4332 hic
2802 4276 3043 4332 forsitan
3080 4278 3331 4333 mulier:
3363 4276 3508 4343 Quid
3544 4277 3614 4333 ad
3648 4292 3744 4332 me

307 4365 479 4440 γυνή’
511 4363 573 4418 Τί
606 4364 741 4439 πρὸς
772 4361 869 4437 έμέ
899 4363 926 4418 ὁ
960 4360 1127 4440 λόγος
1153 4380 1167 4432 ;
1202 4363 1230 4418 ὁ
1253 4362 1390 4439 ἀνὴρ
1422 4366 1717 4433 τηνικαῦτα
1744 4360 1973 4439 ἐγένετο.

310 4451 394 4509 οὖ
424 4451 532 4529 γὰρ
564 4452 681 4509 εἶπε
709 4454 810 4523 τὴν
842 4449 1146 4529 ἄνθρωπον,
1167 4451 1354 4530 φησὶν,
1380 4454 1414 4522 ἢ
1448 4448 1642 4515 άπλως
1671 4448 1972 4527 ἄνθρωπον.

312 4540 466 4597 ἀλλᾶ
492 4545 564 4616 τῇ
604 4545 704 4596 τοῦ
734 4543 934 4619 ἄρθρου
981 4542 1270 4619 προσθήκῃ
1298 4541 1360 4597 τὸ
1391 4540 1671 4618 άρῥενικὸν
1704 4539 1972 4619 ἐνέφηνεν.

2088 4382 2279 4422 sermo
2312 4365 2577 4439 spectat?
2606 4365 2711 4421 Vir
2759 4370 2901 4422 tunc
2942 4367 3214 4423 conditus
3262 4371 3369 4425 est.
3402 4368 3528 4423 Non
3561 4365 3739 4438 enim,

2087 4455 2491 4527 335‘inquit,
2525 4455 2673 4511 dixit
2719 4454 3017 4511 hominem
3069 4470 3279 4527 genere
3311 4455 3613 4527 feminino,
3646 4457 3746 4511 aut

2087 4544 2434 4617 simpliciter
2459 4544 2778 4610 hominem,
2797 4545 2897 4601 sed
2914 4544 3143 4600 articuli
3168 4546 3492 4617 edjectione
3511 4561 3742 4600 mascu-

316 4628 479 4685 ’Δλλ⁹
505 4628 601 4685 ’ίνα
633 4630 710 4705 μή
735 4630 958 4704 ἀμαθῶς
988 4651 1073 4693 τις
1102 4633 1172 4697 τῆ
1220 4635 1317 4685 τοῦ
1366 4630 1654 4706 ἀνθρώπου
1692 4651 1972 4707 προσηγο-

2091 4634 2269 4689 linum
2303 4650 2507 4689 sexum
2540 4633 2834 4689 indicavit.
2866 4635 2936 4688 At
2969 4648 3039 4689 ne
3070 4633 3205 4706 quis
3254 4634 3462 4689 inscite
3490 4633 3744 4690 hominis

323 4718 410 4794 ρίᾳ
439 4718 530 4773 ἐπὶ
560 4724 658 4773 τοῦ
690 4716 881 4793 ἀνδρὸς
980 4718 1148 4793 μόνον
1194 4718 1561 4795 κεχρημένος,
1618 4717 1973 4794 προσέθηκεν.

325 4808 516 4881 Ἀρσεν
571 4807 662 4863 καὶ
722 4807 864 4879 θῆλυ
926 4808 1177 4881 ἐποίησεν
1228 4808 1422 4872 αὐτούς
1458 4828 1471 4841 ·
1534 4806 1626 4863 ’ίνα
1682 4812 1842 4884 γνῷς,
1892 4806 1973 4864 ὅτι

333 4896 419 4949 καὶ
468 4900 503 4967 ἢ
558 4898 696 4970 γυνὴ
745 4896 861 4974 ἔχει
917 4898 980 4953 τὸ
1031 4899 1152 4953 κατ’
1209 4897 1387 4954 εἰκόνα
1445 4902 1577 4953 Θεοῦ
1635 4899 1974 4973 γεγενῆσθαι,

334 4984 421 5038 καὶ
483 4986 510 5040 ὁ
567 4986 727 5063 ἀνήρ.
760 4992 976 5061 Ὀμοιαι
1003 4987 1103 5062 γὰρ
1138 4988 1193 5042 αἱ
1226 4986 1409 5065 φύσεις
1444 4985 1762 5063 ἀμφοτέρων
1808 4984 1974 5042 έπλά-

325 5074 551 5144 σθησαν,
578 5075 669 5131 καὶ
694 5073 810 5131 ’ίσαι
840 5075 1046 5131 τούτων
1100 5078 1155 5132 αἱ
1199 5077 1439 5153 πράξεις,
1491 5074 1587 5131 ’ἶσα
1628 5075 1695 5130 τὰ
1743 5073 1972 5144 ἔπαθλα,

319 5160 411 5234 ἴση
460 5164 493 5234 ἡ
543 5164 752 5220 τούτων
812 5162 1102 5236 καταδίκη.
1155 5167 1249 5234 Μὴ
1310 5165 1414 5241 γὰρ
1471 5165 1886 5242 προφασιζέσθω
1912 5166 1974 5221 τὸ

315 5251 695 5328 ἀσθενέστερον
756 5254 792 5322 ἡ
871 5256 1031 5328 γυνή·
1095 5252 1148 5308 έν
1203 5255 1305 5328 γὰρ
1361 5257 1429 5327 τῇ
1488 5254 1645 5326 σαρκὶ
1694 5257 1876 5308 τοῦτο·
1938 5256 1973 5323 ἠ

321 5340 507 5413 μέντοι
537 5343 696 5417 ψυχὴ
727 5341 917 5412 ἐπίσης
947 5345 1017 5416 τῇ
1048 5339 1263 5418 ἀνδρείᾳ
1290 5344 1389 5411 τὴν
1422 5341 1624 5397 οἰκείαν
1644 5338 1853 5417 ἔσχηκε
1883 5338 1976 5396 δύ-

320 5452 505 5502 ναμιν.
556 5427 784 5500 Ἐπειδή
849 5431 948 5487 οὔκ
996 5428 1265 5505 ὁμότιμον
1319 5433 1383 5487 τὸ
1429 5434 1546 5487 κατ’
1610 5430 1790 5487 εἰκόνα
1842 5434 1977 5485 Θεοῦ

325 5518 640 5593 εἰλήφασιν,
670 5517 941 5592 ὁμότιμον
997 5517 1187 5595 ἔχουσι
1232 5520 1323 5576 καὶ
1351 5521 1449 5590 τὴν
1492 5520 1711 5595 ἀρετὴν,
1755 5520 1843 5575 καὶ
1874 5519 1975 5589 τὴν

403 5720 451 5753 ³³
481 5718 703 5777 Colose.
737 5734 822 5791 ιιι,
852 5717 944 5779 12.
1017 5719 1062 5757 ιδ
1095 5720 1233 5778 Gen.
1268 5737 1311 5791 ι,
1341 5721 1433 5780 27.

2084 4720 2472 4794 appellatione
2487 4723 2541 4777 in
2558 4721 2677 4777 viro
2696 4722 2768 4776 du
2782 4725 2977 4777 ntaxat
2994 4739 3102 4778 usu
3116 4739 3166 4777 m
3184 4721 3739 4793 existimet,adjecit:

2084 4809 2394 4867 Masculum
2419 4816 2471 4867 et
2492 4813 2759 4884 feminam
2787 4813 2917 4883 fecit
2940 4826 3072 4879 eos;
3102 4815 3166 4865 ut
3200 4810 3497 4882 intelligas
3527 4810 3744 4866 habere

2084 4903 2142 4955 et
2174 4899 2505 4971 mulierem,
2537 4901 2691 4973 quod
2745 4900 2814 4955 ad
2865 4899 2959 4956 Dei
3012 4899 3326 4972 imaginem
3379 4900 3612 4955 condita
3643 4899 3741 4970 sit,

2084 4993 2139 5062 et
2174 4990 2326 5061 quod
2356 4989 2426 5045 ad
2460 4989 2564 5045 Dei
2596 4988 3045 5045 similitudinem
3079 5006 3209 5045 esse
3240 4988 3636 5056 nanciscatur,
3657 4986 3744 5043 uti

2083 5082 2142 5134 et
2193 5079 2302 5134 vir.
2352 5078 2515 5134 Paris
2562 5078 2865 5150 dignitatis
2910 5079 3214 5135 amborum
3264 5077 3497 5133 formati
3544 5092 3742 5146 sexus,

2086 5183 2372 5239 paresque
2402 5173 2542 5222 sunt
2571 5168 2779 5222 horum
2831 5168 3110 5236 actiones,
3145 5167 3307 5239 paria
3344 5166 3603 5238 praemia,
3638 5182 3745 5238 par

2086 5271 2283 5311 eorum
2316 5256 2638 5311 damnatio.
2689 5255 2770 5313 Ne
2827 5257 2987 5312 enim
3036 5256 3247 5312 mulier
3297 5255 3739 5311 imbecilliorem

2085 5360 2290 5401 sexum
2321 5345 2715 5400 causificetur.
2750 5344 2912 5400 Istud
2941 5361 3197 5416 namque
3224 5344 3284 5399 in
3313 5360 3489 5399 carne
3518 5348 3607 5399 est
3630 5360 3644 5411 ;
3666 5341 3740 5397 ad

2084 5433 2343 5489 animam
2375 5449 2508 5488 vero
2540 5433 2695 5504 quod
2728 5434 2958 5503 attinet,
2992 5433 3137 5489 nihil
3170 5434 3291 5489 viro
3324 5432 3611 5503 imparem
3635 5445 3742 5486 na-

2086 5526 2182 5578 cta
2220 5528 2311 5579 est
2354 5523 2696 5594 potentiam.
2743 5523 3230 5595 Quandoquidem
3282 5520 3463 5593 igitur
3509 5518 3738 5575 feminae
