4134 6212
331 318 409 379 as
1265 314 1666 380 APPENDIX
1708 318 2042 383 censum
2081 319 2149 381 s.
2194 288 2473 383 BASILIl
2515 320 2793 384 mem.
3660 332 3741 391 se

330 447 457 522 pari
485 445 626 504 viris
655 444 938 517 dignitate
974 460 1245 518 accepere
1274 450 1342 503 ut
1369 448 1444 505 ad
1486 448 1586 506 Dei
1619 449 1742 506 sint
1764 449 1970 524 imagi-

2091 452 2201 505 τῶν
2227 448 2443 526 ἀγαθῶν
2495 448 2668 528 ἔργων
2723 447 2998 526 ἐπίδειξιν·
3045 453 3138 508 καί
3172 450 3417 528 οὐδεμία
3469 458 3738 533 παραίτη-

328 556 486 610 nem,
521 537 646 611 pari
695 536 979 609 dignitate
1025 536 1237 595 virtute
1289 538 1527 611 pollent,
1572 541 1982 615 bonorumque

329 644 570 700 operum
602 628 785 682 edunt
823 626 1159 697 specimen:
1217 628 1499 702 nullaque
1543 632 1840 688 excusatio
1872 635 1983 700 est,

328 718 379 773 si
421 733 539 789 qua
594 716 738 772 forte
796 716 1055 788 corporis
1103 716 1426 775 imbecilles
1483 720 1636 776 vires
1689 721 1980 777 ostendat.

328 808 675 879 Quanquam
701 804 855 861 enim
881 804 1149 862 absolute
1173 806 1411 863 mollius
1437 808 1862 883 delicatiusque
1885 826 1983 865 na-

325 902 451 951 tum
485 900 592 963 est,
626 900 684 951 at
715 911 963 967 pronum
995 901 1382 968 paratumque
1419 899 1486 953 ad
1524 899 1980 967 miserationem,

327 986 398 1042 ad
432 984 802 1040 tolerantiam
836 984 1092 1040 vividum
1126 1002 1192 1039 ac
1225 986 1480 1056 ﬁrmum,
1514 987 1571 1042 in
1604 987 1819 1059 vigiliis
1854 1003 1983 1044 acre

328 1092 394 1130 ac
424 1078 786 1130 contentum.
810 1078 991 1143 Longe
1004 1073 1159 1128 enim
1175 1074 1352 1130 etiam
1378 1075 1667 1132 femineus
1689 1092 1860 1131 sexus
1883 1077 1981 1132 bo-

329 1162 479 1219 nesti
513 1161 727 1231 studio,
762 1160 980 1217 laboris
1004 1161 1284 1218 instantia
1318 1179 1383 1218 ac
1415 1164 1723 1219 tolerantia
1752 1164 1976 1220 virilem

326 1250 568 1309 excedit.
600 1255 681 1305 Ac
713 1267 1018 1323 nunquam
1050 1251 1151 1306 flat
1182 1255 1246 1306 ut
1276 1251 1364 1306 vir
1393 1250 1635 1324 paribus
1676 1253 1867 1309 modis
1897 1253 1977 1308 te-

327 1341 500 1398 mina
531 1344 811 1412 aquetur,
852 1340 972 1395 sive
1002 1339 1060 1393 in
1098 1339 1313 1410 jejunii
1360 1339 1711 1411 virtutisque
1741 1341 1978 1414 reliqua

327 1431 512 1501 cultu,
561 1430 678 1485 sive
732 1429 792 1483 in
847 1428 1237 1501 lacrymarum
1298 1429 1698 1497 exuberantia,
1758 1432 1877 1487 sive
1916 1432 1976 1486 in

325 1518 568 1577 rationis
599 1518 814 1586 labore,
848 1516 967 1571 sive
996 1516 1054 1571 in
1087 1517 1481 1573 beneficentia
1503 1519 1688 1591 copia.
1716 1520 1843 1577 Vidi
1873 1537 1978 1592 ego

326 1609 655 1676 mulierem,
687 1604 836 1660 clam
867 1604 1013 1673 viro,
1048 1621 1174 1678 qua
1203 1622 1346 1663 usus
1395 1606 1629 1663 familia
1662 1613 1859 1664 essent
1883 1609 1979 1680 pio

323 1714 391 1753 ac
418 1693 663 1751 salutari
694 1695 850 1751 furto
902 1694 1348 1764 subducentem,
1381 1712 1446 1752 ac
1491 1698 1847 1770 pauperibus
1877 1715 1977 1754 oc-

2091 538 2171 601 σίς
2230 537 2341 594 ἐστι
2526 534 2957 617 προϐαλλομένη
3010 542 3180 619 τυχὸν
3212 544 3312 612 τήν
3357 546 3455 601 τοῦ
3487 547 3739 620 σώματος

2092 628 2382 692 ἀσθένειαν.
2416 628 2482 686 Εἰ
2512 629 2615 705 γάρ
2646 629 2735 685 καὶ
2794 628 2982 693 ἀπλως
3015 630 3224 687 ἁπαλὸν
3267 631 3542 713 ἐπεφύκει,
3594 636 3738 694 ἀλλὰ

2088 716 2311 793 ἕτοιμον
2368 718 2444 782 εἷς
2492 721 2827 794 συμπάθειαν
2875 718 3093 777 εὔτονον
3139 723 3217 785 εἷς
3273 725 3581 801 καρτερίαν,
3615 728 3736 782 σόν-

2087 828 2244 864 τονον
2293 808 2344 864 ἐν
2402 808 2742 885 ἀγρυπνίαις.
2801 811 3104 887 Ὑπεραίρει
3152 813 3255 887 γὰρ
3304 813 3450 870 πολὺ
3498 816 3590 870 καὶ
3635 817 3733 885 τὴν

2091 895 2337 973 ἀνδρείαν
2389 897 2544 977 φύσιν
2591 902 2625 968 ἡ
2658 904 2755 955 τοῦ
2804 898 3003 972 θήλεος
3034 899 3158 975 περὶ
3182 901 3245 957 τὸ
3302 901 3609 959 ἐνστατικὸν
3640 909 3737 960 τοῦ

2087 986 2260 1044 καλοῦ
2323 987 2411 1043 καὶ
2460 988 2796 1064 καρτερικόν*
2863 988 2951 1044 καὶ
3003 989 3103 1045 οὐκ
3154 991 3212 1045 ἂν
3262 1011 3394 1046 ποτε
3451 992 3734 1066 ἐξισωθείη

2090 1077 2228 1153 ἀνὴρ
2276 1077 2510 1153 γυναικὶ,
2565 1077 2601 1147 ἢ
2649 1078 2773 1153 περὶ
2820 1078 2920 1147 τήν
2950 1082 3050 1149 τῆς
3099 1078 3349 1151 νηστείας
3395 1082 3612 1152 notia-7,;
3639 1082 3738 1138 ἄλ-

2090 1161 2193 1236 λης
2232 1164 2426 1240 ἀρετῆς
2481 1163 2729 1238 ἄσκησιν,
2788 1165 2823 1236 ἢ
2865 1167 2927 1222 τὸ
2971 1166 3022 1222 ἐν
3076 1164 3300 1244 δάκρυσι
3327 1165 3573 1243 δαψιλὲς,
3675 1172 3737 1227 τὸ

2087 1250 2141 1308 ἐν
2173 1260 2509 1331 προσευχαῖς
2535 1254 2860 1333 φιλόπονον,
2890 1256 2925 1326 ἢ
2956 1257 3018 1311 τὸ
3068 1255 3120 1311 ἐν
3180 1256 3425 1321 εὔποίαις
3480 1257 3736 1335 ἄφθονον.

2088 1340 2246 1400 Εἶδον
2278 1342 2384 1421 ἐγὼ
2414 1350 2640 1420 γυναῖκα
2671 1344 2841 1420 Λάθρα
2870 1349 2967 1401 τοῦ
2998 1343 3192 1422 ἀνδρὸς
3242 1347 3645 1425 ὗφαιρουμένην
3672 1349 3741 1405 τὰ

2085 1438 2186 1501 τῆς
2244 1430 2418 1496 οίκίας
2463 1431 2734 1510 χρειώδη,
2788 1432 3002 1503 κλοπὴν
3064 1434 3348 1506 ἐπαινετὴν
3407 1437 3497 1491 καὶ
3554 1458 3738 1510 σωτη-

2090 1520 2229 1596 ρίαν,
2261 1521 2352 1575 καὶ
2381 1523 2600 1594 πένησιν
2635 1521 2769 1578 αὐτὰ
2824 1522 2877 1578 ἐν
2907 1527 2986 1595 τῷ
3032 1521 3296 1595 λεληθότι
3350 1521 3731 1598 διανέμουσαν,

2088 1611 2174 1665 καὶ
2227 1607 2427 1666 ἄκοντα
2484 1613 2573 1667 καὶ
2631 1612 2926 1687 ἀγνοοῦντα
2979 1613 3069 1667 τὸν
3130 1610 3298 1688 ἄνδρα
3325 1613 3416 1669 καὶ
3471 1613 3600 1676 τοὺς
3656 1616 3735 1670 οἱ-

2086 1698 2268 1762 κείους
2317 1700 2719 1777 εὐεργετοῦσανο
2783 1701 2913 1776 ὑπὲρ
2973 1702 3077 1778 γὰρ
3137 1700 3365 1776 ἐκείνου,
3397 1702 3613 1773 καὶτῆς
3635 1707 3733 1759 τοῦ

324 1784 477 1842 culte
507 1783 980 1855 distribuentem,
1016 1785 1384 1857 invitumque
1412 1785 1601 1842 virum
1625 1803 1691 1842 ac
1722 1788 1970 1843 nescien-

2089 1785 2243 1842 oi'xou
2294 1788 2594 1860 αὐξήσεως,
2626 1789 2714 1844 καὶ
2743 1795 2843 1860 τῆς
2871 1793 2981 1844 τῶν
3035 1790 3235 1847 τέκνων
3292 1788 3557 1865 διαμονῆς
3606 1787 3735 1866 ἔδρα

321 1878 459 1942 tem,
489 1889 712 1929 necnon
742 1873 1095 1929 domesticos
1118 1874 1537 1931 demerentem.
1562 1876 1668 1932 Pro
1688 1874 1787 1931 illo
1812 1892 1975 1931 nam-

322 1979 437 2037 que
467 1966 524 2019 et
553 1960 788 2017 familia
838 1966 1174 2034 augmento,
1226 1967 1617 2037 natorumque
1664 1963 1977 2020 incolumi-

320 2057 439 2109 tate
469 2050 864 2107 beneficentia
895 2067 1071 2121 Opera
1101 2052 1438 2123 praestabat.

391 2161 482 2217 23.
520 2159 703 2216 Habet
736 2159 931 2228 itaque
988 2162 1045 2213 et
1102 2158 1340 2226 femina,
1403 2158 1546 2214 nihil
1601 2160 1723 2216 viro
1756 2160 1975 2229 minus,

320 2254 448 2307 tum
473 2249 624 2320 quod
649 2249 719 2304 ad
745 2246 1086 2320 imaginem,
1109 2250 1233 2303 tum
1258 2247 1412 2320 quod
1432 2248 1504 2304 ad
1526 2247 1975 2304 similitudinem

321 2343 453 2396 est:
486 2338 723 2409 quando
756 2353 870 2392 non
903 2336 963 2391 in
995 2336 1233 2393 homine
1264 2336 1359 2408 qui
1395 2336 1535 2393 foris
1583 2343 1769 2410 paret,
1801 2339 1856 2393 id
1889 2342 1979 2396 est

320 2428 380 2484 in
413 2442 671 2500 corpore,
696 2425 795 2481 sed
830 2425 890 2481 in
921 2424 1149 2482 interno
1182 2442 1247 2481 ac
1271 2425 1667 2499 principaliori
1696 2426 1816 2483 bac
1847 2431 1973 2483 tum

319 2515 752 2587 intelliguntur,
784 2520 910 2570 tum
945 2514 1263 2571 constituta
1291 2519 1433 2571 sunt
1462 2532 1528 2572 ac
1568 2517 1847 2572 resident.
1881 2517 1972 2572 Id-

320 2624 432 2680 que
457 2607 599 2663 adeo
632 2607 689 2663 in
725 2623 904 2663 causa
934 2610 1042 2673 est,
1076 2612 1140 2662 ut
1170 2612 1227 2663 et
1254 2624 1361 2663 nos
1388 2608 1459 2663 ad
1493 2609 1971 2680 utrosque,quasi

322 2698 394 2754 ad
426 2712 634 2765 unum,
668 2711 999 2752 sermonem
1032 2695 1433 2753 intendamus.
1466 2696 1608 2767 Ejus
1637 2713 1773 2752 vero
1809 2714 1973 2769 pror-

321 2803 423 2843 sus
453 2801 694 2858 compos
724 2784 975 2841 efficiere
1005 2784 1385 2857 benignitatis
1424 2786 1755 2857 stipendiis,
1789 2785 1972 2843 malo-

322 2892 453 2932 rum
487 2874 876 2945 sustinentia,
900 2873 1356 2941 communionis,
1385 2874 1826 2947 impartitionis,
1851 2893 1975 2932 mu-

321 2970 432 3025 tua
485 2966 866 3036 fraternaque
895 2962 1187 3034 amicitia,
1239 2964 1357 3019 odii
1389 2962 1675 3020 scelerum
1707 2982 1775 3021 ac
1808 2966 1974 3021 vitio-

318 3072 450 3111 rum
476 3073 489 3123 ;
523 3065 699 3127 atque
729 3054 837 3110 hoc
859 3052 1175 3119 demum,si
1200 3053 1421 3124 peccati
1445 3053 1761 3110 libidinum
1791 3054 1976 3111 victor

318 3143 635 3202 exstiteris.
670 3142 814 3198 Hinc
846 3142 1004 3198 enim
1033 3142 1093 3197 in
1116 3157 1185 3198 ea
1207 3158 1334 3214 qua
1367 3143 1591 3199 ratione
1612 3147 1811 3199 carent
1838 3144 1970 3199 bru-

315 3240 527 3305 tasque
556 3231 891 3287 animantes
922 3230 1238 3301 imperium
1271 3230 1556 3302 provenit.

385 3340 476 3395 24.
509 3340 573 3395 Et
600 3337 856 3410 praesint,
889 3334 1101 3407 inquit,
1151 3336 1353 3391 bestiis.
1388 3340 1554 3392 Forte
1602 3351 1736 3392 vero
1776 3352 1848 3391 an
1880 3336 1966 3391 di-

318 3447 439 3500 cas,
474 3427 832 3501 quibusnam
866 3425 1127 3480 futurum
1160 3428 1226 3479 ut
1265 3425 1495 3497 praesim
1521 3424 1748 3493 bestiis,
1775 3441 1840 3481 ac
1867 3424 1967 3481 ubi

320 3521 405 3576 ba
436 3516 582 3574 mihi
614 3514 878 3572 adsunt?
918 3513 1128 3586 Utique
1156 3531 1289 3570 vero
1341 3513 1551 3583 nescis,
1591 3514 1809 3570 bestias
1839 3531 1967 3586 qua

317 3622 631 3667 numerum
689 3603 972 3660 excedant
1027 3603 1246 3659 circum
1295 3606 1351 3658 te
1406 3618 1555 3671 esse,
1598 3603 1967 3677 multamque

309 3694 601 3771 ejusmodi
626 3694 859 3751 turbam
886 3693 946 3748 in
977 3697 1033 3749 te
1063 3692 1459 3760 circumferre,
1486 3709 1552 3747 ac
1576 3692 1635 3747 in
1665 3697 1721 3748 te
1744 3692 1966 3749 versari

307 3784 630 3845 continue?
685 3784 945 3839 Parvane
999 3782 1186 3838 bestia
1243 3781 1329 3837 ira
1373 3785 1431 3836 et
1487 3782 1669 3848 furor,
1728 3798 1862 3838 cum
1902 3782 1964 3839 in

305 3876 478 3933 corde
510 3872 784 3941 oblatrat,
819 3870 1099 3942 omnique
1129 3871 1299 3941 pejus
1328 3886 1468 3926 cane
1498 3871 1877 3927 exacerbatur
1898 3888 1964 3929 ac

305 3963 637 4022 exaestuat?
671 3960 844 4017 Dolus
876 3964 1050 4032 atque
1084 3959 1265 4029 fraus,
1314 3977 1446 4016 cum
1498 3960 1555 4015 in
1589 3961 1785 4016 animo
1817 3960 1960 4018 deli-

302 4055 497 4120 tescit,
529 4056 703 4124 atque
738 4049 984 4105 insidias
1033 4049 1295 4115 instruit,
1339 4066 1532 4105 nonne
1576 4049 1764 4106 bestia
1792 4050 1963 4123 vulpe

304 4144 510 4200 savior
542 4155 790 4210 ursaque
823 4137 1301 4195 incicurabilior?
1332 4139 1441 4204 Qui
1485 4142 1678 4194 autem
1719 4138 1960 4209 injuria-

303 4249 436 4289 rum
472 4229 825 4302 procacitate
874 4244 1129 4300 praceps
1173 4231 1285 4296 est,
1338 4244 1529 4283 nonne
1579 4227 1769 4299 palam
1803 4243 1959 4284 scor-

305 4323 441 4394 pius
464 4318 493 4374 ‘?
518 4322 590 4373 At
610 4317 710 4387 qui
733 4315 1069 4372 clanculum
1092 4334 1161 4372 ex
1182 4316 1416 4371 insidiis
1437 4315 1961 4384 ulciscitur,nonne

304 4411 505 4482 vipera
536 4404 803 4461 trucior?
833 4405 1160 4470 Quamnam
1192 4404 1438 4460 bestiam
1473 4404 1633 4460 intus
1664 4406 1881 4475 animo,
1906 4412 1962 4463 et

306 4499 366 4554 in
399 4496 569 4553 nobis
598 4494 711 4567 ipsi
752 4510 869 4550 non
901 4494 1137 4562 alimus,
1172 4494 1408 4566 quando
1440 4494 1615 4550 etiam
1646 4494 1746 4567 qui
1775 4500 1833 4551 et
1878 4497 1958 4552 fe-

2085 1876 2183 1947 τήν
2245 1876 2507 1936 εὐποιίαν.

2153 2166 2244 2220 23.
2279 2164 2440 2238 Ἔχει
2469 2162 2653 2218 τοίνυν
2687 2163 2778 2217 καὶ
2813 2164 2869 2218 τὸ
2924 2161 3088 2233 θῆλυ,
3122 2163 3230 2240 οὐχ
3258 2166 3424 2234 ἦττον
3453 2168 3550 2220 τοῦ
3582 2164 3738 2242 ἄρῤε-

2083 2273 2198 2323 νος,
2243 2251 2333 2307 καὶ
2376 2251 2439 2306 τὸ
2488 2253 2604 2308 κοτ’
2637 2251 2841 2323 εἷ’κόνα,
2871 2252 2961 2308 καὶ
2993 2254 3055 2309 τὸ
3085 2257 3208 2317 καθ’
3231 2252 3514 2326 ὁμοίωσιν*
3546 2251 3735 2323 ἐπειδὴ

2093 2341 2168 2413 μὴ
2202 2339 2253 2395 ἐν
2300 2345 2381 2413 τῷ
2428 2338 2622 2411 ἔξωθεν
2664 2342 2976 2419 φαινομένῳ
3024 2341 3315 2417 ἀνθρώπῳ,
3362 2340 3486 2413 ἤτοι
3518 2347 3598 2416 τῷ
3628 2342 3737 2398 σώ-

2088 2450 2240 2503 ματι,
2297 2427 2426 2485 ἀλλ’
2464 2427 2516 2484 ἐν
2569 2434 2648 2503 τῷ
2695 2426 2892 2485 ἔσωθεν
2941 2430 3031 2486 καὶ
3080 2432 3398 2506 κυριωτὲρῳ
3425 2435 3595 2487 ταῦτα
3640 2431 3733 2488 καὶ

2084 2518 2458 2593 ὲπιθεωρεῖται
2503 2519 2593 2574 καὶ
2640 2518 3072 2575 ἑπισυνίσταται’
3126 2519 3218 2575 καὶ
3289 2517 3379 2575 διὰ
3421 2524 3584 2576 τοῦτο
3639 2520 3732 2576 καὶ

2081 2609 2276 2681 ἡμεῖς,
2327 2608 2400 2670 ὡς
2456 2609 2592 2684 πρὸς
2635 2604 2776 2681 ἕνα,
2833 2609 2971 2683 πρὸς
3024 2609 3364 2686 ἀμφοτέρους
3420 2609 3731 2683 ποιούμεθα

2078 2697 2178 2765 τὴν
2233 2693 2487 2769 διάλεξιν.
2539 2700 2711 2754 Τοῦνο
2757 2692 2815 2752 δὲ
2869 2697 3141 2771 περιέσται
3200 2718 3285 2752 σοι
3342 2695 3581 2771 πάντως,
3640 2693 3731 2753 διὰ

2079 2791 2179 2856 τῆς
2228 2784 2629 2861 χρηστότητος,
2686 2792 2789 2855 τῆς
2843 2785 3204 2857 ἀνεξικακίας,
3261 2793 3361 2856 τῆς
3415 2785 3727 2858 κοινωνίας,

2079 2880 2179 2944 τῆς
2229 2874 2649 2949 μισοπονηρίας,
2703 2874 2794 2929 καὶ
2844 2879 2941 2929 τοῦ
2996 2881 3210 2952 κρατεῖν
3266 2880 3373 2932 τῶν
3415 2878 3601 2940 παθῶν
3630 2876 3731 2944 τῆς

2084 2963 2368 3037 ἁμαρτίας·
2437 2961 2676 3020 ἐντεῦθεν
2718 2963 2823 3041 γὰρ
2866 2964 3159 3029 ἀκολουθεῖ
3185 2964 3275 3019 καὶ
3303 2965 3365 3019 τὸ
3398 2964 3587 3039 ἄρχειν
3617 2964 3726 3017 τῶν

2082 3050 2324 3128 ἀλόγων.

2145 3339 2236 3393 24.
2297 3336 2396 3391 Καὶ
2452 3334 2789 3411 ἀρχέτωσαν,
2860 3333 3061 3410 φησὶν,
3114 3338 3222 3389 τῶν
3282 3332 3512 3410 θηρίων.
3571 3335 3729 3410 Τάχα

2078 3424 2168 3481 οὖν
2229 3425 2389 3502 ἐρεῖςο
2454 3425 2555 3481 Καὶ
2610 3424 2780 3479 ποίων
2852 3420 3045 3496 μέλλω
3095 3423 3297 3499 θηρίων
3345 3420 3577 3499 ἄρχειν;
3636 3423 3723 3478 καὶ

2075 3518 2181 3570 ποῖ’)
2244 3536 2335 3589 μοι
2394 3518 2563 3569 ταῦτα
2616 3512 2898 3589 πάρεισιν;
2928 3516 3173 3588 Ἀγνοεῖς
3205 3508 3263 3567 δὲ
3292 3509 3415 3589 ἄρα,
3447 3511 3528 3567 δτι
3565 3510 3730 3586 μυρία

2076 3603 2238 3681 θηρία
2285 3604 2407 3679 περὶ
2460 3602 2539 3673 σὲ,
2581 3603 2668 3657 καὶ
2719 3599 2894 3657 πολὺν
2945 3602 3193 3656 τοιοῦτον
3236 3597 3407 3678 ὄχλον
3440 3600 3492 3656 ἰν
3513 3604 3719 3673 σεαυτῷ

2073 3693 2400 3769 περιφέρεις,
2459 3692 2550 3747 καὶ
2605 3686 2757 3754 ἐντός
2798 3712 2893 3746 σου
2953 3686 3215 3765 διατρίϐει
3262 3688 3563 3761 διηνεκῶς;
3612 3692 3724 3748 Μι-

2071 3783 2198 3859 κρὸν
2232 3782 2422 3859 θηρίον
2456 3779 2594 3836 ἐστίν
2638 3781 2665 3835 6
2697 3781 2891 3853 θυμὸς,
2943 3780 3109 3836 ὁπότε
3159 3779 3383 3836 ὑλακτεῖ
3411 3783 3479 3855 τῇ
3526 3777 3725 3853 καρδίᾳ

2070 3873 2161 3927 καὶ
2219 3877 2407 3946 χεῖρον
2467 3869 2665 3931 παντὸς
2713 3869 2872 3931 κυνὸς
2925 3867 3273 3946 ἀγραίνεται;
3336 3869 3365 3924 6
3423 3866 3587 3931 δόλος
3641 3865 3720 3941 δὲ,

2071 3961 2195 4015 ὅταν
2223 3963 2291 4034 τῇ
2341 3958 2494 4035 ψυχῇ
2553 3955 2885 4033 ἐμφωλεύει,
2939 3956 3154 4020 καὶτὰς
3182 3952 3480 4019 ἐπιϐουλᾶς
3525 3976 3722 4032 καταρ-

2068 4048 2188 4125 τύῃ,
2222 4049 2282 4103 οὐ
2312 4059 2500 4125 θηριον
2533 4046 2818 4109 ἀλώπεκος
2853 4046 3184 4123 ἀγριώτερον
3226 4047 3314 4102 καὶ
3364 4045 3564 4122 ἄρκτου
3597 4043 3724 4102 δυσ-

2071 4138 2471 4214 ημερὲστερον;
2532 4137 2560 4191 6
2619 4133 2676 4191 δὲ
2736 4135 2858 4207 ὀξὺς
2889 4137 2966 4197 εἶς
3019 4131 3193 4212 ὕϐριν,
3246 4135 3308 4190 οὗ
3340 4134 3596 4211 σκορπίος
3631 4136 3723 4189 ἄν·

2068 4248 2253 4304 τικρυς
2281 4245 2295 4297 ;
2327 4228 2355 4281 ὁ
2389 4224 2446 4281 δὲ
2487 4223 2661 4301 λάθρα
2718 4224 3079 4299 ἀμυνόμενος,
3131 4224 3229 4280 οὐκ
3288 4222 3504 4301 ἐχίδνης
3553 4222 3720 4300 χαλε-

2069 4316 2355 4392 πώτερος;
2390 4316 2556 4372 ΙΙοῖον
2591 4313 2776 4390 θηρίον
2807 4315 2908 4369 οὐκ
2939 4311 3087 4369 ἔνδον
3133 4314 3224 4369 καὶ
3268 4312 3320 4369 ἐν
3354 4313 3564 4375 ἑαυτοῖς
3599 4312 3724 4368 ὑπο-

2067 4404 2357 4483 τρέφομςν,
2415 4403 2528 4459 ἐπεὶ
2584 4403 2678 4459 καὶ
2736 4404 2763 4458 6
2820 4401 3167 4476 θηλυμανὴς,
3221 4399 3389 4466 ἵππος
3436 4402 3575 4457 ἐστιν
3605 4399 3721 4455 ἐπι-

2074 4491 2811 4569 μαινόμενοςςἽππνιγᾶρ,
2869 4493 3023 4569 φησὶ,
3076 4489 3411 4564 θηλυμανεῖς
3464 4490 3721 4566 ἐγενήθη-

310 4587 608 4644 minarum
638 4583 885 4641 libidine
916 4586 1187 4651 astuant,
1219 4583 1354 4655 equi
1385 4586 1525 4639 sunt
1552 4583 1911 4641 insanientes
1934 4586 1961 4641 ?

2083 4607 2163 4640 mw
2201 4603 2215 4618 ο
2268 4581 2488 4645 ἕκαστος
2546 4580 2632 4638 ἐπὶ
2682 4582 2782 4651 τὴν
2832 4585 3062 4649 γυναῖκα
3118 4583 3213 4634 τοῦ
3264 4578 3498 4649 πλησίον
3559 4576 3722 4633 αὐτοῦ

309 4677 460 4748 Equi
487 4678 656 4741 enim,
705 4673 914 4745 inquit,
945 4676 1190 4745 [urentes
1232 4675 1289 4727 in
1338 4674 1577 4743 feminas
1629 4676 1773 4745 facti
1794 4678 1958 4732 sunt:

310 4766 683 4836 unusquisque
711 4762 783 4819 ad
810 4778 1041 4819 uworem
1069 4765 1322 4833 proximi
1349 4763 1438 4817 sui
1466 4762 1791 4820 [tinniebant
1812 4766 1871 4821 ’⁵.
1901 4766 1965 4821 In

312 4855 621 4913 hrutarum
646 4868 902 4924 namque
924 4851 1315 4907 animantium
1337 4851 1591 4908 indolem
1606 4869 1967 4925 sensumque

315 4944 469 5001 336
492 4958 622 4999 sese
651 4941 786 5014 quis
815 4941 1137 5008 transtulit,
1160 4957 1277 5012 qua
1301 4956 1362 4996 se
1386 4940 1614 4997 libidini
1636 4947 1809 5013 atque
1830 4942 1966 4999 vitio

313 5031 746 5090 necessitudine
773 5030 1053 5087 devinxit.
1086 5028 1280 5086 Multa
1309 5028 1510 5103 itaque
1540 5036 1679 5087 sunt
1708 5031 1764 5086 in
1797 5031 1968 5088 nobis

313 5122 541 5194 bestia,
565 5121 779 5193 quibus
802 5120 1021 5176 enitere
1042 5126 1106 5175 ut
1125 5119 1370 5192 imperio
1393 5120 1616 5192 prasis.
1648 5119 1706 5174 Si
1728 5120 1964 5192 quidem

317 5212 392 5269 iis
419 5228 547 5283 qua
578 5209 719 5266 foris
752 5214 892 5265 sunt
923 5209 1148 5282 prasis,
1183 5226 1309 5281 qua
1332 5226 1467 5265 vero
1500 5209 1661 5263 intus
1690 5216 1826 5263 sunt
1850 5207 1965 5265 imo

316 5301 476 5375 peric
507 5300 742 5367 liberas,
777 5299 835 5354 id
867 5304 977 5365 est,
1004 5316 1117 5354 non
1167 5297 1547 5369 mancipatas,
1583 5297 1965 5368 subditasque

315 5389 646 5464 reliqueris,
673 5405 854 5462 pensa
875 5387 1070 5445 animo
1095 5387 1236 5460 quid
1258 5386 1634 5442 cernentibus
1655 5385 1963 5458 videberis,

317 5480 419 5555 qui
449 5478 636 5537 leonis
664 5477 905 5552 quidem
936 5480 1111 5534 muta
1143 5474 1463 5533 animantis
1492 5473 1675 5531 victor
1694 5472 1963 5543 exsistas,

393 5662 437 5698 1⁸
467 5665 685 5720 Jerem.
718 5674 771 5726 v,
801 5658 854 5712 8.

2078 4672 2414 4750 ἐχρεμέτιζε.
2444 4671 2721 4742 Μετέθηκε
2766 4668 2870 4745 γὰρ
2902 4669 3085 4723 ἑαυτὸν
3120 4666 3208 4723 ἐπὶ
3238 4668 3335 4737 την
3363 4666 3469 4722 τών
3502 4665 3722 4741 ἀλόγων

2079 4763 2257 4838 φύσιν,
2317 4759 2406 4816 διὰ
2433 4760 2496 4815 τὸ
2545 4757 2716 4819 πάθος
2772 4757 3268 4831 ὦπροσωκειώθη.
3331 4754 3522 4813 ΗοΑλᾶ
3543 4756 3723 4811 τοίνυν

2079 4851 2244 4925 θηρία
2288 4849 2339 4905 ἐν
2373 4852 2532 4922 ἡμῖν,
2579 4848 2653 4901 ὧν
2687 4846 2954 4922 ἀγωνίζου
3003 4842 3213 4920 ἄρχειν.
3263 4843 3331 4899 Ei’
3356 4844 3458 4921 γὰρ
3485 4848 3597 4900 τῶν
3624 4843 3725 4916 ἔξω

2081 4941 2173 5015 μὲν
2208 4937 2397 5014 ἄρχεις
2427 4936 2652 5012 θηρίων,
2712 4937 2779 4990 τὰ
2837 4931 2895 4989 δὲ
2947 4930 3101 4989 ἔνδον
3142 4928 3489 5007 ἀϐασίλευτα,
3549 4931 3723 4990 εἷετουν

2078 5027 2418 5084 ἀνυπότακτα
2462 5023 2843 5098 καταλείψεις,
2894 5022 3107 5096 σκόπει,
3165 5023 3220 5078 τί
3276 5028 3392 5085 τοῖς
3443 5023 3614 5100 ὁρῶσί
3670 5043 3726 5078 σε

2080 5116 2248 5188 δόξεις
2284 5115 2504 5177 λέοντος
2565 5116 2659 5189 μὲν
2713 5111 2917 5190 ἀλόγου
2952 5113 3096 5184 ζώου
3153 5118 3363 5191 κρατῶν
3412 5112 3503 5170 καὶ
3561 5133 3723 5169 καταο

2078 5214 2290 5286 φρονῶν
2347 5205 2511 5261 αὐτοῦ
2567 5209 2664 5261 τοῦ
2727 5207 3129 5281 βρυχήματος,
3186 5209 3285 5260 τοῦ
3338 5202 3397 5259 δὲ
3446 5205 3567 5280 περὶ
3622 5203 3719 5271 τήν

2076 5293 2300 5371 καρδίαν
2333 5297 2513 5370 θυμοῦ
2568 5295 2904 5368 ἡττώμενος·
2939 5295 3030 5351 καὶ
3059 5290 3233 5371 πρίων
3288 5295 3382 5369 μὶν
3412 5293 3537 5354 τοὺς
3569 5287 3722 5345 ὀδόν-

2077 5406 2193 5458 τας,
2254 5385 2439 5463 φωνὴν
2488 5381 2547 5440 δὲ
2589 5383 2851 5461 ἄναρθρον
2908 5382 3202 5455 πολλάκις,
3266 5384 3368 5440 ὑπὸ
3412 5388 3511 5452 τῆς
3558 5398 3714 5435 καταο

2081 5473 2323 5552 σχούσης
2378 5472 2591 5549 μανίας,
2645 5472 2843 5555 ἀφιείς
2902 5474 3072 5551 τυχὸν
3112 5470 3169 5531 δὲ
3215 5474 3304 5530 καὶ
3336 5475 3525 5550 χεῖρας
3553 5466 3720 5527 ικτεί-
