4108 6214
244 330 328 390 37

1271 318 1375 379 DE
1415 314 1749 380 HOMINIS
1791 312 2263 378 STRUGTURA
2305 315 2598 380 ORATlO
2640 319 2719 381 Il.
3610 346 3693 407 33

240 482 358 518 νων
391 458 481 521 εἰς
511 457 615 526 τήν
650 457 751 510 τοῦ
779 456 1125 528 παρεστῶτος
1156 447 1384 546 ἄμυναν.
1415 451 1553 546 ᾌρα
1608 446 1671 502 ού
1698 446 1929 546 ’παντὸς

2054 447 2144 504 ira
2170 463 2304 506 vero
2328 450 2718 524 succumbas;
2748 470 2817 513 ao
2847 458 3081 531 quidem
3112 464 3363 525 strideas
3389 472 3690 546 dentibus,

244 549 589 626 ἀρχομένου
644 544 765 618 μὲν,
796 542 1143 602 εύεκτσῦντος
1185 536 1263 609 δὲ,
1307 536 1641 613 ἀθλιώτερος
1695 534 1929 592 ἐντεῦθεν

249 608 363 696 καῖ
398 608 977 711 καταγελαστότερος,
1010 629 1094 685 ὅτι
1143 630 1301 704 ἄρχει
1356 608 1568 702 μᾶλλον
1632 630 1727 682 σοῦ
1778 627 1806 681 6
1844 628 1935 681 θυ-

267 730 381 803 μὸς
409 774 428 798 ,
480 726 572 781 τὸν
653 720 926 799 λογισμὸν
984 717 1416 794 παρωσάμενος,
1475 717 1561 772 καὶ
1621 716 1720 786 τὴν
1784 713 1940 771 δυνα-

273 817 468 874 στείαν
518 821 609 884 τῆς
651 815 843 888 ψυχῆς
888 803 1245 887 παραλαϐὼν,
1297 804 1417 883 ἄγει
1476 826 1533 861 σε
1584 805 1722 861 ὅπου
1775 803 1941 882 τύχοι

284 906 391 964 ἴσα
443 904 528 961 καὶ
578 901 826 976 δέσμιον,
860 900 919 955 ’ὸν
979 899 1221 975 ἄρχοντα
1275 898 1492 952 πάντων
1554 897 1878 967 κατέστησεν
1911 894 1940 948 6

297 997 431 1058 Θεός
454 1016 469 1067 ;

2044 553 2150 595 nec
2182 554 2312 594 raro
2344 538 2685 612 impeditam
2720 561 2919 603 vocem
2951 553 3009 606 et
3043 551 3448 616 indistinctam
3498 538 3694 623 furore

2048 632 2349 700 correptus
2381 631 2613 688 emittas
2639 651 2653 703 ;
2677 633 2795 691 fors
2825 642 3021 696 autem
3053 642 3229 699 etiam
3258 662 3468 707 manus
3499 656 3568 709 ad
3604 656 3692 710 ul-

2048 716 2267 775 tionem
2298 720 2427 790 ejus
2454 721 2552 793 qui
2583 726 2703 779 stat
2748 742 2778 781 e
2825 726 3013 786 vicino
3061 736 3359 793 extendas.
3412 743 3691 815 Nunquid

2051 824 2166 864 non
2200 808 2404 881 quovis
2433 811 2650 881 audito,
2684 813 2778 870 cui
2827 833 2969 874 sane
3015 821 3123 876 rite
3171 822 3428 884 habeant
3477 808 3694 890 mentis

2053 897 2329 965 rationes,
2380 898 2516 955 inde
2564 902 2956 963 miserabilior
2998 924 3060 964 es
3113 928 3180 967 ac
3222 915 3693 993 dcridiculosior,

2054 986 2208 1057 quod
2241 986 2325 1041 ira
2358 989 2546 1061 magis
2571 990 2816 1062 imperio
2848 998 3080 1070 premit,
3126 1003 3401 1061 submota
3444 986 3694 1085 ratione,

300 1090 629 1159 arreptoque
660 1080 850 1140 animi
878 1078 1210 1150 dominatu,
1243 1093 1310 1134 ac
1342 1075 1513 1150 quasi
1543 1075 1804 1133 vinctum
1838 1090 1954 1147 quo
1982 1073 2219 1131 libuerit
2245 1076 2443 1146 trahit,
2477 1079 2569 1135 cui
2602 1085 2753 1139 Deus
2803 1085 3205 1147 universorum
3254 1100 3544 1155 concessit
3585 1073 3696 1159 im:

298 1177 504 1252 pedum
522 1175 551 1230 ?

358 1267 455 1322 25.
516 1258 709 1319 Ἀλλᾶ
774 1256 837 1313 σὺ
900 1255 995 1330 μὶν
1054 1253 1293 1333 φύλαττε
1341 1253 1402 1308 τὸ
1467 1249 1621 1318 δοθὲν
1678 1250 1938 1325 ἀξίωμα·

289 1353 458 1429 ἄρχων
502 1348 790 1421 ἐκτίσθης,
819 1344 1008 1423 ἄρχων
1056 1344 1266 1400 παθῶν.
1299 1343 1474 1419 Ἀρχε
1528 1339 1757 1418 θηρίων,
1788 1338 1943 1429 ,ἄρχε

276 1427 541 1517 ἐιέπετῶν,
573 1436 721 1513 ἄρχε
768 1437 1050 1492 πετεινῶν.
1086 1434 1179 1503 Μὴ
1234 1430 1569 1507 μετεωρίζου
1618 1435 1735 1492 τοῖς
1786 1427 1939 1506 λογι-

268 1535 455 1603 σμοῖς,
495 1530 577 1602 μή
611 1530 818 1604 κοῦφος
848 1518 939 1579 ἔσο
968 1526 1037 1597 τῇ
1071 1518 1283 1591 διανοίᾳ
1329 1519 1417 1575 καὶ
1466 1516 1715 1582 dictator
1749 1517 1938 1596 ἄρχειν

263 1622 363 1697 γᾶρ
417 1617 659 1690 ἐκρίθης
708 1617 956 1685 πτηνῶν,
989 1611 1098 1687 οὐχ
1153 1610 1474 1684 ὁμοιοῦσθαι
1527 1614 1781 1697 πτηνοῖς.
1842 1610 1937 1678 Μὴ

265 1684 361 1764 ᾆδέδ
422 1684 735 1782 τυφωθῇς,
930 1684 1241 1774 ὑπερ-αθῇς,
1298 1699 1374 1771 μή
1447 1695 1618 1771 μείζω
1670 1697 1941 1776 φρονήσῃς
1975 1684 2022 1749 Β

262 1807 365 1869 τῆς
431 1794 794 1872 ἀνθρωπίνης
852 1791 944 1847 καὶ
999 1790 1195 1866 γηίνης
1250 1787 1477 1867 φύσεως
1515 1790 1591 1862 μή
1651 1788 1941 1865 ἄπερφυσῶ

263 1886 683 1961 ἐπαινούμενος
707 1927 725 1956 ,
784 1883 861 1957 μὴ
924 1878 1111 1954 δόξαζε
1170 1878 1424 1951 σεαυτὸν,
1485 1876 1626 1951 μηδὲ
1674 1876 1941 1955 μεγάλονε

259 1980 333 2034 τὰ
393 1973 618 2048 σὰ,’ίνα
668 1974 746 2046 μὴ
803 1976 937 2044 μετᾶ
980 1974 1087 2025 τῶν
1140 1971 1360 2040 πτηνῶν
1412 1965 1698 2042 λογισθῇς,
1748 1967 1939 2040 ἐπίσης

260 2065 513 2126 ἐκείνοις
574 2061 958 2137 ὲπαιρόμενος,
1012 2056 1100 2113 καὶ
1166 2053 1300 2131 τῇδε
1353 2056 1568 2112 κάκεῖσε
1621 2055 1688 2131 τῇ
1746 2057 1940 2127 πτήσει

259 2154 739 2233 περιφερόμενος.
772 2151 948 2224 Ἀρχε
975 2151 1085 2203 τῶν
1118 2147 1169 2201 ὲν
1203 2144 1287 2200 σοὶ
1338 2143 1637 2222 λογισμῶν,
1666 2143 1759 2199 ἵνα
1811 2146 1941 2233 γίνῃ

259 2244 465 2321 ἄρχων
496 2246 611 2299 τῶν
644 2236 817 2295 ὄντων
852 2233 1283 2297 πάντων-ὀὕτως
1306 2237 1340 2305 ἠ
1363 2235 1499 2290 κατά
1526 2238 1634 2289 τῶν
1670 2233 1824 2304 ζώων
1858 2232 1941 2290 δε-

259 2333 481 2406 δομένη
513 2330 671 2407 ἀρχὴ
704 2326 955 2405 ῥυθμίζει
985 2327 1136 2398 ἡμᾶς
1168 2323 1303 2399 πρὸς
1330 2324 1395 2379 τὸ
1425 2326 1586 2397 ἡμῶν
1630 2323 1809 2379 αὐτῶν
1845 2321 1939 2400 ἄρ-

260 2443 407 2499 χειν.
454 2422 709 2479 ’Ἄτοπον
758 2416 860 2491 γὰρ
909 2416 1020 2470 εστι
1068 2411 1494 2490 βασιλευόμενον
1532 2409 1720 2499 Αοῖἂοι,
1772 2413 1938 2469 ἐθνῶν

264 2497 485 2589 αρχειν·
516 2508 613 2564 καὶ
669 2505 779 2562 ἄπο
837 2503 1018 2579 ἑτέρας
1061 2501 1429 2579 κρατούμενον
1482 2497 1611 2557 είίτω
1674 2500 1933 2573 ἐξουσίας,

266 2600 523 2675 δημοσίᾳ
549 2596 773 2658 πόλεως
807 2595 940 2649 εἶναι
970 2594 1301 2669 προστάτην.
1346 2592 1471 2665 Χρή
1525 2589 1583 2646 δὲ
1641 2591 1707 2647 τὰ
1763 2592 1941 2648 οἰκεῖα

266 2696 499 2766 πρῶτον
554 2685 745 2749 καλῶς
805 2681 1162 2756 διαθίμενον,
1220 2680 1311 2737 καὶ
1365 2680 1433 2736 τὰ
1501 2675 1651 2735 ἔνδον
1726 2680 1941 2753 εὐταξίᾳ
1990 2698 1993 2699 ⁷

274 2780 660 2852 κοσμήσαντα,
693 2772 839 2830 οὕτω
867 2776 974 2827 τῶν
1035 2770 1186 2843 ἐκτὸς
1244 2770 1335 2826 καὶ
1387 2769 1605 2825 ὀθνείων
1651 2768 1941 2846 προσλαμ-

286 2864 479 2923 ϐάνειν
523 2866 623 2935 τὴν
659 2859 969 2918 ἐπιστασίαν
1000 2880 1013 2894 ·
1055 2858 1170 2915 ἐπεὶ
1226 2860 1720 2936 περιστραφήσεται
1797 2859 1941 2935 παρὰ

273 2961 391 3013 τῶν
462 2951 785 3029 ἀρχομένων
867 2950 897 3004 6
963 2946 1170 3025 λόγος,
1208 2946 1292 3003 ὅτι
1353 2948 1558 3023 Ἰατρὲ,
1613 2948 1937 3024 θεράπευσον

2120 1254 2210 1309 25.
2243 1254 2641 1325 Enimvero,tu
2675 1260 2908 1332 quidem
2943 1281 3108 1324 serva
3138 1286 3472 1332 concessam
3505 1279 3698 1351 digni-

2054 1344 2537 1418 tatem.Princeps
2567 1353 2797 1406 creatus
2829 1367 2891 1407 es
2925 1367 2937 1409 :
2971 1355 3071 1426 qui
3101 1357 3258 1416 vitiis
3289 1361 3533 1436 imperio
3556 1344 3698 1440 pras-

2051 1433 2134 1488 sis
2160 1449 2225 1489 ac
2256 1433 2584 1523 alfoctibus.
2615 1437 2751 1494 Esto
2779 1439 3137 1509 bestiis,esto
3170 1433 3696 1523 serpen‘tibus,‘esto

2049 1520 2386 1579 volatilibus
2419 1540 2656 1595 prazses.
2696 1527 2825 1583 Noli
2875 1531 3072 1587 animo
3125 1520 3341 1593 extolli.
3393 1542 3523 1599 Noli
3554 1520 3698 1602 esse

2051 1614 2245 1667 mente
2273 1611 2417 1669 levis
2448 1630 2514 1670 ac
2544 1614 2859 1673 instabilis.
2892 1623 3291 1682 Constitutum
3325 1628 3432 1685 tibi
3489 1637 3577 1689 est
3635 1641 3700 1691 ut

2051 1701 2252 1772 praesis
2310 1701 2671 1773 volucribus,
2734 1723 2850 1763 non
2893 1713 2958 1764 ut
2988 1710 3324 1772 volucribus
3354 1718 3565 1778 similis
3591 1724 3694 1780 sis.

2050 1788 2176 1845 Noli
2208 1789 2402 1862 itaque
2433 1793 2709 1865 superbia
2736 1795 2950 1869 inﬂari,
2987 1800 3107 1855 noli
3137 1803 3317 1863 altius
3363 1809 3577 1884 efferri,
3625 1831 3699 1871 ne

2050 1894 2226 1951 quam
2259 1896 2361 1952 pro
2392 1880 2654 1939 humana
2680 1888 3025 1960 terrenaque
3056 1890 3248 1950 indole
3268 1897 3463 1968 majus
3479 1880 3696 1973 sapias.

2049 1967 2131 2064 ble
2161 1971 2323 2064 extra
2352 1972 2595 2027 modum
2623 1972 2776 2029 fastu
2812 1979 3042 2035 tumeas
3092 1967 3376 2043 laudibus
3419 1967 3693 2064 ecce-ptis.

2048 2055 2177 2112 Noli
2207 2056 2461 2130 teipsum
2492 2058 2753 2132 laudare,
2789 2081 2893 2121 nec
2925 2070 3236 2141 magniﬁce
3263 2079 3365 2130 tua
3394 2055 3696 2147 eti'erre,ne

2050 2161 2184 2201 cum
2217 2145 2556 2205 volucribus
2589 2155 2968 2224 computeris,
3002 2159 3101 2231 qui
3136 2162 3259 2232 pari
3306 2162 3424 2221 illis
3472 2145 3696 2226 ratione

2051 2235 2360 2309 attollaris,
2392 2242 2568 2310 atque
2597 2239 2712 2297 huc
2742 2259 2808 2298 ac
2839 2243 2975 2301 illuc
3006 2247 3198 2305 volatu
3244 2252 3694 2315 circumferaris.

2051 2324 2194 2379 Tuis
2229 2324 2353 2396 ipse
2397 2328 2600 2399 prmsis
2649 2330 3000 2402 rationibus,
3056 2342 3120 2393 ut
3178 2354 3375 2396 rerum
3431 2346 3695 2403 omnium

2052 2429 2265 2485 prasses
2313 2416 2607 2474 efﬁciaris.
2658 2420 2804 2475 Eum
2854 2421 2912 2478 in
2947 2427 3188 2483 modum
3221 2445 3499 2488 concessa
3530 2436 3700 2493 nobis

2050 2504 2322 2560 adversus
2354 2512 2547 2563 mutas
2579 2508 2908 2568 animantes
2938 2513 3165 2587 imperii
3194 2518 3374 2584 vis,ut
3404 2538 3509 2579 nos
3539 2525 3700 2597 ipsos

2051 2593 2299 2666 imperio
2330 2611 2603 2668 regamus
2625 2600 3286 2672 componit.Absurdum
3311 2593 3700 2683 namque'est,

2051 2688 2117 2773 ut
2147 2683 2247 2755 qui
2278 2701 2457 2756 penes
2487 2686 2748 2760 seipsum
2781 2691 3026 2762 imperio
3058 2702 3375 2766 prematur,
3424 2702 3700 2773 gentibus

2050 2772 2295 2845 imperio
2324 2775 2539 2846 praeit;
2563 2777 2780 2849 quique
2806 2785 2972 2837 tutus
3003 2784 3199 2841 animo
3225 2786 3388 2843 alteri
3422 2772 3499 2845 sit
3532 2807 3698 2847 man-

2051 2862 2281 2934 cipatus
2311 2864 2602 2935 potentias,
2659 2868 2890 2938 publice
2949 2872 3079 2927 urbi
3137 2879 3448 2945 patronum
3504 2896 3696 2951 agere.

2011 2962 2015 2965 ‘
2050 2956 2227 3007 Porro
2257 2968 2441 3023 operai
2469 2954 2721 3024 pretium
2752 2962 2843 3013 est
2873 2963 2937 3013 ut
2964 2960 3034 3016 de
3055 2961 3179 3018 suis
3201 2965 3457 3035 primum
3479 2968 3700 3040 optime

274 3038 529 3101 σειυτὸν.
562 3041 772 3097 Λοιπὸν
825 3037 1048 3101 ἑαυτοὺς
1107 3039 1427 3115 θεραπεῦσαι
1486 3041 1704 3114 πρῶτον
1765 3059 1931 3094 σπου-

2054 3043 2294 3106 statuat,
2330 3041 2428 3112 qui
2461 3057 2663 3098 eorum
2693 3060 2821 3116 quae
2854 3047 2993 3103 foris
3023 3055 3163 3105 sunt
3191 3057 3249 3107 et
3286 3037 3696 3115 extraneorum

267 3133 560 3206 δάσωμεν.
592 3127 793 3191 Οὐδεὶς
842 3133 947 3206 γὰρ
1004 3126 1090 3183 ὅτι
1150 3129 1227 3201 μὴ
1295 3126 1524 3203 ἐθήρασε
1581 3125 1778 3184 λέοντα
1805 3149 1939 3184 κατ-

268 3223 541 3297 εμὲμθθη
599 3222 755 3274 ποτε·
789 3216 837 3273 εί
886 3215 943 3273 δὲ
995 3217 1072 3291 μὴ
1124 3216 1389 3292 ἐκράτησε
1444 3220 1543 3272 τοῦ
1596 3221 1796 3291 θυμοῦ,
1850 3217 1941 3273 ἐν-

270 3312 524 3388 επαίχθη
558 3309 713 3386 παρὰ
739 3307 959 3369 πεντάς·
993 3307 1068 3371 ὡς
1092 3307 1121 3361 6
1176 3305 1271 3379 μὲν
1303 3307 1378 3379 μὴ
1429 3302 1677 3377 δυνηθεὶς
1730 3306 1940 3383 ἀγρίων

262 3400 661 3478 περιγενέσθαι
691 3396 923 3471 θηρίων,
954 3392 1107 3452 οὔπω
1140 3393 1398 3470 μέμψεως
1429 3392 1574 3465 ἄξιος
1600 3414 1613 3427 ·
1647 3396 1675 3450 ὁ
1734 3392 1791 3451 δὲ
1845 3400 1941 3451 τοῦ

269 3489 656 3567 ἐνοχλοῦντος
702 3487 910 3550 πάθους
950 3491 1217 3559 κρατῆσαι
1268 3483 1577 3554 ἠτονηκὼς,
1624 3485 1728 3540 ὑπὸ
1783 3484 1943 3540 κατά-

265 3602 478 3657 γνωσιν
511 3578 759 3639 πάντως·
792 3573 932 3632 διότι
962 3573 1132 3631 ἐκεῖνο
1168 3574 1263 3648 μὲν
1316 3572 1378 3629 ού
1428 3568 1806 3648 συμϐάλλεται
1864 3579 1943 3647 τῷ

260 3678 368 3733 ἐἰς
435 3667 682 3743 λογικῆς
740 3665 1015 3737 ἀξιωθίντι
1068 3663 1266 3739 ἀρχῆς,
1326 3666 1485 3718 τοῦτο
1545 3659 1603 3718 δὲ
1655 3662 1940 3740 ἀναγκαῖον

259 3763 359 3816 καὶ
395 3755 800 3836 ὀςῖειλόμενον.
832 3755 894 3811 Ὁ
926 3751 983 3808 δὲ
1033 3752 1405 3827 οἰκονομήσας
1449 3756 1615 3807 ταῦτα
1666 3760 1942 3831 γραφῆναι

258 3850 505 3926 Κύριος,
538 3846 570 3901 6
602 3866 693 3921 καὶ
722 3844 821 3913 τὴν
861 3844 1056 3919 μικρὰν
1103 3844 1264 3915 ἡμῶν
1304 3842 1393 3897 καὶ
1444 3842 1640 3908 ἀσθενῆ
1685 3842 1939 3917 γλῶσσαν

257 3933 703 4015 παρασκευάσας
760 3931 926 4008 μέχρι
974 3930 1234 3987 τοσούτου
1287 3932 1417 4004 ὑμῖν
1467 3929 1756 4004 ὁμιλῆσαι,
1793 3932 1821 3986 6
1853 3930 1944 3988 διὰ

254 4035 365 4098 τῆς
416 4026 686 4085 ἀσθενοῦς
727 4024 889 4096 ⁴ίκμῶν
943 4018 1181 4083 διανοίας
1243 4018 1514 4097 μεγάλους
1550 4019 1676 4094 ὑμῖν
1739 4032 1943 4091 θησαυέ

260 4117 403 4193 post»:
468 4113 526 4170 ἐν
587 4116 706 4175 τοῖς
769 4109 999 4187 βραχέσι
1057 4110 1463 4184 ἆποσκιάσμασι
1520 4116 1621 4179 τῆς
1680 4109 1940 4179 ἀληθείας

258 4201 733 4284 ἐγκατασπείρας,
766 4197 881 4273 δῴη
916 4200 1043 4274 ὑμῖν
1074 4197 1163 4255 διὰ
1190 4204 1298 4256 τῶν
1343 4204 1552 4274 μικρῶν
1580 4199 1647 4254 τὰ
1707 4199 1941 4276 μεγάλα,

263 4294 360 4351 διὰ.
390 4298 511 4349 τῶν
547 4289 758 4366 ὀλίγων
787 4287 1106 4365 σπερμάτων
1148 4290 1211 4345 τὸ
1253 4286 1461 4345 τέλειον
1509 4294 1609 4359 τῆς
1663 4289 1939 4364 γνώσεως⁵

2050 3133 2950 3205 οεειιωριιιωεῖεειριἐειοιίοοὶε
2964 3141 3439 3217 munus.Alioqui
3454 3146 3513 3202 in
3528 3150 3697 3204 tuum

2046 3225 2308 3276 vertetur
2336 3225 2512 3292 caput
2545 3238 2579 3276 a
2610 3223 2866 3280 subditis
2897 3229 3051 3298 quod
3085 3229 3164 3286 lta
3193 3232 3414 3290 dictum
3445 3241 3534 3292 est
3565 3253 3577 3292 :
3606 3238 3704 3294 Me-

2050 3309 2188 3379 dica,
2211 3326 2349 3366 cara
2379 3312 2614 3382 teipsum
2645 3313 3033 3386 “.Beliquum
3063 3323 3172 3390 est,
3207 3326 3269 3376 ut
3297 3322 3410 3394 ipsi
3442 3342 3547 3381 nos
3579 3326 3702 3398 pri-

2051 3416 2216 3455 mum
2249 3416 2453 3456 curare
2478 3401 2844 3459 studeamus.
2878 3410 3061 3465 Nemo
3091 3410 3244 3465 enim
3280 3414 3436 3484 quod
3471 3413 3699 3472 leonem

2050 3493 2261 3545 venatu
2295 3506 2411 3545 non
2462 3492 2680 3563 ceperit
2727 3510 2983 3564 unquam
3035 3499 3530 3573 reprehendatur;
3591 3505 3705 3563 nisi

2050 3595 2186 3635 vero
2218 3578 2351 3651 quis
2382 3579 2477 3634 iraa
2509 3593 2747 3651 compos
2806 3583 2995 3641 factus
3055 3587 3248 3657 fuerit,
3300 3591 3373 3646 ob
3428 3595 3703 3650 omnibus

2052 3666 2305 3724 ludibrio
2336 3666 2799 3732 habetur.Quare
2826 3670 2876 3727 is
2905 3672 3136 3744 quidem
3170 3675 3268 3745 qui
3302 3677 3454 3734 feras
3484 3679 3706 3736 bestias

2053 3760 2292 3815 domare
2326 3756 2839 3828 nequiverit,haud
2873 3761 3014 3817 dum
3041 3763 3257 3835 dignus
3282 3765 3565 3838 vituperio
3590 3775 3704 3839 est;

2054 3847 2154 3920 qui
2188 3850 2382 3902 autem
2412 3846 2635 3902 viribus
2664 3848 2900 3905 fractior
2930 3851 3124 3922 fuerit,
3146 3870 3323 3925 quam
3357 3860 3423 3910 ut
3455 3856 3706 3914 moleste

2051 3937 2392 4008 ingruentes
2423 3935 2666 3991 affectus
2698 3937 2954 4010 vitisque
2993 3941 3304 4011 domueril,
3339 3944 3705 4002 damnationi

2053 4041 2294 4096 prorsus
2348 4023 2634 4079 obnoxius
2692 4025 2886 4082 fuerit.
2937 4029 3159 4084 Idcirco
3213 4030 3493 4087 nimirum
3545 4035 3704 4105 quod

2050 4111 2197 4168 illud
2231 4111 2373 4168 nihil
2408 4111 2683 4168 conducit
2712 4114 2905 4186 ei,qui
2937 4118 3179 4173 rationis
3228 4120 3556 4193 principatu
3605 4123 3707 4179 do-

2054 4207 2225 4258 natus
2258 4202 2353 4271 sit,
2386 4202 2542 4258 istud
2576 4219 2707 4258 vero
2741 4207 3135 4262 necessarium
3181 4225 3247 4264 ac
3291 4209 3554 4281 debitum
3606 4211 3704 4269 sit.

2053 4291 2334 4348 Dominus
2366 4293 2737 4365 porro,cujus
2767 4293 2888 4350 haec
2918 4296 3286 4367 providentia
3314 4299 3539 4373 scripta
3571 4305 3710 4358 sunt

260 4385 360 4440 καὶ
426 4385 577 4456 ἡμῖν
629 4380 726 4454 μὶν
768 4386 867 4449 τῆς
915 4377 1285 4456 προαιρέσεως
1346 4377 1436 4432 τὸν
1491 4378 1675 4451 μισθὸν
1727 4377 1939 4453 ἐντελῆ,

2054 4398 2118 4437 ac
2143 4380 2422 4450 consilio;
2456 4382 2551 4451 qui
2583 4387 2640 4438 et
2670 4386 2958 4442 concessit
2986 4390 3050 4442 ut
3080 4388 3308 4444 modica
3338 4394 3514 4462 atque
3547 4391 3709 4447 debi-

270 4475 406 4547 ύμῖν
474 4470 539 4527 δὲ
586 4477 690 4540 τῆς
745 4469 1098 4534 ἀπολαύσεως
1147 4474 1253 4526 τῶν
1313 4468 1465 4525 θείων
1510 4467 1686 4545 λόγων
1733 4470 1939 4543 καρπὸν

270 4562 755 4638 πεοιεεληρωμὲνον⁹
781 4558 866 4614 ὅτι
896 4559 1107 4632 αύτῷή
1168 4557 1294 4629 δόξα
1349 4558 1439 4614 καὶ
1496 4559 1557 4613 τὸ
1613 4558 1809 4634 κράτος
1867 4558 1943 4621 εἷς

271 4652 407 4714 τοὺς
437 4650 646 4712 αἰῶνας
676 4653 787 4704 τῶν
818 4648 1053 4705 αἰώνων.
1089 4649 1288 4722 ⁹Λμήν.

2053 4470 2126 4525 lis
2157 4469 2359 4542 lingua
2388 4473 2590 4527 nostra
2618 4471 2738 4527 haec
2770 4472 2931 4530 vobis
2955 4474 3541 4551 loqueretur,quique
3563 4480 3708 4537 adeo

2056 4560 2299 4615 inﬁrma:
2330 4561 2543 4616 mentis
2575 4565 2780 4617 nostrae
2828 4580 3001 4636 opera
3048 4565 3315 4638 ingentes
3364 4567 3529 4625 vobis
3576 4569 3711 4624 the-

2058 4665 2291 4717 sauros,
2321 4648 2481 4704 tenui
2513 4650 2773 4706 veritatis
2805 4653 3273 4726 adumbratioue,
3293 4657 3499 4727 quovis
3534 4659 3709 4714 modo

274 4740 593 4814 inspersit,
623 4740 755 4812 ipse
783 4739 948 4796 vobis
976 4755 1046 4794 ex
1074 4738 1266 4811 parvis
1298 4754 1533 4810 magna,
1567 4754 1635 4793 ex
1662 4737 1868 4811 paucis
1898 4737 2224 4795 seminibus
2256 4737 2572 4809 perlectam
2604 4739 2910 4797 scientiam
2942 4743 3164 4799 tribuat
3196 4760 3208 4798 :
3244 4761 3310 4800 ac
3365 4749 3490 4800 tum
3542 4745 3713 4803 nobis

281 4832 420 4902 eius
444 4829 766 4887 voluntatis
796 4827 1162 4885 cumulatum
1194 4832 1427 4900 praestet
1447 4827 1771 4899 pramium,
1801 4832 1926 4884 tum
1952 4827 2114 4884 vobis
2147 4827 2529 4884 fruendorum
2560 4827 2893 4886 divinorum
2924 4847 3264 4889 sermonum
3298 4833 3539 4906 plenum
3588 4835 3711 4893 fru-

296 4924 485 4975 ctum.
511 4918 624 4990 Ipsi
652 4917 843 4991 gloria
870 4922 929 4974 et
957 4916 1272 4990 imperium
1302 4916 1363 4973 in
1396 4915 1607 4975 saecula
1638 4915 2012 4973 saeculorum.
2047 4921 2256 4971 Arnen.

484 5074 585 5125 Τοῦ
609 5070 774 5127 αὐτοῦ
804 5070 927 5146 περί
957 5072 1057 5139 τῆς
1098 5070 1385 5145 ἀνθρώπου
1419 5076 1771 5141 κατασκευῆς,

949 5146 1175 5200 ΛΟΓΟΣ
1217 5148 1290 5198 Β’.

351 5232 423 5289 Ὁ
468 5231 570 5303 μὶν
626 5231 794 5306 σοφὸς
852 5228 1162 5304 Σολομὼν,
1224 5229 1323 5286 οὐκ
1380 5228 1433 5285 ἐν
1491 5231 1702 5292 πειθοῖς
1760 5230 1954 5309 σοφίας

276 5319 650 5395 ἀνθρωπίνης
694 5318 890 5397 λόγοις
926 5364 940 5391 ,
1000 5318 1127 5376 ἀλλ’
1185 5318 1238 5375 ἰν
1305 5316 1582 5382 διδακτοῖς
1639 5318 1953 5393 Πνεύματος

280 5409 454 5487 ἀγίοο
504 5410 806 5488 σοιρισθεὶς,
850 5408 902 5465 ἐν
946 5414 1063 5472 τοῖς
1100 5408 1297 5486 ἀρτίως
1345 5412 1482 5483 ἡμῖν
1531 5409 1952 5486 ἀνεγνωσμένοις

278 5498 696 5572 ἀποσεμνύνων
779 5500 870 5554 τὸν
951 5497 1270 5575 ἄνθρωπον,
1331 5493 1461 5554 ἐϐόα
1518 5495 1691 5575 λέγων
1728 5517 1742 5536 ο
1799 5498 1951 5575 Μέγα

282 5590 585 5665 ξνθρωπος
619 5630 634 5656 ,
687 5587 777 5643 καὶ
847 5587 1035 5662 τίμιον
1109 5587 1246 5666 ἆτήρ
1323 5585 1576 5663 ἐλεήμων
1604 5631 1617 5647 .
1677 5588 1821 5665 Ἐγὼ
1892 5585 1951 5644 δὲ

362 5680 439 5715 ³⁸⁸
474 5678 621 5735 an.
656 5694 732 5751 ιν,
765 5677 853 5735 l3.

2311 5071 2461 5127 337
2500 5072 2786 5143 Ejusdem,
2817 5071 2882 5128 de
2906 5072 3145 5131 hominis
3173 5079 3461 5134 structura

2703 5144 2965 5202 ORATIO
2996 5146 3064 5201 II.

2132 5232 2376 5305 Sapiens
2405 5231 2501 5288 ille
2524 5232 2943 5305 Salomon,non
2969 5234 3242 5292 humana
3266 5238 3570 5312 sapientiai
3592 5256 3718 5297 ver-

2062 5321 2149 5379 bis
2181 5322 2252 5378 ad
2284 5321 2652 5378 suadendum
2688 5324 3048 5396 compositis,
3110 5326 3213 5382 sed
3260 5327 3526 5385 doctrina
3577 5346 3715 5387 san-

2061 5412 2137 5468 cti
2165 5410 2416 5485 Spiritus
2447 5412 2733 5482 eruditus,
2765 5412 2825 5469 in
2856 5413 2949 5470 his
2982 5430 3109 5487 quae
3139 5415 3313 5489 paulo
3344 5422 3515 5475 antea
3544 5418 3715 5475 nobis

2060 5501 2209 5557 lecta
2240 5504 2377 5557 sunt
2409 5501 2711 5558 hominem
2743 5502 3065 5561 delaudans
3088 5522 3154 5562 ac
3177 5505 3365 5579 elogio
3390 5507 3713 5570 celebrans;

2059 5588 2444 5660 exclamabat,
2462 5592 2978 5667 Magnaﬁnquiens,
3000 5611 3088 5654 res
3115 5604 3197 5654 eu
3224 5597 3405 5668 homo,
3429 5603 3482 5655 et
3505 5596 3714 5667 pretio-
