4134 6212
501 361 580 420 39
1436 353 1842 416 APPENDIX
1886 348 2213 414 OPERUM
2257 349 2327 413 S.
2371 350 2659 413 BASILII
2700 350 2976 413 MAGNL
3834 365 3911 425 4ο

498 509 622 549 sum
647 492 740 549 vir
764 491 1078 546 misericors
1108 488 1296 560 ".Ego
1330 491 1527 544 autem
1559 486 1736 543 stulte
1768 501 1998 543 mecum
2022 485 2127 558 ipsi

2267 482 2510 555 ματαίως
2556 484 2674 539 κατ’
2732 482 2964 556 ἰμαυτὸν
3023 482 3409 561 λογισάμενος,
3471 489 3507 543 ἆ
3555 510 3616 545 τε
3671 493 3821 568 εἶχον
3866 492 3917 549 έν

500 585 801 651 reputans,
833 584 961 634 tum
983 595 1112 650 quae
1146 578 1294 633 mihi
1327 578 1564 633 animus
1605 576 1973 649 suggerebat,
2024 580 2153 630 tum

496 685 625 740 qua
656 685 725 724 ex
752 668 1052 740 Scriptura
1084 668 1157 724 de
1189 666 1429 722 homine
1455 667 1815 734 didiceram;
1849 665 2018 737 plane
2048 665 2157 720 du-

497 757 780 819 bitabam,
812 757 909 828 qui
942 757 1042 810 ﬁat
1074 755 1134 810 in
1167 756 1342 811 homo
1375 773 1467 810 res
1502 771 1715 826 magna
1758 754 1855 821 sit,
1910 752 2156 809 mortale

495 845 719 901 scilicet
746 842 1652 914 animal,innumerabilibusque
1677 841 1990 898 obnoxium
2029 858 2155 913 per-

493 934 951 998 turbationibus,
986 938 1162 1003 atque
1193 933 1266 986 ab
1300 942 1430 987 ortu
1466 931 1786 988 nativitatis
1817 934 1887 986 ad
1920 932 2152 985 senium

495 1040 677 1093 usque
713 1023 1002 1078 malorum
1031 1038 1159 1093 quae
1209 1037 1525 1076 numerum
1573 1019 1856 1076 excedant
1908 1034 2151 1073 examen

494 1110 833 1179 exantlans;
866 1112 938 1167 de
969 1128 1084 1183 quo
1119 1111 1407 1183 scriptum
1440 1114 1531 1165 est
1564 1125 1577 1163 :
1612 1109 1856 1175 Domine,
1889 1107 2026 1178 quid
2074 1110 2154 1162 est

494 1201 673 1271 homo,
722 1205 853 1273 quia
896 1201 1191 1256 innotuisti
1235 1215 1285 1254 ei
1340 1197 1422 1252 ⁸⁸⁸2
1456 1206 1538 1252 Ac
1570 1197 1808 1267 quidem
1841 1193 2151 1251 Psalmista

491 1290 795 1347 hominem
815 1289 1081 1362 despicit,
1100 1295 1163 1343 ut
1179 1287 1288 1342 vile
1311 1284 1551 1341 animal.
1570 1283 1978 1339 Parmmiastes
2013 1299 2146 1340 vero

490 1385 557 1436 ut
583 1395 863 1451 magnum
888 1378 1026 1449 quid
1048 1374 1344 1431 hominem
1365 1371 1644 1443 praedicat
1660 1375 1719 1426 et
1734 1372 2145 1427 elIert.Verum

491 1467 779 1540 quidquid
808 1465 965 1521 istud
997 1462 1160 1518 dubii
1191 1467 1280 1518 est
1310 1460 1455 1515 mihi
1489 1458 1664 1516 solvit
1693 1476 1822 1532 qum
1854 1459 2007 1516 lecta
2055 1465 2146 1517 est

489 1556 747 1611 hominis
778 1557 944 1608 ortus
968 1549 1502 1623 procreationisqne
1523 1548 2143 1606 historia.Audivimus

485 1643 643 1698 enim
674 1641 845 1696 modo
876 1640 1030 1711 quod
1064 1638 1217 1694 Deus
1250 1636 1549 1711 pulverem
1580 1636 1653 1692 de
1681 1642 1837 1693 terra
1871 1654 2140 1709 sumpse-

485 1731 583 1796 rit,
615 1736 790 1801 atque
816 1728 1117 1784 hominem
1151 1726 1571 1791 formarit.Quo
1600 1742 1669 1782 ex
1700 1727 1874 1783 verbo
1908 1743 1975 1783 ac
2007 1745 2140 1783 sen-

486 1818 686 1883 tentia,
718 1822 1033 1888 utrumque
1059 1816 1281 1872 scilicet
1308 1816 1663 1887 inveni,tum
1697 1815 1841 1870 nihil
1876 1832 2004 1872 esse
2037 1818 2137 1873 bo-

485 1908 863 1977 minem,tum
898 1922 1179 1977 magnum
1212 1905 1352 1976 quid
1383 1906 1627 1961 esse.Ad
1652 1903 1836 1959 solam
1866 1910 2137 1960 naturam

482 1996 533 2053 si
566 1993 1062 2067 respexeris,nibil
1097 1999 1184 2049 est
1214 1991 1763 2065 bomo,nulliusque
1791 1993 1959 2063 pretii
1996 2010 2008 2047 :
2043 1994 2135 2049 sin

483 2091 676 2142 autem
700 2085 771 2140 ad
793 2083 1071 2139 honorem
1097 2098 1271 2154 quem
1299 2082 1546 2153 adeptus
1568 2085 1964 2153 est,magnum
1991 2082 2134 2154 quid

483 2175 661 2232 homo
692 2179 805 2230 est.

556 2265 793 2329 LQuem
825 2260 1316 2332 illum?Compone
1338 2258 1594 2315 hominis
1614 2257 2132 2326 ortum,omnium-

2262 575 2333 645 τῇ
2380 571 2616 646 ἐμαυτοῦ
2675 569 2906 645 διανοίᾳ,
2931 573 3022 629 καὶ
3077 574 3111 629 ’ὰ
3157 576 3305 653 παρᾶ
3357 583 3458 647 τῆς
3516 584 3735 655 Γραφῆς
3773 578 3914 638 δεδι-

2266 657 2532 737 δαγμένος
2590 661 2743 734 ἥμην
2824 662 2950 737 περῖ
3026 668 3123 719 τοῦ
3207 665 3544 740 ἀνθρώπου,
3602 668 3763 733 αὐτὸς
3821 672 3912 744 μὶν

2266 749 2584 826 διηπόρουν,
2650 750 2735 806 ὅτι
2792 756 2912 816 πῶς
2973 754 3111 827 μέγα
3168 750 3486 829 ἅνθρωπος,
3543 758 3606 812 τὸ
3655 757 3908 836 ἐπίκηρον

2265 843 2426 910 ζῶον,
2458 840 2520 895 τὸ
2577 840 2789 915 μυρίοις
2845 843 3067 897 πάθεσιν
3122 842 3501 917 ὑποκείμενον,
3527 846 3589 900 τὸ
3647 846 3706 903 ἐκ
3760 870 3909 924 γενε-

2259 933 2358 996 τῆς
2412 927 2490 991 εἷς
2545 934 2718 1004 γῆρας
2770 929 2978 1005 μυρίων
3024 935 3203 986 κακῶν
3245 930 3408 1005 ἐσμὸν
3445 930 3755 1008 ἐξαντλοῦν,
3787 938 3906 1012 περὶ

2262 1015 2324 1069 οὗ
2385 1014 2634 1092 εἷ’ρηται’
2680 1017 2870 1093 Κύριε,
2929 1019 2982 1074 τί
3036 1019 3178 1075 ἐστιν
3238 1021 3544 1098 ἅνθρωπος,
3602 1024 3684 1080 ὅτι
3745 1025 3906 1101 ἐγνώ-

2260 1104 2396 1172 σθης
2454 1104 2635 1178 αὐτῷ;
2686 1106 2775 1161 καὶ
2835 1107 2863 1162 6
2923 1108 3020 1181 μὶν
3076 1106 3396 1183 Ψαλμῳδὸς
3454 1119 3784 1191 καταφρονεῖ
3837 1116 3909 1179 ὡς

2259 1193 2515 1257 εὐτελοῦς
2543 1199 2641 1250 τοῦ
2682 1194 2845 1265 ζώου,
2879 1196 2969 1251 καὶ
3013 1199 3048 1267 ἡ
3093 1200 3371 1275 ΙΙαροιμία
3426 1200 3782 1275 ἀποσεμνύνει
3834 1205 3908 1269 ὡς

2260 1282 2401 1358 μέγα
2421 1305 2472 1339 τι
2503 1284 2595 1339 τὸν
2628 1282 2936 1360 ἄνθρωπον.
2972 1284 3150 1343 Ἀλλά
3192 1308 3286 1360 μοι
3329 1289 3428 1359 τήν
3476 1289 3734 1361 τοιαύτην
3795 1289 3908 1348 δια-

2257 1371 2489 1446 πόρησιν
2537 1369 2786 1443 ἔλυσενὴ
2818 1372 3030 1447 ἱστορία
3077 1381 3180 1445 τῆς
3234 1376 3492 1452 γενέσεως
3548 1382 3645 1433 τοῦ
3700 1378 3908 1456 ἀνθρώ-

2255 1479 2360 1514 που
2411 1460 2824 1536 ἀναγνωσθεῖσα.
2859 1461 3157 1536 Ἠκούομεν
3203 1463 3304 1539 γὰρ
3347 1468 3438 1520 νῦν
3483 1465 3566 1521 ὅτι
3598 1467 3727 1532 Θεὸς
3751 1462 3911 1525 ἔλαϐε

2254 1552 2392 1623 χοῦν
2449 1549 2554 1605 ἀπὸ
2610 1557 2710 1620 τῆς
2773 1557 2875 1626 γῆς
2912 1596 2927 1623 ,
2980 1552 3069 1607 καὶ
3130 1546 3333 1609 ἔπλασε
3399 1554 3490 1610 τὸν
3570 1555 3852 1632 ἄνθρωπον
3889 1600 3904 1615 .

2252 1637 2427 1710 Εὗρον
2459 1637 2635 1694 τοίνυν
2669 1637 2776 1715 ἐγὼ
2817 1638 2877 1695 ἐκ
2922 1645 3019 1696 τοῦ
3066 1641 3311 1716 ῥήματος
3356 1642 3554 1699 τούτου
3603 1646 3903 1722 ἀμφότερα,

2251 1724 2333 1780 ὅτι
2395 1723 2548 1782 οὐδὲν
2614 1725 2938 1804 ἅνθρωπος,
2996 1730 3085 1784 καὶ
3168 1731 3307 1805 μέγα
3389 1732 3673 1809 ἄνθρωπος
3708 1779 3719 1791 .
3775 1735 3901 1792 Ἐὰν

2249 1814 2386 1887 πρὸς
2428 1817 2529 1885 τὴν
2580 1816 2734 1893 φύσιν
2786 1816 2950 1891 μόνον
2997 1813 3340 1895 ἀποϐλέψῃς,
3374 1821 3436 1875 τὸ
3469 1818 3662 1895 μηδὲν,
3689 1821 3786 1877 καὶ-
3806 1827 3904 1878 τοῦ

2251 1900 2484 1977 μηδενὸς
2538 1901 2722 1976 ἄξιος*
2770 1904 2859 1961 ἐὰν
2914 1904 2972 1961 δὲ
3019 1908 3156 1982 πρὸς
3190 1910 3291 1978 τὴν
3340 1910 3508 1983 τιμὴν
3549 1911 3612 1980 ἢν
3645 1909 3903 1985 ἐτιμήθη,

2249 1991 2386 2068 μέγα
2415 1994 2443 2047 6
2473 1989 2783 2071 ἄνθρωπος.

2315 2263 2364 2317 1.
2424 2259 2593 2316 Ποίαν
2643 2261 2897 2333 ταύτην;
2958 2263 3260 2339 Σύγκρινον
3323 2267 3612 2343 ἀνθρώπου
3666 2267 3902 2342 γένεσιν,

480 2369 592 2424 que
625 2351 873 2408 aliarum
906 2348 1126 2406 rerum.
1162 2348 1311 2404 Dixit
1356 2354 1526 2415 Deus,
1561 2350 1683 2404 Fiat
1731 2348 1851 2416 lux,
1884 2356 1934 2404 et
1980 2350 2127 2419 facta

2239 2349 2327 2404 καὶ
2357 2355 2463 2405 τῶν
2523 2349 2709 2407 ἄλλων
2754 2352 3025 2410 ἀπάντων.
3060 2353 3222 2411 Εἶπεν
3282 2357 3310 2410 ὸ
3362 2355 3495 2419 Θεὸς
3530 2374 3543 2389 ’
3603 2358 3898 2428 Γενηθήτω

479 2444 557 2496 est
590 2442 689 2496 tua:
720 2441 911 2495 ".Fial
942 2440 1389 2510 ﬁrmamentum;
1427 2453 1758 2510 magnaque
1789 2436 1916 2492 οωὶὶ
1951 2436 2127 2492 fabri-

2239 2437 2492 2516 φῶς,καέ
2551 2439 2760 2514 ἐγένετο
2818 2445 2932 2518 φῶς
2964 2460 2975 2472 ⁸
3027 2445 3311 2518 γενηθήτω
3371 2444 3674 2518 στερέωμα,
3724 2445 3813 2499 καὶ
3864 2447 3894 2501 6

479 2548 544 2586 ca
574 2531 827 2601 desuper
856 2528 1028 2584 nobis
1059 2533 1291 2583 extenta
1322 2531 1429 2597 est,
1480 2526 1603 2582 solo
1653 2527 1823 2582 verbo
1871 2526 2076 2582 effecta
2109 2543 2122 2581 :

2239 2526 2402 2603 μέγας
2461 2528 2687 2603 οὐρανὸς
2764 2528 2961 2595 ἄνωθεν
3024 2533 3159 2605 ἡμῖν
3241 2533 3627 2605 ὑπερτέταται,
3682 2532 3888 2610 ῥήματι

477 2618 681 2686 stellas,
716 2616 823 2689 sol,
859 2618 1035 2686 luna;
1067 2620 1394 2688 cunctaque
1425 2614 1582 2688 alia,|
1605 2620 1730 2672 tum
1781 2632 1907 2687 quae
1958 2615 2124 2671 oculo

2239 2621 2365 2671 Θεοῦ
2422 2619 2746 2693 γενόμενος·
2779 2618 2997 2694 ἀστέρες
3053 2621 3143 2675 καὶ
3190 2620 3352 2692 ἥλιος
3402 2620 3489 2676 καὶ
3531 2620 3761 2693 σελήνη,
3792 2622 3885 2678 καὶ

477 2707 928 2772 cernimus,tum
961 2723 1087 2777 qua:
1121 2710 1314 2761 mente
1345 2704 1989 2777 complectimur,verbo
2021 2722 2123 2760 na-

2239 2707 2278 2760 1'
2309 2703 2451 2761 ἄλλα
2478 2706 2576 2761 ὅσα
2605 2708 2912 2785 θεωροῦμεν
2964 2707 3254 2788 ὀφθαλμῷ,
3285 2710 3375 2767 καὶ
3434 2709 3535 2766 ὅσα
3588 2715 3666 2784 νῷ
3711 2732 3882 2767 κατα-

475 2802 569 2852 cta
598 2801 738 2853 sunt
769 2803 833 2851 ut
862 2800 1077 2851 essent.
1102 2798 1276 2864 Mare,
1300 2798 1356 2849 et
1387 2800 1562 2862 terra,
1582 2798 1639 2849 et
1662 2797 1917 2865 quantus
1950 2794 2005 2849 in
2039 2794 2123 2849 eis

2239 2790 2609 2867 λαμϐάνομεν,
2643 2796 2850 2870 ῥήματι
2877 2795 3006 2874 ἔσχε
3050 2798 3114 2854 τὸ
3163 2800 3317 2857 εἶναι.
3344 2796 3598 2855 Θάλασσα
3648 2800 3739 2854 καὶ
3785 2804 3880 2877 γῆ,

475 2892 718 2941 ornatus
749 2883 1213 2940 estzanimalium
1246 2882 2120 2954 omnimodagcnera,stirpium

2239 2883 2317 2938 mi
2348 2886 2383 2954 ἡ
2418 2882 2468 2938 ἐν
2501 2885 2684 2947 αὐνοῖς
2718 2882 3100 2961 διακόσμησις,
3142 2891 3293 2958 ζώων
3354 2888 3484 2965 γένη
3538 2886 3877 2958 παντοδαπὰ,

475 2974 716 3031 diversas
748 2973 1040 3044 variaeque
1060 2971 1317 3045 species;
1342 2976 1551 3027 cuncta
1578 2975 1865 3043 praecepto
1888 2970 2122 3027 condita

2239 2976 2407 3047 puniri
2475 2970 2725 3052 διάφοροι
2782 2975 3078 3044 ποικιλίαι,
3137 2977 3311 3033 πάντα
3362 2977 3735 3053 προστάγματι
3787 2976 3881 3052 γέ-

472 3062 824 3119 sunt.Homo
856 3067 1051 3117 autem
1086 3079 1197 3117 non
1223 3061 1557 3116 item.Haud
1581 3061 1735 3115 (enim
1761 3061 1981 3117 dictum
2010 3066 2116 3131 est,

2239 3082 2411 3137 γονεν.
2443 3064 2763 3140 ’Ἄνθρωπος
2791 3061 2849 3119 δὲ
2873 3065 2979 3140 οὐχ
3014 3064 3211 3128 οὕτως.
3244 3065 3322 3123 Οὐ
3377 3066 3478 3140 γὰρ
3539 3063 3744 3138 ἐλέχθη
3778 3065 3882 3137 (a),

470 3152 596 3207 Fiat
619 3154 810 3220 homo,
836 3150 1012 3207 voluti
1034 3152 1158 3207 Fiat
1175 3152 1607 3221 ﬁrmamentum;
1628 3167 1826 3206 verum
1860 3149 2117 3222 amplius

2239 3152 2520 3222 Γενηθήτω
2620 3150 2901 3227 ἅνθρωπος
2933 3198 2948 3221 ,
3007 3154 3083 3214 ὡς
3162 3155 3451 3223 Γενηθήτω
3551 3152 3833 3228 στερέωμα
3869 3170 3885 3188 ·

476 3241 700 3313 aliquid
734 3239 1060 3312 inbomine
1086 3240 1269 3305 vides,
1303 3256 1480 3311 quam
1524 3240 1580 3293 in
1630 3240 1778 3309 luce,
1829 3256 2008 3310 quam
2056 3240 2116 3294 in

2239 3237 2376 3294 ἄλλα
2432 3237 2623 3294 πλεῖόν
2680 3222 2731 3294 τι
2791 3242 2917 3315 ὁρᾷς
2977 3239 3028 3295 ἐν
3082 3244 3162 3312 τῷ
3212 3222 3482 3316 ἀνθρώπῳ
3541 3222 3674 3314 ὑπὲρ
3724 3222 3888 3317 φ-ὣς,

471 3330 820 3401 coelo,quam
855 3330 911 3383 in
946 3328 1609 3384 luminaribusPrzeslat
1633 3328 1908 3384 omnibus
1934 3327 2119 3384 homi-

478 3418 568 3474 nis
598 3417 943 3492 procreatio.
978 3418 1193 3487 Accepit
1222 3417 1401 3481 cnim,
1435 3415 1647 3486 inquit,
1682 3418 1818 3471 Deus
1844 3418 2120 3489 pulverem

469 3507 535 3564 de
565 3512 732 3574 terra,
766 3514 817 3563 et
844 3509 1108 3579 formavit
1142 3508 1417 3562 hominem
1448 3506 1512 3561 ²⁰.
1542 3510 1711 3560 Manu
1741 3506 1975 3579 propria
2030 3508 2117 3561 di-

470 3601 687 3670 gnatur
719 3612 930 3668 corpus
961 3601 1227 3650 nostrum
1262 3595 1532 3651 formare.
1566 3595 1691 3650 Non
1725 3595 1970 3667 angelus
2004 3597 2116 3651 t‘or-

468 3686 682 3741 mando
715 3685 1093 3741 ministravit.
1124 3684 1248 3739 Non
1279 3683 1435 3739 velut
1466 3684 1716 3751 cicadas,
1751 3689 1957 3756 sponte
2005 3686 2115 3740 hu-

466 3791 600 3831 mus
618 3773 913 3830 hominem
931 3772 1323 3845 protulit.Non
1342 3772 2116 3844 administrispotestatibua

469 3865 577 3921 hoc
602 3869 666 3920 ut
690 3863 905 3919 illudve
929 3864 1179 3918 facerent
1203 3863 1605 3934 praecepit;sed
1634 3878 1808 3917 manu
1833 3880 1940 3917 sua
1970 3880 2115 3935 Opus

463 3953 746 4021 elaborat,
779 3956 1013 4025 sumpto
1037 3969 1066 4007 e
1096 3956 1248 4006 terra
1281 3950 1533 4023 pulvere.
1571 3951 1669 4008 Ubi
1705 3951 1905 4007 oculos
1935 3952 2005 4006 ad
2055 3953 2112 4008 id

464 4043 619 4116 quod
652 4046 955 4114 acceptum
988 4045 1077 4096 est
1107 4040 1448 4111 adverteris,
1482 4040 1689 4095 merito
1722 4040 1983 4095 dicturus
2028 4057 2111 4109 es,

464 4131 607 4202 Quid
634 4136 715 4187 est
747 4131 947 4186 homo?
977 4129 1083 4185 Ubi
1118 4133 1310 4185 autem
1347 4129 1415 4184 ad
1454 4129 1824 4196 formantem,
1867 4128 2113 4200 ejusque

463 4221 656 4293 ipsius
684 4219 963 4275 fabricam
997 4218 1213 4274 mentis
1245 4216 1771 4273 considerationem
1805 4216 2111 4287 adjecrris,

461 4311 687 4362 mutata
717 4323 922 4362 rursus
946 4305 1527 4375 sententiaﬁagnum
1558 4308 1642 4358 est
1672 4303 2113 4374 homo,pronun-

461 4394 975 4465 tiaveris;alterum
1010 4397 1246 4467 propter
1272 4391 1576 4448 materiam
1625 4408 1692 4446 ex
1751 4407 1866 4462 qua
1923 4391 2113 4448 fabre-

460 4484 650 4541 factus
679 4488 862 4552 est,ut
891 4501 1021 4557 quae
1057 4500 1168 4538 sua
1197 4482 1327 4554 ipsa
1354 4484 1562 4536 natura
1589 4479 1755 4534 nihili
1786 4484 2111 4552 reputatur;

2235 3328 2367 3402 ὑπὶρ
2427 3328 2670 3403 οὐρανὸν,
2722 3328 2853 3404 ὑπὲρ
2911 3336 3243 3407 φωστῆραςυ
3277 3329 3410 3405 ὑπὲρ
3468 3329 3641 3384 πάντα
3697 3331 3732 3398 ἡ
3792 3329 3886 3383 ἀν-

2229 3417 2451 3492 θρώπου
2508 3413 2732 3493 γένεσις’
2787 3413 2993 3471 ’Ἐλαϐε
3039 3417 3164 3491 γὰρ,
3224 3416 3427 3495 φησὶν,
3485 3418 3515 3472 6
3563 3417 3691 3480 Θεὸς
3742 3415 3884 3493 χοῦν

2227 3506 2333 3560 ἀπὸ
2409 3509 2509 3568 τῆς
2592 3513 2717 3581 γῆς,
2774 3506 2863 3559 ταὶ
2949 3504 3146 3575 ἔπλασε
3230 3506 3321 3561 τὸν
3382 3503 3685 3582 ἄνθρωπον.
3739 3512 3884 3562 Κατ-

2226 3598 2368 3667 aiio?
2425 3592 2535 3666 ἰδίᾳ
2585 3596 2733 3670 χειρῖ
2792 3592 3083 3649 διαπλάσαι
3117 3594 3180 3648 τὸ
3224 3594 3492 3672 ἡμέτερον
3546 3583 3723 3669 σῶμα.
3756 3596 3879 3653 Οὐκ

2228 3681 2460 3758 ἄγγελος
2511 3684 2893 3758 ὑπηρετήσατο
2943 3682 3020 3745 ti:
3084 3684 3184 3751 τὴν
3243 3681 3440 3738 πλάσιν
3471 3706 3484 3720 ⁸
3546 3683 3654 3759 οὐχ
3707 3686 3743 3755 ἡ
3800 3691 3872 3761 γῆ

2225 3771 2549 3844 αὐτομάτως
2611 3772 2799 3847 ὥσπρο
2858 3769 2986 3833 τοὺς
3050 3770 3297 3847 τέττιγας
3352 3771 3500 3845 ἡμας
3557 3768 3876 3848 ἐξέϐρασεν·

2224 3860 2325 3916 οὐκ
2364 3861 2476 3915 εἶπε
2523 3857 2649 3915 τόδε
2691 3860 2781 3915 καὶ
2825 3858 2950 3915 τόδε
2997 3864 3225 3925 ποιῆσαι
3267 3858 3667 3938 λειτουργικαῖς
3717 3859 3878 3917 δυνά-

2227 3968 2400 4024 μεσιν·
2435 3947 2561 4004 ἀλλ’
2593 3946 2702 4021 ἰδίᾳ
2751 3950 2899 4025 χειρὶ
2958 3946 3298 4026 φιλοτεχνεῖ,
3325 3954 3461 4025 χοῦν
3521 3945 3706 4005 λαϐὼν
3766 3951 3876 4007 ἀπὸ

2221 4041 2319 4102 τῆς
2366 4045 2490 4114 γῆς.
2522 4039 2687 4095 ’Όταν
2734 4039 2830 4112 μὲν
2881 4038 3021 4112 πρὸς
3063 4038 3127 4093 τὸ
3159 4038 3362 4117 ληφθὲν
3395 4035 3618 4114 ἀπίδῃς,
3651 4038 3881 4105 εἰκότως

2222 4126 2360 4201 ἐρεῖς
2391 4145 2403 4158 ·
2437 4125 2503 4183 Τί
2558 4124 2698 4181 ἐστιν
2762 4125 3077 4202 ἅνθρωπος·
3131 4128 3256 4182 ὅταν
3316 4125 3373 4183 δὲ
3418 4127 3514 4182 τὸν
3570 4126 3879 4199 πλάσαντα,

2223 4215 2312 4268 καὶ
2342 4214 2442 4283 τήν
2474 4216 2673 4270 τούτου
2723 4215 3051 4293 αὐτουργίαν
3101 4217 3466 4292 κατανοήσῃς,
3496 4213 3661 4271 πάλιν
3713 4237 3878 4290 μετα-

2221 4297 2408 4358 ϐαλὼν
2462 4303 2715 4380 ἀποφήνῃ
2775 4302 3096 4369 ἔνδιαθέτως
3129 4349 3143 4375 ,
3197 4304 3281 4360 ὅτι
3333 4307 3485 4380 Μέγα
3535 4304 3824 4381 ἄνθρωπος
3859 4324 3874 4338 ⁸

2219 4392 2282 4447 τὸ
2317 4392 2428 4466 μὲν,
2463 4391 2555 4448 διὰ
2598 4396 2698 4463 τήν
2749 4392 2889 4465 ὕλην
2933 4393 2985 4465 ἐξ
3034 4397 3100 4464 ἧς
3128 4392 3565 4462 κατεσκεύασται,
3596 4395 3671 4456 ὡς
3719 4391 3876 4452 οὐδέν

2217 4502 2271 4535 τι
2323 4481 2459 4536 κατᾶ
2508 4483 2609 4551 τὴν
2666 4479 2807 4536 ἰδίαν
2877 4482 3032 4561 φύσιν
3092 4480 3500 4559 λογιζομένηνο
3553 4482 3617 4536 τὸ
3674 4479 3753 4548 δὶ,
3786 4479 3881 4537 διὰ

461 4573 709 4629 alterum
723 4571 963 4629 honoris
977 4588 1155 4627 causa
1172 4586 1287 4641 quo
1302 4570 1553 4624 donatus
1577 4568 1861 4657 est;r338
1894 4569 2110 4641 quippe

2239 4572 2319 4640 τήν
2375 4572 2543 4645 τιμὴν
2601 4573 2663 4641 ἢν
2726 4570 3036 4645 τετίμηται,
3079 4572 3153 4634 ὡς
3207 4570 3341 4645 μέγα
3391 4570 3445 4624 ἐν
3501 4567 3749 4639 ἀληθείᾳ,
3785 4565 3880 4622 διὰ

459 4680 657 4719 revera
680 4676 957 4734 magnum
974 4659 1110 4731 quid
1124 4658 1457 4723 exsistat,eo
1470 4656 1620 4728 quod
1639 4656 1706 4711 ad
1723 4656 2040 4730 imaginem
2056 4663 2115 4714 et

460 4753 529 4807 ad
564 4750 1031 4807 similitudinem.
1066 4748 1131 4801 Et
1161 4748 1391 4817 sumpsit
1422 4746 1561 4800 Deus
1606 4745 1909 4816 pulverem.
1957 4749 2110 4811 Quo-

459 4841 630 4896 modo
665 4839 743 4892 ibi
777 4837 834 4891 in
868 4835 1291 4908 superioribus,
1317 4835 1381 4888 Et
1408 4837 1537 4905 fecit
1569 4834 1707 4889 Deus
1735 4833 2012 4891 hominem
2040 4835 2111 4891 ad

456 4929 756 5000 imaginem
784 4942 944 4981 suam
970 4923 1312 4980 “.Hominis
1345 4924 1667 4996 procreatio
1690 4924 1814 4995 jam
1848 4924 1906 4979 in
1940 4942 2111 4997 supe-

455 5016 708 5072 rioribus
737 5014 986 5081 tradita;
1021 5011 1114 5067 hic
1139 5016 1334 5068 autem
1367 5028 1572 5067 rursus
1603 5029 1636 5067 a
1683 5012 1987 5085 principio,
2041 5031 2109 5070 ac

456 5105 507 5159 si
550 5102 804 5157 nihilum
863 5101 934 5158 de
962 5099 1220 5155 hominis
1270 5100 1620 5156 formatione
1670 5100 2106 5171 didioissemus,

453 5192 849 5249 narrationem
881 5188 1185 5246 institutit.
1211 5191 1274 5245 Et
1296 5190 1528 5262 sumpsit
1560 5194 1703 5245 Deus
1733 5191 2012 5258 pulverem
2043 5191 2110 5246 de

454 5290 622 5349 terra,
656 5287 708 5336 et
738 5282 1007 5356 [armavit
1038 5279 1499 5343 hominemouod
1537 5277 1584 5333 si
1615 5278 1855 5348 quidam
1888 5279 2106 5349 dixere,

2219 4660 2282 4715 τὸ
2348 4663 2467 4715 κατ’
2537 4659 2718 4716 εἴκόνα
2793 4660 2883 4716 καὶ
2959 4662 3080 4715 καθ’
3132 4658 3396 4733 ὁμοίωσιν
3433 4702 3446 4728 ,
3499 4657 3828 4730 κρινομένην
3862 4702 3875 4715 ,

2220 4749 2319 4804 Καὶ
2366 4745 2566 4805 ἔλαϐεν
2621 4752 2649 4806 6
2704 4751 2831 4812 Θεὸς
2915 4754 3073 4825 χοῦν.
3136 4750 3261 4809 Πῶς
3321 4746 3431 4802 ἐκεῖ
3489 4746 3583 4818 μὶν
3642 4743 3699 4800 ἐν
3754 4750 3878 4811 τοῖς

2218 4838 2483 4896 κατόπιν.
2542 4839 2643 4893 Καὶ
2695 4838 2945 4908 ἐποίησεν
3011 4839 3038 4892 6
3091 4836 3218 4897 Θεὸς
3272 4835 3362 4889 τὸν
3419 4833 3697 4909 ἄνθρωπον
3757 4837 3882 4890 κατ’

2218 4925 2398 4981 ε²’κόνα
2456 4926 2643 4992 αὐτοῦ,
2705 4925 2928 4981 ἐνταῦθα
2980 4923 3037 4979 δὲ
3092 4922 3292 4979 ἄνωθεν
3360 4922 3525 4980 πάλιν
3583 4924 3878 4998 ἀνθρώπου

2216 5016 2424 5089 γένεσις
2475 5015 2808 5089 ἱστορεῖται,
2859 5014 2935 5076 ὡς
2987 5014 3155 5087 μήπω
3220 5008 3391 5084 μηδὲν
3444 5012 3568 5087 περὶ
3623 5019 3723 5083 τῆς
3775 5017 3879 5069 τοῦ

2217 5104 2509 5180 ἀνθρώπου
2571 5100 2918 5163 διαπλάσεως
2998 5098 3397 5178 δεδιδαγμένων
3453 5104 3653 5175 ἡμῶν;
3714 5100 3880 5178 Λέγει

2215 5191 2359 5268 γάρ·
2412 5192 2515 5249 Καὶ
2570 5186 2763 5247 ἔλαϐεν
2819 5197 2848 5247 6
2893 5192 3021 5252 Θεὸς
3095 5194 3231 5266 χοῦν
3293 5190 3400 5245 ἀπὸ
3452 5194 3550 5257 τῆς
3602 5197 3726 5266 γῆς,
3783 5190 3882 5246 καὶ

2220 5274 2422 5335 ἔπλασε
2495 5282 2587 5335 τὸν
2674 5276 3002 5354 ἄνθρωπον.
3061 5278 3124 5337 Εἴ
3206 5277 3263 5334 δέ
3316 5276 3703 5359 τινεςεὲφασαν
3739 5322 3753 5348 ,
3810 5279 3882 5335 τὸ

526 5474 569 5511 ιτ
594 5476 764 5530 Prov.
795 5488 891 5543 xx,
917 5472 972 5527 6.
1051 5470 1093 5506 ⁸⁸
1124 5468 1281 5526 Psal.
1314 5485 1483 5539 CXLII,
1516 5468 1570 5525 3.
1652 5468 1696 5504 ¹⁹
1726 5466 1934 5525 Gones.
1967 5484 2009 5540 ι,
2039 5469 2095 5540 3,
2125 5490 2127 5507 ‹

2258 5471 2305 5506 ²⁰
2335 5470 2544 5530 Cenes.
2579 5485 2643 5540 ιι,
2673 5471 2728 5525 6.
2805 5470 2847 5505 ²¹
2879 5471 3085 5528 Genes.
3118 5487 3158 5542 ι,
3188 5471 3278 5526 27.

526 5683 604 5756 (α)
627 5679 904 5756 υΣλέΧβμ·
939 5679 1075 5749 Mt,
1107 5682 1244 5735 εἷπε.
