4108 6214
183 397 252 458 ιι
1168 387 1274 448 DE
1315 385 1643 449 HOMINIS
1688 385 2158 449 STRUGTUBA
2210 388 2507 450 ORATIO
2549 389 2629 450 Π.
3242 362 3247 369 ’
3509 398 3589 460 42

180 526 263 601 μὶν
327 519 592 591 ἔπλασεν,
667 518 756 576 ἐπὶ
826 521 925 575 τοῦ
989 518 1245 591 σώματος
1318 517 1595 601 εἶρῆσθαιέ
1643 516 1704 571 τὸ
1762 513 1816 571 δὲ

1928 517 2072 574 illud
2093 519 2327 591 quidem
2343 522 2708 590 formavz’t,de
2728 539 2968 595 corpore
2985 523 3208 581 dictum
3227 541 3356 583 esse
3382 541 3396 583 ε
3426 529 3588 600 quod

178 600 440 685 ἰποίησεν,
491 611 582 666 ἐπὶ
641 616 743 679 τῆς
805 611 1012 683 ψυχῆς
1070 607 1160 662 καὶ
1239 605 1368 669 ἴσως
1418 607 1520 662 οὐκ
1570 600 1670 679 ἔξω
1726 613 1825 677 τῆς

176 703 420 775 ἀληθείας
508 702 539 754 6
622 698 822 774 λόγος.
896 698 1075 754 ’Ὁπου
1136 697 1231 769 μὲν
1290 695 1391 771 γὰρ
1425 693 1658 771 ε”ρηται,
1716 696 1818 751 Καῖ

185 794 421 863 εποίησεν
478 791 506 845 6
562 789 694 851 Θεὸς
751 787 848 842 τὸν
897 784 1202 863 ἄνθρωπον,
1255 785 1423 863 λέγει,
1469 786 1587 840 κατ’
1643 785 1824 840 εἰκόνα

191 887 317 940 Θεοῦ
370 881 607 950 ἐποίησεν
670 876 855 932 αὐτόν·
939 873 1076 930 ὅπου
1152 872 1209 930 δὲ
1286 872 1481 929 λοιπὸν
1536 874 1659 950 περὶ
1723 881 1823 944 τῆς

198 978 489 1046 σωματικῆς
555 970 720 1040 ἡμῶν
794 964 1138 1027 ὑποστάσεως
1221 963 1310 1019 καὶ
1389 966 1491 1033 τῆς
1575 962 1826 1025 πλάσεως

202 1060 462 1135 διηγεῖται,
510 1057 576 1111 τὸ
624 1053 857 1113 ἔπλασεν
910 1053 1079 1130 λέγει.
1140 1053 1406 1132 Διαφορᾶν
1467 1049 1526 1107 δὲ
1554 1054 1829 1124 ποιήσεως

203 1151 281 1206 καί
308 1149 536 1209 πλάσεως
594 1145 687 1200 καὶ
738 1145 767 1199 6
822 1141 1145 1216 Ψαλμῳδὸς
1194 1139 1451 1215 ἐδίδαξεν,
1515 1141 1704 1197 εῗπών·
1759 1142 1826 1196 Αἱ

200 1242 354 1315 χεῖρές
403 1258 500 1292 σου
558 1232 819 1303 ἐποίησάν
879 1253 946 1306 με
1000 1233 1097 1287 παὶ
1180 1229 1418 1288 ἔπλασάν
1490 1248 1578 1305 με*
1636 1229 1825 1301 ἐποίη-

191 1308 291 1386 ἐν’
340 1330 425 1382 τὸν
508 1323 621 1380 ἔσω
703 1320 1005 1399 ἄνθρωπον,
1088 1319 1323 1377 ἔπλασαν
1389 1322 1481 1376 τὸν
1544 1319 1676 1394 ἔξω·
1734 1336 1829 1392 καὶ

190 1420 271 1495 vi;
295 1416 487 1492 πρέπει
541 1417 577 1484 ἡ
630 1413 728 1486 μὲν
786 1409 987 1473 πλάσις
1039 1410 1226 1481 πηλῷ,
1284 1412 1319 1481 ἠ
1380 1407 1437 1465 δὲ
1492 1410 1716 1481 ποίησις
1747 1414 1826 1482 τῷ

181 1509 274 1563 κατ’
320 1504 532 1561 εἰκόνα·
597 1502 734 1557 ὥστε
790 1499 1030 1570 ἐπλάσθη
1111 1500 1205 1573 μὲν
1268 1501 1303 1569 ἡ
1363 1499 1532 1576 σὰρξ,
1590 1498 1822 1570 ἐποιήθη

175 1595 223 1652 δὲ
250 1599 281 1666 ἡ
310 1595 495 1670 ψυχή.
528 1595 684 1648 wAve)
727 1589 906 1644 τοίνυν
942 1588 1026 1644 ἐπῖ
1084 1591 1271 1664 ψυχῆς
1328 1587 1691 1659 ὑποστάσεως,
1731 1592 1823 1641 νῦν

173 1685 410 1761 περὶτῆς
449 1685 553 1736 τοῦ
600 1681 854 1753 σώματος
908 1675 1248 1739 διαπλάσεως
1299 1680 1435 1751 ἡμῖν
1491 1672 1822 1751 διαλέγεται.

172 1778 297 1850 Ἔχε
341 1771 435 1828 καὶ
491 1773 688 1825 τοῦτον
741 1768 835 1824 τὸν
886 1767 1078 1843 λόγον.
1126 1766 1215 1829 Τίς
1271 1763 1329 1821 δὲ
1385 1767 1572 1837 οἶτος;
1603 1768 1719 1820 Ὀτι
1758 1767 1826 1821 τὶ

1930 625 2065 664 vero
2093 610 2244 681 fecit,
2278 610 2348 663 de
2378 610 2612 680 anima;
2652 611 2806 667 haud
2861 613 3006 668 forte
3044 631 3078 669 a
3116 630 3248 669 vero
3294 617 3596 673 sententia

1932 698 2051 753 hzec
2092 699 2322 754 abierit.
2363 700 2509 755 Nam
2544 702 2641 756 ubi
2676 702 2895 757 dictum
2929 706 3038 771 est,
3070 707 3137 759 Et
3159 705 3287 771 fecit
3317 705 3459 761 Deus
3505 705 3601 762 ho-

1930 790 2155 857 minem,
2188 789 2478 860 subditur,
2529 789 2600 845 ad
2648 791 2745 846 Dei
2788 792 3088 862 imaginem
3123 794 3256 864 fecit
3286 794 3449 849 illum
3484 812 3505 851 :
3535 799 3597 852 at

1933 876 2034 931 ubi
2067 876 2234 932 nobis
2264 877 2523 950 corporis
2556 879 2834 935 fabricam
2859 885 3057 936 narrat
3078 897 3144 937 ac
3162 882 3590 954 substantiam,

1931 968 2190 1037 formavit
2220 967 2379 1022 dicit.
2404 971 2581 1023 Porro
2623 968 2937 1025 discrimen
2979 971 3109 1041 ejus
3139 973 3292 1043 quod
3316 978 3407 1029 est
3434 974 3591 1030 face-

1936 1071 2018 1123 re,
2075 1060 2130 1110 et
2169 1057 2321 1128 quod
2375 1057 2642 1128 formare,
2674 1058 2871 1113 docuit
2914 1076 3020 1115 nos
3058 1064 3115 1114 et
3161 1060 3472 1118 Pealmista
3500 1063 3588 1117 di-

1936 1160 2073 1199 cens
2107 1162 2120 1200 :
2157 1150 2350 1201 Manus
2377 1149 2482 1201 tua:
2508 1148 2759 1217 fecerunt
2790 1164 2897 1215 me,
2921 1157 2972 1203 et
2999 1151 3375 1220 formaverunt
3401 1167 3490 1207 me
3518 1151 3585 1208 ¹⁸.

1933 1233 2086 1288 Fecit
2114 1232 2450 1288 interiorem
2481 1233 2780 1290 hominem
2808 1252 2821 1303 ;
2852 1238 3117 1308 formavit
3144 1254 3277 1293 eum
3312 1239 3410 1310 qui
3445 1239 3588 1296 foris

1935 1324 2045 1376 est.
2094 1326 2174 1375 Ac
2221 1338 2361 1377 sane
2412 1322 2531 1377 luto
2557 1322 2793 1395 quidem
2828 1324 3065 1380 formari
3096 1327 3402 1396 convenit;
3461 1327 3587 1384 ﬁeri

1936 1426 2090 1479 vero,
2123 1409 2171 1465 ei
2206 1411 2358 1481 quod
2391 1418 2481 1466 est
2522 1412 2594 1466 ad
2636 1412 2975 1484 imaginem.
3027 1416 3419 1480 Quamobrem
3452 1434 3586 1474 caro

1937 1497 2168 1569 quidem
2205 1499 2454 1554 formata
2482 1503 2608 1568 est;
2642 1500 2828 1555 factus
2858 1517 2991 1556 vero
3024 1504 3279 1559 animus.
3301 1505 3443 1560 Cum
3474 1506 3585 1562 ita-

1936 1603 2047 1658 que
2080 1587 2354 1658 superius
2380 1588 2450 1642 de
2481 1588 2661 1643 animi
2695 1590 3031 1645 substantia
3061 1590 3326 1662 dixisset,
3356 1594 3428 1648 de
3459 1611 3586 1649 cor-

1935 1677 2097 1748 poris
2136 1693 2290 1731 nunc
2340 1676 2684 1733 formatione
2736 1678 2907 1734 nobis
2963 1679 3221 1735 disserit.
3253 1681 3405 1749 Quin
3436 1681 3588 1738 hanc

1935 1782 2171 1837 quoque
2216 1765 2367 1822 habe
2416 1766 2786 1822 sententiam.
2822 1769 3100 1834 Quasnam
3149 1786 3283 1825 vero
3314 1772 3405 1826 est
3435 1768 3535 1827 illa
3559 1770 3589 1825 7

175 1866 259 1936 μὲν
301 1860 353 1916 ὲν
397 1858 690 1938 κεφαλαίῳ
747 1856 985 1933 λέγεται·
1035 1856 1103 1912 τὰ
1160 1853 1218 1912 δὲ
1262 1855 1399 1911 κατᾶ
1450 1855 1541 1910 τὸν
1595 1855 1816 1929 τρόπον,

1933 1854 2151 1926 Nempe
2182 1855 2396 1927 partim
2432 1855 2776 1911 summatim
2810 1855 3002 1912 dicere
3033 1858 3427 1930 Scripturam;
3451 1875 3588 1932 par-

168 1953 277 2015 καθ’
307 1950 366 2005 δν
395 1946 621 2003 "auc-rm
670 1944 912 2022 γέγονεν,
962 1948 1096 2019 ἡμῖν
1154 1941 1528 2022 παραδίδοται.
1574 1945 1816 2007 ’Ἃνωθεν

170 2043 264 2113 μὲν
319 2038 412 2094 οῦν
476 2035 560 2092 ὅτι
603 2036 695 2091 καὶ
764 2034 1041 2107 εποίησεν,
1098 2034 1197 2090 οὐκ
1271 2031 1571 2109 ἐνδιέτριψα
1627 2031 1685 2088 δὲ
1739 2037 1818 2105 τῷ

164 2129 353 2203 τρόπῳ
408 2134 512 2198 τῆς
559 2127 858 2196 ποιήσεως·
930 2122 1039 2179 ὦδε
1108 2123 1195 2179 καὶ
1251 2127 1366 2185 πῶς
1425 2120 1694 2193 ἐποίησεν.
1752 2121 1818 2177 Et

164 2220 259 2295 γὰρ
312 2215 511 2278 ἁπλῶς
562 2216 730 2283 εἶπεν,
793 2214 874 2268 ὅτι
930 2211 1204 2283 ἐποίησεν,
1264 2210 1541 2288 ἐλογίξετο
1590 2209 1672 2280 ἂν,
1733 2207 1816 2266 ὅτι

164 2307 406 2379 ἐποίησεν
467 2306 548 2366 ὡς
603 2304 671 2359 τὸ.
721 2305 917 2374 κτήνη,
951 2303 1024 2365 ὡς
1077 2302 1146 2357 τὰ
1202 2301 1385 2377 θηρία,
1437 2302 1513 2363 ὡς
1559 2301 1625 2355 τὰ
1654 2301 1812 2379 φυτά,

166 2420 236 2459 ως
266 2397 358 2451 τὸν
386 2394 615 2471 χόρτον.
644 2394 760 2449 Ἵνα
800 2390 889 2447 οῦν
915 2391 1089 2471 (pini;
1135 2393 1233 2461 τὴν
1272 2391 1407 2466 πρὸς
1456 2391 1523 2446 τὰ
1553 2390 1819 2467 ἀγριώτε-

176 2506 240 2561 ρα
308 2484 396 2539 καὶ
476 2481 908 2557 ἀναισθητότερα
981 2480 1290 2552 κοινωνίαν,
1350 2480 1448 2549 τὴν
1506 2477 1810 2551 ἳδιάξουσαν

170 2575 285 2645 περὶ
340 2573 397 2628 σὶ
453 2576 555 2627 τοῦ
580 2576 717 2626 Θεοῦ
767 2568 1157 2648 φιλοτέχνησιν
1189 2570 1217 2624 6
1276 2567 1443 2644 λόγος
1475 2567 1808 2645 παρέδωκεν.

167 2657 394 2720 Ἔλαϐεν
451 2662 482 2716 6
542 2659 674 2722 Θεὸς
732 2663 874 2735 χοῦν
929 2658 1036 2713 ἀπὸ
1111 2661 1213 2723 τῆς
1263 2662 1388 2734 γῆς.
1439 2658 1585 2713 Ἐκεῖ
1646 2659 1807 2728 εἶπεν,

171 2753 254 2806 δτι
283 2750 556 2820 ἐποίησεν,
610 2748 839 2803 ἐνταῦθα
891 2745 949 2802 δὲ
1003 2752 1119 2810 πῶς
1171 2745 1414 2818 ἐποίησε’
1466 2751 1600 2823 χοῦν
1647 2742 1811 2803 ἔλαϐε

177 2839 287 2894 ἀπὸ
338 2845 437 2908 τῆς
492 2845 612 2915 γῆς,
669 2836 759 2892 καί
819 2833 1022 2892 ἔπλασε
1070 2842 1190 2899 ταῖς
1241 2833 1404 2898 ἰδίαις
1451 2836 1659 2911 χερσίν.
1693 2838 1806 2891 Ἑν-

173 2928 476 2999 θυμήθητι,
534 2930 641 2988 πῶς
698 2924 999 2996 ἐπλάσθης’
1034 2926 1095 2980 τὸ
1155 2924 1506 3002 ἐργαστήριον
1555 2933 1655 2996 τῆς
1706 2924 1805 3003 φύ-

174 3036 302 3076 σεως
358 3014 597 3088 λόγισαι⁶
654 3013 777 3091 χείρ
848 3013 958 3068 ἐστι
1021 3018 1153 3069 Θεοῦ
1230 3016 1265 3084 ἡ
1350 3015 1801 3071 κατασκευάσασα.

167 3106 231 3159 Τὸ
258 3102 346 3159 οὖν
380 3104 531 3178 παρᾶ
560 3107 693 3159 Θεοῦ
733 3101 991 3173 πλασθὲν,
1040 3099 1130 3157 διά
1170 3101 1434 3178 πονηρίας
1468 3105 1543 3176 μή
1578 3107 1801 3178 μιανθῇ,

162 3190 233 3247 δι⁴
292 3193 564 3267 ἁμαρτίας
624 3192 702 3265 μὴ
760 3188 1067 3265 ἀλλοιωθῇ,
1131 3193 1208 3266 μὴ
1267 3190 1496 3267 ἐκπέσῃς
1554 3192 1645 3269 βία
1699 3200 1801 3263 τῆς

157 3281 493 3356 σονεχοῦσης
527 3302 585 3335 σε
632 3280 822 3356 χειρὸς
860 3284 957 3335 τοῦ
1005 3284 1157 3336 Θεοῦ.
1212 3280 1411 3343 Σκεῦος
1471 3280 1517 3335 εἶ
1568 3281 1800 3345 θεόπλα-

157 3392 299 3442 στον,
360 3370 510 3445 παρᾶ
562 3373 697 3425 Θεοῦ
751 3368 1063 3445 γενόμενον*
1116 3366 1303 3442 δόξαζε
1347 3370 1438 3424 τὸν
1478 3372 1801 3441 ποιήσαντα.

152 3458 299 3519 Οὐδὲ
324 3461 435 3537 γὰρ
490 3457 667 3515 ἄλλοι)
721 3459 865 3521 τινὸς
914 3455 1091 3515 ἕνεκεν
1141 3458 1347 3535 ἐγένου,
1378 3456 1415 3529 ἤ
1453 3457 1546 3514 ’ίνα
1574 3455 1805 3536 ὄργανον

150 3551 216 3619 ἧς
252 3546 574 3620 ἐπιτήδειον
602 3554 701 3618 τῆς
730 3545 889 3618 δόξης
937 3553 1035 3603 τοῦ
1075 3552 1228 3604 Θεοῦ.
1282 3549 1377 3605 Καὶ
1406 3548 1505 3625 γὰρ
1539 3550 1567 3603 6
1598 3548 1806 3623 κόσμος

152 3638 315 3701 οὗτός
368 3658 458 3691 σοι
518 3635 647 3698 ὅλος
701 3634 881 3709 ὥσπερ
930 3657 984 3691 τι
1042 3631 1258 3713 βιϐλίον
1317 3632 1582 3715 ἔγγραφόν
1645 3637 1809 3708 ἐστιν,

154 3726 648 3803 ὑπαγορευόμενον
705 3725 804 3794 τὴν
858 3730 955 3780 τοῦ
1013 3730 1146 3782 Θεοῦ
1196 3722 1373 3799 δόξαν·
1424 3728 1523 3797 τήν
1570 3726 1814 3804 ἀπόκρυ-

150 3839 254 3892 cev
320 3814 421 3870 καὶ
477 3814 703 3888 ἀόρατον
760 3835 857 3870 του
930 3819 1063 3871 Θεοῦ
1120 3815 1508 3892 μεγαλωσύνην
1565 3813 1636 3871 δι’
1691 3818 1814 3872 εαυ-

147 3911 252 3961 τοῦ
311 3900 651 3980 ὂιαγγὲλλον
698 3924 782 3959 σοι
834 3908 913 3976 τῷ
961 3907 1085 3959 νοῦν
1144 3901 1352 3981 ἔχοντι.
1383 3904 1458 3967 είς
1488 3907 1811 3977 κατανόησιν

149 3994 298 4051 Θεοῦ
349 3999 459 4062 υῆς
511 3991 793 4063 ἀληθείας.
852 3993 1077 4057 Πάντως
1133 3992 1223 4048 οῦν
1277 3993 1547 4068 μέμνησαι
1602 3997 1678 4069 (α)
1710 4000 1817 4052 τῶν

146 4083 505 4158 εἰρημένων.

1928 1942 2033 1997 tim
2067 1945 2304 1998 modum
2338 1960 2450 2014 quo
2497 1943 2733 2017 singula
2773 1962 3021 2018 quasque
3063 1946 3216 2002 facta
3245 1948 3383 2019 sint,
3413 1949 3584 2006 nobis

1926 2033 2173 2088 tradere.
2205 2033 2484 2106 Superius
2514 2033 2694 2106 igitur
2722 2035 2899 2090 etiam
2931 2035 3139 2093 fecisse
3167 2036 3469 2094 hominem
3500 2038 3585 2094 di-

1926 2121 2032 2187 xit,
2064 2121 2117 2176 in
2153 2123 2323 2176 modo
2350 2125 2544 2178 tamen
2579 2139 2694 2195 quo
2724 2123 2802 2178 sit
2834 2123 3021 2180 factus
3066 2142 3179 2181 non
3230 2125 3436 2195 hesit;
3485 2126 3583 2183 hic

1927 2211 2168 2266 modum
2202 2227 2434 2283 quoque
2466 2212 2647 2267 tradit
2668 2229 2783 2284 quo
2815 2213 3036 2268 fecit.Si
3060 2214 3215 2269 enim
3237 2214 3584 2287 simpliciter

1925 2316 2061 2356 eum
2090 2300 2295 2356 fecisse
2316 2300 3020 2366 dixisset,existimaretur
3045 2303 3129 2359 sic
3152 2304 3360 2360 fecisse
3380 2321 3586 2377 quem-

1925 2388 2240 2443 admodum
2266 2390 2557 2460 jumenta,
2582 2391 3085 2462 quemadmodum
3117 2392 3359 2461 bestias,
3382 2410 3585 2466 quem-

1922 2478 2242 2533 admodum
2275 2480 2510 2550 stirpes,
2534 2479 3034 2550 quemadmodum
3061 2481 3280 2538 fenum.
3302 2481 3377 2538 Ut
3407 2483 3587 2555 igitur

1923 2566 2033 2622 hoc
2064 2583 2306 2634 caveas;
2338 2582 2409 2621 ne
2451 2568 2654 2623 eadem
2706 2568 2852 2624 forte
2901 2573 3077 2641 atque
3108 2571 3429 2643 agrestiora
3457 2573 3583 2629 ani-

1890 2656 2165 2726 -mantia,
2197 2660 2375 2728 atque
2406 2674 2439 2711 a
2468 2672 2645 2712 sensu
2679 2658 2993 2714 remotiora
3032 2675 3278 2731 corpora
3305 2660 3581 2734 habeare,

1919 2744 2211 2817 peculiare
2240 2745 2298 2799 in
2332 2749 2386 2800 te
2417 2746 2512 2800 Dei
2534 2746 2772 2801 artiﬁcis
2805 2762 3042 2818 operam
3075 2748 3373 2821 Scriptura
3404 2750 3583 2807 tradi-

1918 2834 2050 2889 dit:
2103 2832 2345 2905 Sumpsz't
2389 2835 2526 2888 Deus
2570 2833 2857 2906 pulverem
2899 2835 2966 2890 de
3022 2840 3193 2892 terra.
3254 2836 3378 2892 Illic
3433 2838 3581 2894 dixit

1917 2924 2071 2996 quod
2106 2923 2324 2989 fecerit,
2360 2922 2450 2978 hic
2479 2939 2616 2979 vero
2666 2924 2906 2979 modum
2943 2941 3057 2996 quo
3107 2925 3263 2981 fecit.
3312 2927 3579 2998 Sumpsit

1917 3017 1988 3071 de
2035 3019 2190 3070 terra
2232 3014 2552 3088 pulverem,
2588 3018 2644 3069 et
2674 3015 2945 3071 formavit
2975 3016 3228 3089 propriis
3277 3017 3577 3074 manibus.

1913 3105 2045 3161 Alta
2076 3113 2266 3160 monte
2296 3103 2485 3177 cogita
2517 3104 2810 3176 quomodo
2841 3104 3128 3161 formatus
3159 3106 3243 3162 sis
3268 3121 3283 3163 :
3307 3123 3433 3179 qua
3469 3124 3579 3163 na-

1915 3200 2059 3251 tura:
2081 3193 2335 3261 ofﬁcina,
2357 3192 2553 3248 animo
2586 3198 2814 3265 reputa,
2833 3194 2933 3250 Dei
2965 3194 3191 3252 scilicet
3219 3212 3433 3252 manus
3464 3201 3580 3266 est,

1919 3301 2045 3357 quae
2075 3287 2131 3339 te
2161 3287 2251 3338 est
2282 3282 2589 3337 fabricata.
2622 3282 2785 3350 Quod
2817 3282 3014 3356 itaque
3045 3284 3165 3340 Deo
3197 3289 3431 3341 auctore
3461 3285 3582 3342 for-

1916 3377 2141 3429 metum
2175 3375 2425 3438 est,cave
2446 3386 2518 3426 ne
2540 3387 2643 3443 per
2665 3388 2721 3426 m
2737 3370 2959 3428 alitiam
2984 3371 3285 3445 polluatur
3311 3391 3326 3441 ;
3358 3390 3431 3431 ne
3449 3390 3583 3447 pec-

1917 3460 2028 3518 ceti
2061 3460 2328 3533 contagio
2358 3460 2419 3515 in
2454 3460 2751 3516 diversum
2786 3466 3068 3533 mutetur,
3119 3477 3189 3517 ne
3220 3479 3504 3521 excussus
3524 3472 3581 3529 vi

1918 3567 1953 3606 ιι
1982 3549 2079 3605 Dei
2111 3566 2287 3605 manu
2308 3553 2365 3605 te
2390 3554 2771 3606 conservante
2806 3549 3151 3622 prolabaris.
3174 3550 3289 3608 Vas
3321 3556 3412 3608 est
3430 3552 3579 3609 divi-

1922 3639 2083 3695 nitus
2114 3639 2452 3704 formatum,
2486 3655 2521 3694 a
2554 3637 2674 3693 Deo
2705 3639 3004 3695 conditum
3031 3658 3045 3709 ;
3102 3639 3281 3697 lauda
3309 3658 3444 3698 eum
3476 3642 3579 3715 qui

1921 3728 2075 3785 fecit.
2104 3727 2303 3799 Neque
2332 3727 2488 3783 enim
2521 3726 2641 3783 ulla
2678 3727 2793 3783 alia
2845 3745 2913 3785 ex
2960 3746 3138 3784 causa
3186 3730 3461 3786 conditus
3489 3748 3575 3804 es,

1922 3835 2100 3891 quam
2133 3821 2198 3872 ut
2225 3816 2434 3872 divmze
2453 3816 2648 3873 laudis
2670 3817 2943 3873 idoneum
2969 3835 3257 3891 organum
3287 3823 3571 3877 esses.Et-

1920 3906 2076 3964 enim
2100 3906 2359 3961 mundus
2380 3904 2475 3961 hic
2498 3905 2809 3962 universus
2831 3906 2988 3962 velut
3008 3907 3154 3962 liber
3172 3907 3410 3979 quidam
3434 3908 3573 3964 scri-

1925 4001 2064 4069 ptus
2093 3994 2198 4050 tibi
2229 3994 2445 4067 est,qui
2480 3994 2575 4050 Dei
2608 3994 2843 4051 laudem
2874 4001 3053 4063 atque
3082 3995 3331 4068 gloriam
3363 3997 3424 4052 in
3457 4013 3577 4054 me-

1927 4084 2170 4142 moriam
2201 4086 2465 4151 revocet;
2497 4082 2785 4139 occultam
2807 4088 2985 4157 atque
3003 4084 3192 4141 oculis
3221 4086 3581 4157 inaspectam

148 4174 257 4230 Dei
296 4172 703 4244 majestatem,
736 4188 770 4227 a
800 4186 863 4227 se
891 4170 1021 4243 tibi,
1053 4171 1155 4245 qui
1185 4173 1409 4229 ratione
1441 4173 1721 4246 praeditus
1750 4175 1856 4243 sis,
1909 4174 1983 4230 ad
2036 4172 2153 4242 Dei,
2187 4172 2285 4244 qui
2314 4172 2529 4229 veritas
2561 4176 2672 4242 est,
2717 4171 3169 4246 intelligentiam
3200 4174 3580 4237 annuntians.

146 4263 429 4319 Prorsus
461 4260 642 4333 igitur
672 4276 799 4333 qua
831 4260 987 4318 dicta
1014 4264 1155 4318 sunt
1183 4262 1466 4318 memoria
1493 4266 1706 4319 teneto.

219 4356 285 4408 2.
353 4348 470 4405 Καὶ
551 4346 864 4424 ηὖλόγησεν
950 4349 1147 4412 αὐτοὺς
1206 4351 1234 4406 6
1285 4350 1439 4418 Θεὸς,
1494 4349 1584 4405 καὶ
1661 4350 1816 4408 εἶπεν.

1997 4350 2053 4407 2.
2088 4354 2152 4407 Et
2184 4349 2463 4407 benedixit
2492 4350 2572 4406 ei:
2609 4351 2767 4421 Deus,
2798 4356 2851 4405 et
2882 4352 2963 4406 ait
2994 4367 3007 4406 :
3040 4352 3294 4409 Cruscz‘te
3327 4359 3380 4409 et
3406 4353 3593 4410 multi-

145 4439 480 4512 Αῦξάνεσθε
538 4438 628 4493 καὶ
707 4435 1074 4509 πληθύνεσθε,
1151 4438 1241 4495 καὶ
1320 4436 1650 4515 πληρώσατε
1730 4439 1829 4508 τὴν

146 4536 284 4602 γῆν.
354 4524 552 4595 Διπλῆ
607 4528 705 4601 γὰρ
759 4529 796 4596 ἡ
850 4522 1096 4598 αὔξησις
1154 4530 1189 4599 ἡ
1245 4527 1338 4603 μὶν
1397 4527 1735 4602 σώματος,ἡ
1769 4524 1827 4583 δὲ

156 4621 391 4693 ψυχῆς.
429 4613 609 4672 Ἀλλὰ
656 4617 690 4686 ἡ
714 4618 899 4693 ψυχῆς
948 4614 1189 4688 αὔξησις,
1243 4619 1278 4687 ἠ
1311 4614 1402 4672 διὰ
1427 4620 1538 4672 τῶτ
1569 4618 1824 4691 μαθημά-

148 4727 273 4762 των
334 4704 423 4766 sic
479 4701 763 4759 τελείωσιν
812 4706 1124 4780 προσθήκη
1182 4706 1435 4779 σώματος
1485 4703 1543 4761 δὲ
1581 4703 1824 4778 αὔξησις,

145 4798 188 4864 ἡ
229 4795 346 4848 ἀπὸ
381 4797 583 4868 μικροῦ
631 4792 708 4857 εἷς
753 4793 815 4848 τὸ
863 4795 1098 4863 καθῆκον
1135 4794 1328 4870 μέτρον
1374 4795 1825 4857 ἀποκατάστασις.

152 4883 251 4939 Τὸ
303 4879 402 4935 οῦν
450 4881 746 4947 Λῦξάνεσθε
804 4882 892 4938 ἐπὶ
943 4882 1160 4939 πάντων
1219 4883 1537 4960 λεγόμενον,
1580 4889 1696 4947 τοῖς
1731 4885 1827 4958 μὲν

157 4967 416 5042 ἆλὸγοις
470 4972 651 5044 ζώοις,
704 4972 841 5027 κατά
891 4973 989 5042 τὴν
1068 4977 1166 5027 τοῦ
1237 4974 1491 5047 σώματος
1546 4972 1826 5029 τελείωσιν

143 5057 314 5113 κατὰ
378 5056 472 5111 τὸν
520 5060 859 5135 ἀπαρτισμὸν
915 5068 1016 5130 τῆς
1093 5061 1322 5141 φύσεως,
1400 5060 1632 5138 εἷ’ρηταν
1692 5065 1829 5136 ἡμῖν

140 5146 425 5207 καὶτοῖς
470 5146 736 5225 λογικοῖς,
794 5150 857 5205 τὸ
914 5149 1230 5224 Λύξάνεσθε,
1271 5151 1407 5205 κατὰ
1461 5151 1549 5206 τὸν
1604 5148 1708 5207 ἔσω
1738 5147 1828 5205 ἄν·

137 5239 420 5311 θρωπον,
462 5237 596 5292 κατᾶ
650 5239 752 5308 τήν
813 5240 1099 5316 προκοπὴν
1148 5240 1248 5309 τήν
1295 5238 1371 5304 εἷς
1428 5240 1554 5295 Θεὸν
1603 5240 1832 5316 ἀνάγου-

139 5344 276 5380 cur
317 5326 449 5387 οἷος
476 5327 541 5395 ἦν
593 5325 623 5380 6
654 5325 896 5396 Ηαῦλος,
940 5333 1059 5390 τοῖς
1113 5328 1208 5402 μὲν
1257 5326 1559 5405 ἔμπροσθεν
1592 5328 1831 5384 ἑπεκτει-

132 5416 430 5488 νόμενος,
460 5412 631 5469 τῶνδ’
672 5410 888 5472 όπισθεν
941 5415 1458 5490 ἐπιλανθανόμενος,
1508 5415 1654 5488 Αὕτη
1689 5416 1831 5472 ἐστὶν

132 5501 467 5576 ἡαόεησις,
497 5506 536 5574 ἡ
562 5507 673 5558 τῶν
706 5505 1076 5579 θεωρημάτων
1107 5513 1208 5577 τῆς
1236 5501 1507 5571 εὐσεϐείας
1538 5505 1831 5580 ἀνάληψις,

1940 4440 2262 4513 plicamini,
2294 4448 2345 4495 et
2375 4439 2580 4511 replete
2617 4445 2829 4494 terram
2859 4438 2923 4494 ίθ.
2968 4438 3193 4513 Duplex
3223 4457 3477 4514 namque
3505 4445 3596 4499 est

1932 4528 2355 4584 incrementum
2382 4544 2395 4584 :
2420 4544 2608 4583 unum
2641 4526 2922 4599 corporis,
2943 4526 3192 4584 alterum
3224 4528 3452 4586 animis.
3475 4530 3592 4587 Ve-

1935 4634 2065 4673 rum
2098 4621 2347 4690 augetur
2375 4615 2632 4683 animus,
2673 4632 2807 4672 cum
2848 4615 3174 4688 disciplinis
3213 4617 3498 4675 excolitur
3526 4635 3593 4676 ac

1935 4707 2235 4781 perﬁcitur
2267 4722 2282 4763 :
2313 4721 2526 4778 corpus
2579 4708 2775 4761 autem
2817 4705 3046 4777 crescit,
3103 4707 3245 4763 dum
3303 4724 3372 4765 ex
3417 4725 3594 4781 parva

1937 4795 2090 4852 mole
2121 4795 2191 4851 ad
2218 4796 2448 4865 justum
2481 4809 2546 4849 ac
2570 4798 2987 4866 congruentem
3020 4795 3443 4869 magnitudinis
3474 4814 3596 4854 mo-

1937 4886 2077 4942 dum
2111 4884 2391 4956 provenit.
2415 4883 2683 4939 Crescere
2714 4883 2896 4957 igitur
2926 4885 3082 4956 quod
3106 4885 3174 4941 de
3195 4884 3471 4943 omnibus
3501 4888 3597 4943 di-

1937 4980 2141 5041 catur;
2175 4973 2363 5028 brutis
2387 4972 2623 5044 quidem
2647 4972 3049 5029 animantibus
3072 4973 3295 5029 dictum
3318 4979 3504 5044 est,ut
3525 4977 3596 5032 ad

1937 5063 2198 5135 corporis
2222 5061 2635 5134 perfectionem
2665 5060 2935 5117 instituta
2957 5066 3168 5118 natura
3188 5066 3597 5135 pervenirent:

1941 5152 2107 5208 nobis
2141 5155 2335 5207 autem
2368 5149 2429 5205 in
2474 5149 2738 5206 interiori
2775 5149 3014 5206 homine
3059 5151 3251 5223 posita
3298 5156 3602 5212 crescendi

1940 5241 2050 5309 lex,
2074 5240 2337 5312 profectu
2372 5237 2473 5294 illo
2504 5238 2603 5311 qui
2633 5237 2899 5310 provehit
2926 5236 2997 5293 ad
3022 5240 3200 5295 Deum
3230 5242 3463 5315 ;qualis
3486 5244 3600 5301 erit

1941 5330 2177 5401 Paulus,
2203 5329 2271 5384 ad
2305 5345 2373 5384 ea
2393 5345 2518 5400 quae
2550 5345 2583 5383 a
2612 5329 2799 5384 fronte
2828 5328 3149 5384 extendens
3178 5333 3601 5405 semetipsum,

1941 5424 1999 5474 et
2032 5435 2159 5490 quas
2208 5422 2363 5472 retro
2412 5421 2614 5473 essent
2658 5416 3009 5474 obliviscens
3034 5418 3102 5474 ³ο.
3151 5419 3272 5477 Hoc
3318 5422 3600 5479 nimirum

1942 5511 2348 5580 augmentum,
2391 5506 2622 5579 piarum
2667 5505 3229 5579 contemplationum
3260 5526 3601 5568 sensorum-

219 5622 278 5661 ⁸⁸
317 5608 723 5688 PsaLCxxm,
753 5623 846 5678 73.
926 5622 968 5660 "
998 5624 1142 5682 Gen.
1176 5642 1216 5695 ι,
1242 5625 1332 5680 28.
1411 5625 1459 5661 ²⁰
1488 5624 1741 5698 Philipp.
1767 5640 1851 5696 in,
1885 5624 1973 5681 13.

224 5721 323 5797 (α)
365 5718 684 5794 Μέμνησαι.
714 5725 786 5781 At
814 5723 1106 5799 interpres
1133 5726 1217 5785 ita
1245 5725 1439 5797 vertit,
1468 5724 1640 5799 quasi
1670 5724 1911 5799 legisset
1943 5720 2213 5800 μέμνησο.
2246 5723 2405 5781 Enrr.

467 5851 741 5919 Panos.
786 5855 899 5921 Gn.
936 5855 1130 5922 XXX.
