4108 6214
492 327 571 385 43
1423 325 1825 384 ΑΡΜκΝΟΙΧ
1866 324 2126 386 OPERU

2244 326 2305 386 S.
2352 324 2638 385 BASIL]!
2686 324 2961 386 MAGNI.
3229 323 3236 327 ’
3822 334 3897 392 44

490 473 605 530 que
635 455 813 512 animi
857 455 1187 528 susceptio;
1221 454 1292 510 ad
1324 455 1382 509 id
1412 454 1564 526 quod
1613 456 1797 528 frugis
1838 455 2130 528 amplioris

2249 456 2284 524 ἡ
2309 453 2406 508 τοῦ
2435 455 2692 517 πλείονος
2723 452 3024 521 ἐπὲκτασις,
3053 455 3116 510 τὸ
3161 455 3245 510 ἀεὶ
3276 457 3551 534 ὀρέγεσθαι
3592 461 3744 534 ἡμᾶς
3781 465 3893 516 τῶν

491 546 569 602 sit
625 544 1113 618 superextensio;
1171 561 1369 599 eorum
1429 561 1554 616 quae
1606 561 1784 616 supra
1847 563 1955 601 nos
2004 549 2143 600 sunt

488 634 646 706 jugis
720 634 1111 704 continuaque
1186 632 1513 704 appetitio:
1574 632 1633 686 id
1679 635 1833 705 quod
1874 634 2138 703 accessit,

489 729 641 781 retro
707 740 940 796 semper
994 722 1286 777 dimittere
1335 739 1348 790 ;
1427 723 1580 793 quod
1640 739 1774 779 vero
1851 721 2138 794 reliquum

489 817 597 884 est,
632 817 696 868 ut
753 812 904 885 quod
965 811 1346 880 desideretur,
1388 828 1490 885 pro
1539 811 1689 867 virili
1738 817 1938 867 nostra
1987 814 2138 867 339

489 902 805 974 requirere.
840 900 1000 956 Talis
1048 903 1172 955 erat
1218 900 1398 971 Isaae,
1450 901 1520 954 de
1574 916 1690 972 quo
1731 901 2138 956 testimonium

487 991 632 1048 illud
667 991 851 1047 sacris
883 990 1115 1046 Litteris
1145 989 1554 1060 consignatum
1588 994 1678 1045 est
1711 1007 1724 1045 :
1756 992 1821 1046 Et
1847 991 2142 1062 procedens

486 1082 764 1139 excitatus
793 1084 892 1146 est,
924 1079 1091 1134 donec
1121 1095 1350 1149 magnus
1394 1082 1570 1150 factus
1598 1083 1676 1135 est
1707 1080 1775 1134 ³³.
1827 1083 1953 1134 Non
1983 1079 2138 1134 enim

485 1169 790 1238 abscessit,
825 1185 930 1224 nec
969 1185 1102 1223 cum
1152 1185 1360 1240 parum
1393 1173 1599 1222 auctus
1631 1172 1804 1238 esset,
1839 1167 2140 1235 substitit;

487 1261 588 1317 sed
620 1258 851 1330 magnis
900 1274 1132 1330 semper
1182 1257 1484 1328 gressibus
1538 1258 1838 1325 processit,
1893 1259 2139 1329 gradum

487 1350 558 1404 ad
591 1348 865 1403 virtutem
894 1346 1126 1402 tollens.
1161 1346 1582 1418 Temperantia:
1632 1347 1823 1401 stadia
1856 1363 1922 1401 ac
1954 1346 2138 1401 conti-

486 1437 696 1494 nentia:
727 1436 897 1492 celeri
932 1431 1076 1508 pede
1116 1434 1424 1502 transivit;
1463 1434 1760 1505 justitiam
1819 1435 2137 1503 inscendit,

484 1527 611 1582 exin
647 1524 1046 1580 fortitudinem
1079 1524 1461 1589 conscendit;
1522 1528 1696 1594 atque
1738 1524 1816 1578 ita
1847 1523 2141 1594 gradiens,

484 1615 556 1669 ad
573 1629 870 1669 summum
892 1612 1026 1666 boni
1051 1611 1275 1681 apicem
1298 1611 1599 1681 virjustus
1616 1613 1846 1682 fastigio
1861 1613 2139 1683 assurgit.

485 1704 718 1759 Crescite
763 1701 944 1773 igitur
974 1716 1038 1755 eo
1072 1704 1388 1770 cremento,
1417 1717 1483 1754 ea
1515 1701 1869 1772 perfectione
1900 1718 2026 1773 quae
2057 1704 2146 1757 est

482 1792 806 1849 secundum
830 1791 1034 1856 Deum,
1064 1806 1195 1860 quae
1222 1788 1280 1843 in
1313 1788 1573 1844 interiori
1598 1789 1833 1846 homine
1855 1795 2140 1847 versatur.

479 1880 948 1954 Multiplicamini.
982 1878 1252 1934 Ecclesiae
1287 1877 1408 1934 haec
1438 1878 1765 1934 benedictio
1807 1883 1913 1935 est.
1948 1880 2028 1935 Ne
2081 1881 2140 1936 in

481 1988 597 2026 uno
630 1987 696 2024 ac
729 1969 958 2024 duobus
980 1967 1498 2022 circumscribatur
1525 1967 1760 2022 deitatis
1791 1967 2020 2036 notitia,
2042 1970 2138 2024 sed

481 2061 542 2116 in
575 2075 807 2115 omnem
845 2065 1056 2113 terram
1091 2056 1384 2129 Evangelii
1417 2055 1624 2111 salutis
1657 2057 1992 2128 prmdicatio
2016 2074 2143 2128 pro-

478 2150 719 2204 feratur.
760 2146 1250 2217 Multiplicamz'ni,
1281 2145 1521 2216 quinam
1550 2147 1569 2199 ι)
1597 2145 1714 2200 Vos
1747 2145 1847 2216 qui
1870 2163 1936 2200 ex
1960 2150 2142 2200 Evan-

477 2236 612 2310 gelii
644 2236 969 2292 rationibus
1010 2234 1343 2289 pascimini.
1378 2234 1599 2303 Replete
1630 2239 1858 2288 terram.
1895 2237 2136 2290 Carnem

479 2325 644 2382 vobis
676 2326 872 2380 datam
907 2324 964 2378 in
997 2322 1345 2395 obsequium
1383 2322 1600 2394 replete
1644 2323 1813 2378 bonis
1844 2323 2138 2394 operibus.

479 2415 793 2487 Repleatur
815 2412 1022 2468 oculus
1053 2413 1178 2468 visu
1213 2428 1413 2466 eorum
1448 2428 1576 2482 quae
1608 2411 1784 2467 ofﬁcii
1818 2417 1957 2466 sunt
1982 2430 1994 2468 :
2017 2429 2138 2468 ma-

480 2520 593 2559 nus
623 2502 804 2574 plenae
836 2501 955 2555 sint
982 2500 1268 2554 bonorum
1320 2514 1562 2570 operum
1600 2515 1612 2553 :
1660 2499 1934 2554 incedant
1964 2501 2141 2570 pedes

478 2593 549 2647 ad
584 2590 922 2646 invisendos
955 2589 1240 2653 inﬁrmos,
1266 2587 1402 2660 agili
1434 2604 1639 2659 gressu
1674 2588 1745 2642 ad
1778 2605 1846 2642 ea
1878 2605 2006 2658 quae
2041 2588 2138 2644 ho-

477 2685 645 2736 nesta
674 2694 855 2749 exque
889 2691 1130 2732 munere
1160 2680 1316 2730 sunt.
1350 2675 1554 2731 Omnis
1593 2676 1988 2731 membrorum
2035 2694 2138 2732 n0'

481 2773 738 2824 strorum
778 2764 1114 2820 constitutio
1147 2763 1320 2834 plena
1349 2764 1425 2819 sit
1456 2764 1860 2819 observatione
1893 2765 2136 2820 manda-

478 2860 672 2912 torum
724 2855 841 2910 Dei.
895 2855 1008 2910 lloc
1053 2853 1163 2908 sibi
1209 2851 1332 2906 vult
1375 2854 1528 2923 quod
1571 2852 1652 2907 ait
1700 2853 1767 2907 ad
1817 2852 2136 2921 hominem,

478 2945 696 3016 Repleie
740 2947 972 2998 terram.
1017 2942 1369 2997 Communes
1411 2941 1649 3012 quidem
1680 2947 1820 2996 sunt
1866 2945 1924 2997 et
1955 2944 2138 2997 mutis

479 3031 882 3089 animantibus
913 3046 1115 3098 voces;
1151 3029 1400 3101 propria:
1431 3033 1626 3085 tamen
1656 3030 1964 3098 ﬁunt,cum
1989 3031 2047 3084 in
2071 3048 2137 3086 eo

479 3122 635 3192 quod
689 3124 777 3175 est
826 3119 897 3174 ad
960 3118 1298 3189 imaginem,
1334 3122 1392 3171 et
1440 3134 1554 3188 quo
1605 3117 1824 3173 honore
1882 3119 2136 3190 provecti

2251 543 2556 618 ὑπὲρ-ἡμᾶς·
2589 543 2651 598 τὸ
2701 544 3141 619 προσγενόμενον
3176 545 3272 618 μὲν
3305 546 3386 600 ἀεὶ
3443 547 3668 602 κατόπιν
3702 548 3895 605 ἑαυτοῦ

2250 631 2479 707 ἀφιὲναυ
2513 633 2574 687 τὸ
2597 629 2651 687 δὲ
2679 631 2871 686 λοιπὸν
2901 639 2999 702 τῆς
3025 627 3484 701 εὐσεϐείας,τοῦτο
3503 638 3576 698 ὡς
3593 635 3766 692 ἐνδέον
3793 640 3889 710 ὅση

2251 718 2479 794 δύναμις
2529 722 2824 792 ἐπιζητεῖν.
2880 723 3010 784 Οἴος
3066 723 3132 794 ᾖν
3183 723 3382 793 Ἰσαὰκ,
3416 725 3541 801 περὶ
3591 727 3718 796 οὗή
3757 749 3895 805 μαρ-

2249 809 2406 883 τυρία
2480 809 2656 882 ἐκείνη
2717 812 3075 886 ἀναγραπται,
3133 813 3215 866 ὅτι
3292 808 3611 889 Προϐαίνων
3671 816 3901 890 ὑψοῦτο,

2254 897 2450 975 μέχρις
2507 901 2568 953 οὗ
2641 897 2809 975 μέγας
2868 899 3098 975 ἐγὲνετο.
3173 900 3249 958 Οὐ
3306 903 3406 978 γὰρ
3478 904 3708 976 ἀπέστη,
3772 904 3899 962 οὐδὲ

2254 989 2447 1063 μικρὸν
2505 988 2756 1060 αὐξηθεὶς
2828 989 3135 1063 ἆπὲμεινεν·
3191 989 3334 1045 ἀλλὰ
3386 987 3744 1066 προέσϐαινεν
3805 997 3886 1051 ἀεὶ

2251 1072 2550 1150 διαδήμασι
2613 1079 2897 1154 μεγάλοις,
2973 1074 3271 1134 ἀναϐαίνων
3345 1077 3434 1134 ἐπὶ
3517 1083 3617 1151 τήν
3673 1083 3898 1159 ἀρετήν.

2252 1161 2413 1237 Διέϐη
2477 1164 2700 1242 μεγάλῳ
2757 1168 2964 1243 βήματι
3010 1169 3108 1237 την
3165 1169 3531 1244 σωσροσῦνην·
3587 1168 3754 1244 ἐπέϐη
3795 1174 3898 1242 τὴν

2252 1253 2619 1326 δικαιοσύνηνο
2653 1255 2849 1311 ἐκεῖθεν
2910 1257 2997 1310 ἐπὶ
3065 1258 3162 1325 τὴν
3220 1255 3465 1330 ἀνδρείαν
3520 1254 3708 1331 ἀνέϐη.
3744 1261 3898 1317 Οὕτω

2249 1339 2564 1413 διαϐαίνων,
2596 1344 2685 1399 ἐπὶ
2721 1346 2783 1400 τὸ
2837 1346 2998 1421 ἄκρον
3055 1349 3150 1400 τοῦ
3203 1346 3372 1419 ὕψους
3410 1351 3507 1402 τοῦ
3557 1347 3762 1423 ἀγαθοῦ
3793 1372 3888 1407 κο·-

2255 1437 2516 1511 ρυεροῦται
2542 1433 2569 1487 ὁ
2603 1430 2834 1494 δίκαιος.
2887 1433 3176 1506 Λῦξάνεσθε
3223 1433 3313 1488 οὗν
3363 1432 3588 1506 αὔξησιν
3617 1438 3716 1506 τήν
3757 1441 3900 1494 κατᾶ

2253 1523 2405 1590 Θεὸν,
2437 1520 2716 1577 τελείωσιν
2766 1523 2864 1590 τὴν
2908 1523 3044 1577 κατᾶ
3087 1523 3178 1577 τὸν
3211 1517 3359 1577 ἔνδον
3405 1521 3711 1600 ἄνθρωπον.
3741 1523 3903 1598 ΙΙλη-

2255 1610 2491 1675 θύνεσθε.
2525 1609 2853 1681 Ἐκκλησίας
2881 1613 2916 1680 ἡ
2968 1609 3209 1687 εὐλογία.
3262 1612 3349 1679 Μὴ
3401 1611 3456 1666 ὲν
3489 1613 3589 1684 ἑνὶ,
3621 1613 3776 1687 φησὶ,
3809 1616 3903 1669 καὶ

2255 1697 2374 1754 δυσὶ
2405 1699 2801 1776 περιγραφείτω
2858 1701 2893 1769 ἡ
2947 1697 3225 1774 θεολογία·
3281 1699 3412 1755 ἀλλ⁴
3461 1700 3536 1762 εἷς
3583 1707 3756 1756 πᾶσαν
3799 1704 3905 1772 τὴν

2253 1794 2354 1864 γῆν
2395 1789 2734 1862 κηρυχοήτω
2781 1787 2842 1840 τὸ
2900 1786 3234 1862 Εὐαγγὲλιον
3283 1795 3383 1856 τῆς
3418 1789 3714 1862 σωτηρίας.
3748 1789 3903 1861 Πλη-

2255 1875 2490 1944 θῦνεσθε,
2519 1875 2696 1945 τίνες;
2740 1877 2806 1933 Οἱ
2849 1875 2985 1930 κατᾶ
3035 1877 3096 1930 τὸ
3153 1875 3485 1953 Εὐαγγὲλιον
3544 1877 3900 1953 γεννώμενοι.

2253 1964 2590 2041 Πληρώσατε
2664 1965 2765 2034 τήν
2834 1968 2958 2040 γῆν.
3016 1966 3123 2032 Τὴν
3208 1965 3376 2035 σάρκα
3445 1967 3545 2035 τήν
3603 1964 3903 2040 δεδομένην

2255 2055 2382 2126 ὑμῖν
2439 2053 2514 2115 εἷς
2597 2053 2918 2128 ὑπηρεσίαν,
3005 2052 3336 2130 πληρώσατε
3411 2053 3626 2130 ἀγαθῶν
3705 2051 3899 2131 ἔργων·

2252 2140 2538 2218 ὀφθαλμὸς
2567 2140 2790 2216 πλήρης
2822 2137 2960 2196 ἔστω
2984 2146 3081 2196 τοῦ
3113 2143 3240 2215 ὁρᾷν
3272 2141 3338 2196 τὰ
3368 2138 3574 2197 δὲοντα·
3605 2143 3730 2220 χεὶρ
3757 2142 3902 2215 πλή-

2253 2251 2353 2305 ρης
2411 2229 2547 2285 ἔστω
2602 2235 2709 2286 τῶν
2771 2232 2983 2305 ἀγαυῶν
3039 2226 3237 2307 ἔργων’
3298 2228 3460 2293 πόδες
3531 2229 3898 2306 βαδιζέτωσαν

2252 2318 2328 2380 εἰς
2393 2318 2670 2393 ἐπίσκεψιν
2731 2319 3116 2389 ἀσθενούντων,
3173 2319 3486 2393 πορειτικοὶ
3543 2317 3692 2383 ὄντες
3741 2321 3822 2398 ἐφ’
3869 2322 3903 2377 ἃ

2250 2411 2512 2484 προσῆκε
2545 2413 2688 2462 πᾶσα
2717 2410 2750 2477 ἡ
2790 2413 2889 2463 τῶν
2940 2408 3123 2480 μελῶν
3170 2410 3332 2482 ἡμῶν
3379 2408 3699 2472 κατάστασις
3744 2411 3897 2482 πλή-

2252 2518 2351 2572 ρης
2380 2494 2517 2552 ἔστω
2546 2501 2652 2552 τῶν
2685 2496 2819 2552 κατά
2865 2496 2961 2558 τὰς
3010 2495 3232 2559 ἐντολὰς
3277 2497 3561 2574 ἐργασιῶν·
3600 2503 3761 2554 τοῦτο
3791 2499 3899 2576 γάρ

2251 2586 2361 2642 ἐστι
2417 2586 2502 2654 τὸ,
2560 2584 2901 2662 Πληρώσατε
2953 2587 3052 2655 τήν
3110 2593 3231 2661 γῆν.
3287 2588 3476 2643 Κοιναί
3530 2587 3624 2660 μὲν
3684 2588 3786 2665 γὰρ
3847 2591 3901 2644 αἱ

2249 2677 2419 2755 φωναὶ
2453 2675 2542 2730 καὶ
2599 2679 2716 2738 τοῖς
2765 2673 3006 2750 ἀλόγοις’
3037 2672 3335 2744 ἰδιάζουσαι
3395 2673 3453 2730 δὲ
3499 2677 3633 2752 πρὸς
3676 2677 3764 2731 τὸν
3799 2678 3900 2732 ἅν-

2250 2766 2466 2839 θρωπον
2527 2762 2792 2838 γίνονται,
2825 2762 2950 2818 ὅταν
3006 2765 3169 2836 ἡμεῖς
3214 2769 3295 2836 τῷ
3348 2765 3466 2818 κατ’
3517 2765 3698 2820 εἰκόνα
3725 2765 3815 2820 καὶ
3850 2768 3896 2839 ᾧ

2249 2851 2612 2925 ἐτιμηΘημεν,
2643 2851 2821 2924 τούτῳ
2869 2848 3230 2914 ἀδιαλείπτως
3275 2854 3629 2929 χρησώμεθα.
3682 2854 3762 2911 Τὰ
3794 2855 3895 2928 μὶν

2247 2942 2351 3014 γὰρ
2413 2945 2738 3013 σωματικῶς
2796 2936 2960 3013 αὔξειο
3003 2943 3166 3014 ἡμεῖς
3218 2937 3295 3012 δὲ,
3344 2946 3750 3014 πνευματικῶς³
3799 2943 3894 2998 καὶ

2244 3029 2311 3083 τὰ
2344 3029 2460 3102 μὲν,
2501 3027 2580 3100 τῷ
2623 3027 2822 3098 πλήθει
2881 3025 3093 3103 πληροῖ
3130 3029 3230 3096 τήν
3257 3035 3378 3103 γῆν
3437 3031 3599 3100 ἡμεῖς
3654 3025 3712 3082 δὲ
3738 3027 3891 3100 πλη-

2249 3121 2445 3192 ροῦμεν
2503 3121 2621 3178 ταῖς
2699 3117 2921 3190 ἀγαθαῖς
2980 3115 3252 3190 ἐργασίαις
3303 3118 3401 3185 τήν
3465 3117 3887 3192 ωνεζευγμὲνην

477 3225 689 3264 sumus
719 3206 1192 3279 impraetermisse
1222 3205 1338 3260 illis
1381 3207 1469 3261 usi
1511 3206 1816 3261 fuerimus.
1850 3211 1996 3262 Nam
2029 3208 2130 3264 illa

2244 3209 2380 3277 ἡμῖν
2410 3212 2560 3280 γῆν,,
2591 3205 2832 3259 τουτέστι
2882 3204 2980 3272 τήν
3034 3205 3348 3276 σωματικὴν
3394 3201 3701 3262 διάπλασιν.
3733 3202 3884 3262 ’Ἰδοὺ

472 3297 708 3370 quidem
754 3294 1037 3364 corporali
1091 3298 1402 3363 augmento
1451 3299 1761 3363 crescunt;
1801 3312 1905 3350 nos
1934 3302 2127 3352 autem

472 3384 723 3458 spiritali
759 3401 771 3439 :
806 3388 981 3455 atque
1011 3381 1114 3436 illa
1144 3382 1381 3454 quidem
1415 3387 1632 3437 terram
1675 3383 1898 3454 replent
1930 3385 2128 3440 multi-

472 3474 607 3548 plici
639 3471 870 3540 sobole;
905 3488 1009 3526 nos
1064 3488 1196 3526 vero
1247 3471 1619 3541 conjunctam
1675 3473 1845 3527 nobis
1887 3478 2127 3542 terram,

473 3579 685 3634 corpus
716 3560 938 3616 scilicet
968 3577 997 3616 e
1045 3565 1194 3615 terra
1223 3559 1614 3630 eil‘ormatum,
1641 3559 1809 3615 bonis
1833 3561 2128 3632 replemus

472 3651 768 3723 cperibus.
823 3651 951 3704 Ecce
999 3648 1125 3703 dedi
1176 3648 1340 3715 vobis,
1396 3647 1634 3718 inquit:
1690 3653 1866 3705 Omne
1914 3651 2125 3720 lignum

472 3740 616 3813 quod
660 3742 899 3809 fructum
941 3738 1098 3793 habet
1147 3740 1203 3793 in
1253 3739 1557 3809 semetipso,
1590 3741 1695 3794 erit
1743 3740 1895 3795 vobis
1940 3743 1997 3795 in
2047 3743 2124 3796 ci-

474 3831 602 3886 bum
631 3829 698 3884 ”.
749 3826 904 3882 Nihil
957 3825 1210 3881 Ecclesia
1253 3831 1597 3898 praetereat:
1630 3828 1826 3883 omnia
1864 3829 2128 3901 legitima

473 3919 630 3972 sunt.
657 3915 780 3970 Non
806 3914 990 3968 dixit:
1018 3913 1156 3968 Dedi
1186 3913 1351 3968 vobis
1376 3914 1561 3983 pisces
1593 3916 1771 3970 maris
1803 3917 1860 3970 in
1893 3918 2122 3985 cibum;

471 4005 603 4060 dedi
634 4004 794 4058 vobis
821 4019 1064 4074 pecora;
1100 4002 1230 4056 dedi
1267 4002 1517 4074 reptilia,
1549 4003 1828 4072 volatilia,
1870 4007 2123 4076 quadru-

469 4093 637 4166 peda.
669 4092 794 4147 Non
825 4091 980 4146 enim
1015 4092 1072 4146 in
1101 4090 1257 4145 hunc
1280 4108 1454 4146 usum
1488 4093 1646 4148 fuere
1676 4094 2118 4165 creata,inquit;

467 4183 567 4237 sed
599 4181 791 4253 prima
823 4180 910 4235 lex
942 4185 1005 4234 ut
1035 4179 1321 4234 fructibus
1341 4196 1710 4236 vesceremur
1734 4188 2119 4242 concesserat.

463 4270 671 4325 Adhuc
703 4269 858 4324 enim
895 4269 1164 4337 paradiso
1198 4267 1359 4338 digni
1382 4268 1851 4338 existimabatur,
1873 4273 2121 4343 ejusque

461 4374 588 4429 quaa
621 4357 678 4410 in
712 4372 780 4411 ea
809 4361 898 4410 est
927 4355 1116 4410 victus
1150 4356 1399 4411 ratione.
1442 4356 1756 4421 Qualeuam
1800 4376 1930 4416 vero
1962 4363 2117 4432 quod

460 4447 522 4502 in
555 4445 750 4501 abdito
783 4445 1010 4513 adjacet
1055 4443 1442 4516 mysterium?
1481 4446 1644 4510 Quod
1687 4447 1968 4503 nimirum
2002 4467 2115 4504 non

463 4535 656 4592 solum
691 4533 881 4602 nobis,
917 4533 1015 4587 sed
1051 4538 1107 4587 et
1154 4532 1334 4587 mutis
1393 4534 1794 4591 animantibus
1828 4537 2116 4594 universis
2152 4561 2195 4624 Ι)

463 4625 667 4680 eadem
701 4628 840 4677 tunc
868 4638 935 4676 ex
974 4621 1235 4691 frugibus
1267 4625 1433 4677 terra;
1464 4627 1521 4678 et
1550 4625 1877 4682 seminibus
1909 4627 2117 4684 alimo-

465 4713 562 4769 nia
591 4713 911 4768 constituta
951 4710 1144 4764 fuerit.
1177 4710 1311 4765 Ecce
1351 4713 1522 4778 enim,
1567 4713 1779 4784 inquit,
1809 4715 1940 4771 dedi
1969 4718 2119 4772 vobis

461 4816 620 4858 omne
659 4799 925 4872 pabulum
963 4801 1236 4853 seminate
1284 4802 1563 4855 seminans
1609 4818 1808 4870 semen,
1859 4805 1999 4876 quod
2040 4814 2119 4861 est

455 4906 625 4962 super
653 4897 862 4944 terram
886 4908 904 4955 ,-
947 4897 1002 4942 et
1033 4903 1193 4942 omne
1221 4889 1438 4955 lignum
1469 4891 1618 4960 quod
1647 4891 1807 4947 habet
1836 4895 1897 4948 in
1922 4898 2115 4950 semet-

2241 3291 2450 3348 δέδωκα
2511 3294 2659 3365 ὑμῖν·
2712 3297 2819 3346 Πᾶν
2877 3292 3033 3362 ξύλον
3107 3291 3238 3369 ὅπερ
3310 3292 3516 3366 καρπὸν
3584 3287 3723 3368 ἔχει,
3779 3315 3885 3372 φη-

2237 3383 2342 3451 τὶν,
2411 3381 2466 3436 ἐι
2539 3381 2731 3453 ἑαυτῷ,
2803 3380 2932 3452 ὑμῖν
3015 3374 3161 3435 ἔσται
3248 3380 3324 3443 εἷς
3412 3382 3631 3458 βρῶσιν,
3693 3384 3874 3453 Μηεέν

2237 3471 2625 3546 παρατρεχὲτω
2683 3471 2718 3538 ἡ
2788 3467 3110 3539 Ἐκκλησία·
3194 3470 3369 3524 πάντα
3451 3468 3659 3542 νόμιμά
3714 3469 3880 3527 ἐστιν.

2237 3560 2350 3614 Οὐκ
2380 3560 2511 3614 εἶπε·
2548 3555 2766 3612 Δὲδωκα
2815 3557 2943 3630 ὑμῖν
2974 3555 3100 3618 τοὺς
3133 3555 3328 3633 ἰχθύας
3358 3561 3459 3622 τῆς
3491 3556 3767 3630 θαλάσσης
3800 3559 3882 3622 εἰς

2240 3649 2441 3724 βρῶσιν
2473 3649 2574 3721 (α)’
2609 3643 2818 3701 δέδωκα
2845 3646 2972 3718 ὑμῖν
3015 3645 3082 3700 τὰ
3123 3647 3322 3716 κτήνη,
3352 3645 3418 3700 τά
3447 3646 3663 3722 ἑρπετὰ,
3693 3647 3759 3701 τὰ
3790 3669 3882 3703 πε-

2233 3738 2401 3804 τεινὰ,
2433 3736 2500 3791 τὰ
2523 3733 2844 3811 τετράποδω
2881 3735 2942 3790 οὐ
3000 3734 3104 3810 γὰρ
3155 3735 3362 3789 τούτων
3409 3731 3582 3790 ἕνεκεν
3635 3734 3883 3806 ἐκτίσθη-

2236 3848 2350 3894 σαν,
2391 3825 2574 3901 φησίνο
2608 3823 2738 3879 ἀλλ’
2794 3827 2828 3894 ἡ
2889 3825 3079 3897 πρώτη
3131 3823 3420 3896 νομοθεσία
3469 3829 3690 3899 καρπῶν
3747 3825 3880 3880 ἀπό-

2235 3913 2423 3969 λαυσιν
2454 3913 2856 3988 συνεχώρησεν.
2888 3915 3005 3969 Ἔτι
3037 3912 3137 3988 γὰρ
3180 3912 3540 3986 ἐνομιζόμεθα
3570 3912 3708 3983 ἄξιοι
3742 3913 3879 3968 εἶναι

2231 4008 2326 4058 τοῦ
2358 3999 2686 4077 παραδείσου
2738 4001 2828 4056 καὶ
2874 4009 2974 4070 τῆς
3017 4000 3068 4056 ἐν
3120 4000 3266 4074 αὐτῷ
3310 3999 3546 4064 διαίτπς.
3577 4005 3700 4056 Οἴον
3736 4000 3792 4057 δὲ
3821 4002 3878 4058 τί

2231 4091 2340 4147 ἐστι
2370 4091 2461 4146 καὶ
2509 4091 2572 4146 τὸ
2630 4091 2681 4144 ἐν
2729 4095 2808 4162 τῷ
2863 4087 3182 4144 λανθάνοντα.
3239 4090 3632 4166 παρακείμενον
3665 4094 3874 4163 μυστή-

2229 4201 2369 4257 ριονο
2403 4181 2485 4235 ὅτι
2515 4180 2576 4234 οὐ
2614 4178 2775 4253 μόνον
2808 4181 2968 4252 ἡμῖν,
2998 4175 3144 4233 ἀλλὰ
3186 4178 3276 4234 καὶ
3303 4185 3421 4242 τοῖς
3455 4179 3676 4256 ἀλόγοις
3712 4181 3875 4250 ζώοις

2228 4275 2408 4338 πᾶσιν,
2441 4271 2476 4338 ἡ
2508 4267 2640 4336 αὐτὴ
2673 4266 2730 4322 ἐκ
2759 4272 2867 4323 τῶν
2914 4272 3136 4342 καρπῶν
3166 4271 3266 4334 τῆς
3319 4275 3424 4342 γῆς
3453 4268 3542 4322 καὶ
3571 4273 3678 4323 τῶν
3711 4289 3876 4342 σπερ-

2231 4361 2414 4432 μάτων
2476 4358 2679 4434 ὡρίσθη
2706 4361 2786 4430 τῷ
2841 4356 2963 4411 τότε
3009 4361 3207 4436 τροφή.
3264 4355 3403 4412 Ἰδοὺ
3433 4357 3556 4433 γὰρ,
3599 4357 3751 4436 φησὶ,
3787 4355 3873 4413 δὲ-

2229 4446 2377 4502 δωκα
2473 4447 2598 4520 ὑμῖν
2703 4446 2870 4500 κᾶντα
2968 4444 3169 4522 χόρτον
3271 4441 3564 4521 σπόριμον,
3648 4451 3874 4520 σπεῖρον

2229 4538 2462 4610 σπέρμα,
2497 4535 2527 4590 ὅ
2565 4533 2719 4590 ’ἐστιν
2779 4533 2959 4588 ἐπάνω
3013 4542 3115 4604 τῆς
3168 4541 3290 4609 γῆς’
3347 4532 3436 4588 καὶ
3497 4537 3598 4586 πᾶν
3647 4532 3810 4602 ξύλον
3843 4533 3874 4588 ὅ

2229 4624 2343 4702 ἔχει
2403 4625 2454 4680 ἐν
2515 4625 2689 4697 ἑαυτῷ
2747 4624 2949 4700 καρπὸν
3016 4622 3323 4697 σπέρματος
3381 4619 3674 4694 σπορίμου,
3741 4622 3868 4694 ὑμῖν

2228 4712 2376 4769 ἔσται
2423 4713 2501 4776 εἷς
2564 4715 2792 4789 βρῶσιν,
2851 4712 2938 4767 καὶ
2987 4717 3116 4766 πᾶσι
3164 4715 3281 4771 τοῖς
3339 4707 3552 4783 θηρίοις
3607 4711 3706 4774 τῆς
3737 4717 3869 4784 γῆς,

2225 4803 2314 4858 καὶ
2373 4808 2667 4864 πᾶσι’τοῖς
2743 4805 3009 4864 πετεινοῖς
3084 4804 3188 4873 μοῦ
3247 4799 3500 4874 οὐρανοῦ,
3555 4797 3645 4852 καὶ
3704 4800 3868 4854 παντί

2227 4894 2435 4967 ἑρπετῷ
2459 4889 2675 4968 ἕρποντι
2708 4889 2794 4944 ἐπὶ
2819 4896 2919 4958 τῆς
2943 4895 3065 4965 γῆς.

452 4982 568 5052 ipso
599 4981 839 5050 fructum
890 4976 1117 5032 seminis
1147 4979 1457 5046 seminatis,
1513 4979 1660 5034 vobis
1702 4984 1808 5036 erit
1847 4982 1906 5035 in
1952 4982 2153 5055 cibum,
2201 4984 2516 5052 cunctisque
2565 4981 2750 5036 bestiis
2801 4987 2982 5049 terra,
3013 4987 3066 5034 et
3121 4978 3330 5034 cunctis
3380 4975 3699 5032 volucribus
3747 4978 3868 5033 cali

458 5069 716 5138 omnique
749 5065 955 5138 reptili,
990 5067 1134 5136 quod
1162 5075 1346 5134 reptat
1385 5084 1550 5140 super
1578 5073 1788 5124 terram
1827 5071 1896 5125 ³³.

524 5157 579 5212 3.
603 5155 780 5228 Atqui
814 5171 969 5210 nunc
1001 5155 1155 5210 dicat
1185 5155 1400 5228 aliquis
1443 5175 1457 5213 :
1491 5157 1772 5215 Videmus
1803 5159 2114 5233 plerasque

451 5245 668 5302 bestias
699 5262 814 5301 non
847 5243 1002 5300 vesci
1035 5245 1346 5300 fructibus.
1382 5246 1504 5310 Quo
1537 5247 1694 5302 enim
1741 5250 1935 5305 fructu
1966 5267 2110 5323 pan-

451 5333 624 5390 thera
681 5333 861 5389 vitam
920 5335 1176 5388 sustinet
1225 5332 1517 5390 tolerare?
1546 5336 1680 5406 quis
1721 5352 1858 5393 vero
1889 5340 2115 5396 fructus

526 5461 571 5498 ²¹
605 5461 745 5530 Gen.
778 5475 932 5532 xxvx,
967 5459 1052 5515 t3.
1130 5459 1275 5517 Gen.
1305 5477 1346 5527 ι,
1377 5461 1467 5518 29.
1545 5463 1688 5520 ibid.
1722 5464 1812 5534 29,
1845 5465 1936 5522 30.

528 5568 826 5651 (a)_Verba
855 5565 1132 5622 δέδωκα...
1160 5566 1390 5653 βρῶσιν.
1419 5573 1821 5657 supplevimus
1846 5590 1915 5630 ex
1935 5575 2107 5631 Com-

453 5640 658 5699 hensio
683 5659 699 5702 ;
735 5646 802 5699 ut
820 5657 956 5698 mox
982 5657 1052 5698 ex
1081 5640 1335 5699 editione
1366 5644 1677 5702 Bamleensi
1710 5646 1896 5702 Ἔτι...
1927 5664 2098 5702 παρα-

683 5664 699 5713 ί
735 5664 802 5699 ιιι
821 5664 956 5698 ωυι
982 5664 1052 5698 δι
1081 5664 1335 5699 θωιιοιιϐ
1366 5664 1677 5702 υᾶειιϐθηει
1713 5664 1896 5704 ἹΒτι...
1927 5664 2098 5722 παρα-

2293 5161 2347 5215 3.
2380 5157 2480 5212 Καὶ
2505 5157 2612 5232 μὴν
2657 5153 2806 5212 εέποι
2853 5173 2956 5218 τις’
2991 5156 3102 5212 Νῦν
3150 5155 3364 5231 ὁρῶμεν
3395 5151 3464 5207 τὰ
3511 5149 3740 5207 πλείονα
3757 5155 3865 5207 τῶν

2224 5250 2427 5328 θηρίων
2486 5254 2716 5326 καρποῖς
2779 5249 2855 5323 μὴ
2926 5246 3247 5326 τρεφόμενα.
3311 5245 3466 5319 ΙΙοίῳ
3519 5245 3618 5323 γὰρ
3674 5248 3866 5318 καρπῷ

2225 5337 2474 5417 ἀνέχεται
2533 5334 2802 5415 πάρδαλις
2849 5340 3148 5414 τραφῆναι;
3178 5337 3263 5404 τίς
3320 5333 3378 5393 δὶ
3412 5333 3618 5414 καρπὸς
3650 5329 3868 5391 δύναται

2215 5571 2414 5648 δείσου,
2445 5575 2506 5632 in
2552 5578 2804 5647 utraque
2846 5574 3183 5648 Combeﬁsii
3212 5577 3272 5632 et
3310 5566 3864 5648 Garnerii_editione

2207 5639 2448 5720 omissa,
2480 5665 2608 5723 quas
2635 5639 2834 5707 tamen
2864 5647 3250 5706 Combefisius
3277 5645 3550 5702 verterat.
3581 5639 3740 5697 Enrr.
