4134 6212
222 313 298 374 ιε
898 301 908 311 ’
1210 301 1315 363 DE
1356 296 1688 387 manus
1732 301 1900 365 s'rm

2014 300 2203 366 PURA
2244 302 2539 365 ORATIO
2582 303 2662 365 ιι.
2876 254 2883 263 “
3559 306 3644 369 ιο

225 440 419 499 λέοντα
473 435 668 514 θρίψαι
695 453 714 505 ;
768 430 931 491 Ἀλλ’
974 430 1128 501 ἴστω,
1163 429 1248 486 ὅτι
1275 428 1375 486 καῒ
1396 431 1584 500 ταῦτα,
1614 433 1696 503 τῷ
1720 430 1878 505 νόμῳ

2014 450 2217 491 eonem
2242 438 2433 507 potest
2450 433 2643 491 alere?
2670 435 2821 491 Scite
2847 433 3234 493 nihilominus
3258 438 3454 492 tamen
3476 439 3633 510 quod

221 537 320 601 τῆς
377 528 591 608 φύσεως
644 522 1075 598 ὑποτεταγμένα,
1132 525 1367 608 καρποῖς
1414 520 1478 575 τὸ
1527 521 1651 597 πρὶν
1689 516 1893 608 διετρᾼὲ-

225 604 402 700 ιρετοο⁷
438 613 629 684 ἔπειδή
668 611 729 669 δὲ
776 614 805 666 6
850 608 1135 700 ἄνθρωπος
1183 606 1527 700 ἐξεδιῃτήθη,
1586 608 1672 665 καὶ
1733 604 1885 700 ἐξέϐη

231 696 362 771 τοὺς
393 710 559 785 ὸρους
587 702 709 766 τοὺς
738 700 993 766 δοθέντας
1044 699 1213 773 αύτῷ,
1277 700 1413 773 μετά
1468 698 1560 753 τὸν
1618 696 1891 752 κατακλυ-

236 800 376 873 σμὸν
420 794 580 857 εἶδὼς
630 794 707 868 (α)
752 793 780 846 ὁ
830 790 1031 867 Κύριος
1060 787 1298 868 ἀφειδεῖς
1352 787 1482 852 τοὺς
1536 787 1887 863 ἀνθρώπους,

238 887 459 944 πάντων
522 884 617 953 τὴν
688 880 989 936 ἀπόλαυσιν
1059 879 1428 955 συνεχώρησε.
1491 878 1671 932 Πάντα
1723 881 1891 932 ταῦτα

245 975 475 1055 φάγεσθε
520 973 590 1036 ὡς
635 971 853 1047 λάχανα
906 965 1368 1055 χόρτου-*Ταύτῃ
1418 969 1487 1041 λῇ
1536 967 1889 1040 συγχωρήσει

246 1050 426 1121 καὶίτᾶ
456 1060 619 1117 λοιπᾶ
665 1063 779 1129 ζῶα
838 1056 996 1121 εὐθὺς
1042 1050 1208 1111 ἔλαϐε
1251 1056 1353 1125 τὴν
1403 1059 1500 1110 τοῦ
1532 1058 1887 1132 σαρκοφαγεῖν

252 1150 444 1208 ἄδειαν.

309 1244 357 1298 4.
390 1238 475 1309 Ἐξ
530 1235 741 1292 ἐκείνου
796 1233 992 1290 λοιπὸν
1042 1227 1334 1308 ᾡμοϐόρος
1377 1234 1405 1287 ὁ
1456 1231 1631 1288 λὲων·
1666 1231 1717 1302 ἐξ
1750 1228 1889 1285 ἐκεί-

236 1347 328 1381 νου
361 1327 451 1381 καὶ
476 1329 648 1401 γῦπες
676 1321 1002 1395 ἀναμένουσι
1056 1323 1379 1394 θνησιμαῖα.
1428 1320 1507 1377 Οὐ
1565 1316 1743 1390 δήπου
1786 1317 1888 1393 γάρ

240 1414 318 1471 καὶ
374 1418 547 1491 γῦπες
582 1414 726 1486 ὁμοῦ
776 1416 856 1484 τῷ
912 1410 1247 1487 γεννηθῆἀαι
1305 1414 1437 1479 ζῶα,
1496 1407 1888 1484 περιεσκόπουν

240 1505 326 1573 τήν
353 1510 487 1579 γῆν·
521 1502 679 1556 οὕπω
734 1501 839 1575 γάρ
867 1521 920 1555 τι
978 1499 1240 1563 ἀπέθανεν
1277 1502 1384 1552 τῶν
1441 1497 1587 1573 παρὰ
1634 1501 1757 1569 Θεῷ
1814 1499 1890 1569 (b)

237 1591 566 1668 γενομὲνων,
628 1588 713 1643 ἴνα
754 1592 920 1665 γῦπες
972 1593 1267 1664 τραφῶσιν.
1326 1582 1467 1644 Οὔτε
1496 1587 1600 1662 γὰρ
1650 1588 1685 1657 ἡ
1735 1586 1891 1664 φύσις

238 1680 579 1758 διεχείριζεν’
649 1679 857 1751 ἀκμαῖα
907 1676 1051 1752 γάρ’
1111 1674 1237 1731 οὔτε
1288 1675 1520 1751 θηραταὶ
1578 1675 1886 1730 ἆνάλωσαν’

235 1770 386 1826 οὔπω
414 1770 520 1846 γὰρ
578 1765 924 1839 ἐπιτήδευσις
969 1765 1035 1834 ἦν
1085 1766 1274 1838 θήρας·
1337 1764 1399 1819 οὐ
1457 1764 1618 1839 Θηρία
1675 1762 1884 1819 διέσπα’

237 1857 357 1915 οὗτε
387 1858 494 1934 γὰρ
552 1856 621 1926 ἦν
646 1850 933 1931 ὡμοϐόρα’
986 1855 1120 1931 γυψὶ
1161 1852 1219 1908 δὲ
1267 1853 1491 1924 σύνηθες
1538 1853 1645 1907 ἀπὸ
1690 1857 1891 1930 νεκρῶν

240 1947 570 2010 διαιτᾶσθαι.
630 1946 790 1999 Ὠστε
842 1942 995 1998 οὔπω
1051 1943 1118 2012 ἦν
1178 1942 1361 2015 νεκρὰ,
1419 1941 1573 1996 οὔπω
1631 1938 1889 2011 δυσωδία,

240 2036 394 2091 οὔπω
451 2034 675 2104 τοιαύτη
706 2033 887 2110 τροφή
929 2035 1133 2107 γυπῶν·
1166 2030 1313 2086 ἀλλὰ
1339 2031 1529 2092 πάντες
1574 2030 1643 2085 τά
1681 2029 1889 2086 κύκνων

243 2124 531 2201 διῃτῶντο,
592 2122 681 2178 καὶ
734 2121 909 2178 πάντα
962 2119 1090 2182 τοὺς
1144 2117 1415 2194 λειμῶνας
1445 2119 1753 2192 ἐπενέμετο.
1789 2121 1889 2176 Καὶ

241 2216 325 2271 οἷα
375 2214 597 2289 ὁρῶμεν
646 2210 809 2275 κύνας
863 2208 1143 2285 Θεραπείας
1186 2205 1359 2263 ἕνεκεν
1418 2207 1691 2271 πολλάκις
1716 2207 1893 2284 ἄγρω-

244 2325 353 2359 στιν
384 2298 840 2375 ἑπινεμομίνους,
875 2297 973 2353 ούκ
1000 2295 1190 2367 ἐπειδὴ
1222 2300 1477 2374 συμφυὴς
1525 2298 1625 2353 αύτ
1638 2304 1709 2360 λῖς
1751 2299 1891 2353 ἐστιν

244 2396 277 2463 ἡ
306 2393 511 2470 τροφὴ,
572 2388 701 2445 ἀλλ’
733 2385 919 2457 ἐπειδὴ
952 2385 1225 2460 ἄδιδάκτῳ
1254 2388 1359 2443 τινὶ
1399 2386 1609 2465 φύσεως
1642 2384 1894 2443 διδασκα-

245 2480 337 2555 λίᾳ
364 2481 454 2537 ἐπὶ
483 2481 547 2536 τὸ
578 2476 857 2555 συμφέρον
902 2473 1121 2554 ἔρχεται
1172 2478 1242 2532 τὰ
1288 2474 1466 2553 ἄλογα
1487 2495 1501 2510 ·
1554 2481 1778 2533 τοιαῦτα
1805 2476 1896 2531 καὶ

247 2571 367 2626 τότε
395 2569 616 2644 λόγισαι
661 2567 980 2632 καθεστάναι
1011 2566 1080 2622 τὰ
1104 2571 1194 2622 νῦν
1250 2561 1518 2643 ὡμοϐόρα
1552 2571 1662 2623 τῶν
1717 2566 1897 2636 ζώων,

244 2660 335 2715 καὶ
364 2662 441 2733 (c)
466 2657 669 2734 χόρτον
703 2658 917 2718 ἑαυτοῖς
958 2656 1166 2734 τροφὴν
1198 2654 1454 2725 ἐπινοεῖν,
1498 2655 1597 2710 ούκ
1625 2652 1900 2725 ἀλλήλοις

248 2743 696 2803 ἐπιϐουλεύοντα·
727 2744 858 2802 ἀλλ’
891 2742 980 2800 οἵα
1032 2744 1226 2819 μὲΛλει
1284 2744 1410 2799 sive:
1471 2744 1606 2817 μετὰ
1647 2748 1812 2799 ταῦτα
1862 2746 1897 2814 ἡ

251 2836 705 2903 ἀποκατάστασις,
750 2834 977 2905 τοιαύτη
1028 2834 1096 2903 ἧν
1128 2835 1162 2904 ἠ
1196 2836 1388 2910 πρώτη
1448 2833 1672 2909 γένεσις.
1707 2834 1901 2888 Ἐπαν-

253 2932 478 3002 έρχεται
510 2921 569 2978 δὲ
620 2924 647 2978 ὁ
691 2924 977 2999 ἄνθρωπος
1025 2920 1111 2978 ἐπὶ
1160 2922 1259 2991 τὴν
1309 2921 1481 2978 πάλαι
1527 2921 1692 2977 αὐτοῦ
1737 2922 1901 2977 κατά-

256 3036 461 3082 στασιν,
520 3019 622 3083 τῆς
674 3012 942 3086 πονηρίας
986 3011 1275 3090 ἀφέμενος,
1335 3010 1426 3066 καὶ
1481 3018 1581 3081 τῆς
1620 3012 1742 3083 περὶ
1801 3012 1900 3082 τὴν

254 3103 457 3179 γεηράν
513 3100 715 3170 ταύτην
764 3100 855 3155 καὶ
902 3098 1168 3177 ὀδυνηρὰν
1229 3100 1373 3169 ζωὴν
1432 3099 1764 3175 μοχθηρίας,
1792 3104 1902 3154 τῶν

1921 1822 1967 1886 Β

1996 524 2121 579 Ι]ωο
2145 524 2273 596 ipsa
2301 522 2415 596 legi
2466 528 2687 581 natura:
2741 524 3019 580 obsecuta
3072 523 3299 596 pridem
3347 525 3641 585 fructibus

1996 614 2409 669 vescebantur:
2431 616 2743 685 postquam
2771 618 2963 675 autem
2992 612 3165 669 homo
3187 613 3497 685 pristinam
3520 631 3649 671 mu-

1996 701 2142 756 tavit
2170 701 2297 756 vitae
2321 702 2629 769 rationem,
2654 702 2920 774 ﬁnesque
2939 701 3051 758 sibi
3073 703 3426 761 constitutos
3445 719 3645 760 exces-

1998 789 2094 858 sit,
2118 791 2322 846 videns
2351 791 2636 847 Dominus
2666 795 2799 862 post
2828 790 3116 847 diluvium
3143 791 3411 849 homines
3440 794 3644 865 profu-

1999 895 2096 933 sos
2109 878 2644 951 deliciis,nullaque
2655 879 2970 936 obstrictos
2984 880 3645 951 parcimonia,vescendi

1998 967 2274 1023 omnibus
2298 966 2631 1023 facultatem
2655 967 2811 1023 fecit.
2837 967 3045 1024 Cuncta
3060 968 3195 1040 hac,
3216 969 3430 1042 inquit,
3465 986 3646 1028 come-

1997 1056 2154 1122 detis,
2176 1059 2336 1127 quasi
2354 1058 2502 1113 olera
2544 1059 2792 1112 virentia
2830 1058 2893 1113 ²⁸.
2928 1059 3050 1123 Quo
3082 1074 3383 1127 concesso,
3416 1058 3645 1131 reliqua

1998 1161 2232 1216 quoque
2249 1145 2569 1202 animantia
2584 1146 2794 1202 edendi
2809 1147 3009 1202 statim
3032 1145 3328 1203 licentiam
3344 1162 3641 1221 accepere.

2071 1234 2123 1290 4.
2153 1236 2231 1289 Ex
2250 1233 2349 1289 illo
2370 1235 2498 1305 jam
2523 1240 2581 1290 et
2599 1235 2687 1290 leo
2713 1236 3091 1292 crudivorus:
3128 1253 3199 1292 ex
3239 1236 3338 1292 illo
3377 1237 3645 1294 vultures

1998 1324 2170 1378 avida
2198 1322 2511 1394 gulositate
2541 1328 2882 1395 exspectant
2912 1327 3213 1381 cadavera.
3245 1325 3445 1399 Neque
3483 1327 3642 1382 840
3731 1348 3734 1352 λ

1998 1410 2153 1465 enim
2173 1411 2432 1467 vultures
2449 1411 2626 1467 simul
2650 1429 2719 1469 ac
2730 1413 3006 1469 animalia
3019 1413 3217 1485 genita
3228 1415 3645 1482 sunt,ciroum-

1998 1499 2330 1555 lustrabant
2342 1505 2555 1556 terram
2566 1501 2733 1566 .Quid
2747 1502 2904 1557 enim
2919 1518 3120 1558 eorum
3136 1519 3263 1574 qua;
3276 1519 3312 1558 a
3323 1507 3435 1559 Deo
3446 1507 3646 1561 creata

1997 1594 2215 1657 essent,
2249 1590 2451 1646 statim
2504 1590 2826 1663 interierat,
2880 1595 2945 1646 ut
2988 1591 3248 1648 vultures
3302 1590 3646 1649 alerentur?

1997 1677 2196 1749 Neque
2226 1679 2381 1733 enim
2412 1683 2624 1735 natura
2654 1680 2780 1735 neci
2812 1681 3026 1749 dabat;
3052 1681 3267 1752 quippe
3289 1696 3417 1753 quae
3440 1681 3646 1754 vigens

1998 1768 2330 1839 ﬂorensque
2386 1773 2547 1836 erat;
2599 1785 2789 1840 neque
2834 1774 3139 1826 venatores
3188 1770 3643 1842 disperdebant;

1998 1858 2261 1912 nondum
2293 1856 2450 1913 enim
2484 1874 2580 1913 ars
2612 1860 2863 1914 venandi
2892 1862 3059 1915 erat:
3093 1875 3200 1915 nec
3230 1859 3434 1916 bestiae
3478 1864 3649 1916 erant

1998 1963 2125 2018 quae
2143 1946 2576 2019 discerperent;
2599 1964 2734 2002 nam
2756 1964 2944 2019 neque
2958 1952 3126 2004 erant
3147 1947 3488 2004 crudivora:
3511 1947 3646 2005 vul-

1998 2034 2232 2090 turibus
2250 2051 2386 2091 vero
2406 2053 2475 2092 ex
2499 2035 2696 2091 indole
2724 2041 2813 2092 est
2832 2041 2897 2091 ut
2911 2037 3294 2093 cadaveribus
3312 2040 3641 2094 vescantur.

1999 2125 2187 2188 Quare
2199 2125 2462 2179 nondum
2485 2129 2653 2180 erant
2673 2125 2982 2193 cadavera;
3005 2126 3266 2181 nondum
3297 2126 3469 2193 fetor;
3494 2141 3640 2182 non-

2002 2214 2142 2268 dum
2162 2212 2301 2269 talis
2319 2213 2620 2269 vulturum
2652 2230 2813 2270 esca:
2840 2215 2940 2270 sed
2955 2215 3155 2271 omnia
3173 2230 3489 2288 cycnorum
3516 2231 3643 2271 mo-

2003 2318 2064 2358 re
2092 2302 2456 2369 victitabant,
2480 2307 2802 2374 cunctaque
2822 2303 2877 2358 in
2903 2305 3085 2376 pratis
3118 2303 3531 2375 pascebantur.
3562 2303 3648 2360 Ac

2003 2391 2155 2447 sicut
2173 2392 2442 2447 videmus
2463 2408 2640 2447 canes
2661 2391 2981 2448 curationis
3002 2408 3184 2448 causa
3202 2391 3359 2448 haud
3375 2408 3507 2449 raro
3519 2408 3653 2465 gra-

2006 2496 2140 2536 men
2162 2481 2504 2552 depascere;
2534 2498 2651 2537 non
2689 2481 2844 2554 quod
2871 2481 2948 2538 sit
2977 2481 3097 2537 illis
3128 2481 3423 2554 genuinus
3444 2498 3514 2539 ex
3546 2498 3651 2538 na-

2007 2574 2140 2624 tura
2181 2570 2531 2626 conveniens
2567 2571 2757 2638 cibus,
2795 2571 2894 2626 sed
2925 2571 3080 2643 quod
3116 2569 3368 2627 naturali
3397 2572 3653 2643 quodam

2007 2659 2293 2714 instinctu
2323 2659 2505 2715 bruta:
2534 2660 2867 2716 animantes
2896 2660 2955 2715 in
2990 2660 3048 2716 id
3080 2661 3350 2716 feruntur
3378 2661 3535 2732 quod
3592 2660 3655 2716 iu

2009 2763 2131 2803 rem
2158 2762 2359 2802 earum
2392 2748 2757 2804 conducibile
2784 2752 2892 2804 est.
2925 2749 3228 2819 Ejusmodi
3274 2749 3467 2821 cogita
3515 2751 3658 2804 tunc

2010 2836 2191 2892 fuisse
2223 2852 2349 2908 quae
2383 2853 2539 2892 nunc
2571 2837 2879 2892 crudivora
2906 2842 3047 2893 sunt
3067 2836 3367 2906 animalia,
3391 2852 3522 2908 quas
3543 2835 3657 2892 sibi

2010 2924 2155 2998 ipsis
2177 2924 2416 2980 herbam
2442 2924 2727 2981 virentem
2751 2942 2947 2981 escam
2966 2925 3388 2997 prospicerent,
3414 2940 3521 2981 nec
3540 2923 3656 2980 sibi

2013 3017 2218 3069 mutuo
2249 3012 2498 3069 insidias
2529 3018 2828 3069 struerent
2854 3029 2867 3067 :
2901 3014 3003 3069 sed
3035 3012 3230 3085 qualis
3259 3017 3392 3084 post
3421 3013 3542 3069 hac
3564 3012 3656 3069 fu-

2012 3107 2145 3158 tura
2182 3107 2272 3157 est
2298 3103 2359 3158 in
2388 3102 2704 3174 pristinum
2756 3102 3068 3169 restitutio,
3121 3101 3260 3158 talis
3297 3108 3423 3158 erat
3465 3103 3660 3175 prima

255 3193 378 3268 περὶ
429 3191 499 3246 τὰ
550 3189 782 3266 βιωτικὰ
817 3193 1003 3261 ταῦτα,
1051 3189 1118 3244 τὰ
1144 3190 1244 3258 τὴν
1293 3191 1478 3265 ψυχὴν
1512 3186 1900 3257 ωνθολοῦντα,

2014 3191 2357 3264 procreatio.
2392 3191 2717 3248 Revertitur
2745 3196 2939 3247 autem
2962 3191 3138 3247 homo
3153 3192 3225 3247 ad
3247 3190 3565 3263 pristinum
3587 3189 3659 3246 il-

254 3278 557 3359 φροντίδων
605 3280 698 3334 καὶ
760 3282 1060 3353 μεριμνῶν.
1108 3282 1287 3332 Ταῦτα
1342 3278 1436 3333 οὗν
1485 3278 1657 3333 πάντα
1705 3277 1905 3341 ἀποθέ-

257 3391 441 3443 μενος,
470 3368 563 3424 ἐπὶ
593 3368 685 3423 τὸν
718 3367 770 3423 ἰν
819 3364 1131 3442 παραδείσῳ
1182 3365 1503 3442 ὑποστρέφει
1552 3366 1666 3443 βίον
1702 3365 1903 3423 ἐκεῖνον

256 3460 347 3513 τὸν
371 3455 696 3513 ἀδούλωτον
726 3460 843 3518 τοῖς
883 3454 1075 3520 πάθεσι
1124 3458 1223 3522 τῆς
1281 3456 1499 3531 σαρκὸς⁹
1555 3456 1645 3511 τὸν
1696 3454 1907 3511 ἐλεύθεο

255 3568 369 3622 ρον,
413 3547 508 3601 τὸν
565 3550 687 3619 Θεῷ
740 3544 1056 3617 συνόμιλον,
1112 3545 1205 3600 τὸν
1256 3544 1514 3620 ἀγγέλοις
1567 3544 1907 3618 ὁμοδίαιτον.

253 3639 436 3695 Ταῦτα
473 3634 654 3690 τοίνυν
715 3630 930 3711 εἴρηται
987 3635 1144 3706 ἡμῖν,
1202 3632 1302 3688 ούκ
1357 3630 1544 3703 ἐπειδὴ
1601 3632 1912 3689 ἀποκλείειν

255 3724 493 3799 θέλομεν
542 3730 643 3793 τῆς
686 3720 983 3797 δεδομένης
1014 3725 1152 3796 ἡμῖν
1181 3723 1327 3798 παρᾶ
1355 3727 1488 3779 Θεοῦ
1519 3724 1776 3799 χρήσεως
1803 3728 1911 3778 τῶν

258 3813 598 3891 βρωμάτων,
653 3810 780 3867 ἀλλ’
834 3810 920 3866 ἵνα
971 3812 1064 3867 τὸν
1118 3813 1310 3888 πρώην
1365 3811 1746 3886 μακαρίσωμεν
1775 3812 1916 3888 χρό-

256 3923 369 3960 νον·
402 3900 498 3958 οἷόι
526 3901 595 3971 ἦν
628 3903 663 3971 ἡ
696 3900 821 3956 τότε
869 3902 1006 3970 ζωὴ,
1033 3899 1186 3963 ὅπως
1217 3898 1544 3977 ἀπροσδεής,
1576 3902 1726 3963 ὅπως
1759 3899 1917 3977 ὀλιγ-

254 3995 474 4066 αρκής·
540 3995 661 4054 πῶς
715 3990 928 4066 βραχέα
983 3988 1123 4044 πάνυ
1172 3990 1263 4045 καὶ
1314 3990 1607 4067 εὐπόριστα
1660 3991 1729 4046 τὰ
1782 3990 1920 4065 πρὸς

255 4085 354 4152 τήν
387 4085 491 4137 τοῦ
528 4080 654 4155 βίου
694 4076 971 4155 διαγωγὴν
1022 4084 1139 4142 τοῖς
1193 4081 1501 4156 ἀνθρώποις
1558 4079 1914 4153 συντείνοντα,

257 4172 348 4227 καὶ
380 4175 507 4231 πῶς
538 4170 603 4224 τὸ
633 4168 889 4224 ποικίλον
914 4175 1015 4239 τῆς
1048 4165 1261 4239 διαίτης
1315 4171 1451 4241 ἡμῖν
1500 4171 1535 4239 ἡ
1578 4176 1677 4239 τῆς
1735 4171 1909 4243 ἁμαρ-

256 4260 377 4324 τίας
427 4259 834 4334 σννεισήνεγκεν
895 4257 1043 4313 αἰτία
1074 4302 1088 4316 .
1142 4255 1360 4327 Ἐπειδὴ
1414 4257 1515 4335 γὰρ
1565 4265 1668 4329 τῆς
1722 4256 1919 4329 ἀληθι-

259 4357 358 4420 νῆς
388 4355 609 4426 τρυφῆς
652 4350 753 4412 τῆς
801 4346 853 4403 ἐν
899 4353 980 4421 τῷ
1027 4345 1338 4424 παραδείσῳ
1368 4346 1705 4421 ἐξεπέσαμεν,
1766 4368 1921 4403 νενο-

265 4440 528 4512 θευμὲνας
605 4436 810 4515 τρυφὰς
884 4438 964 4511 (d)
1034 4437 1249 4499 ἑαυτοῖς
1326 4436 1760 4511 ἐπενοησάμεθα’
1829 4439 1917 4493 καὶ

2014 3280 2140 3336 lum
2170 3284 2411 3351 statum,
2446 3280 2731 3352 pravitate
2764 3279 3017 3347 solutus,
3064 3279 3336 3353 circaque
3364 3284 3659 3336 terrenam

2017 3369 2168 3425 hanc
2199 3386 2265 3424 ac
2297 3385 2688 3426 aerumnosam
2717 3369 2896 3425 vitam
2931 3368 3090 3442 gravi
3110 3367 3397 3437 molestia,
3421 3384 3529 3425 nec
3545 3383 3663 3424 non

2020 3459 2176 3515 curis
2206 3476 2271 3515 ac
2303 3458 2802 3515 sollicitudinibus
2832 3474 2970 3531 erga
3000 3458 3307 3515 saecularia
3338 3458 3461 3514 hmo
3481 3472 3668 3529 exque

2019 3548 2147 3604 vitae
2178 3565 2313 3614 usu,
2346 3546 2527 3603 animi
2586 3563 2860 3603 serenum
2920 3546 3242 3603 turbantia.
3305 3548 3431 3603 Haao
3487 3546 3671 3620 igitur

2022 3637 2222 3693 omnia
2253 3637 2352 3709 qui
2384 3636 2759 3707 abdicaverit,
2793 3637 2864 3691 ad
2897 3636 3076 3691 vitam
3110 3634 3271 3691 illam
3302 3635 3363 3690 in
3396 3635 3672 3707 paradiso

2024 3725 2163 3782 olim
2197 3725 2574 3780 constitutam
2607 3723 2973 3796 postliminio
3005 3724 3195 3792 redit;
3241 3714 3420 3779 vitam
3472 3724 3673 3795 utique

2024 3813 2363 3871 carnalibus
2385 3813 2544 3869 vitiis
2574 3812 2718 3868 nihil
2739 3814 3071 3879 obnoxiam,
3096 3812 3340 3868 liberam
3362 3811 3672 3878 illam,Deo

2026 3900 2528 3965 contubernalem,
2564 3900 2788 3974 angelis
2819 3901 3064 3956 sociam.
3099 3905 3228 3955 Haec
3260 3917 3429 3972 porro
3450 3899 3610 3954 dicta
3638 3917 3674 3955 a

2028 3992 2198 4049 nobis
2230 3995 2388 4058 sunt,
2421 4007 2536 4046 non
2570 3990 2723 4062 quod
2747 4007 2782 4045 a
2811 4006 3089 4045 concesso
3112 3989 3282 4044 nobis
3311 4006 3345 4044 a
3373 3989 3490 4044 Deo
3513 3988 3671 4045 cibo-

2030 4099 2161 4138 rum
2192 4098 2303 4137 usu
2337 4095 2532 4136 arcere
2563 4077 2850 4146 velimus;
2897 4079 2997 4133 sed
3052 4081 3118 4133 ut
3167 4077 3344 4148 prisci
3389 4078 3673 4149 temporis

2032 4170 2369 4227 felicitatem
2404 4168 2826 4241 praedicamus;
2864 4165 3056 4239 qualis
3084 4165 3207 4221 vita
3244 4164 3367 4221 haec
3412 4169 3557 4233 erat,
3609 4168 3677 4221 ut

2030 4259 2188 4316 curis
2218 4258 2421 4328 libera,
2454 4262 2520 4313 ut
2550 4257 2819 4330 frugalis,
2869 4259 2933 4311 ut
2989 4271 3174 4327 pauca
3218 4253 3387 4310 valde
3429 4253 3680 4327 ipsaque

2031 4349 2301 4422 expedita
2331 4349 2402 4404 ad
2458 4347 2640 4403 vitam
2686 4345 3129 4417 transigendam
3176 4343 3437 4399 humano
3480 4345 3680 4417 generi

2032 4438 2438 4507 conducentia,
2472 4440 2529 4492 et
2559 4440 2625 4492 ut
2653 4436 2830 4491 variis
2860 4434 3111 4507 dapibus
3144 4433 3403 4489 diii‘ertas
3445 4449 3685 4489 mensas

268 4524 458 4594 ἒπειδή
509 4524 692 4580 ούκέτι
729 4521 1003 4617 βλέπομεν
1030 4527 1093 4580 τὸ
1127 4525 1287 4598 ξύλον
1328 4533 1429 4596 τῆς
1483 4529 1648 4598 ζωῆς,
1691 4523 1817 4581 οὐδὲ
1843 4531 1900 4599 τῆ

2034 4544 2151 4584 una
2180 4526 2351 4582 nobis
2382 4525 2600 4580 invexit
2630 4522 2857 4596 peccati
2883 4539 3087 4579 causa.
3128 4522 3448 4593 Postquam
3470 4521 3627 4577 enim
3653 4538 3690 4578 a

266 4613 460 4670 κάλλει
493 4612 686 4687 ἐκείνῳ
740 4614 812 4687 (ε)
871 4608 1292 4690 ἑναόρυνόμεθα.
1353 4612 1613 4686 ἐδόθησαν
1658 4617 1794 4689 ἡμῖν
1849 4616 1894 4671 εἷ

2035 4616 2188 4673 veris
2220 4614 2339 4671 illis
2368 4613 2630 4686 paradisi
2661 4612 2886 4668 deliciis
2916 4611 3263 4677 excidimus,
3319 4608 3691 4666 adulterinas

268 4702 575 4759 ἀπόλαυσιν
631 4703 884 4779 μάγειροι
934 4702 1154 4776 λοιπὸν,
1199 4704 1289 4761 καὶ
1329 4704 1639 4781 ἀρτοποιοὶ,
1673 4704 1760 4760 καὶ
1792 4725 1929 4778 πεμ-

2039 4705 2337 4776 falsasque
2359 4702 2527 4759 nobis
2546 4701 2787 4758 delicias
2804 4699 3214 4756 adiuvenimus
3232 4715 3245 4755 :
3266 4699 3543 4771 quodque
3558 4699 3687 4770 jam

276 4794 461 4863 μάτων
521 4789 797 4847 ποικιλίαι
852 4791 943 4847 καὶ
1000 4793 1380 4865 θυμιαμάτων,
1424 4794 1513 4848 καὶ
1562 4794 1788 4848 τοιαῦτά
1810 4815 1891 4848 τιν

2042 4793 2299 4866 amplius
2328 4792 2555 4865 lignum
2587 4790 2716 4847 vita:
2750 4806 2864 4846 non
2898 4788 3318 4860 conspicimus,
3342 4804 3447 4844 nec
3461 4788 3566 4844 illa
3583 4805 3688 4845 no-

272 4880 748 4956 παραμυθούμενι
776 4881 934 4952 ἡμῶν
963 4882 1065 4951 τὴν
1093 4879 1291 4945 ἐκεῖθεν
1321 4877 1611 4940 ἔκπτωσιν.

2043 4885 2136 4940 bis
2168 4881 2612 4955 pulchritudine
2642 4879 2945 4951 placemus
2975 4881 3032 4933 et
3060 4876 3406 4949 gloriamur,
3454 4875 3516 4932 in
3564 4892 3688 4934 rem

274 4976 545 5026 nostram
579 4969 942 5042 iraendaque
969 4970 1099 5026 vitaa
1153 4970 1308 5027 lenia
1351 4988 1579 5028 cessere
1633 4972 1804 5044 coqui
1856 4990 1923 5029 ac
1983 4972 2256 5046 pistores,
2312 4974 2592 5041 variaque
2648 4966 3029 5024 bellariorum
3089 4982 3157 5023 ac
3211 4964 3688 5023 sufﬁmeutorum

272 5075 519 5132 genera,
550 5058 801 5131 eiusque
828 5059 1060 5132 generis
1089 5060 1203 5117 alia
1233 5061 1497 5133 quasdam
1532 5061 1717 5117 nostri
1745 5062 1881 5118 inde
1910 5062 2114 5137 lapsus
2143 5059 2373 5116 solatia.

341 5151 398 5204 5.
442 5148 654 5220 Ὠσπερ
711 5146 764 5201 οἱ
815 5151 1117 5219 νοσοῦντες,
1162 5146 1288 5204 ὅταν
1346 5143 1767 5218 καταϐληθῶσιν
1830 5151 1933 5206 ὑπὸ

2115 5152 2169 5206 5.
2204 5149 2275 5206 Ut
2294 5148 2547 5221 egrotis,
2572 5146 2673 5218 qui
2697 5144 2860 5218 gravi
2882 5142 3079 5216 aliquo
3105 5143 3308 5199 morbo
3352 5143 3694 5201 conﬂictan-

276 5232 519 5314 σφοδρᾶς
548 5233 880 5315 ἀρρωστίας,
923 5237 987 5293 οὐ
1018 5234 1304 5312 δυνάμενοι
1362 5236 1609 5314 μετέχειν
1659 5245 1762 5309 τῆς
1810 5259 1900 5295 συν

2045 5244 2166 5312 tur,
2187 5253 2322 5295 cum
2345 5236 2535 5294 solitis
2555 5233 2956 5307 voluptatibus
2976 5231 3091 5288 frui
3111 5248 3227 5288 non
3244 5232 3494 5305 possint,
3517 5248 3697 5307 quas-

348 5362 397 5399 ³⁸
426 5362 575 5419 Gen.
611 5377 689 5434 xx,
721 5363 778 5419 3.

384 5490 442 5549 ιι)
472 5483 673 5549 Εἰδὼς.
706 5487 879 5545 Forte
909 5484 1060 5545 ῗδών.
1096 5492 1254 5548 Enrr.

384 5506 419 5544 ιι
472 5488 673 5549 Εἰδὼς.
706 5488 879 5545 Forte
909 5488 1060 5545 ἲδών.
1096 5492 1162 5545 EI

378 5561 408 5614 b
462 5563 568 5615 ea“
611 5561 788 5618 Forte
819 5562 974 5617 Θεοῦ.
1006 5560 1162 5618 Eun.

357 5488 442 5703 {ei
460 5580 586 5690 Καιίῖ
616 5632 725 5690 Hic
756 5631 1162 5692 collocavimui

616 5632 725 5690 Hic
756 5631 1180 5692 collocavimus
1207 5632 1355 5691 illud
1386 5634 1508 5708 καί,
1541 5635 1696 5708 quod
1734 5634 1943 5692 statim

2054 5494 2196 5565 post
2217 5484 2823 5565 uaeas-qdvatt_positum
2857 5487 3005 5542 erat.
3027 5484 3188 5540 Eurr.

2148 5562 2181 5617 d
2232 5559 2467 5691 Ἰὲρυφάς.
2501 5556 2610 5618 Ms.
2640 5556 2862 5635 τροφάς.

2125 5562 2205 5707 Ec;
2236 5633 2249 5654 ’
2297 5632 2480 5707 κείνῳ.
2508 5634 2687 5701 Ροιδῐσ
2707 5627 2862 5686 ὲκείνι

2154 5627 2205 5707 ε)
2236 5627 2480 5708 Ἐκέίνῳ.
2508 5627 2687 5701 Forte
2707 5627 2934 5686 ἐκείνου.
2968 5627 3123 5684 Eul’r.
3158 5684 3165 5693 ,
