4134 6212
503 352 584 409 47
1443 346 1838 407 APPENDIX
1879 346 2204 409 OPERU‘M
2255 346 2320 407 S.
2369 346 2648 408 BASILH
2697 348 2971 422 MAGNI,
3830 356 3908 414 48

505 485 638 540 dam
669 482 915 537 odorum
934 480 1250 536 suavitates
1277 479 1480 536 medici
1504 479 1975 536 subministrant.
2001 479 2127 535 Cun

2260 480 2431 548 ἤθους
2487 477 2862 547 ἀπολαύσεως,
2935 477 3293 556 ὅσφραντικάς
3351 503 3499 545 τινας
3577 485 3722 559 παρᾶ
3799 489 3904 539 τῶν

500 572 655 629 enim
681 570 1117 626 robustioribus
1137 569 1416 624 obiectari
1448 586 1562 624 non
1585 568 1774 634 liceat,
1806 586 1935 641 quea
1966 569 2145 624 infir-

502 660 614 717 mis
645 664 1037 714 consentanea
1065 658 1162 724 sit,
1192 675 1378 729 exque
1406 674 1606 714 eorum
1642 659 1813 712 modo
1874 658 2148 713 sensibus

503 748 929 813 oblandientes,
981 747 1380 804 delinitionem
1430 748 1814 819 prospiciunt.
1881 747 2028 810 Quin
2091 752 2147 802 et

502 855 660 895 nunc
691 853 940 909 quoque,
974 837 1192 908 quibus
1223 837 1610 892 constitutum
1644 835 1740 899 sit,
1775 840 1841 889 ut
1870 836 1941 890 ad
1992 837 2143 904 ejus,

504 944 630 999 quae
653 927 711 980 in
734 926 1006 998 paradiso
1029 929 1173 994 erat,
1193 925 1324 979 vitae
1343 941 1608 980 normam
1636 923 1892 978 rationes
1911 930 2144 978 nostras

501 1015 904 1080 instituamus,
941 1013 1213 1084 pinguem
1249 1013 1402 1066 hanc
1430 1011 1606 1066 lautis
1635 1011 1887 1082 dapibus
1927 1029 1991 1065 ac
2049 1028 2142 1065 co-

504 1104 685 1176 piosis
715 1103 1073 1174 voluptatem
1107 1106 1396 1166 caventes,
1439 1101 1508 1155 ad
1555 1116 1679 1154 eam
1735 1100 1937 1170 vitam,
1985 1101 2141 1170 quod

498 1192 636 1248 licet
666 1209 768 1264 per
798 1192 1151 1256 facultatem,
1185 1208 1290 1245 nos
1321 1191 1479 1261 ipsos
1517 1189 1904 1260 surrigamus,
1941 1189 2143 1242 fructi-

505 1283 735 1353 busque
773 1287 831 1336 et
851 1280 1176 1336 seminibus
1199 1284 1255 1334 et
1279 1278 1465 1349 pomis
1491 1294 1557 1332 ac
1578 1277 1829 1332 nucibus
1852 1277 1978 1332 vitae
2011 1294 2142 1332 sns-

502 1371 792 1426 tentandae
826 1373 1077 1434 utentes,
1111 1368 1262 1438 quod
1297 1367 1389 1420 his
1424 1365 1679 1436 amplius
1709 1370 1799 1419 est
1829 1370 1894 1420 ut
1944 1365 2142 1421 minus

505 1458 898 1515 necessarium
942 1471 1308 1526 respuamus.
1363 1453 1487 1509 Non
1540 1454 1676 1525 quia
1725 1455 2144 1510 abominabilia

503 1547 642 1614 sint,
676 1546 892 1615 quippe
917 1560 1050 1599 cum
1087 1548 1198 1598 Deo
1229 1547 1464 1598 auctore
1495 1549 1702 1598 cuncta
1759 1548 1953 1598 creata
2000 1544 2140 1612 sint,

501 1634 601 1690 sed
636 1633 790 1704 quod
822 1632 895 1687 ob
925 1633 1121 1687 carnis
1152 1633 1364 1687 bonam
1396 1631 1798 1687 habitudinem
1824 1649 2142 1687 nocumen—

498 1725 560 1778 to
590 1737 704 1776 non
740 1725 997 1776 careant.

570 1811 624 1865 6.
685 1812 749 1865 Et
804 1812 1071 1883 requievit
1130 1811 1267 1866 Dem
1322 1811 1390 1865 ab
1441 1809 1692 1866 omnibus
1742 1812 1994 1881 operibus
2031 1813 2145 1866 suis

499 1901 592 1956 die
620 1901 843 1971 septimo
865 1900 931 1953 9".
967 1899 1165 1954 Dicant
1198 1899 1380 1971 igitur
1409 1898 1788 1964 arithmetici,
1822 1903 1875 1953 et
1909 1898 2006 1970 qui
2055 1903 2143 1954 ta-

500 1987 659 2045 libus
689 1989 906 2044 studiis
936 1987 1308 2056 incumbunt,
1343 2003 1408 2042 ac
1439 2002 1541 2040 ceu
1576 2003 1857 2059 magnum
1891 1988 2030 2058 quid
2060 1993 2136 2040 rei

498 2079 679 2146 huius
711 2095 776 2134 ac
810 2093 1187 2132 numerorum
1216 2078 1442 2147 jactant
1474 2075 1804 2144 scientiam,
1840 2077 2137 2130 senarium

497 2169 644 2224 3M
667 2183 974 2224 numerum
993 2166 1193 2220 mundi
1211 2165 1485 2221 creationi
1503 2180 1629 2220 esse
1641 2165 1971 2235 affinem,eo
1985 2166 2137 2237 quod

493 2257 666 2329 longe
698 2253 1155 2312 fecundissimus
1185 2255 1282 2323 sit,
1312 2255 1525 2308 multas
1556 2270 1621 2308 ex
1653 2269 1716 2308 se
1747 2255 1981 2326 pariens
2031 2271 2138 2308 nu-

492 2359 788 2399 merorum
820 2344 1066 2415 species,
1100 2341 1342 2414 suisque
1373 2342 1498 2413 ipse
1532 2342 1798 2412 partibus
1844 2342 2136 2413 perfectus

488 2432 751 2500 exsistat,
785 2449 850 2488 ac
883 2449 1245 2505 quaecunque
1277 2432 1348 2486 de
1377 2431 1608 2486 senario
1635 2431 1760 2486 suis
1780 2431 1838 2486 in
1858 2432 2134 2487 scholicis

487 2521 990 2592 disputationibus
1023 2519 1373 2575 arithmetici
1423 2520 1727 2592 garriunt:
1777 2537 1842 2575 ac
1889 2522 1935 2575 si
1989 2521 2134 2576 forte

484 2615 668 2681 vacat,
704 2625 808 2683 per
837 2625 965 2665 sese
996 2624 1125 2664 esse
1156 2609 1404 2663 dicatur.
1438 2609 1642 2663 Dicant
1669 2625 1803 2663 vero
1835 2615 1894 2664 et
1925 2611 1993 2664 de
2038 2627 2129 2666 se-

486 2699 774 2771 ptenario,
806 2698 1011 2755 essein
1035 2713 1100 2752 eo
1132 2699 1448 2768 quamdam
1476 2697 2029 2765 sterilitatislabem,
2066 2704 2132 2754 ut

489 2786 590 2860 qui
621 2803 724 2852 nec
751 2786 930 2842 alium
966 2803 1033 2841 ex
1060 2802 1121 2841 se
1151 2801 1462 2840 numerum
1498 2785 1720 2858 gignat,
1755 2802 1859 2841 nec
1890 2787 1961 2842 ab
2019 2787 2130 2842 alio

488 2877 616 2948 ipse
639 2875 932 2947 gignatur.
964 2877 1042 2930 Ac
1075 2891 1147 2929 ne
1177 2874 1484 2945 multiplici
1546 2890 1738 2929 rerum
1789 2877 2133 2933 tractatione

490 2981 822 3022 sermonem
855 2965 1210 3037 protrabam,
1245 2964 1430 3019 missa
1460 2980 1585 3034 qua:
1618 2965 1689 3019 ad
1722 2981 1823 3019 vos
1854 2965 2130 3022 instituta

487 3056 671 3112 oratio
697 3058 802 3121 est,
830 3054 896 3108 ad
922 3070 988 3109 ea
1011 3070 1137 3124 quis
1155 3069 1321 3124 aequa
1337 3053 1529 3124 magis
1550 3053 1910 3125 ingenuique
1945 3056 2126 3109 animi

485 3159 552 3199 ac
584 3143 912 3199 necessaria
943 3142 1349 3214 procedamus.
1384 3141 1544 3204 Quod
1580 3141 1628 3196 si
1660 3141 1792 3212 quis
1822 3141 1994 3196 etiam
2053 3143 2124 3198 iis

481 3231 542 3286 in
573 3231 748 3287 rebus
777 3234 1043 3286 versatus
1073 3233 1180 3296 est,
1215 3229 1265 3283 is
1297 3229 1524 3284 noverit
1550 3229 1756 3283 barum
1792 3246 2024 3302 quoque
2046 3249 2127 3286 re-
2157 3208 2199 3274 (ἶ

480 3337 613 3377 rum
643 3320 988 3376 thesaurum
1021 3319 1172 3389 apud
1212 3335 1316 3373 nos
1348 3318 1708 3373 reconditum
1745 3334 1884 3374 esse.
1937 3322 2126 3382 Quare

481 3410 529 3464 si
570 3407 767 3480 magni
825 3407 1089 3463 facienda
1134 3410 1222 3460 est
1262 3404 1650 3472 arithmetica,
1696 3406 1786 3460 hic
1829 3408 1942 3462 sita
1987 3414 2126 3464 sunt

479 3497 859 3554 arithmetica:
892 3496 1140 3552 semina.
1169 3495 1286 3550 Nos
1316 3511 1449 3549 vero
1481 3511 1594 3550 non
1626 3494 1685 3550 in
1715 3495 1850 3551 istis
1895 3496 2124 3553 animos

479 3588 796 3657 sumimus,
829 3587 984 3658 quod
1019 3601 1049 3641 e
1083 3583 1287 3640 mundi
1335 3584 1589 3656 profecta
1637 3584 1927 3656 sapientia
1979 3585 2122 3654 sint,

479 3679 581 3732 aut
609 3676 668 3730 in
699 3676 827 3746 ejus
860 3691 985 3745 quas
1017 3690 1086 3728 ex
1115 3671 1310 3726 seaculi
1345 3688 1455 3727 usu
1504 3675 1594 3726 est
1639 3671 1938 3744 sapientiai
1985 3689 2122 3746 gra-

478 3765 622 3820 tiam
650 3809 662 3825 .
683 3780 812 3836 quae
834 3763 1022 3834 magis
1045 3777 1318 3833 spernere
1339 3765 1404 3814 ut
1432 3759 1660 3833 exigua,
1700 3778 1803 3816 nec
1839 3762 1908 3816 ad
1940 3763 2123 3818 virtu-

481 3860 597 3912 tem
622 3852 1030 3919 conducentia,
1056 3866 1233 3922 quam
1256 3850 1714 3920 ostentarejussi
1738 3857 2118 3907 sumus.Nam

479 3944 579 4017 qui
611 3942 742 4000 istis
773 3941 1038 3996 studium
1071 3953 1430 4010 operampue
1462 3945 1696 4004 navant,
1743 3940 1935 4011 parvis
1985 3940 2121 3996 hinc

476 4040 570 4106 (ex
599 4040 798 4091 nostra
828 4032 1049 4088 scilicet
1077 4031 1364 4101 doctrina)
1396 4030 1597 4085 furtim
1644 4031 1914 4096 sublatis,
1965 4033 2120 4088 suis-

475 4141 589 4195 que
609 4124 870 4196 ipsorum
893 4119 1403 4176 lucubrationibus
1420 4119 1801 4189 admistis,ita
1824 4137 1884 4174 se
1898 4121 2120 4193 magni-

473 4213 580 4268 fice
604 4212 850 4282 jactant.
883 4210 998 4264 Nos
1027 4208 1248 4279 itaque,
1296 4211 1360 4262 ut
1410 4206 1546 4261 hinc
1591 4207 1708 4263 illis
1757 4207 1998 4280 liqueat,
2051 4226 2117 4266 ea

472 4317 580 4356 nos
609 4298 909 4370 despectui
937 4298 1152 4352 habere
1183 4313 1309 4368 quis
1341 4295 1425 4350 sic
1471 4296 1624 4367 apud
1673 4297 1831 4369 ipsos
1880 4297 2112 4369 plurimi

471 4391 634 4457 ﬁant,
670 4389 900 4445 silentio
954 4391 1453 4450 transcurramus,
1501 4385 1602 4456 qui
1647 4386 1719 4440 de
1760 4386 1878 4441 illis
1921 4403 2113 4446 sermo

470 4484 581 4536 est.
606 4477 794 4536 Simul
816 4493 968 4541 vero,
992 4475 1146 4548 quod
1177 4474 1467 4545 ejusmodi
1499 4490 1691 4529 rerum
1723 4474 2112 4534 consideratio

2265 566 2462 642 ἰατρῶν
2508 563 2846 641 λαμϐάνουσι
2875 565 3165 640 δεξιώσεις.
3231 569 3459 641 Ἐπειδὴ
3505 573 3608 649 γὰρ
3653 578 3761 628 τῶν
3793 595 3908 629 στε-

2265 658 2539 732 ρεωτέρων
2591 656 2669 719 εἷς
2715 656 3013 713 ἀπόλαυσιν
3071 656 3470 728 έκπεπτώκασι,
3530 661 3606 723 εἰς
3663 661 3907 718 ἀπόλαυ-

2262 766 2343 798 σιν
2372 745 2680 820 σύμμετρον
2738 750 2806 818 τῇ
2859 747 3104 817 ἀσθενείᾳ
3132 746 3360 819 τούτων,
3419 749 3472 802 οἱ
3517 747 3908 814 κολακεύοντες

2259 833 2433 888 αὐτῶν
2507 835 2605 897 τὰς
2682 835 2959 904 αἰσθήσεις
3017 839 3324 910 περινοοῦσι
3377 838 3686 911 θεραπείαν.
3747 838 3902 910 Πλὴν

2259 921 2406 978 ἀλλὰ
2451 922 2539 976 καὶ
2597 928 2686 977 νῦν
2734 924 2870 977 κατά
2922 923 3152 996 μίμησιν
3201 927 3302 988 τῆς
3358 923 3410 978 ἐν
3455 930 3535 996 τῷ
3590 925 3906 1002 παραδείσῳ

2260 1014 2403 1079 ζωῆς
2452 1011 2674 1076 ἑαυτοὺς
2721 1015 2863 1087 ἄγειν
2919 1011 3293 1087 βουλόμενοι,
3345 1013 3630 1089 φεύγοντες
3703 1016 3907 1088 ταύτην

2252 1102 2354 1169 τήν
2386 1101 2667 1166 πολύθλον
2699 1107 2806 1156 τῶν
2841 1101 3145 1177 βρωμάτων
3203 1102 3527 1174 ἀπόλαυσιν,
3587 1105 3670 1160 ἐπ’
3700 1107 3904 1162 ἐκεῖνον

2251 1191 2342 1244 τὸν
2403 1190 2540 1264 βίον,
2586 1193 2769 1254 καθώς
2819 1190 2928 1245 έστι
2977 1189 3221 1259 δυνατὸν,
3282 1192 3503 1257 ἑαυτοὺς
3550 1194 3905 1269 ἀναγώμεθα,

2251 1285 2483 1354 καρποῖς
2530 1281 2620 1334 καὶ
2668 1279 2960 1355 σπέρμασι,
3009 1281 3097 1336 καὶ
3143 1287 3259 1343 τοῖς
3318 1282 3376 1336 ἐκ
3431 1287 3538 1337 τῶν
3583 1281 3902 1357 ἀκροδρύων

2253 1367 2327 1429 εἷς
2375 1366 2648 1444 διαγωγὴν
2680 1370 2983 1445 χρώμενοι⁹
3031 1369 3092 1424 τὸ
3144 1368 3201 1424 δὲ
3247 1372 3498 1447 περισσὸν
3549 1372 3780 1441 τούτων,
3828 1375 3907 1439 ὡς

2252 1457 2354 1510 οὐκ
2382 1457 2669 1533 ἀναγκαῖον
2703 1458 3178 1531 ἀποπεμπώμεθα.
3213 1458 3335 1534 Οὐχ
3365 1461 3448 1514 ὅτι
3502 1458 3786 1536 βδελυκτά·
3841 1463 3904 1518 ἆκ

2253 1549 2385 1600 Θεοῦ
2415 1546 2514 1620 γὰρ
2546 1547 2720 1599 πάντα
2749 1547 3048 1621 γεγένηται·
3083 1544 3210 1602 ἀλλ’
3242 1545 3326 1601 ὅτι
3381 1543 3644 1624 βλαϐερὰ,
3678 1546 3768 1604 διὰ
3798 1551 3900 1619 τήν

2248 1636 2348 1698 τῆς
2374 1634 2569 1708 σαρκὸς
2603 1635 2913 1698 εὐπάθειαν.

2359 1853 2372 1866 .
2426 1809 2525 1864 Καὶ
2610 1810 2934 1865 κατέπαυσεν
3020 1811 3048 1865 ὁ
3125 1811 3253 1873 Θεὸς
3319 1810 3425 1866 ἀπὸ
3508 1812 3722 1868 πάντων
3789 1819 3899 1869 τῶν

2252 1893 2420 1973 ἔργων
2475 1899 2642 1953 αὐτοῦ
2697 1903 2765 1972 τῇ
2820 1899 3000 1973 ἡμέρᾳ
3055 1903 3124 1971 τῇ
3183 1894 3409 1972 ἐϐδόμῃ.
3465 1901 3770 1976 Λιγέτωσαν
3806 1901 3900 1957 οὖν

2253 1986 2628 2059 ἀριθμητικοί,
2672 1987 2762 2042 καὶ
2811 1989 2863 2042 οἱ
2910 1987 3033 2055 περὶ
3060 1985 3226 2042 ταῦτα
3257 1987 3646 2063 ἐσχολακότες,
3677 1990 3766 2044 καὶ
3796 1992 3902 2060 τὴν

2249 2075 2506 2145 τοιαύτην
2564 2076 2752 2151 σοφίαν
2814 2076 2930 2130 ἀντὶ
2991 2077 3230 2152 μεγάλου
3286 2079 3711 2151 κατορθώματος
3758 2100 3899 2156 προ-

2249 2159 2610 2238 ϐαλλόμενοι,
2670 2166 2721 2218 οἱ
2783 2166 2876 2236 μὲν
2937 2163 3019 2219 ὅτι
3079 2167 3346 2240 συγγενὴς
3403 2171 3473 2240 τῇ
3531 2172 3627 2221 τοῦ
3684 2167 3900 2242 κόσμου

2245 2252 2424 2308 κτίσεέ
2479 2255 2506 2307 ὁ
2567 2251 2617 2323 ἔξ
2648 2253 2902 2326 ἀριθμὸς,
2932 2254 2984 2306 οἱ
3017 2250 3064 2307 δ’
3092 2253 3174 2307 ὅτι
3205 2253 3510 2329 πολύγονός
3543 2254 3675 2322 ἐστι,
3707 2255 3902 2313 πολ-λὰ

2245 2344 2507 2418 σχήματα
2572 2343 2817 2417 ἀριθμῶν
2879 2342 2966 2419 ἀφ’
3017 2342 3210 2396 ἑαυτοῦ
3267 2342 3486 2398 τίκτων⁶
3537 2345 3627 2399 καὶ
3683 2345 3899 2411 τέλειος

2241 2437 2358 2493 τοῖς
2408 2432 2598 2485 ἑαυτοῦ
2661 2433 2892 2504 μέρεσι,
2949 2431 3038 2485 καὶ
3100 2430 3197 2484 ὅσα
3261 2433 3387 2506 περί
3441 2435 3541 2497 τῆς
3601 2432 3786 2505 ἑξάδος
3838 2433 3892 2490 έν

2242 2528 2363 2581 ααις
2421 2517 2709 2594 σχολικαῖς
2781 2516 3074 2589 διαλέξεσιν
3133 2520 3484 2595 ἀριθμητικοὶ
3535 2519 3891 2597 διηγοῦνται·

2241 2607 2297 2664 εἷ’
2335 2629 2453 2670 πως
2501 2606 2706 2683 σχολὴ,
2754 2609 2874 2661 καθ’
2925 2608 3109 2662 ἑαυτὸν
3158 2607 3416 2684 λεγέσθω.
3479 2612 3790 2685 Λεγέτωσαν
3833 2609 3892 2667 δέ

2239 2697 2481 2770 καὶπερὶ
2529 2703 2628 2766 τῆς
2676 2691 3005 2768 ἑϐδομάδος,
3053 2696 3137 2751 ὅτι
3191 2697 3470 2770 στείρωσίς
3500 2699 3585 2761 τίς
3643 2698 3784 2754 ἐστιν
3834 2700 3889 2754 έν

2237 2790 2317 2858 τῷ
2358 2781 2599 2859 ἑϐδόμῳ
2650 2783 2773 2840 οὔτε
2820 2786 2914 2858 μὲν
2973 2785 3078 2862 γὰρ
3130 2790 3285 2861 γεννῇ
3343 2786 3434 2864 ἀφ’
3490 2787 3706 2855 ἑαυτοῦ,
3766 2786 3892 2844 οὕτε

2239 2875 2366 2950 παρ’
2413 2875 2598 2950 ἑτέρου
2647 2874 2884 2929 τίκτεται
2933 2876 2961 2929 ὁ
3008 2879 3117 2928 τῶν
3165 2876 3301 2930 ἑπτὰ
3340 2876 3593 2950 ἀριθμός.
3646 2876 3743 2931 Καὶ
3795 2874 3892 2932 ⁴’ίνα

2243 2964 2319 3037 μὴ
2353 2963 2428 3026 είς
2459 2961 2738 3018 πολύῦλον
2771 2962 2992 3038 κατάγω
3023 2963 3113 3018 τὸν
3163 2962 3357 3038 λόγον,
3386 2964 3484 3030 τήν
3519 2961 3756 3035 διάλεξιν
3785 2966 3890 3033 τὴν

2239 3053 2373 3127 πρὸς
2451 3053 2588 3124 ὑμᾶς
2671 3049 3021 3126 διαδραμὼν,
3100 3051 3186 3106 ἐπὶ
3269 3051 3338 3105 τὰ
3412 3051 3889 3126 εὖγνωμονέστερα

2238 3142 2584 3216 χωρήσωμεν
2635 3140 2725 3195 καὶ
2794 3139 3203 3214 ἀναγκαιότερα.
3258 3138 3322 3194 Εἰ
3381 3136 3438 3193 δέ
3493 3159 3576 3200 τις
3619 3139 3709 3193 καὶ
3759 3140 3887 3214 περὶ

2236 3233 2401 3282 ταῦτα
2449 3227 2565 3303 ἔχει
2595 3229 2715 3282 τινὰ
2744 3226 3046 3303 ἐμπειρίαν,
3097 3225 3251 3294 ἴστω,
3311 3226 3392 3280 ὅτι
3432 3227 3519 3281 καὶ
3575 3231 3701 3300 παρ’
3747 3231 3887 3301 ἡμῖν

2235 3317 2608 3372 ἐναπόκειται·
2687 3317 2825 3372 ὥστε
2896 3316 2940 3370 εἰ
3021 3317 3154 3390 μέγα
3219 3315 3580 3390 ἀριθμητικὴ,
3659 3315 3889 3381 ἆνταῦθά

2235 3404 2346 3461 ἐστι
2384 3413 2486 3474 τῆς
2540 3405 2909 3479 ἀριθμητικῆς
2961 3405 3029 3459 τὰ
3075 3405 3378 3480 σπέρματα.
3445 3409 3633 3476 Ἡμεῖς
3700 3402 3758 3459 δὲ
3819 3405 3884 3460 οὗ

2235 3499 2537 3570 φρονοῦμεν
2567 3493 2617 3549 ἐν
2669 3495 2884 3557 τούτοις
2927 3495 3080 3569 μέγα,
3116 3490 3205 3547 διὰ
3231 3493 3295 3547 τὸ
3326 3491 3386 3547 ἐκ
3415 3500 3511 3562 ιῆς
3539 3498 3637 3547 τοῦ
3667 3494 3880 3566 κόσμου

2233 3584 2359 3638 εἶναι
2394 3584 2605 3661 σοφίας,
2637 3582 2672 3652 ἢ
2706 3581 2796 3637 διὰ
2822 3583 2919 3651 τήν
2976 3583 3036 3638 ὲκ
3080 3586 3177 3637 τοῦ
3218 3580 3429 3654 κόσμου
3477 3580 3689 3660 σοφίαν,
3724 3579 3755 3635 ἃ
3784 3603 3884 3637 πε-

2234 3678 2504 3750 ριφρονεῖν
2559 3670 2773 3744 μᾶλλον
2801 3674 2987 3744 ἡμεῖς,
3021 3672 3094 3732 ὡς
3129 3670 3297 3745 μικρὰ
3325 3671 3415 3724 καὶ
3448 3670 3709 3741 ἀσυντελῆ
3742 3673 3882 3747 πρὸς

2231 3763 2455 3837 ἀρττήν,
2488 3759 2617 3816 ἁλ)’
2655 3760 2753 3815 οὐκ
2784 3758 3172 3816 ἐπιδείκνυεθυι
3229 3759 3608 3832 έντετάλμεθα.
3662 3761 3728 3817 Οἱ
3777 3759 3885 3836 γὰρ

2230 3855 2396 3905 ταῦτα
2463 3850 2833 3924 περιέποντες,
2905 3850 3071 3924 μικρά
3141 3847 3366 3912 ἐνταῦθα
3425 3847 3740 3922 κλέψαντες,
3821 3848 3888 3904 έκ

2228 3944 2335 3994 τῶν
2387 3938 2667 4013 ἡμετέρων
2731 3937 2900 4014 λέγω,
2940 3942 3060 4001 ταῖς
3114 3937 3504 4012 πραγματείαις
3554 3936 3732 3991 αὐτῶν
3778 3957 3890 3991 κα-

2226 4027 2563 4101 ταμίξαντες,
2647 4027 2819 4088 οὕτως
2913 4026 3413 4099 ἀποσεμνύνονται.
3500 4029 3618 4082 Ἵνα
3698 4026 3885 4080 τοίνυν

2227 4115 2482 4191 δείξωμεν
2544 4117 2772 4187 αὐτοῖς,
2847 4117 2928 4172 ὅτι
2988 4116 3053 4170 τὰ
3109 4117 3235 4190 παρ’
3293 4114 3519 4177 έκέινοις
3575 4114 3875 4188 περισπού-

2227 4203 2392 4261 δαστα
2424 4253 2438 4279 ,
2487 4207 2624 4279 ἡμῖν
2684 4204 2824 4260 ἐστιν
2895 4205 3338 4282 εὐκαταφρόνητα
3372 4249 3385 4273 ,
3463 4207 3644 4278 σιωπῇ
3701 4223 3886 4278 παρα-

2226 4292 2520 4371 δράμωμεν
2579 4295 2670 4350 τὸν
2729 4295 2849 4368 περὶ
2903 4293 3110 4350 τούτων
3173 4292 3355 4368 λόγον·
3391 4291 3532 4365 ὁμοῦ
3565 4291 3641 4361 δὲ,
3673 4292 3762 4346 καὶ
3794 4291 3880 4346 ὅτι

2223 4383 2328 4439 οὺκ
2377 4383 2650 4454 εῦληπτος
2678 4388 2757 4456 τῷ
2777 4389 2944 4456 κοινῷ
2973 4382 3060 4438 καὶ
3093 4380 3287 4457 ῒδιώτῃ
3312 4383 3430 4452 λαῷ
3461 4425 3477 4447 ,
3524 4383 3559 4448 ἡ
3607 4383 3870 4453 τεχνικῶν

2224 4471 2436 4527 ἐκείνων
2488 4470 2668 4547 λόγων
2715 4471 2804 4526 καὶ
2853 4475 3177 4549 σοφιστικῶν
3212 4467 3430 4542 θεωρία·
3481 4468 3704 4541 πάρεστι
3738 4463 3794 4519 δὶ
3825 4468 3860 4536 ἡ

470 4568 628 4626 haud
652 4567 732 4622 ita
755 4565 942 4622 facilis
967 4565 1043 4620 sit
1063 4581 1128 4618 ac
1150 4563 1348 4634 pervia
1391 4561 1626 4634 publico
1653 4580 1719 4618 ac
1758 4565 1888 4619 rudi
1939 4565 2114 4638 plebi,

2240 4559 2528 4634 ἐκκλησία,
2580 4561 2641 4616 οὐ
2690 4555 3005 4637 παραδόξων
3053 4557 3220 4646 λόγον
3268 4557 3519 4646 ἀκρόασιν
3575 4551 3878 4629 ἐνδεχομέ-

469 4657 828 4727 collectaque
861 4654 1059 4710 concio
1091 4654 1188 4719 sit,
1221 4669 1336 4707 non
1371 4669 1498 4724 quis
1529 4652 2030 4712 artiﬁciososillos
2052 4674 2118 4713 ac

469 4745 824 4820 sophisticos
855 4757 1154 4799 sermones
1214 4740 1417 4796 audire
1468 4745 1654 4812 paret.
1707 4743 1807 4797 sed
1866 4759 1993 4815 quae
2043 4746 2114 4801 ad

469 4833 911 4894 aadiﬁcationem
943 4830 1217 4888 facientia
1246 4829 1493 4902 quasita
1525 4830 1637 4886 sibi
1669 4831 1877 4886 resolvi
1938 4837 2115 4906 atque

467 4920 680 4997 exponi
710 4923 952 4994 quaerat.

530 5013 586 5069 7.
615 5010 908 5082 Septimus
941 5008 1140 5080 itaque
1172 5006 1294 5064 dies
1326 5006 1546 5063 honore
1577 5006 1850 5079 praelatus
1883 5013 1992 5077 est,
2051 5010 2108 5064 id

461 5107 570 5169 est,
598 5100 952 5165 Sabbatum;
986 5098 1238 5170 indeque
1265 5097 1630 5168 septenarius
1657 5113 1936 5152 numerus
1952 5099 2108 5169 apud

460 5192 730 5248 Hebraeos
763 5187 1146 5244 venerabilis:
1181 5185 1240 5241 in
1275 5203 1387 5257 quo
1434 5185 1966 5240 Tabernaculorum
2021 5186 2104 5241 fe-

458 5288 618 5338 stum
649 5279 822 5335 Tuba:
853 5296 919 5334 ac
952 5277 1078 5332 dies
1127 5273 1597 5346 Propitiationis:
1666 5273 1762 5328 sed
1797 5277 1854 5327 et
1913 5289 2104 5330 annus

456 5370 748 5443 septimus
780 5365 935 5439 apud
967 5381 1066 5421 eos
1095 5361 1470 5430 venerabilis,
1501 5377 1668 5430 quem
1721 5360 2102 5417 Remissionis

455 5457 749 5517 dicebant.
782 5454 1018 5511 Licebat
1048 5451 1266 5524 quippe
1297 5449 1472 5506 annis
1520 5464 1621 5505 sex
1673 5447 1934 5505 excolere
1981 5453 2099 5506 ter-

523 5577 572 5613 ³⁸
601 5576 742 5634 Gen.
777 5589 836 5638 ιι,
863 5571 953 5626 22.

528 5673 607 5750 (a)
638 5664 1029 5747 Ἐνὸεχομένη.
1064 5666 1230 5726 Forte
1264 5662 1622 5742 ἐκδεχομένη.
1656 5666 1817 5724 Ευιτ.

2228 4673 2290 4720 νη
2324 4651 2423 4724 (α),
2483 4648 2627 4705 ἀλλὰ
2683 4654 2788 4702 τῶν
2843 4648 2925 4703 ἐπ’
2976 4644 3244 4720 οἷ’κοδομῇ
3299 4643 3471 4715 οῗκείᾳ
3501 4645 3874 4717 θεωρημάτων

2229 4737 2557 4810 ἐπιζητοῦσα
2586 4739 2679 4800 τὰς
2714 4737 2917 4798 λύσεις.

2287 5007 2344 5060 7.
2385 5004 2677 5077 Τετίμηται
2718 5002 2899 5058 τοίνυν
2950 5004 2985 5070 ἡ
3041 4994 3248 5073 ἑϐδόμη
3297 4999 3500 5076 ἡμέρα,
3548 5000 3612 5055 τὸ
3664 4994 3874 5054 Σάϐϐα-

2217 5114 2333 5164 τον,
2382 5092 2662 5156 κάντεῦθεν
2711 5093 2739 5146 ὁ
2792 5087 3028 5162 ἕϐδομος
3089 5089 3320 5164 ἀριθμὸς
3375 5089 3524 5164 παρὰ
3581 5085 3869 5151 Ἰουδαίοις

2214 5181 2414 5256 τίμιος
2489 5181 2541 5235 έν
2611 5182 2656 5253 ᾧ
2734 5181 2786 5234 αἱ
2859 5179 3256 5254 Σκηνοπηγίαι,
3332 5178 3385 5232 αἱ
3442 5176 3771 5252 Σάλπιγγες,
3830 5179 3865 5245 ἠ

2213 5270 2394 5345 ἡμέρα
2439 5274 2540 5325 τοῦ
2589 5268 2870 5344 Ἱλασμοῦ·
2922 5269 3008 5323 καὶ
3046 5269 3072 5322 ὁ
3107 5265 3348 5329 ένιαυτὸς
3381 5262 3615 5339 ἕϐδομος
3645 5263 3702 5319 δὲ
3740 5267 3869 5333 παρ’

2214 5358 2437 5422 ἐκείνοις
2507 5359 2709 5433 τίμιος,
2775 5360 2802 5413 ὁ
2861 5365 2962 5428 τῆς
3027 5358 3298 5436 Ἀφέσεως
3347 5355 3658 5433 λεγόμενος.
3708 5355 3863 5426 Ἐξῆν

2215 5449 2311 5524 μὶν
2355 5448 2457 5525 γὰρ
2505 5447 2689 5512 αὐτοῖς
2731 5444 2785 5520 ἕξ
2840 5446 2934 5520 ἔτη
2981 5447 3301 5525 ἐργάσασθαι
3347 5447 3447 5516 τὴν
3494 5447 3617 5521 γῆν.
3677 5445 3756 5516 τῷ
3805 5439 3866 5498 δὶ
