  <div class='ocr_page' id='page_1' title='image "/cluster/home/n/w/nwhite01/storage/ocr_20150623/30/hvd.32044073501827/032.png"; bbox 0 0 4108 6214; ppageno 0'>
   <div class='ocr_carea' id='block_1_1' title="bbox 145 371 3584 437">
    <p class='ocr_par' dir='ltr' id='par_1_1' title="bbox 145 371 3584 437">
     <span class='ocr_line' id='line_1_1' title="bbox 145 371 3584 437; baseline 0.003 -6"><span class='ocrx_word' id='word_1_1' title='bbox 145 376 218 435; x_wconf 78' lang='lat'><strong>49</strong></span> <span class='ocrx_word' id='word_1_2' title='bbox 1146 373 1248 433; x_wconf 85' lang='lat' dir='ltr'><strong>DE</strong></span> <span class='ocrx_word' id='word_1_3' title='bbox 1293 372 1622 434; x_wconf 78' lang='lat' dir='ltr'><strong>HOMINIS</strong></span> <span class='ocrx_word' id='word_1_4' title='bbox 1672 371 2140 435; x_wconf 76' lang='lat' dir='ltr'><strong>STRUG&#39;I‘URA</strong></span> <span class='ocrx_word' id='word_1_5' title='bbox 2184 373 2477 436; x_wconf 82' lang='lat' dir='ltr'><strong>ORATIO</strong></span> <span class='ocrx_word' id='word_1_6' title='bbox 2523 377 2599 437; x_wconf 90' lang='lat' dir='ltr'><strong>II.</strong></span> <span class='ocrx_word' id='word_1_7' title='bbox 3504 372 3584 432; x_wconf 76' lang='lat'><strong>50</strong></span> 
     </span>
    </p>
   </div>
   <div class='ocr_carea' id='block_1_2' title="bbox 148 503 1826 581">
    <p class='ocr_par' dir='ltr' id='par_1_2' title="bbox 148 503 1813 580">
     <span class='ocr_line' id='line_1_2' title="bbox 148 503 1813 580; baseline -0.002 -18"><span class='ocrx_word' id='word_1_8' title='bbox 148 503 383 578; x_wconf 79' lang='grc' dir='ltr'>ἑϐδόμῳ</span> <span class='ocrx_word' id='word_1_9' title='bbox 456 505 689 575; x_wconf 82' lang='grc' dir='ltr'>ἐνιαυτῷ</span> <span class='ocrx_word' id='word_1_10' title='bbox 773 509 890 566; x_wconf 88' lang='grc' dir='ltr'>τοῖς</span> <span class='ocrx_word' id='word_1_11' title='bbox 972 503 1301 577; x_wconf 80' lang='grc' dir='ltr'><strong>αὐτομάτοις</strong></span> <span class='ocrx_word' id='word_1_12' title='bbox 1367 506 1663 580; x_wconf 79' lang='grc' dir='ltr'>ἀρκεῖσθαι,</span> <span class='ocrx_word' id='word_1_13' title='bbox 1724 504 1813 559; x_wconf 70' lang='grc' dir='ltr'><strong>ὅτε</strong></span> 
     </span>
    </p>
   </div>
   <div class='ocr_carea' id='block_1_3' title="bbox 1939 503 3576 581">
    <p class='ocr_par' dir='ltr' id='par_1_3' title="bbox 1939 507 3576 581">
     <span class='ocr_line' id='line_1_3' title="bbox 1939 507 3576 581; baseline -0.002 -18"><span class='ocrx_word' id='word_1_14' title='bbox 1939 526 2052 564; x_wconf 69' lang='lat' dir='ltr'><strong>ram</strong></span> <span class='ocrx_word' id='word_1_15' title='bbox 2086 528 2100 577; x_wconf 88' lang='lat'><strong>;</strong></span> <span class='ocrx_word' id='word_1_16' title='bbox 2134 509 2386 581; x_wconf 90' lang='lat' dir='ltr'><strong>septimo</strong></span> <span class='ocrx_word' id='word_1_17' title='bbox 2407 513 2604 566; x_wconf 86' lang='lat' dir='ltr'><strong>autem</strong></span> <span class='ocrx_word' id='word_1_18' title='bbox 2629 507 2886 574; x_wconf 84' lang='lat' dir='ltr'><strong>anno,iis</strong></span> <span class='ocrx_word' id='word_1_19' title='bbox 2908 509 3210 562; x_wconf 90' lang='lat' dir='ltr'><strong>contentos</strong></span> <span class='ocrx_word' id='word_1_20' title='bbox 3253 520 3382 560; x_wconf 84' lang='lat' dir='ltr'><strong>esse</strong></span> <span class='ocrx_word' id='word_1_21' title='bbox 3410 520 3576 576; x_wconf 86' lang='lat' dir='ltr'><strong>opor-</strong></span> 
     </span>
    </p>
   </div>
   <div class='ocr_carea' id='block_1_4' title="bbox 149 591 1813 672">
    <p class='ocr_par' dir='ltr' id='par_1_4' title="bbox 149 591 1813 672">
     <span class='ocr_line' id='line_1_4' title="bbox 149 591 1813 672; baseline -0.002 -21"><span class='ocrx_word' id='word_1_22' title='bbox 149 599 296 672; x_wconf 68' lang='grc' dir='ltr'>εἶχον</span> <span class='ocrx_word' id='word_1_23' title='bbox 332 597 438 663; x_wconf 75' lang='grc' dir='ltr'>τὴν</span> <span class='ocrx_word' id='word_1_24' title='bbox 486 602 593 668; x_wconf 84' lang='grc' dir='ltr'>γῆν</span> <span class='ocrx_word' id='word_1_25' title='bbox 627 598 726 659; x_wconf 81' lang='grc' dir='ltr'><strong>τῆς</strong></span> <span class='ocrx_word' id='word_1_26' title='bbox 780 593 1128 668; x_wconf 83' lang='grc' dir='ltr'>ἐπαγγελίας.</span> <span class='ocrx_word' id='word_1_27' title='bbox 1184 596 1276 664; x_wconf 78' lang='grc' dir='ltr'><strong>Ἐξ</strong></span> <span class='ocrx_word' id='word_1_28' title='bbox 1323 591 1417 664; x_wconf 72' lang='grc' dir='ltr'>ἔτη</span> <span class='ocrx_word' id='word_1_29' title='bbox 1469 591 1750 648; x_wconf 74' lang='grc' dir='ltr'><strong>ἐδούλευεν</strong></span> <span class='ocrx_word' id='word_1_30' title='bbox 1785 595 1813 648; x_wconf 95' lang='lat'><strong>6</strong></span> 
     </span>
    </p>
   </div>
   <div class='ocr_carea' id='block_1_5' title="bbox 149 681 1810 761">
    <p class='ocr_par' dir='ltr' id='par_1_5' title="bbox 149 681 1810 761">
     <span class='ocr_line' id='line_1_5' title="bbox 149 681 1810 761; baseline 0.001 -20"><span class='ocrx_word' id='word_1_31' title='bbox 149 685 430 761; x_wconf 84' lang='grc' dir='ltr'>Ἐϐραῖος,</span> <span class='ocrx_word' id='word_1_32' title='bbox 459 686 553 740; x_wconf 85' lang='grc' dir='ltr'><strong>καὶ</strong></span> <span class='ocrx_word' id='word_1_33' title='bbox 611 691 689 756; x_wconf 79' lang='grc' dir='ltr'><strong>τῷ</strong></span> <span class='ocrx_word' id='word_1_34' title='bbox 738 681 963 757; x_wconf 79' lang='grc' dir='ltr'>ἑϐδόμῳ</span> <span class='ocrx_word' id='word_1_35' title='bbox 1013 682 1118 740; x_wconf 71' lang='grc' dir='ltr'>ἔτει</span> <span class='ocrx_word' id='word_1_36' title='bbox 1174 685 1363 760; x_wconf 78' lang='grc' dir='ltr'><strong>ἀφεῖτο</strong></span> <span class='ocrx_word' id='word_1_37' title='bbox 1401 692 1501 754; x_wconf 85' lang='grc' dir='ltr'><strong>τῆς</strong></span> <span class='ocrx_word' id='word_1_38' title='bbox 1535 683 1810 746; x_wconf 79' lang='grc' dir='ltr'><strong>δουλείας.</strong></span> 
     </span>
    </p>
   </div>
   <div class='ocr_carea' id='block_1_6' title="bbox 151 770 1812 850">
    <p class='ocr_par' dir='ltr' id='par_1_6' title="bbox 151 770 1812 850">
     <span class='ocr_line' id='line_1_6' title="bbox 151 770 1812 850; baseline -0.001 -18"><span class='ocrx_word' id='word_1_39' title='bbox 151 772 596 848; x_wconf 75' lang='grc' dir='ltr'>Ἐϐδομηκοστῷ</span> <span class='ocrx_word' id='word_1_40' title='bbox 629 770 736 829; x_wconf 52' lang='grc' dir='ltr'>ἐπει</span> <span class='ocrx_word' id='word_1_41' title='bbox 766 773 936 845; x_wconf 67' lang='grc' dir='ltr'>ἐλύθη</span> <span class='ocrx_word' id='word_1_42' title='bbox 968 793 1079 850; x_wconf 90' lang='grc' dir='ltr'><strong>παρ</strong></span> <span class='ocrx_word' id='word_1_43' title='bbox 1111 775 1124 796; x_wconf 86' lang='grc'>’</span> <span class='ocrx_word' id='word_1_44' title='bbox 1154 773 1339 836; x_wconf 84' lang='grc' dir='ltr'>αὐτοῖς</span> <span class='ocrx_word' id='word_1_45' title='bbox 1371 776 1405 843; x_wconf 80' lang='grc' dir='ltr'><strong>ἡ</strong></span> <span class='ocrx_word' id='word_1_46' title='bbox 1430 773 1812 849; x_wconf 79' lang='grc' dir='ltr'>αἰχμαΛωσία.</span> 
     </span>
    </p>
   </div>
   <div class='ocr_carea' id='block_1_7' title="bbox 154 863 1815 939">
    <p class='ocr_par' dir='ltr' id='par_1_7' title="bbox 154 863 1815 939">
     <span class='ocr_line' id='line_1_7' title="bbox 154 863 1815 939; baseline -0.002 -19"><span class='ocrx_word' id='word_1_47' title='bbox 154 866 366 920; x_wconf 77' lang='grc' dir='ltr'>Λοιπὸν</span> <span class='ocrx_word' id='word_1_48' title='bbox 429 864 536 936; x_wconf 71' lang='grc' dir='ltr'><strong>ἐρῶ</strong></span> <span class='ocrx_word' id='word_1_49' title='bbox 591 867 684 917; x_wconf 82' lang='grc' dir='ltr'>καὶ</span> <span class='ocrx_word' id='word_1_50' title='bbox 735 864 804 918; x_wconf 78' lang='grc' dir='ltr'>τὰ</span> <span class='ocrx_word' id='word_1_51' title='bbox 861 865 1122 936; x_wconf 74' lang='grc' dir='ltr'>ἡμέτερα.</span> <span class='ocrx_word' id='word_1_52' title='bbox 1177 863 1449 932; x_wconf 84' lang='grc' dir='ltr'>Ἐπτάκις,</span> <span class='ocrx_word' id='word_1_53' title='bbox 1505 864 1660 939; x_wconf 85' lang='grc' dir='ltr'>φησὶ,</span> <span class='ocrx_word' id='word_1_54' title='bbox 1713 883 1815 917; x_wconf 86' lang='grc' dir='ltr'>πε-</span> 
     </span>
    </p>
   </div>
   <div class='ocr_carea' id='block_1_8' title="bbox 157 950 1816 1023">
    <p class='ocr_par' dir='ltr' id='par_1_8' title="bbox 157 950 1816 1023">
     <span class='ocr_line' id='line_1_8' title="bbox 157 950 1816 1023; baseline -0.002 -14"><span class='ocrx_word' id='word_1_55' title='bbox 157 961 339 1009; x_wconf 77' lang='grc' dir='ltr'>σεῖται</span> <span class='ocrx_word' id='word_1_56' title='bbox 476 955 504 1007; x_wconf 94' lang='lat'><strong>6</strong></span> <span class='ocrx_word' id='word_1_57' title='bbox 639 950 850 1014; x_wconf 87' lang='grc' dir='ltr'>δίκαιος</span> <span class='ocrx_word' id='word_1_58' title='bbox 951 953 1041 1006; x_wconf 85' lang='grc' dir='ltr'><strong>καὶ</strong></span> <span class='ocrx_word' id='word_1_59' title='bbox 1147 954 1522 1023; x_wconf 66' lang='grc' dir='ltr'>ἀναστήσεται.</span> <span class='ocrx_word' id='word_1_60' title='bbox 1627 951 1816 1014; x_wconf 76' lang='grc' dir='ltr'>Οὕτως</span> 
     </span>
    </p>
   </div>
   <div class='ocr_carea' id='block_1_9' title="bbox 161 1036 1817 1115">
    <p class='ocr_par' dir='ltr' id='par_1_9' title="bbox 161 1036 1817 1115">
     <span class='ocr_line' id='line_1_9' title="bbox 161 1036 1817 1115; baseline -0.002 -17"><span class='ocrx_word' id='word_1_61' title='bbox 161 1044 514 1115; x_wconf 70' lang='grc' dir='ltr'><strong>οἰκειούμεθα</strong></span> <span class='ocrx_word' id='word_1_62' title='bbox 567 1044 734 1114; x_wconf 80' lang='grc' dir='ltr'>ἡμεῖς</span> <span class='ocrx_word' id='word_1_63' title='bbox 812 1041 911 1109; x_wconf 71' lang='grc' dir='ltr'><strong>τὴν</strong></span> <span class='ocrx_word' id='word_1_64' title='bbox 1004 1036 1303 1113; x_wconf 89' lang='grc' dir='ltr'>ἑϐδομάδα.</span> <span class='ocrx_word' id='word_1_65' title='bbox 1373 1037 1655 1112; x_wconf 75' lang='grc' dir='ltr'>’Ἑϐδομος</span> <span class='ocrx_word' id='word_1_66' title='bbox 1711 1041 1817 1096; x_wconf 80' lang='grc' dir='ltr'>ἀπὸ</span> 
     </span>
    </p>
   </div>
   <div class='ocr_carea' id='block_1_10' title="bbox 166 1128 1817 1206">
    <p class='ocr_par' dir='ltr' id='par_1_10' title="bbox 166 1128 1817 1206">
     <span class='ocr_line' id='line_1_10' title="bbox 166 1128 1817 1206; baseline -0.002 -18"><span class='ocrx_word' id='word_1_67' title='bbox 166 1131 349 1205; x_wconf 77' lang='grc' dir='ltr'>’Δδάμ</span> <span class='ocrx_word' id='word_1_68' title='bbox 400 1133 576 1206; x_wconf 85' lang='grc' dir='ltr'>Ἐνὼχ</span> <span class='ocrx_word' id='word_1_69' title='bbox 634 1131 735 1184; x_wconf 74' lang='grc' dir='ltr'>οὐκ</span> <span class='ocrx_word' id='word_1_70' title='bbox 791 1128 907 1184; x_wconf 69' lang='grc' dir='ltr'>οἶδε</span> <span class='ocrx_word' id='word_1_71' title='bbox 961 1130 1208 1185; x_wconf 84' lang='grc' dir='ltr'>θάνατον·</span> <span class='ocrx_word' id='word_1_72' title='bbox 1297 1133 1596 1204; x_wconf 74' lang='grc' dir='ltr'>μυστήριον</span> <span class='ocrx_word' id='word_1_73' title='bbox 1654 1135 1817 1184; x_wconf 76' lang='grc' dir='ltr'>τοῦτο</span> 
     </span>
    </p>
   </div>
   <div class='ocr_carea' id='block_1_11' title="bbox 169 1214 1815 1292">
    <p class='ocr_par' dir='ltr' id='par_1_11' title="bbox 169 1214 1815 1292">
     <span class='ocr_line' id='line_1_11' title="bbox 169 1214 1815 1292; baseline -0.004 -15"><span class='ocrx_word' id='word_1_74' title='bbox 169 1219 516 1290; x_wconf 80' lang='grc' dir='ltr'>Ἐκκλησίας.</span> <span class='ocrx_word' id='word_1_75' title='bbox 565 1214 848 1291; x_wconf 78' lang='grc' dir='ltr'>Ἕϐδομος</span> <span class='ocrx_word' id='word_1_76' title='bbox 903 1219 1010 1274; x_wconf 80' lang='grc' dir='ltr'><strong>ἀπὸ</strong></span> <span class='ocrx_word' id='word_1_77' title='bbox 1070 1215 1330 1292; x_wconf 79' lang='grc' dir='ltr'>Ἀϐμαὰμ</span> <span class='ocrx_word' id='word_1_78' title='bbox 1379 1223 1618 1287; x_wconf 79' lang='grc' dir='ltr'>Μωῦσῆς</span> <span class='ocrx_word' id='word_1_79' title='bbox 1646 1219 1815 1290; x_wconf 91' lang='grc' dir='ltr'>νόμον</span> 
     </span>
    </p>
   </div>
   <div class='ocr_carea' id='block_1_12' title="bbox 162 1303 1815 1383">
    <p class='ocr_par' dir='ltr' id='par_1_12' title="bbox 162 1303 1815 1383">
     <span class='ocr_line' id='line_1_12' title="bbox 162 1303 1815 1383; baseline -0.002 -20"><span class='ocrx_word' id='word_1_80' title='bbox 162 1306 346 1363; x_wconf 75' lang='grc' dir='ltr'>ἔλαϐεο</span> <span class='ocrx_word' id='word_1_81' title='bbox 395 1313 562 1363; x_wconf 75' lang='grc' dir='ltr'>τοῦτο</span> <span class='ocrx_word' id='word_1_82' title='bbox 629 1303 914 1379; x_wconf 86' lang='grc' dir='ltr'>μεταϐολή</span> <span class='ocrx_word' id='word_1_83' title='bbox 999 1306 1147 1383; x_wconf 80' lang='grc' dir='ltr'>βίου,</span> <span class='ocrx_word' id='word_1_84' title='bbox 1205 1307 1436 1380; x_wconf 78' lang='grc' dir='ltr'>ἀνομίας</span> <span class='ocrx_word' id='word_1_85' title='bbox 1499 1306 1815 1373; x_wconf 79' lang='grc' dir='ltr'>κατάλυσις,</span> 
     </span>
    </p>
   </div>
   <div class='ocr_carea' id='block_1_13' title="bbox 164 1394 1818 1469">
    <p class='ocr_par' dir='ltr' id='par_1_13' title="bbox 164 1394 1818 1469">
     <span class='ocr_line' id='line_1_13' title="bbox 164 1394 1818 1469; baseline -0.002 -17"><span class='ocrx_word' id='word_1_86' title='bbox 164 1398 515 1467; x_wconf 72' lang='grc' dir='ltr'>δικᾶιοσύνης</span> <span class='ocrx_word' id='word_1_87' title='bbox 545 1397 782 1464; x_wconf 72' lang='grc' dir='ltr'>εἴσοδος,</span> <span class='ocrx_word' id='word_1_88' title='bbox 843 1401 977 1451; x_wconf 79' lang='grc' dir='ltr'>Θεοῦ</span> <span class='ocrx_word' id='word_1_89' title='bbox 1021 1394 1311 1469; x_wconf 79' lang='grc' dir='ltr'>ἐπιδημία,</span> <span class='ocrx_word' id='word_1_90' title='bbox 1345 1396 1556 1468; x_wconf 78' lang='grc' dir='ltr'>εὐταξία</span> <span class='ocrx_word' id='word_1_91' title='bbox 1584 1396 1818 1468; x_wconf 77' lang='grc' dir='ltr'>κόσμου,</span> 
     </span>
    </p>
   </div>
   <div class='ocr_carea' id='block_1_14' title="bbox 162 1479 1821 1560">
    <p class='ocr_par' dir='ltr' id='par_1_14' title="bbox 162 1479 1821 1560">
     <span class='ocr_line' id='line_1_14' title="bbox 162 1479 1821 1560; baseline -0.003 -18"><span class='ocrx_word' id='word_1_92' title='bbox 162 1489 525 1560; x_wconf 74' lang='grc' dir='ltr'>νομοθέτησις</span> <span class='ocrx_word' id='word_1_93' title='bbox 555 1491 667 1540; x_wconf 85' lang='grc' dir='ltr'>τῶν</span> <span class='ocrx_word' id='word_1_94' title='bbox 714 1486 1018 1560; x_wconf 74' lang='grc' dir='ltr'><strong>πρακτέων.</strong></span> <span class='ocrx_word' id='word_1_95' title='bbox 1074 1479 1492 1557; x_wconf 80' lang='grc' dir='ltr'>Ἐϐδομηκοστῇ</span> <span class='ocrx_word' id='word_1_96' title='bbox 1532 1485 1620 1538; x_wconf 85' lang='grc' dir='ltr'>καὶ</span> <span class='ocrx_word' id='word_1_97' title='bbox 1663 1480 1821 1538; x_wconf 83' lang='grc' dir='ltr'>ἑϐδό-</span> 
     </span>
    </p>
   </div>
   <div class='ocr_carea' id='block_1_15' title="bbox 167 1571 1820 1650">
    <p class='ocr_par' dir='ltr' id='par_1_15' title="bbox 167 1571 1820 1650">
     <span class='ocr_line' id='line_1_15' title="bbox 167 1571 1820 1650; baseline -0.002 -21"><span class='ocrx_word' id='word_1_98' title='bbox 167 1599 233 1649; x_wconf 75' lang='grc' dir='ltr'>μῃ</span> <span class='ocrx_word' id='word_1_99' title='bbox 287 1580 457 1650; x_wconf 81' lang='grc' dir='ltr'>γενεᾷ</span> <span class='ocrx_word' id='word_1_100' title='bbox 507 1575 616 1629; x_wconf 83' lang='grc' dir='ltr'><strong>ἀπὸ</strong></span> <span class='ocrx_word' id='word_1_101' title='bbox 680 1571 858 1647; x_wconf 74' lang='grc' dir='ltr'>Ἀδάμ</span> <span class='ocrx_word' id='word_1_102' title='bbox 931 1575 959 1628; x_wconf 97' lang='lat'><strong>6</strong></span> <span class='ocrx_word' id='word_1_103' title='bbox 1017 1573 1247 1650; x_wconf 83' lang='grc' dir='ltr'>Χριστὸς</span> <span class='ocrx_word' id='word_1_104' title='bbox 1307 1573 1498 1650; x_wconf 70' lang='grc' dir='ltr'>ἐφάνη.</span> <span class='ocrx_word' id='word_1_105' title='bbox 1561 1571 1682 1628; x_wconf 71' lang='grc' dir='ltr'>Οἵδε</span> <span class='ocrx_word' id='word_1_106' title='bbox 1757 1574 1820 1626; x_wconf 86' lang='grc' dir='ltr'>τὸ</span> 
     </span>
    </p>
   </div>
   <div class='ocr_carea' id='block_1_16' title="bbox 166 1658 1820 1739">
    <p class='ocr_par' dir='ltr' id='par_1_16' title="bbox 166 1658 1820 1739">
     <span class='ocr_line' id='line_1_16' title="bbox 166 1658 1820 1739; baseline -0.001 -21"><span class='ocrx_word' id='word_1_107' title='bbox 166 1667 470 1739; x_wconf 59' lang='lat' dir='ltr'><strong>p-mwfptov</strong></span> <span class='ocrx_word' id='word_1_108' title='bbox 532 1671 636 1732; x_wconf 83' lang='grc' dir='ltr'><strong>τῆς</strong></span> <span class='ocrx_word' id='word_1_109' title='bbox 694 1658 1003 1736; x_wconf 83' lang='grc' dir='ltr'>ἑϐδομάδος</span> <span class='ocrx_word' id='word_1_110' title='bbox 1064 1663 1283 1738; x_wconf 86' lang='grc' dir='ltr'>ΙΙέτρος.</span> <span class='ocrx_word' id='word_1_111' title='bbox 1337 1663 1572 1725; x_wconf 85' lang='grc' dir='ltr'>ΙΙοσάκις</span> <span class='ocrx_word' id='word_1_112' title='bbox 1637 1662 1820 1737; x_wconf 84' lang='grc' dir='ltr'>ἀμαρ-</span> 
     </span>
    </p>
   </div>
   <div class='ocr_carea' id='block_1_17' title="bbox 165 1750 1818 1829">
    <p class='ocr_par' dir='ltr' id='par_1_17' title="bbox 165 1750 1818 1829">
     <span class='ocr_line' id='line_1_17' title="bbox 165 1750 1818 1829; baseline 0.001 -23"><span class='ocrx_word' id='word_1_113' title='bbox 165 1758 312 1823; x_wconf 73' lang='grc' dir='ltr'>τήσει</span> <span class='ocrx_word' id='word_1_114' title='bbox 379 1752 461 1815; x_wconf 77' lang='grc' dir='ltr'>εἷς</span> <span class='ocrx_word' id='word_1_115' title='bbox 521 1752 621 1825; x_wconf 74' lang='grc' dir='ltr'><strong>ἐμὲ</strong></span> <span class='ocrx_word' id='word_1_116' title='bbox 677 1754 706 1807; x_wconf 92' lang='lat'><strong>6</strong></span> <span class='ocrx_word' id='word_1_117' title='bbox 755 1750 988 1826; x_wconf 85' lang='grc' dir='ltr'>ἀδελφός</span> <span class='ocrx_word' id='word_1_118' title='bbox 1046 1773 1171 1824; x_wconf 80' lang='grc' dir='ltr'>μον,</span> <span class='ocrx_word' id='word_1_119' title='bbox 1244 1752 1335 1806; x_wconf 84' lang='grc' dir='ltr'><strong>καὶ</strong></span> <span class='ocrx_word' id='word_1_120' title='bbox 1392 1752 1584 1829; x_wconf 77' lang='grc' dir='ltr'>ἀφήσω</span> <span class='ocrx_word' id='word_1_121' title='bbox 1633 1751 1818 1821; x_wconf 81' lang='grc' dir='ltr'>αὐτῶ;</span> 
     </span>
    </p>
   </div>
   <div class='ocr_carea' id='block_1_18' title="bbox 163 1837 1820 1914">
    <p class='ocr_par' dir='ltr' id='par_1_18' title="bbox 163 1837 1820 1914">
     <span class='ocr_line' id='line_1_18' title="bbox 163 1837 1820 1914; baseline -0.002 -17"><span class='ocrx_word' id='word_1_122' title='bbox 163 1841 260 1904; x_wconf 73' lang='grc' dir='ltr'>ἓως</span> <span class='ocrx_word' id='word_1_123' title='bbox 329 1843 601 1908; x_wconf 75' lang='grc' dir='ltr'>ἑπτάκιςς</span> <span class='ocrx_word' id='word_1_124' title='bbox 673 1839 862 1914; x_wconf 82' lang='grc' dir='ltr'>Ὀλίγα</span> <span class='ocrx_word' id='word_1_125' title='bbox 942 1837 1062 1914; x_wconf 76' lang='grc' dir='ltr'>ᾔδει</span> <span class='ocrx_word' id='word_1_126' title='bbox 1148 1841 1210 1894; x_wconf 86' lang='grc' dir='ltr'><strong>τὸ</strong></span> <span class='ocrx_word' id='word_1_127' title='bbox 1270 1843 1590 1914; x_wconf 60' lang='grc' dir='ltr'>μυστήριον</span> <span class='ocrx_word' id='word_1_128' title='bbox 1667 1839 1820 1894; x_wconf 74' lang='grc' dir='ltr'>οὔπω</span> 
     </span>
    </p>
   </div>
   <div class='ocr_carea' id='block_1_19' title="bbox 165 1925 1826 2004">
    <p class='ocr_par' dir='ltr' id='par_1_19' title="bbox 165 1925 1826 2004">
     <span class='ocr_line' id='line_1_19' title="bbox 165 1925 1826 2004; baseline -0.002 -18"><span class='ocrx_word' id='word_1_129' title='bbox 165 1931 329 2004; x_wconf 74' lang='grc' dir='ltr'>ἔμαθε</span> <span class='ocrx_word' id='word_1_130' title='bbox 376 1932 443 1985; x_wconf 82' lang='grc' dir='ltr'>τὸ</span> <span class='ocrx_word' id='word_1_131' title='bbox 504 1929 741 1985; x_wconf 71' lang='grc' dir='ltr'>τέλειον·</span> <span class='ocrx_word' id='word_1_132' title='bbox 811 1929 1059 2002; x_wconf 75' lang='grc' dir='ltr'>μαθητὴς</span> <span class='ocrx_word' id='word_1_133' title='bbox 1113 1929 1217 2004; x_wconf 77' lang='grc' dir='ltr'><strong>γὰρ</strong></span> <span class='ocrx_word' id='word_1_134' title='bbox 1244 1925 1320 1984; x_wconf 74' lang='grc' dir='ltr'>ἔτι</span> <span class='ocrx_word' id='word_1_135' title='bbox 1363 1928 1452 1996; x_wconf 72' lang='grc' dir='ltr'><strong>ἦν.</strong></span> <span class='ocrx_word' id='word_1_136' title='bbox 1485 1933 1627 1991; x_wconf 77' lang='grc' dir='ltr'>Ἕως</span> <span class='ocrx_word' id='word_1_137' title='bbox 1660 1928 1826 1984; x_wconf 84' lang='grc' dir='ltr'>ἑπτά-</span> 
     </span>
    </p>
   </div>
   <div class='ocr_carea' id='block_1_20' title="bbox 171 2016 1823 2095">
    <p class='ocr_par' dir='ltr' id='par_1_20' title="bbox 171 2016 1823 2095">
     <span class='ocr_line' id='line_1_20' title="bbox 171 2016 1823 2095; baseline -0.001 -20"><span class='ocrx_word' id='word_1_138' title='bbox 171 2039 281 2088; x_wconf 74' lang='grc' dir='ltr'>κιςς</span> <span class='ocrx_word' id='word_1_139' title='bbox 315 2019 594 2095; x_wconf 74' lang='grc' dir='ltr'><strong>ἀπεκρίθη</strong></span> <span class='ocrx_word' id='word_1_140' title='bbox 646 2021 674 2074; x_wconf 95' lang='lat'><strong>6</strong></span> <span class='ocrx_word' id='word_1_141' title='bbox 705 2016 1091 2086; x_wconf 84' lang='grc' dir='ltr'>διδάσσκαλος,</span> <span class='ocrx_word' id='word_1_142' title='bbox 1123 2019 1211 2072; x_wconf 83' lang='grc' dir='ltr'><strong>καὶ</strong></span> <span class='ocrx_word' id='word_1_143' title='bbox 1269 2017 1364 2072; x_wconf 79' lang='grc' dir='ltr'>οὐδ</span> <span class='ocrx_word' id='word_1_144' title='bbox 1423 2018 1582 2080; x_wconf 81' lang='grc' dir='ltr'>αὐτὸς</span> <span class='ocrx_word' id='word_1_145' title='bbox 1620 2019 1823 2088; x_wconf 82' lang='grc' dir='ltr'>ἀπέστη</span> 
     </span>
    </p>
   </div>
   <div class='ocr_carea' id='block_1_21' title="bbox 172 2102 1828 2182">
    <p class='ocr_par' dir='ltr' id='par_1_21' title="bbox 172 2102 1828 2182">
     <span class='ocr_line' id='line_1_21' title="bbox 172 2102 1828 2182; baseline -0.002 -18"><span class='ocrx_word' id='word_1_146' title='bbox 172 2115 261 2164; x_wconf 68' lang='grc' dir='ltr'>τοῦ</span> <span class='ocrx_word' id='word_1_147' title='bbox 295 2111 463 2164; x_wconf 83' lang='grc' dir='ltr'>ἑπτά’</span> <span class='ocrx_word' id='word_1_148' title='bbox 499 2107 626 2162; x_wconf 86' lang='grc' dir='ltr'>ἀλλ’</span> <span class='ocrx_word' id='word_1_149' title='bbox 683 2108 798 2162; x_wconf 69' lang='grc' dir='ltr'>εἶπε</span> <span class='ocrx_word' id='word_1_150' title='bbox 831 2107 950 2178; x_wconf 74' lang='grc' dir='ltr'>μὲν,</span> <span class='ocrx_word' id='word_1_151' title='bbox 1005 2107 1114 2182; x_wconf 80' lang='grc' dir='ltr'><strong>οὐχ</strong></span> <span class='ocrx_word' id='word_1_152' title='bbox 1167 2108 1288 2161; x_wconf 80' lang='grc' dir='ltr'>ὅσον</span> <span class='ocrx_word' id='word_1_153' title='bbox 1324 2102 1443 2180; x_wconf 81' lang='grc' dir='ltr'>ᾔδει</span> <span class='ocrx_word' id='word_1_154' title='bbox 1477 2108 1506 2162; x_wconf 95' lang='lat'><strong>6</strong></span> <span class='ocrx_word' id='word_1_155' title='bbox 1558 2108 1828 2179; x_wconf 77' lang='grc' dir='ltr'>μαθητὴς,</span> 
     </span>
    </p>
   </div>
   <div class='ocr_carea' id='block_1_22' title="bbox 173 2191 1827 2270">
    <p class='ocr_par' dir='ltr' id='par_1_22' title="bbox 173 2191 1827 2270">
     <span class='ocr_line' id='line_1_22' title="bbox 173 2191 1827 2270; baseline -0.001 -18"><span class='ocrx_word' id='word_1_156' title='bbox 173 2199 290 2253; x_wconf 79' lang='grc' dir='ltr'>ἀλλ’</span> <span class='ocrx_word' id='word_1_157' title='bbox 356 2199 486 2252; x_wconf 71' lang='grc' dir='ltr'>ὅσον</span> <span class='ocrx_word' id='word_1_158' title='bbox 542 2191 882 2270; x_wconf 79' lang='grc' dir='ltr'>ὑπερέϐαλλε</span> <span class='ocrx_word' id='word_1_159' title='bbox 931 2199 1010 2267; x_wconf 84' lang='grc' dir='ltr'><strong>τῷ</strong></span> <span class='ocrx_word' id='word_1_160' title='bbox 1035 2195 1282 2268; x_wconf 67' lang='grc' dir='ltr'>τοσούτῳ</span> <span class='ocrx_word' id='word_1_161' title='bbox 1313 2197 1340 2250; x_wconf 94' lang='lat'><strong>6</strong></span> <span class='ocrx_word' id='word_1_162' title='bbox 1390 2195 1687 2266; x_wconf 85' lang='grc' dir='ltr'>Δεσπότης.</span> <span class='ocrx_word' id='word_1_163' title='bbox 1721 2202 1827 2250; x_wconf 90' lang='grc' dir='ltr'><strong>Πο-</strong></span> 
     </span>
    </p>
   </div>
   <div class='ocr_carea' id='block_1_23' title="bbox 174 2283 1824 2358">
    <p class='ocr_par' dir='ltr' id='par_1_23' title="bbox 174 2283 1824 2358">
     <span class='ocr_line' id='line_1_23' title="bbox 174 2283 1824 2358; baseline -0.002 -18"><span class='ocrx_word' id='word_1_164' title='bbox 174 2285 324 2349; x_wconf 69' lang='grc' dir='ltr'>σάκις</span> <span class='ocrx_word' id='word_1_165' title='bbox 386 2286 716 2358; x_wconf 73' lang='grc' dir='ltr'>ἁμαρτήσει,</span> <span class='ocrx_word' id='word_1_166' title='bbox 773 2284 865 2338; x_wconf 84' lang='grc' dir='ltr'><strong>καὶ</strong></span> <span class='ocrx_word' id='word_1_167' title='bbox 950 2284 1180 2358; x_wconf 56' lang='lat' dir='ltr'><strong>deviam;</strong></span> <span class='ocrx_word' id='word_1_168' title='bbox 1241 2285 1337 2338; x_wconf 79' lang='grc' dir='ltr'>Διά</span> <span class='ocrx_word' id='word_1_169' title='bbox 1394 2283 1444 2338; x_wconf 85' lang='grc' dir='ltr'><strong>τί</strong></span> <span class='ocrx_word' id='word_1_170' title='bbox 1503 2284 1602 2338; x_wconf 84' lang='grc' dir='ltr'>οὐκ</span> <span class='ocrx_word' id='word_1_171' title='bbox 1663 2284 1824 2352; x_wconf 77' lang='grc' dir='ltr'>εἶπεν,</span> 
     </span>
    </p>
   </div>
   <div class='ocr_carea' id='block_1_24' title="bbox 173 2369 1828 2445">
    <p class='ocr_par' dir='ltr' id='par_1_24' title="bbox 173 2369 1828 2445">
     <span class='ocr_line' id='line_1_24' title="bbox 173 2369 1828 2445; baseline -0.002 -16"><span class='ocrx_word' id='word_1_172' title='bbox 173 2372 270 2438; x_wconf 78' lang='grc' dir='ltr'>ἓως</span> <span class='ocrx_word' id='word_1_173' title='bbox 300 2374 502 2445; x_wconf 78' lang='grc' dir='ltr'>ἑξάκις,</span> <span class='ocrx_word' id='word_1_174' title='bbox 535 2373 571 2441; x_wconf 75' lang='grc' dir='ltr'>ἤ</span> <span class='ocrx_word' id='word_1_175' title='bbox 605 2369 710 2434; x_wconf 79' lang='grc' dir='ltr'>ἓως</span> <span class='ocrx_word' id='word_1_176' title='bbox 749 2371 985 2441; x_wconf 77' lang='grc' dir='ltr'>ὀκτάκις,</span> <span class='ocrx_word' id='word_1_177' title='bbox 1020 2371 1146 2427; x_wconf 87' lang='grc' dir='ltr'>ἀλλ’</span> <span class='ocrx_word' id='word_1_178' title='bbox 1191 2372 1296 2435; x_wconf 71' lang='grc' dir='ltr'>ἓως</span> <span class='ocrx_word' id='word_1_179' title='bbox 1353 2373 1608 2440; x_wconf 74' lang='grc' dir='ltr'>ἑπτάκιςς</span> <span class='ocrx_word' id='word_1_180' title='bbox 1643 2374 1740 2426; x_wconf 81' lang='grc' dir='ltr'>Διά</span> <span class='ocrx_word' id='word_1_181' title='bbox 1770 2369 1828 2427; x_wconf 76' lang='grc' dir='ltr'>δὲ</span> 
     </span>
    </p>
   </div>
   <div class='ocr_carea' id='block_1_25' title="bbox 176 2461 1824 2537">
    <p class='ocr_par' dir='ltr' id='par_1_25' title="bbox 176 2461 1824 2537">
     <span class='ocr_line' id='line_1_25' title="bbox 176 2461 1824 2537; baseline -0.002 -19"><span class='ocrx_word' id='word_1_182' title='bbox 176 2466 222 2518; x_wconf 91' lang='grc' dir='ltr'><strong>τί</strong></span> <span class='ocrx_word' id='word_1_183' title='bbox 277 2465 306 2517; x_wconf 88' lang='lat'><strong>6</strong></span> <span class='ocrx_word' id='word_1_184' title='bbox 369 2463 569 2537; x_wconf 76' lang='grc' dir='ltr'>Κύριος</span> <span class='ocrx_word' id='word_1_185' title='bbox 628 2461 725 2515; x_wconf 79' lang='grc' dir='ltr'>οὐκ</span> <span class='ocrx_word' id='word_1_186' title='bbox 780 2461 950 2531; x_wconf 74' lang='grc' dir='ltr'>εἶπεν,</span> <span class='ocrx_word' id='word_1_187' title='bbox 1000 2464 1148 2522; x_wconf 65' lang='lat' dir='ltr'><strong>&quot;Em:</strong></span> <span class='ocrx_word' id='word_1_188' title='bbox 1214 2461 1556 2523; x_wconf 80' lang='grc' dir='ltr'>ἑκατοντάκις</span> <span class='ocrx_word' id='word_1_189' title='bbox 1616 2462 1824 2532; x_wconf 81' lang='grc' dir='ltr'>ἑκατὸν,</span> 
     </span>
    </p>
   </div>
   <div class='ocr_carea' id='block_1_26' title="bbox 184 2547 1827 2621">
    <p class='ocr_par' dir='ltr' id='par_1_26' title="bbox 184 2547 1827 2621">
     <span class='ocr_line' id='line_1_26' title="bbox 184 2547 1827 2621; baseline 0 -17"><span class='ocrx_word' id='word_1_190' title='bbox 184 2551 328 2606; x_wconf 67' lang='grc' dir='ltr'>ἀλλὰ</span> <span class='ocrx_word' id='word_1_191' title='bbox 385 2553 476 2605; x_wconf 86' lang='grc' dir='ltr'>τὸν</span> <span class='ocrx_word' id='word_1_192' title='bbox 539 2551 679 2604; x_wconf 72' lang='grc' dir='ltr'>ἑπτὰ</span> <span class='ocrx_word' id='word_1_193' title='bbox 725 2549 955 2621; x_wconf 81' lang='grc' dir='ltr'>ἀσιθμὸν</span> <span class='ocrx_word' id='word_1_194' title='bbox 1009 2547 1516 2618; x_wconf 73' lang='grc' dir='ltr'>ἐπολυπλασίασενς</span> <span class='ocrx_word' id='word_1_195' title='bbox 1578 2547 1716 2607; x_wconf 76' lang='grc' dir='ltr'>Οὔτε</span> <span class='ocrx_word' id='word_1_196' title='bbox 1798 2551 1827 2604; x_wconf 87' lang='lat'><strong>6</strong></span> 
     </span>
    </p>
   </div>
   <div class='ocr_carea' id='block_1_27' title="bbox 183 2635 1826 2714">
    <p class='ocr_par' dir='ltr' id='par_1_27' title="bbox 183 2635 1826 2714">
     <span class='ocr_line' id='line_1_27' title="bbox 183 2635 1826 2714; baseline -0.001 -20"><span class='ocrx_word' id='word_1_197' title='bbox 183 2642 385 2712; x_wconf 80' lang='grc' dir='ltr'>Πέτρος</span> <span class='ocrx_word' id='word_1_198' title='bbox 449 2637 627 2693; x_wconf 75' lang='grc' dir='ltr'>ἄλλον</span> <span class='ocrx_word' id='word_1_199' title='bbox 681 2639 964 2713; x_wconf 76' lang='grc' dir='ltr'>ἠρώτησεν</span> <span class='ocrx_word' id='word_1_200' title='bbox 1021 2638 1269 2714; x_wconf 80' lang='grc' dir='ltr'>ἀριθμὸν,</span> <span class='ocrx_word' id='word_1_201' title='bbox 1356 2635 1478 2693; x_wconf 76' lang='grc' dir='ltr'>οὕτε</span> <span class='ocrx_word' id='word_1_202' title='bbox 1544 2641 1572 2694; x_wconf 90' lang='lat'><strong>6</strong></span> <span class='ocrx_word' id='word_1_203' title='bbox 1632 2639 1826 2713; x_wconf 81' lang='grc' dir='ltr'>Κύριος</span> 
     </span>
    </p>
   </div>
   <div class='ocr_carea' id='block_1_28' title="bbox 182 2721 1827 2802">
    <p class='ocr_par' dir='ltr' id='par_1_28' title="bbox 182 2721 1827 2802">
     <span class='ocr_line' id='line_1_28' title="bbox 182 2721 1827 2802; baseline 0 -20"><span class='ocrx_word' id='word_1_204' title='bbox 182 2725 336 2798; x_wconf 71' lang='grc' dir='ltr'>ἰξὲϐη</span> <span class='ocrx_word' id='word_1_205' title='bbox 367 2733 464 2782; x_wconf 70' lang='grc' dir='ltr'><strong>τοῦ</strong></span> <span class='ocrx_word' id='word_1_206' title='bbox 512 2728 740 2788; x_wconf 77' lang='grc' dir='ltr'>κανόνος</span> <span class='ocrx_word' id='word_1_207' title='bbox 799 2731 896 2781; x_wconf 81' lang='grc' dir='ltr'>τοῦ</span> <span class='ocrx_word' id='word_1_208' title='bbox 952 2721 1337 2799; x_wconf 81' lang='grc' dir='ltr'>ἑϐδοματικοῦ.</span> <span class='ocrx_word' id='word_1_209' title='bbox 1386 2731 1766 2802; x_wconf 79' lang='grc' dir='ltr'>Παρετήρησεν</span> <span class='ocrx_word' id='word_1_210' title='bbox 1798 2728 1827 2782; x_wconf 88' lang='lat'><strong>6</strong></span> 
     </span>
    </p>
   </div>
   <div class='ocr_carea' id='block_1_29' title="bbox 183 2813 1825 2892">
    <p class='ocr_par' dir='ltr' id='par_1_29' title="bbox 183 2813 1825 2892">
     <span class='ocr_line' id='line_1_29' title="bbox 183 2813 1825 2892; baseline -0.001 -21"><span class='ocrx_word' id='word_1_211' title='bbox 183 2821 417 2890; x_wconf 71' lang='grc' dir='ltr'>Πέτρος,</span> <span class='ocrx_word' id='word_1_212' title='bbox 475 2818 554 2870; x_wconf 76' lang='grc' dir='ltr'><strong>δτι</strong></span> <span class='ocrx_word' id='word_1_213' title='bbox 609 2817 788 2870; x_wconf 84' lang='grc' dir='ltr'>κανὼν</span> <span class='ocrx_word' id='word_1_214' title='bbox 859 2813 1207 2890; x_wconf 81' lang='grc' dir='ltr'>παραδόσεως</span> <span class='ocrx_word' id='word_1_215' title='bbox 1277 2817 1530 2892; x_wconf 84' lang='grc' dir='ltr'>ἀρχαῖος,</span> <span class='ocrx_word' id='word_1_216' title='bbox 1587 2817 1676 2871; x_wconf 83' lang='grc' dir='ltr'>καὶ</span> <span class='ocrx_word' id='word_1_217' title='bbox 1725 2818 1825 2886; x_wconf 77' lang='grc' dir='ltr'><strong>τὴν</strong></span> 
     </span>
    </p>
   </div>
   <div class='ocr_carea' id='block_1_30' title="bbox 185 2901 1826 2982">
    <p class='ocr_par' dir='ltr' id='par_1_30' title="bbox 185 2901 1826 2982">
     <span class='ocr_line' id='line_1_30' title="bbox 185 2901 1826 2982; baseline 0 -22"><span class='ocrx_word' id='word_1_218' title='bbox 185 2901 475 2976; x_wconf 78' lang='grc' dir='ltr'>ἑϐδομάδα</span> <span class='ocrx_word' id='word_1_219' title='bbox 500 2903 721 2982; x_wconf 78' lang='grc' dir='ltr'>ἔμφασιν</span> <span class='ocrx_word' id='word_1_220' title='bbox 755 2903 900 2981; x_wconf 79' lang='grc' dir='ltr'>ἔχειν</span> <span class='ocrx_word' id='word_1_221' title='bbox 950 2905 1072 2958; x_wconf 81' lang='grc' dir='ltr'>τινὰ</span> <span class='ocrx_word' id='word_1_222' title='bbox 1118 2904 1357 2982; x_wconf 88' lang='grc' dir='ltr'>ἀφέσεως</span> <span class='ocrx_word' id='word_1_223' title='bbox 1397 2906 1826 2978; x_wconf 83' lang='grc' dir='ltr'>ἁμαρτημάτων,</span> 
     </span>
    </p>
   </div>
   <div class='ocr_carea' id='block_1_31' title="bbox 191 2989 1828 3066">
    <p class='ocr_par' dir='ltr' id='par_1_31' title="bbox 191 2989 1828 3066">
     <span class='ocr_line' id='line_1_31' title="bbox 191 2989 1828 3066; baseline 0.002 -20"><span class='ocrx_word' id='word_1_224' title='bbox 191 2994 536 3054; x_wconf 63' lang='grc' dir='ltr'>ἀναπαύσεως</span> <span class='ocrx_word' id='word_1_225' title='bbox 566 2993 796 3061; x_wconf 81' lang='grc' dir='ltr'>τελείας,</span> <span class='ocrx_word' id='word_1_226' title='bbox 847 2994 910 3048; x_wconf 80' lang='grc' dir='ltr'><strong>οὗ</strong></span> <span class='ocrx_word' id='word_1_227' title='bbox 967 3000 1193 3066; x_wconf 87' lang='grc' dir='ltr'>σημεῖον</span> <span class='ocrx_word' id='word_1_228' title='bbox 1223 2996 1286 3048; x_wconf 88' lang='grc' dir='ltr'><strong>τὸ</strong></span> <span class='ocrx_word' id='word_1_229' title='bbox 1341 2989 1618 3049; x_wconf 84' lang='grc' dir='ltr'>Σάϐϐατόν</span> <span class='ocrx_word' id='word_1_230' title='bbox 1668 2995 1828 3065; x_wconf 84' lang='grc' dir='ltr'>ἐστιν,</span> 
     </span>
    </p>
   </div>
   <div class='ocr_carea' id='block_1_32' title="bbox 191 3079 1821 3158">
    <p class='ocr_par' dir='ltr' id='par_1_32' title="bbox 191 3079 1821 3158">
     <span class='ocr_line' id='line_1_32' title="bbox 191 3079 1821 3158; baseline 0.002 -22"><span class='ocrx_word' id='word_1_231' title='bbox 191 3086 223 3150; x_wconf 79' lang='grc' dir='ltr'>ἡ</span> <span class='ocrx_word' id='word_1_232' title='bbox 253 3079 461 3153; x_wconf 81' lang='grc' dir='ltr'>ἑϐδόμη</span> <span class='ocrx_word' id='word_1_233' title='bbox 496 3084 680 3157; x_wconf 68' lang='grc' dir='ltr'>ἡμέρα</span> <span class='ocrx_word' id='word_1_234' title='bbox 738 3083 843 3137; x_wconf 81' lang='grc' dir='ltr'><strong>ἀπὸ</strong></span> <span class='ocrx_word' id='word_1_235' title='bbox 889 3081 1168 3156; x_wconf 77' lang='grc' dir='ltr'>γενέσεως.</span> <span class='ocrx_word' id='word_1_236' title='bbox 1225 3085 1284 3140; x_wconf 87' lang='grc' dir='ltr'><strong>Ὀ</strong></span> <span class='ocrx_word' id='word_1_237' title='bbox 1345 3084 1545 3158; x_wconf 82' lang='grc' dir='ltr'>Πέτρος</span> <span class='ocrx_word' id='word_1_238' title='bbox 1578 3085 1821 3149; x_wconf 82' lang='grc' dir='ltr'>ἑπτάκις.</span> 
     </span>
    </p>
   </div>
   <div class='ocr_carea' id='block_1_33' title="bbox 187 3167 1830 3246">
    <p class='ocr_par' dir='ltr' id='par_1_33' title="bbox 187 3167 1830 3246">
     <span class='ocr_line' id='line_1_33' title="bbox 187 3167 1830 3246; baseline 0.001 -20"><span class='ocrx_word' id='word_1_239' title='bbox 187 3174 213 3226; x_wconf 83' lang='grc' dir='ltr'><strong>ὁ</strong></span> <span class='ocrx_word' id='word_1_240' title='bbox 266 3173 475 3246; x_wconf 74' lang='grc' dir='ltr'>Κύριος</span> <span class='ocrx_word' id='word_1_241' title='bbox 531 3169 637 3233; x_wconf 74' lang='grc' dir='ltr'>ἓως</span> <span class='ocrx_word' id='word_1_242' title='bbox 693 3167 1166 3243; x_wconf 87' lang='grc' dir='ltr'>ἑϐδομηκοντάκις</span> <span class='ocrx_word' id='word_1_243' title='bbox 1221 3173 1372 3228; x_wconf 87' lang='grc' dir='ltr'>ἑπτά.</span> <span class='ocrx_word' id='word_1_244' title='bbox 1431 3173 1589 3230; x_wconf 85' lang='grc' dir='ltr'><strong>Αλλά</strong></span> <span class='ocrx_word' id='word_1_245' title='bbox 1635 3174 1724 3228; x_wconf 83' lang='grc' dir='ltr'>καὶ</span> <span class='ocrx_word' id='word_1_246' title='bbox 1776 3174 1830 3228; x_wconf 79' lang='grc' dir='ltr'>αἱ</span> 
     </span>
    </p>
   </div>
   <div class='ocr_carea' id='block_1_34' title="bbox 1924 591 3572 668">
    <p class='ocr_par' dir='ltr' id='par_1_34' title="bbox 1924 591 3572 668">
     <span class='ocr_line' id='line_1_34' title="bbox 1924 591 3572 668; baseline -0.003 -16"><span class='ocrx_word' id='word_1_247' title='bbox 1924 599 2101 666; x_wconf 87' lang='lat' dir='ltr'><strong>tebat,</strong></span> <span class='ocrx_word' id='word_1_248' title='bbox 2136 615 2263 668; x_wconf 70' lang='lat' dir='ltr'><strong>quis</strong></span> <span class='ocrx_word' id='word_1_249' title='bbox 2295 604 2448 653; x_wconf 88' lang='lat' dir='ltr'><strong>terra</strong></span> <span class='ocrx_word' id='word_1_250' title='bbox 2480 603 2687 668; x_wconf 84' lang='lat' dir='ltr'><strong>sponte</strong></span> <span class='ocrx_word' id='word_1_251' title='bbox 2721 598 3068 668; x_wconf 89' lang='lat' dir='ltr'><strong>produceret</strong></span> <span class='ocrx_word' id='word_1_252' title='bbox 3093 594 3294 659; x_wconf 75' lang='lat' dir='ltr'><strong>&quot;,tum</strong></span> <span class='ocrx_word' id='word_1_253' title='bbox 3327 591 3572 661; x_wconf 84' lang='lat' dir='ltr'><strong>scilicet,</strong></span> 
     </span>
    </p>
   </div>
   <div class='ocr_carea' id='block_1_35' title="bbox 1925 685 3573 758">
    <p class='ocr_par' dir='ltr' id='par_1_35' title="bbox 1925 685 3573 758">
     <span class='ocr_line' id='line_1_35' title="bbox 1925 685 3573 758; baseline -0.003 -16"><span class='ocrx_word' id='word_1_254' title='bbox 1925 704 2055 743; x_wconf 90' lang='lat' dir='ltr'><strong>cum</strong></span> <span class='ocrx_word' id='word_1_255' title='bbox 2089 692 2252 742; x_wconf 68' lang='lat' dir='ltr'><strong>terra:</strong></span> <span class='ocrx_word' id='word_1_256' title='bbox 2285 688 2586 758; x_wconf 72' lang='lat' dir='ltr'><strong>promissa:</strong></span> <span class='ocrx_word' id='word_1_257' title='bbox 2617 691 2916 757; x_wconf 77' lang='lat' dir='ltr'><strong>compotes</strong></span> <span class='ocrx_word' id='word_1_258' title='bbox 2947 685 3081 739; x_wconf 78' lang='lat' dir='ltr'><strong>i‘acti</strong></span> <span class='ocrx_word' id='word_1_259' title='bbox 3114 687 3331 738; x_wconf 89' lang='lat' dir='ltr'><strong>essent.</strong></span> <span class='ocrx_word' id='word_1_260' title='bbox 3372 685 3573 737; x_wconf 79' lang='lat' dir='ltr'><strong>Annus</strong></span> 
     </span>
    </p>
   </div>
   <div class='ocr_carea' id='block_1_36' title="bbox 1925 771 3572 844">
    <p class='ocr_par' dir='ltr' id='par_1_36' title="bbox 1925 771 3572 844">
     <span class='ocr_line' id='line_1_36' title="bbox 1925 771 3572 844; baseline -0.003 -13"><span class='ocrx_word' id='word_1_261' title='bbox 1925 792 2026 831; x_wconf 87' lang='lat' dir='ltr'><strong>sex</strong></span> <span class='ocrx_word' id='word_1_262' title='bbox 2057 776 2331 831; x_wconf 83' lang='lat' dir='ltr'><strong>Hebraeus</strong></span> <span class='ocrx_word' id='word_1_263' title='bbox 2363 777 2684 841; x_wconf 73' lang='lat' dir='ltr'><strong>serviebat;</strong></span> <span class='ocrx_word' id='word_1_264' title='bbox 2722 792 2876 829; x_wconf 88' lang='lat' dir='ltr'><strong>anno</strong></span> <span class='ocrx_word' id='word_1_265' title='bbox 2928 773 3180 844; x_wconf 90' lang='lat' dir='ltr'><strong>septimo</strong></span> <span class='ocrx_word' id='word_1_266' title='bbox 3227 790 3262 826; x_wconf 86' lang='lat' dir='ltr'><strong>a</strong></span> <span class='ocrx_word' id='word_1_267' title='bbox 3291 771 3572 827; x_wconf 75' lang='lat' dir='ltr'><strong>servitute</strong></span> 
     </span>
    </p>
   </div>
   <div class='ocr_carea' id='block_1_37' title="bbox 1927 860 3570 934">
    <p class='ocr_par' dir='ltr' id='par_1_37' title="bbox 1927 860 3570 934">
     <span class='ocr_line' id='line_1_37' title="bbox 1927 860 3570 934; baseline -0.004 -14"><span class='ocrx_word' id='word_1_268' title='bbox 1927 866 2304 920; x_wconf 84' lang='lat' dir='ltr'><strong>liberabatur.</strong></span> <span class='ocrx_word' id='word_1_269' title='bbox 2340 873 2505 920; x_wconf 83' lang='lat' dir='ltr'><strong>Anno</strong></span> <span class='ocrx_word' id='word_1_270' title='bbox 2537 864 2973 934; x_wconf 86' lang='lat' dir='ltr'><strong>septuagesimo</strong></span> <span class='ocrx_word' id='word_1_271' title='bbox 3022 861 3218 917; x_wconf 89' lang='lat' dir='ltr'><strong>soluta</strong></span> <span class='ocrx_word' id='word_1_272' title='bbox 3265 860 3420 932; x_wconf 91' lang='lat' dir='ltr'><strong>apud</strong></span> <span class='ocrx_word' id='word_1_273' title='bbox 3469 876 3570 914; x_wconf 88' lang='lat' dir='ltr'><strong>eos</strong></span> 
     </span>
    </p>
   </div>
   <div class='ocr_carea' id='block_1_38' title="bbox 1926 949 3568 1025">
    <p class='ocr_par' dir='ltr' id='par_1_38' title="bbox 1926 949 3568 1025">
     <span class='ocr_line' id='line_1_38' title="bbox 1926 949 3568 1025; baseline -0.002 -18"><span class='ocrx_word' id='word_1_274' title='bbox 1926 955 2236 1025; x_wconf 79' lang='lat' dir='ltr'><strong>captivitas</strong></span> <span class='ocrx_word' id='word_1_275' title='bbox 2267 959 2376 1008; x_wconf 91' lang='lat' dir='ltr'><strong>est.</strong></span> <span class='ocrx_word' id='word_1_276' title='bbox 2418 954 2526 1008; x_wconf 89' lang='lat' dir='ltr'><strong>Sed</strong></span> <span class='ocrx_word' id='word_1_277' title='bbox 2578 959 2776 1007; x_wconf 79' lang='lat' dir='ltr'><strong>nostra</strong></span> <span class='ocrx_word' id='word_1_278' title='bbox 2825 965 3060 1022; x_wconf 87' lang='lat' dir='ltr'><strong>quoque</strong></span> <span class='ocrx_word' id='word_1_279' title='bbox 3108 950 3435 1004; x_wconf 88' lang='lat' dir='ltr'><strong>videamus.</strong></span> <span class='ocrx_word' id='word_1_280' title='bbox 3477 949 3568 1003; x_wconf 86' lang='lat' dir='ltr'><strong>Se-</strong></span> 
     </span>
    </p>
   </div>
   <div class='ocr_carea' id='block_1_39' title="bbox 1921 1038 3572 1114">
    <p class='ocr_par' dir='ltr' id='par_1_39' title="bbox 1921 1038 3572 1114">
     <span class='ocr_line' id='line_1_39' title="bbox 1921 1038 3572 1114; baseline -0.002 -18"><span class='ocrx_word' id='word_1_281' title='bbox 1921 1044 2086 1114; x_wconf 80' lang='lat' dir='ltr'><strong>pties,</strong></span> <span class='ocrx_word' id='word_1_282' title='bbox 2121 1042 2333 1109; x_wconf 83' lang='lat' dir='ltr'><strong>innuit,</strong></span> <span class='ocrx_word' id='word_1_283' title='bbox 2367 1042 2520 1097; x_wconf 83' lang='lat' dir='ltr'><strong>cadet</strong></span> <span class='ocrx_word' id='word_1_284' title='bbox 2563 1044 2757 1108; x_wconf 74' lang='lat' dir='ltr'><strong>justus,</strong></span> <span class='ocrx_word' id='word_1_285' title='bbox 2820 1045 2872 1095; x_wconf 84' lang='lat' dir='ltr'><strong>et</strong></span> <span class='ocrx_word' id='word_1_286' title='bbox 2926 1048 3170 1109; x_wconf 87' lang='lat' dir='ltr'><strong>resurget</strong></span> <span class='ocrx_word' id='word_1_287' title='bbox 3226 1038 3291 1090; x_wconf 79' lang='grc'><strong>³⁸.</strong></span> <span class='ocrx_word' id='word_1_288' title='bbox 3341 1039 3433 1092; x_wconf 83' lang='lat' dir='ltr'><strong>Sic</strong></span> <span class='ocrx_word' id='word_1_289' title='bbox 3465 1053 3572 1092; x_wconf 89' lang='lat' dir='ltr'><strong>nos</strong></span> 
     </span>
    </p>
   </div>
   <div class='ocr_carea' id='block_1_40' title="bbox 1927 1127 3573 1199">
    <p class='ocr_par' dir='ltr' id='par_1_40' title="bbox 1927 1127 3573 1199">
     <span class='ocr_line' id='line_1_40' title="bbox 1927 1127 3573 1199; baseline -0.002 -15"><span class='ocrx_word' id='word_1_290' title='bbox 1927 1130 2353 1186; x_wconf 85' lang='lat' dir='ltr'><strong>hebdomadem</strong></span> <span class='ocrx_word' id='word_1_291' title='bbox 2369 1131 2536 1185; x_wconf 85' lang='lat' dir='ltr'><strong>nobis</strong></span> <span class='ocrx_word' id='word_1_292' title='bbox 2554 1129 3237 1199; x_wconf 87' lang='lat' dir='ltr'><strong>vindicamus.Septimus</strong></span> <span class='ocrx_word' id='word_1_293' title='bbox 3259 1129 3330 1182; x_wconf 91' lang='lat' dir='ltr'><strong>ab</strong></span> <span class='ocrx_word' id='word_1_294' title='bbox 3350 1127 3573 1182; x_wconf 86' lang='lat' dir='ltr'><strong>Adamo</strong></span> 
     </span>
    </p>
   </div>
   <div class='ocr_carea' id='block_1_41' title="bbox 1930 1217 3571 1290">
    <p class='ocr_par' dir='ltr' id='par_1_41' title="bbox 1930 1217 3571 1290">
     <span class='ocr_line' id='line_1_41' title="bbox 1930 1217 3571 1290; baseline -0.002 -14"><span class='ocrx_word' id='word_1_295' title='bbox 1930 1221 2122 1276; x_wconf 89' lang='lat' dir='ltr'><strong>Enoch</strong></span> <span class='ocrx_word' id='word_1_296' title='bbox 2158 1227 2402 1276; x_wconf 87' lang='lat' dir='ltr'><strong>mortem</strong></span> <span class='ocrx_word' id='word_1_297' title='bbox 2435 1238 2548 1276; x_wconf 90' lang='lat' dir='ltr'><strong>non</strong></span> <span class='ocrx_word' id='word_1_298' title='bbox 2578 1221 2723 1274; x_wconf 88' lang='lat' dir='ltr'><strong>vidit</strong></span> <span class='ocrx_word' id='word_1_299' title='bbox 2746 1237 2759 1274; x_wconf 88' lang='lat'><strong>:</strong></span> <span class='ocrx_word' id='word_1_300' title='bbox 2780 1218 3050 1274; x_wconf 62' lang='lat' dir='ltr'><strong>Ecclesia</strong></span> <span class='ocrx_word' id='word_1_301' title='bbox 3076 1218 3184 1273; x_wconf 91' lang='lat' dir='ltr'><strong>hoc</strong></span> <span class='ocrx_word' id='word_1_302' title='bbox 3205 1217 3571 1290; x_wconf 74' lang='lat' dir='ltr'><strong>mysterium.</strong></span> 
     </span>
    </p>
   </div>
   <div class='ocr_carea' id='block_1_42' title="bbox 1927 1307 3575 1380">
    <p class='ocr_par' dir='ltr' id='par_1_42' title="bbox 1927 1307 3575 1380">
     <span class='ocr_line' id='line_1_42' title="bbox 1927 1307 3575 1380; baseline -0.004 -15"><span class='ocrx_word' id='word_1_303' title='bbox 1927 1310 2228 1380; x_wconf 89' lang='lat' dir='ltr'><strong>Septimus</strong></span> <span class='ocrx_word' id='word_1_304' title='bbox 2255 1309 2326 1364; x_wconf 90' lang='lat' dir='ltr'><strong>ab</strong></span> <span class='ocrx_word' id='word_1_305' title='bbox 2343 1309 2672 1363; x_wconf 85' lang='lat' dir='ltr'><strong>Abrahamo</strong></span> <span class='ocrx_word' id='word_1_306' title='bbox 2705 1308 2892 1363; x_wconf 83' lang='lat' dir='ltr'><strong>Moses</strong></span> <span class='ocrx_word' id='word_1_307' title='bbox 2923 1308 3108 1378; x_wconf 80' lang='lat' dir='ltr'><strong>legem</strong></span> <span class='ocrx_word' id='word_1_308' title='bbox 3140 1307 3364 1377; x_wconf 88' lang='lat' dir='ltr'><strong>accepit</strong></span> <span class='ocrx_word' id='word_1_309' title='bbox 3395 1322 3410 1360; x_wconf 88' lang='lat'><strong>:</strong></span> <span class='ocrx_word' id='word_1_310' title='bbox 3444 1322 3575 1359; x_wconf 84' lang='lat' dir='ltr'><strong>mu-</strong></span> 
     </span>
    </p>
   </div>
   <div class='ocr_carea' id='block_1_43' title="bbox 1929 1393 3571 1468">
    <p class='ocr_par' dir='ltr' id='par_1_43' title="bbox 1929 1393 3571 1468">
     <span class='ocr_line' id='line_1_43' title="bbox 1929 1393 3571 1468; baseline -0.003 -15"><span class='ocrx_word' id='word_1_311' title='bbox 1929 1399 2072 1454; x_wconf 91' lang='lat' dir='ltr'><strong>totio</strong></span> <span class='ocrx_word' id='word_1_312' title='bbox 2107 1399 2163 1452; x_wconf 97' lang='lat' dir='ltr'><strong>id</strong></span> <span class='ocrx_word' id='word_1_313' title='bbox 2195 1399 2345 1464; x_wconf 66' lang='lat' dir='ltr'><strong>vitae,</strong></span> <span class='ocrx_word' id='word_1_314' title='bbox 2374 1397 2704 1468; x_wconf 77' lang='lat' dir='ltr'><strong>iniquitatis</strong></span> <span class='ocrx_word' id='word_1_315' title='bbox 2723 1395 3215 1466; x_wconf 68' lang='lat' dir='ltr'><strong>eversio,justitiaa</strong></span> <span class='ocrx_word' id='word_1_316' title='bbox 3247 1393 3571 1466; x_wconf 87' lang='lat' dir='ltr'><strong>ingressus,</strong></span> 
     </span>
    </p>
   </div>
   <div class='ocr_carea' id='block_1_44' title="bbox 1930 1485 3576 1554">
    <p class='ocr_par' dir='ltr' id='par_1_44' title="bbox 1930 1485 3576 1554">
     <span class='ocr_line' id='line_1_44' title="bbox 1930 1485 3576 1554; baseline -0.002 -12"><span class='ocrx_word' id='word_1_317' title='bbox 1930 1487 2032 1542; x_wconf 90' lang='lat' dir='ltr'><strong>Dei</strong></span> <span class='ocrx_word' id='word_1_318' title='bbox 2081 1489 2388 1552; x_wconf 76' lang='lat' dir='ltr'><strong>adventus,</strong></span> <span class='ocrx_word' id='word_1_319' title='bbox 2441 1487 2583 1541; x_wconf 90' lang='lat' dir='ltr'><strong>ordo</strong></span> <span class='ocrx_word' id='word_1_320' title='bbox 2634 1485 2840 1540; x_wconf 89' lang='lat' dir='ltr'><strong>mundi</strong></span> <span class='ocrx_word' id='word_1_321' title='bbox 2892 1489 3277 1554; x_wconf 79' lang='lat' dir='ltr'><strong>compositus,</strong></span> <span class='ocrx_word' id='word_1_322' title='bbox 3329 1485 3576 1554; x_wconf 87' lang='lat' dir='ltr'><strong>ejusque</strong></span> 
     </span>
    </p>
   </div>
   <div class='ocr_carea' id='block_1_45' title="bbox 1930 1571 3573 1647">
    <p class='ocr_par' dir='ltr' id='par_1_45' title="bbox 1930 1571 3573 1647">
     <span class='ocr_line' id='line_1_45' title="bbox 1930 1571 3573 1647; baseline -0.003 -16"><span class='ocrx_word' id='word_1_323' title='bbox 1930 1575 2402 1647; x_wconf 80' lang='lat' dir='ltr'><strong>tranquillitatis,</strong></span> <span class='ocrx_word' id='word_1_324' title='bbox 2435 1591 2638 1630; x_wconf 91' lang='lat' dir='ltr'><strong>eorum</strong></span> <span class='ocrx_word' id='word_1_325' title='bbox 2670 1591 2795 1645; x_wconf 68' lang='lat' dir='ltr'><strong>quae</strong></span> <span class='ocrx_word' id='word_1_326' title='bbox 2826 1573 3054 1645; x_wconf 90' lang='lat' dir='ltr'><strong>agenda</strong></span> <span class='ocrx_word' id='word_1_327' title='bbox 3107 1571 3228 1626; x_wconf 89' lang='lat' dir='ltr'><strong>sint</strong></span> <span class='ocrx_word' id='word_1_328' title='bbox 3263 1571 3573 1643; x_wconf 90' lang='lat' dir='ltr'><strong>legislatio.</strong></span> 
     </span>
    </p>
   </div>
   <div class='ocr_carea' id='block_1_46' title="bbox 1931 1657 3578 1737">
    <p class='ocr_par' dir='ltr' id='par_1_46' title="bbox 1931 1657 3578 1737">
     <span class='ocr_line' id='line_1_46' title="bbox 1931 1657 3578 1737; baseline -0.005 -17"><span class='ocrx_word' id='word_1_329' title='bbox 1931 1665 2377 1737; x_wconf 87' lang='lat' dir='ltr'><strong>Septuagesima</strong></span> <span class='ocrx_word' id='word_1_330' title='bbox 2407 1681 2474 1718; x_wconf 92' lang='lat' dir='ltr'><strong>ac</strong></span> <span class='ocrx_word' id='word_1_331' title='bbox 2495 1663 2746 1734; x_wconf 88' lang='lat' dir='ltr'><strong>septima</strong></span> <span class='ocrx_word' id='word_1_332' title='bbox 2758 1668 2891 1733; x_wconf 88' lang='lat' dir='ltr'><strong>post</strong></span> <span class='ocrx_word' id='word_1_333' title='bbox 2907 1663 3199 1716; x_wconf 84' lang='lat' dir='ltr'><strong>Adamum</strong></span> <span class='ocrx_word' id='word_1_334' title='bbox 3227 1665 3394 1715; x_wconf 66' lang='lat' dir='ltr'><strong>atate</strong></span> <span class='ocrx_word' id='word_1_335' title='bbox 3414 1657 3578 1714; x_wconf 87' lang='lat' dir='ltr'><strong>Chri-</strong></span> 
     </span>
    </p>
   </div>
   <div class='ocr_carea' id='block_1_47' title="bbox 1931 1749 3575 1825">
    <p class='ocr_par' dir='ltr' id='par_1_47' title="bbox 1931 1749 3575 1825">
     <span class='ocr_line' id='line_1_47' title="bbox 1931 1749 3575 1825; baseline -0.005 -15"><span class='ocrx_word' id='word_1_336' title='bbox 1931 1759 2062 1810; x_wconf 89' lang='lat' dir='ltr'><strong>stus</strong></span> <span class='ocrx_word' id='word_1_337' title='bbox 2092 1753 2383 1825; x_wconf 80' lang='lat' dir='ltr'><strong>apparuit.</strong></span> <span class='ocrx_word' id='word_1_338' title='bbox 2416 1753 2586 1808; x_wconf 87' lang='lat' dir='ltr'><strong>Novit</strong></span> <span class='ocrx_word' id='word_1_339' title='bbox 2615 1752 2820 1808; x_wconf 89' lang='lat' dir='ltr'><strong>Petrus</strong></span> <span class='ocrx_word' id='word_1_340' title='bbox 2855 1751 3172 1822; x_wconf 88' lang='lat' dir='ltr'><strong>septenarii</strong></span> <span class='ocrx_word' id='word_1_341' title='bbox 3204 1749 3575 1822; x_wconf 85' lang='lat' dir='ltr'><strong>mysterium.</strong></span> 
     </span>
    </p>
   </div>
   <div class='ocr_carea' id='block_1_48' title="bbox 1855 1839 3580 1942">
    <p class='ocr_par' dir='ltr' id='par_1_48' title="bbox 1855 1839 3580 1942">
     <span class='ocr_line' id='line_1_48' title="bbox 1855 1839 3580 1942; baseline -0.005 -43"><span class='ocrx_word' id='word_1_342' title='bbox 1855 1879 1903 1942; x_wconf 83' lang='lat' dir='ltr'><strong>B</strong></span> <span class='ocrx_word' id='word_1_343' title='bbox 1933 1844 2153 1912; x_wconf 74' lang='lat' dir='ltr'><strong>Quoties</strong></span> <span class='ocrx_word' id='word_1_344' title='bbox 2178 1843 2426 1914; x_wconf 82' lang='lat' dir='ltr'><strong>peccabit</strong></span> <span class='ocrx_word' id='word_1_345' title='bbox 2457 1843 2516 1897; x_wconf 84' lang='lat' dir='ltr'><strong>in</strong></span> <span class='ocrx_word' id='word_1_346' title='bbox 2544 1858 2630 1896; x_wconf 90' lang='lat' dir='ltr'><strong>me</strong></span> <span class='ocrx_word' id='word_1_347' title='bbox 2647 1844 2822 1912; x_wconf 83' lang='lat' dir='ltr'><strong>frater</strong></span> <span class='ocrx_word' id='word_1_348' title='bbox 2849 1857 3021 1905; x_wconf 87' lang='lat' dir='ltr'><strong>meus,</strong></span> <span class='ocrx_word' id='word_1_349' title='bbox 3067 1844 3120 1895; x_wconf 88' lang='lat' dir='ltr'><strong>et</strong></span> <span class='ocrx_word' id='word_1_350' title='bbox 3173 1839 3454 1894; x_wconf 75' lang='lat' dir='ltr'><strong>dimittam</strong></span> <span class='ocrx_word' id='word_1_351' title='bbox 3481 1839 3534 1892; x_wconf 86' lang='lat' dir='ltr'><strong>ei</strong></span> <span class='ocrx_word' id='word_1_352' title='bbox 3553 1840 3580 1891; x_wconf 67' lang='grc' dir='ltr'><em>Υ</em></span> 
     </span>
    </p>
   </div>
   <div class='ocr_carea' id='block_1_49' title="bbox 1936 1927 3575 2004">
    <p class='ocr_par' dir='ltr' id='par_1_49' title="bbox 1936 1927 3575 2004">
     <span class='ocr_line' id='line_1_49' title="bbox 1936 1927 3575 2004; baseline -0.005 -17"><span class='ocrx_word' id='word_1_353' title='bbox 1936 1949 2105 2004; x_wconf 88' lang='lat' dir='ltr'><strong>usque</strong></span> <span class='ocrx_word' id='word_1_354' title='bbox 2124 1933 2320 2002; x_wconf 75' lang='lat' dir='ltr'><strong>septies</strong></span> <span class='ocrx_word' id='word_1_355' title='bbox 2350 1931 2394 1965; x_wconf 74' lang='grc' dir='ltr'>²δ</span> <span class='ocrx_word' id='word_1_356' title='bbox 2420 1929 2448 1984; x_wconf 82' lang='lat'><strong>?</strong></span> <span class='ocrx_word' id='word_1_357' title='bbox 2479 1931 2689 1984; x_wconf 88' lang='lat' dir='ltr'><strong>Parum</strong></span> <span class='ocrx_word' id='word_1_358' title='bbox 2732 1933 2969 1984; x_wconf 87' lang='lat' dir='ltr'><strong>noverat</strong></span> <span class='ocrx_word' id='word_1_359' title='bbox 2999 1927 3343 2000; x_wconf 84' lang='lat' dir='ltr'><strong>mysterium</strong></span> <span class='ocrx_word' id='word_1_360' title='bbox 3381 1943 3394 1980; x_wconf 91' lang='lat'><strong>:</strong></span> <span class='ocrx_word' id='word_1_361' title='bbox 3430 1942 3575 1980; x_wconf 85' lang='lat' dir='ltr'><strong>non-</strong></span> 
     </span>
    </p>
   </div>
   <div class='ocr_carea' id='block_1_50' title="bbox 1937 2016 3582 2092">
    <p class='ocr_par' dir='ltr' id='par_1_50' title="bbox 1937 2016 3582 2092">
     <span class='ocr_line' id='line_1_50' title="bbox 1937 2016 3582 2092; baseline -0.004 -16"><span class='ocrx_word' id='word_1_362' title='bbox 1937 2023 2080 2076; x_wconf 89' lang='lat' dir='ltr'><strong>dum</strong></span> <span class='ocrx_word' id='word_1_363' title='bbox 2115 2021 2270 2092; x_wconf 91' lang='lat' dir='ltr'><strong>quod</strong></span> <span class='ocrx_word' id='word_1_364' title='bbox 2297 2019 2616 2091; x_wconf 83' lang='lat' dir='ltr'><strong>perfectum</strong></span> <span class='ocrx_word' id='word_1_365' title='bbox 2648 2023 2737 2074; x_wconf 92' lang='lat' dir='ltr'><strong>est</strong></span> <span class='ocrx_word' id='word_1_366' title='bbox 2758 2017 3079 2083; x_wconf 85' lang='lat' dir='ltr'><strong>didicerat;</strong></span> <span class='ocrx_word' id='word_1_367' title='bbox 3112 2016 3304 2071; x_wconf 85' lang='lat' dir='ltr'><strong>adhuc</strong></span> <span class='ocrx_word' id='word_1_368' title='bbox 3328 2031 3582 2086; x_wconf 88' lang='lat' dir='ltr'><strong>namque</strong></span> 
     </span>
    </p>
   </div>
   <div class='ocr_carea' id='block_1_51' title="bbox 1939 2103 3581 2181">
    <p class='ocr_par' dir='ltr' id='par_1_51' title="bbox 1939 2103 3581 2181">
     <span class='ocr_line' id='line_1_51' title="bbox 1939 2103 3581 2181; baseline -0.004 -17"><span class='ocrx_word' id='word_1_369' title='bbox 1939 2109 2265 2181; x_wconf 89' lang='lat' dir='ltr'><strong>discipulus</strong></span> <span class='ocrx_word' id='word_1_370' title='bbox 2295 2114 2439 2163; x_wconf 89' lang='lat' dir='ltr'><strong>erat.</strong></span> <span class='ocrx_word' id='word_1_371' title='bbox 2471 2110 2543 2162; x_wconf 86' lang='lat' dir='ltr'><strong>At</strong></span> <span class='ocrx_word' id='word_1_372' title='bbox 2575 2125 2678 2162; x_wconf 88' lang='lat' dir='ltr'><strong>nec</strong></span> <span class='ocrx_word' id='word_1_373' title='bbox 2710 2123 2915 2162; x_wconf 89' lang='lat' dir='ltr'><strong>rursus</strong></span> <span class='ocrx_word' id='word_1_374' title='bbox 2947 2107 3150 2162; x_wconf 91' lang='lat' dir='ltr'><strong>doctor</strong></span> <span class='ocrx_word' id='word_1_375' title='bbox 3187 2123 3222 2159; x_wconf 86' lang='lat' dir='ltr'><strong>a</strong></span> <span class='ocrx_word' id='word_1_376' title='bbox 3250 2103 3581 2176; x_wconf 86' lang='lat' dir='ltr'><strong>septenario</strong></span> 
     </span>
    </p>
   </div>
   <div class='ocr_carea' id='block_1_52' title="bbox 1938 2192 3581 2268">
    <p class='ocr_par' dir='ltr' id='par_1_52' title="bbox 1938 2192 3581 2268">
     <span class='ocr_line' id='line_1_52' title="bbox 1938 2192 3581 2268; baseline -0.005 -14"><span class='ocrx_word' id='word_1_377' title='bbox 1938 2199 2261 2265; x_wconf 82' lang='lat' dir='ltr'><strong>abscessit;</strong></span> <span class='ocrx_word' id='word_1_378' title='bbox 2291 2197 2697 2268; x_wconf 85' lang='lat' dir='ltr'><strong>dixitque,non</strong></span> <span class='ocrx_word' id='word_1_379' title='bbox 2731 2199 3017 2267; x_wconf 91' lang='lat' dir='ltr'><strong>quantum</strong></span> <span class='ocrx_word' id='word_1_380' title='bbox 3050 2192 3376 2265; x_wconf 88' lang='lat' dir='ltr'><strong>discipulus</strong></span> <span class='ocrx_word' id='word_1_381' title='bbox 3406 2206 3581 2247; x_wconf 85' lang='lat' dir='ltr'><strong>nove-</strong></span> 
     </span>
    </p>
   </div>
   <div class='ocr_carea' id='block_1_53' title="bbox 1939 2283 3584 2363">
    <p class='ocr_par' dir='ltr' id='par_1_53' title="bbox 1939 2283 3584 2363">
     <span class='ocr_line' id='line_1_53' title="bbox 1939 2283 3584 2363; baseline -0.004 -21"><span class='ocrx_word' id='word_1_382' title='bbox 1939 2295 2048 2357; x_wconf 87' lang='lat' dir='ltr'><strong>rat,</strong></span> <span class='ocrx_word' id='word_1_383' title='bbox 2083 2288 2180 2343; x_wconf 91' lang='lat' dir='ltr'><strong>sed</strong></span> <span class='ocrx_word' id='word_1_384' title='bbox 2215 2292 2499 2363; x_wconf 85' lang='lat' dir='ltr'><strong>quantum</strong></span> <span class='ocrx_word' id='word_1_385' title='bbox 2532 2289 2814 2341; x_wconf 87' lang='lat' dir='ltr'><strong>Dominus</strong></span> <span class='ocrx_word' id='word_1_386' title='bbox 2845 2283 3143 2356; x_wconf 87' lang='lat' dir='ltr'><strong>opulentia</strong></span> <span class='ocrx_word' id='word_1_387' title='bbox 3176 2284 3392 2353; x_wconf 87' lang='lat' dir='ltr'><strong>majore</strong></span> <span class='ocrx_word' id='word_1_388' title='bbox 3413 2295 3584 2352; x_wconf 84' lang='lat' dir='ltr'><strong>supe-</strong></span> 
     </span>
    </p>
   </div>
   <div class='ocr_carea' id='block_1_54' title="bbox 1938 2368 3583 2446">
    <p class='ocr_par' dir='ltr' id='par_1_54' title="bbox 1938 2368 3583 2446">
     <span class='ocr_line' id='line_1_54' title="bbox 1938 2368 3583 2446; baseline -0.005 -14"><span class='ocrx_word' id='word_1_389' title='bbox 1938 2379 2122 2432; x_wconf 87' lang='lat' dir='ltr'><strong>rabat.</strong></span> <span class='ocrx_word' id='word_1_390' title='bbox 2160 2377 2376 2443; x_wconf 82' lang='lat' dir='ltr'><strong>Quoties</strong></span> <span class='ocrx_word' id='word_1_391' title='bbox 2405 2375 2677 2446; x_wconf 77' lang='lat' dir='ltr'><strong>peccabit,</strong></span> <span class='ocrx_word' id='word_1_392' title='bbox 2710 2379 2763 2429; x_wconf 85' lang='lat' dir='ltr'><strong>et</strong></span> <span class='ocrx_word' id='word_1_393' title='bbox 2790 2375 3071 2429; x_wconf 86' lang='lat' dir='ltr'><strong>dimittam</strong></span> <span class='ocrx_word' id='word_1_394' title='bbox 3085 2374 3112 2428; x_wconf 74' lang='lat' dir='ltr'><strong>‘I</strong></span> <span class='ocrx_word' id='word_1_395' title='bbox 3143 2372 3256 2428; x_wconf 89' lang='lat' dir='ltr'><strong>Cur</strong></span> <span class='ocrx_word' id='word_1_396' title='bbox 3277 2387 3392 2427; x_wconf 76' lang='lat' dir='ltr'><strong>nun</strong></span> <span class='ocrx_word' id='word_1_397' title='bbox 3415 2368 3583 2439; x_wconf 80' lang='lat' dir='ltr'><strong>dixit,</strong></span> 
     </span>
    </p>
   </div>
   <div class='ocr_carea' id='block_1_55' title="bbox 1940 2458 3584 2537">
    <p class='ocr_par' dir='ltr' id='par_1_55' title="bbox 1940 2458 3584 2537">
     <span class='ocr_line' id='line_1_55' title="bbox 1940 2458 3584 2537; baseline -0.005 -16"><span class='ocrx_word' id='word_1_398' title='bbox 1940 2481 2126 2537; x_wconf 88' lang='lat' dir='ltr'><strong>usque</strong></span> <span class='ocrx_word' id='word_1_399' title='bbox 2159 2466 2368 2531; x_wconf 83' lang='lat' dir='ltr'><strong>sexies,</strong></span> <span class='ocrx_word' id='word_1_400' title='bbox 2402 2468 2504 2519; x_wconf 89' lang='lat' dir='ltr'><strong>aut</strong></span> <span class='ocrx_word' id='word_1_401' title='bbox 2533 2480 2720 2535; x_wconf 89' lang='lat' dir='ltr'><strong>usque</strong></span> <span class='ocrx_word' id='word_1_402' title='bbox 2751 2463 3069 2529; x_wconf 88' lang='lat' dir='ltr'><strong>octies,sed</strong></span> <span class='ocrx_word' id='word_1_403' title='bbox 3103 2477 3292 2532; x_wconf 91' lang='lat' dir='ltr'><strong>usque</strong></span> <span class='ocrx_word' id='word_1_404' title='bbox 3322 2458 3584 2532; x_wconf 74' lang='lat' dir='ltr'><strong>septies?</strong></span> 
     </span>
    </p>
   </div>
   <div class='ocr_carea' id='block_1_56' title="bbox 1936 2547 3581 2622">
    <p class='ocr_par' dir='ltr' id='par_1_56' title="bbox 1936 2547 3581 2622">
     <span class='ocr_line' id='line_1_56' title="bbox 1936 2547 3581 2622; baseline -0.006 -12"><span class='ocrx_word' id='word_1_405' title='bbox 1936 2555 2149 2620; x_wconf 87' lang='lat' dir='ltr'><strong>Quidni</strong></span> <span class='ocrx_word' id='word_1_406' title='bbox 2181 2570 2314 2609; x_wconf 90' lang='lat' dir='ltr'><strong>vero</strong></span> <span class='ocrx_word' id='word_1_407' title='bbox 2345 2553 2490 2608; x_wconf 80' lang='lat' dir='ltr'><strong>dixit</strong></span> <span class='ocrx_word' id='word_1_408' title='bbox 2519 2553 2824 2619; x_wconf 91' lang='lat' dir='ltr'><strong>Dominus,</strong></span> <span class='ocrx_word' id='word_1_409' title='bbox 2843 2551 3042 2622; x_wconf 88' lang='lat' dir='ltr'><strong>Usque</strong></span> <span class='ocrx_word' id='word_1_410' title='bbox 3070 2555 3306 2606; x_wconf 87' lang='lat' dir='ltr'><strong>centum</strong></span> <span class='ocrx_word' id='word_1_411' title='bbox 3338 2547 3581 2614; x_wconf 87' lang='lat' dir='ltr'><strong>centies,</strong></span> 
     </span>
    </p>
   </div>
   <div class='ocr_carea' id='block_1_57' title="bbox 1937 2636 3583 2714">
    <p class='ocr_par' dir='ltr' id='par_1_57' title="bbox 1937 2636 3583 2714">
     <span class='ocr_line' id='line_1_57' title="bbox 1937 2636 3583 2714; baseline -0.005 -15"><span class='ocrx_word' id='word_1_412' title='bbox 1937 2645 2040 2699; x_wconf 87' lang='lat' dir='ltr'><strong>sed</strong></span> <span class='ocrx_word' id='word_1_413' title='bbox 2090 2659 2401 2698; x_wconf 88' lang='lat' dir='ltr'><strong>numerum</strong></span> <span class='ocrx_word' id='word_1_414' title='bbox 2451 2641 2847 2714; x_wconf 87' lang='lat' dir='ltr'><strong>septenarium</strong></span> <span class='ocrx_word' id='word_1_415' title='bbox 2900 2637 3354 2710; x_wconf 82' lang='lat' dir='ltr'><strong>multiplicavit?</strong></span> <span class='ocrx_word' id='word_1_416' title='bbox 3383 2636 3583 2707; x_wconf 87' lang='lat' dir='ltr'><strong>Neque</strong></span> 
     </span>
    </p>
   </div>
   <div class='ocr_carea' id='block_1_58' title="bbox 1937 2723 3582 2803">
    <p class='ocr_par' dir='ltr' id='par_1_58' title="bbox 1937 2723 3582 2803">
     <span class='ocr_line' id='line_1_58' title="bbox 1937 2723 3582 2803; baseline -0.007 -14"><span class='ocrx_word' id='word_1_417' title='bbox 1937 2735 2140 2790; x_wconf 86' lang='lat' dir='ltr'><strong>Petrus</strong></span> <span class='ocrx_word' id='word_1_418' title='bbox 2169 2731 2351 2788; x_wconf 83' lang='lat' dir='ltr'><strong>alium</strong></span> <span class='ocrx_word' id='word_1_419' title='bbox 2373 2731 2860 2803; x_wconf 73' lang='lat' dir='ltr'><strong>quaasivit,noque</strong></span> <span class='ocrx_word' id='word_1_420' title='bbox 2890 2729 3176 2785; x_wconf 88' lang='lat' dir='ltr'><strong>Dominus</strong></span> <span class='ocrx_word' id='word_1_421' title='bbox 3207 2746 3239 2783; x_wconf 87' lang='lat' dir='ltr'><strong>a</strong></span> <span class='ocrx_word' id='word_1_422' title='bbox 3269 2723 3582 2798; x_wconf 87' lang='lat' dir='ltr'><strong>septenarii</strong></span> 
     </span>
    </p>
   </div>
   <div class='ocr_carea' id='block_1_59' title="bbox 1937 2813 3581 2895">
    <p class='ocr_par' dir='ltr' id='par_1_59' title="bbox 1937 2813 3581 2895">
     <span class='ocr_line' id='line_1_59' title="bbox 1937 2813 3581 2895; baseline -0.006 -17"><span class='ocrx_word' id='word_1_423' title='bbox 1937 2822 2137 2895; x_wconf 86' lang='lat' dir='ltr'><strong>regula</strong></span> <span class='ocrx_word' id='word_1_424' title='bbox 2169 2821 2530 2876; x_wconf 84' lang='lat' dir='ltr'><strong>exorbitavit.</strong></span> <span class='ocrx_word' id='word_1_425' title='bbox 2547 2820 2895 2875; x_wconf 88' lang='lat' dir='ltr'><strong>Observarat</strong></span> <span class='ocrx_word' id='word_1_426' title='bbox 2919 2819 3403 2883; x_wconf 89' lang='lat' dir='ltr'><strong>Petrus,veterem</strong></span> <span class='ocrx_word' id='word_1_427' title='bbox 3427 2813 3581 2869; x_wconf 72' lang='lat'><strong>842</strong></span> 
     </span>
    </p>
   </div>
   <div class='ocr_carea' id='block_1_60' title="bbox 1938 2904 3584 2980">
    <p class='ocr_par' dir='ltr' id='par_1_60' title="bbox 1938 2904 3584 2980">
     <span class='ocr_line' id='line_1_60' title="bbox 1938 2904 3584 2980; baseline -0.007 -14"><span class='ocrx_word' id='word_1_428' title='bbox 1938 2910 2272 2966; x_wconf 80' lang='lat' dir='ltr'><strong>traditionis</strong></span> <span class='ocrx_word' id='word_1_429' title='bbox 2302 2908 2564 2980; x_wconf 84' lang='lat' dir='ltr'><strong>regulam</strong></span> <span class='ocrx_word' id='word_1_430' title='bbox 2593 2925 2742 2978; x_wconf 89' lang='lat' dir='ltr'><strong>esse,</strong></span> <span class='ocrx_word' id='word_1_431' title='bbox 2773 2912 2950 2978; x_wconf 89' lang='lat' dir='ltr'><strong>atque</strong></span> <span class='ocrx_word' id='word_1_432' title='bbox 2979 2904 3308 2976; x_wconf 89' lang='lat' dir='ltr'><strong>septenario</strong></span> <span class='ocrx_word' id='word_1_433' title='bbox 3340 2915 3584 2958; x_wconf 89' lang='lat' dir='ltr'><strong>numero</strong></span> 
     </span>
    </p>
   </div>
   <div class='ocr_carea' id='block_1_61' title="bbox 1937 2993 3586 3071">
    <p class='ocr_par' dir='ltr' id='par_1_61' title="bbox 1937 2993 3586 3071">
     <span class='ocr_line' id='line_1_61' title="bbox 1937 2993 3586 3071; baseline -0.008 -16"><span class='ocrx_word' id='word_1_434' title='bbox 1937 3001 2055 3055; x_wconf 90' lang='lat' dir='ltr'><strong>vim</strong></span> <span class='ocrx_word' id='word_1_435' title='bbox 2078 2999 2397 3071; x_wconf 87' lang='lat' dir='ltr'><strong>quamdam</strong></span> <span class='ocrx_word' id='word_1_436' title='bbox 2419 2996 2810 3068; x_wconf 84' lang='lat' dir='ltr'><strong>expressionis</strong></span> <span class='ocrx_word' id='word_1_437' title='bbox 2829 2993 3193 3050; x_wconf 84' lang='lat' dir='ltr'><strong>remissionis</strong></span> <span class='ocrx_word' id='word_1_438' title='bbox 3215 2995 3586 3064; x_wconf 88' lang='lat' dir='ltr'><strong>peccatorum</strong></span> 
     </span>
    </p>
   </div>
   <div class='ocr_carea' id='block_1_62' title="bbox 1940 3077 3585 3159">
    <p class='ocr_par' dir='ltr' id='par_1_62' title="bbox 1940 3077 3585 3159">
     <span class='ocr_line' id='line_1_62' title="bbox 1940 3077 3585 3159; baseline -0.009 -14"><span class='ocrx_word' id='word_1_439' title='bbox 1940 3091 2172 3155; x_wconf 89' lang='lat' dir='ltr'><strong>inesse;</strong></span> <span class='ocrx_word' id='word_1_440' title='bbox 2201 3088 2436 3159; x_wconf 91' lang='lat' dir='ltr'><strong>signum</strong></span> <span class='ocrx_word' id='word_1_441' title='bbox 2463 3085 2682 3157; x_wconf 89' lang='lat' dir='ltr'><strong>quietis</strong></span> <span class='ocrx_word' id='word_1_442' title='bbox 2724 3086 2988 3156; x_wconf 71' lang='lat' dir='ltr'><strong>perfectis</strong></span> <span class='ocrx_word' id='word_1_443' title='bbox 3025 3099 3039 3150; x_wconf 88' lang='lat'><strong>;</strong></span> <span class='ocrx_word' id='word_1_444' title='bbox 3071 3081 3394 3137; x_wconf 89' lang='lat' dir='ltr'><strong>Sabbatum</strong></span> <span class='ocrx_word' id='word_1_445' title='bbox 3456 3077 3585 3132; x_wconf 90' lang='lat' dir='ltr'><strong>dies</strong></span> 
     </span>
    </p>
   </div>
   <div class='ocr_carea' id='block_1_63' title="bbox 1943 3167 3586 3249">
    <p class='ocr_par' dir='ltr' id='par_1_63' title="bbox 1943 3167 3586 3249">
     <span class='ocr_line' id='line_1_63' title="bbox 1943 3167 3586 3249; baseline -0.008 -16"><span class='ocrx_word' id='word_1_446' title='bbox 1943 3179 2192 3249; x_wconf 85' lang='lat' dir='ltr'><strong>septima</strong></span> <span class='ocrx_word' id='word_1_447' title='bbox 2223 3182 2312 3232; x_wconf 88' lang='lat' dir='ltr'><strong>est</strong></span> <span class='ocrx_word' id='word_1_448' title='bbox 2359 3193 2394 3230; x_wconf 90' lang='lat' dir='ltr'><strong>a</strong></span> <span class='ocrx_word' id='word_1_449' title='bbox 2435 3175 2745 3231; x_wconf 88' lang='lat' dir='ltr'><strong>creatione.</strong></span> <span class='ocrx_word' id='word_1_450' title='bbox 2803 3178 3006 3228; x_wconf 86' lang='lat' dir='ltr'><strong>Petrus</strong></span> <span class='ocrx_word' id='word_1_451' title='bbox 3034 3171 3268 3243; x_wconf 83' lang='lat' dir='ltr'><strong>septies;</strong></span> <span class='ocrx_word' id='word_1_452' title='bbox 3299 3167 3586 3224; x_wconf 89' lang='lat' dir='ltr'><strong>Dominus</strong></span> 
     </span>
    </p>
   </div>
   <div class='ocr_carea' id='block_1_64' title="bbox 190 3245 1826 3338">
    <p class='ocr_par' dir='ltr' id='par_1_64' title="bbox 190 3259 1826 3334">
     <span class='ocr_line' id='line_1_64' title="bbox 190 3259 1826 3334; baseline 0.002 -20"><span class='ocrx_word' id='word_1_453' title='bbox 190 3261 448 3334; x_wconf 77' lang='grc' dir='ltr'>ἁμαρτίαι</span> <span class='ocrx_word' id='word_1_454' title='bbox 492 3262 556 3315; x_wconf 82' lang='lat'><strong>16</strong></span> <span class='ocrx_word' id='word_1_455' title='bbox 613 3259 844 3316; x_wconf 84' lang='grc' dir='ltr'>παλαιὸν</span> <span class='ocrx_word' id='word_1_456' title='bbox 907 3261 1045 3315; x_wconf 84' lang='grc' dir='ltr'>κατὰ</span> <span class='ocrx_word' id='word_1_457' title='bbox 1096 3265 1290 3316; x_wconf 67' lang='grc' dir='ltr'>τοῦτον</span> <span class='ocrx_word' id='word_1_458' title='bbox 1347 3261 1684 3318; x_wconf 77' lang='grc' dir='ltr'>ἐκδικοῦνται</span> <span class='ocrx_word' id='word_1_459' title='bbox 1739 3263 1826 3318; x_wconf 84' lang='grc' dir='ltr'>τὸν</span> 
     </span>
    </p>
   </div>
   <div class='ocr_carea' id='block_1_65' title="bbox 1939 3245 3586 3338">
    <p class='ocr_par' dir='ltr' id='par_1_65' title="bbox 1945 3245 3586 3338">
     <span class='ocr_line' id='line_1_65' title="bbox 1945 3245 3586 3338; baseline -0.008 -16"><span class='ocrx_word' id='word_1_460' title='bbox 1945 3245 2111 3338; x_wconf 58' lang='lat' dir='ltr'><strong>usque</strong></span> <span class='ocrx_word' id='word_1_461' title='bbox 2140 3266 2445 3337; x_wconf 85' lang='lat' dir='ltr'><strong>septuagies</strong></span> <span class='ocrx_word' id='word_1_462' title='bbox 2475 3263 2667 3335; x_wconf 85' lang='lat' dir='ltr'><strong>septies</strong></span> <span class='ocrx_word' id='word_1_463' title='bbox 2699 3263 2763 3316; x_wconf 72' lang='grc' dir='ltr'><strong>³ο.</strong></span> <span class='ocrx_word' id='word_1_464' title='bbox 2814 3262 2927 3318; x_wconf 90' lang='lat' dir='ltr'><strong>Sed</strong></span> <span class='ocrx_word' id='word_1_465' title='bbox 2965 3268 3022 3317; x_wconf 89' lang='lat' dir='ltr'><strong>et</strong></span> <span class='ocrx_word' id='word_1_466' title='bbox 3070 3264 3324 3332; x_wconf 83' lang='lat' dir='ltr'><strong>peccata,</strong></span> <span class='ocrx_word' id='word_1_467' title='bbox 3354 3259 3586 3312; x_wconf 91' lang='lat' dir='ltr'><strong>vetusto</strong></span> 
     </span>
    </p>
   </div>
   <div class='ocr_carea' id='block_1_66' title="bbox 183 3349 1831 3425">
    <p class='ocr_par' dir='ltr' id='par_1_66' title="bbox 183 3349 1831 3425">
     <span class='ocr_line' id='line_1_66' title="bbox 183 3349 1831 3425; baseline 0.001 -21"><span class='ocrx_word' id='word_1_468' title='bbox 183 3350 438 3424; x_wconf 80' lang='grc' dir='ltr'>ἀριθμόν.</span> <span class='ocrx_word' id='word_1_469' title='bbox 472 3351 598 3425; x_wconf 72' lang='grc' dir='ltr'><strong>Οὐχ</strong></span> <span class='ocrx_word' id='word_1_470' title='bbox 636 3349 800 3418; x_wconf 72' lang='grc' dir='ltr'>οὕτω,</span> <span class='ocrx_word' id='word_1_471' title='bbox 858 3351 1020 3424; x_wconf 80' lang='grc' dir='ltr'>φησὶν</span> <span class='ocrx_word' id='word_1_472' title='bbox 1081 3351 1109 3405; x_wconf 92' lang='lat'><strong>6</strong></span> <span class='ocrx_word' id='word_1_473' title='bbox 1157 3351 1303 3413; x_wconf 85' lang='grc' dir='ltr'>Θεός·</span> <span class='ocrx_word' id='word_1_474' title='bbox 1346 3357 1447 3414; x_wconf 78' lang='grc' dir='ltr'>πᾶς</span> <span class='ocrx_word' id='word_1_475' title='bbox 1507 3354 1535 3406; x_wconf 89' lang='lat'><strong>6</strong></span> <span class='ocrx_word' id='word_1_476' title='bbox 1585 3351 1831 3407; x_wconf 76' lang='grc' dir='ltr'>ἀποκτείο</span> 
     </span>
    </p>
   </div>
   <div class='ocr_carea' id='block_1_67' title="bbox 185 3435 1831 3510">
    <p class='ocr_par' dir='ltr' id='par_1_67' title="bbox 185 3435 1831 3510">
     <span class='ocr_line' id='line_1_67' title="bbox 185 3435 1831 3510; baseline 0.004 -20"><span class='ocrx_word' id='word_1_477' title='bbox 185 3460 272 3499; x_wconf 77' lang='grc' dir='ltr'><strong>νας</strong></span> <span class='ocrx_word' id='word_1_478' title='bbox 376 3439 536 3508; x_wconf 81' lang='grc' dir='ltr'>Κάϊν,</span> <span class='ocrx_word' id='word_1_479' title='bbox 618 3437 751 3492; x_wconf 74' lang='grc' dir='ltr'>ἑπτὰ</span> <span class='ocrx_word' id='word_1_480' title='bbox 827 3435 1184 3510; x_wconf 80' lang='grc' dir='ltr'>έκδικούμενά</span> <span class='ocrx_word' id='word_1_481' title='bbox 1276 3438 1588 3498; x_wconf 84' lang='grc' dir='ltr'>καταλύσει.</span> <span class='ocrx_word' id='word_1_482' title='bbox 1692 3438 1831 3498; x_wconf 78' lang='grc' dir='ltr'>Οὐδὶ</span> 
     </span>
    </p>
   </div>
   <div class='ocr_carea' id='block_1_68' title="bbox 185 3525 1830 3604">
    <p class='ocr_par' dir='ltr' id='par_1_68' title="bbox 185 3525 1830 3604">
     <span class='ocr_line' id='line_1_68' title="bbox 185 3525 1830 3604; baseline 0.002 -23"><span class='ocrx_word' id='word_1_483' title='bbox 185 3527 290 3581; x_wconf 75' lang='grc' dir='ltr'>ἐκεῖ</span> <span class='ocrx_word' id='word_1_484' title='bbox 323 3527 496 3592; x_wconf 85' lang='grc' dir='ltr'>ὀκτὼ,</span> <span class='ocrx_word' id='word_1_485' title='bbox 523 3525 672 3582; x_wconf 72' lang='grc' dir='ltr'>ἀλλὰ</span> <span class='ocrx_word' id='word_1_486' title='bbox 702 3526 852 3584; x_wconf 85' lang='grc' dir='ltr'>ἑπτά.</span> <span class='ocrx_word' id='word_1_487' title='bbox 904 3527 1003 3581; x_wconf 84' lang='grc' dir='ltr'>Καὶ</span> <span class='ocrx_word' id='word_1_488' title='bbox 1053 3529 1081 3582; x_wconf 93' lang='lat'><strong>6</strong></span> <span class='ocrx_word' id='word_1_489' title='bbox 1125 3529 1321 3604; x_wconf 70' lang='grc' dir='ltr'>Λάμεχ</span> <span class='ocrx_word' id='word_1_490' title='bbox 1359 3527 1417 3584; x_wconf 71' lang='grc' dir='ltr'>δὲ</span> <span class='ocrx_word' id='word_1_491' title='bbox 1448 3529 1638 3584; x_wconf 76' lang='grc' dir='ltr'>ἑαυτοῦ</span> <span class='ocrx_word' id='word_1_492' title='bbox 1667 3551 1830 3584; x_wconf 85' lang='grc' dir='ltr'>κατα-</span> 
     </span>
    </p>
   </div>
   <div class='ocr_carea' id='block_1_69' title="bbox 183 3610 1833 3693">
    <p class='ocr_par' dir='ltr' id='par_1_69' title="bbox 183 3610 1833 3693">
     <span class='ocr_line' id='line_1_69' title="bbox 183 3610 1833 3693; baseline 0.002 -24"><span class='ocrx_word' id='word_1_493' title='bbox 183 3617 394 3689; x_wconf 72' lang='grc' dir='ltr'>κρίνας,</span> <span class='ocrx_word' id='word_1_494' title='bbox 433 3621 535 3670; x_wconf 72' lang='grc' dir='ltr'><strong>τοῦ</strong></span> <span class='ocrx_word' id='word_1_495' title='bbox 587 3610 831 3688; x_wconf 70' lang='grc' dir='ltr'>ἕϐδόμού</span> <span class='ocrx_word' id='word_1_496' title='bbox 878 3615 976 3670; x_wconf 79' lang='grc' dir='ltr'><strong>οὐκ</strong></span> <span class='ocrx_word' id='word_1_497' title='bbox 1019 3616 1246 3687; x_wconf 80' lang='grc' dir='ltr'>ἀπέστη,</span> <span class='ocrx_word' id='word_1_498' title='bbox 1293 3619 1438 3688; x_wconf 82' lang='grc' dir='ltr'>Φησὶ</span> <span class='ocrx_word' id='word_1_499' title='bbox 1468 3619 1570 3693; x_wconf 80' lang='grc' dir='ltr'><strong>γὰρ</strong></span> <span class='ocrx_word' id='word_1_500' title='bbox 1602 3618 1706 3686; x_wconf 84' lang='grc' dir='ltr'>ὅτι,</span> <span class='ocrx_word' id='word_1_501' title='bbox 1737 3620 1833 3675; x_wconf 83' lang='grc' dir='ltr'>Ἐκ</span> 
     </span>
    </p>
   </div>
   <div class='ocr_carea' id='block_1_70' title="bbox 189 3703 1832 3784">
    <p class='ocr_par' dir='ltr' id='par_1_70' title="bbox 189 3703 1832 3784">
     <span class='ocr_line' id='line_1_70' title="bbox 189 3703 1832 3784; baseline 0.001 -23"><span class='ocrx_word' id='word_1_502' title='bbox 189 3708 318 3761; x_wconf 79' lang='grc' dir='ltr'>Κάϊν</span> <span class='ocrx_word' id='word_1_503' title='bbox 381 3703 726 3775; x_wconf 77' lang='grc' dir='ltr'>έκδεδίκηται</span> <span class='ocrx_word' id='word_1_504' title='bbox 780 3705 1023 3772; x_wconf 88' lang='grc' dir='ltr'>ἑπτάκις,</span> <span class='ocrx_word' id='word_1_505' title='bbox 1081 3704 1141 3760; x_wconf 81' lang='grc' dir='ltr'>ἐκ</span> <span class='ocrx_word' id='word_1_506' title='bbox 1197 3705 1255 3761; x_wconf 77' lang='grc' dir='ltr'>δὲ</span> <span class='ocrx_word' id='word_1_507' title='bbox 1324 3709 1521 3784; x_wconf 76' lang='grc' dir='ltr'>Λαμὶχ</span> <span class='ocrx_word' id='word_1_508' title='bbox 1586 3703 1832 3780; x_wconf 85' lang='grc' dir='ltr'>ἑϐδομη-</span> 
     </span>
    </p>
   </div>
   <div class='ocr_carea' id='block_1_71' title="bbox 187 3795 1834 3869">
    <p class='ocr_par' dir='ltr' id='par_1_71' title="bbox 187 3795 1834 3869">
     <span class='ocr_line' id='line_1_71' title="bbox 187 3795 1834 3869; baseline 0.001 -19"><span class='ocrx_word' id='word_1_509' title='bbox 187 3797 433 3856; x_wconf 69' lang='grc' dir='ltr'>κοντάκις</span> <span class='ocrx_word' id='word_1_510' title='bbox 465 3795 622 3863; x_wconf 82' lang='grc' dir='ltr'>ἑπτά,</span> <span class='ocrx_word' id='word_1_511' title='bbox 695 3796 794 3849; x_wconf 81' lang='grc' dir='ltr'>Διά</span> <span class='ocrx_word' id='word_1_512' title='bbox 848 3795 933 3865; x_wconf 86' lang='grc' dir='ltr'>τί;</span> <span class='ocrx_word' id='word_1_513' title='bbox 989 3796 1200 3869; x_wconf 84' lang='grc' dir='ltr'>Μικρὸν</span> <span class='ocrx_word' id='word_1_514' title='bbox 1257 3796 1566 3869; x_wconf 85' lang='grc' dir='ltr'>ἀνάμεινον,</span> <span class='ocrx_word' id='word_1_515' title='bbox 1617 3796 1706 3852; x_wconf 85' lang='grc' dir='ltr'><strong>καὶ</strong></span> <span class='ocrx_word' id='word_1_516' title='bbox 1747 3797 1834 3851; x_wconf 82' lang='grc' dir='ltr'>εὑ-</span> 
     </span>
    </p>
   </div>
   <div class='ocr_carea' id='block_1_72' title="bbox 191 3884 1835 3957">
    <p class='ocr_par' dir='ltr' id='par_1_72' title="bbox 191 3884 1835 3957">
     <span class='ocr_line' id='line_1_72' title="bbox 191 3884 1835 3957; baseline 0.001 -20"><span class='ocrx_word' id='word_1_517' title='bbox 191 3886 373 3956; x_wconf 70' lang='grc' dir='ltr'>ρήσεις</span> <span class='ocrx_word' id='word_1_518' title='bbox 426 3884 490 3937; x_wconf 83' lang='grc' dir='ltr'>τὸ</span> <span class='ocrx_word' id='word_1_519' title='bbox 546 3885 867 3956; x_wconf 72' lang='grc' dir='ltr'>μυστήριον,</span> <span class='ocrx_word' id='word_1_520' title='bbox 946 3884 1008 3940; x_wconf 85' lang='grc' dir='ltr'><em>Ἢ</em></span> <span class='ocrx_word' id='word_1_521' title='bbox 1066 3885 1258 3957; x_wconf 85' lang='grc' dir='ltr'>πρώτη</span> <span class='ocrx_word' id='word_1_522' title='bbox 1318 3885 1554 3957; x_wconf 80' lang='grc' dir='ltr'>ἁμαρτία</span> <span class='ocrx_word' id='word_1_523' title='bbox 1613 3886 1835 3947; x_wconf 85' lang='grc' dir='ltr'>ἑπτάκις</span> 
     </span>
    </p>
   </div>
   <div class='ocr_carea' id='block_1_73' title="bbox 192 3967 1836 4052">
    <p class='ocr_par' dir='ltr' id='par_1_73' title="bbox 192 3967 1836 4052">
     <span class='ocr_line' id='line_1_73' title="bbox 192 3967 1836 4052; baseline 0.002 -26"><span class='ocrx_word' id='word_1_524' title='bbox 192 3971 505 4040; x_wconf 73' lang='grc' dir='ltr'>ἑκδικεῖται,</span> <span class='ocrx_word' id='word_1_525' title='bbox 537 3967 1005 4044; x_wconf 79' lang='grc' dir='ltr'>ἑϐδομηκοντάκις</span> <span class='ocrx_word' id='word_1_526' title='bbox 1054 3969 1112 4026; x_wconf 78' lang='grc' dir='ltr'>δὶ</span> <span class='ocrx_word' id='word_1_527' title='bbox 1160 3973 1294 4028; x_wconf 78' lang='grc' dir='ltr'><strong>ἑπτά</strong></span> <span class='ocrx_word' id='word_1_528' title='bbox 1323 3975 1352 4028; x_wconf 94' lang='lat'><strong>6</strong></span> <span class='ocrx_word' id='word_1_529' title='bbox 1397 3972 1641 4050; x_wconf 82' lang='grc' dir='ltr'>δεύτερος</span> <span class='ocrx_word' id='word_1_530' title='bbox 1673 3975 1836 4052; x_wconf 88' lang='grc' dir='ltr'>φόνος</span> 
     </span>
    </p>
   </div>
   <div class='ocr_carea' id='block_1_74' title="bbox 1940 3344 3586 3423">
    <p class='ocr_par' dir='ltr' id='par_1_74' title="bbox 1940 3344 3586 3423">
     <span class='ocr_line' id='line_1_74' title="bbox 1940 3344 3586 3423; baseline -0.009 -12"><span class='ocrx_word' id='word_1_531' title='bbox 1940 3357 2152 3421; x_wconf 87' lang='lat' dir='ltr'><strong>ritu,ex</strong></span> <span class='ocrx_word' id='word_1_532' title='bbox 2183 3354 2412 3410; x_wconf 90' lang='lat' dir='ltr'><strong>numeri</strong></span> <span class='ocrx_word' id='word_1_533' title='bbox 2429 3353 2609 3423; x_wconf 85' lang='lat' dir='ltr'><strong>hujus</strong></span> <span class='ocrx_word' id='word_1_534' title='bbox 2631 3351 2855 3407; x_wconf 91' lang='lat' dir='ltr'><strong>ratione</strong></span> <span class='ocrx_word' id='word_1_535' title='bbox 2883 3350 3111 3406; x_wconf 85' lang='lat' dir='ltr'><strong>vindice</strong></span> <span class='ocrx_word' id='word_1_536' title='bbox 3131 3365 3301 3420; x_wconf 69' lang='lat' dir='ltr'><strong>poena</strong></span> <span class='ocrx_word' id='word_1_537' title='bbox 3319 3344 3586 3418; x_wconf 86' lang='lat' dir='ltr'><strong>plectun-</strong></span> 
     </span>
    </p>
   </div>
   <div class='ocr_carea' id='block_1_75' title="bbox 1939 3433 3583 3511">
    <p class='ocr_par' dir='ltr' id='par_1_75' title="bbox 1939 3433 3583 3511">
     <span class='ocr_line' id='line_1_75' title="bbox 1939 3433 3583 3511; baseline -0.007 -11"><span class='ocrx_word' id='word_1_538' title='bbox 1939 3452 2054 3500; x_wconf 87' lang='lat' dir='ltr'><strong>tur.</strong></span> <span class='ocrx_word' id='word_1_539' title='bbox 2083 3450 2207 3502; x_wconf 83' lang='lat' dir='ltr'><strong>Non</strong></span> <span class='ocrx_word' id='word_1_540' title='bbox 2233 3446 2334 3510; x_wconf 83' lang='lat' dir='ltr'><strong>ita,</strong></span> <span class='ocrx_word' id='word_1_541' title='bbox 2366 3443 2447 3497; x_wconf 90' lang='lat' dir='ltr'><strong>ait</strong></span> <span class='ocrx_word' id='word_1_542' title='bbox 2477 3442 2628 3496; x_wconf 89' lang='lat' dir='ltr'><strong>Deus</strong></span> <span class='ocrx_word' id='word_1_543' title='bbox 2654 3458 2667 3508; x_wconf 90' lang='lat'><strong>;</strong></span> <span class='ocrx_word' id='word_1_544' title='bbox 2696 3439 2791 3495; x_wconf 84' lang='lat' dir='ltr'><strong>sed</strong></span> <span class='ocrx_word' id='word_1_545' title='bbox 2819 3441 2998 3495; x_wconf 83' lang='lat' dir='ltr'><strong>omnis</strong></span> <span class='ocrx_word' id='word_1_546' title='bbox 3027 3440 3123 3511; x_wconf 88' lang='lat' dir='ltr'><strong>qui</strong></span> <span class='ocrx_word' id='word_1_547' title='bbox 3151 3437 3415 3493; x_wconf 83' lang='lat' dir='ltr'><strong>oociderit</strong></span> <span class='ocrx_word' id='word_1_548' title='bbox 3444 3433 3583 3490; x_wconf 80' lang='lat' dir='ltr'><strong>Cain</strong></span> 
     </span>
    </p>
   </div>
   <div class='ocr_carea' id='block_1_76' title="bbox 1938 3525 3578 3604">
    <p class='ocr_par' dir='ltr' id='par_1_76' title="bbox 1938 3525 3578 3604">
     <span class='ocr_line' id='line_1_76' title="bbox 1938 3525 3578 3604; baseline -0.007 -15"><span class='ocrx_word' id='word_1_549' title='bbox 1938 3543 2151 3604; x_wconf 83' lang='lat' dir='ltr'><strong>septem</strong></span> <span class='ocrx_word' id='word_1_550' title='bbox 2184 3533 2418 3586; x_wconf 80' lang='lat' dir='ltr'><strong>ultiones</strong></span> <span class='ocrx_word' id='word_1_551' title='bbox 2464 3529 2717 3584; x_wconf 79' lang='lat' dir='ltr'><strong>dissolvet</strong></span> <span class='ocrx_word' id='word_1_552' title='bbox 2757 3530 2824 3582; x_wconf 83' lang='grc' dir='ltr'>⁸ο.</span> <span class='ocrx_word' id='word_1_553' title='bbox 2855 3527 2936 3582; x_wconf 85' lang='lat' dir='ltr'><strong>Ne</strong></span> <span class='ocrx_word' id='word_1_554' title='bbox 2987 3526 3107 3582; x_wconf 88' lang='lat' dir='ltr'><strong>illic</strong></span> <span class='ocrx_word' id='word_1_555' title='bbox 3133 3525 3371 3597; x_wconf 90' lang='lat' dir='ltr'><strong>quidem</strong></span> <span class='ocrx_word' id='word_1_556' title='bbox 3428 3526 3578 3588; x_wconf 90' lang='lat' dir='ltr'><strong>octo,</strong></span> 
     </span>
    </p>
   </div>
   <div class='ocr_carea' id='block_1_77' title="bbox 1940 3612 3582 3693">
    <p class='ocr_par' dir='ltr' id='par_1_77' title="bbox 1940 3612 3582 3693">
     <span class='ocr_line' id='line_1_77' title="bbox 1940 3612 3582 3693; baseline -0.008 -15"><span class='ocrx_word' id='word_1_557' title='bbox 1940 3624 2042 3678; x_wconf 89' lang='lat' dir='ltr'><strong>sed</strong></span> <span class='ocrx_word' id='word_1_558' title='bbox 2074 3626 2317 3693; x_wconf 81' lang='lat' dir='ltr'><strong>septem.</strong></span> <span class='ocrx_word' id='word_1_559' title='bbox 2350 3619 2459 3674; x_wconf 91' lang='lat' dir='ltr'><strong>Sed</strong></span> <span class='ocrx_word' id='word_1_560' title='bbox 2494 3624 2551 3674; x_wconf 90' lang='lat' dir='ltr'><strong>et</strong></span> <span class='ocrx_word' id='word_1_561' title='bbox 2582 3617 2831 3672; x_wconf 88' lang='lat' dir='ltr'><strong>Lamech</strong></span> <span class='ocrx_word' id='word_1_562' title='bbox 2865 3617 2990 3688; x_wconf 89' lang='lat' dir='ltr'><strong>ipse</strong></span> <span class='ocrx_word' id='word_1_563' title='bbox 3021 3616 3078 3670; x_wconf 92' lang='lat' dir='ltr'><strong>in</strong></span> <span class='ocrx_word' id='word_1_564' title='bbox 3099 3617 3359 3685; x_wconf 89' lang='lat' dir='ltr'><strong>seipsum</strong></span> <span class='ocrx_word' id='word_1_565' title='bbox 3382 3612 3582 3667; x_wconf 87' lang='lat' dir='ltr'><strong>dicens</strong></span> 
     </span>
    </p>
   </div>
   <div class='ocr_carea' id='block_1_78' title="bbox 1941 3698 3585 3780">
    <p class='ocr_par' dir='ltr' id='par_1_78' title="bbox 1941 3698 3585 3780">
     <span class='ocr_line' id='line_1_78' title="bbox 1941 3698 3585 3780; baseline -0.007 -14"><span class='ocrx_word' id='word_1_566' title='bbox 1941 3711 2317 3774; x_wconf 85' lang='lat' dir='ltr'><strong>sententiam,</strong></span> <span class='ocrx_word' id='word_1_567' title='bbox 2346 3725 2380 3762; x_wconf 91' lang='lat' dir='ltr'><strong>a</strong></span> <span class='ocrx_word' id='word_1_568' title='bbox 2409 3707 2737 3780; x_wconf 87' lang='lat' dir='ltr'><strong>septenario</strong></span> <span class='ocrx_word' id='word_1_569' title='bbox 2770 3721 3014 3760; x_wconf 92' lang='lat' dir='ltr'><strong>numero</strong></span> <span class='ocrx_word' id='word_1_570' title='bbox 3046 3721 3159 3759; x_wconf 90' lang='lat' dir='ltr'><strong>non</strong></span> <span class='ocrx_word' id='word_1_571' title='bbox 3193 3702 3451 3759; x_wconf 89' lang='lat' dir='ltr'><strong>recessit.</strong></span> <span class='ocrx_word' id='word_1_572' title='bbox 3489 3698 3585 3754; x_wconf 82' lang='lat' dir='ltr'><strong>Ait</strong></span> 
     </span>
    </p>
   </div>
   <div class='ocr_carea' id='block_1_79' title="bbox 1943 3787 3584 3864">
    <p class='ocr_par' dir='ltr' id='par_1_79' title="bbox 1943 3787 3584 3864">
     <span class='ocr_line' id='line_1_79' title="bbox 1943 3787 3584 3864; baseline -0.008 -10"><span class='ocrx_word' id='word_1_573' title='bbox 1943 3799 2100 3855; x_wconf 90' lang='lat' dir='ltr'><strong>enim</strong></span> <span class='ocrx_word' id='word_1_574' title='bbox 2135 3815 2148 3854; x_wconf 89' lang='lat'><strong>:</strong></span> <span class='ocrx_word' id='word_1_575' title='bbox 2182 3799 2264 3852; x_wconf 72' lang='lat' dir='ltr'><strong>Ea:</strong></span> <span class='ocrx_word' id='word_1_576' title='bbox 2293 3797 2462 3852; x_wconf 82' lang='lat' dir='ltr'><strong>Caino</strong></span> <span class='ocrx_word' id='word_1_577' title='bbox 2501 3795 2847 3850; x_wconf 75' lang='lat' dir='ltr'><strong>vindicatum</strong></span> <span class='ocrx_word' id='word_1_578' title='bbox 2875 3803 2952 3849; x_wconf 88' lang='lat' dir='ltr'><strong>est</strong></span> <span class='ocrx_word' id='word_1_579' title='bbox 2978 3794 3196 3864; x_wconf 86' lang='lat' dir='ltr'><strong>septies,</strong></span> <span class='ocrx_word' id='word_1_580' title='bbox 3227 3807 3296 3847; x_wconf 75' lang='lat' dir='ltr'><strong>ex</strong></span> <span class='ocrx_word' id='word_1_581' title='bbox 3350 3787 3584 3844; x_wconf 82' lang='lat' dir='ltr'><strong>Lamech</strong></span> 
     </span>
    </p>
   </div>
   <div class='ocr_carea' id='block_1_80' title="bbox 1943 3878 3585 3960">
    <p class='ocr_par' dir='ltr' id='par_1_80' title="bbox 1943 3878 3585 3960">
     <span class='ocr_line' id='line_1_80' title="bbox 1943 3878 3585 3960; baseline -0.009 -13"><span class='ocrx_word' id='word_1_582' title='bbox 1943 3895 2128 3948; x_wconf 84' lang='lat' dir='ltr'><strong>autem</strong></span> <span class='ocrx_word' id='word_1_583' title='bbox 2167 3887 2481 3960; x_wconf 84' lang='lat' dir='ltr'><strong>septuagies</strong></span> <span class='ocrx_word' id='word_1_584' title='bbox 2536 3887 2731 3958; x_wconf 80' lang='lat' dir='ltr'><strong>septies</strong></span> <span class='ocrx_word' id='word_1_585' title='bbox 2784 3885 2852 3940; x_wconf 81' lang='grc'><strong>⁸¹.</strong></span> <span class='ocrx_word' id='word_1_586' title='bbox 2909 3884 3058 3949; x_wconf 86' lang='lat' dir='ltr'><strong>Quid</strong></span> <span class='ocrx_word' id='word_1_587' title='bbox 3117 3883 3244 3938; x_wconf 83' lang='lat' dir='ltr'><strong>ita?</strong></span> <span class='ocrx_word' id='word_1_588' title='bbox 3277 3878 3585 3937; x_wconf 87' lang='lat' dir='ltr'><strong>Paululum</strong></span> 
     </span>
    </p>
   </div>
   <div class='ocr_carea' id='block_1_81' title="bbox 1944 3974 3590 4046">
    <p class='ocr_par' dir='ltr' id='par_1_81' title="bbox 1944 3974 3590 4046">
     <span class='ocr_line' id='line_1_81' title="bbox 1944 3974 3590 4046; baseline -0.006 -11"><span class='ocrx_word' id='word_1_589' title='bbox 1944 3978 2191 4043; x_wconf 85' lang='lat' dir='ltr'><strong>sustine,</strong></span> <span class='ocrx_word' id='word_1_590' title='bbox 2221 3982 2280 4032; x_wconf 91' lang='lat' dir='ltr'><strong>et</strong></span> <span class='ocrx_word' id='word_1_591' title='bbox 2308 3976 2568 4031; x_wconf 88' lang='lat' dir='ltr'><strong>invenies</strong></span> <span class='ocrx_word' id='word_1_592' title='bbox 2600 3975 2960 4046; x_wconf 84' lang='lat' dir='ltr'><strong>mysterium.</strong></span> <span class='ocrx_word' id='word_1_593' title='bbox 2995 3974 3256 4028; x_wconf 86' lang='lat' dir='ltr'><strong>Primum</strong></span> <span class='ocrx_word' id='word_1_594' title='bbox 3287 3976 3590 4043; x_wconf 86' lang='lat' dir='ltr'><strong>peccatum</strong></span> 
     </span>
    </p>
   </div>
   <div class='ocr_carea' id='block_1_82' title="bbox 191 4058 1826 4140">
    <p class='ocr_par' dir='ltr' id='par_1_82' title="bbox 191 4058 1826 4134">
     <span class='ocr_line' id='line_1_82' title="bbox 191 4058 1826 4134; baseline 0.002 -21"><span class='ocrx_word' id='word_1_595' title='bbox 191 4066 279 4115; x_wconf 72' lang='lat'><strong>10-3</strong></span> <span class='ocrx_word' id='word_1_596' title='bbox 310 4062 564 4134; x_wconf 72' lang='grc' dir='ltr'>Λαμέχ·”</span> <span class='ocrx_word' id='word_1_597' title='bbox 622 4065 715 4113; x_wconf 90' lang='grc' dir='ltr'><strong>Οτι</strong></span> <span class='ocrx_word' id='word_1_598' title='bbox 747 4058 809 4114; x_wconf 76' lang='grc' dir='ltr'>ἐκ</span> <span class='ocrx_word' id='word_1_599' title='bbox 836 4065 934 4115; x_wconf 76' lang='grc' dir='ltr'><strong>τοῦ</strong></span> <span class='ocrx_word' id='word_1_600' title='bbox 985 4061 1109 4115; x_wconf 84' lang='grc' dir='ltr'>Κάϊν</span> <span class='ocrx_word' id='word_1_601' title='bbox 1134 4059 1472 4132; x_wconf 76' lang='grc' dir='ltr'>έκδιδίκηται</span> <span class='ocrx_word' id='word_1_602' title='bbox 1507 4065 1746 4133; x_wconf 78' lang='grc' dir='ltr'>ἑπτάκις,</span> <span class='ocrx_word' id='word_1_603' title='bbox 1778 4061 1826 4117; x_wconf 67' lang='grc' dir='ltr'>ἐκ</span> 
     </span>
    </p>
   </div>
   <div class='ocr_carea' id='block_1_83' title="bbox 1939 4058 3593 4140">
    <p class='ocr_par' dir='ltr' id='par_1_83' title="bbox 1947 4058 3593 4140">
     <span class='ocr_line' id='line_1_83' title="bbox 1947 4058 3593 4140; baseline -0.005 -17"><span class='ocrx_word' id='word_1_604' title='bbox 1947 4067 2163 4140; x_wconf 90' lang='lat' dir='ltr'><strong>septies</strong></span> <span class='ocrx_word' id='word_1_605' title='bbox 2182 4065 2546 4130; x_wconf 86' lang='lat' dir='ltr'><strong>vindicatur;</strong></span> <span class='ocrx_word' id='word_1_606' title='bbox 2581 4063 2916 4134; x_wconf 87' lang='lat' dir='ltr'><strong>septuagies</strong></span> <span class='ocrx_word' id='word_1_607' title='bbox 2970 4079 3102 4117; x_wconf 88' lang='lat' dir='ltr'><strong>vero</strong></span> <span class='ocrx_word' id='word_1_608' title='bbox 3153 4061 3371 4124; x_wconf 84' lang='lat' dir='ltr'><strong>septies</strong></span> <span class='ocrx_word' id='word_1_609' title='bbox 3409 4058 3593 4114; x_wconf 86' lang='lat' dir='ltr'><strong>altera</strong></span> 
     </span>
    </p>
   </div>
   <div class='ocr_carea' id='block_1_84' title="bbox 195 4145 1826 4226">
    <p class='ocr_par' dir='ltr' id='par_1_84' title="bbox 195 4145 1826 4226">
     <span class='ocr_line' id='line_1_84' title="bbox 195 4145 1826 4226; baseline 0.002 -24"><span class='ocrx_word' id='word_1_610' title='bbox 195 4147 245 4203; x_wconf 63' lang='grc' dir='ltr'>δὲ</span> <span class='ocrx_word' id='word_1_611' title='bbox 303 4150 508 4223; x_wconf 75' lang='grc' dir='ltr'>Λαμὲχ</span> <span class='ocrx_word' id='word_1_612' title='bbox 561 4145 1027 4221; x_wconf 81' lang='grc' dir='ltr'>ἑϐδομηκοντάκις</span> <span class='ocrx_word' id='word_1_613' title='bbox 1087 4151 1238 4208; x_wconf 82' lang='grc' dir='ltr'>ἑπτά.</span> <span class='ocrx_word' id='word_1_614' title='bbox 1327 4151 1665 4226; x_wconf 80' lang='grc' dir='ltr'>Λογιζόμεθα</span> <span class='ocrx_word' id='word_1_615' title='bbox 1722 4149 1826 4220; x_wconf 69' lang='grc' dir='ltr'>οὖν,</span> 
     </span>
    </p>
   </div>
   <div class='ocr_carea' id='block_1_85' title="bbox 1939 4145 3591 4226">
    <p class='ocr_par' dir='ltr' id='par_1_85' title="bbox 1949 4146 3591 4226">
     <span class='ocr_line' id='line_1_85' title="bbox 1949 4146 3591 4226; baseline -0.006 -15"><span class='ocrx_word' id='word_1_616' title='bbox 1949 4175 1983 4212; x_wconf 89' lang='lat' dir='ltr'><strong>a</strong></span> <span class='ocrx_word' id='word_1_617' title='bbox 2013 4155 2298 4211; x_wconf 80' lang='lat' dir='ltr'><strong>Lamecho</strong></span> <span class='ocrx_word' id='word_1_618' title='bbox 2331 4157 2557 4226; x_wconf 88' lang='lat' dir='ltr'><strong>patrata</strong></span> <span class='ocrx_word' id='word_1_619' title='bbox 2585 4152 2790 4207; x_wconf 64' lang='lat' dir='ltr'><strong>cades.</strong></span> <span class='ocrx_word' id='word_1_620' title='bbox 2825 4151 3093 4220; x_wconf 85' lang='lat' dir='ltr'><strong>Quoniam</strong></span> <span class='ocrx_word' id='word_1_621' title='bbox 3122 4165 3192 4204; x_wconf 74' lang='lat' dir='ltr'><strong>ex</strong></span> <span class='ocrx_word' id='word_1_622' title='bbox 3217 4148 3386 4204; x_wconf 81' lang='lat' dir='ltr'><strong>Caino</strong></span> <span class='ocrx_word' id='word_1_623' title='bbox 3414 4146 3591 4203; x_wconf 79' lang='lat' dir='ltr'><strong>vindi-</strong></span> 
     </span>
    </p>
   </div>
   <div class='ocr_carea' id='block_1_86' title="bbox 197 4234 1826 4316">
    <p class='ocr_par' dir='ltr' id='par_1_86' title="bbox 197 4234 1826 4316">
     <span class='ocr_line' id='line_1_86' title="bbox 197 4234 1826 4316; baseline 0.003 -27"><span class='ocrx_word' id='word_1_624' title='bbox 197 4238 270 4290; x_wconf 74' lang='grc' dir='ltr'>ὅτι</span> <span class='ocrx_word' id='word_1_625' title='bbox 321 4239 358 4304; x_wconf 81' lang='grc' dir='ltr'>ἠ</span> <span class='ocrx_word' id='word_1_626' title='bbox 421 4235 706 4306; x_wconf 68' lang='grc' dir='ltr'>αἲτηθιῖσα</span> <span class='ocrx_word' id='word_1_627' title='bbox 753 4234 936 4314; x_wconf 75' lang='grc' dir='ltr'>ἄφεσις</span> <span class='ocrx_word' id='word_1_628' title='bbox 983 4239 1128 4310; x_wconf 86' lang='grc' dir='ltr'><strong>παρά</strong></span> <span class='ocrx_word' id='word_1_629' title='bbox 1184 4238 1411 4314; x_wconf 81' lang='grc' dir='ltr'>Πέτρου,</span> <span class='ocrx_word' id='word_1_630' title='bbox 1443 4239 1614 4316; x_wconf 66' lang='grc' dir='ltr'>ἐνάγει</span> <span class='ocrx_word' id='word_1_631' title='bbox 1666 4242 1740 4313; x_wconf 82' lang='grc' dir='ltr'>(α)</span> <span class='ocrx_word' id='word_1_632' title='bbox 1769 4243 1826 4314; x_wconf 67' lang='grc' dir='ltr'><strong>τῇ</strong></span> 
     </span>
    </p>
   </div>
   <div class='ocr_carea' id='block_1_87' title="bbox 1939 4234 3590 4316">
    <p class='ocr_par' dir='ltr' id='par_1_87' title="bbox 1948 4237 3590 4315">
     <span class='ocr_line' id='line_1_87' title="bbox 1948 4237 3590 4315; baseline -0.007 -14"><span class='ocrx_word' id='word_1_633' title='bbox 1948 4247 2170 4302; x_wconf 84' lang='lat' dir='ltr'><strong>eabitur</strong></span> <span class='ocrx_word' id='word_1_634' title='bbox 2204 4246 2426 4315; x_wconf 80' lang='lat' dir='ltr'><strong>septies,</strong></span> <span class='ocrx_word' id='word_1_635' title='bbox 2457 4258 2528 4298; x_wconf 77' lang='lat' dir='ltr'><strong>ex</strong></span> <span class='ocrx_word' id='word_1_636' title='bbox 2556 4240 2815 4296; x_wconf 85' lang='lat' dir='ltr'><strong>Lameeho</strong></span> <span class='ocrx_word' id='word_1_637' title='bbox 2844 4248 3026 4295; x_wconf 84' lang='lat' dir='ltr'><strong>autem</strong></span> <span class='ocrx_word' id='word_1_638' title='bbox 3047 4239 3349 4310; x_wconf 85' lang='lat' dir='ltr'><strong>septuagies</strong></span> <span class='ocrx_word' id='word_1_639' title='bbox 3377 4237 3590 4308; x_wconf 81' lang='lat' dir='ltr'><strong>septies.</strong></span> 
     </span>
    </p>
   </div>
   <div class='ocr_carea' id='block_1_88' title="bbox 201 4324 1826 4406">
    <p class='ocr_par' dir='ltr' id='par_1_88' title="bbox 201 4324 1826 4406">
     <span class='ocr_line' id='line_1_88' title="bbox 201 4324 1826 4406; baseline 0.002 -28"><span class='ocrx_word' id='word_1_640' title='bbox 201 4324 468 4394; x_wconf 64' lang='grc' dir='ltr'>ἐκδικήσει</span> <span class='ocrx_word' id='word_1_641' title='bbox 497 4326 596 4392; x_wconf 74' lang='grc' dir='ltr'>τὴν</span> <span class='ocrx_word' id='word_1_642' title='bbox 628 4329 725 4379; x_wconf 76' lang='grc' dir='ltr'><strong>τοῦ</strong></span> <span class='ocrx_word' id='word_1_643' title='bbox 781 4327 908 4380; x_wconf 75' lang='grc' dir='ltr'>Κάϊν</span> <span class='ocrx_word' id='word_1_644' title='bbox 961 4328 1332 4404; x_wconf 74' lang='grc' dir='ltr'><strong>συγχώρησιν⁸</strong></span> <span class='ocrx_word' id='word_1_645' title='bbox 1391 4331 1426 4398; x_wconf 83' lang='grc' dir='ltr'>ἡ</span> <span class='ocrx_word' id='word_1_646' title='bbox 1462 4329 1519 4383; x_wconf 68' lang='grc' dir='ltr'>δὲ</span> <span class='ocrx_word' id='word_1_647' title='bbox 1565 4331 1713 4406; x_wconf 74' lang='grc' dir='ltr'>παρὰ</span> <span class='ocrx_word' id='word_1_648' title='bbox 1739 4333 1826 4384; x_wconf 83' lang='grc' dir='ltr'>τοῐ</span> 
     </span>
    </p>
   </div>
   <div class='ocr_carea' id='block_1_89' title="bbox 1939 4324 3594 4406">
    <p class='ocr_par' dir='ltr' id='par_1_89' title="bbox 1951 4324 3594 4402">
     <span class='ocr_line' id='line_1_89' title="bbox 1951 4324 3594 4402; baseline -0.006 -13"><span class='ocrx_word' id='word_1_649' title='bbox 1951 4333 2370 4390; x_wconf 88' lang='lat' dir='ltr'><strong>Existimamus</strong></span> <span class='ocrx_word' id='word_1_650' title='bbox 2401 4334 2622 4402; x_wconf 84' lang='lat' dir='ltr'><strong>itaque,</strong></span> <span class='ocrx_word' id='word_1_651' title='bbox 2663 4331 2818 4402; x_wconf 92' lang='lat' dir='ltr'><strong>quod</strong></span> <span class='ocrx_word' id='word_1_652' title='bbox 2852 4329 3055 4384; x_wconf 87' lang='lat' dir='ltr'><strong>Petrus</strong></span> <span class='ocrx_word' id='word_1_653' title='bbox 3111 4327 3327 4399; x_wconf 85' lang='lat' dir='ltr'><strong>septies</strong></span> <span class='ocrx_word' id='word_1_654' title='bbox 3377 4324 3594 4382; x_wconf 88' lang='lat' dir='ltr'><strong>dimitti</strong></span> 
     </span>
    </p>
   </div>
   <div class='ocr_carea' id='block_1_90' title="bbox 201 4409 1826 4495">
    <p class='ocr_par' dir='ltr' id='par_1_90' title="bbox 201 4409 1826 4494">
     <span class='ocr_line' id='line_1_90' title="bbox 201 4409 1826 4494; baseline 0.004 -27"><span class='ocrx_word' id='word_1_655' title='bbox 201 4415 390 4487; x_wconf 71' lang='grc' dir='ltr'>Κορίου</span> <span class='ocrx_word' id='word_1_656' title='bbox 440 4409 916 4486; x_wconf 83' lang='grc' dir='ltr'>ἑϐδομηκοντάκις</span> <span class='ocrx_word' id='word_1_657' title='bbox 976 4417 1129 4484; x_wconf 77' lang='grc' dir='ltr'>ἑπτὰ,</span> <span class='ocrx_word' id='word_1_658' title='bbox 1189 4424 1469 4493; x_wconf 86' lang='grc' dir='ltr'>συγχωρεῖ</span> <span class='ocrx_word' id='word_1_659' title='bbox 1517 4423 1598 4490; x_wconf 78' lang='grc' dir='ltr'>τῷ</span> <span class='ocrx_word' id='word_1_660' title='bbox 1644 4419 1826 4494; x_wconf 68' lang='grc' dir='ltr'>Λαμὲ)</span> 
     </span>
    </p>
   </div>
   <div class='ocr_carea' id='block_1_91' title="bbox 1939 4409 3594 4495">
    <p class='ocr_par' dir='ltr' id='par_1_91' title="bbox 1953 4415 3594 4494">
     <span class='ocr_line' id='line_1_91' title="bbox 1953 4415 3594 4494; baseline -0.005 -16"><span class='ocrx_word' id='word_1_661' title='bbox 1953 4423 2140 4494; x_wconf 87' lang='lat' dir='ltr'><strong>petiit,</strong></span> <span class='ocrx_word' id='word_1_662' title='bbox 2195 4420 2354 4476; x_wconf 89' lang='lat' dir='ltr'><strong>Caini</strong></span> <span class='ocrx_word' id='word_1_663' title='bbox 2405 4420 2894 4475; x_wconf 85' lang='lat' dir='ltr'><strong>condonatlonem</strong></span> <span class='ocrx_word' id='word_1_664' title='bbox 2943 4417 3215 4472; x_wconf 87' lang='lat' dir='ltr'><strong>inducit:</strong></span> <span class='ocrx_word' id='word_1_665' title='bbox 3256 4415 3413 4488; x_wconf 90' lang='lat' dir='ltr'><strong>quod</strong></span> <span class='ocrx_word' id='word_1_666' title='bbox 3461 4431 3594 4471; x_wconf 87' lang='lat' dir='ltr'><strong>vero</strong></span> 
     </span>
    </p>
   </div>
   <div class='ocr_carea' id='block_1_92' title="bbox 203 4498 1826 4584">
    <p class='ocr_par' dir='ltr' id='par_1_92' title="bbox 203 4498 1819 4584">
     <span class='ocr_line' id='line_1_92' title="bbox 203 4498 1819 4584; baseline 0.004 -28"><span class='ocrx_word' id='word_1_667' title='bbox 203 4498 665 4574; x_wconf 77' lang='grc' dir='ltr'>ἑϐδομηκοντάκις</span> <span class='ocrx_word' id='word_1_668' title='bbox 751 4505 906 4559; x_wconf 82' lang='grc' dir='ltr'>ἑπτά.</span> <span class='ocrx_word' id='word_1_669' title='bbox 981 4507 1146 4562; x_wconf 85' lang='grc' dir='ltr'>’Όσον</span> <span class='ocrx_word' id='word_1_670' title='bbox 1195 4507 1297 4581; x_wconf 77' lang='grc' dir='ltr'><strong>γάρ</strong></span> <span class='ocrx_word' id='word_1_671' title='bbox 1355 4508 1418 4562; x_wconf 89' lang='grc' dir='ltr'>τὸ</span> <span class='ocrx_word' id='word_1_672' title='bbox 1473 4507 1819 4584; x_wconf 76' lang='grc' dir='ltr'>παράπτωμα</span> 
     </span>
    </p>
   </div>
   <div class='ocr_carea' id='block_1_93' title="bbox 1939 4498 3599 4584">
    <p class='ocr_par' dir='ltr' id='par_1_93' title="bbox 1953 4502 3599 4580">
     <span class='ocr_line' id='line_1_93' title="bbox 1953 4502 3599 4580; baseline -0.005 -14"><span class='ocrx_word' id='word_1_673' title='bbox 1953 4511 2238 4567; x_wconf 86' lang='lat' dir='ltr'><strong>Dominus</strong></span> <span class='ocrx_word' id='word_1_674' title='bbox 2267 4507 2601 4580; x_wconf 86' lang='lat' dir='ltr'><strong>septuagies</strong></span> <span class='ocrx_word' id='word_1_675' title='bbox 2631 4505 2869 4578; x_wconf 89' lang='lat' dir='ltr'><strong>septies,</strong></span> <span class='ocrx_word' id='word_1_676' title='bbox 2921 4504 3209 4560; x_wconf 87' lang='lat' dir='ltr'><strong>Lamecho</strong></span> <span class='ocrx_word' id='word_1_677' title='bbox 3267 4502 3599 4576; x_wconf 87' lang='lat' dir='ltr'><strong>septuagies</strong></span> 
     </span>
    </p>
   </div>
   <div class='ocr_carea' id='block_1_94' title="bbox 202 4591 1826 4681">
    <p class='ocr_par' dir='ltr' id='par_1_94' title="bbox 202 4591 1822 4681">
     <span class='ocr_line' id='line_1_94' title="bbox 202 4591 1822 4681; baseline 0.004 -36"><span class='ocrx_word' id='word_1_678' title='bbox 202 4591 450 4681; x_wconf 68' lang='grc' dir='ltr'>τοσοῦτον</span> <span class='ocrx_word' id='word_1_679' title='bbox 498 4591 590 4646; x_wconf 81' lang='grc' dir='ltr'>καὶ</span> <span class='ocrx_word' id='word_1_680' title='bbox 639 4593 702 4647; x_wconf 86' lang='grc' dir='ltr'>τὸ</span> <span class='ocrx_word' id='word_1_681' title='bbox 758 4593 1027 4669; x_wconf 83' lang='grc' dir='ltr'>χάρισμα·</span> <span class='ocrx_word' id='word_1_682' title='bbox 1091 4595 1230 4649; x_wconf 80' lang='grc' dir='ltr'>ὅπου</span> <span class='ocrx_word' id='word_1_683' title='bbox 1290 4593 1455 4671; x_wconf 86' lang='grc' dir='ltr'>ὀλίγη</span> <span class='ocrx_word' id='word_1_684' title='bbox 1505 4598 1539 4666; x_wconf 79' lang='grc' dir='ltr'>ἡ</span> <span class='ocrx_word' id='word_1_685' title='bbox 1586 4597 1822 4671; x_wconf 83' lang='grc' dir='ltr'>ἁμαρτία</span> 
     </span>
    </p>
   </div>
   <div class='ocr_carea' id='block_1_95' title="bbox 1939 4591 3600 4681">
    <p class='ocr_par' dir='ltr' id='par_1_95' title="bbox 1956 4593 3600 4670">
     <span class='ocr_line' id='line_1_95' title="bbox 1956 4593 3600 4670; baseline -0.007 -14"><span class='ocrx_word' id='word_1_686' title='bbox 1956 4599 2172 4670; x_wconf 88' lang='lat' dir='ltr'><strong>septies</strong></span> <span class='ocrx_word' id='word_1_687' title='bbox 2202 4597 2474 4670; x_wconf 85' lang='lat' dir='ltr'><strong>ignoscit.</strong></span> <span class='ocrx_word' id='word_1_688' title='bbox 2508 4597 2804 4661; x_wconf 86' lang='lat' dir='ltr'><strong>Quantum</strong></span> <span class='ocrx_word' id='word_1_689' title='bbox 2836 4600 2926 4650; x_wconf 92' lang='lat' dir='ltr'><strong>est</strong></span> <span class='ocrx_word' id='word_1_690' title='bbox 2970 4593 3272 4663; x_wconf 87' lang='lat' dir='ltr'><strong>delictum,</strong></span> <span class='ocrx_word' id='word_1_691' title='bbox 3323 4596 3486 4648; x_wconf 87' lang='lat' dir='ltr'><strong>tanta</strong></span> <span class='ocrx_word' id='word_1_692' title='bbox 3510 4593 3600 4647; x_wconf 87' lang='lat' dir='ltr'><strong>est</strong></span> 
     </span>
    </p>
   </div>
   <div class='ocr_carea' id='block_1_96' title="bbox 206 4679 1826 4762">
    <p class='ocr_par' dir='ltr' id='par_1_96' title="bbox 206 4679 1826 4762">
     <span class='ocr_line' id='line_1_96' title="bbox 206 4679 1826 4762; baseline 0.005 -30"><span class='ocrx_word' id='word_1_693' title='bbox 206 4679 363 4755; x_wconf 78' lang='grc' dir='ltr'>ὀλίγη</span> <span class='ocrx_word' id='word_1_694' title='bbox 391 4682 481 4736; x_wconf 80' lang='grc' dir='ltr'>καὶ</span> <span class='ocrx_word' id='word_1_695' title='bbox 513 4683 548 4751; x_wconf 82' lang='grc' dir='ltr'>ἡ</span> <span class='ocrx_word' id='word_1_696' title='bbox 584 4682 792 4758; x_wconf 78' lang='grc' dir='ltr'>ἄφεσις.</span> <span class='ocrx_word' id='word_1_697' title='bbox 835 4684 901 4761; x_wconf 83' lang='grc' dir='ltr'>ᾯ</span> <span class='ocrx_word' id='word_1_698' title='bbox 929 4684 1031 4759; x_wconf 75' lang='grc' dir='ltr'><strong>γάρ</strong></span> <span class='ocrx_word' id='word_1_699' title='bbox 1065 4684 1268 4762; x_wconf 80' lang='grc' dir='ltr'>ἀφῆκεν</span> <span class='ocrx_word' id='word_1_700' title='bbox 1298 4683 1505 4761; x_wconf 85' lang='grc' dir='ltr'>ὀλίγον,</span> <span class='ocrx_word' id='word_1_701' title='bbox 1535 4682 1724 4759; x_wconf 86' lang='grc' dir='ltr'>ὀλίγον</span> <span class='ocrx_word' id='word_1_702' title='bbox 1756 4706 1826 4740; x_wconf 85' lang='grc' dir='ltr'><strong>κα</strong></span> 
     </span>
    </p>
   </div>
   <div class='ocr_carea' id='block_1_97' title="bbox 1939 4679 3600 4762">
    <p class='ocr_par' dir='ltr' id='par_1_97' title="bbox 1957 4680 3600 4761">
     <span class='ocr_line' id='line_1_97' title="bbox 1957 4680 3600 4761; baseline -0.006 -17"><span class='ocrx_word' id='word_1_703' title='bbox 1957 4693 2016 4744; x_wconf 87' lang='lat' dir='ltr'><strong>et</strong></span> <span class='ocrx_word' id='word_1_704' title='bbox 2044 4687 2252 4761; x_wconf 85' lang='lat' dir='ltr'><strong>gratia.</strong></span> <span class='ocrx_word' id='word_1_705' title='bbox 2285 4684 2395 4742; x_wconf 89' lang='lat' dir='ltr'><strong>Ubi</strong></span> <span class='ocrx_word' id='word_1_706' title='bbox 2427 4701 2670 4755; x_wconf 90' lang='lat' dir='ltr'><strong>parvum</strong></span> <span class='ocrx_word' id='word_1_707' title='bbox 2702 4683 2981 4738; x_wconf 90' lang='lat' dir='ltr'><strong>delictum</strong></span> <span class='ocrx_word' id='word_1_708' title='bbox 3013 4687 3124 4750; x_wconf 90' lang='lat' dir='ltr'><strong>est,</strong></span> <span class='ocrx_word' id='word_1_709' title='bbox 3182 4698 3358 4754; x_wconf 89' lang='lat' dir='ltr'><strong>parva</strong></span> <span class='ocrx_word' id='word_1_710' title='bbox 3387 4685 3478 4736; x_wconf 90' lang='lat' dir='ltr'><strong>est</strong></span> <span class='ocrx_word' id='word_1_711' title='bbox 3508 4680 3600 4734; x_wconf 89' lang='lat' dir='ltr'><strong>di-</strong></span> 
     </span>
    </p>
   </div>
   <div class='ocr_carea' id='block_1_98' title="bbox 206 4769 1826 4850">
    <p class='ocr_par' dir='ltr' id='par_1_98' title="bbox 206 4769 1826 4850">
     <span class='ocr_line' id='line_1_98' title="bbox 206 4769 1826 4850; baseline 0.005 -28"><span class='ocrx_word' id='word_1_712' title='bbox 206 4772 398 4842; x_wconf 68' lang='grc' dir='ltr'>άγαπᾷ.</span> <span class='ocrx_word' id='word_1_713' title='bbox 454 4772 638 4827; x_wconf 89' lang='grc' dir='ltr'>Ὅπου</span> <span class='ocrx_word' id='word_1_714' title='bbox 696 4769 1018 4827; x_wconf 74' lang='grc' dir='ltr'>ὶπλεόνασεν</span> <span class='ocrx_word' id='word_1_715' title='bbox 1074 4775 1109 4843; x_wconf 78' lang='grc' dir='ltr'>ἡ</span> <span class='ocrx_word' id='word_1_716' title='bbox 1169 4772 1427 4849; x_wconf 81' lang='grc' dir='ltr'>ἁμαρτία,</span> <span class='ocrx_word' id='word_1_717' title='bbox 1497 4775 1826 4850; x_wconf 75' lang='grc' dir='ltr'>ὑπερεπερίσι</span> 
     </span>
    </p>
   </div>
   <div class='ocr_carea' id='block_1_99' title="bbox 1939 4769 3601 4850">
    <p class='ocr_par' dir='ltr' id='par_1_99' title="bbox 1958 4770 3601 4843">
     <span class='ocr_line' id='line_1_99' title="bbox 1958 4770 3601 4843; baseline -0.005 -11"><span class='ocrx_word' id='word_1_718' title='bbox 1958 4777 2185 4843; x_wconf 85' lang='lat' dir='ltr'><strong>missio,</strong></span> <span class='ocrx_word' id='word_1_719' title='bbox 2219 4789 2321 4830; x_wconf 90' lang='lat' dir='ltr'><strong>seu</strong></span> <span class='ocrx_word' id='word_1_720' title='bbox 2340 4772 2530 4829; x_wconf 87' lang='lat' dir='ltr'><strong>venia.</strong></span> <span class='ocrx_word' id='word_1_721' title='bbox 2563 4772 2669 4829; x_wconf 88' lang='lat' dir='ltr'><strong>Cui</strong></span> <span class='ocrx_word' id='word_1_722' title='bbox 2700 4772 2856 4827; x_wconf 90' lang='lat' dir='ltr'><strong>enim</strong></span> <span class='ocrx_word' id='word_1_723' title='bbox 2889 4787 3094 4842; x_wconf 88' lang='lat' dir='ltr'><strong>parum</strong></span> <span class='ocrx_word' id='word_1_724' title='bbox 3124 4770 3373 4840; x_wconf 88' lang='lat' dir='ltr'><strong>dimisit,</strong></span> <span class='ocrx_word' id='word_1_725' title='bbox 3391 4784 3601 4840; x_wconf 88' lang='lat' dir='ltr'><strong>parum</strong></span> 
     </span>
    </p>
   </div>
   <div class='ocr_carea' id='block_1_100' title="bbox 208 4857 1826 4936">
    <p class='ocr_par' dir='ltr' id='par_1_100' title="bbox 208 4859 673 4934">
     <span class='ocr_line' id='line_1_100' title="bbox 208 4859 673 4934; baseline 0.011 -23"><span class='ocrx_word' id='word_1_726' title='bbox 208 4877 379 4912; x_wconf 73' lang='grc' dir='ltr'>σευσεν</span> <span class='ocrx_word' id='word_1_727' title='bbox 408 4861 445 4928; x_wconf 73' lang='grc' dir='ltr'>ἡ</span> <span class='ocrx_word' id='word_1_728' title='bbox 487 4859 673 4934; x_wconf 81' lang='grc' dir='ltr'>χάρις.</span> 
     </span>
    </p>
   </div>
   <div class='ocr_carea' id='block_1_101' title="bbox 1939 4857 3603 4936">
    <p class='ocr_par' dir='ltr' id='par_1_101' title="bbox 1957 4857 3603 4936">
     <span class='ocr_line' id='line_1_101' title="bbox 1957 4857 3603 4936; baseline -0.004 -15"><span class='ocrx_word' id='word_1_729' title='bbox 1957 4870 2015 4922; x_wconf 89' lang='lat' dir='ltr'><strong>et</strong></span> <span class='ocrx_word' id='word_1_730' title='bbox 2043 4863 2240 4936; x_wconf 79' lang='lat' dir='ltr'><strong>diligit</strong></span> <span class='ocrx_word' id='word_1_731' title='bbox 2265 4863 2332 4898; x_wconf 77' lang='grc'><strong>³³·</strong></span> <span class='ocrx_word' id='word_1_732' title='bbox 2372 4862 2470 4920; x_wconf 80' lang='lat' dir='ltr'><strong>Ubi</strong></span> <span class='ocrx_word' id='word_1_733' title='bbox 2501 4860 2803 4918; x_wconf 78' lang='lat' dir='ltr'><strong>abundavit</strong></span> <span class='ocrx_word' id='word_1_734' title='bbox 2836 4864 3140 4933; x_wconf 85' lang='lat' dir='ltr'><strong>peceatum,</strong></span> <span class='ocrx_word' id='word_1_735' title='bbox 3188 4857 3603 4932; x_wconf 83' lang='lat' dir='ltr'><strong>superabunda-</strong></span> 
     </span>
    </p>
   </div>
   <div class='ocr_carea' id='block_1_102' title="bbox 1957 4953 2346 5026">
    <p class='ocr_par' dir='ltr' id='par_1_102' title="bbox 1957 4953 2346 5026">
     <span class='ocr_line' id='line_1_102' title="bbox 1957 4953 2346 5026; baseline -0.003 -15"><span class='ocrx_word' id='word_1_736' title='bbox 1957 4956 2040 5011; x_wconf 86' lang='lat' dir='ltr'><strong>vit</strong></span> <span class='ocrx_word' id='word_1_737' title='bbox 2066 4954 2255 5026; x_wconf 82' lang='lat' dir='ltr'><strong>gratia</strong></span> <span class='ocrx_word' id='word_1_738' title='bbox 2278 4953 2346 5010; x_wconf 85' lang='grc'><strong>⁸³.</strong></span> 
     </span>
    </p>
   </div>
   <div class='ocr_carea' id='block_1_103' title="bbox 2029 5037 3607 5112">
    <p class='ocr_par' dir='ltr' id='par_1_103' title="bbox 2029 5037 3607 5112">
     <span class='ocr_line' id='line_1_103' title="bbox 2029 5037 3607 5112; baseline -0.003 -14"><span class='ocrx_word' id='word_1_739' title='bbox 2029 5045 2084 5098; x_wconf 89' lang='grc'><strong>8.</strong></span> <span class='ocrx_word' id='word_1_740' title='bbox 2114 5042 2264 5108; x_wconf 87' lang='lat' dir='ltr'><strong>Quid</strong></span> <span class='ocrx_word' id='word_1_741' title='bbox 2297 5056 2434 5112; x_wconf 91' lang='lat' dir='ltr'><strong>ergo</strong></span> <span class='ocrx_word' id='word_1_742' title='bbox 2466 5038 2582 5095; x_wconf 86' lang='lat' dir='ltr'><strong>sibi</strong></span> <span class='ocrx_word' id='word_1_743' title='bbox 2609 5037 2741 5094; x_wconf 89' lang='lat' dir='ltr'><strong>vult</strong></span> <span class='ocrx_word' id='word_1_744' title='bbox 2771 5037 3116 5110; x_wconf 85' lang='lat' dir='ltr'><strong>mysterium</strong></span> <span class='ocrx_word' id='word_1_745' title='bbox 3151 5037 3173 5094; x_wconf 71' lang='grc' dir='ltr'><strong><em>Ρ</em></strong></span> <span class='ocrx_word' id='word_1_746' title='bbox 3206 5037 3311 5094; x_wconf 87' lang='lat' dir='ltr'><strong>Die</strong></span> <span class='ocrx_word' id='word_1_747' title='bbox 3354 5037 3607 5110; x_wconf 88' lang='lat' dir='ltr'><strong>septimo</strong></span> 
     </span>
    </p>
   </div>
   <div class='ocr_carea' id='block_1_104' title="bbox 1961 5126 3613 5199">
    <p class='ocr_par' dir='ltr' id='par_1_104' title="bbox 1961 5126 3613 5199">
     <span class='ocr_line' id='line_1_104' title="bbox 1961 5126 3613 5199; baseline -0.002 -14"><span class='ocrx_word' id='word_1_748' title='bbox 1961 5131 2177 5186; x_wconf 92' lang='lat' dir='ltr'><strong>dicitur</strong></span> <span class='ocrx_word' id='word_1_749' title='bbox 2207 5146 2390 5185; x_wconf 76' lang='lat' dir='ltr'><strong>savum</strong></span> <span class='ocrx_word' id='word_1_750' title='bbox 2417 5129 2523 5184; x_wconf 87' lang='lat' dir='ltr'><strong>hoc</strong></span> <span class='ocrx_word' id='word_1_751' title='bbox 2555 5127 3004 5198; x_wconf 88' lang='lat' dir='ltr'><strong>complendum;</strong></span> <span class='ocrx_word' id='word_1_752' title='bbox 3038 5132 3097 5182; x_wconf 90' lang='lat' dir='ltr'><strong>et</strong></span> <span class='ocrx_word' id='word_1_753' title='bbox 3120 5132 3250 5199; x_wconf 66' lang='lat' dir='ltr'><strong>post</strong></span> <span class='ocrx_word' id='word_1_754' title='bbox 3280 5126 3389 5182; x_wconf 87' lang='lat' dir='ltr'><strong>hoc</strong></span> <span class='ocrx_word' id='word_1_755' title='bbox 3409 5132 3613 5182; x_wconf 88' lang='lat' dir='ltr'><strong>ventu-</strong></span> 
     </span>
    </p>
   </div>
   <div class='ocr_carea' id='block_1_105' title="bbox 1963 5215 3613 5292">
    <p class='ocr_par' dir='ltr' id='par_1_105' title="bbox 1963 5215 3613 5292">
     <span class='ocr_line' id='line_1_105' title="bbox 1963 5215 3613 5292; baseline -0.003 -16"><span class='ocrx_word' id='word_1_756' title='bbox 1963 5237 2092 5276; x_wconf 89' lang='lat' dir='ltr'><strong>rum</strong></span> <span class='ocrx_word' id='word_1_757' title='bbox 2117 5219 2331 5292; x_wconf 90' lang='lat' dir='ltr'><strong>judicii</strong></span> <span class='ocrx_word' id='word_1_758' title='bbox 2371 5217 2552 5284; x_wconf 89' lang='lat' dir='ltr'><strong>diem,</strong></span> <span class='ocrx_word' id='word_1_759' title='bbox 2602 5224 2912 5284; x_wconf 87' lang='lat' dir='ltr'><strong>octavum;</strong></span> <span class='ocrx_word' id='word_1_760' title='bbox 2945 5215 3005 5270; x_wconf 90' lang='lat' dir='ltr'><strong>in</strong></span> <span class='ocrx_word' id='word_1_761' title='bbox 3037 5233 3152 5286; x_wconf 87' lang='lat' dir='ltr'><strong>quo</strong></span> <span class='ocrx_word' id='word_1_762' title='bbox 3199 5219 3467 5287; x_wconf 89' lang='lat' dir='ltr'><strong>peccator</strong></span> <span class='ocrx_word' id='word_1_763' title='bbox 3516 5231 3613 5271; x_wconf 85' lang='lat' dir='ltr'><strong>se-</strong></span> 
     </span>
    </p>
   </div>
   <div class='ocr_carea' id='block_1_106' title="bbox 1964 5304 3618 5382">
    <p class='ocr_par' dir='ltr' id='par_1_106' title="bbox 1964 5304 3618 5382">
     <span class='ocr_line' id='line_1_106' title="bbox 1964 5304 3618 5382; baseline -0.004 -16"><span class='ocrx_word' id='word_1_764' title='bbox 1964 5310 2137 5382; x_wconf 90' lang='lat' dir='ltr'><strong>pties,</strong></span> <span class='ocrx_word' id='word_1_765' title='bbox 2173 5325 2239 5366; x_wconf 90' lang='lat' dir='ltr'><strong>ao</strong></span> <span class='ocrx_word' id='word_1_766' title='bbox 2270 5308 2369 5380; x_wconf 91' lang='lat' dir='ltr'><strong>qui</strong></span> <span class='ocrx_word' id='word_1_767' title='bbox 2401 5309 2821 5379; x_wconf 83' lang='lat' dir='ltr'><strong>exsuperanter</strong></span> <span class='ocrx_word' id='word_1_768' title='bbox 2851 5309 3140 5376; x_wconf 86' lang='lat' dir='ltr'><strong>peccator,</strong></span> <span class='ocrx_word' id='word_1_769' title='bbox 3175 5304 3507 5377; x_wconf 84' lang='lat' dir='ltr'><strong>septuagies</strong></span> <span class='ocrx_word' id='word_1_770' title='bbox 3529 5318 3618 5360; x_wconf 84' lang='lat' dir='ltr'><strong>se-</strong></span> 
     </span>
    </p>
   </div>
   <div class='ocr_carea' id='block_1_107' title="bbox 267 5034 1848 5117">
    <p class='ocr_par' dir='ltr' id='par_1_107' title="bbox 267 5034 1848 5117">
     <span class='ocr_line' id='line_1_107' title="bbox 267 5034 1848 5117; baseline 0.003 -25"><span class='ocrx_word' id='word_1_771' title='bbox 267 5040 319 5093; x_wconf 87' lang='lat'><strong>8.</strong></span> <span class='ocrx_word' id='word_1_772' title='bbox 355 5037 420 5094; x_wconf 87' lang='grc' dir='ltr'><strong>Τί</strong></span> <span class='ocrx_word' id='word_1_773' title='bbox 453 5034 545 5091; x_wconf 74' lang='grc' dir='ltr'>οὖν</span> <span class='ocrx_word' id='word_1_774' title='bbox 574 5037 684 5094; x_wconf 68' lang='grc' dir='ltr'>ἆστι</span> <span class='ocrx_word' id='word_1_775' title='bbox 714 5038 778 5094; x_wconf 89' lang='grc' dir='ltr'>τὸ</span> <span class='ocrx_word' id='word_1_776' title='bbox 812 5041 1159 5115; x_wconf 70' lang='grc' dir='ltr'>μυστήριονῖ</span> <span class='ocrx_word' id='word_1_777' title='bbox 1206 5035 1452 5116; x_wconf 69' lang='grc' dir='ltr'>Ἑϐδόμη</span> <span class='ocrx_word' id='word_1_778' title='bbox 1481 5043 1663 5117; x_wconf 75' lang='grc' dir='ltr'>ἡμέρᾳ</span> <span class='ocrx_word' id='word_1_779' title='bbox 1695 5039 1848 5116; x_wconf 87' lang='grc' dir='ltr'>λέγε-</span> 
     </span>
    </p>
   </div>
   <div class='ocr_carea' id='block_1_108' title="bbox 210 5126 1854 5208">
    <p class='ocr_par' dir='ltr' id='par_1_108' title="bbox 210 5126 1854 5208">
     <span class='ocr_line' id='line_1_108' title="bbox 210 5126 1854 5208; baseline 0.004 -29"><span class='ocrx_word' id='word_1_780' title='bbox 210 5146 288 5179; x_wconf 82' lang='grc' dir='ltr'><strong>ται</strong></span> <span class='ocrx_word' id='word_1_781' title='bbox 321 5127 351 5180; x_wconf 93' lang='lat'><strong>6</strong></span> <span class='ocrx_word' id='word_1_782' title='bbox 382 5126 519 5181; x_wconf 82' lang='grc' dir='ltr'>αἰὼν</span> <span class='ocrx_word' id='word_1_783' title='bbox 551 5128 710 5191; x_wconf 81' lang='grc' dir='ltr'>οὗτος</span> <span class='ocrx_word' id='word_1_784' title='bbox 758 5128 1122 5205; x_wconf 75' lang='grc' dir='ltr'>πληροῦσθαι,</span> <span class='ocrx_word' id='word_1_785' title='bbox 1155 5131 1245 5185; x_wconf 85' lang='grc' dir='ltr'><strong>καὶ</strong></span> <span class='ocrx_word' id='word_1_786' title='bbox 1279 5130 1412 5204; x_wconf 79' lang='grc' dir='ltr'>μετὰ</span> <span class='ocrx_word' id='word_1_787' title='bbox 1439 5135 1598 5186; x_wconf 81' lang='grc' dir='ltr'>τοῦτο</span> <span class='ocrx_word' id='word_1_788' title='bbox 1638 5130 1854 5208; x_wconf 67' lang='grc' dir='ltr'>ἰφίστα-</span> 
     </span>
    </p>
   </div>
   <div class='ocr_carea' id='block_1_109' title="bbox 211 5215 1851 5294">
    <p class='ocr_par' dir='ltr' id='par_1_109' title="bbox 211 5215 1851 5294">
     <span class='ocr_line' id='line_1_109' title="bbox 211 5215 1851 5294; baseline 0.004 -26"><span class='ocrx_word' id='word_1_789' title='bbox 211 5227 317 5278; x_wconf 59' lang='lat' dir='ltr'><strong>mat</strong></span> <span class='ocrx_word' id='word_1_790' title='bbox 349 5218 451 5284; x_wconf 77' lang='grc' dir='ltr'>τὴν</span> <span class='ocrx_word' id='word_1_791' title='bbox 509 5215 723 5289; x_wconf 80' lang='grc' dir='ltr'>ἡμέραν</span> <span class='ocrx_word' id='word_1_792' title='bbox 779 5225 878 5287; x_wconf 87' lang='grc' dir='ltr'><strong>τῆς</strong></span> <span class='ocrx_word' id='word_1_793' title='bbox 935 5219 1180 5294; x_wconf 83' lang='grc' dir='ltr'>κρίσεως,</span> <span class='ocrx_word' id='word_1_794' title='bbox 1226 5221 1326 5288; x_wconf 79' lang='grc' dir='ltr'>τὴν</span> <span class='ocrx_word' id='word_1_795' title='bbox 1384 5217 1608 5294; x_wconf 86' lang='grc' dir='ltr'>ὀγδόην·</span> <span class='ocrx_word' id='word_1_796' title='bbox 1659 5220 1714 5274; x_wconf 85' lang='grc' dir='ltr'><strong>ἑν</strong></span> <span class='ocrx_word' id='word_1_797' title='bbox 1755 5223 1790 5293; x_wconf 81' lang='grc' dir='ltr'>ᾖ</span> <span class='ocrx_word' id='word_1_798' title='bbox 1823 5220 1851 5274; x_wconf 92' lang='lat'><strong>6</strong></span> 
     </span>
    </p>
   </div>
   <div class='ocr_carea' id='block_1_110' title="bbox 214 5302 1850 5384">
    <p class='ocr_par' dir='ltr' id='par_1_110' title="bbox 214 5302 1850 5384">
     <span class='ocr_line' id='line_1_110' title="bbox 214 5302 1850 5384; baseline 0.005 -29"><span class='ocrx_word' id='word_1_799' title='bbox 214 5304 535 5377; x_wconf 64' lang='grc' dir='ltr'>ἁμαρτωλὸς</span> <span class='ocrx_word' id='word_1_800' title='bbox 589 5305 832 5375; x_wconf 82' lang='grc' dir='ltr'>ἑπτάκις,</span> <span class='ocrx_word' id='word_1_801' title='bbox 894 5307 922 5361; x_wconf 91' lang='lat'><strong>6</strong></span> <span class='ocrx_word' id='word_1_802' title='bbox 979 5309 1094 5362; x_wconf 77' lang='grc' dir='ltr'>καθ’</span> <span class='ocrx_word' id='word_1_803' title='bbox 1150 5302 1462 5384; x_wconf 74' lang='grc' dir='ltr'>ὑπερϐολὴν</span> <span class='ocrx_word' id='word_1_804' title='bbox 1523 5305 1850 5383; x_wconf 84' lang='grc' dir='ltr'>ἁμαρτωλὸς</span> 
     </span>
    </p>
   </div>
   <div class='ocr_carea' id='block_1_111' title="bbox 217 5465 1826 5616">
    <p class='ocr_par' dir='ltr' id='par_1_111' title="bbox 217 5466 1826 5616">
     <span class='ocr_line' id='line_1_111' title="bbox 277 5466 1826 5544; baseline 0.005 -22"><span class='ocrx_word' id='word_1_805' title='bbox 277 5467 320 5500; x_wconf 73' lang='grc'>⁸</span> <span class='ocrx_word' id='word_1_806' title='bbox 351 5466 530 5524; x_wconf 77' lang='lat' dir='ltr'><strong>Lavit.</strong></span> <span class='ocrx_word' id='word_1_807' title='bbox 565 5485 694 5539; x_wconf 85' lang='lat' dir='ltr'><strong>xxv,</strong></span> <span class='ocrx_word' id='word_1_808' title='bbox 727 5471 780 5526; x_wconf 92' lang='lat'><strong>3.</strong></span> <span class='ocrx_word' id='word_1_809' title='bbox 858 5471 901 5506; x_wconf 78' lang='grc'><strong>³⁷</strong></span> <span class='ocrx_word' id='word_1_810' title='bbox 930 5472 1098 5530; x_wconf 87' lang='lat' dir='ltr'><strong>Prov.</strong></span> <span class='ocrx_word' id='word_1_811' title='bbox 1129 5490 1245 5544; x_wconf 77' lang='lat' dir='ltr'><strong>xix,</strong></span> <span class='ocrx_word' id='word_1_812' title='bbox 1279 5473 1367 5530; x_wconf 85' lang='grc'>16.</span> <span class='ocrx_word' id='word_1_813' title='bbox 1445 5472 1490 5510; x_wconf 79' lang='grc'><strong>²⁸</strong></span> <span class='ocrx_word' id='word_1_814' title='bbox 1510 5473 1719 5531; x_wconf 84' lang='lat' dir='ltr'><strong>Matth.</strong></span> <span class='ocrx_word' id='word_1_815' title='bbox 1753 5489 1826 5530; x_wconf 90' lang='lat' dir='ltr'><strong>xv</strong></span> 
     </span>
     <span class='ocr_line' id='line_1_112' title="bbox 217 5539 956 5616; baseline 0.015 -25"><span class='ocrx_word' id='word_1_816' title='bbox 217 5551 309 5605; x_wconf 70' lang='lat' dir='ltr'><strong>vn,</strong></span> <span class='ocrx_word' id='word_1_817' title='bbox 338 5539 429 5594; x_wconf 75' lang='grc'>42.</span> <span class='ocrx_word' id='word_1_818' title='bbox 508 5540 554 5585; x_wconf 80' lang='grc'>³³</span> <span class='ocrx_word' id='word_1_819' title='bbox 579 5541 747 5600; x_wconf 76' lang='lat' dir='ltr'><strong>Rom.</strong></span> <span class='ocrx_word' id='word_1_820' title='bbox 779 5559 836 5616; x_wconf 76' lang='grc' dir='ltr'><strong>ν,</strong></span> <span class='ocrx_word' id='word_1_821' title='bbox 864 5544 956 5602; x_wconf 86' lang='grc'><strong>20.</strong></span> 
     </span>
    </p>
   </div>
   <div class='ocr_carea' id='block_1_112' title="bbox 1939 5465 3616 5616">
    <p class='ocr_par' dir='ltr' id='par_1_112' title="bbox 1943 5465 3616 5540">
     <span class='ocr_line' id='line_1_113' title="bbox 1943 5465 3616 5540; baseline -0.002 -12"><span class='ocrx_word' id='word_1_822' title='bbox 1943 5474 2033 5529; x_wconf 88' lang='grc'><strong>21.</strong></span> <span class='ocrx_word' id='word_1_823' title='bbox 2109 5474 2156 5510; x_wconf 77' lang='grc'>¹⁹</span> <span class='ocrx_word' id='word_1_824' title='bbox 2185 5471 2328 5530; x_wconf 89' lang='lat' dir='ltr'><strong>ibid.</strong></span> <span class='ocrx_word' id='word_1_825' title='bbox 2360 5473 2450 5527; x_wconf 85' lang='lat'><strong>22.</strong></span> <span class='ocrx_word' id='word_1_826' title='bbox 2527 5471 2572 5508; x_wconf 82' lang='grc' dir='ltr'><strong><em>³ο</em></strong></span> <span class='ocrx_word' id='word_1_827' title='bbox 2597 5469 2825 5540; x_wconf 69' lang='grc' dir='ltr'>(Ξθιων,</span> <span class='ocrx_word' id='word_1_828' title='bbox 2860 5469 2946 5526; x_wconf 89' lang='grc'>15.</span> <span class='ocrx_word' id='word_1_829' title='bbox 3023 5468 3064 5504; x_wconf 79' lang='grc'><strong>⁸³</strong></span> <span class='ocrx_word' id='word_1_830' title='bbox 3097 5467 3337 5525; x_wconf 69' lang='grc' dir='ltr'><strong>ἱὺίἀ.24.</strong></span> <span class='ocrx_word' id='word_1_831' title='bbox 3412 5466 3457 5502; x_wconf 75' lang='grc'>⁸⁸</span> <span class='ocrx_word' id='word_1_832' title='bbox 3478 5465 3616 5524; x_wconf 89' lang='lat' dir='ltr'><strong>Luc.</strong></span> 
     </span>
    </p>
   </div>
   <div class='ocr_carea' id='block_1_113' title="bbox 289 5692 1049 5779">
    <p class='ocr_par' dir='ltr' id='par_1_113' title="bbox 289 5692 1049 5779">
     <span class='ocr_line' id='line_1_114' title="bbox 289 5692 1049 5779; baseline -0.008 -13"><span class='ocrx_word' id='word_1_833' title='bbox 289 5692 364 5766; x_wconf 75' lang='grc' dir='ltr'>(α)</span> <span class='ocrx_word' id='word_1_834' title='bbox 395 5693 627 5773; x_wconf 75' lang='grc' dir='ltr'>Ἐνάγιι.</span> <span class='ocrx_word' id='word_1_835' title='bbox 653 5697 810 5758; x_wconf 83' lang='lat' dir='ltr'><strong>Editi</strong></span> <span class='ocrx_word' id='word_1_836' title='bbox 841 5697 1049 5779; x_wconf 73' lang='grc' dir='ltr'>ἀνάγει.</span> 
     </span>
    </p>
   </div>
  </div>
