4134 6212
424 366 502 430 81
1359 367 1759 431 APPENDIX
1804 368 2135 431 OPERUM
2180 372 2245 431 S.
2293 370 2582 433 BASlLlI
2626 372 2902 434 MAGNI.
3698 320 3703 325 ο
3758 379 3836 439 52

428 498 582 573 pties
612 496 916 570 plectatur.
945 497 1342 571 Vicissimque
1362 500 1570 571 justus
1602 500 1843 573 septies,
1875 518 1942 558 ac
1973 500 2070 574 qui

2215 495 2657 576 ὅδομηκοντάκις
2704 504 2838 559 έπτά
2894 501 3333 576 έκδικηθήσεται·
3379 505 3470 561 καὶ
3510 504 3773 580 ἔμπαλιν,
3807 506 3835 559 6

430 586 779 644 excellenter
797 587 1022 659 justus,
1056 588 1395 663 septuagies
1423 590 1642 663 septies
1682 592 1918 662 praemio
1950 592 2077 647 afﬁ-

427 674 635 731 cietur.
666 676 771 733 Dei
804 694 1060 748 namque
1106 679 1468 752 benignitas,
1502 696 1660 737 nunc
1692 681 1932 754 quidem
1980 697 2084 753 per

428 764 763 836 aenigmata,
826 782 955 838 quas
1008 771 1150 824 sunt
1205 768 1406 826 futura
1434 770 1681 826 obscure
1737 768 2080 841 signiﬁcat:

429 857 572 909 tunc
622 860 821 912 autem
862 855 922 912 in
968 859 1232 913 secundo
1288 859 1545 915 adventu
1595 859 1971 931 perspicuam
2017 873 2085 914 ac

431 943 810 1001 manifestam
841 945 1211 1004 exhibiturus
1243 952 1335 1004 est
1362 947 1662 1004 veritatem
1697 966 1711 1004 :
1745 952 1885 1004 tunc
1927 948 2083 1003 enim

435 1030 654 1103 quibus
709 1034 963 1107 quisque
1019 1036 1237 1109 dignus
1294 1037 1551 1109 prmmiis
1620 1037 1716 1103 sit,
1796 1038 2082 1093 ostendet.

434 1120 851 1195 Septemplicia
870 1124 1069 1198 igitur,
1093 1143 1218 1197 quaa
1250 1127 1421 1183 nobis
1450 1126 1830 1199 peccantibus
1881 1124 2086 1181 ultrice

436 1228 611 1284 pcsna
638 1215 988 1285 debeantur,
1032 1218 1150 1274 vita
1205 1218 1313 1273 hac
1373 1217 1654 1273 Dominus
1710 1216 2084 1286 condonabit,

440 1302 763 1361 dummodo
795 1323 899 1378 per
918 1307 1319 1379 paenitentiam
1361 1324 1428 1362 ac
1464 1305 1896 1362 confessionem
1928 1322 1962 1361 a
1982 1321 2087 1360 no-

443 1390 535 1447 bis
575 1393 751 1449 fuerit
778 1394 1065 1466 placatus.
1108 1394 1214 1460 Qui
1263 1395 1459 1466 itaque
1508 1394 1879 1450 tremendum
1921 1393 2087 1449 illum

445 1479 600 1536 diem
634 1483 989 1554 noverimus,
1021 1484 1080 1538 in
1112 1500 1223 1553 quo
1284 1488 1581 1539 reservata
1636 1484 1747 1539 hoc
1803 1500 1921 1539 aevo
1954 1499 2088 1554 pec-

444 1569 716 1624 cantibus
734 1571 900 1640 justa
928 1571 1215 1627 scelerum
1248 1573 1556 1628 retributio
1605 1590 1893 1645 aequaquo
1924 1571 2092 1628 lance

444 1657 1089 1729 repensio,pcenitentiaa
1103 1661 1414 1733 stipendiis
1434 1663 1625 1734 quoad
1649 1661 1901 1718 vivimus
1920 1678 2091 1717 occu-

444 1748 1236 1821 pantes,peccatadiluamus,
1244 1766 1346 1823 pro
1361 1750 1476 1806 illic
1493 1750 1875 1823 multiplicem
1887 1767 2094 1806 aerum-

2191 588 2400 655 δίκαιος
2432 594 2568 649 ἑπτὰ
2614 595 3000 667 τιμηθήσεται·
3033 594 3061 649 6
3110 595 3234 659 καθ’
3267 590 3579 671 ὑπερϐολὴν
3606 592 3837 664 δίκαιος,

2189 675 2653 754 ἑϐδομηκοντάκις
2689 682 2844 740 έπτά.
2899 684 2962 740 ἹΙ
2991 683 3093 759 γὰρ
3119 687 3216 738 τοῦ
3264 689 3399 740 Θεοῦ
3431 684 3838 763 φιλανθρωπία,

2188 773 2280 824 νῦν
2318 772 2411 843 μὲν
2445 768 2513 824 δι’
2542 771 2881 847 αἰνιγμάτων
2942 775 3078 846 ἡμῖν
3110 771 3178 828 τὰ
3218 771 3492 846 μέλλοντα
3523 773 3831 849 ὑποφαίνει·

2189 859 2311 913 τότε
2337 856 2414 928 δὲ,
2467 858 2555 914 ἐπὶ
2610 867 2711 930 τῆς
2765 858 3015 937 δευτέρας
3070 860 3236 917 αὐτοῦ
3285 861 3605 931 παρουσίας,
3637 862 3839 938 ἐναργῆ

2190 945 2281 1001 καὶ
2331 948 2740 1020 τεσρανωμένην
2791 953 3026 1022 παριστᾷ
3074 949 3174 1019 τήν
3234 946 3515 1020 ἀλήθειαν·
3551 947 3711 1021 δείξει
3740 950 3840 1027 γὰρ

2192 1035 2510 1105 τηνικαῦτα,
2566 1036 2650 1098 τίς
2716 1036 2878 1092 τίνων
2939 1036 3080 1092 ἐστὶν
3157 1034 3324 1108 ἄξιος.
3402 1038 3846 1096 Ἐπταπλασίονα

2192 1123 2373 1178 τοίνυν
2404 1125 2504 1193 τήν
2536 1124 2811 1180 ἀντίδοσιν
2843 1129 2979 1199 ἡμῖν
3028 1127 3482 1202 χρεωστουμένην
3512 1134 3631 1191 τοῖς
3664 1130 3843 1206 ἁμαρ-

2192 1212 2401 1277 τωλοῖς
2450 1216 2794 1291 συγχωρήσει
2847 1217 2876 1270 ὁ
2918 1217 3116 1292 Κύριος
3171 1216 3419 1290 ἐνταῦθα,
3452 1217 3496 1271 εἷ
3557 1215 3647 1272 διὰ
3681 1239 3847 1291 μετα-

2194 1302 2344 1366 νοίας
2396 1302 2486 1357 καὶ
2541 1303 2999 1380 έξομολογήσεως
3079 1303 3393 1378 έξιλεωθείη
3470 1307 3599 1383 παρ’
3659 1310 3843 1379 ἡμῶν.

2196 1393 2376 1461 Ὥστε,
2431 1389 2633 1455 εἰδότες
2689 1394 2790 1463 τήν
2846 1388 3077 1470 φοϐερὰν
3137 1394 3345 1465 έκείνην
3407 1396 3641 1471 ἡμέραν,
3704 1394 3758 1450 ἐν

2197 1480 2540 1555 τεταμίευται
2592 1488 2710 1545 τοῖς
2766 1482 2992 1547 ἐνταῦθα
3044 1483 3393 1560 ἡμαρτηκόσι
3436 1486 3472 1553 ἡ
3523 1483 3663 1559 πρὸς
3698 1482 3849 1554 ἀξίαν

2196 1574 2306 1625 τῶν
2336 1572 2746 1647 ἁμαρτημάτων
2802 1572 3187 1649 ἀντιμέτρησις
3220 1574 3311 1628 καὶ
3342 1573 3724 1643 ἀντισήκωσις,
3757 1571 3847 1628 διὰ

2204 1659 2483 1733 μετανοίας
2516 1659 2571 1717 ἐν
2605 1665 2718 1733 ζωῇ
2740 1656 3112 1735 προλαϐόντες
3137 1661 3488 1735 ἀναλύσωμεν
3512 1662 3580 1716 τὰ
3597 1663 3844 1738 ἁμαρτή-

2205 1770 2367 1821 ματα,
2393 1747 2487 1804 ’ἱνα
2516 1748 2628 1805 ἐκεῖ
2657 1750 2748 1805 σὸν
2795 1749 3289 1825 πολυπλασιασμὸν
3334 1758 3434 1821 τῆς
3465 1751 3724 1807 ὶπιπόνου
3754 1751 3845 1806 καὶ

448 1848 584 1888 nam
597 1842 771 1907 atque
788 1837 1048 1895 dolorem
1075 1856 1141 1897 ac
1161 1840 1488 1897 cruciatum
1511 1842 1754 1896 evadere
1770 1840 2089 1912 possimus.

2215 1835 2472 1911 ὖδυνηρᾶς
2504 1835 2827 1901 ἀντιδόσεως
2851 1838 3103 1918 ἐκφυγεῖν
3136 1837 3516 1912 δυνηθείημεν.

518 1924 573 1979 9.
633 1926 799 1983 Hunc
849 1927 1050 2000 itaque
1104 1930 1261 1985 diem
1314 1930 1631 2001 septimum
1688 1929 2092 1985 existimemus

467 2015 689 2087 eptimo
736 2015 824 2072 illi
891 2017 1030 2089 diei,
1078 2018 1608 2075 consummationis
1661 2017 1841 2089 hujus
1897 2016 2093 2073 seaculi

450 2104 642 2177 figura
665 2107 1035 2179 respondere.
1067 2107 1344 2163 Dicamus
1374 2107 1572 2181 igitur,
1604 2111 1658 2163 et
1681 2108 1926 2179 requivzt
1953 2108 2093 2163 Deus

457 2196 555 2252 die
581 2198 809 2269 septimo
822 2197 890 2253 ab
919 2198 1177 2253 omnibus
1205 2197 1462 2269 operibus
1488 2198 1605 2253 suis
1629 2215 1646 2263 ;
1689 2197 1789 2253 sed
1821 2201 1879 2253 et
1908 2197 1968 2252 in
1994 2196 2093 2253 illo

448 2284 684 2356 pariter,
733 2285 897 2343 nulla
941 2286 1197 2359 amplius
1241 2286 1451 2341 mundi
1496 2286 1678 2356 hujus
1728 2286 1927 2345 futura
1956 2294 2096 2342 sunt

446 2388 643 2444 opera.
673 2374 801 2430 Non
831 2380 1004 2431 erunt
1032 2374 1188 2431 ultra
1215 2376 1455 2447 nuptias,
1487 2391 1602 2431 non
1648 2375 1906 2447 amplius
1952 2391 2091 2431 con-

444 2465 691 2534 tractus,
740 2480 855 2520 non
901 2469 1242 2520 mercaturae
1291 2481 1304 2521 :
1359 2464 1783 2536 agriculturam
1833 2481 1990 2535 vero,
2041 2464 2091 2520 si

444 2550 585 2621 quid
616 2551 972 2623 reliquorum
1004 2554 1333 2609 studiorum
1365 2557 1455 2609 est
1483 2569 1550 2609 ac
1599 2555 1990 2626 negotiorum,
2020 2569 2094 2608 ne

446 2639 537 2696 vel
567 2638 766 2697 animo
796 2640 916 2697 illic
947 2641 1201 2714 cogitare
1233 2640 1368 2697 licet
1398 2658 1411 2696 :
1446 2642 1548 2697 sed
1597 2642 1776 2699 stabit
1829 2646 2095 2698 creatura

451 2730 699 2787 attonita
717 2747 784 2787 ac
813 2735 1102 2799 tremens;
1136 2731 1432 2803 sudorque
1471 2747 1541 2787 ex
1588 2731 1888 2801 omnibus,
1919 2747 2095 2802 quem

451 2817 542 2875 vis
600 2818 764 2876 nulla
817 2824 1099 2888 coerceat,
1173 2824 1452 2892 metuque
1517 2819 1774 2892 perplexi
1830 2837 2035 2875 omnes
2079 2836 2092 2874 :

450 2908 602 2981 justi
632 2923 863 2981 quoque
893 2909 1048 2980 apud
1095 2924 1203 2964 nos
1260 2907 1376 2980 ipsi
1405 2908 1561 2964 anxii
1594 2915 1731 2964 tunc
1788 2908 2098 2963 formidine

458 3002 650 3066 erunt,
685 3001 818 3054 utra
846 2998 917 3053 de
946 2996 1064 3053 illis
1111 2997 1402 3053 sententia
1453 2997 1692 3053 ferenda
1748 2996 1846 3053 sit.
1892 2997 2013 3052 Erit
2043 3000 2101 3052 et

454 3087 832 3144 Abrahamus
872 3092 1015 3143 tunc
1070 3086 1279 3142 anxius
1328 3103 1394 3142 ac
1442 3086 1752 3153 sollicitus,
1793 3103 1908 3142 non
1939 3085 2102 3141 velut

2272 1929 2325 1983 9.
2386 1922 2663 2001 Ἑϐδόμην
2717 1928 2897 1983 τοίνυν
2955 1927 3154 2000 ταύτην
3233 1928 3442 2006 ἡμέραν
3497 1926 3849 2004 λογισώμεθα

2204 2014 2412 2087 έκείνης
2441 2023 2542 2086 τῆς
2574 2012 2815 2090 ἑϐδόμης
2865 2024 2966 2087 τῆς
2999 2016 3304 2079 συντελείας
3358 2021 3452 2071 τοῦ
3500 2016 3699 2080 αἰῶνος
3728 2018 3850 2072 τού-

2201 2127 2302 2161 του
2362 2105 2675 2164 ἀντίτυπον.
2732 2102 2990 2179 Εἴπωμεν
3048 2105 3251 2162 τοίνυν·
3302 2106 3404 2161 Καὶ
3459 2108 3785 2161 κατέπαυσεν
3820 2107 3849 2160 ὁ

2203 2195 2332 2256 Θεὸς
2358 2199 2428 2268 τῇ
2476 2195 2659 2268 ἡμέρᾳ
2704 2199 2772 2269 τῇ
2833 2190 3042 2271 ἑϐδόμῃ
3101 2195 3208 2251 ἀπὸ
3264 2194 3482 2250 πάντων
3538 2200 3645 2249 τῶν
3678 2192 3848 2271 ἔργων

2202 2284 2390 2339 αὐτοῦ.
2423 2285 2527 2340 Καὶ
2561 2283 2612 2339 έν
2648 2283 2822 2359 ἐκείνῃ
2857 2283 2914 2340 δὲ
2973 2283 3202 2358 ὁμοίως,
3258 2284 3439 2339 οὐκέτι
3483 2286 3553 2338 τά
3599 2282 3727 2359 ἔργα
3754 2288 3851 2339 τοῦ

2202 2373 2412 2446 κόσμου
2439 2374 2657 2428 τούτου·
2709 2373 2886 2429 οὐκέτι
2930 2373 3121 2450 γάμοι,
3172 2372 3352 2428 οὐκέτι
3403 2371 3850 2450 συναλλάγματα,

2204 2461 2383 2517 οὐκέτι
2443 2461 2752 2539 έμπορεῖαι·
2812 2463 3078 2538 γεωργίας
3137 2460 3217 2536 δὲ,
3267 2463 3302 2532 ἢ
3360 2484 3413 2517 τι
3470 2467 3577 2518 τῶν
3641 2460 3852 2518 λοιπῶν

2204 2549 2675 2625 ἐπιτηδευμάτων,
2735 2552 2837 2606 οὐκ
2894 2547 3035 2606 ἔστιν
3093 2552 3204 2607 έκεῖ
3252 2551 3349 2607 κᾶν
3396 2552 3671 2621 ἐννοῆσαι·
3705 2550 3851 2607 ἀλλά

2202 2647 2347 2696 πᾶσα
2374 2643 2409 2710 ἡ
2441 2640 2616 2704 κτίσις
2673 2640 2987 2714 ἐπτοημένη
3045 2642 3133 2696 καὶ
3192 2638 3459 2716 ἔντρομος
3504 2638 3720 2712 ἕστηκε,
3759 2641 3847 2695 καὶ

2204 2729 2370 2807 ἱδρὼς
2398 2730 2505 2785 ἀπὸ
2559 2729 2774 2785 πάντων
2832 2730 3222 2805 ἀκατάσχετος,
3263 2729 3355 2785 καὶ
3404 2732 3598 2794 πάντες
3647 2729 3851 2806 ἐναγώ-

2205 2840 2332 2877 νιοι·
2364 2819 2454 2875 καὶ
2510 2819 2666 2875 αὐτοὶ
2718 2820 2771 2874 οἱ
2822 2820 2950 2896 παρ’
3006 2821 3141 2894 ἡμῖν
3200 2817 3424 2890 δίκαιοι,
3466 2819 3547 2882 τίς
3592 2840 3726 2874 ποτε
3750 2819 3852 2891 ἄρα

2206 2913 2391 2987 ψῆφος
2463 2909 2586 2985 περὶ
2675 2908 2851 2964 αὐτῶε
2933 2908 3358 2983 ἐξενεχθήσεται.
3418 2908 3516 2963 Καὶ
3602 2902 3855 2983 Ἀϐραὰμ

2207 2997 2494 3075 ἀγωνιάσει
2523 2998 2669 3065 τότε,
2729 2998 2836 3073 οὐχ
2862 2998 2936 3062 ὡς
2983 2996 3277 3068 καταδίκην
3311 2997 3389 3061 εἷς
3433 2998 3645 3071 γέενναν
3681 3015 3855 3070 προσ-

2210 3085 2409 3158 δοκῶν,
2436 3083 2563 3141 ἀλλ’
2613 3085 2664 3140 ἐν
2695 3086 2826 3157 ποίᾳ
2864 3087 3009 3155 τάξει
3067 3091 3173 3140 τῶν
3230 3084 3448 3140 δικαίων
3503 3086 3857 3159 ταχθήσεται·

456 3178 556 3250 qui
586 3176 646 3232 in
676 3175 1003 3249 gehennam
1035 3176 1342 3232 detrusum
1372 3191 1435 3232 se
1464 3176 1537 3231 iri
1567 3179 1879 3247 exspectet,
1904 3175 2003 3230 sed
2038 3175 2097 3228 in

2215 3175 2489 3250 πρώτῃ,ἢ
2542 3172 2783 3247 δευτέρᾳ,
2814 3174 2849 3242 ἢ
2906 3173 3083 3249 τρίτη.
3136 3174 3334 3250 Κύριος
3392 3172 3445 3243 έξ
3491 3172 3723 3248 ούρανοῦ
3754 3194 3858 3227 πα-

458 3282 576 3337 qua
601 3267 896 3337 iustorum
929 3264 1155 3331 classe;
1190 3266 1401 3336 prima,
1434 3265 1712 3333 sesnnda,
1770 3268 1873 3318 aut
1928 3262 2099 3318 tertia

2215 3265 2507 3341 ραγίνεται·
2582 3264 2637 3317 αἱ
2718 3263 2962 3338 οὐράνιαι
3021 3260 3277 3336 δυνάμεις
3355 3259 3855 3331 ἀποκαλύπτονται,

454 3352 741 3411 locandus
769 3353 866 3410 sit.
898 3353 1184 3409 Dominus
1227 3353 1297 3407 de
1340 3351 1480 3407 coelo
1537 3351 1768 3408 advenit
1799 3369 1811 3407 :
1840 3350 2098 3407 revelan-

461 3450 557 3500 tur
605 3442 872 3500 ccslestes
930 3445 1268 3515 potestates,
1328 3440 1492 3497 caelis
1555 3441 1849 3513 diruptis;
1907 3440 2101 3496 omnis

460 3537 727 3590 creatura
749 3531 1137 3588 tremebunda
1185 3534 1461 3602 metuque
1509 3529 1931 3599 contrahetur;
1966 3528 2106 3601 quia

462 3627 521 3680 et
566 3622 681 3695 ipsi
722 3621 987 3681 ,t‘orsitan
1045 3619 1234 3691 angeli
1291 3620 1571 3675 astabunt
1636 3623 1795 3675 metu
1851 3618 2107 3691 perculsi

467 3729 534 3768 ac
563 3710 779 3783 pavidi,
807 3727 923 3766 non
967 3727 1036 3766 ea
1092 3708 1316 3765 ratione
1349 3707 1502 3779 quod
1535 3708 1606 3764 de
1659 3708 1787 3764 suis
1843 3712 2109 3764 metuant

468 3801 623 3858 843
653 3798 1012 3865 delictis,sed
1042 3798 1198 3870 quod
1220 3796 1511 3869 gloriosus
1542 3803 1987 3869 praepotensque
2009 3798 2109 3868 ju-

468 3890 619 3947 dicis
647 3893 1015 3961 conspectus,
1045 3886 1274 3943 cunctis
1305 3886 1543 3959 perinde
1572 3886 1782 3941 creatis
1810 3886 1902 3942 sui
1930 3886 2114 3957 ipsius

471 3983 695 4052 metum
716 3977 1093 4033 immissurus
1124 3976 1355 4032 sit.Non
1386 3975 1555 4031 audis
1581 3976 1789 4031 Isaiam
1823 3975 2116 4031 dicentem

468 4067 531 4124 Si
551 4069 831 4140 aperueris
857 4068 1074 4136 caelum,
1108 4070 1311 4122 tremor
1344 4065 1710 4137 apprehendet
1734 4082 1804 4121 ex
1830 4070 1881 4120 te
1910 4065 2119 4121 monte:

470 4156 519 4193 ³⁸
542 4157 571 4214 ?
599 4158 819 4231 quibus
847 4156 1001 4212 diem
1024 4154 1194 4211 illum
1216 4154 1571 4211 subindicat.
1598 4154 1680 4210 Ab
1701 4155 2119 4225 ejusconspec-

467 4252 533 4305 tu
547 4262 709 4304 mare
746 4244 1089 4317 conglaciat,
1121 4259 1431 4300 resomnes
1462 4243 2123 4312 obstupescunt,natura

466 4336 771 4403 emoritur,
803 4350 900 4390 ars
939 4333 1131 4389 omnis
1162 4330 1453 4387 rhetorica
1482 4336 1648 4385 vacat
1697 4330 2123 4402 verborumque

469 4423 818 4491 facultas,ob
850 4422 947 4478 Dei
980 4438 1010 4477 e
1039 4419 1201 4477 caelis
1232 4421 1570 4476 adventum.
1594 4421 1760 4474 Tunc
1789 4420 1944 4473 enim
1974 4418 2125 4490 justi

470 4515 794 4588 rapientur,
829 4526 1151 4582 eorumque
1179 4526 1390 4565 currus
1422 4510 1610 4565 nubes
1642 4513 1909 4575 erunt,ac
1941 4510 2123 4565 dedu-

2209 3356 2450 3431 οόρανῶν
2513 3353 2882 3429 ῥηγνυμένων
2962 3359 3106 3408 πᾶσα
3186 3356 3221 3422 ἡ
3304 3352 3477 3414 κτίσις
3555 3350 3606 3406 έν
3664 3352 3859 3429 τρόμῳ

2210 3442 2298 3499 καὶ
2358 3438 2619 3515 συστολῇ·
2680 3441 2771 3497 καὶ
2816 3440 2973 3496 αὐτοὶ
3032 3442 3084 3496 οἱ
3138 3439 3357 3519 ἄγγελοι
3416 3438 3684 3518 περιδεεῖς
3713 3440 3859 3517 τάχα

2212 3532 2585 3609 παρίστανται,
2643 3531 2751 3607 οὐχ
2809 3533 2891 3586 ὅτι
2970 3532 3095 3607 περί
3152 3531 3563 3608 ἁμαρτημάτων
3641 3529 3857 3585 οἷκείων

2217 3619 2474 3693 δεδίασιν,
2509 3620 2635 3677 ἄλλ’
2665 3622 2812 3690 δτιή
2863 3616 3073 3691 ἔνδοξος
3119 3619 3209 3675 καὶ
3262 3617 3715 3696 μεγαλοδύναμος
3759 3622 3857 3674 τοῦ

2216 3714 2407 3785 κριτοῦ
2467 3708 2771 3779 ἐπιφάνεια,
2804 3714 2965 3764 πᾶσιν
3024 3709 3235 3782 ὁμοίως
3281 3714 3399 3771 τοῖς
3451 3714 3733 3783 γεννητοῖς
3775 3707 3869 3763 τὸν

2220 3800 2414 3867 ἑαυτῆς
2463 3792 2731 3870 ἐμϐάλλει
2784 3792 2974 3874 φόϐον.
3034 3797 3151 3855 Οὐκ
3206 3796 3420 3860 ἀκούεις
3499 3800 3596 3852 τοῦ
3651 3794 3871 3853 Ἡσαΐου

2223 3887 2503 3964 λέγοντος,
2553 3887 2674 3941 Ἐὰν
2756 3886 2970 3961 ἀνοίξῃς
3022 3887 3114 3941 τὸν
3192 3885 3438 3962 οὐρανὸν,
3497 3886 3702 3962 τρόμος
3768 3884 3874 3955 λή-

2224 3981 2381 4052 ψεται
2418 3976 2522 4031 ἀπὸ
2586 3980 2683 4031 σοῦ
2739 3970 2874 4050 ὅρη;
2935 3976 3059 4051 περὶ
3117 3982 3216 4046 τῆς
3274 3976 3483 4053 ἡμέρας
3527 3974 3741 4041 έκαίνης
3788 3974 3873 4028 αἶ-

2225 4067 2566 4138 νιττομένου,
2627 4064 2680 4120 έν
2880 4063 3122 4128 θάλασσα
3178 4067 3442 4140 πέπηγεν,
3504 4064 3556 4120 έν
3702 4064 3881 4126 κτίσις

2228 4153 2511 4231 σχολάσει,
2572 4156 2607 4223 ἡ
2667 4152 2823 4231 φύσις
2897 4155 3241 4230 νενέκρωται,
3300 4161 3446 4210 πᾶσα
3507 4151 3736 4227 μέθοδος
3792 4149 3883 4207 διὰ

2231 4244 2413 4320 λόγων
2442 4244 2603 4319 ἀργὴ,
2635 4245 2773 4320 πρὸς
2818 4244 2920 4312 τὴν
2971 4243 3022 4313 ἐξ
3072 4244 3315 4318 οὐρανῶν
3368 4242 3464 4299 τοῦ
3522 4246 3656 4298 Θεοῦ
3687 4239 3882 4310 ἐπιδη-

2237 4333 2384 4407 μίαν.
2413 4332 2551 4390 Τότε
2584 4333 2920 4408 άρπάζονται
2969 4332 3025 4386 οἱ
3074 4328 3300 4401 δίκαιοι,
3347 4331 3438 4387 καὶ
3492 4331 3751 4406 ὀχήματα
3780 4329 3883 4383 αύ-

2230 4427 2337 4478 τῶν
2397 4424 2452 4476 αἱ
2528 4420 2768 4500 νεφέλαι,
2828 4420 2917 4476 καὶ
2997 4422 3325 4496 προπομποὶ
3405 4420 3578 4474 αὐτῶν
3632 4415 3881 4493 ἄγγελοι.

2236 4512 2375 4569 Τότε
2404 4508 2605 4567 δίκαιοι
2641 4512 2754 4585 μὲν,
2811 4510 2884 4572 ὡς
2939 4508 3174 4583 ἀστέρες,
3227 4509 3332 4563 ἀπὸ
3381 4514 3487 4582 γῆς
3537 4505 3612 4568 εἷς
3653 4505 3881 4581 οὐρανὸν

475 4607 611 4661 cent
639 4601 853 4675 angeli.
885 4601 1050 4656 Tunc
1069 4598 1219 4671 justi
1250 4598 1421 4671 quasi
1452 4596 1653 4666 stellae,
1688 4614 1718 4653 e
1747 4603 1903 4653 terra
1931 4597 1991 4653 in
2014 4616 2098 4655 cca

2238 4594 2733 4673 ἀναλαμϐάνονται·
2764 4599 2815 4653 οἱ
2864 4594 2923 4653 δὲ
2975 4595 3319 4674 ἁμαρτωλοὶ,
3372 4593 3610 4669 δέσμιοι,
3649 4599 3729 4667 τῷ
3763 4592 3887 4670 ἰδίῳ

474 4692 603 4750 lum
623 4690 1014 4763 recipientur;
1046 4692 1380 4762 peccatores
1418 4703 1552 4743 vero
1602 4686 1800 4755 vincti,
1860 4693 2124 4759 peccato-

477 4799 612 4840 rum
641 4780 877 4854 proprio
894 4778 1151 4852 pondere
1176 4776 1481 4850 prmpediti
1503 4777 1573 4832 ad
1597 4776 1828 4833 inferna
1850 4777 2127 4835 cadentes

470 4870 774 4943 jacebunt,
807 4869 935 4941 ipso
966 4865 1334 4924 conscientiae
1365 4866 1706 4938 prejudicio
1738 4866 1991 4922 confusi.

550 4961 639 5017 10.
670 4963 922 5017 Octavus
941 4957 1123 5030 igitur
1152 4955 1256 5013 ille
1287 4955 1411 5011 dies
1426 4955 1605 5013 hocce
1636 4955 1887 5028 septimo
1908 4956 2126 5028 ﬁgura-

473 5053 594 5107 tur.
625 5049 691 5106 Et
717 5048 983 5121 requievit
1029 5047 1169 5102 Deus
1195 5045 1291 5102 die
1332 5047 1558 5118 septimo
1616 5045 1685 5100 ab
1723 5044 1974 5100 omnibus
1998 5059 2128 5115 ape-

475 5142 632 5197 ribus
658 5139 793 5195 suis.
824 5137 948 5193 Non
972 5136 1097 5208 jam
1119 5133 1534 5208 amplius,quze
1569 5139 1707 5191 sunt
1726 5133 1906 5203 hujus
1928 5132 2127 5187 szeculi

472 5229 719 5301 vitaeque
749 5243 1018 5297 munera,
1051 5242 1160 5281 nec
1211 5241 1339 5297 qua:
1380 5224 1477 5279 hic
1522 5221 1783 5279 carnalia
1840 5220 2129 5277 desideria

476 5318 837 5377 comitantur
864 5322 1020 5374 vota.
1055 5314 1158 5371 Illo
1191 5314 1285 5369 die
1316 5312 1620 5384 consopita
1652 5316 1823 5366 erunt
1845 5310 2131 5381 juvenilia

478 5408 771 5467 desideria
800 5424 867 5465 ac
897 5401 1367 5463 libidines.Nulla
1379 5402 1505 5473 jam
1539 5399 1769 5456 foederis
1789 5399 2129 5470 nuptiarum

480 5498 730 5557 attonita
755 5510 1087 5566 vesanaque
1118 5489 1581 5563 libido,prolisve
1612 5486 1999 5560 suscipiendae
2025 5504 2127 5543 cu-

482 5585 823 5664 pido.Nulla
841 5585 971 5658 jam
1002 5581 1129 5639 auri
1151 5578 1499 5653 corrogandi
1526 5594 1668 5636 cura
1697 5593 1764 5636 ac
1794 5575 2129 5635 sollicitudo

557 5713 607 5789 P‘
632 5717 748 5770 Isa.
780 5723 933 5778 sxw,
963 5708 1016 5765 1.

2242 4690 2395 4767 βάρει
2444 4694 2552 4744 τῶν
2606 4687 3015 4763 ἁμαρτημάτων
3068 4682 3462 4760 πεπεδημένοι,
3516 4685 3664 4741 κάτω
3692 4683 3890 4741 πεσόν-

2236 4800 2326 4842 τες
2354 4783 2556 4835 κιῖνται
2588 4773 3015 4847 δυσσυνείδητοι.

2309 4958 2395 5012 10.
2427 4954 2673 5023 Ἐκείνην
2707 4950 2798 5008 οῦν
2839 4952 2937 5021 τὴν
2988 4947 3187 5028 ὀγδόην
3232 4952 3442 5027 ἡμέραν
3492 4951 3626 5024 αὕτη
3660 4953 3696 5024 ἡ
3730 4946 3890 5007 ἕϐδό-

2241 5066 2316 5118 μη
2378 5040 2891 5117 διασχηματίζεται.
2964 5040 3066 5094 Καὶ
3145 5039 3472 5097 κατέπαυσεν
3550 5043 3578 5096 6
3631 5040 3761 5103 Θεὸς
3815 5044 3888 5116 τῇ

2236 5130 2417 5205 ἡμέρᾳ
2473 5135 2541 5205 τῇ
2591 5125 2801 5204 ἐϐδόμῃ
2857 5129 2964 5185 ἀπὸ
3032 5128 3247 5185 πάντων
3300 5135 3409 5185 τῶν
3466 5128 3635 5207 ἔργων
3696 5129 3884 5186 αὐτοῦ.

2238 5220 2527 5279 Οὐκέτιτά
2552 5224 2650 5273 τοῦ
2688 5219 2808 5295 βίου
2835 5218 3058 5289 τούτου,
3097 5216 3224 5275 οὐδὲ
3268 5221 3337 5275 τὰ
3374 5219 3891 5296 παρακολουθοῦντα

2238 5309 2462 5373 ἐνταῦθα
2534 5314 2651 5370 ταῖς
2729 5314 3011 5384 σαρκικαῖς
3086 5307 3344 5386 ὀρέξεσιν.
3424 5310 3513 5367 Ἐν
3589 5306 3761 5383 ἐκείνῃ
3817 5311 3890 5383 τῇ

2237 5398 2418 5473 ἡμέρᾳ
2494 5396 2861 5472 ἐκοιμήθησαν
2939 5396 3223 5472 ἐπιθυμίαι
3307 5396 3645 5472 νεωτερικαίσ
3706 5395 3890 5453 οὐκέτι

2241 5486 2368 5563 περὶ
2400 5487 2585 5563 γάμου
2642 5486 2899 5558 πτόησις,
2955 5485 2993 5557 ἢ
3034 5485 3297 5563 ἐπιθυμία
3326 5483 3698 5550 παιδοποιίας·
3750 5505 3891 5564 χρυ-

2240 5581 2336 5633 σοῦ
2367 5575 2585 5655 φροντὶς
2640 5572 2930 5655 οὐδεφμία’
2989 5571 3274 5633 έκελάθετο
3323 5574 3353 5630 ὁ
3405 5573 3744 5655 φιλάργυρος
3791 5577 3892 5632 τοῦ
