4108 6214
213 359 301 419 53
1215 358 1317 418 DE
1362 358 1690 420 HOMINIS
1736 359 2206 422 STRUC’I‘URA
2249 360 2539 423 ORATIO
2582 361 2663 420 Il.
3563 357 3641 418 54

215 487 555 567 βαλαντίου,
582 494 678 546 τοῦ
736 487 992 566 ἁρπάζειν
1037 490 1125 544 καὶ
1160 487 1437 567 βιάζεσοαι
1471 491 1498 544 6
1529 489 1872 564 πλεονέκτης,

1995 494 2220 552 Sacculi
2250 498 2305 552 et
2326 512 2472 553 arca:
2494 511 2701 550 avarus
2719 491 3133 560 obliviscetur;
3159 488 3397 561 iniquus
3420 493 3638 561 raptor,
3708 474 3711 481 ί

210 588 320 652 τῆς
365 583 473 658 γῆς
528 582 560 637 ὁ
618 579 1036 655 πολυκτήμων,
1088 586 1189 651 τῆς
1243 576 1403 653 δόξης
1462 581 1491 635 6
1551 577 1883 654 δοξομανής.

212 672 403 725 Πάντα
457 670 529 724 τὰ
572 673 673 725 τοῦ
734 669 856 745 βίου
894 667 1084 740 ἐξέπτη
1115 675 1218 739 τῆς
1250 665 1511 731 διανοίας.
1548 664 1883 740 ’Δπεσϐἐσθη

208 765 336 824 τοῖς
365 757 779 835 ἰπηρτημένοις
810 756 1141 830 ὁθενδήποτε
1168 762 1277 814 τῶν
1335 763 1617 833 κοσμικῶν
1673 757 1880 814 τούτων

214 849 659 925 προτερημάτων
711 848 815 917 τήν
874 844 1136 916 διάνοιαν,
1190 850 1227 919 ἡ
1280 849 1406 918 κενὴ
1467 848 1556 903 καὶ
1610 846 1880 904 κατάπτυ-

220 960 354 1001 στος
387 937 530 1010 δόξαο
563 937 661 994 οὐκ
689 936 918 1015 ἰνοχλεῖ
952 937 1123 1011 Θυμὸς
1174 937 1311 1013 πρὸς
1366 938 1572 1011 ἄμυναν
1628 941 1725 992 τοῦ
1782 935 1880 992 λυ-

2000 586 2268 658 rapiendi
2301 585 2386 641 vis
2413 602 2480 642 ac
2511 584 2772 656 injuriae;
2808 576 3453 654 prazdtorumJocuples
3477 596 3490 647 ;
3515 578 3638 652 glo-

1996 673 2093 731 ria:
2124 679 2183 731 et
2211 673 2869 743 claritatis,ambitiosus
2886 672 3091 728 insane
3115 667 3443 741 deperiens.
3466 667 3640 733 Quid-

1993 764 2134 836 quid
2166 781 2358 821 rerum
2390 762 2584 821 saeculi
2616 762 2927 828 est,animo
2949 758 3496 817 excidit.Exstincta
3525 761 3634 825 est,

1994 853 2199 924 quovis
2229 855 2465 910 tandem
2498 854 2671 909 modo
2702 852 2870 908 elatis
2901 850 3096 907 animo
3128 847 3323 905 saeculi
3343 847 3504 903 hisce
3519 863 3637 902 ma-

1992 943 2223 1017 gniﬁcis
2255 943 2513 1011 dotibus,
2548 959 2717 1013 vana,
2750 939 3127 1013 despicabilis
3161 955 3227 994 ac
3255 936 3635 1009 conspuenda

224 1032 505 1101 πήσαντος
533 1072 547 1085 .
599 1030 790 1084 Πάντα
845 1025 1020 1082 ἐκεῖνα
1076 1023 1365 1082 ἐκλέλοιπε
1418 1030 1715 1097 τηνικαῦτα
1780 1029 1872 1080 τοῦ

1989 1032 2193 1105 gloria.
2213 1031 2364 1087 Nihil
2385 1034 2511 1104 jam
2544 1031 2791 1088 molesta
2835 1032 2920 1086 ira
2950 1031 3021 1086 ad
3054 1029 3181 1100 ejus
3215 1026 3499 1083 ultionem
3531 1023 3632 1097 qui

228 1119 541 1195 λογισμοῦ·
576 1119 611 1187 ἡ
657 1118 818 1193 ψυχὴ
872 1113 930 1171 δὶ
977 1116 1114 1192 πρὸς
1157 1120 1237 1189 τῷ
1292 1109 1549 1194 φοϐοῦντί
1580 1114 1713 1182 ἐστι,
1742 1114 1872 1189 πρὸς

1990 1122 2261 1179 molestia
2289 1123 2729 1178 atfecit.Cuncta
2750 1122 2850 1176 illa
2870 1124 3011 1176 tunc
3043 1119 3238 1175 animo
3267 1116 3628 1173 abscessere:

222 1213 293 1284 τῇ
352 1204 657 1284 προσδοκίᾳ
714 1210 824 1262 τῶν
881 1202 1272 1280 ἐπηρτημένων
1332 1201 1543 1259 δεινῶν·
1573 1203 1756 1259 ὅντινα
1806 1200 1872 1272 δὴ

217 1293 390 1372 φόϐον
420 1300 587 1364 Θεοῦ,
626 1294 679 1350 εἷ’
728 1294 819 1351 καὶ
875 1294 1100 1359 ἐνταῦθα
1157 1292 1411 1366 δυνηθείη
1472 1315 1556 1357 τις
1614 1291 1873 1348 ἐσοικίσαι

209 1391 277 1460 τῇ
306 1384 424 1457 ﬁt;
478 1389 642 1461 ψυχῇ
701 1383 1065 1455 ἀνέκλειπτον,
1097 1383 1134 1455 ἢ
1183 1381 1361 1456 οὐδὲν,
1394 1382 1430 1454 ἢ
1466 1382 1676 1461 βραχέα
1703 1382 1869 1458 τυχὸν

210 1477 616 1553 ἁμαρτήσεται.
678 1474 778 1528 Καὶ
861 1468 1089 1528 ἔπλασεν
1146 1473 1175 1529 6
1230 1474 1358 1534 Θεὸς
1411 1473 1503 1528 τὸν
1562 1473 1869 1547 ἄνθρωπον,

207 1569 338 1639 χοῦν
392 1558 596 1618 λαϐὼν
646 1562 755 1617 ἀπὸ
811 1568 913 1633 τῆς
966 1568 1084 1638 γῆς.
1118 1561 1229 1617 Οὐκ
1282 1560 1619 1636 ἐπανάληψιν
1676 1565 1866 1615 τοῦτον

203 1655 289 1708 τὸν
320 1652 597 1727 περὶτῆς
626 1657 960 1721 κατασκευῆς
1006 1655 1103 1705 τοῦ
1156 1651 1445 1725 ἀνθρώπου
1499 1647 1667 1725 λόγον
1722 1651 1868 1723 ἡγη-

203 1743 343 1813 τέον,
378 1741 433 1798 εἴ
481 1741 579 1796 καί
619 1762 731 1796 τισι
776 1739 1039 1816 φαίνεται,
1088 1738 1212 1795 ἀλλ’
1263 1737 1590 1804 ἀκολουθίαν
1653 1738 1864 1814 μᾶλλον

1987 1230 2103 1268 uno
2126 1212 2325 1269 anima
2355 1228 2642 1284 suspensa
2672 1210 2948 1267 terrentis
2980 1214 3160 1279 metu,
3189 1224 3306 1263 una
3338 1204 3626 1261 malorum

1984 1300 2425 1357 imminentium
2469 1300 2938 1372 exspectatione:
2980 1314 3152 1370 quem
3186 1297 3390 1367 utique
3419 1293 3522 1349 Dei
3552 1292 3625 1346 ti-

1985 1406 2230 1459 morem,
2250 1387 2525 1461 quisquis
2552 1387 2982 1443 indeficientem
3015 1404 3121 1442 suo
3143 1384 3337 1440 animo
3368 1382 3487 1442 vita
3516 1380 3624 1436 hac

1981 1479 2254 1535 inducere
2288 1477 2558 1550 potuerit,
2609 1481 2714 1532 aut
2768 1475 2913 1531 nihil
2972 1479 3072 1530 aut
3102 1489 3276 1546 quam
3309 1471 3623 1527 minimum

1981 1568 2153 1640 plane
2183 1568 2462 1640 peccabit.
2498 1568 2563 1622 Et
2616 1568 2749 1637 fecit
2803 1566 2941 1621 Deus
2971 1565 3270 1631 hominem,
3313 1569 3530 1632 sumpto
3558 1558 3624 1613 de

1977 1660 2129 1712 terra
2157 1658 2380 1727 pulvere
2408 1657 2472 1712 ³³.
2506 1660 2651 1711 Cave
2682 1655 2837 1710 hunc
2896 1654 2967 1710 de
3014 1653 3272 1709 hominis
3324 1652 3623 1707 structura

1979 1762 2310 1802 sermonem
2335 1749 2695 1817 resumptam
2753 1742 3148 1799 narrationem
3172 1738 3492 1807 existimes,
3530 1740 3617 1792 ta-

204 1830 513 1887 ἆδιάκοπον
576 1837 681 1900 τῆς
734 1828 1001 1906 προτέρας
1056 1829 1180 1905 περὶ
1220 1828 1417 1885 τούτου
1448 1828 1864 1905 ἐπιχειρήσεως,

271 1922 286 1935 1
602 1921 614 1935 ι
805 1918 818 1935 ι
920 1917 936 1935 ἱ
1015 1921 1044 1933 ο
1332 1918 1342 1934 Ι
1388 1917 1409 1935 ﬁ
1673 1914 1694 1935 Ὗ
1731 1919 1744 1935 1

1983 1835 2149 1892 metsi
2183 1835 2482 1891 nonnullis
2509 1835 2589 1891 ita
2624 1833 2979 1901 videtur,sed
3001 1831 3191 1905 magis
3217 1828 3617 1885 inintercisam

202 1922 290 1977 καὶ
350 1921 717 1993 συνημμένην
773 1917 937 1973 οἱονεῖ
979 1921 1048 1992 τῇ
1104 1917 1460 1995 προκατάρξει
1518 1914 1867 1992 συμπλήρω-

206 2031 281 2065 σιν
329 2017 445 2080 τῆς
492 2007 831 2084 διηγήσεως.
884 2007 1062 2062 Εἰπὼν
1117 2006 1245 2084 γὰρ,
1277 2007 1361 2063 ὅτι
1395 2006 1645 2079 ἐποίησεν
1676 2009 1704 2063 6
1734 2007 1866 2069 Θεὸς

200 2102 285 2156 τὸν
329 2098 659 2174 ἄνθρωπον,
690 2096 784 2152 καὶ
820 2096 888 2152 τᾶ
918 2095 1040 2167 ἑξῆς
1098 2095 1221 2171 περὶ
1260 2100 1361 2151 τοῦ
1400 2095 1584 2167 αὐτοῦ,
1616 2095 1705 2150 καὶ
1765 2093 1863 2167 δη-

204 2189 412 2256 λώσας,
448 2187 537 2243 ὅτι
574 2185 627 2241 ἐν
659 2190 728 2261 τῇ
759 2187 981 2256 ποιήσει
1029 2189 1126 2240 τοῦ
1185 2186 1473 2262 ἀνθρώπου
1533 2184 1865 2241 συνετέλεσεν

200 2280 227 2334 ὁ
256 2278 396 2340 Θεὸς
446 2278 633 2331 πάντα
678 2276 747 2329 τὰ
796 2279 895 2329 τοῦ
948 2273 1161 2349 κόσμου
1212 2268 1366 2351 ἔργα,
1396 2280 1496 2346 τῆς
1553 2274 1719 2345 αὐτῆς
1773 2274 1865 2330 καὶ

204 2368 363 2423 πάλιν
399 2365 598 2442 ἔχεται
630 2363 756 2437 περὶ
807 2366 906 2419 τοῦ
949 2360 1238 2440 Ξνθρώπου
1290 2361 1617 2441 διηγήσεως,
1656 2385 1867 2438 συνημ-

1973 1925 2239 1996 apriore,
2295 1925 2404 1980 hac
2458 1924 2529 1980 de
2573 1940 2633 1979 re
2684 1927 3030 1995 argumento
3062 1921 3294 1989 seriem,
3344 1935 3411 1976 ac
3458 1917 3616 1974 velut

1973 2016 2355 2086 conjunctum
2379 2015 2504 2087 jam
2528 2018 2652 2069 tum
2670 2012 2960 2086 praajactis
2988 2011 3179 2082 iisque
3200 2009 3614 2081 hscrensgestaa

1974 2104 2057 2160 rei
2086 2101 2752 2177 supplementum.Dicto
2784 2102 2939 2158 enim
2980 2101 3187 2157 fecisse
3216 2098 3399 2155 Deum
3422 2097 3614 2154 homi-

1976 2209 2131 2262 nem,
2163 2198 2222 2250 et
2249 2210 2374 2265 quas
2405 2194 2479 2249 de
2512 2190 2610 2247 illo
2643 2194 2987 2262 sequuntur,
3019 2193 3376 2260 ostensoque
3417 2184 3616 2242 absol-

1974 2281 2127 2339 visse
2155 2283 2340 2339 Deum
2376 2280 2633 2338 hominis
2664 2277 3268 2351 creatione,quidquid
3297 2281 3389 2333 est
3411 2272 3618 2331 mundi

1975 2388 2240 2444 cperum,
2274 2371 2462 2427 eidem
2495 2385 2730 2442 quoque
2761 2386 2968 2425 rursus
2997 2369 3068 2424 de
3131 2365 3369 2423 homine
3410 2379 3617 2420 narra-

210 2458 376 2529 μένως
428 2456 526 2509 καὶ
578 2447 1039 2526 ἁμεσολαϐήτως,
1071 2451 1501 2528 ἐπεργαζόμενος
1556 2452 1723 2509 οἱονεὶ
1774 2452 1864 2508 καὶ

1983 2459 2136 2529 tioni,
2170 2461 2383 2532 juncta
2403 2476 2581 2532 opera
2612 2457 3068 2529 immediateque
3099 2453 3410 2521 incumbit,
3436 2451 3623 2510 veluti

205 2542 568 2620 λεπτολογῶν
595 2542 691 2597 τὸν
746 2542 949 2617 τρόπον
1006 2547 1106 2613 τῆς
1156 2541 1351 2597 τούτοτ
1380 2544 1673 2614 ποιήσεως.
1706 2546 1864 2617 Πρῶ-

207 2656 292 2689 τον
358 2634 456 2707 μὲν
514 2631 620 2707 γὰρ
680 2632 822 2686 εἶπεν
878 2629 1111 2694 ἀπλῶςο
1163 2630 1446 2702 Ἐποίησεν
1501 2632 1529 2686 6
1588 2632 1718 2694 Θεὸς
1775 2632 1868 2687 τὸν

1975 2548 2342 2606 enucleatius
2370 2548 2699 2605 edisserens
2740 2548 3097 2619 tradensque
3153 2543 3435 2602 subtilius
3491 2542 3621 2613 ejus

1976 2639 2218 2695 modum
2249 2637 2584 2694 creationis.
2614 2635 2760 2692 Nam
2802 2635 3061 2708 primum
3101 2633 3339 2706 quidem
3373 2633 3618 2701 dixerat,

210 2721 498 2797 ἄνθρωπον
536 2742 552 2755 ο
609 2718 727 2774 νυνὶ
780 2716 837 2774 δὶ
892 2719 1219 2795 προστίθησι
1291 2719 1383 2775 καὶ
1439 2723 1558 2783 πῶς
1618 2718 1863 2791 ἐποίησε,

1983 2730 2122 2784 Fecit
2149 2729 2288 2784 Deus
2314 2727 2590 2784 hominem
2624 2744 2639 2795 ;
2674 2741 2831 2780 nunc
2859 2741 2988 2781 vero
3012 2723 3426 2795 adjungit,quo
3444 2720 3623 2777 etiam

211 2815 357 2887 χοῦν
387 2804 577 2864 λαϐὼν
607 2808 715 2863 ἀπὸ
743 2815 846 2878 τῆς
891 2815 1018 2882 γῆς.
1049 2809 1214 2866 ’Ὁταν
1263 2807 1353 2864 οὖν
1412 2809 1643 2885 ἀκούσῃς
1703 2815 1865 2887 χοῦν,

214 2897 494 2956 παιδεύσῃ
525 2902 953 2975 μετριοφρονεῖνσ
991 2899 1066 2970 μὴ
1098 2896 1220 2953 οἴου
1271 2896 1483 2974 μεγάλα
1529 2899 1653 2976 περῖ
1710 2892 1866 2955 σεαυ-

214 2994 329 3045 τοῦ.
383 2991 550 3042 c01m
597 2981 995 3062 προσϐάλλωσί
1051 3007 1134 3041 σοι
1191 2986 1499 3063 λογισμοὶ,
1558 2988 1869 3064 ἐπαίροντες

216 3080 315 3148 τὴν
370 3077 473 3146 σὴν
534 3073 782 3153 καρδίαν,
812 3076 903 3130 καὶ
957 3072 1113 3146 δίκην
1169 3074 1482 3154 φλεγμονῆς
1540 3075 1869 3149 ἑξοιδοῦντες

212 3167 284 3228 εἷς
310 3163 658 3236 κενοδοξίαν,
690 3164 725 3234 ἢ
758 3163 819 3219 εκ
844 3163 1023 3239 τύχης
1054 3161 1263 3235 ἁπλῶς,
1294 3165 1331 3236 ἢ
1370 3166 1459 3221 καὶ
1518 3167 1623 3222 ἀπὸ
1681 3188 1870 3244 προτε-

1976 2818 2149 2874 modo
2190 2816 2410 2884 iecerit,
2440 2819 2675 2887 sumpto
2707 2830 2737 2871 θ
2770 2821 2919 2870 terra
2951 2812 3205 2885 pulvere.
3238 2815 3384 2867 Cum
3422 2810 3619 2881 itaque

1977 2906 2274 2978 pulverem
2307 2903 2587 2971 audieris,
2622 2903 2783 2960 disce
2805 2901 3056 2957 modesti
3103 2916 3344 2956 sensum
3395 2896 3617 2966 animi;

1978 2994 2095 3051 noli
2138 2995 2211 3050 de
2256 2999 2314 3050 te
2345 3009 2558 3065 magna
2599 3006 2975 3063 praesumere.
3001 2989 3057 3044 Si
3085 2987 3431 3044 incesserint
3457 2985 3616 3057 cogi-

1978 3083 2229 3141 tationes
2259 3100 2384 3155 qum
2415 3081 2681 3138 animum
2709 3081 2968 3150 etl‘erant,
2987 3094 3054 3134 ac
3077 3076 3621 3134 velutinﬂammato

1981 3174 2255 3248 putrique
2286 3171 2476 3228 ulcere
2506 3170 2702 3226 inanis
2730 3168 2925 3242 gloriae
2956 3172 3260 3232 tumorem,
3288 3165 3378 3222 vel
3408 3182 3478 3221 ex
3508 3164 3623 3219 for-

213 3256 478 3331 ρημὲτων
541 3253 633 3309 καὶ
707 3236 1147 3328 κατορθωμάτων
1196 3258 1355 3310 τινῶν
1383 3298 1397 3324 ,
1457 3236 1868 3332 ἀντεισαχὸητω

1983 3236 2127 3319 tuna
2158 3236 2477 3329 -absolute,
2509 3259 2597 3315 vel
2628 3276 2697 3315 ex
2732 3236 2878 3314 aliis
2928 3256 3191 3330 pteclaris
3246 3254 3484 3311 dotibus
3558 3268 3626 3309 ac

212 3367 295 3401 σοι
325 3342 574 3422 παρευθῦ
604 3345 640 3410 ἢ
675 3349 774 3412 τῆς
804 3339 1058 3405 πλάσεως
1098 3363 1197 3398 σου
1248 3343 1573 3418 ὑπόμνησις,
1604 3346 1691 3400 καὶ
1749 3344 1869 3399 σύν-

209 3456 282 3503 ες,
310 3437 470 3495 ὅπως
522 3429 797 3503 ἒκτίσθης,
843 3430 934 3486 καὶ
974 3431 1048 3493 ὡς
1101 3435 1239 3507 χοῦς
1283 3433 1334 3487 εἶ
1353 3433 1416 3488 τὸ
1447 3432 1598 3503 ὅλον,
1630 3433 1720 3489 καὶ
1773 3440 1872 3503 τῆς

217 3524 318 3579 ὑπὸ
348 3527 452 3577 σοῦ
497 3520 849 3595 πατουμένης
876 3525 979 3597 γῆς
1025 3519 1493 3597 ἆπογὲννημαοεῖ
1537 3544 1589 3578 τι
1640 3526 1766 3599 γοῦν
1818 3521 1870 3576 ἐν

217 3613 354 3686 οὔτῇ
414 3608 631 3686 διάγων
691 3606 951 3677 ἐκτελεῖς,
1005 3606 1100 3663 κᾶν
1180 3609 1339 3684 μέγα,
1389 3609 1483 3666 κᾶν
1549 3612 1763 3687 μικρὸν,
1821 3608 1873 3681 ἐξ

219 3699 488 3776 ὁπογυίου
547 3691 696 3774 ἔχεις
752 3696 815 3752 τὸ
873 3695 1176 3773 ὑπόμνημα
1224 3701 1324 3768 τῆς
1354 3704 1577 3756 σεαυτοῦ
1606 3698 1875 3756 ταπεινώο

217 3811 373 3852 σεως.
408 3787 475 3844 Εἴ
510 3788 685 3862 θυμὸς
719 3784 944 3863 ἐνοχλεῖ
972 3807 1077 3857 σοι,
1107 3787 1275 3863 τυχὸν
1311 3786 1398 3843 διὰ
1425 3790 1486 3844 τὸ
1533 3786 1874 3865 ὑϐρισθῆναι,

215 3878 442 3954 tius-fui;
498 3898 561 3931 σε
619 3874 867 3939 εἰπόντος
920 3876 1090 3943 τινὸς,
1119 3876 1210 3931 καὶ
1255 3874 1502 3955 διεγείρει
1536 3899 1593 3933 σε
1620 3879 1756 3955 πρὸς
1812 3880 1875 3934 16

219 3961 571 4043 ἀνθυϐρίσαι,
603 3964 693 4019 καὶ
721 3963 1031 4040 τραχύτερα
1058 3965 1130 4019 ὧν
1174 3961 1415 4034 ⁴ἤκουσας
1468 3973 1740 4022 κατειπεῖν
1780 3971 1877 4022 τοῦ

221 4051 572 4131 ὑϐρίσαντος,
615 4051 883 4128 κατάγαγί
930 4072 1027 4107 σου
1070 4054 1135 4109 16
1186 4052 1413 4130 βλέμμα
1458 4055 1594 4129 πρὸς
1620 4057 1720 4126 τήν
1750 4063 1876 4133 γῆν,

217 4144 302 4199 καὶ
346 4143 720 4216 ἐνθυμήθητι,
755 4141 873 4206 ὅθεν
925 4140 1224 4217 προῆλθες,
1277 4142 1368 4197 καὶ
1414 4138 1736 4201 ἀπέσϐεσται
1791 4145 1880 4201 αὖ·

214 4232 334 4288 τίκα
366 4232 397 4287 6
428 4229 609 4304 θυμός
632 4248 648 4262 ⁸
682 4231 953 4292 συνιέντος
998 4239 1213 4306 ταχέως
1262 4234 1360 4287 τοῦ
1413 4230 1704 4309 λογισμοῦ,
1738 4233 1822 4289 ὅτι
1850 4233 1878 4288 ὁ

220 4323 452 4393 amavi
506 4339 568 4373 σε
616 4317 809 4393 εἲπὼν,
843 4318 951 4395 οὐχ
999 4317 1149 4384 ὅπως
1178 4314 1365 4397 ὕϐρισε
1392 4325 1471 4394 τῷ
1530 4319 1704 4397 λόγῳ,
1737 4322 1883 4379 ἀλλὰ

226 4407 444 4483 μᾶλλον
519 4407 612 4463 καὶ
688 4406 967 4479 ἐτίμησεν.
1014 4409 1333 4484 ’Ἄνθρωπος
1387 4410 1489 4485 γὰρ
1546 4404 1797 4487 ἔμψυχος
1854 4412 1882 4467 ὁ

228 4497 495 4573 δυσγενὴς
537 4496 764 4567 ἐκεῖνος,
820 4494 918 4552 κᾶν
979 4494 1176 4560 δοῦλος
1235 4494 1319 4569 εἴη
1366 4498 1671 4575 τυγχάνων·
1706 4501 1767 4555 σὺ
1826 4499 1883 4557 δὶ

1979 3350 2295 3408 virtutibus
2324 3350 2629 3419 inducant,
2661 3345 2969 3405 confestim
2992 3350 3193 3403 contra
3224 3344 3331 3401 tibi
3363 3345 3628 3400 recurrat

1979 3446 2094 3498 tuas
2135 3438 2502 3496 formationis
2557 3436 2862 3493 memoria.
2924 3434 3186 3508 Intelligo
3242 3450 3358 3506 qua
3405 3430 3628 3488 ratione

1982 3535 2215 3588 creatus
2244 3529 2327 3585 sis
2359 3545 2373 3585 :
2407 3544 2475 3584 ac
2504 3526 2791 3600 quidquid
2814 3527 3048 3582 demum
3064 3541 3146 3593 es,
3158 3522 3453 3596 pulverem
3475 3536 3627 3588 esse,

1982 3624 2271 3690 terraeque
2319 3619 2594 3683 feturam,
2629 3632 2807 3688 quam
2846 3614 2966 3670 tuis
3007 3614 3335 3685 subjectum
3376 3609 3625 3684 pedibus

1985 3708 2313 3764 conculces.
2347 3705 2406 3762 Si
2467 3705 2610 3778 quid
2647 3704 2831 3776 igitur
2886 3703 2945 3759 in
2991 3719 3060 3759 ea
3114 3703 3333 3775 degens
3385 3702 3626 3772 praestas

1986 3797 2200 3869 operis,
2239 3794 2324 3851 vel
2365 3811 2669 3867 magnum,
2719 3792 2806 3849 vel
2863 3791 3159 3865 exiguum,
3213 3790 3273 3846 in
3323 3788 3624 3862 procinctu

1956 3893 2077 3943 .est
2107 3885 2348 3941 vilitatis
2380 3889 2492 3939 tuae
2522 3882 2986 3953 abjectionisque
3029 3883 3502 3936 monumentum.
3534 3880 3628 3930 Ira

1988 3974 2038 4032 si
2070 3973 2315 4030 molesta
2337 3971 2581 4044 ingruit,
2614 3970 2759 4026 forte
2790 3971 2946 4042 quod
2978 3968 3227 4025 violatus
3284 3965 3501 4037 injuria
3521 3964 3630 4033 sis,

1989 4065 2141 4136 quod
2166 4062 2405 4135 quidam
2438 4058 2755 4132 ignobilem
2788 4058 3037 4114 dixerit:
3064 4062 3241 4128 atque
3274 4059 3339 4111 ut
3369 4052 3627 4110 vicissim

1990 4152 2267 4225 injuriam
2288 4166 2535 4222 reponas
2557 4146 3252 4219 concitat,asperioraque
3274 4142 3631 4215 obloquaris,

1991 4258 2170 4314 quam
2195 4240 2292 4295 ille
2341 4237 2691 4309 injuriarum
2715 4236 3068 4310 procacitate
3106 4233 3397 4302 effuderit,
3436 4229 3636 4289 oculos

1991 4329 2340 4401 vultumque
2370 4329 2526 4384 844
2547 4325 2606 4380 in
2639 4330 2854 4382 terram
2887 4324 3091 4396 dejice,
3112 4328 3282 4396 atque
3312 4321 3511 4379 animo
3542 4334 3635 4377 re-

1993 4424 2135 4491 puta
2164 4417 2319 4473 unde
2349 4413 2725 4488 processeris,
2760 4430 3008 4484 moxque
3064 4412 3151 4467 ira
3181 4412 3459 4484 furorque
3506 4427 3636 4466 exs-

1993 4509 2244 4564 tinctum
2276 4505 2420 4572 ibit;
2454 4521 2589 4561 cum
2620 4509 2814 4559 tecum
2844 4504 2971 4575 ipse
2991 4502 3301 4558 confestim
3319 4500 3637 4574 intelligas,

226 4589 331 4642 επό
360 4591 463 4652 τῆς
490 4585 715 4662 ἀψύχου
745 4585 836 4641 καὶ
869 4587 1194 4658 ἂναισθήτου
1251 4595 1357 4663 γῆς
1413 4589 1614 4664 κυρίως
1653 4591 1743 4646 καὶ
1793 4612 1872 4668 γε·

1993 4612 2128 4652 eum
2161 4594 2261 4666 qui
2290 4592 2612 4666 ignobilem
2652 4590 2818 4660 dixit,
2843 4608 2958 4646 non
2991 4605 3179 4662 usque
3203 4590 3348 4646 adeo
3370 4605 3640 4646 sermone

225 4678 484 4753 γεννησαι
544 4676 636 4731 καὶ
692 4676 1173 4752 ὗπάρχεις.Ὤστε
1229 4676 1338 4753 οὐχ
1393 4672 1549 4754 ὕϐρις
1574 4678 1637 4735 16
1689 4678 1882 4758 λεχθὲν

227 4765 365 4820 mi
389 4768 513 4834 σοῦ,
549 4763 696 4819 ἀλλὰ
724 4762 895 4820 πλέον
918 4766 1080 4839 τιμή.

1997 4683 2276 4757 injuriam
2308 4681 2538 4747 fecisse,
2554 4681 2692 4753 quin
2707 4679 3092 4752 potiusetiam
3112 4679 3331 4736 honore
3347 4679 3635 4734 affecisse.

1996 4773 2222 4831 Etenim
2239 4770 2511 4844 ignobilis
2528 4770 2625 4826 ille
2636 4785 2784 4841 eque
2798 4769 2998 4842 populi
3014 4769 3352 4838 fasce,homo
3366 4767 3572 4840 est,vel
3588 4766 3640 4824 si

233 4870 445 4912 servus
475 4853 767 4911 exstiterit
798 4872 815 4925 ;
839 4861 903 4912 tu
932 4871 1066 4912 vero
1095 4872 1165 4912 ex
1191 4855 1440 4914 inanimi
1471 4860 1752 4933 omnique
1782 4864 2066 4922 destituta
2092 4878 2270 4919 sensu
2300 4876 2431 4916 vere
2454 4864 2608 4917 terra
2628 4863 2756 4916 tum
2788 4865 3123 4931 procreatus
3149 4861 3368 4929 es,tum
3397 4860 3642 4925 es.Qua-

227 4950 470 5018 propter
500 4944 733 5029 quodin
762 4949 821 5001 te
849 4945 1070 5002 dictum
1102 4949 1211 5015 est,
1244 4963 1360 5002 non
1400 4946 1637 5023 injuria,
1671 4953 1773 5008 sed
1804 4955 1995 5029 magis
2021 4954 2209 5011 honor
2237 4954 2344 5008 est.

298 5033 395 5091 H.
428 5026 606 5088 Πάλιν
639 5031 768 5087 ὅταν
792 5030 1053 5106 ἐπιθυμία
1088 5053 1171 5095 τις
1202 5034 1435 5110 σαρκική
1489 5039 1734 5115 κρατήσῃ
1797 5061 1872 5096 σοι

2077 5043 2160 5098 11.
2187 5039 2412 5096 Rursus
2445 5038 2544 5095 ubi
2596 5036 2851 5095 carnalis
2882 5036 3003 5094 ulla
3049 5037 3343 5110 cupiditas
3372 5037 3459 5095 tui
3488 5055 3651 5096 com-

232 5127 335 5191 τῆς
368 5117 632 5184 διανοίας.
662 5120 751 5177 καὶ
784 5120 945 5197 πείθῃ
984 5119 1211 5195 μελετῷ
1241 5122 1305 5178 16
1340 5126 1442 5189 τῆς
1488 5122 1713 5200 ὀρέξεως
1760 5129 1872 5185 ἀπο

2013 5131 2293 5206 postacta
2324 5127 2495 5184 fuerit
2526 5127 2730 5194 animi,
2764 5127 3146 5200 suadentque,
3181 5131 3243 5184 ut
3282 5128 3452 5199 cujus
3500 5127 3655 5186 desi-

233 5210 506 5285 τελεσμα,
558 5208 661 5285 ὅρα
710 5208 929 5287 ταχίως
983 5208 1066 5266 ἐπὶ
1121 5213 1221 5282 τήν
1277 5218 1411 5289 γῆν.
1472 5215 1761 5289 Μνήσθητι
1818 5217 1872 5273 6'1

2014 5220 2174 5276 derio
2206 5217 2647 5289 teneris,reipsa
2675 5216 2985 5283 efﬁcias,in
3018 5222 3234 5273 terram
3268 5216 3469 5274 statim
3499 5222 3657 5275 verte

234 5298 419 5375 ὥσπερ
481 5297 542 5354 ἐκ
589 5299 793 5370 ταύτης
844 5298 1121 5371 προῆλθες
1148 5347 1163 5372 ,
1207 5300 1352 5357 οὕτω
1406 5303 1497 5359 καὶ
1568 5304 1646 5368 εἰς
1698 5306 1867 5379 ταύτη

2013 5309 2237 5366 oculos.
2280 5305 2615 5363 Memineris
2646 5321 2765 5378 qua
2795 5305 3019 5362 ratione
3065 5322 3135 5362 ex
3160 5306 3260 5363 illa
3289 5306 3653 5379 processisti,

241 5389 362 5463 μετ’
385 5386 449 5444 o6
480 5387 627 5445 πολὺ
654 5387 996 5466 ἆναλυθήσῃ·
1024 5390 1116 5445 καὶ
1173 5390 1242 5447 τὰ
1286 5396 1379 5447 νῦν
1431 5392 1698 5472 σφόζοντα
1732 5394 1872 5472 μέλη

2014 5397 2217 5455 eadem
2246 5396 2376 5469 ipsa
2395 5394 2456 5451 in
2469 5411 2595 5452 eam
2617 5394 2774 5452 haud
2799 5394 2986 5451 multo
3015 5399 3149 5469 post
3167 5399 3224 5452 te
3242 5395 3655 5454 resolvendum

241 5477 336 5533 καὶ
364 5479 402 5549 ἡ
432 5475 640 5556 ἄλογος
672 5477 957 5555 ἰπιθυμία,
986 5480 1075 5536 καὶ
1126 5479 1159 5536 ὖ
1203 5478 1578 5559 γαργαλισμὸς
1621 5491 1723 5558 τῆς
1772 5505 1871 5564 cap

2014 5501 2183 5557 esse;
2214 5502 2282 5544 ac
2329 5501 2456 5558 quis
2488 5500 2645 5542 nunc
2673 5483 2949 5558 pruriunt
2980 5485 3261 5558 membra,
3302 5485 3659 5555 brutamque

312 5692 363 5731 ⁸⁸
386 5695 533 5755 Gen.
552 5710 619 5768 ιι,
646 5696 706 5756 7.
