4134 6212
281 309 359 364 57
1281 306 1385 368 DE
1427 307 1752 368 HOMINIS
1797 308 2263 370 STRUCTURA
2313 308 2602 370 ORATIO
2645 309 2723 369 ll.
3627 303 3706 363 58

282 438 468 493 ἐκεῖνα
496 439 562 492 τὰ
592 459 930 514 πρωτοτυπα
961 435 1068 510 ἤθη
1099 442 1195 493 τοῦ
1240 438 1555 515 ἀνθρώπου,
1589 442 1622 508 ἡ
1685 437 1950 515 δημιουρ-

2076 443 2276 499 matio:
2310 445 2408 497 sed
2446 444 2634 514 ipsam
2669 443 2913 514 primam
2949 457 3014 496 ac
3036 439 3423 512 exemplarem
3448 437 3704 494 hominis

286 530 426 602 γική
484 527 724 604 ἐνέργεια
784 527 871 582 ἐπὶ
905 528 966 582 τὸ
1001 529 1163 604 βάθος
1197 530 1520 604 γωρήσασα,
1546 526 1704 588 ,ἔνδον
1760 525 1958 582 ἕκαστα

291 616 672 693 διωργάνωσε,
705 617 936 673 πολλῶν
989 620 1072 673 καὶ
1116 616 1476 674 παντοδαπῶν
1533 620 1622 674 καὶ
1682 617 1954 695 διαφόρων

293 713 488 771 παθῶν
548 709 635 762 καὶ
695 705 933 782 γνωμῶν
987 707 1060 769 εἷς
1109 707 1302 763 ταύτόν
1336 708 1476 781 μίξιν
1509 710 1600 763 καὶ
1659 708 1954 783 σύγκρασιν

299 798 482 874 ἀκαρῆ
539 797 903 852 ἐκτελέσαι-ιτα.
961 795 1085 854 Εἴθε
1140 818 1232 868 μοι
1289 802 1550 852 τοσοῦτον
1596 797 1808 872 σχολῆς
1847 800 1946 871 (a),

305 887 449 941 ὥστε
497 887 631 941 κατὰ
685 885 879 941 λεπτὸν
934 887 1024 940 καὶ
1083 881 1653 962 ἀκριϐολογουμένως,
1679 883 1956 954 ὑποδεῖξαί

314 996 400 1029 σοι
454 976 554 1044 τήν
607 979 700 1028 τοῦ
757 975 1050 1049 ἀνθρώπου
1109 978 1465 1045 κατασκευήν
1497 972 1691 1048 ἔμαθες
1740 975 1840 1050 γὰρ
1896 973 1955 1027 ἂν

315 1063 422 1118 ἀπὸ
453 1067 670 1118 σεαυτοῦ
701 1065 801 1132 τήν
829 1064 954 1138 περὶ
991 1063 1046 1118 σὲ
1088 1063 1276 1142 σοφίαν
1321 1069 1419 1119 τοῦ
1481 1068 1613 1119 Θεοῦ
1662 1064 1751 1118 καὶ
1812 1063 1957 1117 οἰκο-

314 1153 522 1226 νομίαν.
557 1158 641 1225 Τῷ
701 1148 816 1207 ὄντι
862 1154 964 1229 γὰρ
1016 1154 1206 1228 μικρὸς
1257 1150 1553 1227 διάκοσμός
1598 1152 1739 1207 ἐστιν
1790 1154 1816 1206 ὁ
1867 1150 1960 1206 ἄν·

308 1255 542 1316 θρωπος,
576 1243 667 1296 καὶ
701 1241 877 1318 ὀρθῶς
949 1241 1338 1319 ἐστοχάσαντο,
1373 1243 1423 1296 οἱ
1483 1242 1662 1314 τούτῳ
1710 1247 1790 1314 τῷ
1845 1239 1964 1294 ὀνό-

309 1353 434 1404 ματι
497 1331 664 1385 αὐτὸν
722 1331 1204 1405 ἀποσεμνύναντες.
1261 1333 1427 1386 Πόσαι
1485 1332 1756 1406 γοῦν,καὶ
1814 1331 1959 1404 παρᾶ

304 1421 491 1475 πόσων
556 1419 618 1475 ἐκ
668 1417 909 1475 παλαιοῦ
960 1420 1082 1494 περί
1123 1421 1185 1474 τὸ
1218 1421 1521 1493 θαυμαστὸν
1547 1425 1706 1474 τοῦτο
1735 1418 1962 1491 πλάσμα

299 1515 684 1585 πραγματεῖαι
756 1507 1255 1580 καταναλώθησανῐ
1311 1511 1365 1564 αἱ
1425 1507 1766 1588 φυσιολογίαι
1851 1512 1958 1562 τῶν

302 1599 655 1678 φιλοσόφων,
689 1601 742 1653 αἲ
770 1597 1128 1674 τεχνολογίαι
1157 1604 1264 1654 τῶν
1318 1597 1540 1675 ἰατρῶν,
1599 1602 1704 1653 τῶν
1755 1617 1960 1672 γυμνα-

301 1693 445 1743 στῶν
500 1690 556 1742 αἱ
614 1690 1042 1762 παρατηρήσεις,
1095 1689 1148 1742 αἱ
1195 1686 1320 1762 περὲ
1380 1687 1780 1762 ἀναλογίας,αἱ
1838 1684 1960 1761 περὶ

296 1784 402 1846 τῆς
461 1782 572 1831 τῶν
638 1775 820 1850 μελῶν
875 1776 1010 1849 πρὸς
1055 1775 1278 1847 ἄλληλα
1327 1777 1682 1851 συμμετρίας,
1726 1776 1779 1830 αἱ
1838 1774 1960 1846 περὶ
1993 1817 2038 1879 Β

1098 1869 1262 1920 ταῦτα
1315 1865 1490 1920 πάντα
1538 1865 1662 1934 περὶ
1719 1865 1818 1932 τήν
1862 1867 1959 1917 τοῦ

306 1955 602 2031 ἀνθρώπου
643 1951 934 2009 διάπλασιν
987 1955 1407 2030 συνεισέρχεται.
1461 1954 1562 2011 Καὶ
1616 1949 1780 2017 πόθεν
1834 1951 1959 2024 ἐμοὶ

224 2110 231 2116 ,
305 2043 478 2119 λόγος
532 2048 815 2115 τοσοῦτος,
853 2043 990 2098 ὥστε
1031 2041 1324 2114 δυνηθῆναι
1382 2043 1552 2098 εἰπεῖν
1613 2042 1748 2116 μετὰ
1805 2042 1961 2116 ἀκρι-

304 1866 566 1939 σώματος
625 1863 995 1939 πολυσαρκίας
1029 1886 1040 1898 ·

312 2130 486 2204 ϐείας,
520 2134 618 2189 ὅσα
649 2134 700 2189 ἐν
755 2139 854 2207 μιᾷ
901 2139 1054 2212 φωνῇ
1112 2139 1208 2189 τοῦ
1252 2131 1483 2190 ἔπλασεν
1544 2134 1958 2210 ἐμπεριέχεταη

304 2226 378 2279 Ti
437 2223 618 2296 μέντοι
684 2223 976 2300 πρόχειαα,
1010 2226 1105 2279 κᾶν
1168 2223 1276 2298 ἑγὼ
1338 2225 1412 2298 μὴ
1466 2223 1634 2299 λέγω,
1668 2222 1731 2277 σὺ
1790 2219 1958 2284 οἶδας.

308 2312 553 2368 Ἐπλασέ
584 2335 643 2368 σε
671 2313 774 2387 γὰρ
808 2313 836 2367 ὁ
862 2314 1012 2378 Θεὸς,
1057 2315 1130 2375 ὡς
1183 2315 1330 2389 ὁρᾷς,
1364 2309 1572 2388 ὄρθιον,
1615 2312 1702 2368 καὶ
1759 2311 1960 2381 ταύτην

313 2423 395 2456 σοι
426 2404 528 2471 τὴν
565 2399 853 2456 διάπλασιν
888 2401 1156 2479 ἐξαίρετον
1207 2401 1407 2458 δέδωκε
1462 2403 1608 2478 παρὰ
1671 2403 1738 2456 τὰ
1795 2401 1967 2456 λοιπά

310 2493 481 2546 πάντα
573 2495 713 2560 ζῶα,
776 2491 872 2545 Διά
958 2490 1049 2560 τίς
1101 2489 1288 2562 ἐπειδή
1370 2491 1631 2568 ἐξαίρετόν
1721 2511 1804 2545 σοι
1874 2490 1966 2544 καὶ

308 2582 404 2649 τὴν
455 2579 828 2658 ὀφειλομένην
884 2580 974 2635 καὶ
1035 2579 1326 2657 ἀναγκαίαν
1382 2580 1645 2655 ἐνέργειαν
1698 2600 1966 2656 προσεπι-

313 2666 496 2723 δοῦναι
530 2666 760 2742 ἔμελλε.

2066 530 2321 586 indolem
2347 532 2579 586 creandi
2604 533 2686 586 vis
2719 532 2787 586 ad
2824 531 3093 600 imaipsa
3125 526 3707 601 pervadens,singula
3741 599 3744 604 _

2062 620 2220 674 intus
2260 620 2526 676 articulis
2558 621 2907 690 organisque
2940 619 3226 683 distinxit,
3249 618 3466 688 quibus
3489 615 3703 669 multo-

2068 726 2197 764 rum
2248 711 2559 780 omnisque
2606 710 2834 781 generis
2869 726 2933 763 ac
2979 709 3341 762 diversorum
3397 706 3705 760 affectuum

2067 814 2472 868 sensuumque
2492 799 2546 851 in
2565 799 2716 852 idem
2733 797 2927 852 mistio
2943 796 3400 868 temperatioque
3414 798 3707 850 momento

2067 888 2324 943 emersit.
2357 890 2542 958 Atque
2558 887 2780 942 utinam
2813 891 3040 941 tantum
3061 885 3203 939 mihi
3232 889 3564 956 suppeteret
3586 882 3708 952 otii,

2069 982 2132 1030 ut
2157 975 2362 1032 subtili
2394 993 2460 1030 ac
2490 981 2763 1030 accurata
2793 974 3184 1046 disputatione
3216 974 3474 1028 hominis
3511 973 3712 1026 liceret

2069 1066 2347 1121 fabricam
2373 1064 2940 1119 submonstrare.Dei
2963 1070 3115 1117 certe
3136 1079 3271 1131 erga
3285 1068 3339 1116 te
3361 1061 3708 1132 sapientiam

2069 1171 2382 1224 rarumque
2408 1154 2716 1208 consilium
2749 1170 2815 1206 ex
2845 1158 2899 1206 te
2929 1152 3053 1222 ipse
3093 1150 3478 1205 condisceres.
3530 1148 3709 1203 Plane

2068 1243 2224 1298 enim
2256 1243 2431 1296 homo
2463 1243 2655 1296 minor
2684 1242 2941 1295 mundus
2974 1257 3038 1294 ac
3069 1244 3310 1293 ornatus
3340 1243 3450 1302 est,
3519 1243 3706 1291 recta-

2070 1349 2178 1402 que
2210 1331 2369 1385 ducti
2402 1332 2731 1401 conjectura
2761 1334 2920 1396 sunt,
2958 1328 3052 1399 qui
3078 1328 3183 1383 hoc
3220 1327 3414 1398 ipsum
3467 1327 3704 1380 nomine

2069 1422 2475 1476 honestarum.
2509 1421 2688 1483 Quam
2733 1418 2932 1473 multae
2955 1419 3169 1488 itaque,
3203 1422 3310 1471 eta
3340 1432 3514 1487 quam
3555 1413 3710 1469 mul-

2070 1508 2168 1575 tis,
2201 1511 2338 1565 olim
2368 1513 2487 1580 jam
2526 1510 2633 1563 hoc
2675 1509 2731 1561 in
2775 1507 3002 1580 negotio
3037 1507 3420 1575 mirandoque
3478 1504 3709 1574 opiﬁcio

2071 1605 2225 1654 artes
2258 1605 2388 1654 tota:
2421 1615 2653 1670 operam
2695 1597 3065 1668 impendere!
3106 1593 3399 1649 naturales
3452 1591 3712 1664 philoc-

2073 1689 2321 1761 phorum
2353 1685 2872 1751 considerationes,
2907 1685 3266 1740 medicorum
3291 1684 3436 1736 artis
3484 1680 3712 1752 disqui-

2071 1778 2336 1846 sitiones,
2395 1780 2843 1850 gymnastarum
2901 1772 3373 1837 observationes;
3434 1787 3560 1841 quae
3639 1769 3712 1824 ad

2070 1867 2396 1939 analogiam
2427 1869 2733 1938 spectant;
2768 1864 2834 1918 ad
2875 1863 3272 1917 membrorum
3296 1861 3449 1915 inter
3470 1873 3531 1914 se
3554 1865 3714 1914 certe.

2070 1954 2294 2008 ratione
2339 1956 2577 2008 modum
2627 1969 2690 2006 ac
2748 1950 3255 2022 compositionem,
3318 1949 3388 2003 ad
3451 1945 3712 2020 corporis

2071 2042 2434 2096 obesitatem.
2467 2044 2683 2096 Cuncta
2716 2039 2859 2106 haec,
2893 2041 2951 2094 in
3007 2039 3236 2094 formati
3294 2036 3548 2092 hominis
3598 2051 3713 2090 uno

2072 2132 2304 2204 agmine
2336 2131 2576 2186 veniunt
2629 2129 3176 2185 considerationem.
3245 2128 3313 2182 Et
3369 2127 3522 2180 unde
3570 2124 3711 2179 mihi

2069 2224 2231 2276 tanta
2262 2219 2486 2276 dicendi
2519 2219 2626 2284 vis,
2659 2223 2723 2273 ut
2773 2222 3042 2273 accurate
3081 2216 3224 2271 satis
3272 2214 3468 2272 omnia
3523 2212 3714 2281 eloqui

2071 2309 2317 2376 valeam,
2343 2326 2469 2380 quaa
2500 2308 2608 2363 hac
2640 2325 2756 2362 una
2793 2324 2950 2372 voce,
3006 2305 3282 2378 formavit,
3339 2320 3502 2358 sacer
3557 2319 3713 2357 com-

2073 2398 2347 2470 plectitur
2374 2397 2614 2453 textus?
2646 2401 2846 2464 Porro,
2886 2412 3012 2466 qum
3039 2397 3097 2449 in
3132 2397 3402 2465 promptu
3453 2396 3593 2447 sunt
3649 2407 3715 2446 ac

2073 2487 2285 2554 facilia,
2317 2486 2404 2541 vel
2437 2487 2484 2541 si
2517 2503 2621 2558 ego
2653 2503 2769 2540 non
2801 2485 3018 2552 dixero,
3043 2488 3100 2538 tu
3129 2500 3230 2555 per
3259 2488 3313 2536 te
3359 2482 3486 2554 ipse
3535 2479 3711 2535 nosti.

2076 2576 2365 2632 Formavit
2392 2591 2646 2646 namque
2679 2579 2733 2629 te
2769 2575 2940 2638 Deus,
2966 2578 3024 2627 ut
3045 2573 3225 2638 vides,
3251 2575 3477 2626 statura
3535 2574 3711 2636 recta,

2074 2664 2456 2736 hancquetibi
2490 2663 2846 2736 singularem
2877 2679 2994 2734 prae
3025 2661 3265 2732 reliquis
3287 2660 3564 2716 omnibus
3591 2659 3717 2715 ani-

316 2763 613 2817 mantibus
644 2762 894 2834 praebuit
915 2762 1186 2818 formam.
1220 2760 1506 2829 Quidita?
1537 2761 1693 2833 quod
1729 2760 2008 2816 nimirum
2032 2757 2393 2829 singularem
2425 2757 2601 2811 etiam
2643 2755 2898 2810 debitam
2933 2752 3438 2823 necessariamque
3485 2752 3718 2807 abunde

319 2855 446 2907 erat
472 2851 584 2906 vim
602 2851 805 2922 agendi
835 2867 1243 2907 concessurus.

394 2941 479 2994 13.
519 2939 595 2994 Τὰ
627 2939 718 3010 μὲν
754 2936 934 3013 ἄλογα
963 2939 1135 2994 πάντα
1167 2943 1279 3008 ζῶα
1331 2936 1653 3013 βοσκήματα
1701 2937 1811 2991 ἐστι
1861 2935 1964 3010 μό-

320 3047 430 3098 νον,
464 3027 553 3081 καί
585 3027 721 3102 πρὸς
755 3028 784 3082 ’ὀ
815 3028 1039 3102 πέφυκε,
1066 3028 1200 3101 πρὸς
1231 3032 1390 3081 τοῦτο
1434 3025 1550 3102 ἔχει
1588 3026 1676 3080 καὶ
1735 3025 1832 3094 τήν
1875 3045 1967 3078 κα-

316 3119 605 3186 τασκευήν
638 3116 827 3171 ὁποῖόν
859 3115 1084 3171 ἐστικαὶ
1129 3118 1190 3171 τὸ
1239 3111 1540 3192 πρόϐατον.
1579 3112 1799 3182 Ἐπειδὴ
1861 3114 1962 3188 γὰρ

317 3205 582 3279 ἰγεννήθη
645 3204 922 3278 νέμεσθαι,
953 3205 1100 3259 κάτω
1158 3201 1272 3280 ἔχει
1321 3204 1671 3259 συννεύουσαν
1720 3204 1809 3258 καὶ
1865 3204 1962 3271 τὴν

313 3291 584 3371 κεφαλὴν,
619 3294 755 3348 ὥστε
811 3297 879 3367 τῇ
928 3293 1115 3370 γαστρὶ
1169 3291 1358 3368 ἐνορᾷν
1415 3293 1505 3348 καὶ
1555 3298 1672 3355 τοῖς
1731 3293 1832 3347 ὑπὸ
1867 3312 1962 3367 γα-

314 3383 505 3456 στέρα·
543 3380 706 3444 τέλος
755 3383 856 3458 γὰρ
889 3384 1073 3444 αὐτοῖς
1132 3381 1354 3454 εὐεξίας,
1386 3379 1672 3458 πλήρωσις
1735 3383 1966 3457 γαστρὸς

313 3470 400 3524 καὶ
450 3469 757 3532 ἀπόλαυσις
807 3469 1035 3542 ἡδονῆς,
1078 3471 1372 3548 Ἀνθρώπῳ
1414 3468 1471 3525 δὲ
1517 3473 1551 3540 ἡ
1615 3469 1824 3548 κεφαλῆ
1878 3469 1966 3524 ἐπὶ

311 3560 377 3613 τὰ
434 3556 548 3613 ἄνω
608 3557 659 3628 ἐξ
720 3559 884 3628 αὐτῆς
930 3563 1033 3629 τῆς
1080 3558 1331 3622 πλάσεως
1387 3555 1967 3635 ἀναδεδράμηκεν,“ίνα

311 3649 409 3716 τήν
448 3646 561 3702 ἄνω
598 3647 776 3723 βλέπῃ
809 3648 1140 3724 συγγένειαν,
1173 3648 1262 3703 καὶ
1296 3646 1608 3724 ὑψηλοτέρα
1626 3652 1734 3703 τῶν
1777 3645 1964 3701 ἄλλων

318 3736 570 3791 ἁπάντων
620 3741 716 3791 τοῦ
767 3738 1019 3810 σώματος
1072 3742 1250 3814 μερῶν
1298 3738 1612 3808 καθέστηκε.
1647 3737 1736 3805 Μὴ
1787 3736 1964 3791 τοίνυν

322 3825 609 3897 μεταποίει
635 3827 853 3881 σεαυτὸν
883 3825 959 3889 εἷς
987 3827 1051 3882 τὰ
1081 3827 1225 3902 παρὰ
1280 3827 1458 3905 φύσιν,
1496 3823 1635 3900 μηδὲ
1685 3826 1752 3881 τὰ
1805 3828 1970 3900 γήϊνα

315 3916 495 3987 κῦψας
549 3911 869 3989 περισκόπει
905 3935 918 3948 ⁸
981 3916 1124 3972 ἀλλὰ
1198 3917 1424 3990 υύράνια
1495 3913 1756 3986 διηνεκῶς
1839 3936 1966 3970 κατ-

315 4003 529 4070 όπτευε,
563 4004 654 4058 καὶ
687 4003 1028 4075 ἐνοπτρίζου,
1063 4001 1188 4069 ἔνθα
1241 4026 1338 4059 σου
1396 4005 1483 4059 καὶ
1538 4005 1602 4059 τὸ
1660 4001 1971 4076 πολίτευμα

315 4093 810 4168 προηυτρέπισται.
858 4094 1015 4150 Οὕτω
1073 4115 1156 4148 σοι
1211 4095 1273 4149 τὸ
1333 4098 1492 4167 σῶμα
1549 4091 1968 4160 διαπέπλασθαι,

314 4181 404 4236 καὶ
435 4182 500 4236 τὸ
531 4179 854 4255 διάπλασμα
885 4180 1260 4238 διδασκαλεῖόν
1295 4181 1406 4238 ἐστι
1443 4187 1537 4238 τοῦ
1583 4181 1774 4244 τὲλους
1832 4181 1969 4256 πρὸς

315 4270 344 4325 ὃ
375 4273 620 4347 γέγονας.
654 4271 727 4326 Οὐ
758 4273 860 4346 γὰρ
888 4269 979 4326 ’ἶνα
1030 4271 1116 4326 ἐπὶ
1159 4273 1259 4347 γής
1303 4271 1530 4348 σῦρηταί
1582 4293 1676 4326 σου
1733 4273 1768 4341 ἡ
1832 4271 1968 4340 ζωή,

318 4361 391 4424 ὡς
445 4365 557 4415 τῶν
609 4361 872 4435 ἑρπετῶν,
925 4361 1354 4432 κατεσκεὸάσθης
1427 4357 1642 4436 ὄρθιος,
1702 4358 1830 4415 ἀλλ’
1879 4356 1972 4412 ’ἱνα

319 4447 546 4518 οὐρανὸν
611 4447 844 4522 βλέπῃς,
903 4448 993 4502 καὶ
1050 4449 1139 4503 τὸν
1208 4447 1260 4503 ἐν
1321 4447 1468 4521 αὐτῷ
1521 4447 1668 4503 Θεόν·
1705 4444 1830 4502 οὐδὲ
1879 4444 1972 4500 ’ἕνα

316 4537 412 4605 τήν
441 4533 701 4608 κτηνώδη
738 4534 1078 4613 μεταδιώκῃς
1108 4536 1430 4608 ἀπόλαυσιν,
1449 4536 1573 4592 ἀλλ’
1597 4535 1690 4592 ἵνα
1713 4537 1810 4605 τήν
1845 4535 1970 4611 οὖρ-

320 4624 490 4693 ἀνιον,
525 4622 848 4700 ἐνδιδομὲρεῃ
884 4628 956 4700 (b)
984 4647 1068 4681 σοι
1101 4625 1333 4698 διανοίᾳ,
1368 4622 1624 4700 ὲπιτελῇς
1662 4622 1966 4682 πολιτείαν.

2146 2935 2235 2989 13.
2269 2934 2414 2988 Nam
2446 2933 2632 2987 hrutae
2661 2932 2896 3004 quidem
2941 2947 3144 2986 omnes
3176 2929 3527 2994 animantes,
3563 2929 3713 2983 dun-

2075 3028 2234 3078 taxat
2263 3022 2545 3094 pecuariae
2575 3027 2734 3089 sunt,
2766 3026 2823 3077 et
2844 3023 2911 3075 ad
2937 3021 3089 3092 quod
3126 3025 3271 3074 natae
3304 3024 3464 3084 sunt,
3495 3019 3566 3072 ad
3599 3019 3707 3072 hoc

2076 3129 2307 3184 quoque
2337 3111 2594 3182 corporis
2624 3114 2977 3165 structuram
2997 3105 3718 3179 acceperunt;cuiusm0di

2075 3201 2248 3256 etiam
2284 3201 2405 3255 ovis
2437 3216 2500 3255 ac
2520 3215 2718 3272 pecus.
2751 3199 2895 3262 Quia
2934 3198 3090 3253 enim
3122 3197 3179 3250 in
3222 3196 3330 3251 hoc
3363 3194 3597 3251 condita
3626 3198 3717 3249 est

2079 3299 2139 3344 ut
2173 3295 2340 3362 pastu
2365 3290 2536 3357 vivat,
2582 3289 2759 3344 etiam
2811 3289 2999 3359 capite
3056 3286 3220 3342 humi
3279 3286 3485 3357 vergit,
3524 3289 3588 3338 ut
3645 3283 3715 3338 ad

2077 3385 2336 3435 ventrem
2371 3395 2435 3434 ac
2459 3395 2704 3433 venerea
2777 3394 2976 3432 versos
3025 3377 3226 3431 oculos
3278 3374 3508 3429 habeat.
3561 3373 3717 3428 Finis

2076 3470 2228 3525 enim
2265 3468 2379 3523 illis
2410 3469 2572 3523 bonae
2604 3466 2990 3532 habitudinis,
3023 3465 3241 3520 ventris
3263 3463 3512 3536 cxpletio
3534 3468 3623 3519 est
3653 3479 3719 3518 ac

2078 3557 2277 3612 fruitio
2308 3557 2644 3628 voluptatis.
2679 3555 2911 3611 Homini
2942 3572 3074 3611 vero
3104 3558 3279 3626 caput
3311 3570 3377 3608 ex
3409 3553 3540 3625 ipsa
3605 3552 3719 3606 for-

2079 3647 2335 3701 matione
2365 3662 2599 3700 sursum
2633 3645 3172 3715 excurrit,utquam
3202 3645 3273 3698 ad
3305 3659 3559 3715 superna
3598 3641 3723 3695 affi-

2077 3735 2319 3789 nitatem
2352 3734 2546 3800 habet,
2581 3732 2940 3805 conspiciat;
2972 3731 3379 3804 superiorique
3417 3731 3542 3786 loco
3585 3729 3719 3785 reli-

2078 3823 2210 3896 quis
2231 3822 2506 3877 omnibus
2537 3822 2804 3893 partibus
2831 3821 3089 3891 corporis
3120 3819 3409 3875 consistit.
3445 3818 3570 3875 Noli
3604 3819 3719 3873 ita-

2078 3927 2191 3984 que
2221 3915 2686 3966 tetransmutare
2715 3910 2772 3964 in
2805 3910 3046 3980 id,quod
3068 3914 3155 3964 est
3183 3914 3390 3980 printer
3421 3913 3715 3977 naturam,

2079 4017 2184 4056 nec
2216 4016 2312 4055 ore
2344 4015 2525 4070 prono
2551 4003 2782 4053 terrena
2811 3998 3259 4068 cirumspicias;
3311 3996 3410 4050 sed
3459 3995 3719 4051 caelestia

2075 4089 2291 4162 jugiter
2328 4093 2620 4154 contuere,
2655 4103 2718 4141 ac
2748 4085 2907 4142 velut
2935 4088 2991 4140 in
3027 4086 3264 4157 speculo
3293 4085 3520 4156 objecta
3550 4084 3716 4140 habe.

2081 4179 2179 4234 ubi
2209 4183 2263 4234 et
2295 4182 2432 4231 tuus
2464 4176 2569 4231 tibi
2604 4175 3002 4247 municipatus
3033 4175 3171 4230 olim
3207 4179 3445 4246 paratus
3487 4179 3597 4229 est.
3657 4172 3719 4227 In

2080 4268 2235 4323 hunc
2268 4266 2506 4320 modum
2539 4265 2644 4320 tibi
2684 4282 2912 4338 quoque
2953 4281 3166 4336 corpus
3190 4264 3559 4320 etformatum
3609 4267 3719 4329 est,

2080 4374 2146 4413 ac
2177 4353 2580 4427 quaprzeditus
2613 4355 2797 4410 forma
2819 4371 2902 4420 es,
2924 4355 3113 4426 gﬁnem
3153 4359 3209 4410 te
3240 4355 3409 4410 docet
3454 4353 3513 4408 in
3546 4367 3721 4425 quem

2080 4445 2350 4502 conditus
2383 4461 2462 4499 es.
2495 4444 2619 4499 Non
2643 4444 2797 4499 enim
2833 4449 2896 4499 ut
2927 4444 3090 4499 humi
3125 4444 3300 4498 vitam
3333 4443 3561 4512 trahas?
3593 4459 3720 4498 ser-

2079 4539 2322 4607 pentum
2357 4548 2538 4603 more,
2567 4537 2723 4588 recta
2771 4537 2998 4588 statura
3050 4533 3320 4588 conditus
3362 4549 3446 4602 es,
3502 4533 3604 4588 sed
3657 4533 3723 4586 ut

2080 4614 2288 4679 coelum
2321 4620 2668 4691 conspicias;
2708 4621 3013 4693 Deumque
3045 4622 3214 4692 cujus
3237 4621 3294 4676 in
3317 4637 3382 4676 eo
3405 4623 3571 4677 sedes
3592 4623 3724 4677 est?

323 4713 420 4767 Διά
467 4719 657 4783 τοῦτο,
699 4718 806 4769 Τοῦ
858 4719 1026 4786 σοφοῦ
1086 4716 1136 4769 οἱ
1196 4713 1475 4788 ὀφθαλμοὶ
1534 4714 1586 4770 ἐν
1637 4719 1706 4789 τῇ
1763 4713 1963 4790 κεφαλςῖ

2083 4727 2269 4783 neque
2300 4714 2363 4765 ut.
2394 4709 2721 4781 pecuariam
2748 4711 3122 4782 persequaris
3143 4710 3625 4782 voluptatem,sed
3659 4713 3724 4765 ut

319 4802 504 4872 αὐτοῦ,
537 4804 566 4857 ὁ
617 4803 785 4878 σοφός
839 4825 1000 4882 φησιν
1034 4803 1486 4875 Ἐκκλησιασιής.
1541 4803 1700 4866 Τίνος
1753 4801 1810 4858 δὶ
1855 4801 1972 4858 ἓνε-

318 4913 427 4963 χεν,
488 4891 552 4946 οὗ
612 4893 750 4968 περὶ,
784 4892 854 4946 τὰ
898 4893 1044 4947 κάτω
1104 4896 1200 4947 τοῦ
1259 4894 1512 4965 σώματος
1569 4892 1621 4946 οἱ
1670 4890 1969 4970 ὀφθαλμοὶ,

324 4980 448 5036 ἀλλ’
482 4981 534 5036 ἐν
665 4979 916 5060 κεφαλῆς
963 4985 1076 5038 Ἵνα
1117 4983 1185 5037 τὰ
1229 4981 1281 5036 ἐν
1329 4981 1450 5056 ὕψει
1490 4987 1912 5059 περισκοπῶσιν·
1944 4981 1972 5036 ὁ

323 5066 380 5124 δὲ
411 5069 490 5132 εἷς
520 5071 585 5125 τὰ
617 5072 803 5144 ὑψηλά
838 5072 912 5144 μή
973 5070 1215 5147 βλέπων,
1248 5069 1376 5126 ἀλλ’
1425 5071 1500 5134 εἷς
1542 5076 1608 5126 τὰ
1649 5071 1811 5146 γήϊνα
1857 5069 1974 5125 ἔπι-

323 5159 562 5228 κῦπτων,
594 5163 876 5236 κατήγαγε
907 5160 982 5222 εἷς
1013 5161 1238 5236 ὶρπετοῦ
1269 5159 1423 5238 φύσιν
1473 5160 1600 5223 τοὺς
1634 5159 1973 5238 ὀφθαλμοὺς,

323 5246 407 5303 ἐπὶ
438 5257 538 5318 τῆς
570 5257 672 5324 γῆς
705 5250 780 5313 ὡς
809 5249 985 5304 ἐκεῖνα
1015 5250 1335 5326 συρόμενος.

2082 4803 2396 4868 caelestem,
2427 4800 2655 4856 indulta
2684 4800 3018 4868 tibimente,
3052 4802 3179 4858 vitae
3211 4801 3494 4858 rationem
3536 4801 3718 4857 ineas.

2081 4893 2222 4949 Eam
2253 4891 2326 4946 ob
2358 4906 2499 4944 rem.
2523 4891 2686 4948 Oculi
2713 4892 2977 4962 sapientis
3007 4893 3064 4946 in
3085 4893 3270 4960 capite
3298 4891 3436 4964 ejus,
3496 4891 3577 4948 ait
3628 4907 3723 4947 sa-

2084 4981 2252 5055 piens
2282 4975 2659 5034 Ecclesiastes
2682 4981 2747 5034 ".
2780 4982 3069 5046 Quorsum
3109 4997 3242 5036 vero
3298 4997 3412 5036 non
3464 4980 3521 5035 in
3577 4979 3725 5035 infe-

2085 5071 2234 5126 riore
2263 5065 2385 5122 ulla
2413 5069 2672 5138 corporis
2705 5076 2887 5140 parte,
2920 5070 3020 5126 sed
3054 5071 3110 5125 in
3145 5070 3333 5143 capite
3356 5075 3495 5126 sunt
3524 5068 3675 5125 oculi
3697 5068 3725 5124 ?

2083 5159 2372 5216 Nimirum
2405 5165 2469 5216 ut
2497 5177 2564 5215 ea
2584 5158 2834 5215 lustrent
2853 5159 3052 5232 quaeio
3077 5159 3313 5215 sublimi
3343 5159 3532 5230 posita
3553 5163 3715 5214 sunt.

2089 5251 2193 5314 Qui
2228 5257 2422 5308 autem
2457 5269 2570 5307 non
2603 5251 2671 5306 ad
2707 5250 2934 5305 excelsa
2962 5250 3221 5322 respicit,
3254 5249 3352 5304 sed
3387 5250 3455 5304 ad
3498 5254 3728 5303 terrena

321 5339 675 5412 procumbit,
727 5340 800 5396 ad
859 5341 1013 5397 346
1055 5346 1391 5414 serpentum
1457 5340 1714 5398 indolem
1773 5338 1973 5396 oculos
2021 5340 2244 5412 dejicit,
2307 5340 2407 5413 qui
2456 5356 2657 5397 eorum
2703 5339 2890 5395 instar
2948 5350 3208 5394 ventrem
3269 5338 3464 5394 trahat
3536 5335 3721 5392 humi.

390 5493 436 5538 ³⁸
477 5491 669 5550 Ecclo.
701 5507 766 5562 ιι,
799 5493 888 5549 14.

392 5644 464 5717 (α)
495 5644 880 5704 Desiderato:
910 5638 995 5717 εἴη
1025 5642 1116 5703 vel
1135 5641 1371 5722 περιείη.
1404 5644 1560 5704 Enn.

2153 5645 2230 5721 (b)
2259 5639 2618 5722 Ενδιδομινῃ.
2650 5643 2800 5708 Editi
2832 5639 3184 5722 ινδεχομινῃ.
3216 5647 3376 5703 Eutr.
