4134 6212
371 317 448 375 59
1315 313 1710 375 APPENDIX
1755 316 2076 378 OPERUM
2125 317 2192 377 S.
2239 314 2518 376 BASILIl
2568 313 2840 376 MAGNl.
3700 319 3781 380 60

442 447 526 502 14.
560 447 958 518 Caputitaque
1013 446 1117 500 toti
1149 445 1374 518 corpori
1403 447 1701 518 eminens,
1753 447 2019 504 humeris
2050 452 2104 518 Α

371 537 696 601 incumbit;
729 552 842 590 non
877 535 992 590 illis
1025 535 1394 603 immersum,
1430 554 1502 593 ne
1533 538 1856 608 obtegatur,
1915 539 2016 593 sed

369 623 734 680 convenienti
759 623 1098 680 fulcimento
1129 641 1196 680 ac
1225 624 1384 680 velut
1409 627 1546 681 sede
1580 628 1835 698 quadam
1879 644 2016 700 gra-

368 715 564 782 duque
591 711 650 766 in
684 719 947 768 exstante
989 713 1208 768 cervice
1247 713 1524 770 locatum.
1569 715 1632 769 In
1683 715 1783 772 illo
1838 717 2018 771 inﬁxa

369 799 671 855 oculorum
703 800 1620 874 geminaluminaradiique.Non
1651 805 1808 860 enim
1832 822 2016 860 unum

367 889 512 944 satis
543 894 700 956 erat;
736 896 798 943 ut
819 889 867 944 si
901 890 1046 945 forte
1076 908 1212 946 casu
1249 891 1498 946 alterum
1532 893 2017 964 concideret,ejus

368 979 523 1049 quod
556 979 819 1033 immuue
851 998 882 1034 a
913 980 1043 1035 labe
1073 985 1248 1049 esset,
1285 980 1557 1036 solatium
1611 999 1724 1038 non
1765 983 2015 1039 deesset.

370 1068 654 1123 Praeterea
676 1085 808 1123 vero
841 1070 1039 1137 etiam,
1076 1071 1147 1124 ab
1179 1088 1294 1126 uno
1325 1071 1532 1126 horum
1564 1074 1856 1144 profectus
1915 1074 2016 1128 ob-

369 1162 552 1224 tutus,
585 1175 826 1228 prorsus
859 1159 1345 1228 imbecilliorest;
1377 1179 1445 1216 ex
1475 1161 1840 1232 duplicivero
1863 1164 2018 1217 fonte

373 1247 676 1301 conﬁuens
707 1248 890 1314 rivus,
914 1249 1200 1305 valentior
1228 1251 1364 1306 exit.
1397 1251 1720 1306 Procedens
1766 1269 2019 1322 namque

375 1336 652 1407 utrinque
681 1354 746 1390 ex
764 1337 942 1391 altera
973 1337 1272 1410 alteraque
1304 1357 1441 1393 nare
1464 1340 1740 1394 obtuendi
1777 1341 2013 1406 vis,tum

374 1426 454 1480 ibi
485 1427 864 1497 conquiescit,
897 1432 1140 1499 tumque
1174 1445 1289 1482 una
1321 1429 1390 1482 ad
1425 1429 1718 1484 anteriora
1770 1431 2019 1485 tendens

373 1515 565 1585 iisque
596 1515 964 1581 incumbens,
1001 1533 1154 1570 unus
1188 1517 1350 1572 alteri
1411 1518 1720 1590 copulatur
1766 1518 2018 1574 visorius

374 1605 594 1670 radius,
628 1603 786 1657 velut
817 1621 884 1658 ex
910 1604 1031 1658 rivo
1089 1605 1333 1676 duplici,
1382 1624 1450 1662 ex
1507 1613 1753 1677 utraque
1806 1608 2019 1664 visoria

374 1691 671 1757 facultate,
705 1694 874 1762 quasi
919 1711 986 1748 ex
1025 1694 1245 1766 duplici
1274 1697 1594 1766 prodeunte
1643 1697 1823 1767 fonte,
1868 1702 2021 1751 tum-

375 1797 488 1851 que
519 1780 672 1834 brevi
697 1798 881 1851 aquas
914 1784 1352 1849 commiscente,
1380 1802 1534 1841 unus
1563 1786 1857 1857 quispiam
1880 1787 2017 1842 vali-

373 1868 501 1923 dior
529 1868 785 1924 el‘ﬁcitur
815 1871 1069 1940 ﬂuvius;
1105 1875 1273 1944 cujus
1300 1875 1522 1930 scilicet
1579 1877 1769 1946 major
1822 1875 1907 1930 vis
1952 1893 2018 1932 ac

373 1958 666 2013 efﬁcacior
694 1959 791 2014 sit.
825 1960 1086 2032 Remque
1119 1967 1274 2017 certo
1307 1963 1555 2035 probant
1585 1964 1690 2018 viri
1730 1982 1922 2021 senes.
1976 1965 2019 2020 Ii

375 2064 650 2118 namque,
683 2065 810 2120 quae
842 2056 980 2104 sunt
1007 2052 1172 2106 valde
1202 2053 1867 2126 prope,haudquaquam
1897 2073 2020 2110 cer-

378 2143 718 2209 nunt;quaa
745 2154 878 2193 vero
912 2139 1082 2210 paulo
1115 2141 1187 2195 ab
1239 2142 1424 2198 oculis
1482 2144 1796 2200 remotiora
1860 2150 2019 2214 sunt,

376 2226 594 2280 clarius
625 2232 1001 2282 contueutur.
1029 2229 1249 2284 Idcirco
1283 2231 1562 2286 nimirum
1620 2234 1774 2304 quod
1813 2235 2022 2290 visorio

377 2314 539 2368 radio
562 2314 829 2370 dissectis
861 2317 1126 2388 partibus
1157 2336 1190 2372 a
1221 2319 1506 2392 principio
1551 2339 1882 2394 progresso,
1916 2325 2022 2377 im-

379 2401 635 2456 becillior
665 2404 737 2458 ab
769 2410 1016 2476 utroque
1047 2408 1291 2462 obtutus
1321 2408 1435 2464 sit:
1462 2411 1557 2464 ubi
1609 2418 1803 2466 autem
1856 2414 2028 2467 ambo

377 2491 766 2547 conﬁuxerint
788 2510 852 2547 ac
883 2495 1403 2561 coaluerint,velut
1432 2497 1743 2569 multiplici
1776 2501 2029 2571 quadam

378 2580 733 2635 exundantia
771 2588 941 2652 atque
964 2585 1152 2654 copia,
1177 2584 1462 2642 valentior
1491 2588 1899 2661 efticaciorque
1956 2592 2028 2645 ad

380 2669 802 2740 perspicienda,
838 2688 964 2743 qua:
997 2672 1056 2726 in
1089 2679 1394 2745 aspectum
1417 2679 1654 2743 cadunt,
1705 2679 2026 2752 consurgit.

379 2755 504 2811 Non
553 2774 736 2828 pauca
781 2776 913 2815 vero
960 2766 1121 2826 sunt,
1169 2763 1380 2831 quibus
1435 2766 1585 2820 oculi
1644 2768 2029 2824 incolumitati

386 2847 758 2917 prospicitur.
794 2849 1017 2904 Tunica
1040 2851 1298 2919 interior,
1335 2870 1460 2914 qua:
1493 2872 1598 2911 nec
1620 2856 1749 2928 ipsa
1789 2858 2028 2913 sufﬁcit.

383 2933 507 2989 Non
538 2936 694 2990 enim
729 2955 822 2992 res
856 2940 1076 2994 ferebat
1101 2946 1163 2994 ut
1193 2943 1450 2998 erassior
1481 2950 1843 3016 strueretur;
1886 2947 2031 3004 alio-

381 3023 479 3094 qui
510 3023 661 3079 visui
694 3026 1227 3098 incommodasset;
1264 3049 1500 3088 necesse
1529 3041 1726 3090 autem
1766 3043 1909 3105 erat,
1970 3043 2034 3093 ut

385 3113 767 3185 perspicuum
800 3115 1037 3188 leveque
1067 3126 1242 3190 esset,
1277 3124 1430 3191 quod
1466 3125 1793 3196 obtegebat.
1833 3126 2030 3182 Altera

384 3201 582 3272 itaque
632 3203 942 3274 pellucida,
1003 3206 1186 3263 altera
1242 3211 1476 3265 tenuior
1530 3215 1870 3285 rariorque;
1927 3215 2028 3271 illa

380 3290 616 3363 quidem
645 3293 1004 3364 crystallina,
1029 3295 1150 3350 haec
1191 3313 1424 3353 cornea.
1478 3299 1799 3372 Obtegendi
1849 3320 2028 3359 causa

381 3379 619 3434 obtenta
646 3380 848 3436 tunica
873 3399 940 3436 ac
971 3384 1240 3451 exterior,
1270 3386 1492 3442 ﬁrmior
1534 3395 1624 3445 est
1686 3395 1861 3461 atque
1917 3393 2027 3446 du-

383 3467 536 3535 rior;
588 3468 852 3535 interior,
913 3471 1098 3526 rarior
1137 3479 1194 3528 et
1242 3475 1496 3544 tenuior,
1550 3495 1622 3533 ne
1690 3479 2031 3537 immeantia

385 3557 695 3629 prohibeat
719 3575 732 3613 :
755 3559 927 3614 tertia
957 3578 1165 3618 rursus
1197 3564 1537 3636 crystallum
1565 3569 1840 3636 referens,
1875 3575 1939 3625 ut
1969 3571 2027 3625 in

2207 448 2292 504 14.
2324 447 2390 502 Ἠ
2423 445 2519 520 μὶν
2580 445 2672 501 οὖν
2703 444 2914 524 κεφαλή
2958 449 3054 500 τοῦ
3109 445 3245 502 ὅλου
3303 445 3554 520 σώματος
3615 448 3778 522 ὑπερ-

2125 536 2414 612 ανέχουσα,
2445 542 2562 598 τοῖς
2592 533 2768 609 ὤμοις
2821 534 3106 592 ἐπίκειται·
3142 538 3245 592 οὐκ
3300 533 3606 591 ἰνδεδυκυῖα
3660 537 3778 591 τούς

2121 647 2264 699 τοις,
2291 623 2382 681 ἵνα
2415 627 2490 700 μή
2525 624 2850 702 κρύπτηταί,
2885 625 3012 682 ἀλλ’
3041 625 3322 702 ἐρείσματι
3365 625 3659 702 ἀξιολόγῳ,
3689 626 3777 680 καὶ

2127 718 2242 770 οἷον
2277 710 2558 792 ὑποόάορᾳ
2604 714 2712 769 τινὶ
2765 719 2845 787 τῷ
2895 719 2992 768 τοῦ
3038 714 3268 791 αὐχένος
3314 715 3652 786 ἀνεστηκότι,
3685 714 3776 770 ἔπ-

2128 803 2536 877 αναπαυομένη.
2569 805 2654 858 Ἐν
2703 803 2874 878 ταύτῃ
2925 801 2981 859 δὲ
3025 809 3134 859 τῶν
3177 802 3476 882 ὀφθαλμῶν
3528 803 3777 877 έμπεπή-

2127 915 2252 968 γασι
2285 891 2504 968 δίδυμοι
2541 892 2726 969 βολαί.
2761 893 2875 951 Ούκ
2929 891 3084 969 ἤρκει
3131 893 3231 970 γὰρ
3288 895 3315 948 6
3355 897 3453 961 εἷς,
3486 891 3632 948 ἀλλὰ
3681 890 3776 948 δύο

2126 982 2432 1057 ἐγενέσθην,
2485 981 2758 1053 ἀλλήλοις
2823 983 3034 1056 βοηθώ⁸
3071 981 3165 1036 ’ἱνα
3221 984 3256 1051 ἡ
3314 986 3410 1036 τοῦ
3468 981 3586 1043 ἰνὸς
3641 981 3776 1036 κατὰ

2125 1071 2302 1147 τύχην
2359 1069 2628 1138 διάλυσις,
2658 1073 2756 1142 τὴν
2806 1076 2903 1126 τοῦ
2947 1065 3221 1132 ἀϐλαϐοῦς
3279 1071 3463 1144 ἑτέρου
3518 1091 3774 1146 παραμυ-

2126 1161 2240 1215 θίαν
2273 1157 2400 1237 ἕχῃ,
2435 1161 2531 1214 Καὶ
2565 1160 2751 1222 ἄλλως
2787 1159 2843 1215 δὲ
2871 1161 2977 1216 ἀπὸ
3009 1161 3126 1223 ἑνὸς
3170 1159 3377 1215 τούτων
3424 1161 3771 1234 προερχόμε-

2126 1273 2216 1306 νον
2268 1253 2330 1306 τὸ
2389 1251 2662 1326 ὁρατικὸν,
2705 1249 3074 1326 ἀσθενέστερον
3133 1249 3387 1311 πάντως*
3453 1248 3511 1303 ἐκ
3559 1246 3617 1302 δὲ
3675 1245 3772 1302 δύο

2126 1344 2321 1415 πηγῶν
2354 1336 2808 1413 συμϐαλλόμενος
2841 1341 2869 1394 6
2921 1337 3084 1401 ὁλκὸς
3146 1333 3502 1412 εὖτονώτερος
3545 1335 3770 1413 γίνεται.

2128 1433 2400 1504 Προϊοῦσα
2449 1429 2548 1504 γὰρ
2604 1429 2926 1505 ἑκατέρωθεν
2983 1435 3084 1498 τῆς
3136 1428 3282 1505 ῥινὸς
3333 1430 3367 1496 ἡ
3426 1424 3570 1500 ὄψις,
3630 1427 3770 1499 ὁμοῦ

2130 1518 2225 1590 μὶν
2275 1518 2770 1594 προσαναπαύεταις
2831 1519 2971 1591 ὁμοῦ
3030 1516 3087 1572 δὲ
3131 1516 3518 1594 προκύπτουσα
3569 1514 3657 1569 ἐπὶ
3705 1515 3767 1568 τὸ

2127 1603 2452 1681 ἔμπροσθεν,
2486 1608 2694 1662 ἑνοῦται
2722 1609 2756 1676 ἠ
2793 1607 2887 1681 μία
2938 1611 3007 1681 τῇ
3067 1607 3240 1682 ἑτέρᾳ,
3275 1609 3390 1661 οἷον
3444 1605 3503 1659 ἐκ
3559 1602 3654 1658 δύο
3683 1625 3769 1658 τι-

2125 1701 2231 1751 νῶν
2265 1697 2474 1773 ὀχετῶν
2501 1697 2590 1774 ἀφ’
2623 1698 2872 1772 ἑκατέρας
2903 1691 3081 1771 ὅψεως
3137 1697 3314 1771 ὥσπερ
3365 1697 3548 1771 πηγῆς
3603 1692 3768 1763 ἐξιόν-

2123 1808 2254 1854 των,
2287 1786 2377 1841 καὶ
2413 1787 2548 1859 μετὰ
2591 1784 2768 1862 βραχὺ
2805 1783 3169 1862 μιγνυμένων,
3203 1787 3282 1846 εἷς
3333 1780 3771 1854 ἀποτελούμενος

2127 1876 2398 1948 ποταμὸς,
2431 1875 2594 1930 ὁπότε
2652 1872 2718 1943 δὴ
2776 1876 2863 1929 καὶ
2925 1875 3276 1950 ἰσχυρότερος
3325 1873 3547 1948 γίνεται,
3594 1867 3766 1924 εἰτουν

2128 1964 2517 2040 ἓνεργέστερος.
2559 1963 2657 2018 Καὶ
2702 1964 2897 2019 τούτοτ
2949 1962 3244 2037 ἀπόδειξις,
3278 1963 3329 2018 οἱ
3377 1963 3624 2038 γέροντες
3667 1963 3774 2014 τῶν

2133 2053 2451 2131 ἀνθρώπων⁸
2486 2054 2538 2108 οἳ
2571 2054 2637 2108 τὰ
2692 2055 2786 2127 μέν
2837 2053 2996 2129 ἐγγὺς
3046 2055 3204 2122 πάνυ,
3237 2052 3434 2122 ἥκιστα
3488 2050 3773 2127 βλέπουσι,

2129 2144 2197 2196 τὰ
2257 2140 2313 2196 δὲ
2375 2141 2724 2218 πορρώτερον
2779 2139 3206 2214 ἀποδιϊστάμενα
3285 2144 3393 2194 τῶν
3477 2136 3774 2216 ὀφθαλμῶν

2133 2231 2513 2306 ἐναργέστερον
2572 2233 2874 2306 καθορῶσιν
2910 2249 2922 2262 ·
2984 2227 3171 2298 ἐπειδὴ
3257 2225 3602 2302 διηρημένως
3680 2225 3774 2297 μὶν

2131 2325 2228 2374 τοῦ
2287 2322 2541 2395 ὁρατικοῦ
2597 2321 2884 2394 προϊόντος
2914 2319 2965 2389 ἐξ
2993 2317 3446 2394 ὲργῆς,ἀσθενὴς
3503 2318 3538 2386 ἡ
3598 2313 3778 2369 ἑκατέ-

2137 2430 2234 2484 ρου
2293 2407 2456 2482 ὄψιςο
2521 2409 2656 2482 μετὰ
2709 2407 2766 2464 δὲ
2819 2414 2920 2478 τήν
2967 2403 3256 2480 συμϐολῆν
3312 2406 3631 2484 ἀμφοτέρων
3692 2402 3781 2458 καὶ

2131 2496 2350 2570 ἕνωσιν,
2383 2501 2497 2552 οἷον
2531 2498 2618 2552 ἐπὶ
2667 2497 3010 2573 πλημμύρας
3062 2497 3207 2558 τινὸς
3262 2492 3784 2566 πολυπλασιαζομέ-

2135 2610 2225 2658 νη,
2260 2587 2595 2662 εὐτονωτέρα
2642 2586 2844 2662 γίνεται
2899 2588 2988 2641 καὶ
3047 2584 3446 2661 δραστικωτέρα
3501 2585 3624 2658 περὶ
3683 2584 3780 2652 τήν

2136 2681 2242 2731 τῶν
2277 2677 2484 2752 ὁρατῶν
2513 2674 2805 2749 ἀνάληψιν.
2840 2676 3090 2732 Φυλακαὶ
3123 2673 3181 2730 δὲ
3210 2675 3334 2750 περὶ
3371 2675 3461 2729 τὸν
3499 2671 3782 2752 ὀφθαλμὸν

2139 2767 2242 2821 οὐκ
2297 2765 2507 2841 ὀλίγαι.
2557 2766 2729 2821 χιτὼν
2782 2765 3052 2837 ἐντεῦθεν,
3097 2765 3187 2820 καὶ
3245 2764 3344 2819 οὐκ
3398 2765 3552 2839 ἀρκεῖ
3606 2760 3784 2822 οὗτος·

2140 2854 2201 2910 οὗ
2258 2856 2359 2931 γὰρ
2423 2853 2700 2930 ἐνεδέχετο
2754 2853 2936 2930 παχὺς
2992 2854 3527 2922 κατασκευασθῆναι·
3584 2850 3618 2918 ἦ
3683 2847 3786 2923 γὰρ

2142 2941 2458 3017 ἐμπόδισμα
2488 2945 2829 3013 καθειστήκει
2866 2950 2968 3012 τῆς
3027 2939 3224 3016 ὅψεως·
3254 2937 3361 2996 ἔδει
3419 2937 3476 2994 δὲ
3534 2936 3789 3014 διαφανὲς

2137 3035 2273 3104 ,εἶναι
2305 3035 2393 3089 καὶ
2442 3031 2673 3110 ἐλαφρὸν
2728 3033 2790 3087 τὸ
2849 3031 3247 3107 προκάλυμμα,
3283 3029 3489 3086 Οὐκοῦν
3551 3029 3628 3087 εἷς
3689 3025 3784 3098 μὲν

2144 3120 2394 3196 διαυγὴς,
2429 3124 2504 3183 εἷς
2539 3119 2595 3175 δὲ
2651 3119 2858 3194 ἆραιόςσ
2894 3122 2921 3174 6
2982 3120 3076 3192 μὶν
3125 3113 3612 3194 κρυπαλλοειδής,
3645 3115 3673 3168 6
3731 3111 3791 3168 δὶ

2138 3207 2486 3284 κερατοειδής
2522 3230 2535 3242 ·
2593 3211 2618 3264 ὁ
2677 3206 3236 3285 προκεκαλυμμένος,
3297 3206 3700 3278 στερεώτερος”
3765 3203 3793 3257 ὁ

2139 3297 2375 3372 ἔνδοθεν,
2406 3297 2743 3373 ἀραιότερος,
2771 3296 2863 3352 *ίνα
2925 3298 3000 3371 μὴ
3061 3295 3252 3370 κωλύῃ
3307 3296 3404 3364 τὴν
3465 3288 3793 3368 πάροδον’δ

2135 3387 2319 3465 τρίτος
2351 3387 2516 3444 πάλιν
2543 3384 3134 3464 κριεσταλλοειδῆς,⁹ἱνα
3165 3384 3214 3441 έν
3249 3383 3395 3457 αύτῷ
3422 3385 3523 3454 τὴν
3557 3380 3786 3457 ἔμφασιν

2138 3477 2228 3532 καὶ
2257 3479 2357 3548 τὴν
2390 3474 2662 3554 διαύγειαν
2694 3476 2914 3553 ἑκάτερα
2943 3470 3072 3552 ἔχῃ.

383 3662 452 3701 ea
481 3647 665 3702 ambas
699 3647 938 3719 reliquae
967 3654 1417 3722 repraasentandi
1451 3657 1565 3710 vim
1600 3674 1665 3712 ao
1687 3660 2158 3732 perspicuitatem
2188 3662 2509 3717 obtineant.

460 3737 546 3790 15.
601 3737 894 3808 Palpebrae
949 3741 1280 3811 projectura
1337 3749 1497 3813 sunt,
1551 3746 1704 3801 oculi
1757 3749 2037 3805 nimirum

386 3825 814 3896 operimentum
832 3844 898 3882 ac
918 3829 1632 3906 umbraculum,velutque
1650 3837 2036 3893 domicilium.

391 3914 621 3970 Poterat
647 3916 884 3986 quidem
917 3924 972 3972 et
1000 3921 1240 3987 :manus
1298 3923 1604 3994 obtegere;
1657 3927 1757 3981 sed
1804 3927 2038 3983 interim

393 4004 536 4059 dum
584 4021 652 4059 ea
699 4005 1125 4078 admoveretur,
1185 4009 1339 4065 haud
1395 4029 1527 4067 raro
1580 4014 1744 4085 prius
1803 4017 2038 4071 oculum

393 4093 599 4148 obleedi
631 4096 1013 4167 contingeret.
1039 4097 1205 4154 Nunc
1233 4116 1366 4154 vero
1399 4117 1577 4173 prope
1616 4104 1842 4174 adjacet
1884 4107 2039 4176 quod

391 4185 641 4237 tueatur.
672 4187 801 4238 Mox
831 4185 987 4239 enim
1032 4202 1098 4240 ac
1155 4195 1572 4245 nocumentum
1632 4195 2038 4263 praesentiunt,

395 4271 825 4341 operimentum
849 4273 1193 4329 obtendunt.
1229 4275 1291 4329 Id
1326 4293 1578 4348 namque
1611 4279 1668 4333 in
1703 4297 1881 4336 causa
1929 4289 2038 4351 est,

397 4363 462 4413 ut
489 4357 834 4430 plerumque
866 4360 1085 4432 pupula
1114 4362 1287 4431 oculi,
1321 4364 1553 4436 iis,quae
1585 4369 1839 4424 exterius
1862 4387 2042 4426 nocu-

400 4452 665 4502 mentum
696 4447 960 4516 ali‘erant,
995 4451 1347 4508 inviolabilis
1379 4453 1474 4521 sit,
1510 4460 1573 4510 ut
1601 4473 1728 4527 quae
1768 4460 1877 4514 sub
1918 4459 2046 4532 pal-

397 4535 714 4609 pebrarum
739 4541 1076 4609 tegumento
1109 4540 1393 4597 desideat.
1420 4541 1659 4616 Unaque
1693 4546 1808 4602 fere
1829 4565 1897 4603 ex
1925 4566 2047 4604 om-

401 4624 576 4680 nibus
607 4625 867 4697 corporis
898 4627 1180 4684 membris
1210 4629 1292 4684 ita
1312 4636 1594 4703 servatur,
1619 4639 1684 4690 ut
1712 4641 2048 4693 contactum

399 4729 634 4770 omnem
654 4720 914 4786 respuat.
944 4715 1297 4778 Prominent
1335 4719 1630 4793 palpebris
1676 4729 1734 4780 et
1791 4725 2044 4797 pilorum

396 4802 689 4874 cuspides.
723 4804 872 4870 Quid
907 4804 1036 4860 ita?
1063 4810 1128 4861 ut
1154 4808 1434 4865 nimirum
1466 4813 1797 4870 accuratior
1837 4816 2045 4873 harum

398 4891 769 4964 complicatio
793 4893 891 4961 sit,
925 4895 1067 4951 dum
1098 4899 1367 4968 superior
1419 4901 1718 4974 palpebra,
1775 4905 2039 4962 inferiori

397 4995 503 5052 per
532 4981 824 5051 ejusmodi
855 4982 1005 5054 pilos
1035 4990 1338 5057 coaptatur
1367 5005 1433 5044 ac
1463 4991 1870 5048 committitur.
1897 4995 2047 5051 Sunt

401 5069 558 5124 enim
592 5069 694 5140 pili
726 5069 882 5126 velut
913 5071 1163 5143 vincula,
1199 5074 1349 5132 inter
1377 5094 1437 5134 se
1468 5081 1717 5136 conserti
1773 5098 1839 5136 ac
1886 5099 2044 5138 com-

398 5157 618 5230 plicati.
650 5161 883 5215 Accedit
916 5164 1070 5234 quod
1115 5172 1170 5219 et
1229 5166 1560 5223 minuscula
1617 5171 1893 5225 animalia
1949 5190 2045 5226 ar-

402 5252 592 5318 ceant,
627 5249 1060 5323 neclanugines
1086 5252 1317 5324 pupillis
1379 5257 1770 5329 propinquare
1827 5259 2047 5331 sinant,

401 5354 527 5408 quae
561 5337 726 5395 facile
755 5338 981 5411 injuria:
1005 5343 1256 5400 obnoxia
1284 5345 1381 5413 sit,
1417 5361 1483 5400 ac
1505 5345 1599 5402 cui
1657 5347 1902 5418 quodvis
1949 5348 2046 5404 ob-

401 5425 562 5484 vium
581 5426 775 5490 labem
804 5430 1010 5488 aﬂ'erre
1038 5437 1237 5504 queat.

473 5646 552 5719 (a)
583 5649 837 5704 Σκοπεῖν.
881 5647 1032 5720 Lege
1053 5645 1290 5704 σκᾶπειν.
1316 5649 1475 5708 Enrr.

1307 5887 1330 5900 ο

2221 3753 2305 3806 15.
2340 3742 2598 3823 Προϐολή
2629 3745 2691 3801 τὸ
2729 3744 3022 3823 βλέφαρονο
3054 3748 3215 3798 τοῦτο
3246 3743 3350 3819 γὰρ
3410 3737 3792 3817 προκάλυμμα

2145 3843 2242 3893 τοῦ
2299 3836 2586 3910 ὀφθαλμοῦ
2642 3835 2731 3889 καὶ
2791 3835 3093 3906 σκέπασμα,
3148 3833 3235 3887 καὶ
3295 3833 3407 3886 οἷον
3469 3827 3789 3901 οῗκητήριόν

2147 3925 2310 3984 ἐστιν.
2343 3923 2607 3981 Ἠδύνατο
2669 3924 2764 3997 μὶν
2822 3923 2926 3998 γὰρ
2977 3928 3196 3977 σκοπεῖν
3256 3923 3334 3995 (a)
3364 3919 3453 3975 καὶ
3485 3918 3631 3994 χείρ’
3665 3915 3793 3971 ἀλλ’

2145 4012 2250 4077 ἕως
2281 4014 2455 4085 ἐκείνη
2507 4015 2802 4088 άνήρχετο,
2836 4011 3026 4090 ἔφθανε
3073 4009 3344 4072 πολλάκις
3399 4008 3791 4082 ἀμαυρωθῆναι

2149 4105 2177 4158 6
2218 4101 2522 4178 ὀφθαλμός.
2555 4105 2664 4160 Νῦν
2721 4099 2778 4157 δὲ
2825 4101 3022 4166 ἐκεῖθεν
3071 4100 3389 4174 παράκειται
3443 4093 3790 4173 προφυλακή·

2150 4193 2291 4267 ὁμοῦ
2317 4214 2376 4247 τε
2407 4193 2510 4267 γάρ
2542 4188 2736 4266 ᾔσθετο
2784 4197 2883 4261 τῆς
2935 4184 3166 4266 βλάϐης,
3197 4187 3286 4243 καὶ
3343 4179 3679 4261 προεϐάλετο
3740 4181 3796 4237 τὸ

2148 4281 2544 4358 προκάλυμμα.
2581 4282 2677 4335 Διά
2708 4281 2810 4354 γὰρ
2860 4283 3024 4333 τοῦτο
3078 4277 3166 4332 καὶ
3197 4279 3231 4345 ἡ
3263 4276 3401 4351 κόρη
3451 4277 3547 4329 τοῦ
3597 4269 3797 4350 ὀφθαλ-

2157 4374 2262 4442 μοῦ
2296 4367 2713 4444 ἀνεπιχείρητος
2738 4367 2813 4430 ὡς
2841 4367 2905 4420 τά
2948 4364 3133 4422 πολλά
3176 4369 3295 4427 ταῖς
3339 4359 3527 4433 ἔξωθεν
3575 4361 3801 4433 ἐπερχο-

2160 4457 2345 4534 μέναις
2379 4453 2630 4534 βλάϐαις,
2665 4459 2754 4511 ἅτε
2806 4456 2908 4510 ὑπὸ
2958 4455 3407 4526 παραπετάσμασι
3463 4449 3795 4520 καθεζομένη

2152 4552 2233 4620 τῷ
2267 4547 2546 4624 βλεφάρῳ,
2577 4547 2663 4602 καὶ
2703 4544 2836 4618 μόνη
2880 4541 3074 4619 σχεδὸν
3123 4547 3229 4598 τῶν
3277 4541 3327 4596 ἐν
3387 4543 3522 4612 ἡμῖν
3581 4534 3796 4624 ⁴πάντων

2131 4704 2134 4707 _
2163 4641 2345 4710 μελῶν
2378 4623 2775 4710 διατηρουμένη
2810 4632 3100 4711 ἀνέπαφος.
3131 4624 3543 4706 Προϐέϐληνται
3598 4623 3655 4680 δὲ
3683 4629 3799 4711 τοῖς

2163 4708 2457 4804 βλεφάροις
2511 4708 2600 4779 καὶ
2649 4708 2838 4785 νάκίδες
2895 4708 3128 4798 τριχῶν.
3161 4719 3259 4774 Διᾶ
3311 4713 3522 4804 τί;’ίνα
3580 4708 3796 4791 ἀκριϐές

2159 4802 2320 4889 στέρα
2365 4814 2583 4889 γένηται
2631 4814 2667 4882 ἠ
2717 4811 2924 4866 τούτων
2980 4807 3314 4883 περιπλοκὴ,
3346 4810 3442 4861 τοῦ
3497 4802 3609 4859 ἄνω
3665 4803 3802 4878 πρὸς

2156 4904 2219 4960 τὸ
2251 4902 2395 4958 κάτω
2423 4899 2511 4956 διὰ
2538 4905 2644 4956 τῶν
2682 4899 2945 4956 τοιούτων
2995 4894 3522 4974 προσαρμοζομένου
3564 4897 3798 4970 τριχῶν.

2159 4995 2289 5049 Οἴον
2321 4991 2424 5068 γὰρ
2457 4987 2750 5064 σύνδεσμοι
2797 4991 3111 5044 καθεστᾶσιν
3169 4987 3225 5042 αἱ
3281 4985 3467 5063 τρίχες
3524 4981 3799 5053 ἀλλήλαις

2155 5077 2652 5156 περιπλεκόμεναι·
2689 5079 2821 5145 εἶτα,
2853 5076 3039 5132 καὶτὰ
3086 5073 3258 5132 λεπτὰ
3304 5079 3412 5130 τῶν
3463 5073 3617 5144 ζώων
3664 5069 3799 5147 πόρ-

2157 5168 2325 5244 ῥωοεν
2359 5168 2695 5242 ἀπείργουσι,
2726 5164 2815 5220 καί
2843 5167 2911 5220 τά
2941 5161 3162 5241 χνοώδη
3198 5165 3300 5220 οὐκ
3329 5163 3456 5219 ἐῶσι
3503 5160 3802 5232 πλησιάσαι

2153 5262 2222 5332 τῇ
2254 5259 2414 5332 κόρῃ,
2474 5255 2705 5331 ἐμπαθεῖ
2753 5252 2906 5331 οὔσῃ,
2938 5255 3029 5310 καὶ
3076 5259 3157 5328 τῷ
3205 5251 3576 5328 παρατυχόντι
3624 5249 3796 5325 ἀμαυο

2155 5347 2375 5422 ροῦσθαι
2407 5342 2696 5420 δυνομὲνῃ.
