4134 6212
307 389 376 446 61
1485 391 1587 449 DE
1632 391 2050 462 PAltADISO,
2097 393 2387 454 ORATIO
2432 393 2538 456 Ill.
3655 394 3734 453 62

386 521 472 576 16.
535 517 728 594 Ἑτέρα
789 517 846 572 δὲ
917 518 1081 576 πάλιν
1159 519 1269 574 ἐστί
1345 541 1426 582 τις
1495 519 1711 597 φυλακὴ
1772 518 2055 591 ἄνωθενΑ

313 607 633 682 ἐπικειμένη
711 608 954 684 ἑκατέρῳ
1022 613 1128 663 τῶν
1191 609 1493 687 ὀφθαλμῶν
1551 607 1638 664 διὰ
1694 614 1799 665 τῶν
1857 632 1972 686 τρι-

317 703 441 773 χῶν
479 741 494 766 ,
572 698 711 770 δμοῦ
785 697 881 770 μὲν
939 701 1012 771 τῇ
1069 701 1376 776 περιγραφῇ
1437 699 1754 772 εὐπρέπειαν
1816 719 1974 775 χαρι-

323 787 556 859 ζομένη,
613 787 748 858 ὁμοῦ
809 784 867 840 δὲ
925 787 1015 842 καὶ
1070 787 1172 855 τήν
1233 786 1524 866 ἀσφάλειαν
1582 790 1970 864 παραχομένη·

324 875 452 944 ἥτις
514 874 648 930 ἐστιν
701 877 734 944 ἡ
797 874 972 951 ὀφρὺς
1007 919 1020 944 ,
1082 876 1280 931 ἄνωθεν
1349 872 1779 952 προϐεϐλημένη
1819 921 1832 945 ,
1886 876 1974 932 ’ίνα

326 964 626 1038 κατευθῦνῃ
683 964 742 1018 τὸ
802 964 1077 1039 ὁρατικόν.
1141 966 1234 1020 Καὶ
1267 966 1464 1020 τούτου
1521 965 1814 1039 ἀπόδειξις,
1847 966 1970 1020 ὅταν

335 1053 613 1129 βουληθῇς
642 1052 921 1129 πόρρωθέν
970 1076 1022 1109 τι
1080 1060 1528 1128 κατασκοπεῦσαι,
1577 1055 1665 1111 καὶ
1719 1054 1976 1118 κοιλάνας

330 1144 428 1210 τήν
463 1149 638 1217 χεῖρα,
670 1143 989 1219 ὑπερτείνῃς
1034 1148 1141 1198 τῶν
1190 1143 1429 1220 ὀφρύων.
1483 1145 1574 1207 Εἷς
1604 1145 1656 1199 τί
1681 1146 1781 1222 γὰρ
1814 1145 1974 1200 τοῦτο

329 1238 502 1293 ποιεῖς
528 1250 541 1299 ;
571 1229 662 1286 ’ἶνα
692 1233 756 1287 τὸ
806 1231 893 1286 ἐπὶ
942 1234 1004 1286 τὸ
1054 1230 1161 1288 ἅνω
1213 1231 1638 1311 διαφορούμενον
1668 1237 1766 1298 τῆς
1797 1230 1973 1308 ὅψεως

326 1322 401 1394 μή
456 1321 574 1390 εἰκῆ
609 1319 976 1393 σκεδάννυται,
1004 1327 1084 1394 τῷ
1114 1319 1306 1377 πλάτει
1336 1327 1434 1377 τοῦ
1466 1324 1620 1396 ἀέρος
1652 1318 1976 1402 ἐγκαταχεὸ-

325 1429 508 1483 μενον⁸
562 1408 692 1464 ἀλλ’
745 1409 802 1465 ἔκ
829 1433 888 1466 τε
924 1418 1026 1481 τῆς
1076 1409 1275 1475 ἀνωθεν
1309 1413 1512 1488 ἀνοχῆς
1543 1419 1642 1482 τῆς
1675 1414 1884 1488 χειρὸς,
1919 1412 1976 1466 ἐκ

319 1520 376 1552 τε
414 1507 516 1568 τῆς
576 1498 772 1554 ἀνωθεν
819 1496 1108 1575 προϐολῆς
1153 1506 1261 1556 τῶν
1325 1501 1538 1579 ὀφρύων
1593 1502 1978 1573 κατευθυνόμε-

319 1610 434 1656 νον,
486 1585 866 1665 ἀκριϐέστερον
900 1589 1062 1665 σχοίη
1109 1594 1205 1644 τοῦ
1256 1591 1454 1666 ὁρατοῦ
1510 1591 1609 1659 τήν
1647 1589 1974 1664 μετάληψιν.

322 1679 421 1732 Διά
477 1683 640 1732 τοῦτο
700 1679 918 1756 ὁφρῦες,
974 1679 1114 1751 ὁμοῦ
1165 1680 1262 1752 μὲν
1291 1681 1354 1734 τὸ
1386 1679 1607 1734 ὁπτικὸν
1639 1684 1744 1734 τῶν
1779 1677 1980 1754 ὀφθαλ-

325 1772 443 1840 μῶν
471 1767 914 1837 κατευθῦνουσαι,
964 1769 1105 1840 ὁμοῦ
1137 1766 1194 1823 δὲ
1245 1769 1334 1823 καὶ
1386 1770 1477 1823 τὸν
1530 1765 1729 1832 ἄνωθεν
1786 1767 1979 1842 καταρ-

324 1855 516 1931 ρέοντα
547 1853 752 1929 ἱδρῶτα
781 1855 1099 1931 ἐπέχουσαι,
1149 1857 1237 1911 καὶ
1283 1857 1384 1912 οὐκ
1425 1856 1587 1911 ἐῶσαι
1619 1859 1974 1932 καταχεῖσθαι
2009 1890 2054 1952 Β

323 1949 434 1998 τῶν
481 1943 850 2019 αἴσθητηρίων
900 1943 990 1999 καί
1022 1943 1333 2018 ἐμποδίζειν
1363 1952 1484 2008 ταῖς
1535 1943 1743 2021 ὄψεσιν,
1777 1945 1892 2000 οἷόν
1923 1966 1977 1999 τι

330 2031 681 2108 διατείχισμα
736 2035 920 2088 ἱκανὸν
974 2036 1109 2110 πρὸς
1174 2037 1275 2105 τήν
1330 2043 1431 2106 τῆς
1489 2035 1681 2108 ἔξωθεν
1716 2033 1975 2105 ἐπιούσης

332 2118 546 2198 βλάϐης
575 2123 915 2194 ἀποτροπήν.

400 2215 488 2268 1⁸7.
524 2217 692 2273 Ποῖος
729 2211 1110 2287 ἀμπελουργὸς
1167 2212 1309 2266 οὕτω
1343 2211 1562 2267 δύναται
1592 2211 1850 2291 ἀσφαλῶς
1875 2215 1974 2284 τήν

327 2301 528 2356 οἷ’κείαν
585 2299 831 2372 ἄμπελον
863 2300 1225 2372 περικλεῖσαι,
1256 2304 1346 2356 καὶ
1377 2302 1597 2376 θριγκὸν
1631 2301 1767 2376 αὐτῇ
1797 2307 1978 2356 τοιοῦ-

323 2412 416 2445 τον
476 2385 820 2464 περιϐαλεῖν,
881 2391 956 2454 ὡς
1012 2385 1331 2445 ἀνεπίϐατον
1387 2391 1602 2452 πάντως
1659 2393 1976 2454 καθεστάναι

326 2480 416 2534 τὸν
471 2483 684 2554 χῶρον,
718 2479 791 2540 ὡς
824 2479 853 2533 ’ὁ
882 2481 1012 2541 Θεὸς
1045 2478 1380 2553 ἐξειργάσατο
1405 2481 1506 2548 τήν
1534 2484 1644 2534 τῶν
1678 2479 1976 2555 ὀφθαλμῶν

330 2563 658 2642 περιϐολὴν,
710 2569 809 2636 τήν
865 2571 972 2621 τῶν
1029 2567 1242 2644 ὀφρύων
1302 2563 1606 2642 περιϐολήν
1639 2567 1714 2632 εἷς
1741 2570 1840 2639 τήν
1869 2574 1977 2624 τῶν

334 2656 633 2734 δῖ’θαλξλῶν
667 2655 940 2730 φυλακὴν,
974 2653 1281 2729 μηνοειδῶς
1334 2659 1468 2728 ἡμῖν
1518 2659 1678 2720 αὐτάς
1711 2659 1979 2734 περιγρά-

334 2749 459 2817 ψας,
491 2745 595 2799 ἀπὸ
647 2751 772 2817 μιᾶς
833 2739 1120 2816 συμϐολῆς
1165 2751 1266 2813 τῆς
1343 2745 1478 2799 κατά
1533 2746 1634 2812 τήν
1694 2746 1832 2821 ῥῖνα,
1901 2747 1980 2825 ἐφ’

341 2833 564 2908 ἑκάτερα
607 2834 671 2887 τὸ.
731 2833 870 2908 μέρη
927 2831 1352 2905 διατεινομένας’
1407 2831 1500 2887 ἵνα
1551 2835 1579 2888 ὁ
1636 2831 1805 2910 ἱδρὼς
1852 2834 1982 2907 τῇδε

336 2923 553 2976 κάκεῖσε
597 2922 919 2999 περιρρέων,
986 2919 1257 2996 μηδεμίαν
1314 2921 1580 2998 ἀσχολίαν
1639 2923 1852 3000 παρέχῃ
1903 2930 1983 2998 τῶ

335 3019 585 3069 πονοῦντι
644 3015 916 3089 ἀνθρώπῳ
963 3014 1086 3089 περί
1144 3016 1206 3068 τὸ
1261 3014 1619 3089 προκείμενον
1663 3013 1843 3090 ἔργον,
1892 3013 1981 3069 καὶ

333 3108 400 3178 τῇ
440 3103 639 3157 τούτου
688 3103 836 3178 χειρὶ
886 3103 1110 3177 ἀνιούσῃ
1168 3108 1409 3179 συνεχῶς
1470 3103 1556 3158 ἐπὶ
1603 3103 1732 3168 τοὺς
1774 3104 1982 3182 ὀφθαλ-

338 3191 498 3264 μοὺς,
557 3191 647 3246 καὶ
722 3192 818 3253 τὰς
893 3193 1330 3270 καταφερομένοις
1397 3190 1613 3255 νοτίδας
1667 3194 1985 3266 ἀπομασσο-

339 3283 491 3354 μένῃ·
554 3279 684 3336 ἀλλ’
742 3282 882 3354 ὁμοῦ
961 3282 1054 3354 μὶν
1139 3278 1358 3358 διαρρἑῃ
1418 3281 1737 3355 αὐτομάτως
1791 3281 1878 3336 ἐπὶ
1921 3283 1988 3336 τά

336 3370 663 3443 ἑκατέρωθεν
722 3370 966 3444 πλάγια,
1030 3370 1465 3449 μεταφερόμενος
1526 3369 1614 3426 διά
1669 3376 1776 3426 τῶν
1839 3369 1990 3426 ἰδίων

341 3460 553 3536 ὀχετῶν
607 3460 805 3513 ἄνωθεν
845 3463 952 3513 τῶν
988 3458 1226 3538 ὀφρύων,
1262 3461 1403 3532 ὸμοῦ
1432 3481 1490 3514 τε
1523 3463 1599 3534 (a)
1631 3461 1682 3515 οἱ
1718 3458 1994 3538 ὀφθαλμοῖ

339 3547 739 3623 ἀνενοχλῆτως
768 3550 868 3617 τήν
903 3545 1042 3602 ἷδίαν
1095 3546 1396 3603 ἐπιτελοῖεν
1438 3547 1744 3623 ἐνέργειαν;
1776 3548 1841 3606 Εἰ
1899 3549 1993 3622 μὶν

341 3637 436 3693 οὖν
488 3638 626 3693 κατά
678 3637 841 3713 μέρος
872 3637 962 3690 καὶ
1007 3637 1132 3713 περὶ
1159 3642 1267 3691 τῶν
1309 3634 1520 3692 λοιπῶν
1557 3637 1738 3710 μελῶν
1769 3642 1866 3692 τοῦ
1898 3639 1998 3692 σώ-

343 3749 517 3800 ματος
556 3725 960 3802 βουληθείημεν
997 3723 1337 3801 λογίσασθαι,
1387 3726 1474 3781 καί
1521 3729 1620 3795 τήν
1663 3725 1741 3804 ἐφ’
1789 3727 1996 3801 ἑκάστῳ

341 3818 534 3896 σοιρίαν
580 3821 676 3870 τοῦ
708 3820 840 3871 Θεοῦ
873 3813 1230 3888 διατρανῶσαι
1279 3815 1367 3869 καὶ
1418 3814 1729 3888 ἐξυμνῆσαι,
1788 3814 1998 3871 ἐπιλεί-

340 3910 427 3980 ψει
487 3905 705 3966 πάντως
763 3907 909 3977 ἡμᾶς
967 3907 1001 3972 ἡ
1056 3903 1256 3980 ἡμέρα.
1317 3905 1497 3976 Ὑμεῖς
1550 3901 1608 3958 δὲ
1658 3905 1748 3959 καὶ
1781 3904 1830 3978 ἐξ
1882 3905 1996 3966 ἑνὸς

343 3995 514 4066 μόνου
549 3994 746 4068 μορίου
775 3995 1141 4064 κατανοήσατε
1188 3994 1400 4055 πάντως
1445 3992 1506 4046 τὸ
1553 3995 1651 4062 τῆς
1685 3992 1829 4057 θείας
1859 4014 2000 4069 προ-

338 4085 492 4145 νοίας
541 4084 668 4158 περὶ
715 4083 807 4137 τὸν
864 4081 1146 4157 ἄνθρωπον
1218 4082 1307 4136 καὶ
1368 4088 1628 4157 τεχνικῆς
1681 4081 2000 4154 οἷ’κονομίας

343 4171 803 4246 ἀπειροδῦναμονθ
855 4174 1003 4244 ἡμᾶς
1055 4167 1102 4226 δ’
1156 4169 1535 4246 ὶπειγομένους
1587 4169 1675 4225 ἐπί
1723 4192 1843 4226 τινα
1873 4169 1995 4226 ὁδὸν

345 4262 667 4337 ἀναγκαία),
725 4262 840 4333 μετ’
889 4260 1066 4335 εὐχῶν
1120 4259 1520 4334 προπέμψατε,
1582 4257 1665 4314 ἵνα
1732 4259 1783 4313 ἐν
1839 4259 1999 4334 τάχει

346 4349 713 4412 ἀποσωθέντες
748 4396 764 4420 ,
811 4349 901 4403 καὶ
947 4354 1054 4404 τῶν
1106 4345 1447 4422 λειπομένων
1505 4347 1883 4422 ἀποδώσωμεν
1937 4349 2000 4404 τὸ

347 4442 528 4516 χρέοςο
586 4441 775 4516 χάριτι
823 4442 920 4492 τοῦ
974 4437 1148 4492 πάντα
1195 4437 1660 4511 οἷ’κονομήσαντος
1686 4437 1811 4513 περί
1849 4440 1998 4510 ἡμᾶς

2160 526 2244 580 16.
2279 525 2471 582 Altera
2497 543 2632 583 vero
2664 543 2869 582 rursus
2918 525 3192 599 superius
3243 525 3560 582 imminens
3588 527 3737 582 utri—

2085 631 2197 684 que
2228 614 2415 677 oculo,
2470 616 2722 688 pilorum
2773 616 3000 671 exsistit
3049 615 3255 682 tuitio;
3285 631 3410 686 qum
3462 620 3589 670 tum
3638 617 3738 672 de-

2083 717 2277 759 corem
2339 705 2562 760 ambitu
2612 705 2903 772 conciliet,
2966 709 3090 759 tum
3151 721 3284 759 vero
3336 705 3514 759 etiam
3567 720 3738 760 secu-

2085 791 2317 846 ritatem
2352 799 2623 865 prestat;
2658 793 3039 866 supercilium
3073 791 3288 848 scilicet
3321 809 3576 864 superne
3603 809 3737 864 pro-

2085 880 2324 936 ductum
2391 888 2452 938 ut
2527 881 2832 938 oculorum
2907 883 3088 937 aciem
3167 881 3401 953 dirigat.
3476 881 3740 953 Huicque

2085 969 2233 1023 347
2272 969 2352 1024 rei
2384 977 2730 1043 argumento
2761 976 2870 1038 est,
2905 972 3059 1043 quod
3108 987 3240 1026 cum
3293 970 3490 1024 animo
3522 970 3742 1026 consti-

2084 1063 2278 1114 tutum
2313 1059 2412 1125 sit,
2447 1065 2511 1115 ut
2535 1078 2652 1115 rem
2689 1061 2859 1133 longe
2890 1061 3208 1115 distantem
3233 1059 3576 1132 speculeris,
3608 1075 3740 1113 cur-

2085 1152 2275 1202 vatam
2300 1165 2540 1204 manum
2559 1149 2892 1222 superciliis
2911 1148 3356 1214 obtendis.Quid
3377 1148 3532 1203 enim
3549 1165 3738 1203 causa

2087 1241 2150 1290 ut
2179 1237 2236 1290 id
2270 1236 2447 1292 facias
2471 1239 2498 1292 ?
2533 1239 2600 1294 Ut
2632 1238 2912 1293 nimirum
2937 1239 3092 1308 quod
3117 1237 3346 1292 videndi
3380 1236 3468 1292 vis
3494 1254 3735 1293 sursum

2084 1343 2288 1381 versus
2319 1327 2630 1398 disjicitur,
2664 1327 2819 1381 haud
2847 1329 3063 1382 frustra
3095 1326 3431 1398 dissipetur,
3456 1331 3738 1396 vastoque

2085 1432 2217 1470 aere
2249 1416 2611 1471 diffundatur
2640 1442 2653 1482 ;
2685 1417 2783 1470 sed
2821 1420 2982 1470 tanta
3011 1416 3280 1486 superius
3313 1433 3512 1484 manu,
3559 1415 3740 1470 desu-

2086 1521 2302 1575 perque
2336 1505 2622 1574 protensis
2669 1504 3002 1576 superciliis
3033 1504 3274 1573 directa,
3307 1521 3428 1558 rem
3479 1504 3533 1558 in
3567 1519 3739 1575 aspe-

2087 1598 2244 1647 ctum
2277 1595 2583 1648 cadentem
2635 1595 2968 1648 accuratius
3018 1593 3319 1664 percipiat.
3379 1594 3504 1646 llaac
3536 1609 3740 1663 super-

2087 1683 2353 1737 ciliorum
2390 1682 2562 1749 ratio,
2592 1699 2720 1754 qua:
2771 1688 2894 1736 tum
2953 1681 3256 1736 oculorum
3316 1681 3594 1735 obtuendi
3625 1680 3738 1735 vim

2087 1770 2365 1842 dirigant,
2396 1776 2637 1843 tumque
2668 1771 2843 1826 etiam
2885 1772 3138 1841 desuper
3179 1769 3532 1825 deﬂuentem
3567 1769 3740 1824 sudo-

2087 1877 2207 1915 rem
2243 1860 2552 1928 retineant,
2589 1877 2693 1916 nec
2737 1861 2920 1916 oculis
2969 1861 3192 1915 oti'undi
3249 1860 3446 1914 sinant
3476 1858 3743 1930 visuique

2087 1950 2339 2016 ofﬁcere,
2371 1949 2528 2004 velut
2554 1950 2850 2020 quoddam
2874 1949 3435 2020 intersepimentum,
3471 1966 3504 2002 a
3533 1964 3596 2003 se
3620 1947 3743 2002 ido-

2087 2056 2262 2094 neum
2296 2039 2717 2110 sufﬁciensque
2749 2039 2820 2093 ad
2846 2039 3182 2108 arcendam,
3217 2055 3344 2110 quae
3370 2038 3441 2092 ab
3472 2037 3743 2094 exteriori

2088 2132 2198 2196 est,
2232 2128 2532 2198 injuriam.

2160 2217 2245 2272 17.
2280 2217 2420 2284 Quis
2452 2233 2591 2289 rogo
2621 2217 2838 2272 vinitor
2860 2216 2943 2272 sic
2975 2221 3100 2272 tuto
3122 2216 3352 2271 vineam
3379 2232 3546 2270 suam
3570 2219 3746 2286 queat

2088 2305 2417 2374 occludere,
2452 2307 2944 2378 circumjectaque
2974 2305 3338 2361 communire
3370 2305 3642 2370 maceria,
3678 2306 3743 2358 ut

2087 2393 2252 2450 locus
2283 2412 2522 2466 prorsus
2553 2395 2890 2450 inaccessus
2932 2395 3197 2464 exsistat,
3245 2394 3745 2465 quemadmodum

2089 2483 2244 2538 Deus
2274 2484 2577 2539 oculorum
2626 2485 2795 2539 nobis
2840 2484 3130 2538 ambitum
3173 2484 3382 2550 effecit,
3434 2483 3651 2554 quibus
3684 2484 3748 2536 ut

2089 2577 2361 2627 caveatur
2389 2572 2838 2644 superciliorum
2870 2572 3069 2628 orbem
3115 2570 3535 2627 semicirculari
3567 2570 3746 2624 ductu

2091 2677 2208 2715 uno
2239 2662 2308 2715 ad
2355 2678 2564 2716 nasum
2614 2662 2887 2716 conﬂuxu
2941 2659 3214 2731 utrinque
3262 2667 3538 2731 protensa
3568 2659 3744 2724 linea,

2090 2750 2334 2818 efﬂuxit,
2368 2767 2484 2822 quo
2515 2751 2716 2817 sudor,
2748 2751 2884 2806 hinc
2916 2751 3052 2806 inde
3083 2751 3367 2817 deﬂuens,
3404 2748 3548 2804 nihil
3580 2748 3741 2803 labo-

2091 2839 2239 2896 ranti
2273 2839 2497 2894 homini
2527 2841 2740 2910 negotii
2769 2841 2962 2906 faciat,
2987 2842 3042 2894 in
3077 2839 3321 2911 quodvis
3346 2856 3494 2910 opus
3517 2839 3740 2907 impen-

2091 2929 2272 2993 ditur,
2308 2945 2630 2998 manusque
2662 2929 2845 2983 libera
2876 2929 2974 2993 sit,
3009 2944 3112 2984 nec
3135 2929 3207 2982 ad
3239 2926 3438 2982 oculos
3469 2925 3744 2981 continue

2095 3017 2294 3082 levari,
2327 3023 2503 3087 atque
2532 3017 2669 3071 inde
2699 3017 3049 3072 deﬂuentem
3075 3016 3380 3070 humorem
3411 3015 3750 3083 abstergere

2097 3106 2323 3160 debeat.
2379 3106 2488 3161 Sed
2542 3105 2716 3160 simul
2774 3106 3008 3177 quidem
3061 3106 3132 3160 ad
3185 3110 3503 3175 utrumque
3545 3107 3757 3174 sponte

2095 3195 2253 3250 latus
2301 3212 2403 3267 per
2453 3212 2592 3250 suos
2640 3194 2874 3250 canales
2933 3211 3112 3265 super
3169 3193 3486 3265 supercilia
3515 3191 3757 3257 deﬂuat,

2103 3284 2400 3356 simulque
2431 3283 2583 3338 oculi
2635 3283 2800 3338 nulla
2832 3283 3101 3338 molestia
3149 3300 3313 3338 suam
3359 3281 3756 3354 operationem

2104 3372 2430 3445 perficiant.
2456 3373 2607 3428 Sane
2636 3372 2834 3444 igitur,
2868 3372 2916 3427 si
2949 3363 3186 3444 quidem
3221 3370 3523 3443 sigillatim
3555 3386 3760 3440 corpo-

2106 3461 2184 3516 ris
2216 3463 2478 3517 membra
2509 3461 2734 3532 reliqua
2785 3461 3032 3516 rationis
3061 3459 3212 3515 libra
3258 3460 3508 3515 velimus
3539 3474 3756 3529 expen-

2104 3553 2261 3620 dere,
2317 3552 2529 3620 Deique
2579 3549 2636 3604 in
2691 3549 2946 3621 singulis
2994 3548 3346 3620 sapientiam
3395 3546 3759 3603 enucleatius

2118 3641 2348 3694 tradere
2371 3656 2435 3694 ac
2481 3638 2805 3709 dilaudare,
2831 3638 3069 3693 omnino
3091 3637 3323 3693 deficiet
3353 3653 3459 3693 nos
3498 3641 3756 3707 tempus.

2109 3729 2220 3784 Vos
2252 3729 2446 3799 itaque
2475 3727 2563 3782 vel
2597 3745 2665 3782 ex
2699 3745 2814 3782 uno
2845 3728 3130 3796 membro,
3163 3733 3220 3780 et
3250 3725 3487 3797 quidem
3521 3723 3754 3796 exiguo,

2107 3835 2347 3888 prorsus
2378 3821 2618 3888 pensato
2643 3816 2853 3871 divinae
2886 3833 3021 3888 erga
3053 3815 3350 3870 hominem
3385 3811 3760 3885 providentia

2106 3907 2369 3978 artisque
2399 3905 2810 3977 dispositionis
2839 3905 2957 3959 vim
2986 3903 3274 3958 intinitam
3301 3928 3316 3970 ;
3345 3917 3568 3972 nosque
3590 3902 3758 3968 adeo,

2106 3995 2206 4066 qui
2239 3995 2310 4049 ad
2335 3994 2732 4050 necessarium
2756 3994 3051 4064 quoddam
3078 3993 3186 4047 iter
3215 4006 3614 4062 properemus,
3635 4005 3764 4060 pre-

2106 4085 2273 4139 cibus
2305 4083 2595 4152 deducite,
2626 4088 2690 4136 ut
2711 4098 2780 4136 ex
2812 4080 2909 4136 illo
2933 4097 3109 4150 quam
3131 4081 3243 4136 cito
3275 4078 3760 4148 incolumes,qu;e

2108 4177 2247 4228 sunt
2295 4171 2522 4243 reliqua
2571 4171 2750 4225 debiti
2802 4169 3211 4236 exsolvamus;
3264 4166 3496 4223 Domini
3547 4165 3760 4239 gratia,

2109 4262 2209 4333 qui
2245 4279 2382 4334 erga
2413 4277 2514 4316 nos
2547 4259 2820 4331 prudenti
2851 4257 3095 4314 consilio
3127 4257 3388 4330 disponit
3408 4256 3628 4324 omnia,
3660 4253 3764 4327 qui

2111 4367 2216 4406 nos
2234 4347 2461 4405 'creavit
2485 4367 2585 4404 sua
2608 4349 2796 4418 gratia
2821 4365 2834 4414 ;
2863 4348 2955 4402 cui
2981 4347 3167 4419 gloria
3192 4354 3251 4403 et
3279 4351 3537 4420 potestas
3564 4347 3624 4401 in
3653 4360 3764 4400 sa-

2109 4441 2243 4494 cula
2274 4438 2644 4494 saeculorum.
2677 4442 2884 4493 Amen.

349 4530 564 4606 Κυρίου,
624 4534 724 4584 τοῦ
779 4527 1060 4590 κτίσαντος
1113 4529 1262 4601 ἡμᾶς
1290 4531 1359 4602 τῇ
1419 4526 1583 4582 αὐτοὸ
1617 4528 1826 4604 χάριτι·
1887 4529 1971 4582 ὅτι
2030 4527 2176 4600 αὐτῷ
2200 4529 2234 4598 ἡ
2270 4525 2396 4597 δόξα
2442 4525 2532 4580 καὶ
2562 4525 2623 4580 τὸ
2671 4526 2869 4602 κράτος
2901 4523 2976 4586 εἷς
3003 4523 3130 4586 τοὺς
3158 4521 3360 4586 αἰῶνας
3391 4528 3498 4580 τῶν
3529 4522 3766 4580 αἰώνων.

347 4620 549 4692 ’Δμήν.

761 4856 877 4912 Τοῦ
905 4851 1070 4908 αὐτοῦ
1106 4851 1231 4928 περὶ
1262 4850 1587 4929 παραδείσου

1009 4961 1235 5016 ΛΟΓΟΣ
1274 4963 1345 5016 I".

429 5072 479 5126 1.
528 5069 628 5124 Καὶ
708 5065 990 5143 ἰφύτευσεν
1057 5067 1086 5122 ὁ
1160 5066 1289 5130 Θεὸς
1359 5061 1685 5140 παράδεισον
1737 5061 1788 5117 ἓν
1843 5058 2010 5136 Ἐδὶμ

356 5161 489 5214 uti
550 5156 816 5218 ἀνατοΑάς
850 5197 864 5222 ,
917 5154 1007 5210 καὶ
1068 5153 1216 5219 ἔθετο
1275 5153 1387 5210 ἐκεῖ
1436 5155 1526 5209 τὸν
1578 5151 1888 5230 ἄνθρωπον,
1947 5152 2005 5206 ’ὸν

360 5246 579 5302 ἔπλασε.
636 5245 936 5316 Νοήσωμεν
973 5289 986 5310 ,
1050 5243 1308 5318 ἀκροαταὶ
1369 5243 1514 5314 ἀξίαν
1576 5247 1709 5298 Θεοῦ
1768 5240 2008 5317 φυτείαν,

358 5337 443 5390 καὶ
504 5330 829 5409 παράδεισον
886 5331 1160 5408 πρέποντα
1206 5332 1276 5408 τῇ
1309 5330 1608 5410 φιλοκαλίᾴ
1632 5335 1729 5387 τοῦ
1758 5331 2008 5386 τοιούτου

360 5426 447 5480 καὶ
501 5422 840 5495 τηλικούτου
899 5419 1263 5498 δημιουργοῦ.
1324 5423 1409 5479 Ἐν
1472 5422 1567 5497 μὲν
1615 5425 1734 5484 τοῖς
1783 5419 2008 5476 κατόπιν

436 5571 483 5608 ³⁸
515 5571 664 5628 Gen.
695 5585 762 5639 ιι,
792 5569 847 5626 8.

437 5714 518 5789 (a)
543 5712 631 5768 τι.
665 5712 836 5772 Porto
863 5705 943 5768 δι.
975 5712 1133 5769 Enn.

2034 4852 2084 4919 D

2601 4850 2862 4923 Ejusdem
2893 4849 2964 4906 de
2988 4849 3269 4922 paradiso.

2739 4956 3010 5014 ORATIO
3049 4957 3149 5014 III.

2191 5065 2241 5119 1.
2297 5067 2364 5120 ει
2418 5063 2689 5134 plantavit
2756 5065 2900 5119 Deus
2955 5064 3295 5136 paradisum
3352 5064 3412 5119 in
3471 5062 3638 5120 Edam
3702 5063 3774 5120 ad

2118 5153 2412 5209 orientales
2437 5153 2650 5224 plagas,
2673 5156 2725 5208 ei
2750 5153 2933 5223 posuit
2963 5154 3044 5208 ibi
3064 5152 3348 5208 hominem
3373 5168 3531 5223 quem
3558 5153 3772 5222 forma-

2117 5251 2269 5298 verat
2289 5242 2353 5297 ³⁸.
2407 5243 2490 5296 Ad
2548 5245 2801 5296 mentem
2853 5259 3212 5309 revocamus,
3265 5242 3582 5304 auditores,
3613 5241 3772 5310 ejus-

2121 5334 2276 5388 modi
2304 5332 2725 5404 plantationem
2777 5349 2903 5404 quae
2936 5338 3048 5388 Deo
3095 5333 3275 5406 digna
3303 5334 3400 5402 sit,
3446 5348 3512 5387 ac
3544 5327 3770 5400 paradi-

2119 5439 2276 5493 sum,
2309 5422 2410 5494 qui
2436 5421 2573 5479 talis
2602 5421 2869 5494 tantique
2899 5421 3127 5492 opiﬁcis
3156 5421 3300 5478 artis
3324 5420 3622 5478 solertiam
3653 5415 3771 5473 elo-
