4108 6214
363 343 440 401 63
1338 338 1730 400 APPENDIX
1777 333 2102 400 OPICRUM
2148 337 2211 396 S.
2257 335 2538 398 BASILII
2581 335 2861 398 MAGNI.
3691 332 3770 391 64

365 473 746 546 gantiamque
775 471 919 526 nihil
942 472 1235 526 dedeceat.
1266 476 1325 524 1n
1345 471 1750 541 superioribus
1779 469 2015 540 quidem

2157 463 2360 540 ἷ¹ρηται·
2421 466 2786 537 Βλαστησάτω
2841 467 2875 535 ἢ
2934 471 3006 540 γῆ
3072 465 3304 539 βοτάνην
3359 463 3563 540 χόρτου
3595 505 3611 531 ,
3679 463 3770 516 καὶ

367 565 586 617 dictum
621 568 708 616 est
737 579 749 614 :
784 562 1069 615 Germinet
1101 570 1250 614 terra
1289 560 1515 614 herbam
1547 562 1836 623 virentem,
1865 563 1916 613 et
1947 559 2018 612 li-

365 669 536 720 gnum
566 651 916 720 ]ructz’ferum
947 651 1226 703 seminans
1255 665 1458 712 semen,
1502 651 1707 719 faciens
1736 652 1979 718 fructum
1999 664 2018 700 :

366 748 418 793 et
443 743 655 808 factum
684 749 767 792 est
796 741 876 792 ita
900 739 963 791 ³⁷.
1003 737 1104 791 Hic
1147 754 1280 792 vero
1314 754 1521 791 rursus
1553 738 1669 792 ait:
1703 737 1768 790 Et
1793 737 2020 807 plantu-

369 829 448 881 vit
479 831 625 880 Deus
651 829 974 896 paradisum
1009 828 1068 879 in
1115 825 1296 880 Edem.
1339 826 1394 878 δί
1428 826 1664 896 quidem
1715 824 2022 895 paradisus

372 915 787 969 communibus
817 913 993 985 lignis
1025 920 1199 983 atque
1229 913 1513 984 stirpibus
1552 915 1847 968 confertus
1877 918 2021 981 erat,

375 1020 408 1057 a
440 1003 630 1074 prima
662 1005 935 1056 arborum
967 1002 1222 1055 editione
1253 1008 1470 1056 statum
1505 1019 1678 1056 suum
1714 1019 1778 1056 ac
1807 1002 2022 1056 consti-

375 1092 661 1146 tutionem
707 1092 980 1158 habebat,
1024 1107 1128 1143 nec
1177 1090 1461 1162 singulari
1512 1091 1613 1145 Dei
1668 1091 2024 1161 plantatione

379 1197 507 1252 quae
539 1187 735 1252 postea
767 1181 823 1232 in
855 1197 920 1234 eo
949 1186 1130 1234 enata:
1175 1186 1332 1244 sunt,
1379 1181 1635 1245 arbores,
1670 1197 1815 1250 Opus
1850 1181 2024 1234 babe-

380 1272 538 1323 bant.
572 1269 734 1322 Nunc
780 1284 938 1332 vero,
989 1269 1143 1338 quod
1199 1269 1324 1322 aliaa
1377 1268 1545 1338 longe
1597 1269 2025 1338 praestantiores

379 1372 586 1426 genere
619 1355 831 1425 pariter
861 1361 1181 1427 gustuque,
1215 1356 1306 1420 iis,
1338 1374 1461 1425 qua:
1501 1359 1772 1426 superius
1821 1363 2027 1428 sponte

379 1461 410 1499 e
442 1451 592 1498 terra
621 1451 1000 1513 emerserant,
1031 1445 1089 1498 in
1125 1445 1393 1515 paradiso
1425 1447 1799 1517 postmodum
1843 1453 2027 1502 enatas

380 1540 520 1588 sunt
550 1535 742 1588 omnis
773 1533 1004 1604 generis
1053 1535 1310 1602 arbores,
1341 1534 1424 1588 vel
1473 1552 1542 1589 ex
1570 1535 1700 1607 ipsa
1729 1536 2031 1607 Scriptura

381 1620 760 1676 manifestum
793 1626 900 1675 est.

454 1708 606 1763 348
635 1710 690 1763 2.
723 1711 786 1764 Et
815 1709 1096 1780 produxit,
1128 1711 1344 1782 inquit,
1393 1712 1529 1766 Deus
1559 1711 1742 1767 adhuc
1783 1712 1846 1767 de
1875 1721 2032 1767 terra.

2128 555 2286 626 ξύλον
2367 558 2638 632 κάρπιμον
2711 561 2928 628 σπεῖρον
2999 555 3233 629 σπέρμα,
3293 558 3485 607 ποιοῦν
3541 552 3768 626 κάρπόν·

2129 645 2216 698 καὶ
2278 643 2487 718 ἐγένετο
2547 645 2744 706 οὕτως.
2812 645 3074 700 Ἐνταῦθα
3131 640 3189 696 δὲ
3244 640 3408 695 πάλιν
3463 641 3630 715 λέγει·
3676 641 3773 693 Καὶ

2131 733 2410 810 ἐφύτευσεν
2465 733 2492 786 ὁ
2545 735 2674 795 Θεὸς
2733 731 3054 807 παράδεισον
3136 731 3187 785 ἐν
3261 728 3428 801 Ἐδὲμ
3464 773 3477 786 .
3541 730 3601 786 El
3670 730 3775 784 ἀπὸ

2129 827 2236 876 τῶν
2277 827 2472 875 κοινῶν
2513 822 2685 894 ξύλων
2731 820 3100 889 έτεπέπληστο
3150 821 3177 873 ὁ
3223 816 3575 894 παράδεισος,
3633 820 3777 893 εἶχεν

2132 909 2190 964 ἂν
2221 913 2320 979 την
2355 908 2490 964 ἰδίαν
2526 910 2772 964 σύστασιν
2825 909 2929 964 ἀπὸ
2982 916 3080 978 τῆς
3126 909 3349 984 πρώτης
3378 908 3635 981 γενέσεως
3669 912 3781 960 τῶν

2133 1004 2335 1071 φυτῶν,
2387 999 2476 1053 καὶ
2531 999 2634 1053 οὐκ
2690 997 2860 1054 ἐδεῖτο
2915 997 3184 1071 ἐξαιρέτου
3243 996 3457 1068 φυτείας
3501 1000 3598 1050 τοῦ
3650 999 3784 1050 Θεοῦ

2132 1090 2198 1143 τὰ
2229 1091 2281 1143 έν
2313 1089 2459 1159 αὐτῷ
2502 1087 2719 1161 ὕστερον
2771 1088 3067 1164 ἀναφυέντα
3126 1083 3331 1160 δένδρα.
3395 1088 3503 1142 Νῦν
3558 1083 3635 1156 δὲ,
3698 1086 3782 1139 ὅτι

2135 1178 2288 1253 ἕτερα
2318 1179 2462 1233 πολὺ
2495 1176 2888 1256 διαφορώτερα,
2939 1177 3027 1231 καὶ
3075 1181 3153 1246 τῷ
3183 1173 3311 1230 εἷ’δει
3361 1177 3449 1230 καὶ
3478 1179 3546 1249 τῇ
3579 1175 3784 1249 γεύσει,

2132 1274 2241 1324 τῶν
2272 1265 2748 1342 προαναδοθέντων
2803 1265 3120 1338 αὐτομάτως
3155 1264 3214 1319 ἐκ
3238 1272 3336 1334 τῆς
3360 1271 3483 1338 γῆς,
3520 1285 3588 1318 τα
3619 1263 3670 1317 ἐν
3702 1269 3781 1335 τῷ

2136 1355 2445 1430 παραδείσῳ
2496 1356 2710 1431 ὕστερον
2768 1356 2856 1410 ὑπ’
2903 1353 3063 1409 αὐτοῦ
3111 1358 3208 1408 τοῦ
3255 1358 3389 1408 Θεοῦ
3439 1351 3783 1430 φιλοτεχνη-

2139 1447 2294 1510 θέντα
2324 1450 2553 1499 παντοῖα
2581 1444 2708 1518 γένη
2742 1448 2848 1498 τῶν
2895 1447 3070 1520 φυτῶν
3116 1443 3482 1511 καθειστήκει,
3540 1441 3631 1495 καὶ
3691 1441 3784 1495 ἀπ’

2139 1533 2306 1603 αὐτῆς
2331 1531 2710 1604 δηλοποιεῖται
2739 1539 2841 1602 τῆς
2871 1539 3109 1609 Γραφῆς.

2210 1718 2264 1772 2.
2325 1715 2422 1769 Καὶ
2455 1712 2750 1787 ἐξανέτειλε
2793 1713 2917 1789 γὰρ,
2973 1711 3158 1791 φησὶν,
3227 1712 3256 1765 ὁ
3314 1711 3440 1772 Θεὸς
3469 1707 3546 1764 ἔτι
3606 1707 3665 1762 ἐκ
3691 1715 3792 1776 τῆς

383 1815 540 1855 omne
571 1799 790 1866 lignum
809 1800 1104 1868 pulchrum
1130 1803 1250 1856 visu
1269 1810 1319 1856 et
1338 1819 1504 1856 suave
1525 1803 1601 1858 ad
1625 1803 1943 1858 resrcndum
1966 1801 2030 1856 ³⁸.

2157 1812 2244 1878 (ἧς
2294 1811 2400 1858 πᾶν
2449 1802 2606 1873 ξύλον
2668 1802 2743 1864 είς
2815 1802 3000 1877 ὅρασιν
3069 1801 3291 1876 ὡραῖον,
3342 1798 3430 1853 καὶ
3485 1794 3652 1852 καλὸν
3713 1796 3790 1857 εἷς

384 1889 887 1951 Quemadmodum
914 1891 1069 1944 enim
1098 1889 1392 1946 hominem
1417 1893 1629 1946 eximia
1659 1907 1724 1946 ac
1747 1889 2033 1960 singulari

387 1976 730 2031 formatione
761 1993 874 2047 praa
901 1978 1142 2048 reliquis
1185 1979 1585 2034 animantibus
1618 1981 1894 2051 dignatus
1924 1986 2032 2045 est,

388 2065 472 2120 sic
495 2069 552 2119 et
573 2064 830 2120 hominis
851 2065 1216 2120 domicilium
1241 2083 1361 2120 suae
1381 2085 1527 2138 opus
1551 2069 1799 2122 dexterae
1823 2068 2030 2135 voluit;

388 2151 608 2208 delecto
637 2151 760 2207 loco
791 2153 1020 2220 idoneo,
1055 2154 1213 2208 omni
1247 2161 1572 2210 creatorum
1599 2162 1910 2227 praestante
1932 2173 2034 2210 na-

391 2249 543 2312 tura,
575 2243 666 2297 cui
700 2245 772 2298 ob
804 2243 1127 2300 celsitatem
1160 2244 1330 2300 nulla:
1372 2247 1593 2301 umbras
1623 2248 2034 2316 obtunderent,

393 2334 598 2387 decore
630 2333 903 2400 mirabili,
933 2339 1058 2388 tuto
1091 2335 1230 2399 situ,
1263 2337 1418 2406 quod
1463 2337 1690 2390 cunctis
1732 2337 2036 2405 emineret,

393 2421 726 2492 splendido,
759 2438 823 2476 ac
855 2424 1008 2492 quod
1041 2424 1199 2477 omni
1231 2424 1490 2478 siderum
1519 2431 1648 2479 ortu
1675 2425 2042 2479 collustrare-

397 2515 492 2564 tur
537 2510 952 2582 limpidissimo
1001 2511 1355 2567 circumfuso
1386 2529 1554 2580 aere;
1608 2513 1858 2584 partium
1903 2511 2043 2568 anni

397 2600 821 2672 temperatione
853 2602 1292 2671 jucundissima
1338 2603 1518 2659 simul
1569 2607 1926 2674 optimaque.
1965 2602 2042 2658 lbi

399 2689 578 2760 igitur
612 2691 760 2744 Deus
794 2691 1129 2760 paradisum
1163 2691 1546 2762 plantaverat,
1581 2693 1660 2747 ibi
1698 2710 1813 2747 non
1845 2697 2042 2748 vento-

395 2793 528 2832 rum
561 2779 666 2843 vis,
700 2794 810 2832 non
847 2778 982 2832 anni
1028 2785 1445 2850 tempestatum
1497 2781 1892 2851 intemperies,
1927 2797 2042 2834 non

396 2867 638 2936 grando,
675 2883 784 2921 non
818 2865 967 2937 ignei
993 2869 1278 2938 turbines,
1311 2887 1426 2923 non
1452 2869 1734 2941 procellas,
1762 2887 1876 2924 non
1907 2886 2042 2923 con-

397 2961 552 3010 torta
576 2971 642 3010 ac
671 2955 920 3010 violenta
952 2957 1220 3022 fulmina,
1245 2975 1358 3012 non
1381 2959 1599 3029 glacies
1620 2959 1912 3023 hiemalis,
1930 2975 2043 3012 non

403 3044 548 3099 veris
581 3043 919 3111 humiditas,
965 3063 1077 3100 non
1112 3047 1331 3102 aestatis
1381 3049 1552 3102 ardor
1581 3065 1647 3103 ac
1697 3055 1896 3117 aestus,
1930 3065 2043 3102 non

401 3134 669 3188 autumni
703 3134 970 3201 siccilas;
1022 3137 1124 3190 sed
1173 3141 1492 3204 temperata
1545 3145 1864 3207 pacataque
1908 3136 2042 3190 anni

2147 1895 2371 1969 βρῶσιν.
2441 1894 2641 1966 Ὥσπερ
2702 1891 2805 1966 γὰρ
2861 1891 2952 1945 τὸν
3015 1888 3296 1963 ἄνθρωπον
3359 1886 3630 1958 ἐξαιρέτου
3688 1889 3788 1949 τῆς

2140 1982 2392 2044 πλάσεως
2445 1982 2590 2055 παρὰ
2641 1981 2710 2034 τὰ
2756 1978 2926 2034 λοιπὰ
2974 1983 3086 2048 ζῶα
3133 1977 3381 2049 ἠξίωσεν,
3415 1974 3556 2029 οὕτω
3603 1973 3786 2028 καὶτὸ

2143 2068 2467 2142 ἐνδιαίτημα
2523 2073 2618 2124 τοῦ
2684 2069 2968 2144 ἀνθρώπου
3023 2073 3124 2135 τῆς
3184 2063 3324 2126 ἰδίας
3380 2063 3544 2118 αὐτοῦ
3597 2062 3786 2136 χειρὸς

2144 2159 2301 2235 ἔργον
2333 2157 2577 2228 ἐποίησε,
2621 2159 2791 2212 τόπον·
2841 2155 3225 2228 ἐπιλεξάμενος
3284 2149 3590 2223 ἐπιτήδειον
3628 2151 3791 2225 ὑπερ-

2147 2249 2374 2324 φέροντα
2419 2255 2518 2315 τῆς
2569 2245 2707 2316 ὅλης
2759 2245 2979 2306 κτίσεως
3010 2244 3098 2300 καὶ
3131 2242 3220 2298 διὰ
3247 2245 3307 2298 τὸ
3340 2243 3472 2315 ὕψος
3505 2241 3796 2295 ἀνεπισκὸ-

2143 2357 2328 2404 τητον,
2376 2337 2680 2408 θαυμαστὸν
2712 2339 2790 2406 τῷ
2835 2331 3052 2402 κάλλει,
3112 2330 3330 2406 ἀσφαλῆ
3357 2334 3427 2404 τῇ
3456 2329 3616 2397 θέσει,
3651 2325 3799 2400 λαμ-

2147 2426 2282 2502 πρὸν
2313 2429 2382 2499 τῇ
2432 2425 2566 2479 κατὰ
2594 2425 2808 2478 πάντων
2846 2425 3092 2498 ὑπεροχῇ
3124 2423 3214 2476 καὶ
3239 2425 3318 2492 τῷ
3347 2417 3802 2490 καταλάμπεσθαι

2149 2516 2342 2576 πάσαις
2373 2519 2493 2575 ταῖς
2524 2518 2628 2567 τῶν
2675 2511 2882 2584 ἄστρων
2928 2509 3237 2576 ἀνατολαῖς,
3285 2509 3400 2584 ἀέρι
3431 2504 3802 2580 διαυγεστάτῳ

2151 2604 2541 2678 περιεχόμενον
2601 2602 2690 2656 καὶ
2742 2605 2848 2656 τῶν
2905 2601 3062 2674 ὡρῶν
3105 2597 3390 2671 εὐκρασίαν
3453 2594 3682 2664 ἡδίστην
3741 2615 3801 2647 τε

2153 2695 2266 2766 ἅμα
2319 2692 2408 2746 καὶ
2480 2690 2763 2766 βελτίστην
2825 2688 3042 2765 ἔχοντα.
3103 2689 3249 2744 Ἐκεῖ
3305 2687 3396 2741 οὖν
3429 2685 3708 2760 έφύτευσεν
3773 2684 3800 2736 ὁ

2152 2784 2281 2844 Θεὸς
2337 2783 2428 2836 τὸν
2491 2777 2836 2853 παράδεισον,
2895 2778 3032 2833 ὅπου
3091 2777 3194 2831 οὐκ
3251 2774 3462 2848 ἀνέμων
3525 2773 3634 2849 βία,
3694 2771 3800 2826 οὐκ

2152 2871 2382 2946 ἀμετρία
2438 2870 2620 2941 ὡρῶν,
2647 2868 2708 2923 οὐ
2739 2867 2975 2942 χάλαζα,
3009 2865 3070 2920 ού
3099 2871 3473 2942 πρφηστῆρες,
3508 2863 3572 2917 οὐ
3604 2860 3798 2916 λαίλα-

2153 2982 2271 3027 πος,
2307 2960 2368 3014 οὐ
2431 2958 2684 3028 σκηπτοὶ,
2742 2958 2807 3011 οὐ
2860 2955 3150 3030 χειμερινή
3205 2954 3392 3022 πῆξις,
3424 2952 3533 3026 οὐχ
3565 2949 3796 3024 ὑγρότης

2153 3049 2341 3121 ἠρινή,
2376 3048 2439 3102 ού
2473 3049 2653 3120 θερινή
2697 3045 2963 3121 πύρωσις,
3013 3043 3075 3098 οὐ
3124 3041 3492 3120 φθινοπωρινή
3526 3038 3788 3113 ξηρότης·

2156 3136 2282 3192 ἀλλ’
2327 3136 2584 3210 εὔκρατος
2631 3136 2721 3188 καὶ
2791 3134 3039 3208 εἰρηνική
3097 3131 3385 3207 συμφωνία
3437 3133 3545 3182 τῶν
3594 3127 3750 3198 ὡρῶν
3786 3169 3800 3193 ,

399 3225 730 3291 temporum
765 3228 970 3276 mutua
1000 3227 1330 3291 concordia,
1365 3227 1599 3295 singulo
1650 3242 1882 3296 quoque
1913 3242 2044 3295 pro-

2159 3226 2385 3294 ἑκάστης
2525 3222 2651 3295 ἰδίῳ
2704 3203 2897 3277 κάλλει
2943 3203 3386 3293 κεκοσμημένης,
3435 3217 3526 3272 καὶ
3572 3218 3648 3289 μή
3681 3213 3803 3268 έπι-

402 3309 525 3381 prio
555 3311 874 3364 convestito
903 3312 1128 3376 decore,
1157 3318 1215 3366 et
1255 3315 1408 3384 quod
1462 3331 1494 3367 a
1519 3314 1704 3368 vicino
1755 3313 1899 3368 nihil
1931 3313 2045 3368 sibi

401 3396 750 3452 insidiarum
775 3399 1026 3452 timeret.
1058 3399 1202 3453 Nam
1229 3417 1414 3470 neque
1432 3418 1639 3456 vernos
1662 3403 1832 3456 ﬂores
1852 3407 2045 3468 :vstas,

405 3487 649 3541 forsitan
681 3504 853 3540 suum
888 3494 1235 3556 praemature
1270 3495 1500 3559 tempus
1543 3507 1859 3561 occupans,
1892 3491 2048 3546 labe-

404 3576 684 3641 factaret;
721 3591 834 3628 non
884 3575 1065 3629 aestivi
1119 3593 1184 3630 ac
1214 3578 1588 3633 autumnales
1643 3581 1867 3633 fructus
1899 3581 2050 3632 aeris

404 3662 560 3718 haud
592 3679 720 3716 raro
743 3662 1171 3718 inordinatione
1193 3666 1383 3719 adusti
1409 3667 1743 3721 diffluerent
1764 3685 1828 3721 ac
1853 3668 2052 3722 interi-

406 3757 536 3808 rent
561 3776 575 3818 ;
597 3757 819 3805 cunctas
836 3769 968 3806 vero
991 3754 1255 3808 ordinate
1271 3759 1649 3825 tempestates
1671 3755 1860 3811 locum
1885 3756 1985 3810 illu
1998 3773 2053 3811 m

405 3840 564 3895 velut
590 3839 765 3895 choro
797 3841 1131 3908 circuirent,
1178 3841 1328 3897 inter
1359 3861 1420 3898 se
1469 3845 1714 3915 placide,
1757 3846 1920 3900 nulla
1950 3863 2055 3900 cu-

401 3932 622 4000 jusque
654 3928 780 3984 labe
811 3945 878 3984 ac
929 3930 1198 3986 molestia
1228 3931 1492 4002 implexa:
1537 3951 1603 3988 ac
1633 3937 1914 4005 copulatae
1941 3952 1954 4001 ;
1991 3951 2056 3989 ac

409 4034 524 4089 quo
552 4017 797 4088 singula;
829 4035 936 4072 suo
965 4023 1246 4090 tempore,
1268 4022 1422 4092 quod
1456 4039 1489 4076 a
1520 4038 1580 4077 se
1612 4024 1910 4092 singulare
1940 4023 2056 4077 exi-

412 4108 720 4178 miamque
748 4114 921 4174 esset,
969 4109 1113 4163 nihil
1158 4112 1446 4182 cujusque
1493 4112 1710 4182 injuria
1752 4113 2056 4182 ohlaesum,

414 4197 567 4251 dono
599 4197 1053 4252 contribuerent.
1087 4199 1265 4253 Terra
1292 4199 1390 4254 illa
1414 4202 1612 4270 opima
1646 4201 2060 4273 mollisque,ac

415 4303 542 4357 quas
572 4301 782 4358 prosus
815 4286 984 4340 melle
1016 4294 1279 4342 manaret
1298 4305 1363 4342 ac
1389 4287 1558 4353 lacte,
1582 4296 1756 4360 atque
1787 4292 1857 4345 ad
1890 4307 2062 4346 omne

415 4376 712 4430 fructuum
745 4390 932 4446 genus
971 4376 1263 4431 edendum
1312 4385 1464 4432 esset
1512 4379 1738 4446 idonea,
1773 4380 2062 4434 fertilissi-

416 4465 648 4534 misque
671 4463 840 4535 aquis
862 4463 1227 4520 circumflua.
1261 4467 1435 4536 Aquae
1461 4467 1597 4538 ipsis
1623 4469 1975 4540 perpulchra
1999 4484 2063 4523 ac

2154 3310 2560 3384 ϐουλευομένης
2592 3311 2736 3384 παρά
2766 3317 2864 3378 τῆς
2896 3310 3158 3384 γείτονος.
3192 3305 3329 3366 Οῦτε
3352 3307 3454 3382 γὰρ
3500 3310 3617 3366 τοῖς
3677 3304 3802 3376 ἠρι-

2154 3407 2272 3462 νοῖς
2304 3398 2478 3464 ἄνθεσι
2509 3400 2570 3454 τὸ
2620 3398 2793 3471 θέρος,
2839 3397 3143 3472 προτρέχον
3171 3397 3339 3472 τυχὸν
3366 3399 3464 3450 τοῦ
3499 3391 3639 3448 ἰδίου
3687 3413 3805 3447 και-

2159 3495 2276 3564 ροῦ,
2338 3487 2682 3560 ἆλυμαίνετο.
2737 3485 2860 3542 οὔτε
2907 3486 3071 3542 πάλιν
3111 3486 3311 3561 θερινοὶ
3341 3485 3430 3538 καὶ
3492 3502 3806 3556 μετοπωρι-

2157 3579 2243 3634 νοὶ
2291 3578 2512 3653 καρποὶ,
2543 3581 2611 3649 τῇ
2642 3581 2738 3631 τοῦ
2789 3576 2944 3650 ἀέρος
2992 3575 3177 3646 ἀταξίᾳ
3215 3571 3486 3634 πολλάκις
3537 3568 3808 3648 καταφλε-

2162 3667 2382 3744 χθέητες
2413 3664 2759 3742 έρᾇίσκοντο
2807 3667 2893 3720 καὶ
2947 3663 3236 3720 ἀπώλοντο
3269 3665 3364 3735 (α)·
3427 3666 3593 3717 πᾶσαι
3626 3657 3682 3714 δὲ
3713 3659 3806 3712 τὸν

2160 3757 2329 3812 τόπον
2363 3756 2558 3811 ἐκεῖνον
2593 3754 2859 3816 εὐτάκτως
2894 3755 2948 3808 αἱ
2993 3755 3129 3824 ὧραι
3183 3750 3594 3827 περίεχόρευον,
3625 3746 3814 3816 ἀλλή-

2166 3844 2288 3907 λαις
2316 3843 2542 3917 ὁμαλῶς
2570 3843 2657 3898 καὶ
2690 3842 2914 3906 ἀλύπως
2943 3839 3514 3916 συμπεριπλεκὸμεναι
3563 3837 3650 3893 καὶ
3685 3858 3815 3890 συν-

2168 3931 2448 4005 δούμεναι,
2475 3932 2564 3986 καὶ
2593 3931 2660 3985 τὰ
2701 3932 2824 4003 παρ’
2874 3932 3064 3999 έαυτῆς
3095 3931 3314 3998 ἑκάστη,
3365 3929 3502 3982 κατά
3531 3927 3618 3980 τὸν
3669 3920 3814 3979 ἴδιον

2167 4023 2375 4094 καιρὸν,
2461 4019 2850 4098 δωροφοροῦσα
2929 4019 3170 4092 ἐξαίρετα
3232 4017 3321 4072 καὶ
3396 4010 3816 4070 ἀνεπιϐούλευα.

2168 4111 2272 4166 Καὶ
2304 4113 2338 4178 ἡ
2371 4116 2443 4184 γῆ
2477 4106 2534 4163 δὲ
2564 4107 2737 4178 ἐκείνη
2770 4107 2907 4162 πίων
2939 4108 3028 4162 καὶ
3063 4106 3306 4179 μαλακὴ,
3329 4105 3419 4159 καὶ
3451 4103 3596 4164 ὅλως
3627 4103 3824 4178 ῥέουσα

2175 4197 2299 4271 μέλι
2358 4198 2447 4252 καὶ
2504 4195 2668 4272 γάλα,
2727 4195 2813 4251 καὶ
2860 4197 2997 4271 πρὸς
3028 4200 3200 4250 πᾶσαν
3230 4192 3595 4269 καρπογονίαν
3624 4190 3820 4261 ἐπιτη-

2172 4284 2304 4341 δεία’
2364 4283 2516 4340 ὕδασι
2575 4282 2976 4360 γοειμωτάτοις
3008 4282 3355 4358 κατάρρυτος·
3386 4278 3695 4354 περικαλλῆ
3727 4279 3825 4332 καὶ

2172 4374 2306 4446 ἡδέα
2335 4375 2400 4429 τὰ
2428 4372 2612 4441 ὕδατα,
2656 4373 2746 4428 καὶ
2795 4371 3001 4451 σφόδρα
3051 4371 3221 4427 λεπτά
3248 4371 3335 4425 καὶ
3385 4367 3640 4444 διαφανῆ,
3672 4365 3822 4422 πολὺ

2178 4466 2270 4539 μὲν
2305 4463 2356 4534 ἐξ
2386 4460 2560 4538 ὅψεως
2591 4457 2789 4538 ἔχοντα
2812 4463 2874 4517 τὸ
2905 4461 3153 4538 τερπνὸν,
3180 4458 3347 4514 πλέον
3382 4457 3439 4514 δὲ
3467 4462 3563 4513 τοῦ
3591 4461 3826 4533 τερπνοῦ

416 4551 638 4615 dulces,
673 4553 957 4624 valdeque
977 4559 1184 4609 tenues
1213 4570 1280 4609 ac
1311 4555 1566 4626 limpidee
1599 4574 1723 4627 qua:
1756 4563 2044 4629 etaspectl

2174 4555 2237 4608 τὸ
2265 4551 2545 4631 ὠφέλιμον
2578 4551 2953 4626 παρεχόμενα.

417 4639 740 4711 plurimum
775 4647 1120 4708 recrearent,
1169 4659 1236 4698 ac
1284 4659 1460 4714 quam
1493 4643 1850 4702 oblectarent
1881 4649 2065 4718 majo-

417 4745 539 4784 rem
572 4745 805 4800 quoque
837 4730 1148 4786 utilitatem
1183 4732 1522 4803 praeberent.

491 4818 543 4871 3.
580 4817 745 4872 Prius
778 4820 974 4890 itaque
999 4821 1194 4892 ipsum
1235 4822 1495 4877 condidit
1524 4821 1741 4892 locum,
1775 4823 2070 4896 ejusmodi

423 4905 646 4960 scilicet
678 4912 742 4960 ut
793 4908 998 4962 divinae
1049 4909 1209 4980 aptui
1260 4911 1474 4965 sationi
1530 4919 1704 4979 esset,
1754 4930 1859 4969 nec
1900 4915 1973 4969 ab
2005 4931 2072 4969 ea

424 4993 747 5064 quidquam
770 4995 1129 5052 abhorreret.
1157 4999 1371 5055 Exinde
1399 5001 1456 5054 in
1482 5017 1548 5056 eo
1581 5002 1866 5072 plantavit
1885 5020 2074 5076 genus

425 5098 598 5137 omne
652 5083 1178 5153 pulcherrimarum
1232 5088 1527 5160 stirpium,
1582 5107 1706 5160 qua:
1741 5096 1797 5146 et
1835 5097 2072 5164 aspectu

425 5188 723 5227 summam
755 5176 1004 5244 gratiam
1038 5176 1338 5246 baberent,
1364 5184 1420 5232 et
1451 5196 1744 5234 summam
1767 5188 1941 5252 gustu
1977 5185 2077 5236 bo-

432 5262 574 5316 mini
624 5260 991 5318 dulcedinem
1042 5266 1384 5335 przeberent.
1437 5269 1561 5333 Qua
1598 5268 1703 5323 tibi
1747 5271 1972 5324 ratione
2003 5271 2076 5325 ob

429 5349 624 5407 oculos
656 5350 808 5408 clare
838 5351 1060 5424 patrie,
1090 5371 1159 5410 ex
1186 5372 1300 5427 qua
1324 5356 1609 5428 excidisti,
1641 5359 1852 5416 decora
1873 5374 2079 5432 repra-

503 5499 548 5538 ³⁷
577 5501 718 5559 Gen.
749 5517 790 5575 ι,
823 5502 912 5560 il.
986 5503 1031 5541 ⁸⁸
1061 5503 1205 5562 Gen.
1238 5522 1302 5577 ιι,
1331 5507 1388 5565 9.

505 5645 583 5720 (α)
615 5644 959 5706 Ἀπώλοντο.
985 5653 1152 5709 Forte
1181 5645 1536 5710 ἀπώλλυντο.
1567 5651 1728 5711 EDIT.

2250 4825 2303 4878 3.
2336 4815 2604 4897 Πρότερον
2651 4819 2744 4892 μὲν
2796 4819 2888 4874 οὗν
2925 4817 3084 4873 αὐτὸν
3143 4813 3544 4891 ἐδημιούργησε
3592 4813 3685 4868 τὸν
3739 4810 3833 4866 τό·

2180 4931 2282 4966 πον
2314 4910 2458 4981 ἄξιον
2485 4917 2585 4978 τῆς
2647 4905 2931 4983 ὑποδοχῆς
2958 4912 3069 4963 τῶν
3107 4910 3206 4961 τοῦ
3266 4908 3398 4959 Θεοῦ
3450 4902 3830 4980 φυτευμάτων·

2183 4999 2366 5056 ἔπειτα
2422 4996 2480 5053 δὲ
2525 4997 2862 5076 ένεφύτευσεν
2915 4996 3061 5068 αὐτῷ
3121 4991 3438 5049 παντοδαπὰ
3485 4991 3665 5061 κάλλη
3717 4987 3834 5044 δέν-

2185 5086 2349 5165 δρων,
2391 5084 2514 5161 ὄψιν
2560 5108 2616 5141 τε
2641 5086 3007 5162 χαριεστάτην
3038 5082 3128 5138 καὶ
3173 5077 3471 5136 ἀπόλαυσιν
3496 5077 3724 5148 ἤδίστην
3755 5079 3836 5149 τῷ

2184 5179 2454 5252 ἀνθρώπῳ
2503 5175 2858 5252 χαριζόμενα.
2896 5178 3019 5236 Πῶς
3051 5194 3137 5226 σοι
3167 5170 3381 5242 δυνηθῶ
3413 5169 3494 5224 ἐπ’
3523 5164 3646 5242 ὄψιν
3679 5167 3837 5242 ἐναρ-

2186 5271 2298 5343 γῶς
2349 5268 2566 5341 ἀγαγεῖν
2599 5265 2666 5319 τὰ
2709 5262 2890 5334 κάλλη
2917 5270 3018 5332 τῆς
3063 5257 3342 5338 πατρίδος,
3403 5259 3522 5323 ὅθεν
3565 5257 3840 5312 ἐκπέπτω-

2186 5377 2303 5428 κας,
2339 5354 2423 5411 ἵνα
2467 5353 2842 5433 περιαλγήσας
2885 5351 3044 5425 ἀξίως
3082 5351 3168 5406 ἐπὶ
3199 5353 3269 5426 τῇ
3301 5347 3508 5405 τούτων
3565 5347 3839 5423 στερήσει,
