4134 6212
311 344 393 404 65
1480 341 1583 401 DE
1626 339 2040 417 PARADISO,
2085 337 2374 401 ORATIO
2418 341 2526 403 ΠΙ.
3644 346 3727 407 66
3824 366 3831 373 “

312 472 557 548 δυνηθῇς
611 472 713 547 6ψέ
764 493 896 528 ποτε
941 474 1042 538 τῆς
1090 470 1300 548 ἰξορίας
1329 470 1751 536 ἀνακαλέσασθαι
1814 492 1970 526 σεαυ-

2095 476 2309 528 tentare
2340 474 2652 544 sufficiam,
2686 479 2750 530 ut
2778 491 2975 531 eorum
3010 475 3215 532 merito
3272 477 3523 533 carentis
3573 494 3719 536 mua-

313 564 430 636 τὸν,
462 562 553 618 καὶ
592 561 731 637 πρὸς
777 560 955 615 ἐκεῖνα
982 558 1424 638 παλινδρομήσαι
1469 561 1536 616 τά
1589 555 1779 636 βέϐαια
1827 559 1973 615 καλά

316 652 409 709 καὶ
438 652 660 728 τερπνὰ,
692 650 783 704 καὶ
815 651 986 726 ἀμιγῆ
1019 653 1125 704 τῶν
1150 647 1373 729 φαύλων
1403 651 1492 706 καὶ
1523 649 1785 726 λυπηρῶν
1812 668 1826 718 ;

2084 579 2239 629 rens,
2272 567 2509 620 tandem
2542 565 2857 637 aliquando
2901 568 2973 623 ab
3021 566 3224 623 exsilio
3279 572 3396 623 tete
3452 586 3720 626 revocare

2082 650 2298 721 valeas,
2332 658 2506 725 atque
2537 655 2608 709 ad
2639 654 2739 710 illa
2778 655 2947 711 ﬁrma
3004 656 3156 712 bona
3208 673 3273 712 ac
3330 652 3718 726 delectabilia,

323 743 620 815 nullisque
641 741 813 797 malis
846 758 912 797 ac
934 741 1202 797 tristibus
1233 741 1567 807 commista,
1600 739 1961 813 postlimidio
1995 739 2234 795 redire?

400 834 453 887 4.
487 829 606 887 Eiet
653 828 744 902 μὲν
790 829 895 904 γάρ
948 828 1219 893 κάνταῦθα
1266 826 1535 902 λειμῶνες
1585 828 1848 899 εὐανθεῖς,
1880 827 1972 881 καὶ

327 921 428 989 τήν
488 919 605 974 θέαν
658 916 1047 987 περικαλλεῖς·
1107 916 1256 973 ἀλλὰ
1308 921 1564 972 τοσοῦτον
1619 915 1971 993 χαριέστατον

328 1013 400 1084 τῇ
433 1006 636 1078 διανοίᾳ
656 1006 1009 1085 φαντάσθητι·
1042 1010 1160 1069 πῶς
1191 1006 1254 1061 τὸ
1309 1004 1468 1083 ῥόδον
1531 1007 1624 1080 μὲν
1685 1007 1817 1080 μετά
1871 1010 1973 1074 τῆς

331 1097 567 1166 ἀκάνθης
589 1094 695 1151 ὧδε
721 1096 1122 1171 κεκρυμμένον,
1153 1090 1283 1171 ἔχον
1314 1097 1413 1163 τὴν
1448 1093 1639 1166 ἀηδίαν
1673 1098 1741 1169 τῇ
1785 1095 1973 1170 χάριτι

329 1183 779 1260 σύνδρομον,ιηῖ
809 1185 1107 1260 μονονουχὶ
1159 1182 1662 1259 διαμαρτυρόμενον
1693 1186 1857 1255 ἡμῖν,
1889 1181 1972 1237 ὅτι

250 1290 259 1297 '
324 1276 392 1331 τά
418 1277 625 1349 τερπνᾶ
647 1274 820 1328 πάντα
849 1277 946 1328 τοῦ
972 1270 1106 1347 τῇδε
1137 1272 1260 1348 βίου
1286 1277 1405 1335 τοῖς
1462 1270 1734 1347 λυπηροῖς
1775 1270 1974 1344 ἀναμέ-

325 1384 539 1436 μικται.
571 1367 665 1435 Τῷ
695 1358 806 1417 ὄντι
837 1362 942 1438 γάρ
985 1359 1138 1416 οὐδὲν
1196 1366 1304 1416 τῶν
1358 1360 1713 1436 ἀνθρωπίνων
1759 1360 1970 1434 ἀγαθῶν

320 1452 653 1529 ἀκραιφνές·
686 1449 831 1506 ἀλλά
879 1452 1023 1524 πάσῃ
1077 1454 1318 1525 κοσμικῇ
1376 1448 1677 1527 εὐφροσύνῃ
1737 1448 1891 1512 εὐθὺς
1939 1451 1974 1518 ἡ

320 1538 476 1610 λύπη
531 1539 1134 1615 ωμπαραπὲπηγε·τῷ
1178 1540 1342 1614 γάμῳ
1391 1540 1426 1609 ἡ
1479 1537 1796 1614 χηρεία,τῇ
1848 1558 1975 1592 παι-

326 1627 599 1707 δοτροφίᾳ
653 1631 689 1699 ἡ
750 1627 1007 1703 μίριμνα,
1038 1632 1107 1703 τῇ
1165 1627 1411 1700 εὐτεκνίᾳ
1460 1629 1496 1698 ἡ
1554 1622 1977 1697 ἀποϐολή,ταῖς

320 1717 705 1793 περιφανείαις
754 1718 809 1771 αἱ
867 1718 1103 1793 ἀτιμίαι,
1147 1722 1268 1779 ταῖς
1315 1720 1543 1793 τρυφαῖς
1598 1716 1652 1769 αἱ
1703 1714 1976 1790 παρέσεις,

325 1811 449 1869 ταῖς
496 1805 730 1880 ὑγιείαις
770 1806 826 1861 αἱ
875 1805 1204 1883 ἀρῥωστίαι·
1251 1805 1479 1877 ἀνθηρὸν
1526 1804 1588 1859 τὸ
1637 1799 1821 1881 ῥόδον,
1853 1802 1983 1859 ἀλλ’

329 1893 457 1967 ὶμοὶ
486 1896 787 1971 κατήφειαν
820 1893 1059 1967 ἐμποιεῖ·
1094 1895 1275 1956 ὁσάκις
1302 1893 1402 1968 γὰρ
1434 1890 1493 1947 ἂν
1546 1889 1648 1948 ἴδω
1692 1894 1755 1947 τὸ
1798 1890 1977 1961 ἀνθος,

328 1985 431 2050 τῆς
517 1982 785 2056 ἁμαρτίας
852 1982 1342 2055 ἀναμιμνήσκομαι
1398 1988 1498 2051 τῆς
1550 1981 1733 2054 ἐμῆς,
1789 1978 1859 2036 δι’
1915 1984 1982 2050 ἧς

331 2069 567 2134 ἀκάνθας
596 2074 632 2140 ἡ
665 2079 737 2147 γῆ
768 2072 858 2127 καὶ
889 2066 1186 2147 τριϐόλους
1244 2069 1557 2126 ἀνατέλλειν
1616 2068 1974 2141 κατεδικάσθη

334 2180 452 2232 μοι.
482 2163 581 2215 Καὶ
612 2159 841 2216 ἐνταῦθα
875 2161 969 2232 μὶν
1021 2159 1113 2215 οὖν
1179 2159 1572 2236 ὀλιγοχρόνιος
1617 2164 1724 2214 τῶν
1777 2162 1976 2235 ⁴ἥρινῶν

330 2248 534 2304 ἀνθὲων
563 2252 599 2318 ἡ
632 2251 817 2324 χάρις,
851 2244 929 2303 ἔτι
970 2253 1270 2314 ποθοῦντας
1317 2251 1466 2320 ἡμᾶς
1518 2247 1848 2304 ἐπιλιποῦσα
1871 2268 1884 2280 ’
1914 2249 1978 2304 ού

328 2340 429 2414 γὰρ
461 2337 709 2416 ἔφθημεν
753 2335 1102 2411 δρεψάμενοι,
1132 2338 1223 2392 καὶ
1282 2336 1337 2392 ἰν
1393 2343 1513 2399 ταῖς
1568 2337 1756 2414 χερσὶν
1817 2338 1981 2410 ἡμῶν

331 2425 709 2500 ἀπεμαράνθη.
744 2426 895 2482 Ἐκεῖ
936 2423 996 2480 δὲ
1034 2425 1098 2480 τὸ
1146 2423 1302 2487 ἄνθος
1346 2424 1408 2480 ού
1454 2426 1592 2499 πρὸς
1637 2424 1815 2501 βραχὺ
1869 2422 1982 2480 δια-

334 2513 574 2588 λάμπον,
606 2515 720 2570 εἶτα
748 2512 1023 2579 ἐκλεῖπον,
1057 2512 1202 2569 ἀλλά
1232 2511 1445 2589 διαρκὲς
1475 2514 1538 2569 τὸ
1571 2514 1798 2589 τερπνὸν
1849 2512 1979 2589 ἔχον

332 2604 418 2658 καὶ
482 2600 687 2674 ἀίδιον,
744 2600 1120 2658 ἀσυντίλεστον
1172 2604 1273 2671 τὴν
1326 2602 1648 2659 ἀπόλαυσιν·
1693 2605 1729 2672 ἡ
1783 2602 1982 2659 εὐωδία

334 2692 647 2767 ἀκόρεστος,
702 2694 738 2761 ἠ
797 2688 1027 2768 εῦχροία
1092 2688 1355 2762 διηνεκῶς
1409 2690 1860 2768 ἐξαστράπτουσα.
1903 2691 1980 2749 Ού

342 2780 457 2855 βίαι
508 2781 717 2853 ἀνεμων
773 2780 1208 2854 παραλυποῦσιν,
1243 2781 1306 2835 οὺ
1358 2780 1611 2854 νηνεμίαι
1672 2781 1980 2855 ἀπομαραί-

341 2890 542 2936 νουσιν,
572 2871 632 2924 ού
659 2871 887 2944 παγετοὶ
937 2869 1350 2944 ἀποπνίγουσιν,
1382 2869 1489 2945 οὐχ
1536 2869 1702 2939 ἡλίου
1760 2869 1978 2947 φλόγω-

338 2978 420 3019 σις
446 2958 827 3037 καταφρύσσει·
861 2948 1009 3013 ἀλλά
1066 2959 1279 3029 πνεῦμα
1334 2958 1575 3032 μέτριον,
1606 2956 1812 3029 λεπτήν
1859 2979 1983 3014 τινα

2155 829 2205 883 4.
2239 830 2388 884 Sane
2419 829 2655 902 quidem
2688 846 2795 886 nec
2853 831 2945 887 hic
3002 833 3217 888 desunt
3272 838 3439 905 prata
3499 834 3725 903 ﬂorida,

2085 922 2443 989 aspectuque
2476 919 2825 992 perpulchra
2855 938 2921 976 ac
2964 927 3168 994 grata:
3219 925 3372 994 quod
3429 924 3725 980 enimvero

2083 1005 2179 1059 illa
2203 1007 2454 1061 maxime
2477 1009 2797 1079 gratiarum
2832 1010 3070 1073 habent,
3098 1011 3294 1068 animo
3317 1018 3564 1085 reputa;
3584 1030 3728 1085 quo-

2084 1111 2219 1148 nam
2244 1097 2415 1151 modo
2438 1113 2569 1152 rosa
2594 1114 2724 1152 cum
2745 1097 2916 1168 spina
2936 1098 3030 1153 hic
3053 1099 3309 1165 deliteat,
3332 1103 3504 1172 cujus
3524 1102 3724 1175 gratiae

2083 1182 2410 1238 insuavitas
2433 1184 2657 1239 assecla
2674 1186 2936 1252 exsistat,
2976 1203 3267 1259 propeque
3295 1189 3462 1243 nobis
3494 1194 3726 1245 contes-

2083 1276 2256 1336 tetur,
2289 1273 2570 1344 quidquid
2602 1273 2728 1329 vita:
2761 1274 2937 1346 hujus
2961 1274 3397 1332 delectabilium
3422 1278 3731 1348 est,tri31i-

2085 1359 2195 1413 bus
2225 1377 2291 1415 ac
2334 1360 2601 1417 molestis
2657 1379 2785 1418 esse
2843 1364 3239 1419 commistum.
3303 1366 3519 1421 Revera
3569 1368 3729 1424 enim

2086 1448 2249 1502 nulla
2277 1448 2338 1503 in
2370 1450 2539 1505 bonis
2571 1451 2848 1507 humanis
2880 1453 3107 1508 sincera
3137 1458 3278 1508 sunt
3305 1472 3371 1510 ac
3402 1473 3569 1527 pura,
3619 1458 3721 1514 sed

2086 1537 2282 1591 saeculi
2316 1538 2694 1595 omnileetitiaa
2715 1540 3023 1595 confestim
3048 1542 3319 1596 maestitia
3336 1543 3616 1616 dolorque
3631 1562 3728 1602 co-

2086 1625 2292 1695 θαι-οῖς
2319 1627 2567 1698 nuptiis,
2585 1628 2873 1697 viduitas;
2905 1628 3218 1685 liberorum
3239 1631 3592 1700 educationi,
3618 1633 3730 1690 sol-

2086 1713 2329 1770 licitudo
2348 1731 2414 1770 ac
2433 1732 2572 1771 cura
2593 1733 2606 1782 ;
2634 1717 2882 1789 cepiosa:
2908 1719 3218 1791 probeque
3236 1719 3416 1791 prolis
3438 1722 3681 1778 amissio
3708 1740 3723 1793 ;

2090 1802 2426 1875 conspicuis
2443 1803 2786 1872 honoribus,
2812 1805 3070 1863 infamia:
3100 1807 3421 1876 dedecora;
3454 1808 3729 1883 volupta-

2088 1892 2269 1960 tibus,
2311 1893 2713 1948 membrorum
2732 1894 2947 1951 solutio
2972 1896 3264 1966 ;'sanitati,
3284 1898 3585 1967 agritudo.
3604 1898 3730 1955 Flo-

2090 1980 2218 2035 rida
2247 1997 2382 2037 rosa
2411 1988 2521 2051 est,
2555 1987 2612 2037 at
2642 1988 2849 2038 mmsto
2884 2001 2973 2040 me
3019 1984 3212 2040 animo
3259 1985 3416 2042 facit.
3464 1987 3730 2051 Quoties-

2090 2085 2322 2140 cunque
2352 2070 2507 2125 enim
2541 2070 2741 2126 ﬂorem
2775 2073 3095 2145 conspicio,
3128 2074 3184 2128 in
3221 2074 3335 2130 mei
3383 2076 3729 2133 memoriam

2091 2157 2310 2228 peccati
2344 2159 2537 2229 redeo,
2567 2160 2737 2230 cujus
2770 2167 2926 2216 reatu
2962 2163 3246 2218 indictum
3281 2168 3463 2230 terrae,
3499 2169 3564 2219 ut
3585 2164 3731 2220 mibi

2090 2247 2292 2318 spinas
2323 2263 2389 2301 ac
2419 2247 2667 2303 tribulos
2697 2250 2988 2318 germinet
3013 2251 3077 2304 3°.
3113 2252 3179 2306 Et
3208 2251 3302 2307 hic
3333 2269 3475 2308 sane
3505 2254 3734 2309 brevis-

2091 2334 2223 2389 simi
2257 2335 2539 2407 temporis
2572 2337 2724 2392 349
2758 2337 2967 2393 ﬂorum
3000 2339 3191 2411 gratia
3232 2346 3340 2407 est,
3392 2341 3494 2413 qui
3538 2342 3731 2399 adhuc

2090 2423 2394 2495 cupientes
2426 2425 2718 2481 deserant.
2753 2427 3011 2483 Necdum
3045 2428 3493 2501 enimlegimus,
3518 2447 3651 2486 cum
3672 2432 3732 2487 in

2092 2512 2365 2568 manibus
2397 2515 2614 2570 nostris
2645 2531 3001 2572 emarcuere.
3040 2516 3161 2572 Illic
3191 2535 3324 2573 vero
3356 2517 3483 2588 flos,
3508 2535 3625 2574 non
3655 2521 3728 2576 ad

2091 2601 2263 2657 breve
2293 2601 2577 2676 effulgens
2606 2609 2862 2677 tempus,
2897 2611 3142 2678 tumque
3162 2608 3457 2677 deficiens,
3477 2610 3577 2664 sed
3602 2625 3734 2681 per-

2092 2705 2326 2756 ennem,
2348 2692 2785 2761 jucunditatem
2818 2711 2883 2748 ac
2910 2696 3327 2767 sempiternam
3361 2696 3617 2765 habens;
3638 2715 3728 2754 as-

2091 2782 2322 2849 pectum
2353 2786 2585 2852 gratum
2622 2799 2688 2837 ac
2720 2782 3134 2850 immortalem,
3171 2785 3504 2840 fruitionem
3561 2786 3728 2841 inde-

2092 2869 2343 2925 lebilem.
2379 2870 2739 2941 Fragrantia,
2785 2871 2978 2927 omnis
3029 2872 3185 2927 taedii
3236 2887 3472 2945 expers;
3518 2874 3732 2931 coloris

2093 2959 2353 3014 suavitas
2377 2958 2600 3030 jugiter
2629 2959 2932 3031 effulgens.
2964 2961 3118 3015 Nihil
3152 2967 3455 3016 ventorum
3477 2962 3735 3034 impetus

335 3047 423 3101 καί
464 3044 655 3117 ἡδεῖαν
708 3047 1087 3123 παρεχόμενον
1148 3044 1336 3118 αὔραν,
1367 3046 1458 3101 καὶ
1514 3046 1733 3126 κούφως
1792 3048 1979 3110 αὐτοῖς

2095 3064 2157 3103 ac
2188 3047 2450 3103 turbines
2485 3052 2712 3115 nocent,
2748 3065 2862 3103 non
2882 3050 3352 3122 sudumtempus
3375 3050 3553 3107 nullis
3570 3053 3751 3115 auris.

332 3137 421 3190 καὶ
454 3140 747 3209 προσηνῶς
792 3136 1067 3204 ἐπιπνέον,
1099 3132 1409 3208 ἀδάμαστον
1463 3132 1653 3211 χρόνῳ
1697 3136 1785 3191 καὶ
1837 3135 1978 3209 ἀμάς

331 3244 526 3299 ραντον
555 3226 657 3293 τήν
684 3225 847 3299 χάριν
879 3223 1054 3279 αὐτῶν
1083 3221 1361 3293 διασώζει.

2087 3151 2481 3191 emarcescere
2512 3135 2690 3204 facit;
2736 3153 2849 3191 non
2890 3136 3107 3209 glacies
3154 3139 3389 3194 horrida
3426 3139 3733 3212 congelat;

2087 3241 2201 3279 non
2227 3224 2369 3281 solis
2387 3225 2559 3280 ardor
2587 3231 2732 3281 testu
2763 3230 2979 3294 torret;
3005 3227 3105 3282 sed
3132 3229 3471 3284 moderatus
3489 3229 3730 3300 quidam

330 3320 564 3384 ventus,
599 3320 837 3371 tenuem
869 3316 1186 3386 quamdam
1218 3314 1566 3386 dulcemque
1597 3315 1862 3388 praebens
1882 3330 2106 3386 auram,
2126 3319 2386 3386 tempore
2408 3315 2823 3371 indomabilem
2847 3332 2914 3372 ac
2936 3317 3481 3373 immarcescibilem
3503 3317 3736 3376 illorum

330 3410 528 3460 servat
554 3402 831 3475 gratiam.

396 3494 455 3548 5.
486 3490 571 3546 Τά
627 3488 685 3546 δὲ
731 3493 839 3545 τῶν
882 3492 1059 3568 φυτῶν
1099 3487 1308 3559 κάλλη,
1368 3487 1490 3561 ἄξια
1534 3489 1624 3545 καὶ
1682 3489 1847 3560 αὐτῆς
1903 3491 1983 3565 (α)

325 3586 427 3648 τῆς
458 3577 829 3653 δημιουργίας
855 3578 945 3633 καὶ
976 3577 1191 3657 φυτείας
1214 3583 1310 3634 τοῦ
1358 3579 1660 3641 κτίσαντος
1704 3580 1801 3633 ὅσα
1848 3599 1982 3657 φρυ-

326 3670 529 3741 γανικά
574 3668 668 3722 καὶ
726 3664 826 3722 ὅσα
880 3664 1134 3741 ἔνθαμνα,
1165 3668 1231 3722 τὰ
1266 3665 1661 3744 μονοστὲλεχα,
1691 3669 1760 3722 τὰ
1814 3667 1985 3725 πολύ-

325 3755 529 3821 κλαδα,
560 3758 629 3811 τὰ
659 3757 924 3829 ὑψίκομα,
951 3757 1019 3811 τά
1063 3755 1374 3833 ἀμφιθαλῆ,
1413 3757 1481 3811 τὰ
1537 3751 1885 3832 φυλλοϐόλα,
1916 3759 1983 3812 τὰ

326 3844 621 3924 ἀείφυλλα,
650 3846 721 3900 τά
772 3845 1143 3920 γυμνούμενα,
1173 3846 1242 3900 τὰ
1292 3844 1542 3914 ἀειθαλῆ,
1590 3845 1658 3900 τά
1709 3845 1980 3920 κάρπιμα,

323 3938 393 3991 τὰ
443 3934 685 4007 ἄκαρπα·
716 3934 786 3990 τὰ
843 3934 939 4007 μὶν
981 3938 1051 4008 τῇ
1110 3935 1275 4009 χρείᾳ
1334 3933 1767 4010 ὑπηρετούμενα,
1804 3935 1872 3988 τὰ
1925 3932 1983 3989 δὲ

322 4026 468 4095 πρὸς
526 4022 832 4080 ἀπόλαυσιν
888 4018 1339 4097 συμϐαλλόμενα’
1370 4022 1546 4078 πάντα
1614 4024 1832 4098 μτγὲθει
1890 4023 1980 4078 καὶ

326 4112 527 4170 κάλλει
560 4110 904 4191 διαφᾶροντα,
934 4112 1197 4168 κατάσκια
1240 4117 1359 4177 τοῖς
1411 4109 1662 4183 κλάδοις,
1692 4110 1978 4191 ἀμφιθαλῆ

326 4209 447 4266 ταῖς
505 4203 728 4277 κόμαις,
775 4202 1006 4279 βρύοντα
1058 4208 1176 4264 τοῖς
1231 4207 1484 4277 καρποῖς,
1543 4199 1739 4263 ἄλλοις
1799 4199 1976 4271 ἀλλην

327 4292 521 4367 χρείαν
581 4293 726 4365 ὁμοῦ
782 4291 873 4346 καὶ
945 4292 1131 4365 τέρψιν
1210 4290 1459 4369 ἀφθόνως
1516 4288 1931 4364 ἀποπληροῦσιν
1962 4297 1977 4322 ⁸

327 4381 557 4436 ὶκάστου
586 4381 690 4456 γάρ
718 4384 828 4435 τῶν
854 4384 1076 4456 καρπῶν
1108 4379 1316 4435 τούτων
1344 4377 1490 4434 πολὺ
1525 4378 1619 4451 μὶν
1650 4377 1712 4432 τὸ
1765 4379 1982 4454 χάριεν,

328 4468 502 4525 πλέον
535 4467 597 4525 δὶ
625 4469 793 4525 πάλιν
819 4473 916 4524 τοῦ
944 4473 1178 4546 τερπνοῦ
1205 4469 1268 4523 τὸ
1294 4464 1581 4545 χρειῶδες.

401 4564 458 4616 6.
492 4564 661 4622 Βοῖος
692 4554 857 4633 λόγος
886 4559 1223 4634 παραστήσει
1258 4563 1360 4627 τῆς
1403 4553 1609 4627 ἡδονῆς
1660 4555 1870 4627 ἐκείνης
1923 4557 1989 4611 τὸ

338 4641 689 4723 ὑπερϐάλλον
715 4666 729 4715 ;
763 4647 885 4703 Ἐὰν
918 4645 1021 4722 γὰρ
1052 4645 1313 4721 συγκρίνῃ
1344 4667 1429 4707 τις
1456 4650 1574 4708 τοῖς
1606 4642 1714 4701 ὧδε
1745 4645 1813 4699 τὰ
1855 4644 1987 4718 ἐκεῖ,

332 4730 644 4811 καθυϐρίζει
698 4732 913 4808 μᾶλλυν
952 4737 1022 4808 τῇ
1070 4734 1383 4810 παραθέσει,
1435 4731 1472 4803 ἤ
1522 4735 1646 4788 τινά
1695 4754 1779 4787 σοι
1833 4732 1989 4808 ἐνάρ-

333 4844 481 4898 γειαν
526 4824 607 4879 ’ἑκ
673 4825 775 4892 τῆς
850 4822 1059 4885 εἰκόνος
1134 4821 1455 4898 παρίστησιν
1497 4868 1511 4891 ,
1571 4820 1990 4892 ἀποπιπτούσης

336 4911 481 4968 πολὺ
508 4919 613 4983 τῆς
636 4911 848 4977 εῗκόνος
876 4913 1016 4990 πρὸς
1040 4913 1140 4982 τήν
1172 4916 1270 4967 τοῦ
1295 4911 1660 4989 πρωτοτύπου
1701 4909 1986 4982 ἀλήθειαν.

334 5001 515 5057 Πάντα
557 5002 765 5069 τέλεια,
798 4999 974 5056 πάντα
1029 4999 1240 5076 ὥριμα,
1272 5000 1334 5055 ού
1387 5001 1523 5056 κατά
1580 5001 1773 5076 μικρὸν
1834 4998 1994 5071 ἀύξη-

335 5092 493 5146 θέντα
523 5089 611 5164 (ού
640 5091 741 5164 γὰρ
769 5089 876 5143 ἀπὸ
907 5087 1100 5151 ἄνθους
1125 5088 1213 5145 ἐπὶ
1266 5090 1367 5158 τήν
1429 5091 1609 5163 ἀκμὴν
1666 5093 1746 5161 τῷ
1802 5087 1990 5164 χρόνῳ

337 5179 716 5255 προέρχεται),
750 5175 878 5233 ἀλλ’
929 5177 1154 5233 αὐτόθεν
1217 5178 1351 5252 μετά
1399 5184 1500 5249 τῆς
1551 5177 1751 5242 οἰκείας
1807 5178 1989 5249 ἀκμῆς

338 5267 617 5347 ὶκφυὲντα,
668 5267 762 5322 καὶ
820 5266 1235 5341 ἀποτελέσματα
1286 5267 1494 5345 φύσεως
1563 5266 1661 5322 ούκ
1717 5264 1989 5341 ἀνθρωπί-

339 5379 435 5428 νης
466 5358 897 5434 ἐπιχειρήσεως.

408 5547 457 5585 ³⁹
488 5550 635 5605 Gen.
668 5561 756 5615 ιιι,
786 5544 879 5603 48.

2017 4250 2064 4315 D

2163 3491 2217 3547 5.
2250 3493 2381 3565 Ipsa
2413 3507 2646 3564 quoque
2676 3491 2949 3565 stirpium
2994 3497 3293 3561 venustas,
3341 3511 3466 3568 qua:
3510 3498 3564 3551 et
3604 3495 3738 3568 ipsa

2092 3581 2413 3637 conditoris
2443 3581 2739 3651 opificium
2772 3598 2838 3637 ac
2869 3581 3288 3654 plantationem
3319 3584 3517 3640 deceat
3538 3602 3551 3650 ;
3572 3600 3737 3656 quaa-

2093 3685 2325 3741 cunque
2357 3669 2736 3724 sarmentitite
2771 3679 2907 3726 sunt
2939 3676 2995 3726 et
3052 3688 3180 3742 quae
3239 3672 3549 3743 fruticosa,
3607 3690 3736 3746 quas

2092 3757 2436 3829 unietirpes.
2469 3758 2840 3829 multiramaa,
2874 3759 3178 3825 alticomze,
3231 3776 3413 3830 opaca
3468 3761 3734 3832 viridate,

2094 3844 2249 3899 foliis
2281 3845 2560 3910 deciduis,
2593 3861 2826 3917 semper
2860 3845 3098 3915 foliatae,
3145 3864 3273 3919 quae
3320 3846 3455 3903 folia
3496 3855 3738 3917 exuant,

2090 3947 2325 4003 semper
2352 3932 2612 3988 virentes
2644 3940 2815 4003 atque
2844 3934 3086 4001 ﬂoridae,
3120 3935 3435 4007 frugiferae,
3488 3935 3738 4008 infrugi-

2092 4020 2258 4088 ferae;
2292 4036 2539 4092 quarum
2571 4021 2697 4076 alia:
2728 4020 2860 4076 nsui
2886 4023 3187 4077 destinatae
3220 4022 3357 4091 sint,
3388 4022 3515 4079 alite
3544 4025 3739 4081 confe-

2092 4112 2226 4163 rant
2251 4110 2321 4164 ad
2347 4109 2781 4179 jucunditatcm
2798 4111 3103 4166 fruendam
3128 4128 3142 4178 ;
3165 4115 3508 4183 prmstantes
3533 4128 3740 4170 omnes

2096 4198 2441 4269 proceritate
2470 4202 2528 4253 et
2570 4203 2894 4268 venustate,
2944 4215 3136 4271 opacae
3173 4200 3376 4267 ramis,
3424 4199 3611 4257 comis
3651 4201 3743 4257 vi-

2099 4292 2294 4343 rentes
2327 4304 2392 4342 ac
2422 4287 2660 4354 ﬂoridae,
2686 4289 2975 4345 fructibus
3022 4293 3336 4359 scatentes,
3389 4307 3517 4361 quae
3561 4288 3740 4348 aliam

2097 4380 2270 4445 atque
2301 4376 2474 4431 aliam
2536 4393 2669 4433 cum
2730 4377 3046 4434 utilitatem
3109 4383 3233 4433 tum
3292 4378 3745 4437 oblectationem

2102 4465 2354 4520 ubertim
2391 4466 2706 4537 praebeant.

2167 4554 2221 4607 6.
2254 4556 2530 4620 Quisnam
2562 4554 2791 4612 dicendi
2821 4556 2909 4612 vis
2948 4556 3278 4629 'voluptatis
3331 4556 3489 4613 illius
3538 4574 3749 4631 reprae-

2101 4645 2291 4697 sentet
2322 4644 2768 4714 praestantiam?
2800 4645 2860 4700 Si
2891 4645 3023 4717 quis
3056 4662 3307 4717 namque
3340 4662 3471 4701 cum
3506 4646 3578 4702 iis
3610 4664 3741 4719 qua;

2101 4734 2242 4786 sunt
2257 4730 2386 4785 vitae
2406 4730 2586 4802 hujus
2604 4732 3328 4806 comparaverit,injuriam
3356 4735 3552 4807 potius
3573 4735 3750 4794 faciet

2101 4820 2518 4891 comparando,
2545 4837 2719 4892 quam
2750 4838 2817 4876 ex
2849 4820 3167 4878 simulacro
3190 4822 3370 4878 ullam
3400 4823 3505 4878 tibi
3532 4823 3614 4880 rei
3634 4825 3747 4881 evi-

2100 4907 2357 4964 dentiam
2394 4909 2711 4979 praestabit,
2744 4910 2898 4982 quod
2932 4910 3102 4982 longe
3131 4911 3331 4981 procul
3364 4930 3395 4966 a
3426 4912 3621 4985 prima
3651 4929 3751 4970 ve-

2100 4997 2272 5053 ritate
2302 5014 2369 5052 ac
2423 4998 2740 5069 exemplari
2799 4997 3124 5054 similitudo
3183 4999 3431 5057 excidat.
3486 5002 3753 5060 Perfecta

2099 5085 2535 5152 omnia,cuncta
2563 5092 2814 5155 matura,
2850 5104 2962 5141 non
2986 5087 3269 5160 paulatim
3294 5089 3442 5145 facto
3467 5096 3750 5148 cremento

2099 5179 2349 5236 adaucta
2376 5178 2517 5242 (non
2549 5177 2700 5232 enim
2736 5193 2769 5230 a
2802 5175 2944 5232 ﬂore
2975 5178 3042 5233 ad
3079 5195 3383 5235 summum
3420 5179 3748 5236 incremen-

2098 5272 2227 5325 tum
2249 5270 2579 5343 provehunt
2599 5281 2665 5321 ac
2688 5266 3134 5339 maturitatem),
3156 5269 3259 5324 sed
3284 5270 3357 5325 ab
3381 5269 3507 5341 ipso
3546 5268 3748 5325 statim

2098 5362 2231 5413 ortu
2261 5375 2396 5414 cum
2428 5372 2537 5414 sua
2565 5360 2737 5409 enata
2766 5370 3005 5410 summa
3057 5356 3412 5427 perfectione
3441 5374 3510 5412 ac
3549 5357 3747 5430 vigore

2099 5449 2277 5520 atque
2315 5452 2540 5505 naturae
2567 5444 2831 5510 effectus,
2863 5460 2977 5500 non
3006 5444 3313 5502 industrie
3343 5446 3637 5502 humanae.

408 5663 487 5736 (α)
515 5662 715 5734 Mais.
747 5664 920 5720 Forte
946 5659 1099 5735 αὐτά,
1131 5665 1198 5721 ut
1225 5665 1287 5721 et.
1314 5662 1605 5737 interpres
1631 5660 1849 5735 legisse
1876 5658 1980 5715 vid«

2095 5676 2123 5717 υ.
2159 5659 2322 5718 Enrr.
