4134 6212
396 325 477 385 67
1372 311 1767 374 APPENDIX
1809 306 2140 374 OPERUM
2181 307 2248 369 8.
2293 307 2582 369 BASILII
2627 309 2900 370 MAGNI.
3721 318 3803 379 es

465 454 522 510 7.
555 452 638 508 Ibi
669 454 727 508 et
759 448 1114 507 avicularum
1173 444 1554 517 omnigenum
1616 455 1850 515 genera,
1908 443 2032 496 tum

2219 439 2276 492 7.
2333 436 2482 490 Ἐκεῖ
2534 435 2624 491 καὶ
2682 435 2910 513 ὀρνίθων
2967 439 3328 498 παντοδαπῶν
3413 445 3563 521 γένη,
3613 449 3692 519 τῷ
3740 467 3801 503 τε

398 555 721 616 pennarum
748 537 906 604 ﬂore,
931 541 1058 592 tum
1082 535 1278 590 nativo
1299 536 1584 588 concentu
1603 536 1780 603 atque
1795 528 2040 603 garritu,

399 632 606 686 miram
641 627 958 699 quamdam
991 643 1024 679 a
1053 641 1114 680 se
1151 623 1586 693 jucunditatem
1641 618 2043 691 spectantibus

395 718 729 784 offerentis;
764 719 828 770 ut
858 714 1019 771 nullo
1052 729 1165 769 nou
1198 729 1376 768 sensu
1407 707 1584 766 homo
1633 707 2044 765 liberalissime

393 811 686 878 acceptus,
721 821 838 876 qua
866 804 1019 870 visu,
1053 819 1170 875 qua
1201 801 1428 865 auditu,
1455 816 1574 871 qua
1602 802 1785 878 tactu,
1813 814 1929 869 qua
1959 797 2042 852 ol-

394 873 548 953 factu
582 912 646 950 ac
669 873 861 966 gestu,
888 873 1108 948 affatim
1132 890 1527 946 deliciaretur.
1549 873 1688 944 Cum
1707 886 2042 943 volucribus

393 989 561 1042 erant
593 988 647 1039 et
676 981 1044 1038 terrestrium
1082 979 1429 1036 animalium
1463 978 1775 1050 omnigena
1817 979 2042 1048 specta-

395 1074 546 1141 cula,
571 1074 769 1128 cicura
789 1071 986 1127 omnia
1009 1075 1065 1126 et
1083 1074 1426 1137 mansueta;
1453 1065 1819 1139 paricunctis
1843 1080 2041 1120 secum

395 1161 592 1217 indole
623 1178 688 1216 ac
719 1159 1064 1232 ingenio,sic
1086 1158 1383 1214 audientia
1404 1173 1468 1211 ac
1493 1155 1809 1228 loquentia,
1835 1151 2042 1208 utnul-

393 1251 449 1306 lo
473 1250 704 1321 negotio
737 1248 1220 1319 intelligerentur.
1251 1244 1404 1301 Nihil
1429 1249 1550 1298 tum
1579 1259 1818 1314 serpens
1841 1242 2042 1295 horro-

396 1340 476 1396 ris
510 1340 776 1404 faciebat,
811 1339 911 1393 sed
964 1336 1118 1391 mitis
1181 1351 1246 1389 ac
1309 1336 1656 1388 mansuetus
1717 1339 1874 1396 eral;
1925 1347 2042 1385 non

394 1429 609 1502 agresti
635 1443 903 1497 saevoque
936 1425 1106 1478 modo
1139 1423 1362 1477 undose
1394 1421 1451 1474 in
1485 1424 1652 1475 terra;
1687 1420 1892 1474 faciem
1920 1436 2043 1490 rep-

392 1523 526 1572 tans
557 1520 930 1583 ventremque
960 1513 1223 1577 trahens,
1257 1510 1357 1564 sed
1390 1513 1618 1564 erectus
1642 1508 1951 1578 celsusque
1983 1507 2042 1561 in

394 1608 567 1676 pedes
599 1602 897 1656 incedens.
934 1600 1027 1654 Sic
1059 1604 1115 1653 et
1162 1603 1378 1652 cmterae
1428 1597 1625 1651 bestiae
1676 1612 2042 1666 quazcunque

394 1709 550 1749 nunc
574 1689 874 1744 indomitze
898 1692 954 1743 et
985 1688 1113 1742 fera:
1138 1691 1297 1753 sunt,
1331 1690 1470 1740 tunc
1501 1689 1820 1740 mansuetae
1853 1689 2036 1739 erant.

393 1780 517 1836 Illic
540 1780 736 1849 itaque
761 1777 913 1832 Deus
932 1776 1230 1831 hominem
1255 1774 1649 1847 posuit,quem
1674 1775 2038 1829 formaverat.

389 1869 538 1925 Alibi
556 1865 1037 1933 iormatum,illuc
1062 1865 1309 1920 induxit.
1344 1863 1849 1926 Quemadmodum
1878 1863 2034 1918 enim

391 1961 543 2014 Deus
571 1955 888 2010 luminaria
922 1955 1177 2026 primum
1211 1952 1554 2021 condidit,et
1579 1951 1633 2006 in
1666 1953 2035 2007 ﬁrmamento

390 2045 588 2120 posuit
609 2046 692 2110 l*0;
726 2043 805 2098 ita
831 2049 886 2098 et
903 2043 1201 2097 hominem
1230 2042 1494 2096 formavit
1517 2041 1752 2112 quidem
1773 2039 1981 2095 limum
2005 2057 2036 2095 e

389 2141 564 2202 terra,
590 2140 836 2204 tumque
866 2132 1062 2204 posuit
1085 2132 1140 2185 in
1166 2131 1436 2203 paradiso
1455 2131 1519 2184 “.
1544 2129 1796 2184 Observa
1815 2135 2032 2199 autem,

394 2226 550 2280 haud
577 2223 799 2278 dictum
825 2237 973 2286 esse,
997 2223 1178 2283 Quem
1209 2220 1440 2289 fecerat,
1470 2220 1596 2285 sed,
1630 2220 1794 2287 Quem
1823 2221 2031 2288 forma-

393 2323 560 2370 verat.
594 2315 824 2367 Fecerat
857 2325 1134 2380 namque,
1169 2307 1228 2361 id
1261 2312 1368 2378 est,
1403 2309 1556 2379 quod
1591 2312 1679 2362 est
1717 2307 1788 2361 ad
1822 2307 2030 2379 imagi—

392 2419 547 2467 nem,
580 2399 724 2454 illud
755 2415 890 2452 vero
919 2398 1324 2468 incorporeum
1359 2401 1480 2462 est;
1516 2399 1664 2466 quod
1700 2412 1830 2451 vero
1870 2400 2035 2451 vacat

389 2503 647 2560 corpere,
680 2503 784 2542 nec
817 2486 942 2541 loco
975 2485 1489 2555 circumscriptum
1523 2489 1631 2540 est.
1667 2483 1766 2538 Est
1795 2485 2030 2555 quidem

389 2578 545 2652 quod
577 2577 797 2631 factum
821 2575 1214 2645 esl,ﬁgmento
1237 2572 1566 2628 necessario
1591 2574 2035 2639 comesganima

387 2667 613 2724 scilicet
642 2664 892 2736 corpori.
927 2663 1174 2717 Necesse
1206 2661 1361 2716 enim
1394 2667 1483 2717 est
1516 2678 1644 2716 esse
1675 2662 1850 2718 simul
1877 2663 2032 2733 quod

389 2755 780 2827 compositum
813 2757 921 2808 est.
955 2751 1261 2806 Enimvero
1295 2751 1575 2822 primaria
1605 2751 1826 2807 ratione
1870 2751 2034 2807 locus

390 2844 650 2917 corporis
674 2847 782 2907 est,
805 2841 1001 2896 anima
1025 2857 1157 2894 vero
1191 2855 1259 2895 ex
1307 2840 1689 2910 consequenti
1722 2841 1876 2897 850
1909 2839 2032 2895 loco

389 2932 775 2996 concluditur,
805 2946 922 3001 qua
944 2927 1287 2984 habitudine
1305 2945 1368 2983 se
1391 2929 1460 2982 ad
1486 2945 1697 3000 corpus
1723 2928 2033 2997 habet,illi-

391 3041 505 3097 que
536 3020 974 3077 commiscetur:
1009 3018 1166 3073 haud
1199 3022 1395 3072 tamen
1430 3035 1497 3073 ex
1527 3035 1636 3074 sua
1663 3017 2029 3090 ipsaindole,

389 3113 446 3168 id
482 3116 714 3181 est,qua
731 3112 892 3179 parte
917 3107 1250 3163 substantia
1268 3111 1462 3162 mente
1483 3107 1721 3178 pra'dita
1742 3106 2028 3177 est.Num,

2149 529 2258 580 τῶν
2316 527 2530 601 πτερῶν
2579 522 2716 580 ἔνθει
2769 526 2860 582 καὶ
2915 533 2996 601 τῷ
3049 536 3150 599 τῆς
3207 539 3392 608 φωνῆς
3424 531 3636 608 λιγυρῷ
3666 534 3800 591 ἀπό-

2153 613 2342 670 λαυσίν
2372 635 2493 668 τινα
2539 616 2850 688 θαυμαστὴν
2895 620 3218 690 προτιθέντα
3272 627 3391 685 τοῖς
3449 623 3749 698 ὁρωμένοις
3784 644 3797 657 ⁸

2153 700 2290 756 ὥστε
2348 700 2436 756 διὰ
2487 708 2670 758 πασῶν
2727 709 2832 760 τῶν
2886 704 3190 778 αἰσθήσεων
3246 709 3536 786 εύωχεῖθαι
3567 713 3657 767 τὸν
3709 714 3798 768 ἄν-

2154 803 2393 867 θρωπον,
2450 790 2516 846 τὰ
2575 793 2670 865 μὶν
2735 794 2965 867 ὁρῶντα,
3026 795 3092 849 τὰ
3146 793 3204 851 δὲ
3261 799 3575 854 ἀκούοντα·
3616 799 3801 856 ἄλλων

2153 878 2458 952 ἁπτόμενον
2493 923 2506 950 ,
2558 879 2743 936 ἄλλων
2811 883 3254 960 όσφραινόμενον,
3314 888 3507 964 ἑτέρων
3566 889 3801 966 ἀπογευ-

2153 969 2372 1041 όμενον.
2408 967 2512 1024 Σὺν
2539 975 2657 1031 τοῖς
2688 966 2868 1047 ὅρνισε
2899 969 2955 1026 δὲ
2983 974 3071 1028 καὶ
3122 976 3395 1050 χερσαίων
3453 979 3607 1047 ζώων
3661 1001 3800 1035 παν-

2150 1054 2402 1111 τοδαπῶν
2455 1059 2718 1132 Θεάματα,
2749 1063 2964 1115 πάντων
3012 1062 3255 1138 ἡμέρων,
3287 1063 3500 1121 πάντων
3552 1071 3800 1140 συνήθως

2151 1144 2426 1216 ἀλλήλοις
2453 1147 2543 1202 καὶ
2577 1148 2882 1204 ἀκουόντων
2915 1152 3004 1205 καὶ
3045 1155 3428 1230 φθεγγομένων
3481 1157 3798 1215 εύσύνοπτα.

2152 1236 2229 1294 Οὐ
2263 1235 2488 1311 φρικτὸς
2547 1233 2670 1315 ὅφις
2725 1241 2868 1310 τότε,
2903 1239 3048 1296 ἀλλὰ
3076 1247 3355 1316 προσηνὴς
3420 1249 3508 1302 καὶ
3568 1249 3796 1323 ἥμεροςο

2153 1325 2252 1380 οὐκ
2282 1327 2470 1400 ἄγριον
2505 1327 2869 1402 ἐπικυμαίνων
2926 1331 3014 1385 καὶ
3073 1331 3251 1407 ἓρπων
3309 1338 3444 1390 κατὰ
3500 1338 3800 1413 προσώπου

2149 1421 2249 1484 τῆς
2279 1421 2403 1489 γῆς,
2439 1412 2567 1470 ἀλλ’
2612 1416 2821 1491 ὑψηλὸς
2868 1417 2953 1472 ἐπὶ
3014 1417 3194 1475 ποδῶν
3255 1412 3802 1497 βεϐηκώςξΤοιαῦτα

2157 1500 2408 1578 μειλίχια
2458 1504 2549 1558 καὶ
2605 1505 2672 1559 τὰ
2731 1504 2902 1562 λοιπά
2959 1510 3133 1564 πάντα
3190 1511 3363 1586 ἄλογα
3418 1517 3548 1582 ζῶα,
3582 1512 3679 1569 ὅσα
3705 1520 3798 1569 νῦν

2153 1591 2413 1656 ἀτίθασσα
2471 1593 2755 1659 παντελῶς
2809 1597 2896 1650 καὶ
2948 1597 3261 1670 ἀμείλικτα.
3294 1603 3439 1656 Ἐκεῖ
3467 1599 3558 1655 οὖν
3590 1597 3736 1666 ἔθετο
3768 1605 3796 1658 6

2153 1683 2283 1743 Θεὸς
2339 1682 2429 1736 τὸν
2489 1680 2770 1759 ἄνθρωπον
2831 1685 2889 1739 ’ὀν
2938 1683 3168 1742 ἔπλασεν
3200 1707 3213 1720 ⁸
3271 1686 3522 1764 ἀλλαχου
3577 1688 3794 1760 ἔπλασε,

2150 1769 2305 1825 κάκεῖ
2361 1771 2667 1846 εἰσήγαγεν,
2711 1775 2911 1848 ’Ὠσπερ
2970 1777 3076 1851 γάρ,
3127 1775 3254 1839 τοὺς
3305 1785 3592 1855 φωστῆρας
3647 1785 3794 1854 πρῶ-

2146 1879 2237 1912 τον
2296 1859 2391 1931 μὶν
2457 1857 2939 1930 ἰποίησενὸθεὸς,
2971 1863 3059 1917 καὶ
3119 1859 3266 1919 ἔθετο
3321 1865 3373 1920 έν
3431 1871 3512 1938 τῷ
3563 1867 3792 1944 στερεώ-

2151 1967 2298 2018 ματι·
2334 1945 2481 2002 οὕτω
2511 1947 2717 2003 καὶτὸν
2761 1949 3046 2023 ἄνθρωπον
3095 1947 3294 2008 ἔπλασε
3345 1955 3439 2026 μὲν
3497 1954 3632 2031 χοῦν
3689 1958 3791 2013 ἀπὸ

2144 2041 2266 2109 γῆς,
2300 2032 2488 2090 ἔπειτα
2541 2034 2598 2091 δὲ
2657 2035 2804 2100 ἔθετο
2865 2038 2916 2093 ἐν
2975 2038 3053 2112 τῷ
3107 2039 3438 2117 παραδείσῳ.
3475 2045 3792 2116 Σημείωσαι

2145 2120 2222 2190 δὲ,
2256 2124 2339 2178 ὅτι
2371 2125 2474 2179 οὐκ
2505 2125 2736 2200 εἶ’ρηται,
2766 2129 2862 2184 Ὃν
2913 2127 3187 2200 ἐποίησεν,
3220 2131 3366 2202 ἀλλ’,
3398 2135 3495 2189 Ὃν
3534 2127 3782 2192 ἔπλασεν.

2140 2213 2208 2268 ⁸Ὀ
2240 2213 2344 2288 γὰρ
2390 2212 2632 2284 ἐποίησε,
2666 2216 2726 2270 τὸ
2774 2217 2892 2270 κατ’
2921 2217 3100 2272 εἰκόνα
3151 2217 3284 2274 ἐστί’
3316 2225 3476 2276 τοῦτο
3530 2219 3587 2276 δὲ
3641 2222 3784 2277 ἀσώ-

2148 2321 2339 2373 ματον’
2373 2301 2434 2356 τὸ
2494 2299 2551 2357 δὲ
2607 2304 2916 2379 ἀσώματον,
2949 2307 3101 2380 τόπῳ
3137 2307 3557 2385 ἀπερίγραπτον.
3599 2312 3789 2384 Ὅμως

2147 2389 2330 2462 μέντοι
2365 2390 2708 2460 ἐξακολουθεῖ
2743 2393 2794 2463 ἐξ
2843 2395 3079 2469 ἀνάγκης
3131 2402 3211 2469 τῷ
3241 2397 3521 2472 πλάσματι
3566 2401 3628 2455 τὸ
3670 2401 3788 2456 ποί-

2144 2499 2284 2564 ῃμα,
2314 2485 2557 2534 τουτέστι
2615 2486 2689 2553 νῷ
2747 2482 2959 2555 σώματι
3017 2485 3051 2554 ἠ
3085 2487 3260 2561 ψυχή’
3296 2487 3436 2560 ὁμοῦ
3493 2489 3596 2564 γὰρ
3655 2490 3786 2544 εἶναι

2144 2563 2224 2621 δεῖ
2251 2568 2313 2622 τὸ
2363 2568 2634 2632 σύνθετον.
2669 2568 2844 2626 Ἀλλὰ
2895 2575 3327 2647 προηγουμένως
3390 2577 3482 2649 μὲν
3537 2583 3634 2632 τοῦ
3690 2580 3792 2633 σώ-

2146 2677 2316 2727 ματος
2347 2656 2375 2710 ό
2401 2656 2592 2730 τόπος,
2625 2660 2659 2726 ἡ
2692 2660 2844 2735 ψυχὴ
2897 2657 2954 2714 δὲ
2995 2662 3111 2716 κατ’
3153 2661 3589 2736 ἐπακολούθησιν
3637 2688 3788 2742 περι-

2141 2743 2376 2799 κλείεται
2406 2745 2560 2819 τόπῳ
2585 2743 2672 2800 διὰ
2698 2755 2796 2817 τῆς
2826 2749 2960 2825 πρὸς
2987 2751 3049 2804 τὸ
3081 2756 3239 2825 σῶμα
3282 2754 3519 2830 σχέσεως
3568 2755 3604 2825 ἢ
3662 2756 3788 2811 ἀνα-

2141 2832 2409 2908 κράσεως,
2458 2833 2586 2889 ἀλλ²
2642 2834 2740 2890 οὐκ
2789 2834 2850 2890 ἐκ
2903 2844 3004 2907 τῆς
3063 2837 3264 2902 οἷ’κείας
3323 2842 3554 2919 φύσεως,
3610 2842 3786 2900 εἶίτουν

2139 2929 2240 2991 τῆς
2299 2928 2488 2999 νοερᾶς
2549 2923 2754 2987 οὐσίας.
2814 2926 2953 3000 Ἀρά
3008 2948 3063 2981 σε
3123 2925 3355 3006 εὔφρανα
3405 2936 3473 3004 τῇ
3533 2929 3784 3006 διηγήσει

2141 3016 2246 3066 τῶν
2278 3017 2375 3067 τοῦ
2423 3011 2752 3088 παραδείσου
2797 3019 3065 3089 τερπνῶν,
3099 3015 3134 3085 ἢ
3184 3017 3351 3072 πλέον
3411 3018 3657 3089 ἐλύπησα
3711 3025 3781 3094 τῇ

2140 3104 2248 3155 τῶν
2281 3106 2529 3178 φθαρτῶν
2560 3103 2849 3176 παραθέσει
2877 3121 2889 3170 ;
2924 3102 3143 3166 Πάντως
3188 3106 3286 3180 γάρ
3335 3126 3432 3160 σου
3481 3109 3515 3176 ἡ
3549 3104 3780 3178 διάνοια,

387 3216 604 3273 quaeso,
638 3203 692 3253 te
721 3195 1060 3262 exhilaravi,
1091 3196 1382 3250 narrando
1428 3195 1684 3267 paradisi
1733 3195 2032 3250 amcenita-

2144 3171 2334 3261 ὑψηλά
2380 3171 2471 3273 καὶ
2535 3171 2873 3262 ὑπερκόσμια
2925 3171 3215 3267 φρονοῦσα,
3248 3171 3338 3246 οἶα
3382 3191 3447 3263 δὴ
3505 3171 3568 3249 τὸ
3618 3171 3783 3250 πολίζ

389 3286 631 3353 tem,vel
656 3286 895 3355 majoris
920 3278 1217 3356 quidpiam
1253 3283 1492 3350 doloris,
1523 3300 1722 3339 eorum
1745 3301 1872 3355 quae
1904 3301 2028 3338 cor-

386 3393 451 3433 ru
463 3376 656 3448 ptione
676 3375 975 3428 intereunt
996 3373 1431 3443 comparatione
1462 3372 1713 3427 conscivi
1733 3372 1760 3425 *ἲ
1780 3373 2029 3427 Omnino

388 3471 585 3521 autem
619 3479 783 3519 mens
814 3468 916 3517 tua
967 3466 1025 3517 et
1067 3462 1322 3530 animus,
1383 3479 1509 3533 quae
1566 3461 1793 3516 excelsa
1840 3461 2032 3532 sapiat

388 3553 726 3624 mundoque
757 3549 1077 3623 superiora,
1112 3556 1174 3605 ut
1205 3551 1376 3620 cujus
1409 3550 1463 3604 in
1485 3548 1644 3604 caelis
1667 3551 2028 3606 conversatio

384 3643 462 3698 sit
489 3643 556 3708 ⁴²,
595 3647 772 3712 atque
801 3657 869 3696 ea
899 3656 1026 3710 quae
1058 3655 1296 3694 sursum
1329 3638 1550 3693 lumina
1581 3643 1772 3694 erecta
1798 3639 2026 3707 habeat,

383 3746 512 3802 qua:
547 3728 956 3802 promissionis
993 3733 1131 3783 sunt
1162 3728 1474 3800 cogitabat,
1507 3743 1827 3798 eorumque
1854 3728 2028 3784 bono-

381 3836 513 3874 rum
547 3835 673 3885 quze
705 3816 1673 3888 suntnobispromissa,quidpiam
1705 3817 1904 3873 audire
1924 3818 2026 3872 ob-

378 3907 684 3964 servabat:
721 3907 853 3975 Quae
882 3905 1128 3961 videlicet
1157 3921 1257 3959 nee
1283 3905 1470 3959 oculus
1513 3904 1670 3966 vidit,
1718 3921 1817 3960 nec
1871 3907 2027 3962 auris

376 3997 618 4066 audivit,
651 4012 749 4051 nec
776 3998 836 4050 in
885 4011 982 4049 cor
1027 3994 1271 4048 hominis
1314 3993 1602 4050 ascendere
1631 3995 1693 4050 ‘3.
1743 3995 2023 4059 Quisnam

374 4087 556 4159 igitur
583 4092 671 4140 est
701 4083 802 4155 qui
834 4087 1083 4152 enarret,
1117 4083 1165 4138 si
1198 4083 1403 4138 oculus
1432 4100 1544 4138 non
1570 4083 1759 4137 vidit?
1782 4085 1839 4138 Si
1866 4085 2025 4140 auris

377 4193 493 4232 non
524 4174 765 4242 audivit,
801 4173 895 4242 qui
933 4173 1034 4228 liat
1064 4177 1128 4227 ut
1178 4178 1277 4227 tua
1329 4171 1661 4243 suscipiat?
1713 4172 1768 4226 Si
1822 4173 1877 4226 in
1929 4190 2027 4228 cor

376 4261 634 4319 hominis
666 4277 781 4316 non
816 4261 1230 4329 ascenderunt,
1263 4261 1557 4330 quomodo
1591 4263 1788 4314 noster
1836 4263 2026 4332 capiet

373 4353 612 4408 animus
632 4351 659 4404 ?
690 4349 889 4420 Neque
919 4348 1104 4419 igitur
1121 4348 1444 4420 corporalia
1463 4348 1888 4419 respuimus,ct
1905 4350 2024 4421 spi-

373 4438 568 4496 ritalia
585 4437 962 4508 requirimus.
994 4437 1138 4491 Nam
1165 4437 1658 4508 quemadmodum
1681 4437 1738 4491 in
1759 4437 1884 4509 lege
1901 4445 2025 4493 erat

2138 3296 2310 3349 τευμα
2359 3271 2564 3351 ἔχουσα
2611 3275 2662 3330 έν
2709 3275 2955 3352 οὐρανοῖς
3003 3278 3093 3332 καὶ
3139 3281 3276 3353 πρὸς
3331 3283 3431 3352 τὴν
3483 3284 3594 3338 ἄνω
3637 3285 3784 3355 ἀξίαν

2141 3365 2419 3439 ἀφορῶσα,
2453 3365 2519 3418 τὰ
2571 3372 2671 3434 τῆς
2729 3365 3055 3442 ἐπαγγελίας
3105 3367 3324 3443 ἐνενόει,
3357 3370 3445 3425 καὶ
3501 3373 3782 3448 περιεσκό-

2138 3475 2228 3508 πει
2280 3452 2602 3507 ἀκούσασΟαί
2660 3475 2709 3508 τι
2765 3459 2870 3509 τῶν
2905 3454 3326 3531 ἐπηγγελμένων
3361 3462 3496 3532 ἡμῖν
3546 3461 3782 3536 ἀγαθῶν,

2136 3547 2202 3599 Ἀ
2255 3539 2376 3597 οὔτε
2435 3541 2720 3616 ὀφθαλμὸς
2770 3541 2904 3598 εἶδεν
2937 3590 2950 3617 ,
3011 3541 3133 3600 οὔτε
3179 3546 3271 3610 οὗς
3317 3545 3544 3617 ἤκουσεν
3580 3595 3594 3620 ,
3663 3549 3786 3606 οὔτε

2137 3630 2225 3685 ἐπὶ
2275 3628 2496 3706 καρδίαν
2577 3632 2867 3707 ἀνθρώπου
2925 3629 3130 3704 ἀνέϐη.
3181 3635 3279 3697 Τίς
3333 3635 3423 3690 οὖν
3481 3638 3508 3692 ὁ
3568 3635 3784 3714 διηγού-

2140 3741 2319 3792 μενος,
2356 3719 2400 3774 εἰ
2435 3722 2462 3775 ὁ
2497 3719 2778 3799 ὀφθαλμὸς
2814 3721 2911 3776 οὐκ
2961 3720 3135 3792 εἶδεν;
3178 3723 3247 3781 Ei.’
3277 3725 3369 3787 οὗς
3401 3726 3500 3780 οὐκ
3527 3725 3780 3799 ἤκουσεν,

2135 3815 2252 3872 πῶς
2303 3810 2366 3864 τὸ
2425 3810 2516 3864 σὸν
2564 3807 2912 3882 ὑποδέξεται;
2949 3810 3008 3868 Εἰ
3069 3812 3156 3867 ἐπὶ
3213 3811 3433 3890 καρδίαν
3494 3815 3782 3891 ἀνθρώπου

2137 3898 2235 3953 οὐκ
2294 3893 2483 3970 ἀνέϐη,
2515 3904 2632 3961 πῶς
2788 3901 3028 3976 ἡμετέρα
3059 3904 3303 3978 χωρήσει
3363 3901 3610 3974 διάνοια;
3645 3903 3782 3962 Οὔτε

2137 3987 2225 4042 οὖν
2277 3989 2343 4042 τὰ
2401 3989 2685 4060 σωματικᾶ
2753 3984 3118 4062 ἐκϐάλλομεν,
3177 3991 3263 4044 καὶ
3324 3992 3391 4045 τὰ
3445 3996 3784 4065 πνευματικᾶ

2134 4075 2636 4149 ἐπιζητοῦμεν.Ὡς
2697 4077 2800 4153 γὰρ
2859 4076 2945 4131 ἐπὶ
2993 4083 3089 4132 τοῦ
3145 4079 3318 4152 νόμου
3376 4080 3442 4150 ἦν
3476 4081 3568 4153 μὲν
3603 4082 3782 4138 καὶτὸ

2136 4165 2414 4236 αἰσθητὸν,
2452 4164 2597 4220 ἀλλὰ
2655 4167 2741 4220 καὶ
2798 4166 2965 4222 τύπον
3031 4167 3200 4223 ἐποίει
3250 4173 3348 4223 τοῦ
3378 4175 3611 4240 νοητοῦο
3640 4170 3782 4226 οὕτω

2132 4255 2222 4309 καὶ
2284 4255 2375 4309 τὸν
2451 4253 2774 4328 παράδεισον
2837 4261 3064 4330 νοοῦμεν
3129 4258 3223 4330 μὲν
3284 4259 3373 4312 καὶ
3432 4261 3782 4332 σωματικῶς,

2135 4342 2563 4418 ἁλληγοροῦμεν
2649 4340 2706 4397 δὶ
2789 4345 2877 4398 καὶ
2966 4351 3342 4418 πνευματικῶς
3377 4391 3390 4403 .
3468 4348 3782 4425 Ἐφύτευσεν

2134 4429 2225 4486 οὖν
2286 4433 2313 4486 6
2371 4431 2499 4493 Θεὸς
2581 4430 2904 4508 παράδεισον
2979 4432 3032 4488 ἐν
3088 4434 3252 4507 Έδὲμ
3314 4437 3449 4490 κατὰ
3497 4437 3780 4499 ἀνατολάς.

373 4528 530 4600 quod
566 4530 623 4582 et
644 4525 699 4581 in
722 4542 962 4581 sensum
995 4525 1247 4588 caderet,
1276 4540 1410 4579 cum
1435 4529 1490 4579 et
1510 4524 1637 4595 ejus
1662 4525 1813 4596 quod
1833 4534 2027 4583 mente

2144 4520 2221 4576 Τὰ
2253 4521 2348 4592 μὲν
2382 4519 2623 4593 ὀνόματα
2651 4525 2759 4574 τῶν
2792 4527 2971 4600 φυτῶν
3005 4524 3361 4593 σεσιώπηται’
3395 4525 3422 4578 ὁ
3481 4521 3539 4578 δὲ
3588 4524 3779 4595 τόπος,

375 4614 723 4686 intelligitur
753 4613 1141 4669 nihilominus
1171 4613 1420 4685 ﬁguram
1455 4618 1794 4684 praestaret;
1842 4616 1926 4670 sic
1970 4622 2027 4672 et

375 4705 740 4775 paradisum,
774 4708 894 4758 tum
931 4701 1215 4774 corporali
1241 4703 1463 4757 ratione
1485 4702 2022 4776 intelligimus,tum

2138 4613 2192 4668 ἐν
2241 4614 2286 4684 ᾧ
2329 4611 2602 4690 ἐφύτευσε,
2653 4610 2960 4684 δεδήλωται
2987 4633 3000 4646 ο
3033 4616 3332 4682 τουτέστιν,
3361 4612 3413 4668 ἐν
3460 4619 3528 4688 τῇ
3575 4620 3778 4691 τρυφῇο

2137 4701 2302 4777 Ἐδὲμ
2332 4705 2434 4780 γὰρ
2466 4705 2643 4781 τρυφὴ
2679 4705 3056 4778 ἑρμηνεύεται.

375 4798 431 4848 et
461 4791 709 4863 spiritali
746 4807 978 4864 quoque
1009 4807 1111 4862 per
1140 4789 1478 4862 allegoriam
1513 4792 1883 4862 exponimus.
1920 4797 2206 4853 Plantam’t
2254 4795 2434 4868 igitur
2482 4796 2620 4850 Deus
2664 4796 2986 4864 paradisum
3037 4797 3098 4849 in
3145 4797 3308 4850 Edam
3365 4796 3436 4851 ad
3483 4799 3784 4854 orientales

373 4882 582 4951 plagas.
618 4880 957 4934 Plantarum
991 4877 1227 4951 quidem
1262 4879 1652 4950 stirpiumque
1685 4883 1925 4937 nomina
1954 4901 2158 4956 pressa
2185 4883 2417 4939 silentio
2451 4887 2629 4949 sunt;
2669 4881 2833 4937 locus
2862 4899 3018 4951 vero,
3051 4881 3109 4936 in
3157 4899 3270 4954 quo
3325 4883 3629 4956 plantavit,
3681 4887 3782 4942 de-

375 4970 634 5026 claratus
665 4972 792 5036 est;
827 4968 937 5026 hoc
965 4973 1070 5038 est,
1103 4968 1163 5022 in
1194 4967 1512 5040 voluptate.
1545 4969 1722 5025 Edem
1764 4973 1916 5026 enim
1954 4974 2212 5029 nominis
2243 4977 2432 5042 etymo
2460 4970 2730 5042 voluptas
2763 4969 3100 5042 delicieque
3131 4973 3456 5044 exponitur.

444 5061 497 5113 8.
530 5059 682 5114 Num
714 5058 896 5131 igitur
926 5074 1024 5114 eas
1054 5063 1223 5113 vocat
1253 5057 1513 5125 delicias,
1548 5075 1674 5131 quis
1705 5075 1806 5131 per
1837 5078 1902 5116 os
1960 5062 2018 5116 in

372 5152 636 5205 ventrem
656 5147 1095 5221 immigrant,ac
1118 5163 1368 5216 quarum
1389 5147 1523 5203 ﬁnis
1546 5149 1918 5219 secessus?ej
1931 5166 2021 5204 us-

377 5236 791 5294 moditradidit
823 5235 1084 5302 delicias,
1108 5252 1235 5308 quae
1257 5237 1591 5292 intereunt?
1613 5238 1672 5292 in
1704 5252 1887 5309 eoque
1918 5237 2021 5292 Dei

374 5341 514 5398 erga
545 5325 841 5382 hominem
871 5325 1222 5381 beneﬁcium
1255 5325 1513 5398 positum
1547 5328 1656 5392 est,
1710 5329 1775 5380 ut
1819 5328 2022 5380 venter

375 5415 771 5485 suﬂarciatur,
802 5414 1074 5488 bonaque
1103 5415 1182 5470 sit
1211 5413 1470 5486 corporis
1500 5412 1810 5481 habitudo,
1831 5428 1900 5468 ac
1919 5428 2021 5468 cu-

451 5633 497 5672 ιο
521 5635 665 5691 Gen.
699 5647 742 5703 ι,
771 5631 858 5690 46.
935 5632 980 5669 ⁸⁷
1009 5631 1153 5689 Gen.
1181 5643 1247 5702 ιι,
1282 5629 1369 5685 15.

2201 5062 2252 5115 8.
2283 5061 2419 5132 Ἀρα
2473 5055 2564 5111 οὖν
2608 5057 2816 5133 τρυφὴν
2867 5059 2966 5126 τὴν
3027 5055 3117 5113 διὰ
3176 5059 3448 5134 στόματος
3493 5061 3781 5135 ὀνομάζει,

2128 5148 2227 5216 τὴν
2268 5150 2337 5221 τῇ
2385 5143 2572 5217 κοιλίᾳ
2627 5143 3091 5222 παραδιδομένην,
3123 5149 3212 5203 καὶ
3260 5152 3327 5218 ἧς
3370 5147 3528 5214 τέλος
3580 5153 3608 5206 6
3661 5154 3783 5231 ἀφε-

2131 5232 2272 5310 δρών
2301 5253 2314 5304 ;
2347 5232 2438 5289 καὶ
2492 5235 2702 5309 τρυφὴν
2757 5232 3044 5310 παρέδωκε
3081 5239 3182 5308 τήν
3232 5237 3659 5314 άπολλυμένην;
3691 5239 3783 5296 καὶ

2128 5321 2288 5378 τοῦτό
2322 5321 2464 5378 ἐστιν
2496 5322 2530 5392 ἠ
2563 5323 2710 5399 παρὰ
2762 5327 2895 5379 θεοῦ
2948 5327 3112 5402 χάρις
3169 5327 3293 5404 περὶ
3350 5327 3441 5384 τὸν
3474 5326 3783 5404 ἄνθρωπον,

2130 5410 2366 5487 γαστρὸς
2398 5409 2706 5487 πλήρωσις,
2737 5411 2828 5468 καὶ
2873 5413 3068 5490 σαρκὸς
3120 5414 3396 5486 εὐπάθεια,
3437 5417 3526 5473 καὶ
3585 5414 3784 5494 διάχυ-

1446 5629 1492 5666 ⁸²
1524 5627 1776 5702 Philipp.
1809 5646 1895 5700 ιιι,
1927 5630 2018 5686 20.
2096 5629 2141 5665 ⁸³
2171 5633 2196 5685 Ι
2223 5632 2352 5687 Cor.
2385 5647 2448 5700 ιι,
2478 5631 2532 5687 9.
