4134 6212
282 342 370 402 69
1475 337 1576 398 DE
1629 339 2042 417 PARADISO,
2091 350 2383 413 ORATIO
2429 355 2538 416 III.
3631 368 3716 429 70

282 496 373 538 σις
396 469 606 544 ἡδονήν
652 466 1006 541 ὶμποιοῦσα;
1038 469 1112 524 Ἢ
1148 471 1308 524 τοῦτο
1357 469 1452 541 μὲν
1501 468 1668 524 εἰπεῖν
1701 469 1825 527 οὐδὲ
1854 473 1937 528 εὖ·

2061 479 2241 571 ticula
2271 493 2527 555 curetur,
2567 507 2752 564 eaque
2783 493 3020 550 diffusio
3052 495 3147 563 sit,
3181 513 3301 568 qua
3346 499 3612 571 voluptas
3643 518 3709 558 ac

284 557 462 623 σεϐἑς.
512 555 843 619 Ἀκολασίας
890 558 992 632 γάρ
1040 578 1144 611 που
1188 556 1277 612 καὶ
1326 553 1553 633 ὕϐρεως,
1586 560 1675 614 καί
1728 561 1942 617 πάντων

288 653 437 724 ὁμοῦ
483 653 590 704 τῶν
645 647 1104 722 ἀπηγορευμένων
1153 643 1368 720 ἐφόδιον
1406 691 1420 716 ,
1473 647 1837 722 ὑπερπιαίνειν
1889 654 1952 707 τὸ

293 744 479 811 σῶμα,
511 736 602 791 καὶ
649 729 1070 804 καταϐαπτίζειν
1119 739 1200 808 τῷ
1248 734 1447 806 πλήθει
1495 741 1602 791 τῶν
1641 737 1949 813 βρωμάτων

293 829 397 897 τὴν
458 826 765 882 ἐνοικοῦσαν
821 825 1031 900 ψυχὴν,
1091 823 1452 903 εὐκατάφορον
1504 831 1768 882 ποιοῦντα
1817 830 1954 904 πρὸς

302 923 478 972 πᾶσαν
512 913 790 990 ἁμαρτίαν.

378 1115 434 1170 9.
467 1111 664 1170 Οὗκοϋν
696 1107 875 1180 ἄλλην
926 1109 1038 1185 χρὴ
1088 1115 1277 1179 νοῆσαι
1323 1111 1554 1189 τρυφὴν,
1603 1111 1748 1183 ἀξίαν
1788 1118 1950 1184 Θεοῦ,

299 1202 390 1257 ’ίνα
426 1203 510 1256 καὶ
566 1203 599 1270 ἡ
662 1198 851 1277 φυτεία
897 1198 1180 1272 πρέπουσα
1229 1202 1298 1272 τῇ
1354 1200 1602 1276 γεωργίᾳ
1657 1207 1756 1257 τοῦ
1818 1208 1951 1259 Θεοῦ

297 1291 528 1365 λογισθῇ
567 1335 580 1346 .
637 1288 733 1350 Τίς
789 1286 880 1343 οῦν
946 1285 1166 1342 δύναται
1221 1287 1465 1363 γενέσθαι
1524 1292 1702 1368 τρυφή
1766 1292 1948 1368 ἁγίοις

292 1380 690 1456 ἀρμόττουσα;
739 1379 1005 1433 ’Λκουσον
1055 1381 1150 1431 τοῦ
1201 1376 1471 1452 λὲγοντοςσ
1522 1380 1947 1460 Κατατρῦφησον

290 1473 386 1524 τοῦ
415 1467 652 1542 Κυρίου,
679 1466 769 1521 καὶ
813 1463 975 1520 δώσει
1018 1487 1102 1521 σοι
1151 1466 1218 1521 τὰ
1249 1465 1530 1540 αἰτήματα
1577 1476 1677 1539 τῆς
1723 1469 1950 1548 καρδίας

290 1579 407 1615 σου.

360 1649 447 1703 10.
485 1645 638 1702 Ἐπεὶ
671 1643 761 1699 οῦν
795 1643 1018 1720 ἄπειρον
1069 1643 1131 1698 τὸ
1161 1643 1414 1700 ποικίλον
1461 1653 1562 1717 τῆς
1608 1648 1825 1723 ἀρετῆς,
1859 1649 1948 1704 καὶ

284 1736 351 1790 τὸ
376 1733 591 1797 κάλλος
623 1735 937 1809 ἀμήχανον,
970 1733 1076 1788 ἀπὸ
1104 1739 1202 1801 τῆς
1235 1732 1587 1808 πολυτρόπου
1619 1737 1808 1814 σοφίας
1852 1743 1950 1793 τοῦ

292 1829 430 1880 Θεοῦ
461 1825 564 1892 τὴν
592 1823 769 1898 ἀρχὴν
820 1821 1105 1900 εἰληφότα,
1161 1820 1251 1877 διὰ
1291 1827 1452 1878 τοῦτο
1505 1826 1824 1900 γέγραπται,
1867 1826 1949 1882 ὅτι

293 1915 617 1991 Ἐφῦτευσεν
691 1913 718 1966 6
779 1911 908 1974 Θεὸς
982 1909 1348 1985 παράδεισον,
1405 1913 1533 1988 οῦχί
1615 1915 1752 1970 κατὰ
1825 1918 1948 1971 ἀνα-

290 2002 470 2072 τολὴν
508 2043 522 2070 ,
581 1999 728 2056 ἀλλᾶ
787 2000 932 2054 Κατὰ
985 1997 1251 2062 ἀνατολάς
1285 2045 1297 2058 ,
1354 2002 1620 2057 Ἕκαστον
1680 2005 1782 2080 γὰρ
1842 2010 1946 2060 τῶν

292 2091 710 2170 πεφυτευμένων
769 2089 915 2163 παρᾶ
973 2089 1175 2165 Κυρίου
1232 2093 1453 2166 φυτῶν,
1517 2089 1568 2145 ἐν
1627 2089 1752 2165 ἰδίῳ
1809 2093 1947 2172 φωτὶ

290 2183 490 2254 ἀρετῆς
520 2177 1039 2250 κεκαλλωπισμένον
1096 2178 1480 2255 ἐξήστραπτεν.
1514 2181 1665 2237 Ἐκεῖ
1691 2186 1796 2236 Τοῦ
1844 2205 1946 2238 πο-

289 2271 468 2344 ταμοῦ
523 2270 592 2324 τὰ
652 2270 994 2343 ὁρμήματα,
1074 2272 1170 2322 τοῦ
1250 2269 1630 2346 εὐφραίνοντος
1684 2273 1784 2341 τὴν
1845 2274 1947 2327 πό-

295 2360 379 2414 λιν
434 2363 532 2414 τοῦ
591 2356 746 2413 Θεοῦ.
804 2355 1088 2432 Ἀλλαχοῦ
1145 2353 1204 2412 δὲ
1259 2358 1605 2434 Χειμάρῥους
1655 2367 1756 2429 τῆς
1813 2382 1944 2436 τρυ-

294 2456 400 2524 φῆς
461 2447 788 2520 ὀνομάζεται
825 2488 840 2507 .
891 2448 1100 2522 τρὲφων
1161 2445 1250 2500 καὶ
1322 2446 1492 2517 αῦξων
1570 2453 1676 2502 τῶν
1735 2456 1946 2520 νοητῶν

293 2538 506 2592 ἐκείνων
569 2541 748 2613 φυτῶν
802 2534 870 2588 τὰ
925 2532 1132 2604 κάλλη·
1191 2533 1336 2597 ὅστις
1391 2535 1479 2590 καὶ
1537 2535 1589 2591 ἐν
1645 2544 1761 2601 τοῖς
1821 2538 1944 2610 ἑξῆς

294 2635 392 2696 τῆς
439 2627 811 2700 προκειμένης
856 2631 1070 2701 Γραφῆς
1121 2623 1331 2699 λέγεται
1388 2628 1636 2700 ποταμὸς
1687 2629 1714 2682 ὁ
1746 2649 1942 2703 πορευ-

299 2714 495 2786 όμενος
543 2713 592 2784 ἐξ
643 2710 812 2786 Ἐδὲμ
864 2713 1102 2782 ποτίζειν
1151 2713 1242 2767 τὸν
1291 2713 1653 2789 παράδεισον.
1707 2718 1793 2774 Ἑν
1845 2719 1939 2790 μὲν

297 2802 390 2856 οῦν
417 2809 534 2862 τοῖς
581 2797 806 2856 κατόπιν
854 2800 1178 2877 ἐγέγραπτο,
1210 2803 1292 2856 ὅτι
1323 2802 1584 2878 πρότερον
1639 2807 1738 2874 τήν
1769 2807 1943 2861 κτίσιν

294 2891 614 2964 πληρώσας,
658 2891 832 2953 οὕτως
877 2889 1222 2966 ἐπεισήγαγεν
1275 2891 1350 2953 εἷς
1410 2893 1586 2967 ἀρχὴν
1649 2893 1810 2948 οίονεί
1851 2897 1940 2950 καὶ

286 2981 583 3050 κυριότητα
611 2979 813 3049 ταύτην
843 2981 922 3053 (a)
951 2979 1042 3033 τὸν
1078 2980 1379 3051 ἅνθρωπονο
1416 2985 1506 3034 νῦν
1541 2979 1616 3053 δὲ,
1647 2983 1709 3037 τὸ
1741 2983 1941 3040 ἀνάπα-

289 3068 396 3141 λιν,
454 3069 718 3145 πρότερον
767 3067 974 3124 ἓπλασε
1024 3068 1114 3124 τὸν
1169 3069 1479 3143 ἄνθρωπον,
1527 3071 1616 3124 καὶ
1660 3071 1783 3127 τότε
1813 3073 1938 3151 ἐφύ-

281 3181 434 3214 τευσε
487 3160 580 3214 τὸν
641 3157 989 3234 παράδεισον.
1032 3157 1097 3213 Ἠ
1150 3154 1206 3212 δὲ
1264 3157 1438 3227 αἰτία,
1500 3158 1582 3214 ὅτι
1642 3159 1753 3216 ἐκεῖ
1813 3163 1930 3234 μὲν,

275 3245 365 3301 ’ἕνα
421 3247 696 3321 πληρώσῃ
751 3247 842 3301 τὸν
905 3247 1050 3300 οἶκον
1086 3289 1102 3316 ,
1157 3246 1250 3300 τὸν
1327 3245 1717 3320 οἰκοδεσπότην
1778 3251 1933 3316 εὐθὺς

276 3335 622 3410 ἐπεισήγαγε·
674 3334 763 3389 καὶ
809 3333 900 3388 ’ίνα
950 3334 1026 3407 μὴ
1077 3337 1282 3404 πὲνητα
1325 3336 1532 3406 κτίσας,
1564 3335 1786 3412 ὕστερον
1832 3340 1928 3409 τήν

269 3423 526 3500 εὐπορίαν
580 3424 730 3495 αὐτῷ
782 3423 1103 3499 χαρίσηται.
1156 3425 1416 3488 Ἐνταῦθα
1467 3422 1544 3496 δὲ,
1576 3427 1676 3495 τὴν
1709 3426 1768 3482 ἐκ
1794 3448 1930 3502 προ-

263 3520 437 3582 κοπῆς
499 3510 790 3568 τελείωσιν
852 3511 1242 3588 χαρισάμενος,
1305 3511 1558 3589 ἀλλαχοῦ
1615 3509 1931 3587 ἕκτισε,καὶ

277 3602 499 3677 ὕστερον
551 3601 910 3676 ἰγκατοικίζει
959 3605 1038 3673 τῷ
1086 3597 1415 3677 παραδείσῳ·
1446 3600 1537 3657 ’ίνα
1575 3604 1637 3658 τὸ
1671 3602 1927 3681 διάφορον

275 3691 604 3763 καταμαθὼν
635 3697 734 3760 τῆς
792 3711 851 3745 τε
899 3684 998 3761 ἔξω
1049 3695 1193 3761 ζωῆς
1247 3691 1465 3760 καὶτῆς
1517 3690 1571 3746 ἐν
1620 3692 1930 3769 παραδείσῳ

277 3777 576 3857 διαγωγῆς,
631 3779 691 3834 ἐκ
739 3787 840 3850 τῆς
891 3780 1217 3856 συγκρίσεως
1268 3780 1558 3854 ἑκατέρων,
1619 3782 1706 3836 καὶ
1762 3782 1927 3852 αὐτῆς

270 3877 371 3939 τῆς
402 3869 622 3944 πείρας,
651 3868 892 3946 γνωρίσῃ
923 3870 1018 3943 μὲν
1068 3871 1168 3940 τὴν
1223 3869 1504 3945 ὑπεροχὴν
1561 3877 1660 3925 τοῦ
1701 3871 1754 3926 ἐν
1784 3872 1929 3944 αὐτῷ

270 3958 537 4029 κάλλους,
598 3953 818 4037 φοϐηθῇ
873 3955 930 4012 δὶ
993 3959 1082 4012 καὶ
1135 3965 1235 4027 τῆς
1294 3959 1618 4022 ἐκπτώσεως
1670 3961 1767 4028 τήν
1832 3966 1926 4031 ζη-

274 4047 425 4118 μίαν.

347 4228 432 4282 11.
464 4227 582 4280 Ἵνα
632 4221 690 4280 δὶ
731 4225 937 4299 νοήσῃς
987 4221 1204 4302 φυτείαν
1244 4222 1392 4296 ἀξίαν
1441 4222 1586 4287 θείας
1618 4225 1805 4301 χειρὸς
1836 4223 1926 4280 καί

271 4313 554 4389 ἐργασίας,
608 4316 880 4386 μνήσθητι
926 4318 1032 4367 τῶν
1087 4312 1138 4366 ἐν
1169 4317 1247 4384 τῷ
1298 4313 1622 4388 ΕὐαγγεΛίῳ
1661 4314 1806 4384 παρὰ
1827 4319 1924 4369 τοῦ

275 4403 480 4477 Κυρίου
532 4404 668 4478 πρὸς
724 4401 851 4463 τοὺς
900 4401 1144 4475 μαθητὰς
1192 4401 1514 4478 εἰρημένων,
1575 4401 1679 4471 δτι,
1741 4403 1922 4476 Ὑμεῖς

271 4492 385 4548 ἐστε
436 4493 504 4546 τὰ
559 4491 821 4564 κλήματα
855 4535 869 4559 ,
927 4492 1013 4546 καὶ
1070 4493 1098 4546 6
1156 4493 1341 4564 Πατήρ
1425 4512 1530 4564 μου
1589 4491 1616 4546 6
1681 4491 1923 4568 γεωργός

2061 569 2242 629 libido
2273 582 2541 634 creatur?
2570 585 2645 636 At
2676 582 2784 636 hoc
2833 600 2904 639 ne
2935 584 3090 639 dictu
3126 586 3363 656 quidem
3406 569 3568 659 pium
3600 595 3707 646 est.

2062 661 2284 734 Corpus
2316 667 2468 722 enim
2504 670 2736 726 abunde
2769 673 3062 744 saginare,
3097 673 3275 746 inque
3306 693 3370 731 eo
3403 677 3708 750 degentem

2063 751 2326 809 animum
2351 756 2613 815 ciborum
2637 761 2802 831 copia
2829 763 3092 829 obruere,
3116 763 3390 820 viaticum
3416 767 3710 837 quoddam

2061 845 2151 895 est
2181 843 2583 918 adlasciviam
2633 854 3024 923 stuprumque
3071 870 3135 908 ac
3184 857 3623 926 procacitatem,
3658 863 3714 913 et

2063 929 2110 984 si
2144 932 2280 1002 quid
2336 935 2493 992 aliud
2528 939 2586 992 in
2618 941 2812 994 vetitis
2843 945 2952 1010 est,
2986 947 3160 1014 atque
3191 943 3249 998 in
3282 960 3454 1000 omne
3504 961 3706 1018 pecca-

2063 1023 2188 1075 tum
2223 1040 2472 1094 pronum
2515 1028 2705 1082 reddit
2735 1045 2800 1084 ac
2830 1029 3206 1102 praecipitem.

2130 1110 2182 1164 9.
2219 1111 2355 1168 Aliae
2401 1113 2583 1185 igitur
2628 1117 3017 1189 intelligenda:
3067 1120 3284 1175 delicia":
3337 1127 3497 1188 sunt,
3533 1127 3600 1178 ut
3653 1128 3711 1180 et

2060 1197 2365 1269 plantatio,
2401 1219 2528 1274 quae
2561 1205 2658 1260 Dei
2701 1206 2991 1262 culturam
3025 1208 3243 1276 deceat,
3271 1216 3465 1265 mente
3516 1212 3705 1282 perci-

2061 1286 2274 1357 piatur.
2309 1290 2583 1354 Ouzenam
2637 1293 2812 1365 igitur
2842 1295 3132 1366 voluptas,
3167 1314 3296 1368 qum
3327 1299 3547 1354 deliciae
3578 1316 3706 1355 esse

2062 1377 2306 1446 possint,
2340 1395 2467 1450 qua;
2499 1381 2718 1438 sanctis
2757 1386 3117 1456 congruant?
3163 1387 3438 1445 Delectare
3485 1391 3546 1444 in
3595 1394 3705 1446 Do-

2062 1468 2231 1534 mino,
2264 1473 2318 1522 et
2347 1469 2501 1524 dabit
2530 1471 2636 1526 tibi
2661 1474 2953 1543 petitiones
2981 1475 3156 1530 cordis
3185 1477 3272 1531 tui
3291 1478 3360 1530 “.

2132 1645 2216 1699 10.
2253 1647 2537 1712 Quoniam
2569 1648 2750 1719 igitur
2786 1651 3019 1706 infinita
3050 1657 3136 1707 est
3164 1653 3395 1710 virtutis
3426 1656 3699 1728 varietas,

2061 1751 2126 1788 ac
2150 1736 2327 1806 quam
2347 1753 2518 1791 nemo
2539 1739 2682 1793 satis
2701 1739 2910 1810 sapiat,
2927 1740 3324 1812 pulchritudo,
3340 1761 3372 1798 a
3396 1744 3705 1816 multiplici

1983 1858 2029 1922 B
2061 1823 2160 1878 Dei
2193 1826 2479 1896 sapientia
2509 1827 2719 1883 horum
2752 1830 2928 1884 ducta
2958 1831 3203 1902 origine,
3231 1838 3534 1904 propterea
3558 1835 3702 1890 scri-

2063 1916 2224 1982 ptum
2262 1918 2372 1980 est,
2399 1915 2676 1972 Plantavit
2708 1922 2849 1972 Deus
2892 1919 3232 1990 paradisum,
3263 1938 3376 1976 non
3409 1921 3480 1976 ad
3514 1923 3704 1978 orien-

2059 2004 2199 2067 tem,
2225 2003 2325 2056 sed
2356 2002 2424 2057 ad
2449 2005 2674 2059 orientis
2700 2007 2912 2077 plagas.
2938 2009 3190 2080 Quaeque
3219 2009 3373 2065 enim
3394 2028 3426 2065 a
3458 2011 3702 2068 Domino

2059 2093 2320 2145 satarum
2379 2093 2673 2164 stirpium,
2705 2095 2763 2150 in
2820 2097 3056 2168 propria
3107 2097 3235 2152 luce
3282 2099 3492 2154 eximio
3542 2099 3702 2156 cultu

2058 2182 2232 2250 atque
2259 2185 2466 2236 ornatu
2499 2184 2966 2255 persplendebat.
2995 2186 3118 2241 Illic
3149 2188 3420 2243 Fluminis
3447 2191 3699 2261 impetus,

2057 2270 2174 2339 ejus
2204 2269 2344 2339 quod
2373 2271 2621 2342 laetiﬁcat
2658 2275 2934 2329 civitatem
2965 2276 3057 2331 Dei
3081 2277 3145 2331 “.
3191 2276 3319 2332 Alio
3351 2283 3544 2333 autem
3577 2277 3702 2335 loco

2060 2358 2356 2428 Voluptatis
2408 2363 2685 2416 torrens“
2738 2370 3130 2435 nuncupatur,
3166 2365 3349 2434 alens,
3384 2371 3441 2420 et
3486 2369 3556 2422 ad
3603 2369 3700 2439 ju-

2055 2451 2211 2501 stum
2241 2458 2600 2506 cremenlum
2628 2451 2869 2508 trahens
2891 2454 3290 2525 spiritualium
3313 2455 3544 2511 illarum
3571 2457 3708 2512 stir-

2055 2537 2218 2606 pium
2249 2543 2610 2594 venustatem
2663 2547 2840 2613 atque
2887 2543 3176 2598 decorem.
3216 2546 3288 2610 ls,
3323 2545 3382 2600 in
3431 2546 3702 2618 sequenti

2052 2626 2364 2696 Scriptum
2397 2629 2804 2700 textu,fluvius
2831 2631 3136 2688 diciturex
3165 2634 3338 2688 Elem
3371 2636 3698 2707 egrediens,

2053 2716 2123 2768 ad
2160 2715 2523 2786 irrigandum
2573 2720 2932 2790 paradisum.
2966 2725 3114 2776 Sane
3145 2724 3384 2794 quidem
3430 2724 3488 2778 in
3521 2741 3698 2796 supe-

2052 2802 2300 2858 rioribus
2331 2806 2553 2861 dictum
2589 2813 2695 2874 est,
2729 2810 2882 2880 quod
2916 2810 3185 2866 absoluta
3217 2812 3376 2882 prius
3408 2814 3699 2868 creatione

2052 2893 2390 2964 mundoque
2423 2895 2762 2958 constituto,
2795 2897 2878 2951 sic
2919 2898 3214 2954 induxerit
3245 2898 3564 2970 hominem,
3595 2901 3695 2971 qui

2052 2986 2322 3049 praeesset
2353 2981 2595 3053 imperio
2628 3000 2691 3037 ac
2723 2984 2982 3040 dominio
3016 2986 3274 3057 polleret.
3303 2987 3403 3042 Hic
3433 2993 3628 3043 autem
3665 3005 3694 3044 e

2049 3085 2351 3140 converso,
2391 3071 2552 3140 prius
2603 3072 2870 3127 formavit
2913 3073 3232 3142 hominem,
3265 3075 3475 3131 deinde
3520 3093 3696 3148 para-

2048 3159 2244 3212 disum
2279 3157 2578 3230 plantavit.
2619 3162 2801 3231 Hujus
2852 3179 3019 3234 porro
3053 3163 3200 3218 ratio
3231 3169 3340 3229 est,
3370 3165 3523 3236 quod
3574 3164 3694 3221 illic

2048 3247 2284 3318 quidem
2320 3249 2474 3303 istud
2507 3249 2736 3305 consilii
2773 3251 2968 3318 fuerit,
2997 3257 3063 3306 ut
3094 3253 3150 3306 in
3186 3252 3413 3324 plenam
3448 3254 3690 3310 domum

2044 3337 2528 3405 patremfamilias
2570 3339 2768 3393 statim
2824 3339 3160 3408 induceret;
3195 3358 3298 3396 nec
3329 3343 3475 3399 351
3515 3359 3689 3415 quem

2041 3440 2358 3495 pauperem
2390 3432 2666 3496 creasset,
2695 3431 3072 3500 postmodum
3107 3447 3300 3485 rerum
3334 3431 3502 3501 copia
3532 3431 3690 3486 locu-

2041 3511 2306 3582 pletaret.
2342 3514 2444 3569 Hic
2473 3533 2627 3581 vero,
2652 3517 2749 3588 qui
2803 3533 2929 3572 eam
2983 3519 3418 3590 perfectionem,
3454 3537 3583 3592 quae
3622 3537 3691 3576 ex

2042 3602 2300 3672 profectu
2351 3609 2460 3667 est,
2487 3605 2789 3674 tribueret,
2816 3606 2952 3661 alibi
2986 3613 3272 3674 creatum,
3309 3608 3369 3663 in
3416 3610 3687 3680 paradiso

2040 3693 2415 3761 postmodum
2449 3693 2720 3749 colonum
2753 3696 3091 3761 collocavit;
3128 3703 3191 3751 ut
3220 3696 3516 3769 explorato
3547 3699 3686 3770 quid

2039 3780 2349 3836 interesset
2386 3782 2539 3836 inter
2567 3784 2745 3838 vitam
2781 3801 2958 3855 quam
3003 3785 3138 3839 foris
3188 3791 3470 3855 gesserat,
3503 3791 3559 3840 et
3588 3803 3688 3858 pa-

2038 3870 2220 3924 radisi
2253 3870 2688 3926 institutionem
2739 3889 2804 3926 ac
2850 3873 3247 3944 disciplinam,
3282 3890 3349 3927 ex
3381 3874 3687 3946 utriusque

2037 3957 2363 4022 collatione,
2397 3964 2523 4014 tum
2559 3960 3018 4032 pulchritudinis
3049 3961 3450 4016 excellentiam
3482 3963 3688 4016 condi-

2037 4052 2243 4114 sceret,
2277 4051 2403 4102 tum
2436 4065 2614 4119 quam
2648 4048 2910 4104 facturus
2941 4055 3096 4104 esset
3120 4049 3437 4120 jacturam,
3472 4049 3520 4105 si
3552 4051 3688 4106 inde

2037 4136 2347 4204 excideret,
2383 4141 2690 4191 metueret.

2109 4226 2193 4280 11.
2220 4225 2292 4280 Ut
2311 4241 2444 4280 vero
2469 4224 2892 4298 plantationem
2922 4225 3016 4280 Dei
3043 4242 3222 4281 manu
3246 4226 3484 4299 dignam
3515 4227 3686 4284 intel-

2035 4313 2207 4385 ligas,
2238 4314 2294 4368 in
2339 4315 2680 4371 memoriam
2711 4316 2905 4370 veniat
2933 4332 3133 4370 eorum
3186 4333 3311 4387 quae
3355 4334 3388 4371 a
3438 4317 3685 4374 Domino

2033 4403 2189 4458 dicta
2217 4408 2358 4458 sunt
2403 4405 2474 4458 ad
2509 4404 2870 4475 discipulos:
2909 4407 3002 4459 Vos
3031 4407 3162 4460 estis
3192 4407 3465 4476 palmites,
3498 4414 3548 4461 et
3580 4412 3686 4462 Pa-

2032 4500 2114 4546 ter
2144 4509 2292 4548 meus
2328 4494 2577 4564 agricola
2609 4495 2769 4560 est”,
2804 4498 2869 4548 ut
2899 4495 2996 4563 qui
3046 4493 3326 4548 nimirum
3375 4493 3480 4549 sati
3516 4495 3586 4550 ab
3619 4511 3685 4550 eo

269 4583 399 4636 ἰστιο
436 4579 723 4652 δηλονότι,
773 4581 849 4642 ὡς
899 4581 1023 4655 παρ’
1072 4579 1234 4635 αὐτοῦ
1287 4579 1648 4658 φυτευθέντες.
1701 4580 1919 4652 Ταύτης

2052 4586 2247 4636 issent.
2279 4583 2356 4636 Ex
2404 4581 2504 4636 illa
2536 4588 2676 4636 sunt
2728 4582 3108 4653 plantatione,
3141 4587 3198 4636 et
3247 4583 3348 4653 qui
3400 4583 3459 4637 in
3511 4584 3684 4639 domo

269 4671 369 4725 εἰσί
396 4673 497 4738 τῆς
526 4669 742 4748 φυτείας
771 4669 861 4723 καὶ
914 4671 966 4723 οἱ
1015 4669 1066 4723 ὲν
1118 4673 1196 4740 τῷ
1242 4667 1378 4742 οἷ’κῳ
1412 4669 1607 4744 Κυρίου
1656 4690 1923 4745 πεφυτευ-

273 4761 449 4832 μένοι,
500 4761 576 4822 ὡς
616 4759 934 4834 γέγραπται,
983 4758 1150 4812 καὶέν
1208 4763 1325 4819 ταῖς
1377 4756 1571 4820 αὐλαῖς
1627 4762 1726 4812 τοῦ
1783 4763 1917 4813 Θεοῦ

266 4852 431 4921 ἡμῶν
486 4847 848 4919 ὲξανθουντες.
906 4846 980 4901 T6
1037 4843 1082 4900 δ’
1114 4845 1242 4901 αὐτὸ
1291 4847 1381 4900 καὶ
1431 4845 1484 4901 ἐν
1529 4851 1608 4919 τῷ
1639 4849 1913 4922 προφήτῃ·

268 4938 407 5012 Ἐγὼ
506 4935 771 5012 ἱφότευσα
872 4933 1118 5008 ἃμπελον
1217 4935 1564 5014 καρποφόρον
1644 4981 1660 5007 ,
1745 4942 1918 4990 πᾶσαν

265 5025 573 5096 ἀληθινήνί
618 5027 679 5084 Ὁ
736 5021 795 5080 δὲ
853 5025 1106 5098 μιμητὴς
1136 5029 1232 5080 τοῦ
1263 5025 1497 5099 Χριστοῦ
1530 5024 1744 5088 Παῦλος
1773 5025 1916 5080 ἀπο-

263 5115 450 5188 τολμᾷ
500 5114 592 5170 καὶ
652 5114 800 5190 λὶγει
861 5113 968 5183 ὅτι,
1025 5112 1158 5170 Θεοῦ
1226 5113 1475 5186 συνεργοὶ
1539 5112 1719 5187 ἐσμεν
1781 5118 1917 5170 Θεοῦ

263 5204 531 5282 γεώργιόν
592 5203 709 5259 ἔστε
739 5243 753 5258 .
813 5203 958 5279 Ἐγὼ
1009 5201 1270 5282 ἆφύτευσα
1304 5244 1319 5272 ,
1377 5201 1668 5266 Ἀπολλὼς
1735 5202 1916 5258 ἐπότι-

327 5417 372 5450 “
421 5412 578 5472 Paul.
609 5427 804 5480 xxxvr,
838 5410 889 5468 4.
967 5412 1013 5448 ⁸⁸
1039 5411 1194 5470 Paul.
1225 5428 1354 5483 xcv,
1374 5412 1430 5469 5.
1506 5413 1552 5450 ⁵⁸
1580 5411 1732 5471 Psal.
1764 5429 1930 5484 ων,
1957 5411 2013 5468 9.

267 5485 308 5522 ⁸⁸
334 5487 355 5543 Ι
384 5487 514 5544 Cor.
545 5501 632 5554 ιη,
664 5485 722 5552 9,
749 5484 806 5540 6.

2039 4670 2266 4726 Domini
2303 4670 2547 4741 plantati
2599 4675 2738 4726 sunt
2759 4670 2822 4726 ⁸⁸.
2861 4671 2926 4724 Et
2979 4688 3185 4726 rursus
3236 4671 3294 4725 in
3346 4671 3678 4744 propheta:

2023 4759 2133 4828 Ego
2160 4760 2411 4830 plantavi
2462 4762 2677 4814 vineam
2723 4761 3092 4830 [iacti/eram,
3144 4776 3358 4814 omnem
3406 4777 3590 4815 veram
3612 4761 3674 4816 ‘9.

2029 4849 2338 4920 Audetque
2361 4853 2416 4902 et
2436 4849 2742 4904 aitChristi
2763 4847 3012 4902 aemulus
3037 4848 3269 4916 Paulus,
3292 4850 3388 4904 Dei
3407 4849 3680 4922 adjutores

2024 4954 2248 4999 sumus;
2297 4939 2399 4994 Dei
2435 4939 2781 5009 agricultura
2827 4940 2974 4993 estis.
3009 4939 3117 5009 Ego
3164 4939 3442 5009 plantavi,
3494 4941 3680 5011 Apollo

2025 5029 2250 5098 rigavit.
2303 5028 2438 5082 Deus
2483 5037 2663 5082 autem
2711 5029 3111 5083 incrementum
3169 5028 3325 5084 dedit
3348 5029 3412 5083 ⁵ο.
3471 5029 3679 5085 Justus

2027 5132 2260 5189 quoque
2289 5115 2349 5170 in
2382 5115 2595 5171 Davide
2627 5115 2841 5172 similis
2871 5117 3067 5172 dictus
3097 5121 3187 5172 est
3215 5117 3407 5172 arbori
3443 5119 3676 5174 consita:

2026 5219 2200 5260 secus
2230 5205 2516 5260 decursus
2553 5221 2864 5277 aquarum,
2897 5209 3032 5276 Quae
3059 5207 3302 5278 fructum
3333 5223 3496 5262 suum
3527 5207 3680 5262 dabit

2620 5413 2664 5450 ⁴⁸
2695 5413 2847 5472 Psal.
2877 5430 2992 5484 xei,
3017 5415 3106 5472 14.
3180 5415 3226 5451 ιθ
3251 5415 3464 5473 Jerem.
3486 5431 3552 5488 ιι,
3575 5416 3669 5476 21.

2089 5413 2134 5450 ⁸⁷
2163 5413 2334 5470 Joan.
2365 5429 2458 5483 xv,
2493 5414 2543 5470 1.

330 5698 400 5771 (a)
427 5694 659 5767 ταύτην.
692 5695 865 5754 Forte
893 5693 1206 5768 legendum
1236 5711 1458 5764 ταυτης,
1491 5707 1702 5768 nempe
1732 5691 1978 5756 κτίσεως.
2010 5692 2171 5750 Ευιτ.
