4108 6214
423 328 514 441 ῪῊ
1390 378 1646 438 ΑΡΡΕΝ
1656 377 1790 438 DlX
1830 377 2045 439 OPEH'

2311 376 2602 438 BASILII
2647 375 2923 438 MAGNI.
3767 383 3844 439 ’τε
3911 335 3920 343 ’

435 513 495 566 in
523 516 764 583 tempore
789 526 909 574 suo,
939 513 987 565 et
1016 509 1215 579 folium
1240 509 1358 576 eius
1388 524 1495 564 non
1524 508 1724 580 deﬂuet
1747 509 1820 576 5‘;
1854 525 1920 564 ac
1953 525 2057 563 rur

2219 526 2297 573 εν,
2354 506 2382 560 6
2439 503 2498 560 δὲ
2527 506 2657 570 Θεὸς
2711 501 2932 576 ηὔξησε.
2968 503 3070 562 Καὶ
3123 505 3151 559 ὁ
3184 501 3392 568 δίκαιος
3421 505 3497 572 δὲ,
3533 507 3560 561 6
3592 508 3738 582 παρὰ
3764 513 3841 582 τῷ

436 618 536 656 rus
568 618 580 654 :
611 603 800 657 Justus
864 608 925 654 ut
981 599 1166 669 palma
1218 598 1434 667 ﬂorebit
1453 598 1525 665 5’;
1560 605 1619 652 et
1664 614 1676 652 :
1735 599 1954 653 Vineam
2008 614 2058 652 ea

2219 590 2378 663 ιαϐὶδ,
2438 594 2720 668 ὡμοίωται
2779 599 2856 666 τῷ
2912 592 3059 667 ξύλῳ
3119 598 3198 666 τῷ
3255 595 3643 672 πεφυτευμένῳ
3700 597 3841 670 παρά

432 692 670 761 Αῑςῃριο
691 689 1030 743 transtulisti
1039 704 1059 749 ,·
1076 689 1279 754 eiecisti
1297 696 1563 756 gentes,et
1581 689 1848 757 plantam
1867 704 1990 741 eam
2010 687 2054 722 ⁵³

2223 684 2282 745 ἀς
2338 681 2611 756 διεξόδους
2658 687 2766 738 τῶν
2826 680 3031 737 ὑδάτων
3070 725 3084 750 ,
3137 688 3198 736 Ὃ
3255 683 3346 738 τὸν
3410 684 3614 757 καρπὸν
3677 684 3837 740 αὐτοῦ

431 779 514 833 Da
547 781 725 850 igitur
743 794 1002 849 operam,
1029 784 1092 831 ut
1123 793 1220 846 per
1242 777 1573 830 istiusmodi
1601 777 1955 830 documenta
1980 794 2053 847 pa

2221 773 2347 826 ώσει
2408 771 2460 826 ἐν
2511 777 2688 847 καιρῷ
2748 773 2954 842 αὐτοῦ,
3013 771 3101 826 καὶ
3157 772 3219 826 τὸ
3277 770 3488 849 φύλλον
3543 774 3707 828 αὐτοῦ
3741 773 3839 828 οὐκ

430 869 693 922 radisum
725 866 893 920 illum
936 870 1130 919 mente
1177 865 1534 934 assequeris,
1571 865 1990 936 perveniasque
2019 882 2049 920 e

2213 861 2623 936 ιπορῥυήσεται·
2681 860 2770 915 καὶ
2825 859 3012 916 πάλιν
3075 860 3289 922 Δίκαιος
3348 861 3422 923 ὡς
3478 863 3653 940 φοίνιξ
3713 863 3771 917 ἀν
3813 896 3835 906 -

431 957 555 1026 ipse
587 957 658 1010 ad
690 955 897 1009 divinae
941 954 1089 1008 lucis
1120 953 1407 1022 fulgores;
1445 954 1541 1006 ubi
1573 953 1772 1008 lumen
1822 955 2053 1008 serentis

2207 953 2378 1019 ιήσει’
2463 949 2552 1004 καὶ
2606 991 2619 1018 ,
2683 947 2966 1022 ’Ἄμπελον
3052 949 3100 1022 ἐξ
3185 949 3462 1025 Αἰγύπτου
3543 958 3829 1024 μετῆρας·

429 1048 642 1111 oritur;
669 1044 765 1097 ubi
791 1044 1054 1097 consitus
1073 1047 1161 1095 est
1185 1040 1491 1110 paradisus
1514 1042 2048 1107 deliciaruui.0uan

2213 1034 2428 1109 ξέϐαλες
2510 1037 2633 1108 ἔθνη
2671 1082 2685 1109 ,
2741 1040 2831 1092 καὶ
2901 1038 3292 1115 κατεφύτευσας
3367 1039 3534 1110 αὐτήν
3572 1083 3584 1096 .
3647 1042 3835 1116 Πειρά-

427 1149 602 1202 quam
628 1147 758 1186 vero
781 1131 953 1184 etiam
985 1128 1176 1183 locum
1201 1145 1543 1199 corporeum
1569 1130 1764 1184 animo
1791 1131 2049 1184 informa-

2215 1149 2303 1197 ητι
2351 1127 2528 1182 τοίνυν
2589 1124 2676 1181 διὰ
2720 1131 2824 1181 τῶν
2871 1126 3133 1182 τοιούτων
3174 1124 3516 1204 διδαγμάτων
3577 1127 3629 1183 ἐν
3684 1150 3833 1202 περι-

424 1221 596 1286 veris,
631 1219 727 1289 qui
761 1229 1095 1273 sanctorum
1139 1217 1308 1272 sedes
1364 1218 1460 1282 sit,
1497 1218 1555 1272 in
1593 1236 1704 1287 quo
1737 1235 1940 1274 omnes
1973 1237 2046 1290 qu

2203 1217 2303 1287 ιοίᾳ
2358 1217 2600 1290 γενέσθαι
2656 1221 2754 1270 τοῦ
2812 1213 3141 1290 παραδείσου
3198 1215 3424 1286 ἐκείνου,
3481 1218 3572 1272 καὶ
3630 1219 3825 1293 φθάσαι

425 1324 602 1378 super
620 1313 836 1362 terram
870 1306 1039 1360 bonis
1068 1307 1344 1376 operibus
1367 1306 1724 1376 claruerunt,
1750 1308 1850 1362 Dei
1873 1310 2047 1377 gratia

2209 1306 2271 1359 ιαὶ
2330 1305 2490 1367 αὐτὸς
2543 1305 2617 1366 εἷς
2674 1305 2768 1367 τάς
2799 1305 2974 1380 αὐγὰς
3029 1310 3126 1359 τοῦ
3182 1304 3326 1369 θείου
3373 1302 3572 1384 φωτός·
3620 1305 3747 1361 ἔνθα
3770 1309 3831 1362 τὸ

422 1403 720 1466 compotes
767 1395 975 1463 eli‘ecti,
1007 1411 1270 1465 veraeque
1302 1411 1369 1450 ac
1400 1395 1684 1466 spiritalis
1728 1397 2044 1466 jucundita

2209 1399 2296 1456 ›ῶς
2327 1400 2423 1463 τῆς
2469 1393 2723 1470 γνώσεως
2773 1391 3076 1463 ἀνατέλλει,
3129 1392 3250 1448 ἔνθα
3296 1394 3323 1447 6
3373 1393 3701 1470 παράδεισος
3731 1403 3831 1466 τῆς

422 1485 522 1550 tis,
549 1485 732 1541 vitam
766 1488 965 1556 agant,
1000 1483 1144 1537 nihil
1179 1484 1251 1537 ab
1283 1500 1369 1549 ea,
1396 1501 1524 1554 quae
1555 1485 1780 1552 doceat,
1815 1486 2044 1555 paradis

2207 1491 2386 1561 pugn"):
2430 1483 2774 1560 πεφύτευται.
2830 1481 2934 1537 Κᾶν
2984 1483 3191 1559 χωρίον
3215 1537 3217 1539 ,
3243 1481 3300 1538 δέ
3347 1505 3400 1538 τι
3428 1489 3553 1557 νοῇς
3583 1506 3829 1557 σωματι-

421 1576 760 1644 conjectura
789 1591 854 1630 ac
888 1572 1206 1628 simulacro
1241 1575 1486 1628 forsitan
1517 1573 1819 1628 erraveris.

2207 1573 2298 1640 :6v,
2360 1569 2602 1627 δεκτικὸν
2658 1577 2766 1626 τῶν
2827 1573 3018 1646 ἀγίων,
3069 1571 3121 1626 ἐν
3151 1573 3196 1644 ᾧ
3255 1572 3448 1634 πάντες
3509 1575 3560 1627 οἱ
3611 1572 3698 1628 ἐπὶ
3727 1581 3829 1650 γῆς

419 1659 822 1735 διαλάμψαντες
872 1659 923 1714 ἐν
985 1657 1167 1735 ἔργοις
1217 1661 1444 1734 ἀγαθοῖς
1493 1657 1823 1730 διαιτῶνται,
1874 1667 1974 1729 τῆς
2003 1665 2100 1715 τοῦ
2147 1665 2281 1716 Θεοῦ
2332 1661 2693 1723 ἀπολαύοντες
2739 1663 2987 1736 χάριτος,
3038 1662 3155 1716 κατ’
3207 1662 3355 1732 ἀξίαν
3415 1657 3679 1736 ἀμοιϐὴν,
3738 1662 3828 1718 καὶ

415 1754 516 1817 τῆς
575 1749 845 1820 ἀληθινῆς
903 1750 992 1804 καὶ
1054 1749 1316 1824 μακαρίας
1371 1749 1734 1824 τερπνότητος
1768 1796 1782 1823 ,
1842 1749 1941 1805 οὐκ
1995 1750 2320 1814 ἀποπίπτεις
2391 1755 2534 1827 τάχα
2581 1749 2694 1806 οὐδ’
2751 1751 2894 1806 ούτω
2951 1757 3052 1821 τῆς
3110 1750 3422 1827 πρεπούσης
3477 1752 3603 1826 περὶ
3662 1750 3829 1807 αὐτοῦ

416 1839 672 1902 εἰκασίας.

489 1934 575 1986 12.
611 1930 730 1986 Illic
761 1930 959 2002 itaque
989 1931 1153 1985 bona;
1179 1931 1442 2000 quaedam
1466 1931 1714 1986 virtutes
1747 1931 1946 1985 missis
1973 1949 2066 1986 ra-
2097 1936 2111 2000 ]

2247 1934 2333 1987 12.
2385 1931 2528 1987 Ἐκεῖ
2579 1929 2672 1983 οὗν
2726 1928 3086 2006 ἐῤῥιζωμὲναι
3145 1929 3244 1984 εἰσὶ
3294 1928 3386 1984 καί
3437 1929 3648 2006 παγίως
3708 1929 3827 2006 ἐρη-

414 2020 645 2074 dieibus
680 2020 922 2074 ﬁrmiter
953 2018 1223 2074 stabilita;
1257 2025 1396 2074 sunt
1435 2026 1776 2074 sanctorum
1809 2019 2031 2074 admini

2199 2017 2446 2091 ιεισμὲναι
2478 2019 2532 2072 αἱ
2587 2017 2781 2092 ἀγαθαὶ
2834 2016 3110 2090 δυνάμεις,
3147 2016 3464 2093 λειτουργοὶ
3492 2024 3600 2073 τῶν
3632 2019 3821 2094 ἁγίων,

414 2114 570 2174 straa,
604 2125 854 2180 quarum
898 2109 1030 2162 ﬁdei
1084 2125 1148 2161 ac
1199 2125 1349 2162 curae
1398 2109 1573 2163 homo
1625 2125 1825 2164 recens
1875 2115 2036 2164 ortus

2201 2110 2255 2169 Ic
2284 2109 2312 2162 6
2343 2109 2626 2183 ἄνθρωπος
2673 2104 2948 2179 παρεδόθη
3003 2106 3286 2182 ἀρτιγενὴς
3336 2107 3409 2161 ὣν
3460 2108 3550 2162 καὶ
3603 2106 3823 2179 πολλῆς

414 2199 719 2268 multaque
750 2199 820 2251 ad
865 2198 1279 2268 perfectionem
1335 2198 1606 2268 indigens
1653 2197 2036 2252 οχθτοίίειῐίοω

2204 2195 2427 2268 εόμενος
2485 2194 2881 2271 συγγομνασίας
2937 2196 3073 2269 πρὸς
3129 2197 3228 2264 τήν
3283 2194 3591 2253 τελείωσιν.
3651 2199 3734 2251 Ἐν
3777 2199 3821 2270 ᾧ

413 2287 644 2342 virtutis
677 2286 945 2358 palaestra
977 2287 1225 2340 traditus
1247 2291 1355 2341 est.
1380 2286 1485 2341 Ubi
1509 2291 1844 2341 sanctorum
1878 2293 2035 2341 cmtu:

2202 2285 2229 2339 ὸ
2260 2285 2510 2356 σύστημα
2555 2290 2664 2338 τῶν
2719 2283 2908 2360 ἁγίων,
2942 2283 2992 2337 ἐν
3027 2285 3072 2356 ᾧ
3115 2285 3169 2339 αἱ
3202 2283 3461 2340 ἀνατολαὶ
3491 2290 3588 2340 τοῦ
3621 2287 3819 2364 φωτὸς,

411 2379 529 2438 est;
581 2375 678 2428 ubi
730 2373 880 2428 lucis
925 2379 1186 2438 exortus;
1231 2373 1332 2427 ubi
1383 2373 1602 2426 deliciae
1653 2373 1861 2428 animas
1894 2390 1907 2429 :
1940 2373 2033 2427 illii

2186 2396 2217 2428 ιν
2252 2373 2296 2446 ᾦ
2329 2376 2362 2443 ἡ
2411 2374 2587 2451 τρυφή
2635 2376 2733 2442 τῆς
2780 2376 2984 2448 ψυχῆς
3038 2372 3149 2427 ἐκεῖ
3187 2368 3333 2437 ἔθειο
3382 2375 3473 2428 τὸν
3525 2372 3808 2450 ἄνθρωπον

411 2467 563 2517 Deus
596 2463 789 2534 posuit
815 2462 1136 2517 hominem.
1161 2462 1219 2516 Si
1251 2461 1502 2516 carnalis
1534 2478 1618 2525 es,
1643 2462 1822 2517 habes
1853 2479 2026 2534 corpo

2190 2487 2195 2512 ι
2243 2463 2395 2523 Θεός.
2445 2469 2542 2515 θΑν
2595 2462 2690 2534 μὶν
2743 2460 2832 2515 οῦν
2888 2463 3139 2536 σάρκινος
3190 2463 3254 2531 εἴ,
3299 2463 3390 2516 καὶ
3428 2461 3672 2537 μεγάλην
3704 2467 3812 2539 ἡγῇ

408 2554 547 2610 ralis
571 2555 823 2625 paradisi
847 2554 1319 2618 delineationem,
1337 2553 1818 2608 delicatissimam
1831 2571 1940 2622 que
1961 2571 2029 2608 ex

2192 2551 2264 2618 "in;
2299 2555 2405 2605 τῶν
2457 2551 2728 2620 αἴσθητῶν
2772 2549 3094 2622 ἀπόλαυσιν,
3137 2546 3285 2626 ἔχεις
3334 2551 3433 2620 τήν
3493 2553 3814 2630 ὑπογραφὴν

407 2643 845 2714 pletionem.Ad
875 2642 994 2697 haec
1019 2641 1444 2712 propera,velut
1463 2642 1890 2696 indeﬁcientem
1917 2645 2028 2698 sub

2192 2638 2372 2708 κείνην
2403 2642 2504 2692 τοῦ
2553 2642 2868 2710 σωματικοῦ
2920 2636 3271 2712 παραδείσου,
3319 2639 3408 2693 καὶ
3437 2641 3536 2709 τήν
3585 2637 3814 2711 ἡδίστην

408 2731 864 2785 ministrandum
891 2730 1008 2784 illic
1029 2729 1390 2800 voluptatem
1417 2730 1843 2785 nacturus.Seu
1878 2732 2020 2801 spiri

2197 2727 2491 2806 μφόρησιν·
2542 2727 2632 2781 καὶ
2681 2730 2819 2803 πρὸς
2866 2731 3031 2781 ταῦτα
3086 2727 3322 2804 ἐπείγου,
3375 2729 3450 2790 ὡς
3505 2728 3616 2783 ἐκεῖ
3657 2729 3817 2803 εὕρη-

410 2819 545 2874 talis
569 2825 725 2882 es,et
745 2818 1092 2874 sublimiora
1113 2819 1272 2887 sapis
1298 2835 1476 2890 quam
1501 2835 1603 2888 pro
1627 2835 1821 2874 rerum
1843 2819 1899 2872 in
1927 2835 2026 2873 seu

2190 2837 2271 2870 ’ων
2334 2815 2601 2892 χορηγίας
2653 2816 2862 2891 τρυφὴν
2905 2812 3286 2872 ἀδιάλειπτον.
3339 2815 3400 2872 Ei
3460 2814 3518 2872 δὲ
3571 2839 3812 2890 πνευμα-

409 2925 539 2962 sum
574 2908 904 2962 cadentium
933 2907 1338 2972 oblectatione,
1365 2908 1611 2962 ascende
1633 2908 1828 2962 animo
1851 2908 1920 2961 ad
1955 2907 2026 2961 de

2190 2905 2310 2966 ἰκὸς
2369 2906 2436 2973 εἶ,
2492 2903 2582 2958 καὶ
2641 2905 2885 2978 ἀνώτερα
2933 2909 3150 2981 φρονεῖς
3199 2910 3306 2959 τῶν
3358 2911 3626 2981 σαρκικῶν
3675 2907 3812 2961 ἀπο-

407 3011 543 3051 cora
591 2994 954 3066 angelorum,
988 2996 1262 3050 condisce
1293 2996 1392 3066 qui
1433 2996 1491 3049 in
1523 2997 1606 3050 eis
1632 3000 1771 3050 sunt
1809 2995 2029 3064 justitia

2189 2993 2429 3064 ιαύσεων,
2463 2988 2632 3047 ἀνάϐα
2679 2996 2748 3066 τῇ
2795 2989 3003 3064 διανοίᾳ
3045 2993 3180 3068 πρὸς
3227 2994 3295 3047 τὰ
3341 2993 3519 3063 κάλλη
3551 2999 3658 3048 τῶν
3710 2994 3811 3069 ἀγ-

411 3085 657 3140 fructus.
681 3085 966 3138 Contuere
989 3084 1089 3138 Dei
1122 3084 1337 3139 flumen
1361 3084 1532 3154 aquis
1553 3084 1860 3154 repletum,
1887 3085 2033 3154 Cuju.

2183 3081 2335 3155 τίλων
2370 3125 2383 3149 ,
2438 3083 2715 3151 κατάμαθε
2768 3081 2894 3143 τοὺς
2952 3081 3004 3136 ἐν
3063 3083 3252 3143 αὐτοῖς
3307 3089 3406 3150 τῆς
3458 3079 3805 3153 δικαιοσύνης

409 3174 641 3242 impetus
691 3174 967 3242 laetiﬁcant
1010 3175 1288 3228 civitatem
1317 3175 1418 3227 Dei
1436 3174 1508 3238 5‘;
1545 3173 1708 3243 Cujus
1753 3177 1962 3242 arti/ex
1989 3189 2031 3226 αι

2178 3170 2424 3245 ιαρπούς·
2460 3169 2838 3244 ἐνοπτρίσθητι
2898 3171 2991 3224 τὸν
3042 3170 3285 3243 ποταμὸν
3340 3174 3436 3224 τοῦ
3494 3175 3647 3240 Θεοῦ,
3704 3173 3800 3227 τὸν

405 3262 656 3317 conditor
684 3263 820 3317 Deus
840 3261 904 3296 ⁵⁸·
943 3266 1048 3315 Per
1075 3262 1226 3315 hanc
1257 3263 1388 3315 fluit
1418 3261 1513 3316 ille
1544 3261 1783 3325 fluvius,
1806 3261 1906 3331 qui
1941 3263 2018 3314 du

2189 3258 2598 3333 πεπληρωμένον
2662 3256 2910 3327 ὑδάτων,
2969 3260 3046 3316 Ou
3101 3259 3171 3313 τὰ
3228 3260 3528 3334 ὁρμήματα
3585 3260 3811 3337 εὐφραί-

404 3357 496 3405 ota
517 3352 587 3405 ab
611 3351 788 3406 Edem
813 3350 1058 3421 origine.
1078 3349 1282 3422 irrigat
1306 3349 1904 3419 paradisum.Cuncta
1928 3349 2026 3404 basi

2185 3369 2240 3402 νει
2284 3349 2384 3415 τὴν
2437 3345 2601 3401 πόλιν
2657 3350 2753 3400 τοῦ
2812 3351 2966 3415 Θεοῦ,
3021 3348 3120 3409 Ἦς
3178 3348 3435 3424 τεχνίτης
3489 3349 3576 3402 καὶ
3638 3348 3807 3422 δημι-

403 3444 599 3494 mente
630 3443 930 3510 reputans,
967 3438 1173 3492 borum
1220 3438 1395 3492 lauda
1425 3438 1808 3503 conditorem,
1835 3439 1933 3510 qui
1967 3443 2025 3492 to

2195 3436 2355 3511 υργὸς
2405 3436 2433 3490 6
2491 3436 2638 3499 Θεός.
2676 3435 2920 3504 Ἐκείνην
2967 3437 3066 3504 τὴν
3123 3433 3286 3491 πόλιν
3322 3434 3556 3512 διαρῥέει
3590 3439 3617 3493 6
3647 3459 3811 3492 ποτα-

402 3531 687 3598 tantaque
707 3529 857 3582 bona
873 3527 959 3581 tui
978 3543 1155 3581 causa
1178 3525 1458 3592 fecerit,et
1481 3532 1544 3579 ut
1561 3529 1623 3579 tu
1646 3527 1730 3580 eis
1751 3526 2024 3580 fruereris

2189 3526 2264 3587 ιὸς
2296 3525 2472 3596 οὗτος,
2507 3526 2535 3579 6
2565 3524 2874 3599 ἀρχόμενος
2899 3523 2950 3594 ἐξ
2983 3522 3169 3597 Ἐδὶμ,
3200 3527 3227 3579 6
3259 3523 3496 3594 ποτίζων
3522 3527 3611 3582 τὸν
3644 3527 3811 3602 παρά-

401 3621 685 3686 tantaque
715 3622 771 3670 te
801 3616 1066 3670 claritate
1099 3615 1376 3686 dignatus
1409 3615 1507 3679 sit,
1533 3615 1582 3669 si
1611 3615 1782 3669 modo
1813 3616 1884 3669 ad
1917 3632 2023 3670 eun

2197 3634 2361 3670 εισον.
2411 3613 2590 3668 Πάντα
2634 3617 2801 3667 ταῦτα
2849 3616 2918 3686 τῇ
2966 3611 3176 3686 διανοίᾳ
3212 3615 3574 3686 καταμαθὼν,
3628 3612 3812 3686 δόξαζε

401 3721 635 3775 semper
681 3704 872 3759 animo
922 3703 1299 3768 converteris,
1335 3702 1806 3771 intellexerisque
1853 3720 1887 3756 a
1939 3719 2023 3772 qui

2195 3703 2249 3756 6v
2309 3701 2515 3756 τούτων
2565 3698 2923 3776 δημιουργὸν,
2955 3702 3046 3755 τὸν
3103 3703 3171 3756 τζι
3217 3707 3452 3757 τοσαῦτα
3507 3705 3595 3758 καὶ
3651 3703 3811 3774 τηλι-

401 3799 459 3848 et
480 3810 652 3864 quem
683 3793 742 3846 in
775 3793 949 3846 ﬁnem
982 3793 1041 3845 in
1072 3807 1266 3845 rerum
1296 3796 1565 3846 naturam
1602 3792 1885 3846 fuerimus
1919 3809 2021 3862 pro

2189 3795 2329 3844 ,αῦτα
2381 3790 2552 3864 ἀγαθὰ
2596 3786 2686 3843 διὰ
2742 3791 2800 3843 σὶ
2857 3789 2946 3843 καὶ
2975 3791 3072 3858 τὴν
3103 3791 3200 3860 σὴν
3234 3791 3534 3847 ἀπόλαυσιν
3579 3813 3811 3864 πεποιη-

401 3881 581 3936 ducti.
620 3881 730 3952 Ipsi
764 3880 950 3952 gloria
980 3881 1040 3933 in
1075 3880 1288 3934 saecula
1320 3883 1690 3934 saeculorum.
1722 3888 1926 3934 Amen.

2185 3880 2318 3947 16m,
2338 3880 2429 3933 καὶ
2455 3877 2713 3948 τοιαύτης
2741 3876 2900 3948 δόξης
2931 3899 2989 3932 σε
3018 3879 3339 3950 ἀξιώσαντα,
3373 3881 3417 3936 εἰ
3467 3883 3602 3955 πρὸς
3650 3883 3807 3938 αὐτὸν

397 3969 479 4023 ἀεὶ
513 3969 852 4046 ἐπιπρὲφοις
878 3971 947 4041 τῇ
982 3965 1205 4038 διανοίᾳ,
1238 3969 1325 4022 καὶ
1362 3966 1550 4042 συνίῃς
1581 3968 1705 4042 παρ’
1738 3965 1800 4022 οὗ
1829 3968 1918 4023 καὶ
1953 3967 2034 4045 ἐφ’
2057 3969 2103 4041 ᾧ
2149 3969 2224 4030 εἷς
2271 3969 2335 4024 τὸ
2385 3966 2520 4024 εἷ’ναι
2565 3969 2956 4043 παρήχθημεν.
2998 3967 3079 4023 ὅτι
3132 3969 3282 4042 αὐτῷ
3327 3973 3362 4040 ἡ
3397 3968 3521 4042 δόξα
3563 3971 3636 4033 εἷς
3685 3970 3814 4035 τοὺς

397 4057 595 4119 αἰῶνας
625 4062 733 4112 τῶν
763 4058 994 4114 αΐώνων.
1028 4058 1228 4131 Ἀμήν.

1246 4307 1600 4364 θεῶ-ππ
1657 4307 1958 4363 IIOMILIA
1999 4307 2069 4363 IN
2107 4308 2401 4364 PARTEM
2440 4308 2464 4364 Ι
2502 4306 2773 4364 PSALMI
2809 4306 2950 4362 XIV.

580 4453 743 4506 Hanc
774 4453 834 4507 ut
864 4452 1172 4522 genuinam
1216 4453 1588 4523 pramisimus
1616 4451 1858 4522 eiusdem
1870 4452 2116 4579 glalggiz
2116 4453 2309 4579 ριὲζξέ
2328 4469 2390 4520 ιι,
2424 4453 2778 4525 expositioni.
2814 4451 2940 4508 Vide
2967 4453 3173 4507 tomum
3213 4452 3636 4523 precedeniem,

750 4808 903 4866 858
951 4808 1022 4863 ΙΝ
1063 4807 1409 4864 PSALMUM
1448 4807 1688 4866 XXVIII.
2076 4813 2123 4878 D

2076 4813 2123 4878 1)
2610 4808 2724 4863 ΕΙΣ
2766 4806 2870 4861 KH'
2909 4806 3210 4863 ΨΑΑΜΟΝ
3253 4808 3348 4880 (1).

617 4915 858 4972 Adoraie
887 4917 1176 4972 Dominum
1211 4933 1269 4970 ιη
1298 4915 1437 4971 aula
1464 4924 1654 4972 sancta
1680 4917 1818 4988 ejus.

2291 4914 2711 4988 Προσκυνήσατε
2737 4915 2816 4983 τῷ
2847 4909 3033 4986 Κυρίῳ
3062 4909 3113 4966 ἐν
3143 4910 3285 4987 αὐλῇ
3319 4914 3449 4989 ἀγίᾳ
3476 4914 3659 4972 αὐτοῦ.

470 5025 520 5077 1.
556 5023 682 5079 Non
717 5028 943 5095 oportet
973 5039 1328 5094 quemquam
1353 5028 1518 5078 extra
1551 5029 1813 5079 sanctam
1848 5022 2039 5078 aulam

2228 5023 2278 5076 1.
2312 5021 2454 5092 Ἐξω
2484 5025 2584 5089 τῆς
2640 5017 2792 5093 ἁγίας
2854 5015 3025 5086 αὐλῆς
3075 5019 3139 5072 οὗ
3201 5021 3312 5094 χρὴ
3355 5029 3674 5097 προσκυνεῖν
3727 5029 3808 5098 τῷ

393 5111 709 5168 Dominum
758 5113 1046 5168 adorare:
1081 5113 1182 5167 sed
1228 5111 1385 5167 intra
1433 5129 1562 5167 eam
1613 5113 1998 5168 constitutum

2181 5109 2362 5184 Κυρίῳ,
2397 5108 2522 5164 ἀλλ’
2553 5106 2703 5164 ἔνδον
2730 5107 3036 5183 γενόμενον·
3087 5109 3354 5168 τουτέστι.
3417 5114 3493 5186 μή
3539 5109 3803 5170 ἐκϐαίνειν

459 5265 498 5300 ⁸¹
537 5264 690 5321 Psal.
725 5283 764 5335 1,
795 5265 849 5320 3.
927 5265 973 5300 ⁸³
1004 5265 1158 5320 Psal.
1189 5281 1302 5332 XCI,
1338 5265 1423 5320 13.
1500 5264 1545 5302 ⁸³
1575 5264 1725 5320 Psal.
1760 5282 1944 5333 anx,
1977 5265 2032 5321 6.
2108 5263 2153 5299 “
2183 5263 2334 5320 Psal.
2367 5281 2493 5336 XLV,
2524 5264 2578 5318 5.
2654 5263 2698 5297 ⁸⁸
2728 5261 2900 5317 Ilebr.
2933 5277 3011 5328 x1,
3041 5261 3128 5316 10.

427 5415 541 5487 ῖ(1)
572 5415 675 5487 Hic
726 5419 816 5471 est
863 5416 1070 5470 titulus
1119 5413 1278 5487 σου).
1310 5414 1481 5487 sexti.
1517 5415 1703 5471 Editio
1752 5416 1937 5472 Paris.
1973 5412 2048 5476 εἷς
2162 5413 2366 5469 lictum
2401 5419 2489 5469 est
2519 5429 2766 5467 vacuum
2802 5412 3056 5487 spatium
3088 5412 3268 5475 tituli,
3293 5417 3457 5486 quasi
3499 5417 3809 5475 librarium

384 5482 786 5562 τὰλειπόμενα
832 5490 930 5562 τοῦ
977 5492 1063 5555 κη’
1104 5482 1361 5562 ψαλμοῦ,
1394 5489 1670 5562 pessime.
1705 5491 1839 5562 Quis
1891 5488 2006 5562 oni;

2185 5487 2436 5562 induerit
2486 5487 2806 5562 orationem
2857 5489 2976 5562 tam
3029 5483 3286 5562 ineptam
3312 5482 3544 5562 'Basilio
3599 5491 3807 5562 Magno

385 5553 922 5637 in_bac_secunda
959 5553 1664 5637 orationeeripiicantur,
1706 5553 1774 5637 ea
1816 5559 2049 5637 jam_in
2160 5553 2437 5637 tribuere.
2488 5557 2853 5637 Opusculunm
2909 5553 3054 5610 illud
3114 5553 3228 5637 non
3261 5561 3565 5637 _reperitur
3615 5553 3808 5637 neque

386 5630 801 5706 prioreulonge
833 5631 1052 5706 clarius
1095 5627 1530 5706 diluc_idii1sque
1577 5627 1836 5705 exposita
1885 5631 2048 5706 yide-
2158 5629 2218 5685 in
2249 5630 2422 5686 Coisl.
2457 5627 2646 5703 neque
2676 5629 2736 5684 in
2768 5627 2915 5684 Oliv.
2948 5643 3136 5702 neque
3167 5630 3226 5686 in
3260 5627 3398 5706 Reg.
3434 5633 3709 5692 secundo.

390 5717 552 5759 mus.
595 5703 805 5763 Nullus
847 5703 1058 5762 titulus
1108 5708 1198 5760 est
1241 5703 1302 5760 in
1353 5703 1496 5776 Reg.
1531 5703 1771 5777 quarto;
1805 5704 1905 5762 sed
1953 5718 2048 5760 re-
