4134 6212
242 372 319 430 73
1347 370 1682 435 HOMILIA
1723 370 1807 432 IN
1845 369 2232 432 PSALMUM
2272 369 2551 433 XXVIII.
3581 377 3663 435 ἠ

237 504 335 555 τοῦ
391 501 743 573 συστήματος
797 503 900 566 τῆς
950 498 1295 572 Ἐκκλησίας,
1351 500 1440 556 καὶ
1515 501 1633 564 καθ’
1706 499 1890 554 ἑαυτὸν

2014 499 2123 558 hoc
2170 505 2280 568 est,
2322 500 2422 572 qui
2467 516 2599 556 vere
2649 502 2834 558 Deum
2882 502 3072 558 colere
3119 503 3313 574 debet,
3351 517 3486 559 eum
3543 520 3663 560 non

237 592 534 666 κατάρχειν
562 597 1031 666 παρασυναγωγῆς
1084 591 1174 645 καὶ
1221 591 1566 666 σχισμάτων,
1625 590 1717 644 τὸν
1751 588 1897 666 ὀφείο

242 679 411 734 λοντα
443 678 715 750 ἀληθινῶς
742 679 822 752 τῷ
852 684 966 752 Θεῷ
998 680 1299 755 λατρεύειν.
1333 679 1409 737 Οὐ
1439 681 1539 756 γὰρ
1572 681 1712 752 (4-5)
1730 699 1898 754 προσο

239 776 392 838 ἧκεν.
422 771 628 844 ’Ὠσπερ
689 765 746 823 δὲ
804 769 949 823 οἶκόν
1006 790 1090 831 τις
1151 769 1335 823 ἑαυτὸν
1392 767 1771 837 κατασκευάζει
1801 771 1896 822 τοῦ

239 857 466 931 Κυρίου,
523 862 618 913 τοῦ
676 859 924 932 γενέσθαι
981 858 1108 920 ναὸς
1164 863 1301 913 Θεοῦ
1335 877 1347 890 '
1403 856 1544 912 οὕτω
1600 858 1690 912 καὶ
1723 854 1896 926 αὐλὴν

241 942 631 1021 περιϐαλέσθαι
682 943 926 1017 δύναται,
975 947 1358 1023 περιτειχίζων
1409 947 1594 1002 ἑαυτὸν
1639 951 1717 1018 τῷ
1769 945 1892 1020 βίῳ,

242 1035 339 1089 καὶ
375 1039 454 1107 τῷ
510 1033 676 1110 λόγῳ,
739 1036 829 1090 καὶ
887 1041 1004 1099 τοῖς
1057 1035 1220 1098 θείοις
1268 1038 1555 1108 νοήμασιν,
1608 1034 1660 1088 ἐν
1720 1036 1894 1106 ἑαυτῷ

241 1130 564 1199 προσκυνῶν
588 1125 677 1178 τὸν
711 1125 839 1179 Θεὸν
875 1126 969 1196 (6),
1002 1124 1266 1200 ἀρκοῦσαν
1314 1125 1566 1202 ἀφορμὴν
1602 1124 1677 1185 εἷς
1722 1144 1890 1199 προσ-

235 1214 462 1284 κύνησιν
507 1214 606 1281 τήν
663 1213 1070 1288 ἐνυπάρχουσαν
1124 1212 1287 1285 αὐτῷ,
1321 1211 1380 1268 ἔκ
1407 1235 1464 1268 τε
1511 1220 1610 1282 τῆς
1642 1234 1891 1285 σωματι-

233 1311 340 1372 κῆς
388 1309 752 1372 κατασκευῆς,
806 1302 894 1356 καὶ
925 1301 984 1356 ἐκ
1011 1309 1110 1372 τῆς
1157 1302 1280 1378 περὶ
1329 1304 1516 1378 ψυχήν
1573 1302 1888 1374 οἰκονομίας

234 1391 486 1452 σωθέντος
515 1395 614 1446 τοῦ
662 1389 942 1452 κτίσαντος
993 1390 1173 1446 αὐτόν.
1207 1388 1349 1461 ’Ήδη
1403 1387 1460 1444 δὲ
1510 1393 1597 1444 καί
1634 1391 1661 1443 ὁ
1692 1389 1889 1465 Κύριος

238 1480 413 1550 αὐλήν
477 1481 624 1535 εἶπεν
664 1482 763 1549 τὴν
822 1477 1119 1548 Ἰουδαίων,
1169 1479 1358 1535 είπὼν·
1406 1479 1504 1533 Καὶ
1555 1479 1699 1534 ἂλλα
1754 1478 1887 1554 πρό-

237 1565 370 1624 ϐατα
428 1568 548 1645 ἔχω
608 1569 641 1624 ἇ
699 1569 797 1624 οὐκ
849 1566 987 1624 ἔστιν
1039 1568 1097 1622 ἐκ
1148 1575 1250 1638 τῆς
1305 1568 1478 1638 αὐλῆς
1535 1568 1754 1638 ταύτης,
1806 1567 1890 1622 ἐν-

237 1656 590 1731 δεικνύμενος
643 1656 904 1728 δηλονότι
952 1658 1043 1713 καὶ
1087 1655 1233 1726 ἄλλη
1286 1659 1417 1712 εἶναι
1448 1657 1622 1727 αὐλὴν
1650 1659 1750 1728 τὴν
1800 1653 1887 1711 ὅν-

234 1769 337 1809 τως
366 1749 551 1823 ἁγίαν,
601 1750 701 1817 τὴν
754 1744 1059 1821 μέλλουσαν
1107 1746 1346 1822 συνάγειν
1391 1746 1458 1801 τὰ
1488 1749 1721 1822 Χριστοῦ
1751 1741 1891 1820 πρό-

235 1831 387 1905 ϐατα,
435 1837 567 1901 τοὺς
615 1835 722 1891 ἀπὸ
767 1839 874 1890 τῶν
929 1835 1090 1889 ἐθνῶν
1124 1835 1572 1911 προωρισμὲνους
1606 1835 1682 1898 εἷς
1712 1855 1888 1904 σωτη-
1921 1881 1968 1946 Β

273 1927 284 1945 1
570 1927 579 1946 1
788 1927 802 1944 \
888 1927 941 1946 )rn
1019 1924 1039 1946 Ἰ
1136 1925 1147 1946 Ι
1345 1925 1358 1945 Ι
1520 1925 1534 1946 ἳ
1604 1927 1634 1946 Ἰ·
1696 1926 1710 1946 (
1766 1923 1812 1946 ,Ἴ

236 1927 374 2001 ρίαν·
425 1927 696 1996 τουτέστι,
741 1927 841 1995 τὴν
888 1924 1213 1994 Ἐκκλησίαν
1263 1925 1488 1998 ταύτην,
1517 1925 1569 1980 ἰν
1665 1926 1714 1978 οἱ
1756 1923 1892 1994 ἀλη-

236 2018 371 2080 θινοὶ
444 2016 816 2086 προσκυνηταὶ
889 2019 1276 2090 προσκυνοῦσιν
1350 2017 1421 2088 (7)
1498 2013 1550 2069 ἂν
1623 2013 1887 2086 πνεύματι

231 2103 602 2176 καίἆληθιίᾳ.
661 2101 854 2166 Οὐδεὶς
912 2102 969 2158 δὲ
1026 2108 1296 2168 θεοποιῶν
1323 2125 1373 2158 τι
1434 2101 1576 2159 ἄλλο
1602 2105 1748 2177 παρά
1794 2104 1886 2157 τὸν

233 2197 356 2250 Θεὸν
396 2193 624 2249 δύναται
668 2201 1040 2269 προσκυνῆςαι
1087 2198 1168 2266 τῷ
1216 2198 1332 2266 Θεῷ
1364 2192 1414 2247 ἐν
1465 2192 1607 2267 αὐλῇ
1638 2192 1763 2269 ἁγίᾳ
1793 2191 1887 2246 αὖ·

228 2290 347 2341 τοῦ.
402 2288 736 2339 Θεοποιοῦσι
791 2281 868 2352 δὲ,
928 2284 979 2337 oi
1034 2283 1148 2355 μὶν,
1196 2282 1430 2338 κοιλίαν’
1478 2283 1550 2337 ὧν
1598 2283 1626 2336 ὁ
1673 2282 1801 2343 Θεὸς
1852 2283 1886 2350 ἡ

228 2374 436 2429 κοιλία·
472 2375 527 2427 οἱ
562 2369 642 2439 δὲ,
687 2371 965 2446 ἀογύριον·
1015 2372 1064 2425 οἱ
1112 2375 1180 2445 τῇ
1230 2370 1530 2443 πλεονεξίᾳ,
1581 2368 1704 2440 ἤτις
1747 2370 1887 2425 ἐστὶν

229 2461 684 2535 εἰδωλολατρεία,
717 2459 1124 2538 προσκείμενοι,
1155 2461 1242 2514 καὶ
1271 2457 1496 2523 ἕκαστός
1522 2481 1584 2535 γε
1614 2459 1642 2514 ’ὀ
1673 2458 1886 2514 πάντων

234 2551 450 2624 μᾶλλον
503 2550 790 2622 τετίμηκε,
849 2549 1027 2622 τούτῳ
1083 2550 1180 2618 τήν
1237 2554 1332 2604 τοῦ
1383 2554 1516 2605 Θεοῦ
1581 2548 1888 2623 περιτίθησι

231 2637 410 2710 δόξαν.
471 2641 536 2696 Ὁ
586 2636 646 2693 δὲ
682 2643 934 2700 τοιοῦτος
984 2637 1082 2692 οὐκ
1129 2636 1268 2693 ἔστιν
1325 2638 1376 2693 ἐν
1432 2642 1500 2712 τῇ
1547 2638 1677 2713 ἁγίᾳ
1721 2635 1887 2709 αὐλῇ,

240 2727 362 2784 οὔτε
387 2733 682 2804 προσκυνιῖ
709 2733 789 2801 τῷ
820 2733 956 2800 Θεῷ,
988 2724 1083 2782 κᾶν
1116 2728 1425 2803 ἆχώριστος
1467 2747 1574 2782 των
1622 2727 1891 2798 αἰσθητῶν

240 2820 510 2889 ουνάξιων
541 2819 669 2872 εἶναι
697 2815 835 2892 δοκῇ
846 2861 858 2874 .

308 2910 364 2963 2.
402 2909 572 2976 Φωνή
632 2908 836 2983 Κυρίου
893 2907 982 2962 ἐπὶ
1037 2912 1145 2963 τῶν
1208 2904 1414 2962 ὑδάτων
1451 2951 1464 2964 .
1517 2905 1700 2976 ’Ἄξιον
1760 2905 1888 2980 ὑπὲρ

239 3001 331 3050 τοῦ
358 3000 562 3060 νοῆσαι
605 2995 659 3051 τί
696 2995 840 3066 ἐστ,ν
887 2999 923 3066 ἡ
978 2997 1130 3074 φωνή
1180 3001 1277 3050 τοῦ
1328 2995 1546 3070 Κυρίου,
1578 3000 1892 3070 συναγαγεῖν

241 3087 382 3157 ἡμᾶς
425 3086 568 3140 κατᾶ
615 3086 678 3140 τὸ
724 3083 948 3140 δυνατὸν
992 3086 1052 3141 ἐκ
1096 3093 1196 3156 τῆς
1238 3085 1378 3150 θείας
1429 3091 1647 3162 Γραφῆς
1692 3084 1758 3139 τὰ
1807 3105 1893 3160 γε-

237 3175 532 3247 γραμμένα
578 3175 700 3251 περὶ
751 3178 974 3253 φωνῆς.
1035 3175 1281 3248 Εὕραμεν
1344 3177 1422 3248 (8)
1474 3173 1654 3229 τοίνυν
1717 3173 1768 3229 ἐν
1822 3175 1889 3247 τῇ

237 3263 443 3314 Γενέσιι
499 3249 877 3337 γεγραμμένον
938 3261 1086 3338 ῥῆμα
1145 3263 1338 3336 Κυρίου
1397 3261 1534 3335 πρὸς
1585 3255 1836 3336 Ἀϐραὰμ
1869 3306 1882 3332 ,
1917 3249 1960 3317 C

236 3348 289 3403 ἐν
348 3350 589 3424 ὁράματι
644 3347 897 3424 λεγοντος
931 3367 944 3381 ⁸
1004 3352 1092 3419 Μὴ
1171 3345 1343 3425 φοϐοῦ
1377 3393 1390 3418 ,
1455 3345 1720 3424 Ἀϐραάμ*
1782 3349 1885 3425 ἐγὼ

236 3438 590 3513 ὖπερασπίζω
648 3459 743 3493 σου
777 3482 792 3509 ,
852 3441 879 3494 ὁ
941 3438 1132 3512 μισθός
1188 3461 1283 3494 σου
1339 3438 1513 3501 πολύς
1551 3459 1561 3470 ·
1626 3438 1713 3494 καὶ
1759 3439 1832 3493 ἀπ
1865 3471 1884 3480 -

235 3527 483 3601 εκρίνατο
545 3522 814 3602 Ἀϐραάμ·
877 3529 1136 3596 Δέσποτα,
1191 3529 1245 3584 τί
1301 3550 1394 3602 μοι
1451 3527 1682 3598 δώσεις;
1743 3528 1886 3603 Ἐγὼ

238 3612 292 3669 εὶ
349 3616 674 3688 ἀπολύομαι
723 3618 963 3680 ἄτεκνος.
1014 3619 1117 3675 Καὶ
1180 3620 1294 3691 μετ’
1337 3617 1512 3694 ὀλίγα
1577 3619 1672 3671 Καὶ
1732 3616 1886 3681 εὐθὺς

237 3706 394 3780 φωνή
451 3704 672 3780 ἐγένετο
731 3707 867 3780 πρὸς
918 3707 1104 3762 αὐτόν.
1166 3708 1265 3764 Καὶ
1319 3707 1482 3762 πάλιν
1542 3705 1593 3761 ἐν
1646 3711 1714 3781 τῇ
1774 3709 1887 3779 Ἐξο

239 3791 350 3866 ὁδῳ
399 3796 591 3871 φησίν·
648 3798 927 3852 Ἔστωσαν
986 3793 1200 3871 ἕτοιμοι
1250 3797 1324 3859 είς
1377 3799 1477 3867 την
1537 3796 1743 3872 ἡμέραν
1787 3798 1885 3865 τὴν

236 3885 451 3955 τρίτην.
527 3885 657 3952 Καὶ,
711 3887 876 3941 ’Ὁταν
936 3886 988 3940 αἱ
1046 3889 1124 3959 (9)
1182 3885 1355 3962 φωναὶ
1414 3887 1503 3941 καί
1556 3887 1610 3941 αἱ
1660 3886 1886 3962 σάλπιγ-

236 3993 321 4045 γες
371 3973 464 4026 καὶ
527 3975 561 4042 ἠ
617 3972 817 4050 νεφέλη
870 3973 1080 4050 ἀπέλθῃ
1134 3975 1240 4030 ἀπὸ
1297 3980 1394 4029 τοῦ
1451 3972 1634 4051 ὅρους,
1694 3973 1884 4030 ἐκεῖνο·

240 4057 605 4132 ἀναϐήσονται
663 4061 750 4117 ἐπὶ
806 4063 867 4117 τὸ
929 4060 1075 4138 ὅρος.
1137 4065 1241 4120 Καὶ
1305 4066 1438 4137 μετὰ
1492 4066 1591 4134 τὴν
1653 4063 1888 4119 Δεκάλο-

237 4172 325 4222 γον
362 4171 376 4183 ο
439 4150 550 4206 Καὶ
604 4157 709 4213 πᾶς
765 4152 794 4206 6
849 4150 978 4214 λαὸς
1032 4152 1176 4228 ἑώρα
1231 4155 1330 4222 τήν
1406 4155 1590 4230 φωνὴν
1649 4153 1737 4207 καὶ
1793 4153 1887 4214 τάς

242 4237 531 4311 λαμπάδας
565 4283 578 4308 ,
639 4240 727 4294 καὶ
804 4242 901 4310 τήν
974 4243 1158 4318 φωνήν
1225 4249 1326 4311 τῆς
1385 4241 1728 4318 σάλπιγγος.
1791 4240 1888 4296 Καὶ

239 4325 286 4379 ξι
343 4333 424 4399 τῷ
483 4327 677 4399 Ἡσαΐᾳ
704 4328 1016 4404 γέγραπται·
1078 4331 1274 4398 Φωνήν
1328 4329 1603 4405 λὲγοντοςσ
1652 4330 1888 4401 Βόησον.

237 4419 415 4472 Ἔστιν
447 4415 543 4471 οὖν
576 4418 754 4494 φωνή,
787 4415 975 4494 πληγὴ
1024 4417 1201 4493 ἀέρος,
1233 4417 1268 4488 ἤ
1301 4440 1352 4474 τι
1401 4419 1462 4473 τὸ
1492 4419 1776 4495 γινόμενον
1810 4419 1888 4474 εἷο

240 4502 325 4567 Bo;
370 4507 499 4579 περί
551 4507 643 4560 τὸν
691 4505 842 4582 ἀέρα,
883 4508 1017 4583 πρὸς
1051 4507 1079 4562 ’ὀ
1126 4506 1380 4584 βούλεται
1429 4510 1540 4580 (l0)
1580 4513 1781 4562 τυποῦν
1825 4509 1887 4563 τὸ

2010 594 2295 664 Oportete
2326 594 2475 644 coetu
2528 591 2796 646 Ecclesiae
2848 593 3066 663 egredi,
3113 609 3302 663 neque
3354 609 3666 664 synagogas

2008 681 2170 737 falsae
2220 684 2319 734 aut
2368 679 2758 734 schismatum
2795 685 3093 736 auctorem
3151 696 3302 736 esse.
3335 681 3450 736 Nec
3507 681 3662 736 enim

2007 769 2810 832 convenit.Quemadmodum
2835 775 3032 826 autem
3057 770 3354 843 quispiam
3381 787 3442 826 se
3466 770 3663 843 ipsum

2006 860 2246 914 domum
2281 857 2508 913 Domini
2539 859 2864 930 constituit,
2894 864 2958 914 ut
2991 860 3089 914 Dei
3122 860 3200 914 sit
3229 859 3517 932 templum
3545 860 3666 918 :ita

2005 954 2060 1002 et
2088 947 2331 1002 induere
2363 951 2556 1018 potest
2587 947 2729 1002 aulae
2772 949 3213 1020 proprietatem,
3235 949 3286 1004 si
3318 951 3494 1006 modo
3523 950 3659 1018 vita,

2004 1053 2412 1106 sermoneque,
2436 1040 2494 1090 et
2516 1035 2731 1090 divinis
2763 1037 3237 1106 cogitationibus,
3263 1055 3366 1093 ceu
3400 1056 3568 1094 muro
3600 1056 3662 1096 se

2001 1126 2197 1197 ipsum
2248 1125 2587 1196 praecingat,
2625 1127 2804 1181 Deum
2862 1127 3117 1181 adorans
3175 1128 3233 1182 in
3294 1129 3659 1200 semetipso:

2003 1215 2220 1286 quippe
2251 1214 2645 1268 sufﬁcientem
2687 1214 2757 1267 ad
2799 1215 3166 1269 adorandum
3199 1217 3568 1272 occasionem
3601 1218 3661 1273 in

1999 1304 2127 1375 ipso
2159 1301 2561 1370 exsistentem,
2595 1305 2720 1357 tum
2772 1318 2840 1357 ex
2889 1303 3149 1375 corporis
3179 1308 3500 1375 structura,
3533 1309 3661 1362 tum

2000 1409 2065 1447 ex
2098 1391 2305 1446 animae
2355 1390 2775 1446 constitutione
2805 1391 3073 1447 conditor
3120 1392 3306 1464 ipsius
3339 1394 3660 1464 cognoscit.

1999 1482 2128 1536 Jam
2164 1497 2295 1536 vero
2327 1480 2505 1535 etiam
2558 1479 2842 1535 Dominus
2873 1479 3067 1535 aulam
3099 1481 3246 1536 dixit
3293 1482 3656 1553 Judseorum,

2001 1568 2100 1625 ubi
2134 1569 2214 1624 ait
2244 1587 2257 1624 :
2289 1571 2356 1623 Et
2386 1569 2531 1624 alias
2579 1584 2700 1624 oves
2747 1568 2917 1624 habeo
2946 1584 3064 1640 quae
3101 1584 3211 1624 non
3265 1576 3395 1625 sunt
3441 1588 3514 1626 ex
3562 1575 3661 1627 hoc

1998 1659 2135 1714 ovili
2153 1659 2217 1713 ⁸⁸.
2251 1657 2522 1714 Ostendit
2554 1661 2750 1712 autem
2783 1662 2838 1713 et
2872 1657 3048 1713 aliam
3100 1657 3297 1714 aulam
3352 1675 3483 1715 esse
3527 1676 3659 1716 vere

2000 1751 2264 1803 sanctam
2324 1763 2451 1818 quas
2512 1762 2646 1802 oves
2695 1745 2912 1802 Christi
2963 1751 3393 1819 congregatura
3432 1747 3528 1820 sit,
3560 1765 3660 1805 eos

1998 1836 2265 1891 videlicet
2317 1835 2416 1907 qui
2450 1853 2517 1891 ex
2546 1835 2822 1906 gentibus
2855 1836 2926 1890 ad
2958 1835 3211 1891 salutem
3258 1838 3660 1908 prmdestinati

2001 1928 2136 1980 sunt
2161 1943 2173 1980 :
2198 1925 2304 1979 hoc
2336 1928 2446 1992 est,
2479 1923 2798 1979 Ecclesiam
2831 1923 3004 1991 hanc,
3039 1925 3098 1979 in
3122 1941 3240 1996 qua
3261 1927 3660 1984 verioultores

1997 2016 2057 2070 in
2085 2014 2287 2085 spiritu
2319 2017 2370 2068 et
2400 2015 2631 2070 veritate
2661 2013 2900 2068 adorant
2921 2014 2984 2066 ⁵⁷.
3017 2013 3200 2070 Nemo
3247 2019 3441 2071 autem
3473 2016 3656 2073 Deum

1998 2104 2057 2158 in
2091 2102 2226 2157 aula
2256 2106 2459 2157 sancta
2492 2103 2619 2173 ejus
2669 2103 2916 2157 adorare
2947 2106 3159 2174 potest,
3191 2104 3288 2174 qui
3322 2103 3479 2159 aliud
3513 2105 3654 2176 quid

1998 2196 2207 2263 praeter
2252 2191 2458 2257 Deum,
2490 2191 2674 2247 Deum
2725 2191 2917 2246 faciat.
2951 2196 3132 2246 Deum
3185 2197 3379 2248 autem
3432 2194 3657 2249 faciunt

2001 2280 2097 2337 alii
2127 2284 2412 2349 ventrem,
2437 2296 2689 2352 quorum
2738 2280 2892 2336 Deus
2924 2285 3124 2336 venter
3170 2286 3260 2336 est
3278 2281 3322 2317 ³⁸
3356 2299 3369 2338 :
3405 2282 3504 2338 alii
3558 2299 3654 2338 ar-

1999 2375 2264 2444 gentum,
2287 2371 2385 2444 qui
2419 2371 2695 2442 avaritias,
2723 2388 2851 2444 quis
2885 2371 3216 2427 idololatria
3240 2376 3330 2428 est
3349 2373 3413 2440 δί’,
3437 2372 3656 2428 addicti

2000 2465 2160 2517 sunt.
2190 2462 2376 2532 Atque
2414 2461 2571 2533 quod
2621 2459 2874 2532 quisque
2932 2460 3118 2531 pluris
3174 2461 3453 2518 omnibus
3500 2462 3657 2518 testi-

2002 2553 2144 2616 mat,
2175 2549 2228 2605 ei
2261 2549 2358 2605 Dei
2408 2549 2618 2604 tribuit
2666 2548 2932 2621 gloriam.
2968 2547 3124 2605 Talis
3156 2554 3356 2606 autem
3405 2567 3518 2606 non
3569 2554 3660 2608 est

2001 2639 2062 2694 in
2093 2638 2228 2694 aula
2258 2642 2485 2710 sancta,
2516 2655 2703 2710 neque
2734 2640 2940 2694 adorat
2973 2643 3178 2709 Deum,
3202 2640 3436 2696 etiamsi
3466 2658 3501 2696 a
3530 2657 3658 2696 sen-

2001 2727 2276 2784 sibilibus
2325 2728 2708 2784 conventibus
2751 2744 3128 2801 nequaquam
3167 2734 3477 2802 separatus
3527 2745 3658 2786 esse

2000 2818 2288 2874 videatur.

2070 2909 2123 2962 2.
2163 2907 2336 2962 Vens.
2368 2906 2421 2961 3.
2458 2906 2568 2962 Vox
2606 2906 2830 2962 Domini
2873 2923 3038 2978 super
3081 2922 3276 2980 aquas.
3306 2905 3378 2962 Ut
3424 2905 3645 2962 intelli-

2000 3013 2210 3070 gamus
2240 2995 2378 3066 quid
2411 2996 2489 3051 sit
2519 3011 2624 3050 vox
2657 2994 2904 3062 Domini,
2927 3013 2995 3051 ea
3019 3013 3146 3066 quae
3177 2997 3248 3050 de
3273 3012 3408 3052 voce
3433 2997 3655 3069 scripta

2001 3090 2163 3154 sunt,
2191 3102 2258 3140 ex
2289 3085 2486 3140 divina
2513 3084 2817 3156 Scriptura
2841 3100 2945 3157 pro
2967 3084 3188 3140 viribus
3214 3084 3484 3158 colligere
3514 3103 3650 3159 ope-

2001 3193 2076 3232 ras
2107 3175 2358 3248 pretium
2405 3179 2512 3230 est.
2547 3173 2692 3229 Illud
2745 3173 2924 3243 igitur
2952 3173 3187 3230 Domini
3236 3175 3307 3230 ad
3355 3175 3652 3232 Abraham

2001 3265 2224 3320 dictum
2258 3263 2317 3318 in
2350 3263 2560 3319 Genesi
2593 3262 2875 3335 scripturn
2919 3263 3275 3332 invenimus,
3311 3264 3560 3322 dicentis
3590 3266 3651 3323 in

1996 3355 2220 3410 visione
2274 3370 2287 3408 :
2336 3353 2466 3409 Noti
2515 3354 2728 3423 timere,
2779 3352 3109 3410 Abraham:
3146 3369 3241 3425 ego
3293 3358 3520 3426 protego
3579 3363 3650 3426 te,

1997 3460 2200 3500 merces
2231 3447 2328 3498 tua
2357 3444 2554 3498 multa.
2586 3445 2652 3497 Et
2704 3441 2985 3514 respondit
3038 3445 3321 3500 Abraham
3350 3463 3369 3498 :
3403 3446 3650 3518 Domine,

1998 3533 2131 3606 quid
2161 3533 2307 3588 mihi
2335 3531 2528 3587 dabis?
2562 3533 2670 3603 Ego
2710 3535 2900 3587 autem
2947 3532 3196 3589 dimittor
3220 3535 3340 3590 sine
3371 3535 3566 3592 liberi:
3585 3535 3650 3589 ⁸ο.

1998 3624 2068 3678 Ει
2097 3620 2270 3694 paulo
2302 3625 2435 3692 post
2463 3637 2476 3675 :
2508 3622 2574 3675 Et
2601 3622 2793 3676 statim
2845 3637 2951 3676 vox
2996 3622 3153 3691 facta
3199 3629 3276 3677 est
3317 3622 3388 3678 ad
3435 3640 3564 3680 eum
3581 3625 3652 3680 “.

1998 3713 2068 3767 Et
2097 3727 2308 3766 rursus
2357 3710 2415 3764 in
2446 3710 2637 3764 Exodo
2692 3709 2774 3764 ait
2808 3709 2974 3765 :Sint
3016 3712 3207 3781 parati
3253 3713 3312 3766 in
3354 3711 3499 3768 diem
3545 3720 3652 3770 ter-

1999 3803 2136 3856 tiam
2154 3799 2222 3854 ³³.
2256 3799 2325 3852 Et
2356 3815 2368 3852 :
2404 3797 2538 3853 Cum
2569 3813 2739 3868 voces,
2778 3807 2828 3854 et
2875 3799 3046 3871 tubae,
3077 3807 3128 3854 et
3175 3799 3345 3855 nubes
3391 3801 3655 3858 discesse-

1998 3890 2116 3943 rint
2143 3905 2178 3943 a
2208 3889 2408 3958 monte,
2443 3887 2532 3941 illi
2583 3885 2872 3942 ascendant
2928 3890 2987 3942 in
3045 3897 3286 3944 montem
3305 3889 3369 3944 ⁸³.
3404 3893 3471 3944 Et
3520 3895 3656 3961 post

2001 3976 2405 4049 Decalogum:
2450 3977 2516 4029 Et
2575 3977 2758 4030 omnis
2805 3977 3044 4046 populus
3099 3977 3317 4032 videbat
3365 3993 3550 4034 vocem
3602 3987 3655 4034 et

2005 4066 2286 4137 lampades
2316 4071 2367 4120 et
2400 4081 2579 4121 vocem
2608 4064 2746 4120 tubae
2765 4065 2830 4118 5‘.
2863 4065 3158 4136 Scriptum
3209 4082 3444 4138 quoque
3473 4070 3560 4122 est
3589 4065 3652 4124 in

2001 4155 2153 4212 Isaia
2185 4173 2198 4210 :
2237 4155 2346 4211 Vox
2371 4155 2599 4210 dicentis
2631 4173 2648 4208 :
2681 4154 2871 4209 Clama
2900 4169 2920 4208 :
2953 4154 3071 4210 Vox
3119 4154 3315 4227 itaque
3365 4155 3516 4211 aeris
3562 4160 3653 4212 est

2000 4244 2322 4318 percussio,
2356 4249 2459 4300 aut
2505 4245 2728 4317 species
2760 4245 3025 4315 quaedam
3067 4243 3126 4299 in
3158 4260 3289 4299 aere
3337 4244 3647 4316 impressa,

2001 4336 2070 4390 ad
2104 4351 2281 4400 quam
2314 4335 2681 4390 formandam
2717 4350 2914 4394 aerem
2947 4339 3244 4405 percutere
3274 4333 3398 4388 vult
3429 4335 3530 4406 qui
3560 4334 3650 4390 Io-

2000 4423 2220 4494 quitur.
2253 4423 2361 4488 Qui
2391 4423 2590 4494 itaque
2620 4422 2813 4479 carnis
2863 4423 3130 4480 subsidio
3178 4423 3332 4480 inter
3358 4437 3420 4478 se
3453 4423 3651 4479 confa-

2001 4511 2303 4578 bulantur,
2354 4513 2749 4584 percutientes
2808 4529 3024 4584 aerem,
3075 4517 3132 4568 et
3186 4512 3346 4567 velut
3401 4511 3650 4568 formam

239 4600 466 4671 φωνοῦν.
529 4597 599 4652 Οἱ
662 4595 756 4667 μὲν
817 4592 904 4649 8ιᾶ
962 4596 1158 4671 σαρκὸς
1217 4595 1534 4670 ὁμιλοῦντες
1592 4596 1887 4668 ἀλλήλοις,

2004 4601 2318 4672 quamdam
2377 4618 2443 4656 ac
2502 4601 2755 4674 speciem
2820 4601 2872 4657 ei
2939 4602 3383 4673 imprimentes,
3440 4600 3654 4674 spiritu

251 4653 260 4671 Δ

240 4683 576 4753 πλήττοντις
621 4685 713 4738 τὸν
757 4682 905 4759 ἀέρα,
937 4685 1025 4738 καὶ
1073 4685 1237 4739 οἱονεὶ
1267 4684 1434 4740 τύπον
1481 4687 1603 4740 τινὰ
1630 4687 1719 4741 καὶ
1753 4686 1892 4750 εἶδος

2003 4690 2159 4745 hunc
2191 4705 2382 4745 aerem
2423 4689 2757 4761 impellunt,
2790 4695 2856 4745 ut
2886 4690 2957 4746 ad
2989 4706 3162 4746 aures
3212 4691 3340 4762 ejus
3372 4689 3444 4745 ad
3477 4706 3653 4762 quem

306 4784 349 4860 εξ
375 4786 590 4860 Joann.
622 4784 802 4860 x,‘1_6.
846 4784 1390 4860 ‘_‘7__.Ioan._1v,__2§.
1467 4786 1511 4860 ’ξε
1543 4785 1789 4860 Philipp.
1831 4804 1890 4843 ιιι

2004 4790 2036 4843 ).
2115 4788 2158 4823 ⁸⁹
2189 4787 2408 4844 Coloss.
2460 4804 2545 4859 ιιι,
2599 4789 2654 4843 5.
2729 4789 2776 4824 ⁶⁰
2805 4788 2948 4844 Gen.
2997 4805 3092 4860 xv,
3143 4788 3264 4844 1-2.
3339 4789 3385 4826 σί
3417 4788 3565 4846 Ibid.
3598 4789 3653 4844 4.

237 4854 282 4888 ⁸³
312 4855 495 4910 Exod.
526 4871 644 4922 xix,
680 4856 764 4909 11.

305 4955 453 5022 (4-5)
487 4954 656 5026 Deest
693 4950 815 5026 γάρ,
841 4953 900 5007 in
952 4955 1171 5009 nostris
1213 4971 1354 5009 mss.
1385 4957 1512 5008 Mox
1562 4953 1660 5009 illa
1712 4954 1889 5026 ὥσπερ

237 5025 355 5098 γάρ,
386 5031 530 5086 etc.,
565 5025 651 5078 sic
683 5025 1016 5080 reddiderat
1045 5026 1330 5098 interpres
1361 5031 1525 5081 vetus
1553 5043 1566 5080 :
1600 5028 1681 5081 Ita
1709 5032 1762 5082 et
1791 5025 1894 5083 .m-

239 5077 354 5150 ίανῖ
370 5077 496 5167 δίς
517 5077 884 5169 ἐἰρέαίῆἠῆ
898 5077 1380 5169 istisistis:
1402 5077 1893 5168 ὶέἷιρένὲῗεέἀῖἶθ

239 5169 486 5223 accessit
517 5167 759 5238 quidem
795 5169 863 5223 ad
898 5176 1153 5224 mentem
1186 5167 1482 5225 auctoris.
1504 5167 1592 5224 ’Ad
1626 5171 1892 5240 verbum,

235 5242 383 5295 :ieet
426 5239 666 5313 aulam“
680 5245 850 5307 potest
897 5240 1125 5296 induere
1153 5258 1172 5296 :
1204 5241 1314 5297 hoc
1363 5244 1476 5306 est,
1525 5246 1696 5313 potest
1749 5239 1896 5300 aulis

234 5315 472 5380 [armum
502 5310 793 5385 exhibere,
825 5327 952 5379 seu,
983 5315 1098 5368 vice
1128 5313 1279 5370 aula
1317 5317 1488 5384 potest
1515 5310 1699 5385 fungi,
1726 5319 1897 5385 potest

236 5399 346 5438 esse
375 5385 491 5438 loco
523 5382 699 5438 aulae.

303 5457 381 5524 i6)
414 5455 561 5524 Reg.
597 5457 863 5528 quartus,
896 5457 974 5524 τῷ
1022 5457 1156 5525 Θεῷ.
1192 5455 1324 5510 Mox
1366 5455 1531 5528 Regii
1562 5461 1808 5527 quartus
1839 5460 1898 5512 et

239 5530 484 5595 quintus
514 5524 810 5586 συνιέντος.

420 5596 565 5668 Reg.
618 5604 865 5668 quartus
911 5598 1403 5671 προσκυνήσουσιν.
1457 5599 1611 5655 Editi
1658 5615 1791 5656 vero
1842 5605 1900 5657 et

243 5670 358 5741 alii,
376 5677 494 5724 tres
527 5685 676 5724 mss.
708 5670 1125 5741 προσκυνοῦσιν.

317 5739 500 5810 (8)8ic
525 5745 645 5797 tres
669 5738 815 5796 mss.
842 5744 910 5796 At
932 5742 1070 5798 editi
1095 5757 1229 5798 cum
1251 5745 1391 5815 Reg.
1417 5744 1624 5814 quarto
1647 5738 1896 5816 εὕρομεν.

563 5867 836 5930 Par-non.
884 5867 995 5931 Gn.
1042 5868 1233 5930 XXX.

841 4855 886 4890 ⁸⁸
916 4856 1062 4911 Ibid.
1099 4857 1186 4912 13.
1236 4855 1306 4891 7“
1334 4858 1512 4912 Exod.
1544 4874 1637 4921 xx,
1673 4855 1757 4912 18.
1835 4860 1879 4893 ⁶¹⁵
1910 4861 2020 4916 Isa.
2052 4877 2143 4924 XL,
2172 4860 2226 4914 6.

2077 4956 2148 5024 (9)
2181 4955 2307 5026 Illa,
2365 4954 2456 5009 καὶ
2514 4955 2637 5010 ὅταν
2695 4956 2770 5026 αἱ,
2823 4960 2956 5022 etc.,
3015 4957 3290 5013 restituta
3345 4957 3528 5015 fuisse
3585 4975 3655 5016 ex

2000 5030 2308 5099 Scriptura:
2339 5026 2530 5083 verbis
2588 5034 2786 5084 monet
2837 5029 3100 5085 Ducaeus.
3133 5029 3247 5085 Nec
3295 5029 3466 5085 aliter
3522 5031 3650 5086 ﬁeri

2004 5101 2212 5172 potuit,
2255 5115 2386 5154 cum
2420 5099 2545 5172 hoc
2597 5100 2721 5157 loco
2769 5101 3033 5156 mendosi
3089 5101 3205 5155 sint
3253 5107 3474 5158 veteres
3520 5106 3651 5158 tum

2005 5171 2184 5245 manu
2215 5171 2453 5245 exarati,
2487 5177 2611 5245 tum
2659 5173 2812 5245 typis
2857 5173 3130 5244 impressi
3162 5173 3317 5245 libri.
3351 5175 3443 5230 Sic
3493 5174 3651 5230 enim

2003 5243 2313 5322 legitur-in
2369 5243 2563 5322 Regiis
2614 5243 2824 5322 quarto
2859 5251 2917 5301 et
2946 5243 3174 5322 quinto,
3223 5243 3517 5322 σάλπιγγες
3560 5246 3651 5322 καί

2005 5308 2327 5402 αἱννεφὲλαι
2377 5308 2736 5384 ἀναϐήσονται
2788 5316 2893 5370 ἀπὸ
2938 5308 3036 5389 τ’ρῦ
3093 5308 3254 5393 ορους
3311 5308 3531 5391 ἐκεῖνοι,
3560 5317 3650 5372 καί

2051 5405 2161 5441 ετα.

2008 5408 2188 5529 Hemi)
2219 5457 2312 5512 Sic
2343 5460 2597 5528 quatuor
2625 5459 2808 5515 nostri
2840 5475 2983 5515 mss.
3015 5476 3150 5515 cum
3191 5461 3445 5516 editione
3473 5459 3653 5514 Basil.

2005 5530 2195 5605 Editio
2227 5529 2602 5605 Parisvjrpbc
2631 5529 2687 5583 ὅν
2723 5529 2997 5605 βούλεται,
3033 5531 3202 5605 _Infr_a
3233 5531 3652 5605 editio_Paris.,

2005 5599 2296 5674 γινομένην
2328 5598 2627 5674 πολλάκις.
2658 5598 2826 5661 Deest
2864 5601 3135 5663 πολλάκις
3168 5603 3225 5658 in
3259 5602 3476 5660 nostris
3509 5615 3651 5653 mss.

2008 5673 2067 5730 et
2095 5675 2155 5731 in
2187 5675 2446 5730 editione
2480 5673 2658 5730 Basil.

3300 5867 3337 5926 3
