4134 6212
279 349 368 408 ’Π

1392 339 1730 404 HOMILIA
1773 341 1857 403 IN
1897 337 2282 403 PSALMUM
2325 341 2606 402 XXVIII.
3623 347 3707 407 78

288 481 566 556 μυστήρια
594 481 694 535 τοῦ
725 479 1003 548 Ἰωάννου,
1062 475 1337 554 λεγοντος·
1390 473 1554 534 Εἶδον
1602 476 1665 531 τὸ
1722 477 1940 549 Πνεῦμα

2069 474 2332 545 ioannes,
2364 475 2603 530 dicens:
2668 473 2789 531 Vidi
2833 473 3103 546 Spiritum
3147 483 3398 530 sanctum
3427 477 3568 532 sicut
3610 493 3701 534 co-

284 570 350 625 τὸ
411 572 560 645 ἅγιον
621 569 698 630 ὡς
777 569 889 642 (14)
948 565 1266 643 περιστερὰν
1325 561 1648 621 καταϐαῖνον
1701 581 1789 641 καί
1853 567 1946 637 μὲ-

287 680 383 715 νον
443 658 527 714 ἐπ’
579 658 764 713 αὐτόν’
825 656 914 711 καὶ
964 655 1152 711 πάλιν·
1213 657 1338 713 Ὅτι
1393 655 1454 711 ἐκ
1481 660 1576 711 τοῦ
1634 654 1946 730 πληρώμα-

288 770 386 810 τος
448 748 615 802 αὐτοῦ
667 749 832 820 ἡμεῖς
888 744 1081 808 πάντες
1142 740 1434 818 ἐλάϐομεν,
1491 745 1581 799 καὶ
1639 745 1801 820 χάριν
1830 743 1944 798 ἀντὶ

293 837 545 913 χάριτος,
603 834 817 910 Ὑψηλᾶ
872 855 975 910 γαρ
1003 835 1073 889 τὰ
1101 832 1269 890 ὕδατα
1297 835 1386 889 καὶ
1434 831 1531 888 τοῦ
1567 832 1819 908 μεγέθους
1848 838 1948 902 τῆς

295 925 467 997 δόξης
496 929 590 994 τῆς
618 925 742 1000 περὶ
771 926 866 980 τὸν
897 929 1181 999 Μονογενῆ
1214 923 1599 997 παραστατικά.
1639 922 1732 976 Διὸ
1782 924 1944 990 Φωνὴ

296 1014 510 1091 Κυρίου
581 1014 630 1070 ὲν
707 1012 1169 1089 μεγαλοπρεπείᾳ.
1238 1012 1666 1088 Μεγαλοπρεπὲς
1742 1009 1799 1066 δὲ
1856 1010 1945 1064 καὶ

290 1105 362 1160 τὸ
420 1104 633 1180 λέγειν·
709 1103 840 1160 Θεὸν
903 1101 1078 1164 οὐδεὶς
1135 1102 1344 1174 ἑώρακε
1394 1103 1637 1156 πώποτε·
1697 1101 1725 1154 ὁ
1783 1121 1946 1173 μονο-

284 1193 456 1268 γενὴς
507 1193 626 1255 Υἱὸς
661 1236 676 1262 ,
728 1193 757 1246 6
815 1190 890 1246 ὣν
947 1190 997 1245 ἐν
1058 1196 1177 1252 τοῖς
1233 1189 1466 1252 κόλποις
1523 1193 1620 1244 τοῦ
1689 1189 1896 1263 Πατρὸς
1933 1233 1948 1256 ,

289 1282 504 1344 ἐκεῖνος
543 1281 842 1358 ἐξηγήσατο
877 1325 891 1339 .
972 1280 1074 1336 Καὶ
1143 1277 1331 1335 πολλά
1398 1276 1830 1353 μεγαλοπρεπῶς
1882 1278 1947 1330 τά

289 1371 418 1445 περὶ
471 1376 569 1425 τοῦ
598 1369 807 1446 Κυρίου
838 1369 1075 1445 φαίνεται
1109 1367 1470 1443 διηγούμενος
1501 1367 1553 1422 ἐν
1611 1371 1690 1440 τῷ
1747 1364 1943 1442 λέγειν·

292 1460 374 1518 υῦ
407 1456 633 1514 δύναται
690 1457 971 1534 ἄνθρωπος
1030 1452 1329 1531 λαμϐάνειν
1391 1454 1566 1527 οὐδὲν,
1625 1453 1712 1510 ἐὰν
1777 1455 1852 1528 μὴ

293 1546 595 1622 δεδομένον
659 1547 804 1619 αὖτῷ
861 1547 920 1602 ἐκ
976 1551 1070 1602 τοῦ
1127 1547 1382 1619 οὐρανοῦ.
1437 1543 1861 1620 Μεγαλοπρεπὲς
1892 1541 1949 1598 δὲ

289 1639 382 1694 καὶ
447 1638 532 1708 τὸ,
586 1638 648 1694 Ὁ
700 1634 899 1701 ἄνωθεν
950 1635 1254 1712 ἐρχόμενος
1310 1633 1488 1689 ἐπάνω
1549 1633 1761 1689 πάντων
1806 1631 1944 1689 ἐστί.

295 1728 402 1784 Καὶ
459 1728 546 1798 τὸ,
604 1727 666 1784 Ὀ
717 1721 901 1781 λαϐὼν
959 1724 1123 1780 αὐτοῦ
1177 1726 1276 1793 τὴν
1329 1722 1642 1800 μαρτυρίαν,
1691 1721 1948 1797 ἐσφράγι-

298 1837 413 1893 σεγ,
493 1815 577 1870 ὅτι
655 1817 683 1870 ὁ
761 1815 889 1876 Θεὸς
965 1812 1228 1884 ἀληθινός
1303 1811 1463 1868 ἐστιν.
1529 1813 1628 1869 "Ov
1682 1812 1786 1886 γάρ
1845 1811 1948 1865 ἀπ-

295 1904 536 1960 έστειλεν
595 1905 622 1958 6
680 1904 830 1970 Θεὸς,
889 1903 955 1957 τὰ
1010 1902 1232 1977 ῥήματα
1274 1905 1371 1954 τοῦ
1427 1903 1562 1956 Θεοῦ
1620 1897 1798 1955 λαλεῖ.
1853 1900 1950 1954 Καὶ

293 1992 386 2065 τὸ,
441 1994 502 2050 Ὀ
569 1992 837 2047 πιστεύων
896 1991 971 2056 είς
1021 1991 1115 2046 τὸν
1171 1989 1319 2058 Υἱὸν,
1382 1983 1500 2064 ἔχει
1536 1991 1679 2058 ζωὴν
1708 1987 1953 2043 αῗώνιονί

293 2083 386 2137 καὶ
451 2081 552 2137 ὅσα
601 2086 853 2136 τοιαῦτα·
911 2077 1078 2138 Οὐδὲν
1140 2081 1230 2135 οὖν
1277 2079 1548 2148 ταπεινὸν,
1606 2075 1728 2132 οὐδὲ
1764 2099 1955 2153 μικρο-

295 2171 526 2248 πρεπὲς,
588 2169 734 2226 ἀλλᾶ
792 2170 962 2224 πάντα
1019 2167 1381 2244 μεγαλοφυῶς
1413 2167 1548 2240 μετᾶ
1602 2171 1698 2222 τοῦ
1728 2163 1955 2223 ἐπιϐάλ-

2061 563 2307 620 tumbam
2337 564 2755 620 descendentem
2777 580 2842 619 ac
2868 568 3182 620 manentem
3200 580 3369 636 super
3393 580 3522 620 eum
3539 565 3585 600 ⁷⁸
3612 585 3625 635 ;
3650 570 3708 623 et

2057 653 2310 708 iterum:
2342 655 2416 709 De
2451 654 2801 724 plenitudine
2837 654 2958 724 ejus
3003 670 3102 711 nos
3131 670 3316 711 omnes
3365 657 3706 728 accepimus,

2057 746 2107 798 et
2127 745 2378 815 gratiam
2394 760 2495 814 pro
2515 745 2771 813 gratia“.
2791 743 3082 799 Sublimes
3106 760 3363 817 namque
3374 749 3516 801 sunt
3536 762 3702 820 aqua

2055 832 2204 900 istae,
2239 839 2296 886 et
2323 832 2520 904 gloria:
2550 832 2846 905 Unigeniti
2879 832 3344 903 magnitudinem
3376 834 3697 891 declarant.

2057 921 2191 976 Ideo
2228 924 2340 977 Vox
2368 923 2592 978 Domini
2633 923 2693 976 in
2729 923 3156 994 magniﬁcentia.
3184 922 3333 989 Quin
3363 923 3542 981 etiam
3573 930 3700 982 erat

2058 1011 2436 1083 magniﬁcum
2470 1011 2660 1067 dicere
2685 1029 2698 1066 :
2721 1016 2897 1067 Deum
2923 1027 3080 1067 nemo
3098 1011 3238 1066 vidit
3264 1029 3511 1085 unquam
3529 1032 3552 1079 ;
3575 1017 3702 1071 uni-

2053 1102 2270 1171 genitus
2299 1101 2494 1168 Filius,
2543 1103 2640 1172 qui
2683 1103 2763 1156 est
2792 1103 2851 1156 in
2897 1102 3026 1156 sinu
3073 1103 3286 1168 Patris,
3344 1103 3442 1159 ille
3463 1121 3705 1164 enarra-

2055 1191 2138 1245 vit
2157 1190 2222 1243 ⁷⁷.
2245 1191 2432 1260 Atque
2453 1189 2621 1260 plura
2643 1190 2951 1262 magniﬁce
2973 1191 3045 1245 de
3067 1190 3313 1246 Domino
3330 1190 3709 1268 loquidepre-

2058 1277 2357 1345 henditur,
2390 1279 2544 1333 360
2587 1277 2685 1333 ubi
2734 1279 2850 1334 ait:
2901 1279 3020 1334 Non
3063 1287 3239 1348 potest
3265 1282 3427 1338 homo
3455 1286 3708 1356 accipere

2058 1367 2381 1438 quidquam,
2413 1369 2526 1423 nisi
2543 1368 2721 1441 fuerit
2749 1368 2803 1422 ei
2839 1367 3026 1422 datum
3071 1369 3139 1423 de
3166 1369 3293 1426 creto
3312 1370 3376 1424 ⁷⁸.
3428 1371 3708 1445 Magniﬁ-

2058 1473 2192 1512 cum
2223 1473 2454 1527 quoque
2501 1461 2559 1512 et
2614 1455 2798 1511 illud:
2854 1455 2961 1524 Qui
3015 1455 3302 1512 desursum
3341 1462 3512 1532 venit,
3542 1479 3708 1536 super

2059 1561 2241 1601 omnes
2269 1547 2429 1600 est".
2466 1546 2533 1600 Et
2561 1544 2719 1600 istud
2753 1562 2766 1601 :
2803 1546 2910 1613 Qui
2936 1548 3144 1617 accepit
3161 1546 3278 1618 ejus
3306 1550 3706 1624 testimonium,

2058 1635 2296 1704 signavit
2325 1635 2456 1705 quia
2486 1635 2629 1689 Deus
2655 1651 2828 1689 verax
2856 1643 2951 1690 est.
2979 1636 3147 1704 Quem
3181 1637 3329 1692 enim
3360 1638 3513 1694 misit
3542 1642 3702 1710 Deus,

2059 1724 2224 1778 verba
2258 1726 2362 1778 Dei
2394 1722 2643 1796 loquitur
2659 1723 2725 1778 ⁸ο.
2778 1722 2925 1780 Illud
2977 1741 3210 1797 quoque
3245 1742 3258 1780 :
3296 1726 3402 1795 Qui
3445 1730 3616 1786 credit
3641 1733 3704 1787 in

2061 1815 2292 1880 Filium,
2321 1813 2478 1868 habet
2500 1816 2668 1868 vitam
2687 1822 2959 1870 aeternam
2978 1815 3023 1850 31
3052 1840 3066 1882 ;
3093 1819 3150 1870 et
3179 1815 3408 1888 reliqua
3438 1819 3706 1889 ejusdem

2063 1902 2312 1976 generis.
2345 1902 2500 1957 Nihil
2543 1903 2721 1974 igitur
2767 1903 3010 1971 humile,
3057 1904 3351 1975 abiectum
3384 1907 3570 1967 nihil:
3602 1913 3705 1968 sed

2066 1992 2265 2047 omnia
2296 1992 2607 2063 magniﬁce
2641 2009 2772 2048 cum
2802 1991 3166 2048 convenienti
3199 1995 3607 2068 magnitudine
3637 2001 3708 2057 de

2065 2081 2313 2137 Domino
2346 2081 2501 2136 dicta
2521 2086 2680 2146 sunt,
2707 2087 2905 2153 utpote
2926 2099 2960 2138 a
2979 2082 3203 2138 Joanne
3227 2085 3498 2143 decenter
3525 2104 3711 2146 enun-

2064 2171 2228 2226 tiata.
2260 2169 2482 2226 Idcirco
2518 2176 2640 2228 Vox
2667 2173 2887 2228 Domini
2913 2173 2976 2226 in
3007 2173 3449 2243 magniﬁcentia.

301 2260 502 2323 λοντος
538 2259 797 2335 μεγέθους
829 2258 1147 2336 πρεπόντως
1181 2254 1549 2332 ἀποδιδόμενα
1577 2257 1726 2333 παρὰ
1754 2261 1849 2311 τοῦ
1882 2258 2134 2316 Ἰωάννου
2162 2261 2294 2334 (15),
2324 2259 2448 2336 περὶ
2477 2262 2574 2314 τοῦ
2604 2258 2806 2336 Κυρίου
2836 2257 3160 2331 λελάληται.
3185 2261 3284 2316 Διὰ
3319 2267 3513 2321 τοῦτο*
3547 2269 3714 2339 Φωνὴ

300 2352 507 2428 Κυρίου
539 2349 592 2404 ἐν
629 2346 1089 2424 μεγαλοπρεπείᾳ.

375 2444 430 2498 4.
495 2439 664 2506 Φωνή
719 2436 920 2512 Κυρίου
1002 2430 1382 2509 συντρίϐοντος
1451 2433 1677 2511 κὲδρους
1710 2479 1724 2494 .
1795 2444 1962 2493 Δυνα-

300 2531 394 2586 τὸν
427 2528 625 2597 εἰπεῖν,
687 2526 770 2582 ὅτι
816 2527 1118 2600 ἕτοιμάζων
1154 2525 1332 2602 Κυρίῳ
1367 2524 1497 2581 λαὸν
1531 2527 1960 2601 κατεαευασμὲο

306 2640 425 2690 νον,
471 2618 572 2679 τὰς
623 2614 988 2692 ἐπαιρομένας
1026 2612 1270 2677 ἀσεϐείας
1318 2615 1404 2669 καὶ
1465 2615 1769 2690 ὑψουμὲνας
1827 2616 1962 2672 κατὰ

304 2715 406 2776 τῆς
483 2707 735 2778 γνώσεως
805 2708 902 2760 τοῦ
977 2709 1110 2759 Θεοῦ
1172 2698 1470 2780 συντρίϐων
1519 2705 1605 2759 καὶ
1664 2709 1957 2780 καθαιρῶν,

304 2795 489 2852 luctu
543 2794 606 2848 τὰ
637 2792 835 2849 σκολια
891 2792 968 2854 είς
1022 2793 1250 2857 εὐθεῖαν.
1310 2793 1370 2850 Ὀ
1428 2793 1528 2869 γὰρ
1562 2793 1735 2849 παντὰ
1769 2793 1956 2868 βουνὸν

305 2887 399 2940 καί
449 2890 554 2938 πᾶν
601 2881 726 2956 ὅρος
763 2886 1049 2950 ταπεινῶν,
1103 2881 1260 2946 οὗτος
1306 2882 1372 2951 ἦν
1429 2883 1456 2936 6
1515 2880 1814 2959 συντρίϐων
1861 2883 1957 2945 τὰς

2142 2423 2194 2477 4.
2229 2420 2404 2478 Vens.
2436 2422 2491 2478 5.
2528 2423 2640 2479 Vox
2665 2423 2888 2479 Domini
2929 2425 3334 2495 con/“ringentis
3372 2428 3577 2487 cedros.
3611 2432 3720 2490 Po-

2068 2514 2185 2567 test
2200 2510 2335 2579 dici,
2363 2512 2517 2583 quod
2540 2527 2756 2584 parans
2778 2512 3025 2570 Domino
3046 2515 3330 2587 populum
3354 2520 3716 2594 expeditum,

2068 2600 2398 2673 impietates
2429 2601 2710 2658 adversus
2741 2601 2841 2657 Dei
2869 2603 3263 2675 cognitionem
3286 2606 3468 2666 elatas
3491 2626 3558 2668 ac
3585 2628 3717 2670 eve-

2069 2695 2195 2746 ctas
2253 2694 2589 2762 conterens,
2649 2696 3032 2764 evertensque
3090 2694 3328 2766 obliqua
3382 2697 3442 2752 in
3499 2705 3716 2760 rectam

2067 2779 2222 2834 viam
2254 2783 2694 2834 transmutaret.
2726 2780 2834 2846 Qui
2866 2798 3115 2852 namque
3142 2783 3350 2840 collem
3374 2802 3637 2856 omnem,
3659 2795 3717 2846 et

2068 2872 2326 2924 montem
2359 2884 2595 2924 omnem
2645 2869 3004 2940 deprimit”,
3036 2870 3088 2925 is
3135 2875 3279 2940 erat,
3313 2875 3412 2945 qui
3454 2877 3713 2935 confrin-

308 2971 559 3048 ιιέδρους,
616 2972 704 3026 καὶ
756 2969 1094 3044 ἓξομαλίζων
1140 2971 1240 3039 τήν
1303 2957 1705 3044 ἐπιδημίαν
1753 2969 1956 3045 Κυρίῳ,

2070 2958 2243 3031 gebat
2272 2958 2496 3022 cedros,
2521 2974 2586 3012 ac
2616 2957 2865 3012 Domino
2913 2959 3226 3015 adventum
3257 2962 3714 3037 complanabat;

310 3060 398 3118 διὰ
445 3067 545 3117 τοῦ
593 3060 791 3137 ἐνάγειν
839 3059 916 3122 εἷς
967 3061 1250 3133 μετάνοιαν
1280 3061 1378 3130 τὴν
1427 3059 1645 3134 ὑψηλὴν
1676 3061 1766 3116 καὶ
1795 3059 1966 3136 ἐπηρ-

2078 3063 2211 3103 cum
2261 3045 2466 3116 altum,
2515 3045 2877 3118 elatumque,
2921 3052 2979 3103 et
3000 3048 3356 3108 humilitatis
3403 3052 3720 3126 impatiens

314 3153 482 3224 μενην
538 3149 632 3204 καὶ
681 3135 1041 3204 ἀταπείνωτον
1087 3145 1308 3225 καρδίαν
1339 3153 1436 3204 τοῦ
1469 3148 1622 3206 λαοῦ.
1656 3151 1814 3213 Ὅθεν
1844 3135 1956 3204 δια-

2076 3153 2173 3193 cor
2205 3135 2402 3210 pepuli
2434 3136 2747 3192 deduceret
2776 3137 2847 3191 ad
2872 3137 3300 3208 paenitentiam.
3335 3140 3498 3198 Unde
3528 3144 3724 3201 Domi-

309 3239 612 3316 δεχόμενος
674 3238 838 3292 αὑτοῦ
867 3237 964 3305 τὴν
1016 3237 1348 3310 ἑτοιμασίαν,
1381 3232 1648 3314 συντρίϐει
1682 3239 1709 3294 6
1743 3237 1962 3314 Κύριος,

308 3325 397 3383 διὰ
455 3330 558 3395 τῆς
610 3327 805 3381 ἑαυτοῦ
862 3323 1180 3399 ἐπιδημίας,
1232 3325 1326 3388 τὰς
1383 3325 1754 3401 ἀντικειμένας
1804 3325 1964 3382 δυνά-

308 3437 448 3489 μεις,
509 3413 738 3487 κέρδους
796 3418 893 3469 τοῦ
941 3409 1177 3469 Λιϐάνου
1206 3419 1484 3488 τροπικῶς
1533 3415 1958 3488 ὀνομαζομένας.

305 3511 398 3561 Δεῖ
425 3506 534 3580 γὰρ
567 3504 660 3559 τὸν
695 3504 890 3576 Κύριον
925 3500 1248 3577 βασιλεύειν,
1309 3506 1470 3580 ἄχρις
1516 3505 1578 3559 οὗ
1609 3507 1676 3580 Θῇ
1707 3504 1833 3568 τοὺς
1863 3504 1960 3580 ἐχ·-

306 3594 469 3669 θροὺς
535 3593 643 3648 ὐπὸ
698 3591 830 3654 τοὺς
890 3592 1059 3656 πόδας
1090 3590 1272 3648 αὐτοῦ.
1335 3593 1433 3647 Καὶ
1489 3592 1686 3655 ταύτας
1739 3592 1835 3657 τὰς
1870 3592 1958 3648 κὲ-

303 3681 466 3757 δρους
518 3681 778 3738 λεπτυνεῖ
805 3683 941 3754 (16),
1003 3681 1078 3743 ὡς
1132 3681 1224 3736 τὸν
1284 3682 1493 3756 μόσχον
1551 3681 1643 3736 τὸν
1689 3676 1951 3741 Λίϐανον.

301 3774 368 3831 Τί
431 3771 526 3826 οὗν
553 3770 694 3827 ἔστιν
727 3771 758 3826 6
791 3769 1002 3845 μόσχος
1026 3765 1295 3838 Αίϐανοςς
1340 3772 1532 3842 Φασίν,
1567 3769 1648 3826 δτι
1681 3774 1794 3845 (17)
1824 3773 1959 3826 κατᾶ

301 3857 442 3914 πολ)
457 3860 528 3928 ἠν
567 3856 880 3933 περιεργίαν
935 3857 986 3910 οἱ
1031 3862 1148 3920 τοῖς
1175 3855 1430 3920 εἰδώλοις
1463 3856 1836 3933 λατρεύοντες,
1871 3857 1960 3914 διὰ

299 3953 398 4004 τοῦ
427 3942 674 4006 Λιϐάνου
731 3949 1068 4022 μορφοῦντες
1121 3947 1346 4021 μόσχων
1381 3946 1822 4020 ἆπεικονίσματα,
1858 3947 1958 4002 οὕ-

298 4058 408 4099 τως
466 4039 644 4092 ταῦτα
697 4035 1025 4110 κατήγγιζον
1081 4032 1167 4089 ἰπὶ
1218 4038 1316 4089 τοῦ
1368 4037 1562 4111 πυρός.
1627 4035 1813 4098 Οὕτως
1869 4036 1960 4091 οὖν

301 4148 438 4203 φησι
465 4125 564 4186 τὰς
620 4122 990 4196 ἀντικειμένας
1037 4119 1291 4196 δυνάμεις
1337 4122 1413 4186 εἷς
1465 4123 1766 4201 ἀφανισμὸν
1799 4124 1956 4195 ἀξίως

301 4215 732 4287 ἓξαφανίσεσθαι.
765 4214 834 4268 Ἤ
889 4213 1097 4288 μόσχος
1128 4213 1155 4266 6
1187 4209 1275 4267 διὰ
1302 4217 1397 4267 τοῦ
1427 4209 1670 4269 Λιϐάνου
1704 4214 1806 4269 ὑπὸ
1862 4219 1957 4269 τοῦ

301 4307 472 4381 πυρὸς
535 4302 938 4375 συντηκόμενος
992 4303 1127 4356 κατὰ
1181 4303 1242 4356 τὸ
1289 4301 1590 4376 εἷ’ρημὲννν·
1651 4305 1740 4366 Ὧς
1791 4305 1956 4375 τήκε-

302 4417 388 4452 ται
440 4394 614 4468 κηρὸς
672 4393 780 4448 ἀπὸ
834 4391 1129 4468 προσώπου
1177 4393 1381 4469 πυρὸς),
1459 4393 1631 4457 οὕτως
1691 4393 1960 4450 ἀπολοῦν-

2075 3242 2188 3282 nus
2219 3225 2626 3298 praeparationi
2658 3225 2847 3297 ipsius
2892 3227 3234 3300 succedens,
3270 3233 3592 3301 potestates
3622 3235 3728 3290 ad-

2071 3335 2290 3384 versas,
2315 3317 2518 3372 cedros
2541 3315 2748 3371 Libani
2780 3332 2882 3388 per
2913 3318 3319 3389 metaphoram
3351 3327 3589 3380 vocatas
3620 3327 3730 3381 ad-

2071 3411 2246 3463 ventu
2279 3423 2385 3463 suo
2417 3405 2751 3477 confringit.
2784 3405 3024 3478 Oportet
3054 3424 3312 3480 namque
3345 3427 3592 3482 regnare
3619 3414 3728 3471 Do-

2071 3496 2322 3566 minum,
2371 3496 2554 3551 donec
2612 3496 2723 3551 sub
2781 3511 2921 3552 suos
2976 3497 3151 3568 pedes
3209 3504 3387 3570 ponat
3424 3501 3721 3560 inimicos.

2069 3587 2240 3642 Vens.
2275 3586 2329 3640 6.
2361 3587 2438 3640 Et
2457 3589 2552 3640 has
2579 3585 2782 3641 cedros
2801 3586 3153 3654 comminuet,
3176 3596 3441 3662 tanquam
3471 3591 3720 3648 vitulum

2067 3673 2515 3740 Libanum.Quid
2531 3673 3043 3744 igiturestvitulus
3059 3676 3314 3734 Libanus
3328 3677 3349 3733 Ρ
3364 3680 3717 3738 Feruntido-

2069 3765 2258 3822 lorum
2285 3765 2540 3820 cultores
2571 3763 2757 3819 multa
2787 3763 3026 3820 solertia
3055 3764 3369 3824 simulacra
3392 3769 3712 3826 vitulorum

2069 3872 2138 3910 ex
2166 3853 2338 3910 thure
2368 3853 2664 3924 efﬁngere,
2698 3868 2883 3924 eaque
2913 3857 3044 3909 tum
3089 3854 3326 3911 demum
3355 3857 3477 3928 igni
3508 3857 3712 3913 admo-

2068 3959 2217 3999 vere.
2255 3944 2454 4014 Itaque
2500 3942 2774 3996 eumdem
2831 3941 2903 3995 ad
2959 3943 3198 3997 modum
3257 3943 3542 4016 propheta
3572 3945 3716 4002 dicit

2069 4031 2434 4089 adversaries
2461 4033 2778 4102 potestates
2805 4046 2836 4086 ο
2866 4030 3058 4085 medio
3086 4046 3210 4086 esse
3232 4033 3368 4103 jure
3395 4032 3713 4094 tollendas.

2071 4127 2184 4178 Aut
2211 4119 2430 4176 vitulus
2461 4118 2580 4187 ille,
2616 4118 2715 4190 qui
2746 4136 2814 4174 ex
2856 4118 3029 4176 thure
3078 4120 3340 4191 effectus,
3370 4121 3504 4194 igne
3533 4123 3717 4196 lique-

2069 4213 2200 4280 scit,
2229 4213 2399 4282 juxta
2425 4209 2484 4264 id
2517 4209 2672 4281 quod
2705 4209 2927 4265 dictum
2950 4213 3076 4266 est:
3108 4209 3262 4266 Sicut
3295 4209 3510 4284 liqueﬁt
3534 4229 3718 4271 ceraa

2067 4301 2208 4375 facie
2238 4302 2404 4370 ignis,
2456 4299 2536 4354 sic
2567 4298 2831 4370 peribunt
2863 4299 3262 4371 peccatores”.
3314 4301 3721 4376 Similiterque

2074 4390 2323 4463 intelligi
2355 4391 2568 4462 potest,
2601 4389 2804 4444 cedros
2825 4392 2882 4444 et
2911 4388 3110 4462 ipsum
3130 4389 3419 4446 Libanum
3448 4391 3721 4450 elationis

376 4550 421 4584 ⁷⁸
450 4549 628 4605 Joun.
671 4566 709 4618 ι,
741 4549 812 4604 32
885 4549 930 4584 ⁷⁸
971 4548 1115 4604 ibid.
1149 4549 1235 4603 16.
1313 4550 1356 4585 ⁷⁷
1388 4549 1531 4608 ibid.
1589 4551 1676 4607 18.
1754 4551 1800 4587 ⁷⁸
1849 4552 1956 4608 Joa

2081 4565 2167 4618 ιιι,
2198 4547 2290 4603 27.
2367 4544 2413 4582 ⁷⁸
2442 4543 2586 4600 ibid.
2641 4545 2731 4601 31.
2764 4557 2768 4562 ’
2808 4543 2854 4580 ³ο
2882 4543 3025 4601 ibid.
3088 4545 3177 4614 33,
3208 4545 3298 4602 34.
3375 4546 3419 4583 ⁹¹
3453 4546 3596 4604 ibid.
3629 4549 3722 4606 36.

305 4619 350 4656 ⁸³
381 4622 497 4678 Isa.
531 4637 623 4688 ιι,
655 4621 707 4677 4.
783 4621 828 4656 ⁸³
857 4618 1010 4676 Psal.
1045 4636 1213 4689 van,
1250 4620 1301 4676 3.

380 4771 492 4841 (M)
526 4771 670 4843 Reg.
703 4773 951 4843 quartus
976 4767 1132 4843 ᾡσεί.

533 4839 885 4930 Illum—narra
909 4841 1006 4896 τοῦ
1038 4842 1316 4930 Ἰωάννου,
1348 4845 1512 4930 deest
1535 4845 1764 4930 inﬁda.
1790 4863 1968 4930 quar-

309 4921 388 4972 to.
420 4919 609 4970 Paulo
641 4919 774 4986 post
802 4919 953 4970 idem
987 4919 1166 4971 codex
1198 4919 1500 4987 ὲτοιμάζων
1534 4920 1670 4989 Θεῷ.
1704 4919 1965 4976 Subinde

308 4988 491 5044 editio
529 4987 708 5043 Paris.
760 5002 895 5041 cum
954 4987 1184 5042 duobus
1247 5004 1390 5045 mss.
1448 4989 1746 5056 καθαίρων,
1793 4991 1964 5048 male.

309 4914 396 4989 to.
420 4914 609 4989 Paulo
641 4919 774 4989 post
802 4914 953 4970 idem
971 4916 1166 4989 codex
1198 4914 1500 4987 ἒτοιμάζων
1534 4920 1670 4989 Θεῷ.

308 5058 716 5134 Editioﬁasil.
749 5063 808 5114 et
836 5061 971 5129 Reg.
1005 5063 1257 5134 quartus
1285 5061 1586 5134 καθαιρῶν,
1613 5058 1786 5134 bene.

378 5130 613 5212 (16119
641 5130 1090 5212 Reg._.quart‘us.
1143 5131 1335 5212 Editio
1366 5130 1500 5190 vero
1552 5134 1734 5190 Paris.
1769 5130 1966 5187 λεπτύ-

309 5199 438 5258 νειν.
471 5199 639 5260 Colb.
672 5199 960 5274 septimus
991 5199 1264 5274 λεπτύνει.

377 5276 493 5354 (ΓΞ)
524 5274 623 5354 Sic
651 5269 834 5354 editi;
865 5272 931 5328 Τί
961 5270 1055 5354 ρῦν
1086 5274 1228 5354 ἔστιν
1254 5274 1282 5328 ὁ
1307 5273 1557 5354 μόσχος-ς
1595 5269 1850 5354 ᾼίϐανος,
1875 5295 1970 5354 φα-

312 5344 415 5412 σὶν,
451 5346 512 5400 ὃν
543 5351 686 5414 etc.,
713 5345 930 5417 quibus
958 5345 1017 5402 in
1043 5347 1239 5404 verbis
1266 5344 1397 5403 cum
1419 5344 1564 5404 insit
1584 5348 1814 5416 vitium,
1835 5344 1970 5405 eum

314 5417 510 5473 locum
538 5418 648 5473 viri
675 5418 1004 5473 doctissimi
1028 5417 1415 5476 Combeﬂsius
1433 5425 1490 5476 et
1517 5425 1758 5477 Ducseus
1779 5437 1974 5477 emen-

318 5490 456 5546 dare
487 5490 824 5556 voluerunt,
857 5489 1024 5546 docte

328 5631 422 5684 οὖν
453 5628 674 5705 ὶστιννὸί
711 5631 924 5705 μόσχος
949 5630 1003 5686 τί
1029 5628 1082 5686 *δ
1107 5628 1364 5705 Λίϐανος
1391 5655 1405 5704 ;

1114 5492 1309 5548 uidem
1340 5497 1609 5564 uterque,
1657 5494 1756 5549 sed
1789 5493 1973 5549 diver-

323 5579 404 5636 se.
443 5564 536 5636 ᾼὶι
566 5561 1322 5636 ἱεῖῐυιι-Ουοειυβηῗοιυῐιξεεθ
1371 5561 1682 5636 legendum
1723 5581 1872 5636 esse,
1905 5564 1973 5621 Tt

1463 5637 1608 5709 Quid
1635 5652 1763 5709 ergo
1791 5645 1869 5709 est
1893 5639 1978 5709 vi-

324 5705 476 5762 ιιιω
495 5710 521 5762 .'
542 5704 678 5780 quid
708 5704 998 5762 Libanus?
1035 5704 1124 5762 vel
1155 5713 1332 5776 certe,
1387 5706 1448 5762 Τί
1485 5704 1584 5763 οὖν
1642 5704 1784 5764 ιστιν
1814 5708 1843 5763 6
1873 5706 1972 5782 μό-

2081 4790 2218 4846 σχος
2235 4767 2333 4846 τοῦ
2357 4763 2593 4846 Λιϐάνου
2617 4795 2632 4839 ;
2656 4770 2806 4843 Quid
2825 4785 2951 4846 ergo
2967 4775 3048 4828 est
3067 4770 3275 4828 vitulus
3296 4773 3496 4831 Liba-ni
3511 4773 3540 4829 τ
3558 4772 3727 4830 Com-

2079 4843 2322 4919 heﬁsius
2352 4843 2679 4919 ver_o.alit_er
2698 4844 3008 4919 emendare
3027 4845 3402 4919 aggreditur;
3434 4850 3726 4919 putatque

2076 4916 2414 4990 legendum,
2537 4989 2545 4990 ί
2571 4911 2662 4990 οὖν
2713 4913 2851 4990 ἐστιν
2886 4914 2912 4968 6
2951 4911 3182 4990 indutiae
3233 4911 3504 4986 Λίϐανοξ;
3554 4911 3725 4990 φασὶν

2077 4987 2183 5055 ὅτῐ,
2218 4994 2330 5044 etc.
2365 4987 2506 5056 Quid
2527 4989 2700 5055 igitur
2717 4987 2921 5042 vitulus
2941 4987 3222 5046 Libanus?
3251 4990 3420 5046 Aiunt
3449 4989 3729 5046 idolorum

2077 5063 2330 5128 cultores,
2391 5063 2500 5115 etc.
2533 5062 2647 5113 Nec
2699 5058 2941 5130 dubium
2973 5059 3114 5130 quin
3167 5061 3278 5118 hoc
3325 5078 3431 5118 suo
3489 5063 3725 5118 invento

2079 5132 2333 5189 multum
2366 5130 2684 5187 delectatus
2715 5129 2810 5194 sit,
2845 5129 3370 5190 cum’conﬁdenter
3397 5135 3610 5192 addat:
3634 5136 3730 5191 Sic

2083 5206 2238 5290 tegit,
2266 5204 2598 5290 scripsitque
2615 5203 2876 5290 Dasilius.
2903 5204 3024 5268 Quo
3056 5205 3296 5290 quidem
3319 5208 3492 5263 modo
3524 5211 3728 5290 auctor

2082 5275 2211 5348 ejus
2241 5275 2510 5347 Opusculi
2540 5275 2855 5348 scripserit,
2895 5291 3008 5329 non
3042 5275 3232 5334 dicam
3264 5282 3393 5348 (nec
3421 5295 3554 5335 vero
3577 5277 3726 5334 tanti

2083 5346 2254 5406 nobis
2275 5346 2692 5422 videturscire)
2719 5365 2733 5402 :
2761 5347 2898 5422 quia
2914 5352 3108 5404 tamen
3133 5346 3464 5422 conjectura
3488 5351 3738 5406 Combe:

2083 5422 2196 5478 ﬂsii
2230 5421 2374 5477 nihil
2399 5419 2610 5494 melius
2631 5421 2904 5494 occurrit,
2926 5437 3055 5494 eam
3075 5419 3539 5494 amplectendam
3564 5421 3726 5476 duxi-

2086 5511 2240 5578 mus.
2275 5494 2396 5578 Nec.
2421 5492 2563 5578 illud
2597 5492 3011 5578 pmittendum,
3044 5493 3155 5566 legi
3177 5492 3254 5578 in
3295 5495 3433 5578 Reg.
3465 5494 3724 5578 tertio‘et

2085 5566 2246 5622 Colb.
2279 5570 2452 5638 sexto
2473 5561 2643 5638 φασίν
2692 5561 2719 5616 ὁ
2749 5562 2882 5616 κατά
2929 5561 3061 5621 etc..
3102 5561 3256 5637 Quod
3308 5561 3447 5638 quin
3482 5563 3724 5619 mendo-

2087 5654 2220 5696 sum
2252 5638 2329 5695 sit
2358 5636 2616 5694 dubitari
2643 5651 2756 5691 non
2791 5639 3001 5707 potest.
