4134 6212
446 350 526 412 ’19
1388 342 1786 406 ΑΡΡΕΝΠῘΧ
1829 344 2092 406 OPERU

2210 345 2267 406 Β.
2313 346 2601 408 ΒΑειιιι
2646 349 2919 410 MAGNI.

3776 345 3860 408 80

446 480 754 538 cedrorum
786 480 1083 534 auctorem
1136 477 1480 533 comminui.
1537 477 1948 532 Comminutus
1978 475 2087 530 ali-

2210 495 2286 530 ιαι
2345 479 2456 549 (18)
2511 479 2563 533 οἳ
2593 477 2934 556 ἀμαρτωλοι.
2967 477 3065 533 Καὶ
3097 476 3272 543 οὕτως
3300 475 3359 534 δὶ
3389 475 3610 532 δυνατὸν
3653 481 3854 546 νοῆσαι

446 569 679 641 quando
709 571 798 622 est
823 565 1043 622 vitulus
1067 564 1163 620 ille
1189 565 1248 619 in
1296 567 1510 633 Exodo,
1544 564 1644 632 qui
1679 565 1867 620 factus
1900 563 2094 619 fuerat

444 674 548 730 per
575 660 863 712 Aaronem
890 674 904 723 ;
937 671 1069 709 cum
1113 654 1383 710 videlicet
1433 653 1685 726 populus
1735 671 1769 708 a
1799 653 1915 708 Deo
1945 654 2092 707 defi-

444 746 626 812 ciens,
676 750 732 801 et
777 745 835 799 in
880 743 1274 799 idololatriam
1314 743 1614 815 delapsus,
1647 759 1781 797 eum
1823 741 2091 797 affinxit:

445 853 620 907 quem
649 838 984 905 correptum
1005 833 1231 904 Moyses
1256 832 1591 887 minutatim
1625 831 1921 896 contrivit,
1953 836 2011 886 et
2036 831 2094 884 in

445 940 658 994 aquam
686 922 933 991 conjecit
956 921 1024 975 ⁸⁸.
1055 926 1254 991 Itaque
1275 920 1344 975 ad
1366 920 1522 975 hunc
1545 921 1785 975 modum
1809 919 2094 974 Dominus

443 1016 632 1068 totum
667 1011 972 1075 Libanum,
1000 1010 1059 1064 id
1093 1014 1202 1074 est,
1237 1009 1491 1080 primam
1537 1008 1773 1064 malitiaa
1805 1008 2094 1080 originem

445 1101 825 1166 comminuet,
857 1099 1012 1155 sicut
1038 1097 1258 1153 vitulus
1285 1097 1384 1153 ille
1415 1115 1448 1153 a
1478 1098 1672 1169 Moyse
1695 1097 2097 1152 comminutus

445 1193 554 1246 est.
587 1192 651 1246 Et
673 1190 1012 1245 comminuet
1038 1202 1131 1242 ea:
1161 1196 1441 1258 tanquam
1467 1187 1704 1241 vitulum
1728 1186 2022 1243 Libanum.

515 1460 572 1514 5.
624 1459 690 1514 Et
729 1456 958 1512 dilectus
1003 1451 1460 1525 quemadmodum
1507 1452 1662 1521 ﬁlius
1715 1453 2094 1508 unieornium.

447 1549 585 1603 Post
615 1544 880 1602 sublatas
910 1541 1270 1598 adversarias
1296 1545 1614 1612 potestates
1636 1544 1776 1595 tunc
1808 1558 1973 1596 amor
2001 1558 2096 1596 er-

446 1651 519 1706 ga
551 1633 864 1689 Dominum
889 1631 1197 1697 elucescet,
1233 1645 1297 1684 ac
1318 1628 1506 1700 ipsius
1531 1629 1831 1698 fortitudo,
1862 1629 2098 1685 nemine

446 1721 915 1777 adversariorum
972 1734 1102 1773 eam
1161 1719 1534 1784 obscurante,
1609 1717 1922 1774 manifesta
1975 1718 2092 1774 ﬂet.

445 1814 762 1880 Propterea
792 1812 925 1879 post
960 1806 1124 1860 illam
1174 1805 1647 1861 imminutionem
1702 1806 1820 1861 ait:
1857 1807 2099 1862 Dilectus
2128 1846 2174 1909 Β

445 1900 554 1954 erit
583 1900 722 1953 sicut
751 1897 902 1967 ﬁlius
947 1896 1330 1950 unicornium.
1379 1895 1685 1951 Unicornis
1733 1898 1929 1950 autem
1969 1895 2094 1949 ani-

449 1986 566 2042 mal
592 1991 681 2041 est
710 1985 1116 2056 imperiosum,
1157 1983 1382 2038 homini
1433 1999 1549 2038 non
1581 1984 1910 2050 subditum,
1943 1986 2096 2056 quod

447 2075 568 2130 vim
599 2074 777 2130 habet
807 2072 1178 2137 indomitam,
1211 2072 1365 2142 quod
1400 2071 1456 2125 in
1489 2070 1909 2128 solitudinibus
1942 2088 2096 2128 sem-

450 2181 554 2236 per
582 2179 980 2224 commorans,
1029 2161 1090 2216 in
1141 2177 1256 2214 uno
1307 2176 1485 2216 cornu
1533 2161 1810 2216 fiduciam
1841 2163 2094 2233 reponit.

449 2253 813 2325 Quapropter
836 2249 1256 2320 insuperabilis
1285 2250 1433 2305 861
1469 2249 1700 2304 Domini
1724 2254 1936 2304 natura
1967 2251 2096 2305 uni-

453 2343 613 2397 corni
637 2343 971 2411 comparata
987 2343 1097 2406 est,
1119 2343 1247 2393 tum
1266 2339 1420 2409 quod
1444 2339 1720 2393 omnibus
1736 2338 2096 2412 dominatur,

451 2432 578 2484 tum
614 2429 769 2500 quod
798 2444 984 2482 unum
1014 2426 1193 2482 habet
1222 2426 1312 2482 sui
1363 2425 1550 2496 ipsius
1582 2427 1961 2497 principium,
1995 2428 2096 2483 Pa-

449 2522 626 2573 trem.
667 2515 893 2571 Etenim
927 2516 1100 2587 Caput
1123 2515 1346 2583 Christi,
1401 2519 1548 2569 Deus
1571 2515 1634 2570 ⁸⁵.
1686 2514 1860 2571 Vsus.
1893 2517 1948 2570 7.
1990 2518 2100 2573 νοω

446 2607 670 2661 Domini
699 2605 1075 2661 intercidentis
1101 2606 1360 2674 ﬂammas
1380 2605 1542 2674 ignis.
1577 2604 1907 2671 Peccatum,
1942 2606 2096 2676 quod

444 2695 633 2750 instar
661 2694 817 2766 ignis
848 2693 1027 2749 Israel
1071 2692 1444 2763 depascebat,
1488 2692 1748 2748 Joannes
1778 2693 2096 2750 intercide-

445 2784 568 2853 bat,
589 2783 793 2840 diceus
817 2800 830 2838 :
854 2783 1243 2838 Paenitentiam
1263 2783 1433 2852 agite,
1455 2784 1920 2853 apprOpinquavit
1941 2787 2094 2840 enim
2118 2855 2120 2858 ν

447 2888 682 2943 regnum
709 2874 968 2928 calorum
992 2870 1056 2926 ⁸⁸.
1091 2870 1416 2926 Flammam
1466 2871 1648 2942 igitur
1676 2872 2095 2944 cupiditatum,

444 2978 514 3017 ex
543 2965 779 3034 peccato
815 2960 1125 3016 animabus
1169 2959 1563 3024 accedentem,
1597 2961 1965 3018 annuntiatis
1988 2963 2092 3018 Ju-

445 3050 585 3105 daeis
617 3049 772 3122 ignis
802 3049 1002 3106 aeterni
1036 3049 1246 3120 pmnis,
1278 3048 1697 3116 intercidebat,
1731 3066 1862 3105 cum
1886 3052 2094 3122 judicii

443 3139 686 3192 referret
714 3137 1165 3203 vehementiam,
1197 3137 1434 3192 dicens:
1477 3137 1853 3192 Ventilabrum
1884 3140 1943 3192 in
1973 3156 2092 3195 ma-

2205 562 2559 621 λεπτύνεσθαι
2602 569 2696 630 τὰς
2743 566 2969 640 κὲδρους
3015 567 3105 621 καὶ
3152 566 3311 621 αὐτὸν
3359 567 3449 622 τὸν
3505 560 3731 620 Λίϐανον
3760 563 3851 619 τὸν

2206 654 2454 729 ἀρχηγὸν
2482 663 2583 724 τῆς
2609 661 2715 710 τῶν
2743 654 2946 730 κὲδρων
2976 654 3272 729 ἐπάρσεως.
3299 654 3634 723 Ἐλεπτύνθη
3667 654 3799 708 ποτὶ
3826 653 3854 707 6

2211 743 2420 818 μόσχος
2451 743 2536 798 ἐπὶ
2565 752 2665 814 τῆς
2695 741 2878 814 ἰξόδου
2911 741 3000 798 διὰ
3029 747 3123 797 τοῦ
3154 744 3390 813 Ἀαρὼν,
3424 743 3513 796 ὅτε
3562 745 3670 814 (19)
3723 743 3853 796 ἀπο-

2207 833 2475 900 στατήσας
2550 836 2645 886 τοῦ
2695 835 2826 886 Θιοῦ
2873 831 2962 885 καὶ
3013 829 3088 892 εἷς
3151 827 3608 904 εἶδωλολατρείαν
3670 827 3854 902 ἐκτρα-

2206 919 2324 978 πεὶς
2367 919 2655 974 ἀνέπλασεν
2710 921 2737 974 6
2797 918 2952 980 λαός·
2985 919 3042 972 ’ὸν
3093 913 3276 971 λαϐὼν
3311 924 3571 989 Μωυσῆς,
3620 915 3853 988 κατήλε-

2207 1028 2293 1060 σεν
2327 1009 2442 1080 (20)
2475 1008 2549 1069 εἷς
2600 1007 2789 1075 λεπτὰ,
2839 1007 2928 1062 καὶ
2977 1002 3165 1061 ἔϐαλεν
3217 1004 3294 1069 εἷς
3344 1006 3406 1060 τὸ
3456 1003 3625 1083 ὕδωρ.
3667 1005 3854 1070 Οὕτως

2209 1095 2300 1151 οὖν
2333 1095 2584 1152 λεπτννεῖ
2612 1098 2740 1153 ὅλον
2769 1098 2858 1152 τὸν
2889 1091 3140 1159 Λίϐανον,
3186 1095 3429 1150 τουτέστι
3473 1096 3573 1164 τὴν
3626 1094 3849 1172 πρώτην

2205 1188 2304 1253 τῆς
2335 1185 2523 1247 κακίας
2547 1187 2747 1262 ἀρχὴν,
2779 1188 2807 1240 6
2839 1185 3057 1260 Κύριος,
3091 1185 3164 1246 ὡς
3215 1183 3511 1255 ἐλεπτύνθη
3562 1186 3590 1240 6
3644 1184 3854 1260 μόσχος

2206 1274 2411 1338 ἐκεῖνος
2447 1276 2547 1329 ὑπὸ
2576 1274 2672 1330 τοῦ
2705 1273 3000 1336 Μωϋσὲως.
3032 1275 3128 1328 Καὶ
3165 1272 3416 1329 λεπτυνεῖ
3447 1272 3607 1335 αὐτὰς
3660 1274 3734 1336 ὡς
3757 1275 3847 1328 16v

2212 1364 2391 1438 μόχον
2421 1365 2513 1418 τὸν
2547 1359 2801 1420 Λίϐανον.

2277 1457 2330 1509 5.
2365 1454 2468 1508 Καὶ
2503 1451 2569 1521 δὴ
2622 1474 2770 1527 γαπη
2784 1452 2941 1525 μένος
2974 1454 3049 1514 ὡς
3098 1453 3214 1514 υἱὸς
3246 1452 3648 1527 μονοκιρώτων.
3701 1451 3854 1508 Μετὰ

2205 1541 2268 1595 τὸ
2296 1540 2392 1601 τὰς
2438 1538 2811 1611 ἀντικειμένας
2844 1536 3100 1611 δυνάμεις
3132 1539 3499 1614 ἀναιρεθῆναι,
3545 1537 3669 1592 τότε
3725 1539 3859 1592 ἀνα-

2207 1631 2497 1706 φανήσεται
2554 1631 2589 1696 ἡ
2647 1629 2783 1702 πρὸς
2845 1627 3038 1702 Κύριον
3069 1629 3276 1702 ἀγάπη,
3315 1628 3402 1682 καὶ
3435 1629 3470 1695 ἡ
3499 1625 3656 1702 ἲσχὺς
3687 1625 3853 1680 αὐτοῦ

2207 1718 2408 1792 φανερὰ
2456 1719 2764 1792 γενήσεται,
2825 1714 3042 1780 οὐδενὸς
3096 1715 3515 1779 ὲπισκοτοῦντος
3550 1719 3656 1769 τῶν
3703 1714 3853 1770 ἔνανο

2205 1808 2358 1862 τίων.
2417 1807 2508 1860 Διό
2537 1827 2669 1884 φησι
2724 1806 2857 1878 μετὰ
2899 1807 2960 1860 τὸ
3009 1803 3388 1874 λεπτυνθῆναι.
3448 1805 3509 1862 Ὁ
3556 1803 3852 1880 ἠγαπημὲ-

2203 1918 2296 1960 νος
2359 1891 2506 1950 ἔσται
2567 1895 2642 1957 ὡς
2707 1895 2824 1957 υἳὸς
2908 1895 3320 1969 μονοκερώτων.
3401 1894 3717 1968 Μενόκερως
3793 1889 3851 1947 δὲ

2207 1991 2345 2054 ζωον
2395 1985 2648 2060 ἀρχικὸν,
2672 1983 3031 2039 ἀνυπότακτον
3060 1983 3354 2058 ἀνθρώπῳ,
3385 1983 3484 2050 τὴν
3528 1981 3686 2056 ἰσχὺν
3720 1982 3853 2036 ἀκα-

2204 2075 2549 2148 ταμάχητον,
2599 2072 2852 2149 ἐρημίαις
2903 2073 2981 2127 ἀεὶ
3037 2069 3436 2146 διαιτώμενον,
3495 2071 3572 2124 ἐνὶ
3623 2069 3859 2146 κερατίῳ

2205 2163 2484 2226 πεποιθός.
2538 2163 2635 2218 Διᾶ
2694 2167 2855 2218 τοῦτο
2922 2164 2957 2232 ἡ
3027 2162 3455 2236 ἀκαταγώνιστος
3503 2165 3600 2215 τοῦ
3651 2159 3852 2232 Κυρίου

2207 2253 2363 2329 φύσις
2418 2250 2692 2327 μονοκέρῳ
2741 2253 2854 2323 (21)
2901 2251 3236 2325 παρεικάσθη
3271 2297 3284 2316 ,
3335 2247 3424 2304 διά
3464 2270 3522 2304 τε
3567 2250 3668 2316 τὴν
3717 2247 3856 2302 κατᾶ

2207 2343 2420 2396 πάντων
2463 2341 2663 2416 ἀρχὴν,
2719 2339 2807 2394 καὶ
2859 2337 2948 2394 διὰ
2992 2340 3053 2393 τὸ
3105 2338 3227 2411 μίαν
3262 2334 3406 2414 ἔχειν
3440 2339 3631 2393 ἑαυτοῦ
3675 2337 3856 2412 ἀρχὴν

2204 2431 2296 2486 τὸν
2347 2430 2575 2501 Πατέραο
2664 2427 2882 2506 Κεφαλὴ
2925 2429 3030 2503 γὰρ
3088 2431 3322 2502 Χριστοῦ
3389 2428 3417 2482 6
3477 2426 3627 2489 Θιός.
3685 2425 3856 2494 Φωνή

2207 2519 2406 2590 Κυρίου
2464 2516 2849 2578 διακόπτοντος
2907 2515 3090 2594 φλόγα
3145 2516 3334 2590 πυρός.
3395 2516 3510 2584 Τὴν
3563 2513 3854 2588 ἁμαρτίαν,

2207 2609 2282 2671 ὡς
2337 2611 2444 2680 πῦρ
2505 2605 2900 2679 ἐπινεμομένην
2960 2606 3051 2659 τὸν
3103 2603 3348 2678 Ἰσραὴλ,
3390 2605 3418 2658 6
3472 2605 3724 2673 Ἰωάννης
3777 2600 3856 2656 δι-

2208 2699 2420 2764 ἑκοπτε,
2485 2695 2680 2772 λέγων·
2762 2697 3100 2752 Μετανοεῖτε·
3179 2692 3371 2771 ἤγγικι
3438 2694 3538 2770 γὰρ
3605 2695 3640 2762 ἡ
3698 2692 3856 2767 βασι-

2208 2786 2328 2843 λεία
2355 2790 2462 2840 τῶν
2495 2785 2763 2860 οὐρανῶν.
2814 2785 2928 2852 Τὴν
2957 2784 3046 2838 οὖν
3100 2783 3284 2861 φλόγα
3326 2787 3431 2838 τῶν
3484 2785 3692 2849 παθῶν,
3750 2781 3851 2848 τὴν

2207 2877 2257 2947 ἐξ
2306 2873 2572 2950 ἁμαρτίας
2606 2873 2954 2948 ἰγγινομὲνην
2999 2877 3118 2934 ταῖς
3162 2875 3388 2947 ψυχαῖς,
3449 2867 3717 2935 διέκοπτε,
3769 2865 3856 2922 δι-

2206 2966 2511 3041 ηγούμενος
2542 2963 2608 3018 τὰ
2637 2962 2759 3038 περῖ
2807 2959 2902 3016 τοῧ
2949 2961 3171 3016 αἰωνίου
3201 2961 3370 3034 πυρὸς
3398 2963 3515 3020 τοῖς
3542 2954 3849 3027 Ἰουδαίοις,

2205 3054 2256 3109 ἐν
2288 3058 2365 3124 τῷ
2415 3050 2591 3126 λεγειν
2621 3051 2687 3106 τὰ
2719 3058 2816 3119 τῆς
2862 3049 3093 3124 κρίσεως
3126 3045 3352 3125 σφοδρὰ,
3413 3048 3494 3100 ὅτι
3544 3045 3622 3101 T6
3673 3042 3843 3098 πτύον

2204 3142 2255 3195 ἐν
2331 3143 2399 3213 τῇ
2470 3138 2617 3214 χειρὶ
2686 3142 2782 3192 τοῦ
2846 3135 3092 3210 Κυρίου,
3168 3135 3256 3189 καὶ
3329 3131 3665 3206 διακαθαριεῖ
3738 3132 3842 3199 τὴν

443 3241 524 3279 nu
554 3224 810 3292 Domini,
844 3227 893 3278 et
921 3241 1114 3279 aream
1141 3226 1472 3279 mundabit:
1505 3233 1560 3278 et
1589 3226 1841 3280 triticum
1871 3227 2092 3296 quidem

2210 3209 2407 3284 ἅλωνα·
2441 3209 2531 3281 καὶ
2559 3209 2649 3281 τὸν
2682 3225 2774 3298 μὲν
2801 3230 2946 3278 σῖτον
2980 3224 3311 3294 ἀποθήσεται
3343 3224 3452 3294 (22)
3484 3221 3558 3282 εἷς
3580 3221 3674 3282 τὰς
3708 3220 3852 3274 ἁπο-

445 3313 505 3367 in
531 3313 748 3367 horreis
787 3312 1036 3382 deponet,
1093 3315 1282 3382 pateas
1327 3327 1452 3366 vero
1501 3313 1625 3379 igni
1670 3315 1768 3382 qui
1814 3317 2097 3386 exstingui

441 3417 552 3456 non
591 3404 782 3471 potest,
813 3400 1178 3455 comburat".
1212 3399 1376 3454 Illam
1409 3415 1544 3472 ergo
1580 3400 1878 3457 ﬂammam
1913 3403 2094 3460 inter-

442 3488 693 3554 cidebat,
725 3488 880 3560 quod
914 3487 1205 3543 horrenda
1237 3487 1451 3560 populo
1481 3489 1554 3543 ob
1577 3489 1778 3546 oculos
1809 3495 2092 3562 posuerit.

511 3578 568 3632 6.
601 3576 778 3632 Vsas.
811 3578 846 3630 8
875 3577 939 3630 Et
966 3576 1321 3632 commovebit
1369 3577 1641 3632 Dominus
1671 3579 1947 3635 desertum
1987 3583 2093 3638 Ca-

439 3665 552 3721 ἀει.
584 3664 926 3736 Baptizabat
945 3665 1103 3719 enim
1133 3663 1390 3720 Joannes
1422 3665 1480 3720 in
1505 3665 1756 3722 deserto.
1787 3667 2092 3727 Desertum

442 3755 623 3828 igitur
653 3753 800 3810 illud
835 3756 1154 3810 commovit
1185 3771 1287 3826 per
1317 3755 1667 3828 populorum
1701 3760 1964 3832 undique
1995 3779 2093 3819 ac-

442 3845 806 3901 currentium
839 3846 1174 3899 adventum.
1208 3847 1370 3909 Quod
1409 3847 1970 3922 dcsertum,propter
2000 3869 2094 3909 eo-

443 3949 574 3989 rum
607 3933 705 4004 qui
738 3934 1047 3989 veniebant
1075 3934 1502 4006 poenitcntiam,
1537 3943 1804 3993 sanctum
1839 3941 2093 4012 appella-

443 4027 572 4078 tum
604 4027 713 4079 est.
746 4024 929 4079 Gades
960 4022 1138 4090 enim,
1173 4024 1223 4078 si
1266 4024 1690 4096 interpreteris,
1725 4034 1975 4085 sanctum
2007 4032 2093 4086 di-

447 4111 617 4167 citur.
652 4112 780 4168 Haec
809 4129 917 4168 vox
943 4117 1232 4184 praeparat
1280 4129 1479 4168 cervos
1510 4113 1703 4185 (VEas.
1753 4118 1832 4183 9),
1866 4119 2094 4176 animas

444 4201 713 4256 videlicet
741 4205 996 4270 sanctas,
1044 4218 1168 4271 quia
1214 4203 1530 4273 exquirunt
1578 4203 1876 4272 sublimia,
1918 4208 2095 4263 absu-

447 4293 734 4359 muntque
766 4294 1089 4358 serpentes,
1139 4288 1284 4344 etin
1333 4289 1466 4344 altis
1505 4291 1806 4349 montibus
1836 4310 2094 4352 commo-

445 4380 670 4431 rantur.
705 4376 798 4430 Haa
831 4381 1027 4431 autem
1078 4377 1296 4431 fuerint
1328 4379 1536 4432 animas
1587 4382 1935 4453 magniﬁcae,
1967 4401 2094 4457 quae

443 4465 515 4518 ad
545 4463 797 4520 caelestis
819 4464 1282 4520 conversationis
1309 4466 1606 4538 fastigium
1637 4470 1710 4523 ab
1741 4469 1876 4527 imis
1899 4490 2096 4530 ascen-

2205 3322 2392 3389 θήκας,
2423 3317 2485 3370 τὸ
2513 3313 2570 3370 δὶ
2597 3313 2798 3390 ἄχυρον
2829 3313 3148 3368 κατακαύσει
3179 3314 3309 3389 πυρὶ
3332 3306 3851 3382 ἁσϐἑστῳ.Ἐκείνην

2205 3409 2293 3464 οὗν
2327 3407 2424 3475 τὴν
2458 3403 2636 3480 φλόγα
2669 3401 2916 3458 διέκοπτε
2942 3407 3021 3475 τῷ
3053 3403 3140 3456 ὑπ’
3170 3399 3292 3476 ὄψιν
3348 3399 3492 3474 ἄγειν
3534 3399 3602 3454 τὶ
3645 3392 3852 3474 φοϐερὰ

2203 3502 2281 3570 τῷ
2312 3493 2448 3569 λαῷ.

2272 3589 2328 3643 6.
2421 3585 2517 3639 Καὶ
2593 3583 2855 3638 συσσείσιι
2925 3582 3122 3655 Κύριος
3193 3579 3291 3647 τὴν
3366 3574 3571 3653 ἔρημον
3648 3572 3852 3645 Κάδης.

2203 3677 2304 3733 Ἤν
2359 3676 2460 3752 γὰρ
2520 3673 2778 3741 Ἰωάννης
2851 3669 3128 3747 βαπτίζων
3187 3667 3237 3722 ἐν
3289 3671 3358 3740 τῇ
3428 3665 3665 3742 ἐρήμῳ.
3735 3665 3847 3730 Τὴν

2205 3765 2410 3842 ἔρημον
2471 3765 2562 3820 οὖν
2619 3763 2826 3832 ἐκείνην
2888 3761 3154 3816 συνέσεισε
3182 3763 3251 3832 τῇ
3283 3755 3549 3830 ἐπιδημίᾳ
3576 3760 3682 3811 τῶν
3715 3775 3852 3808 παν-

2203 3856 2431 3934 ταχόθεν
2493 3852 2660 3909 λαῶν·
2719 3853 2865 3923 ἥτις,
2926 3848 3014 3905 διὰ
3039 3849 3097 3903 v6
3132 3852 3407 3934 μετανοεῖν
3457 3845 3584 3907 τοὺς
3617 3843 3856 3921 ἐρχομὲ.

2204 3933 2348 4017 νους,
2392 3942 2598 4020 ἕρημος
2649 3941 2774 4016 ἁγία
2817 3939 3244 4016 προσηγόρευτο.
3288 3933 3468 4006 Κάδης
3516 3934 3618 4010 γὰρ
3669 3933 3851 4009 ἑρμη-

2203 4019 2488 4102 νεύεται-ἠ
2530 4032 2676 4106 ἁγία.
2728 4031 2875 4100 Αὕτη
2948 4032 2978 4098 ἡ
3024 4030 3177 4104 φωνὴ
3229 4025 3536 4100 καταρτίζει
3585 4021 3674 4077 καὶ
3721 4019 3852 4077 ἐλά-

2205 4145 2359 4204 φους,
2391 4123 2485 4184 τὰς
2537 4121 2691 4197 ἁγίας
2738 4121 2938 4195 ψυχὰς,
2967 4119 3062 4180 τὰς
3109 4117 3176 4172 τὰ
3208 4115 3394 4190 ὑψηλὰ
3421 4111 3707 4184 ζητούσας,
3756 4111 3855 4204 τὰς

2202 4197 2310 4268 τῶν
2342 4207 2516 4277 ὄφεων
2547 4207 2934 4280 δαπανητικᾶς,
2983 4208 3078 4268 τὰς
3120 4205 3207 4260 ἐπὶ
3249 4207 3358 4258 τῶν
3404 4201 3632 4277 ὑψηλῶν
3684 4197 3856 4273 ὀρέων

2201 4303 2300 4371 τὴν
2335 4294 2618 4376 διατριϐὴν
2675 4299 3033 4369 ποιουμὲθας.
3090 4291 3256 4348 Δῦται
3315 4290 3362 4347 δ’
3420 4288 3478 4345 ἂν
3541 4289 3639 4344 εἶεν
3672 4288 3846 4376 ψυχαὶ

2209 4375 2595 4468 μεγαλοφυεῖς,
2647 4387 2734 4442 ἐπὶ
2776 4386 2841 4440 τὰ
2877 4383 3062 4459 ὑψηλὰ
3106 4389 3206 4451 τῆς
3263 4383 3380 4436 κατ’
3420 4378 3647 4454 οὐρανὸν
3681 4375 3849 4430 πολι-

2203 4463 2344 4542 τείας
2394 4463 2454 4535 ei
2512 4483 2617 4532 τῶν
2678 4480 2945 4531 ταπεινῶν
3009 4472 3426 4546 ἀνατρέχουσαι,
3495 4471 3689 4542 κοῦφαι
3761 4463 3854 4518 καὶ

443 4554 615 4622 dunt,
651 4556 851 4624 utpote
889 4552 1044 4608 leves
1075 4558 1134 4608 et
1164 4553 1364 4610 elatae:
1398 4556 1614 4626 quibus
1663 4575 1796 4615 cum
1830 4563 2093 4620 adversa-

2211 4567 2521 4642 διηρμὲναι⁸
2573 4563 2817 4635 πόλεμον
2868 4556 3092 4637 ἔχουσαι
3141 4556 3277 4631 πρὸς
3330 4555 3425 4616 τὰς
3475 4553 3855 4642 ἀντικειμένας

440 4641 544 4696 riis
577 4644 988 4713 potestatibus,
1023 4644 1518 4714 quemadmodum
1571 4649 1757 4705 cervis
1797 4667 1931 4708 cum
1965 4672 2092 4711 ser-

441 4730 738 4802 pentibus,
772 4730 992 4787 bellum
1047 4736 1153 4787 est.
1190 4731 1300 4787 Sed
1358 4737 1423 4791 Et
1457 4735 1674 4794 revelat
1719 4743 1998 4800 condensa
2025 4751 2092 4803 ut

2203 4637 2476 4729 δυνάμεις,
2509 4655 2584 4718 ὡς
2626 4653 2763 4729 πρὸς
2808 4650 2934 4711 τοὺς
2967 4644 3115 4724 ὄφεις
3158 4647 3212 4700 αἱ
3268 4642 3479 4719 ἔλαφοι.
3527 4637 3700 4696 Ἀλλὰ
3750 4639 3852 4694 Καὶ

2202 4726 2574 4802 ἀποκαλύπτει
2660 4726 2772 4815 (23)
2857 4737 3120 4814 δρυμοὺς,
3185 4733 3270 4788 ἷ¹να
3319 4732 3368 4786 οἱ
3418 4726 3568 4807 ὄφεις
3629 4728 3851 4805 φανεροὶ

511 4901 558 4937 ⁸⁸
585 4901 765 4959 Exod.
798 4919 1001 4971 χχχιιι,
1029 4904 1061 4958 4
1093 4919 1258 4976 seqq.
1334 4905 1380 4942 ⁸⁵
1412 4907 1432 4962 Ι
1461 4907 1572 4963 Cor
1601 4926 1679 4981 xx,
1711 4912 1764 4967 3.
1842 4915 1886 4950 ³⁸
1915 4917 2093 4974 Matth

2210 4937 2242 4988 l,
2274 4920 2328 4974 2.
2406 4919 2449 4954 ⁸⁷
2479 4917 2619 4974 ibid.
2654 4931 2740 4984 ιιι,
2774 4914 2860 4967 12.

650 5078 802 5164 Beg.
836 5084 1083 5164 quartus
1114 5077 1475 5164 ααιιώλλυντσζ
1497 5087 1611 5164 Nec
1641 5086 1724 5143 ita
1755 5089 1938 5164 multo
1962 5097 2096 5164 post

445 5147 623 5204 editio
650 5147 924 5207 Parit-8v
958 5153 1382 5221 ἀποστήσαντας.
1437 5157 1624 5212 Editio
1663 5176 1797 5216 vero
1830 5147 2096 5221 Basii.et

446 5221 634 5298 nostri
663 5230 912 5298 quatuor
941 5241 1085 5298 mss.
1119 5224 1209 5279 ὅτε
1238 5223 1444 5298 ἀποστή
1456 5247 1664 5293 σαντας.

517 5292 630 5435 (19)
661 5294 808 5352 "01s.
846 5299 1012 5353 Forte
1043 5295 1117 5350 ὅν.
1155 5302 1312 5354 EDIT.

541 5366 633 5432 20)
662 5369 798 5423 MSS.
834 5373 951 5426 tres
994 5366 1312 5435 κατείλησεν

541 5366 633 5446 20)
662 5369 798 5423 Mss.
834 5373 951 5446 tres
994 5366 1348 5446 κει-διείλησεν,⁸
1369 5370 1558 5446 male;
1596 5373 1742 5429 Editi
1772 5373 2094 5446 κατήλεσαν,

444 5451 478 5518 a
507 5437 682 5518 verbo
713 5438 970 5511 κατηλεῖν
1023 5443 1164 5512 (imo
1194 5437 1468 5497 καταλιῖν.
1522 5443 1742 5518 Eum),
1774 5437 1936 5517 moto,
1973 5437 2096 5506 mo;

447 5507 506 5563 lu
540 5515 776 5568 contero.

519 5580 632 5665 (ἓξ)
656 5580 1455 5665 Βθε..(Ῑυιιι-ιυεμονοκξρωτι,
1481 5588 1581 5665 sed
1607 5588 1708 5656 ita,
1733 5594 1797 5646 ut
1815 5611 1866 5645 τι
1890 5610 2095 5664 super-

448 5652 711 5710 additum
741 5652 813 5712 ἐἰ
838 5652 1124 5713 secundis
1173 5652 1350 5726 curis,
1403 5652 1604 5716 eadem
1656 5652 1848 5720 tamen
1895 5652 2094 5722 manu.

2203 5095 2366 5150 Haud
2399 5093 2570 5162 longe
2597 5088 2781 5146 nostri
2828 5089 3080 5159 quatuor
3123 5097 3270 5136 mss.
3300 5081 3382 5150 τῷ
3422 5071 3665 5151 Ἰσραήλ.
3697 5073 3856 5128 Editi

2201 5165 2292 5219 16v
2328 5162 2570 5219 Ἰσραήλ.

2275 5186 2292 5217 ν
2328 5166 2570 5239 Ἰσραήλ.
3614 5216 3624 5227 ⁸
3661 5216 3672 5227 ο

2275 5238 2389 5308 (22)
2412 5237 2507 5294 Sic
2531 5238 2669 5306 Reg.
2693 5229 2925 5308 tertius.
2951 5226 3205 5308 Aliitras
3223 5239 3368 5308 mss.
3388 5211 3861 5308 ουῑιιεριξιεᾎξτξο-

2202 5284 2967 5381 τίδξξάινᾹῙίξυῖιιᾶο-ήροβι
2997 5299 3174 5381 editio
3229 5295 3414 5350 Paris.
3454 5288 3531 5381 ‘16'
3553 5284 3856 5381 Pyiléqliv.

2428 5358 2930 5436 Basili—ietwnos'tri
2958 5377 3212 5444 quatuor
3238 5385 3386 5444 mss.
3416 5362 3478 5444 τί)
3513 5359 3601 5414 ὑπ’
3630 5358 3777 5444 ὄψιν,

2606 5455 2668 5523 e_t_
2692 5456 2806 5523 tres
2838 5433 3857 5523 m_ss_.'_&1toxat)\61r1¢‘t:_BBQ‘qgﬂrtlﬁ

2207 5498 3082 5588 un‘JVéanmiLiX'ik‘oﬁitcu.
3130 5519 3255 5569 Mox
3302 5507 3483 5588 editio
3520 5498 3718 5586 :Paris.
3757 5498 3860 5588 ῥπι

2207 5570 2998 5668 ξξσιξιιῖινσῖοὖῗῖἆὶίίοίΒιιεὶὶῖ
3042 5603 3207 5659 aeque
3235 5601 3302 5641 ac
3353 5576 3539 5637 nostri
3572 5589 3718 5631 mss.
3757 5570 3861 5626 ὑπὸ

2204 5671 2300 5722 τοῦ
2332 5687 2451 5724 συσ.
