4134 6212
231 345 300 405 8i
1341 335 1670 398 HOMILIA
1715 335 1794 394 IN
1843 336 1980 397 PSA
1999 333 2223 397 LMUM
2267 333 2565 395 XXXVII.

3579 341 3654 402 82

237 475 530 550 γίνωνται,
562 475 616 529 οἱ
673 472 779 529 ὑπὸ
835 476 933 529 τοῦ
987 474 1323 545 συσκιασμοῦ
1375 475 1486 526 τῶν
1535 467 1755 545 δρυμῶν
1803 489 1871 522 κα

2015 475 2315 542 serpentes
2345 485 2450 524 suo
2480 468 2912 526 condensarum
2970 469 3251 527 silvarum
3308 471 3653 530 umbraculo

243 562 608 637 λυπτόμενοι,
671 563 810 638 πρὸς
871 562 933 616 τὸ
989 561 1327 634 ἀπονώτερον
1389 558 1585 620 αὐτοὺς
1639 559 1742 613 ὑπὸ
1793 560 1899 611 τῶν

244 651 467 728 ἰλαφων
499 649 1010 714 καταναλίσκεσθαι.
1055 649 1210 725 Τάχα
1241 647 1332 702 οὖν
1365 649 1392 702 6
1419 646 1666 722 ἐλέγχων
1707 647 1803 710 τὰς
1847 644 1898 700 ἰν

240 747 323 814 τῶ
359 746 586 817 κρυπτῷ
643 740 859 808 κακίας,
894 737 1262 794 ἀποκαλύπτει
1319 735 1578 813 δρυμούςο
1605 737 1898 803 τουτέστιν,

240 830 320 893 εἷς
384 830 618 908 iugavi:
678 830 792 904 ἄγει
851 829 945 890 τὰς
1002 825 1424 903 ἐμφωλευούσας
1453 829 1522 900 τῇ
1552 824 1715 898 ὑλικῇ
1748 824 1900 902 φύσει

240 920 519 997 ἁμαρτίας
552 916 698 998 ὄφεις
733 917 1036 994 λεγομένας
1067 914 1155 972 διὰ
1201 917 1261 971 τὸ
1304 912 1561 970 ποικίλον
1619 922 1718 983 τῆς
1766 911 1898 983 ἡδο·

235 1017 365 1080 νῆς.
407 1008 770 1084 ’Δποκαλύψει
832 1005 890 1063 δὶ
944 1006 995 1062 ἐν
1055 1007 1256 1081 ἡμέρᾳ,
1293 1007 1382 1060 ὅτε
1435 1003 1774 1078 ἀποκαλύψει
1832 1002 1899 1057 τὰ

236 1098 463 1170 κρυπτὰ
509 1102 608 1152 τοῦ
659 1097 910 1165 σκότους,
942 1095 1036 1150 καὶ
1086 1096 1182 1157 τὰς
1237 1094 1441 1170 βουλὰς
1491 1095 1598 1148 τῶν
1657 1089 1894 1167 καρδιῶν

234 1187 446 1246 αὐτῶν.
481 1189 640 1262 Τάχα
691 1184 748 1242 δὲ
803 1185 894 1240 καὶ
926 1187 953 1241 ὁ
987 1184 1262 1255 Ἰωάννης,
1295 1186 1448 1262 φωνή
1511 1182 1582 1238 ὣν
1641 1187 1735 1238 τοῦ
1793 1191 1894 1238 Κυ-

231 1279 384 1353 ρίου,
421 1277 475 1332 ἐν
537 1277 816 1352 αῗνίγματι
875 1279 980 1348 (24)
1037 1281 1118 1348 τῷ
1177 1273 1395 1351 ἰσραήλ
1459 1273 1750 1349 διελέγετο,
1810 1274 1892 1330 ὅτι

231 1364 383 1437 Ἤδη
444 1369 481 1437 ἡ
539 1367 692 1440 ἀξίνη
751 1367 890 1440 πρὸς
940 1367 1039 1434 τὴν
1100 1364 1246 1442 ῥίζαν
1297 1369 1403 1419 τῶν
1436 1361 1668 1439 δένδρων
1696 1370 1889 1421 κεῖται.

234 1460 347 1508 Πᾶν
423 1452 518 1508 οὗν
602 1450 822 1530 δίνδρον
887 1453 961 1525 μή
1022 1456 1214 1507 ποιοῦν
1272 1452 1478 1527 καρπὸν
1545 1449 1751 1518 καλὸν,
1813 1452 1894 1506 ἐκ·

228 1545 546 1614 κόπτεται,
603 1545 694 1598 καὶ
775 1543 852 1604 είς
930 1547 1036 1613 πῦρ
1127 1539 1389 1618 βάλλεται
1425 1585 1437 1597 .
1513 1539 1891 1596 Ἀπεκάλυπτε

233 1634 361 1696 τοὺς
422 1631 690 1708 δρυμοὺς,
747 1635 988 1689 τουτέστι
1045 1639 1154 1689 τῶν
1212 1637 1435 1707 καρπῶν
1489 1633 1550 1687 τὸ
1609 1633 1885 1708 ἄχρηστον

229 1721 516 1800 ἐφανέρου·
555 1725 797 1798 ἄκαρπος
850 1724 948 1799 γὰρ
1002 1722 1106 1794 ὕλη
1159 1724 1186 1778 6
1237 1719 1441 1798 δρυμός
1491 1719 1568 1779 Οὗ
1597 1722 1659 1776 τὸ
1695 1716 1890 1796 βλαϐε-

2015 559 2421 615 delitescentes
2453 559 2816 631 delegantur,
2851 563 2916 616 ut
2963 560 3190 617 minore
3237 560 3468 633 negotio
3498 578 3532 617 a
3559 576 3656 618 cer

2009 648 2098 704 vis
2123 649 2530 704 absumuntur.
2560 652 2825 704 Fortasse
2857 649 3056 722 igitur,
3081 651 3181 722 qui
3202 651 3549 707 abscondita
3568 651 3653 707 vi-

2012 741 2094 794 tia
2124 739 2338 810 arguit,
2367 738 2418 794 is
2448 738 2660 793 revelat
2689 739 2986 794 condensa
3019 757 3031 795 :
3082 739 3191 794 hoc
3221 744 3331 812 est,
3363 739 3655 796 latitantia

2012 828 2070 882 in
2107 828 2392 884 materiali
2424 833 2636 883 natura
2675 833 2913 900 peccata
2942 828 3000 883 in
3053 833 3324 901 apertum
3382 830 3604 902 profert
3635 844 3649 884 :

2009 933 2137 988 qus:
2169 918 2240 973 ob
2273 916 2589 988 voluptatis
2621 917 2957 973 varietatem
2991 925 3292 990 serpentes
3352 918 3649 974 dicuntur.

2008 1006 2302 1062 Rsvelabit
2314 1011 2510 1063 autem
2533 1006 2591 1061 in
2609 1005 2838 1073 illadie,
2859 1023 2992 1062 cum
3015 1006 3654 1065 revelabitabscondita

2005 1099 2380 1153 tenebrarum
2411 1101 2469 1152 et
2497 1095 2743 1153 consilia
2771 1096 3035 1152 cordium
3055 1097 3320 1169 ipsorum
3348 1098 3392 1134 ⁸⁸
3414 1099 3648 1155 Fortas-

2005 1185 2087 1242 sis
2109 1191 2303 1242 autem
2323 1185 2673 1254 etJoannes,
2698 1201 2831 1241 cum
2853 1186 3080 1242 Domini
3101 1191 3257 1242 esset
3272 1203 3399 1258 vox,
3423 1187 3484 1241 in
3505 1186 3648 1242 aani-

2004 1281 2198 1346 gmate
2222 1273 2397 1330 Israel
2417 1274 2498 1330 sic
2534 1273 2971 1345 alloquebatur:
2995 1276 3116 1330 Jam
3143 1276 3355 1330 securis
3382 1275 3452 1329 ad
3477 1275 3647 1331 radi-

2002 1379 2116 1419 cem
2146 1365 2406 1420 arborum
2453 1367 2628 1436 posita
2649 1374 2750 1419 est.
2787 1364 2976 1419 Omnis
3021 1379 3156 1436 ergo
3188 1365 3352 1419 arbor
3379 1378 3504 1435 quae
3529 1380 3644 1420 non
3701 1365 3738 1392 ’

1999 1455 2140 1523 facit
2166 1458 2410 1526 fructum
2444 1455 2668 1522 bonum,
2709 1452 3008 1522 exciditur,
3039 1458 3090 1508 et
3120 1454 3177 1506 in
3203 1454 3387 1521 ignem
3417 1453 3646 1521 coniici-

2001 1543 2154 1598 tur“.
2187 1541 2497 1598 Revelabat
2518 1542 2832 1612 condensa,
2865 1540 2922 1596 id
2959 1545 3065 1610 est,
3092 1542 3396 1596 fructuum
3422 1541 3646 1596 inutili-

1998 1635 2176 1686 tatem
2200 1630 2391 1702 palam
2419 1631 2684 1686 faciebat.
2706 1629 2850 1686 Nam
2874 1631 3174 1686 condensa
3196 1629 3362 1698 silva,
3397 1629 3644 1685 materia

1999 1719 2364 1776 infructuosa
2393 1725 2503 1776 est.
2536 1721 2716 1791 Cujus
2743 1719 2826 1774 eis
2848 1719 3268 1776 detrimentum
3291 1735 3424 1774 cum
3448 1721 3645 1774 osten-

233 1810 328 1881 ρὸν
356 1807 715 1864 ἐπιδεικνύων
777 1809 980 1881 αὐτοῖς,
1013 1809 1088 1871 είς
1132 1810 1230 1878 τὴν
1290 1804 1690 1864 ἐπιϐάλλουσαν
1751 1828 1876 1884 καρ-

1999 1809 2182 1879 deret,
2212 1811 2282 1866 ad
2307 1826 2626 1882 congruam
2651 1808 3068 1864 fecunditatem
3093 1808 3230 1864 illos
3265 1807 3637 1880 provocabat,

229 1896 495 1972 πογονίαν
552 1895 965 1973 προσεκαλεῖτο,
1002 1896 1209 1973 λέγων’
1244 1902 1514 1966 Ποιήσατε
1567 1895 1696 1958 τοὺς
1754 1917 1880 1971 καρ-

226 1985 364 2047 ποὺς
429 1986 607 2058 ἀξίους
663 1994 763 2056 τῆς
823 1985 1126 2060 μετανοίας.
1161 1986 1250 2056 Ἐξ
1297 1984 1369 2040 ὧν
1403 1987 1616 2040 πάντων
1649 1982 1705 2040 ἓν
1735 1984 1877 2041 ἐστιν

227 2072 604 2147 ἀποτέλεσμα,
632 2073 697 2129 τὸ
728 2072 1163 2148 οἰκοδομηθῆναι
1191 2074 1282 2128 τὸν
1339 2074 1464 2129 ναὸν
1498 2073 1720 2150 Κυρίοτ,
1755 2070 1879 2138 ἔνθα

225 2169 327 2224 πᾶς
358 2164 387 2218 6
420 2163 721 2239 γενόμενος
755 2160 973 2218 δύναται
1007 2161 1228 2234 άληθῶς
1279 2163 1510 2241 δνεγκεῖν
1557 2168 1638 2236 τῷ
1689 2163 1877 2239 Κυρίῳ

225 2251 402 2326 δόξαν.

289 2343 344 2398 7.
392 2339 581 2397 Ἀλλὰ
630 2342 721 2397 καὶ
782 2343 811 2397 6
866 2341 1061 2416 Κύριος
1112 2345 1204 2397 τὸν
1255 2339 1635 2415 κατακλυσμὸν
1695 2362 1879 2397 κατοι-

218 2435 348 2488 κιεῖ.
382 2431 484 2484 Διὰ
527 2432 632 2507 γὰρ
667 2436 763 2487 τοῦ
820 2431 1188 2507 βαπτίσματος
1229 2434 1264 2501 ἡ
1315 2431 1390 2494 εἷς
1435 2431 1529 2494 τὰς
1560 2432 1739 2507 ψυχὰς
1766 2437 1876 2488 τῶν

219 2520 574 2593 ἡγιασμὲνων
632 2524 729 2574 τοῦ
785 2520 989 2592 Κυρίου
1037 2521 1374 2592 κατοίκησις.
1429 2522 1542 2591 Τὴν
1600 2520 1690 2576 οὖν
1747 2523 1878 2577 ἁπο-

221 2606 533 2680 λουομένην
587 2609 685 2677 τήν
748 2609 1013 2685 ἁμαρτίαν
1065 2611 1273 2686 ψυχὴν,
1303 2609 1502 2680 ταύτην
1562 2616 1802 2665 κατοικεῖ
1848 2612 1878 2666 6

223 2699 376 2760 Θεός.
426 2701 524 2753 Διὰ
555 2703 716 2754 τοῦτο
748 2697 962 2774 λέγεται
1016 2700 1110 2754 τὸν
1167 2698 1546 2773 κατακλυσμὸν
1605 2706 1875 2755 κατοικεῖν

222 2791 361 2858 (25).
394 2789 525 2844 ’Ὁτι
553 2787 653 2862 γὰρ
685 2789 784 2856 τὴν
845 2787 905 2843 ἐκ
958 2793 1054 2844 τοῦ
1116 2787 1488 2865 βαπτίσματος
1546 2785 1732 2853 ἄφεσιν
1778 2811 1874 2844 κα-

219 2874 544 2949 τακλυσμὸν
607 2877 1014 2953 προσηγόρευσε
1046 2923 1060 2948 ,
1120 2878 1207 2933 καὶ
1293 2877 1351 2933 ἐκ
1405 2882 1502 2932 τοῦ
1556 2883 1877 2952 τριακοστοῦ

223 2967 448 3038 πρώτου
504 2964 732 3039 ψαλμοῦ
794 2969 1208 3040 μεμαθήκαμεν,
1242 2965 1294 3022 ἐν
1348 2973 1428 3040 τῷ
1482 2967 1688 3022 εἷ’πεῖν*
1721 2967 1874 3037 Πλὴν

222 3053 275 3108 ἐν
361 3053 741 3128 κατακλυσμῷ
819 3052 1026 3110 ὑδάτων
1085 3054 1311 3112 πολλῶν
1370 3057 1507 3131 πρὸς
1559 3056 1718 3111 αὐτὸν
1780 3055 1878 3112 οὐκ

213 3143 534 3218 ἑγγιοῦσιν.
583 3145 648 3202 Αἱ
701 3143 804 3219 γὰρ
881 3144 1139 3219 ἁμαρτίαι
1214 3150 1320 3200 τῶν
1379 3143 1760 3220 ἁμαρτωλῶν,
1817 3145 1868 3200 ἂν

1995 1898 2197 1954 dicens
2242 1914 2256 1953 :
2308 1900 2494 1954 Facite
2545 1899 2762 1971 fructus
2800 1897 2991 1968 dignos
3041 1899 3380 1968 paenitentiae
3404 1898 3468 1952 9°.
3501 1897 3640 1961 Quas

1990 1988 2190 2042 omnia
2215 2004 2400 2043 unum
2432 1987 2716 2057 efficiunt,
2741 1990 3044 2059 nempe,ut
3074 1986 3363 2060 templum
3394 1986 3631 2044 Domini

1991 2076 2311 2132 aedificetur
2343 2094 2355 2131 :
2383 2076 2442 2131 in
2465 2093 2576 2148 quo
2600 2075 2872 2149 quisquis
2901 2077 3259 2134 constitutus
3281 2077 3480 2147 fuerit,
3507 2075 3630 2148 glo-

1993 2165 2141 2223 riam
2172 2166 2422 2223 Domino
2448 2182 2578 2223 vere
2609 2166 2814 2224 afferre
2847 2169 3057 2240 potest.

2056 2349 2112 2401 7.
2143 2347 2251 2403 Sed
2286 2350 2344 2402 et
2388 2348 2656 2403 Dominus
2713 2346 2992 2403 diluvium
3047 2346 3392 2404 inhabitare:
3416 2346 3590 2421 faciet
3619 2360 3637 2405 ι

1987 2436 2135 2495 Nam
2169 2452 2273 2509 per
2300 2436 2669 2508 baptismum
2699 2436 2758 2492 in
2790 2436 3102 2492 animabus
3134 2437 3636 2493 sanctiﬁcatorum

1988 2525 2270 2581 habitatio
2294 2525 2360 2580 fit
2379 2525 2916 2581 Domini.Animam
2939 2525 3120 2596 igitur
3147 2543 3182 2581 a
3211 2530 3447 2598 peccato
3471 2525 3637 2582 ablu-

1987 2619 2108 2670 tam
2142 2614 2373 2670 habitat
2404 2619 2577 2670 Deus.
2631 2617 2995 2686 Quapropter
3042 2613 3256 2670 dicitur
3304 2613 3638 2671 inhabitare

1988 2703 2297 2759 diluvium.
2324 2704 2488 2768 Quod
2518 2702 2674 2759 enim
2703 2703 2932 2758 veniam
2963 2720 3066 2774 per
3121 2702 3483 2775 baptismum
3530 2703 3634 2758 ob-

1987 2795 2209 2848 tentam
2226 2792 2512 2847 diluvium
2536 2789 2847 2858 vocaverit,
2870 2791 3047 2846 etiam
3105 2807 3174 2846 ex
3193 2789 3489 2847 tricesimo
3511 2789 3632 2862 pri-

1987 2898 2082 2938 mo
2115 2879 2340 2954 psalmo
2390 2879 2732 2946 didicimus,
2763 2879 2906 2934 dum
2939 2879 3082 2934 dicit
3113 2895 3126 2934 ε
3181 2881 3540 2936 Veruntamen
3569 2879 3632 2933 in

1984 2968 2202 3026 diluvio
2232 2985 2503 3041 aquarum
2559 2967 2869 3024 multarum
2923 2967 2994 3024 ad
3022 2984 3151 3023 eum
3205 2969 3359 3024 862
3391 2984 3498 3024 non
3532 2985 3630 3040 ap-

1982 3058 2452 3131 prOpinquabunt.
2488 3057 2634 3116 Nam
2666 3057 2726 3112 in
2784 3073 2852 3113 ea
2910 3056 3316 3129 redemptione
3346 3073 3474 3128 quae
3526 3072 3631 3128 per

1986 3149 2351 3221 baptismum
2382 3148 2469 3216 ﬁt,
2505 3151 2876 3219 peccatorum
2901 3151 3137 3219 peccata
3158 3147 3633 3219 appropinquare

208 3236 279 3306 τῇ
343 3231 437 3287 διὰ
491 3238 590 3287 τοῦ
653 3233 1024 3308 βαπτίσματος
1065 3233 1462 3308 ἀπολυτρώσει,
1496 3235 1570 3297 ὡς
1629 3255 1866 3310 προσεγο

1994 3220 2100 3293 aon
2132 3236 2388 3310 amplius
2419 3240 2712 3309 poterunt.
2744 3238 2810 3292 Et
2865 3237 3071 3292 sedebit
3122 3237 3387 3293 Dominus
3439 3252 3543 3292 rex
3571 3237 3629 3290 in

207 3322 383 3396 γίζειν
447 3321 636 3376 οὐκέτι
695 3324 1242 3399 συγχωρηθήσονται.
1286 3325 1390 3381 Καὶ
1447 3325 1708 3387 καθιεῖται
1762 3323 1870 3380 Κύ-

209 3430 325 3482 ριος
410 3409 674 3486 βασιλεὺς
752 3411 828 3473 είς
903 3413 993 3465 τὸν
1051 3411 1243 3469 αῗῶνα.
1305 3412 1427 3470 Ἐπὶ
1474 3417 1603 3467 πᾶσι
1655 3411 1870 3476 τούτοις

208 3500 428 3575 ὑπάρξει
463 3502 607 3572 ἡμῖν
649 3499 914 3576 γνωρίσαι
967 3502 1070 3570 τήν
1123 3501 1212 3556 ἐπὶ
1268 3501 1481 3556 πάντων
1537 3503 1713 3578 ἀρχὴν
1771 3506 1868 3556 τοῦ

205 3591 512 3656 Δεσπὸτου,
544 3589 644 3643 τοῦ
676 3586 921 3652 διδόντος
954 3589 1111 3666 ἰσχὺν
1143 3595 1224 3664 τῶ
1263 3589 1381 3663 λαῷ
1428 3590 1615 3660 αὐτοῦ,
1641 3589 1733 3645 ’ίνα
1785 3612 1867 3645 νι-

201 3681 467 3748 κῆσαντες
499 3679 595 3733 τὸν
643 3679 909 3755 πονηρὸν,
935 3680 1034 3748 τήν
1065 3677 1328 3755 εὐλογίαν
1360 3682 1710 3756 γωρήσωμεν
1765 3681 1864 3750 τὴν

203 3765 500 3841 διδομενην
681 3768 784 3822 ὑπὸ
815 3768 1027 3843 Κυρίου
1064 3767 1116 3823 ἐν
1151 3767 1344 3844 εἰρήνῃ
1389 3775 1508 3832 τοῖς
1553 3769 1721 3840 ἀξίοις
1771 3767 1864 3823 αὗ-

199 3862 311 3912 τοῦ·
345 3859 432 3912 ὅτι
466 3855 623 3930 αὖτῷ
651 3859 686 3927 ἡ
721 3854 847 3933 δόξα
878 3857 953 3921 εἷς
981 3857 1108 3921 τοὺς
1143 3858 1344 3924 αἰῶνας
1370 3863 1480 3915 τῶν
1503 3858 1735 3916 αίώνων.
1767 3858 1968 3932 Ἀμήν.

727 4057 840 4114 ΕΙΣ
881 4063 978 4111 AZ’
1018 4062 1334 4115 ΨΔΛΜΟΝ.

615 4142 949 4200 Διδασκαλία
980 4146 1453 4223 ἐξομολογήτεως.

448 4233 696 4307 Ψαλμὸς
726 4239 806 4306 τῷ
832 4229 998 4290 Δαϐὶδ
1031 4235 1106 4298 εἰς
1138 4235 1442 4308 ἀνάμνησιν
1474 4239 1612 4312 (27).

269 4326 321 4378 1.
352 4323 422 4380 Οἱ
453 4329 558 4390 τῆς
593 4322 950 4377 Θεοπνεύστου
1000 4329 1216 4402 Γραφῆς
1248 4323 1404 4401 λόγοι
1438 4327 1728 4396 στήσονται
1778 4324 1867 4382 ἐπὶ

206 4413 300 4464 τοῦ
365 4411 624 4483 βήματος
682 4414 780 4464 τοῦ
835 4412 1094 4484 Χριστοῦ.
1128 4411 1370 4488 Ἐλίγξω
1429 4414 1553 4490 γὰρ,
1588 4415 1742 4492 φησὶ,
1783 4415 1873 4470 καὶ

203 4501 545 4574 παραστήσω
631 4501 767 4552 κατὰ
847 4500 1143 4573 πρόσωπόν
1233 4523 1329 4557 σου
1411 4506 1509 4566 τὰς
1594 4503 1863 4581 ἁμαρτίας

206 4607 302 4641 σου
499 4586 659 4644 Οὕτω
688 4587 778 4641 καὶ
810 4587 1144 4664 πρόσχωμεν
1178 4591 1459 4668 νηφόντως
1489 4598 1604 4655 τοῖς
1639 4590 1862 4669 λεγομε-

202 4697 319 4740 νοις
347 4678 492 4731 κατὰ
516 4677 619 4745 τὴν
651 4677 892 4754 Γραφὴν,
917 4678 1008 4733 καὶ
1035 4679 1111 4742 εἰς
1142 4675 1296 4757 ἔργον
1347 4681 1602 4759 προάγειν
1651 4681 1744 4744 τὰς
1788 4683 1864 4738 ἰν-

1977 3335 2264 3381 wternum.
2297 3329 2513 3382 Prester
2540 3326 2662 3381 hinc
2693 3324 2890 3381 omnia
2919 3325 2977 3380 id
3032 3326 3386 3381 concedetur
3436 3325 3629 3396 nobis,

1981 3420 2044 3470 ut
2067 3414 2295 3471 Domini
2318 3413 2378 3469 in
2405 3430 2608 3471 omnes
2635 3413 3031 3488 principatum
3061 3431 3453 3487 agnoscamus
3485 3430 3498 3470 :
3527 3414 3629 3486 qui

1977 3504 2078 3559 dat
2108 3503 2324 3576 populo
2355 3521 2462 3560 suo
2488 3505 2700 3572 robur;
2725 3508 2791 3560 ut
2820 3504 3047 3561 devicto
3079 3505 3360 3577 maligno,
3384 3503 3627 3560 benedi-

1977 3594 2234 3649 ctionem
2266 3593 2652 3666 accipiamus,
2677 3611 2803 3666 quae
2826 3594 3000 3650 datur
3029 3611 3064 3650 a
3097 3595 3342 3650 Domino
3368 3593 3426 3648 in
3458 3609 3622 3666 pace,

1976 3681 2070 3739 his
2099 3684 2199 3756 qui
2231 3683 2359 3755 ipso
2391 3682 2555 3756 digni
2582 3687 2744 3740 sunt.
2766 3683 2888 3756 Ipsi
2908 3683 3098 3757 gloria
3118 3684 3179 3740 in
3203 3681 3418 3741 saecula
3437 3699 3621 3739 saecu-

1976 3771 2190 3828 lorum.
2223 3773 2422 3829 Amen.

2412 4059 2488 4117 IN
2526 4059 2868 4116 PSALMUM
2897 4058 3176 4118 XXXVII.

2461 4151 2729 4207 Doctrina
2757 4151 3134 4221 confessionis.

2258 4242 2516 4298 Psatmus
2543 4242 2741 4298 Davidi
2789 4244 2847 4298 in
2889 4243 3333 4299 recordationem

2053 4332 2104 4386 1.
2136 4331 2327 4387 Verba
2356 4331 2668 4402 Scriptura:
2692 4331 2975 4388 divinitus
2997 4331 3293 4404 inspiratus
3312 4347 3414 4402 pro
3427 4329 3616 4387 tribu-

1983 4418 2106 4475 nali
2135 4419 2348 4476 Christi
2371 4420 2922 4490 sistentur.Arguam
2961 4422 3142 4490 enim,
3192 4421 3404 4493 inquit,
3435 4428 3487 4476 et
3515 4424 3626 4476 sta-

1977 4510 2128 4564 tuam
2157 4513 2349 4564 contra
2376 4510 2578 4580 faciem
2607 4519 2763 4566 tuam
2790 4514 3009 4582 peccata
3037 4520 3132 4566 tua
3179 4512 3244 4566 ⁹¹.
3292 4512 3498 4581 Itaque
3549 4509 3622 4565 iis

1975 4614 2104 4669 qua:
2135 4614 2168 4652 a
2196 4598 2497 4668 Scriptura
2544 4598 2844 4670 dicuntur,
2877 4598 3190 4670 diligenter
3219 4599 3618 4668 attendamus,

1973 4701 2366 4756 conemurque
2397 4702 2464 4743 ac
2483 4687 2831 4744 studeamus
2864 4687 3094 4744 Domini
3131 4691 3420 4760 praecepta
3447 4686 3622 4759 perli-

273 4822 318 4858 ⁸³
349 4825 376 4877 Ι
404 4825 534 4878 Cor.
571 4837 651 4893 ιν,
683 4822 738 4877 5.
768 4822 814 4858 ⁸⁸
841 4822 1050 4880 Matth.
1083 4841 1169 4896 III,
1207 4827 1291 4882 10.
1324 4827 1369 4862 ⁹⁰
1391 4827 1534 4884 ibid.
1571 4831 1623 4885 8.
1658 4829 1701 4866 οι
1737 4829 1876 4886 Ρεθλ.

1994 4847 2067 4888 ix.
2100 4831 2191 4888 21.

271 4965 386 5037 (24)
418 4964 578 5044 Editj
619 4980 752 5044 cum
785 4964 924 5044 Reg.
971 4971 1177 5044 quarto
1204 4964 1272 5044 Aév
1308 4967 1385 5044 ξνὶ
1417 4967 1713 5044 αἰνίγματι.
1747 4970 1861 5044 Alii

200 5033 316 5116 tces
347 5053 524 5116 mss._
553 5033 606 5089 ἐν
639 5035 717 5090 tv‘:
769 5033 1067 5112 πράγματι.
1123 5041 1284 5097 Infra
1313 5043 1451 5114 Reg.
1485 5033 1732 5116 quartus
1769 5041 1862 5096 ἀν-

347 5129 426 5163 ειν
456 5128 559 5179 τῳ.

203 5105 589 5256 Ἕίῶι
618 5179 1028 5252 Combeﬁsius,
1061 5188 1344 5256 κατοικιεῖ,
1379 5184 1478 5240 ubi
1503 5189 1561 5241 et
1600 5183 1660 5241 in
1688 5185 1863 5242 editis

201 5257 255 5306 et
282 5254 342 5328 in
362 5253 896 5328 nostrisquatuor
925 5255 1290 5328 mss.legitur
1324 5253 1618 5314 κατοικείν.
1653 5258 1862 5315 Melius

203 5325 442 5406 quidem
471 5325 908 5406 Combeﬁsius;
961 5330 1058 5383 sed
1101 5325 1151 5406 si
1200 5329 1448 5406 scriptor
1477 5330 1562 5384 ita
1589 5329 1748 5401 loqui
1768 5348 1863 5386 vo-

206 5397 330 5464 luit,
390 5400 520 5469 ejus
554 5399 734 5454 verba
788 5403 1018 5456 mutare
1062 5405 1163 5456 aut
1210 5397 1543 5469 emendare,
1591 5397 1860 5458 nostrum

208 5485 311 5523 οοο
346 5479 456 5525 est.

279 5542 385 5614 {'226)
415 5544 556 5615 Reg.
586 5540 800 5616 tertius
820 5535 1114 5616 διδομένην
1145 5541 1303 5616 ἡμῖν.
1336 5543 1724 5616 Haudprocul
1743 5548 1862 5616 tres

221 5612 522 5684 malacum
549 5613 810 5684 editione
839 5612 1015 5684 Basil.
1049 5619 1116 5671 ut
1142 5612 1203 5670 in
1230 5612 1604 5672 textu.Editio
1633 5614 1860 5684 Parias};

218 5677 332 5754 δόξα
355 5685 444 5741 καὶ
472 5685 539 5742 τὸ
568 5682 774 5760 κράτος
801 5685 894 5741 νῦν
924 5683 1015 5741 καὶ
1044 5685 1124 5742 ἀεὶ
1156 5684 1246 5743 καὶ
1279 5685 1376 5757 εἴς,
1409 5691 1520 5746 etc.

2045 4972 2156 5046 (27)
2197 4972 2650 5046 EditioJParis,
2703 4978 2838 5045 post
2906 4973 3354 5046 inscriptionem
3405 4972 3623 5046 psalmi

1974 5042 2208 5116 praefert
2233 5042 2552 5119 ill_a,K6pie,
2589 5043 2664 5116 μὴ
2706 5042 2791 5115 ῖτῷ
2822 5048 2980 5116 θυμῷ
3011 5042 3126 5099 σουο
3161 5046 3265 5102 sed
3296 5042 3426 5102 hinc
3446 5045 3624 5102 verba

1974 5133 2091 5172 non
2122 5117 2497 5190 reperiuntur
2527 5133 2717 5190 neque
2745 5119 2805 5173 in
2839 5119 3058 5174 nostris
3089 5122 3315 5190 septem
3343 5134 3488 5175 mss.
3520 5134 3623 5175 ne-

1975 5134 2091 5172 non
2122 5134 2497 5189 reperiuntur
2527 5134 2674 5244 neqlu

1975 5205 2089 5260 que
2119 5188 2179 5244 in
2211 5189 2470 5260 editione
2500 5191 2628 5245 Basi
2662 5231 2674 5243 .

2045 5260 2159 5336 (28)
2192 5259 2318 5325 Illa,
2371 5259 2466 5336 ςῑὰς
2513 5258 2778 5336 ᾀμαρτίας
2811 5281 2927 5328 σου,
2960 5261 3263 5336 desuntin
3317 5260 3446 5336 LXX
3477 5264 3533 5336 et
3563 5259 3623 5315 in

1970 5328 2245 5405 vulgata.
2279 5333 2388 5387 Sed
2419 5350 2486 5389 ea
2519 5328 2577 5387 in
2610 5328 2833 5405 aliquot
2865 5335 3302 5405 exemplaribus
3333 5333 3544 5389 Graecis
3569 5338 3627 5387 et

1976 5405 2131 5473 apud
2179 5403 2608 5460 Theodoretum
2636 5403 2882 5461 inveniri
2922 5403 3121 5461 monet
3166 5405 3452 5462 Nobilius.
3507 5409 3624 5473 Nec

1975 5472 2059 5530 ita
2103 5476 2288 5549 multo
2342 5482 2473 5548 post
2526 5477 2666 5549 Reg.
2726 5477 2936 5533 tertius
2992 5474 3215 5538 ἐντολὰς
3261 5480 3358 5530 τοῦ
3415 5472 3621 5544 Κυρίου

1977 5542 2392 5621 σπρυδάσωμεν.
2440 5542 2678 5606 Rectius
2719 5549 2958 5621 quidem
2993 5567 3007 5606 :
3041 5550 3138 5607 sed
3171 5542 3540 5620 refragantur
3564 5550 3620 5599 et

1970 5617 2112 5674 editi
2143 5623 2200 5676 et
2226 5617 2325 5676 alii
2356 5637 2502 5678 mss.
