4108 6214
437 317 517 379 83
1380 328 1779 393 APPENDIX
1825 335 2150 400 OPERUM
2193 340 2258 402 S.
2303 342 2589 407 BASILII
2636 347 2909 410 MAGNI.
3772 354 3849 413 84

442 477 593 539 cere,
626 465 766 541 quia
787 482 905 541 qua
925 469 1068 527 hora
1088 473 1191 529 aut
1212 473 1305 531 die
1327 475 1611 534 Dominus
1651 482 1850 536 noster
1867 486 2078 539 ventu-

2214 469 2359 537 τολὰς
2389 477 2485 530 τοῦ
2507 476 2710 552 Κυρίου
2740 474 3038 534 σπουδάσαι
3068 476 3543 555 ἐπειχθῶμιν,είτι
3576 478 3677 535 οόκ
3706 477 3854 537 οἷ’δα-

445 571 543 611 rus
563 555 659 628 sit,
686 556 1029 630 ignoramus
1053 562 1120 616 9’.
1157 565 1333 620 Vsus.
1358 565 1412 619 2.
1439 569 1704 636 Domine,
1727 586 1798 626 ne
1819 573 1881 626 in
1903 575 2092 643 furore

445 651 562 702 tuos
581 663 786 718 arguas
815 665 920 720 me,
952 667 1129 724 neque
1171 654 1232 708 in
1262 655 1349 710 ira
1391 658 1489 711 tua
1519 659 1804 725 corripias
1851 679 1955 719 me.
1989 665 2092 721 His

443 736 640 793 verbis
679 754 745 795 ac
786 739 1028 812 syllabis
1052 741 1227 799 etiam
1250 749 1450 802 sextus
1477 747 1743 818 psalmus
1765 752 2006 823 perinde
2028 772 2093 812 ao

444 823 546 916 illo
564 826 878 885 inchoatur
909 832 1090 903 ;quin
1125 836 1183 888 et
1225 833 1454 907 reliqua
1470 838 1948 912 sextipsalmi,iis
1965 861 2092 916 quae

445 914 507 972 in
557 916 668 974 hoc
689 920 962 990 praesenti
992 921 1221 993 psalmo
1248 924 1646 998 continentur,
1679 929 1882 988 affinia
1904 914 2044 990 sunt
2077 950 2090 989 :

447 1004 740 1078 siquidem
771 1008 831 1064 in
863 1014 1026 1067 sexta
1053 1012 1286 1070 dicebat
1315 1031 1425 1072 sua
1454 1015 1644 1088 ipsius
1674 1035 1811 1077 ossa
1840 1036 1969 1079 esse
1990 1023 2096 1080 hu-

449 1094 696 1162 miliata,
728 1101 906 1170 atque
945 1099 1005 1156 in
1039 1117 1145 1158 suo
1200 1103 1424 1176 gemitu
1455 1106 1717 1164 animam
1748 1107 2048 1168 laborasse
2077 1130 2095 1181 ;

449 1185 767 1255 adjiciebat
795 1187 1061 1262 insuper,
1093 1191 1295 1250 dicens
1319 1210 1333 1251 :
1357 1195 1571 1252 Lavabo
1587 1214 1691 1268 per
1711 1200 1964 1270 singulas
1991 1217 2094 1258 no-

448 1276 557 1330 ctes
588 1275 784 1332 lectum
811 1295 1012 1348 meum,
1046 1282 1309 1355 lacrymis
1361 1286 1498 1342 meis
1523 1291 1760 1344 stratum
1803 1306 1982 1347 meam
2009 1293 2097 1348 ri-

447 1363 674 1436 gabo,et
711 1383 840 1439 quas
875 1369 964 1427 his
1003 1373 1320 1443 conjuncta
1349 1379 1505 1430 sunt.
1542 1377 1679 1442 Quae
1720 1383 1917 1435 autem
1949 1385 2006 1437 et
2036 1380 2094 1436 in

452 1455 728 1526 praesenti
759 1457 990 1528 psalmo
1020 1460 1334 1532 habentur,
1367 1463 1485 1520 illis
1533 1466 1866 1524 consimilia
1916 1475 2095 1536 sunt;

455 1544 674 1616 quippe
704 1545 850 1602 dixit
881 1564 895 1604 :
927 1548 1050 1606 Non
1079 1561 1156 1608 est
1194 1554 1412 1610 sanitas
1435 1555 1495 1610 in
1543 1571 1710 1612 carne
1737 1573 1878 1629 mea,
1910 1562 1960 1614 et
1987 1576 2098 1616 non

451 1635 532 1688 est
556 1648 672 1704 pax
699 1634 910 1692 ossibus
947 1641 1086 1695 meis
1115 1657 1156 1697 α
1201 1642 1352 1714 facie
1404 1647 1753 1714 peccatorum
1800 1661 2049 1702 meorum
2079 1665 2098 1701 :

450 1721 712 1794 quoniam
766 1724 1093 1800 iniquitates
1148 1747 1251 1786 mae
1333 1748 1694 1803 supergressa
1753 1739 1881 1790 sunt
1935 1744 2100 1807 caput

2205 581 2323 632 μεν,
2382 562 2516 634 ποίᾳ
2574 565 2690 640 ὥρᾳ
2740 566 2775 635 ἢ
2833 567 3014 643 ἡμέρᾳ
3072 569 3100 622 ὁ
3167 567 3362 644 Κύριος
3413 571 3574 641 ἡμῶν
3605 567 3848 646 ἔρχεται·

2202 649 2382 725 Κύριε,
2429 654 2504 725 μή
2549 658 2627 725 τῷ
2676 661 2832 729 θυμῷ
2889 677 2982 711 σου
3036 654 3258 734 ἐλέγξῃς
3308 679 3394 731 με,
3431 655 3574 731 μηδὶ
3604 662 3672 733 τῇ
3711 660 3846 736 ὀργῇ

2203 759 2297 795 σου
2351 739 2641 818 παιδεύσῃς
2699 765 2786 817 με.
2846 745 3076 808 Τούτοις
3127 752 3243 809 τοῖς
3296 746 3504 823 ῥήμασι
3587 749 3675 803 καὶ
3733 753 3851 811 ταῖς

2204 826 2506 896 συλλαϐαῖς
2535 833 2623 888 καὶ
2674 835 2701 888 ὁ
2730 831 2885 897 ἕκτος
2944 833 3165 909 ψαλμὸς
3217 835 3397 910 τούτῳ
3447 835 3849 914 παραπλησίως

2204 916 2450 995 ἄρχεται,
2483 923 2666 977 καὶτὰ
2695 922 2864 978 λοιπὰ
2894 921 2952 979 δὲ
2979 929 3076 979 τοῦ
3123 921 3281 980 ἕκτου
3324 931 3441 989 τοῖς
3493 926 3545 982 έν
3591 932 3673 999 τῷ
3716 947 3850 1002 προ-

2203 1009 2438 1084 κειμένῳ
2498 1012 2817 1089 φερομένοις
2877 1021 3100 1090 συγγενῆ
3172 1013 3476 1091 τυγχοὶνει⁸
3525 1021 3848 1072 τεταπεινῶ-

2204 1101 2324 1154 σθαι
2379 1101 2481 1176 γὰρ
2538 1100 2702 1156 αὐτοῦ
2758 1102 2824 1158 τὰ
2870 1103 3001 1158 ὀστᾶ
3056 1103 3146 1158 καὶ
3181 1105 3280 1174 τὴν
3313 1106 3498 1180 ψυχὴν
3531 1106 3848 1161 κικοπιακέ-

2202 1210 2289 1244 ναι
2324 1188 2375 1244 έν
2405 1194 2484 1262 τῷ
2511 1196 2798 1267 στεναγμῷ
2842 1191 3027 1265 αὐτοῦ,
3059 1187 3284 1270 ἔφασκεν
3333 1192 3384 1249 έν
3442 1199 3522 1267 τῷ
3567 1191 3731 1267 ἕκτῳ,
3762 1195 3851 1250 καὶ

2205 1280 2483 1354 προστίθει
2538 1283 2652 1354 (29)
2715 1279 2930 1357 λέγων·
2975 1281 3168 1338 Λούσω
3224 1284 3341 1338 καθ’
3403 1283 3628 1354 ἑκάστην
3687 1285 3853 1339 νύκτα

2203 1371 2302 1438 τὴν
2356 1367 2550 1441 κλίνην
2634 1392 2758 1443 μου,
2819 1371 2869 1425 ἂν
2923 1369 3148 1449 δάκρυσί
3210 1394 3314 1445 μου
3382 1373 3482 1442 τὴν
3560 1375 3848 1448 στρωμνήν

2209 1481 2313 1532 μου
2371 1459 2563 1535 βρὲξω,
2595 1459 2684 1515 καὶ
2728 1462 2794 1515 τὰ
2840 1461 3054 1524 τούτοις
3114 1461 3448 1536 συνημμένα.
3490 1460 3852 1537 Παραπλήσια

2208 1546 2253 1603 δ’
2296 1548 2354 1603 ἂν
2406 1546 2488 1620 εἷή
2526 1549 2750 1612 ἐκείνοις
2806 1549 2894 1606 καὶ
2942 1551 3009 1606 τὰ
3055 1550 3108 1605 έν
3156 1556 3236 1624 τῷ
3279 1549 3645 1626 προκειμένῳ,
3680 1548 3749 1606 δι’
3780 1552 3852 1606 ὧν

2208 1637 2418 1712 εἷ’ρηται
2455 1657 2467 1670 ⁸
2528 1637 2642 1696 Οὐκ
2697 1633 2836 1695 ἔστιν
2896 1638 3034 1698 ἴασις
3088 1639 3139 1694 ἐν
3195 1644 3262 1714 τῇ
3321 1639 3477 1714 σαρκί
3555 1661 3660 1714 μου
3716 1643 3849 1712 (30),

2205 1727 2295 1782 καὶ
2353 1727 2452 1783 οὐκ
2509 1725 2649 1783 ἔστιν
2727 1729 2917 1803 εἰρήνη
2995 1728 3046 1783 έν
3118 1734 3237 1791 τοῖς
3316 1729 3524 1792 ὀστέοις
3584 1750 3689 1802 μου
3747 1727 3851 1784 ἀπὸ

448 1820 717 1912 meumst
733 1833 858 1889 quin
881 1817 976 1875 his
997 1819 1438 1893 subjunguntur
1458 1839 1559 1894 per
1571 1827 1761 1879 totum
1779 1824 2096 1896 psalmum,

2214 1817 2508 1894 προσώπου
2558 1822 2665 1873 τῶν
2725 1819 3004 1893 ἁμαρτιῶν
3068 1836 3206 1890 μου’
3239 1816 3322 1874 ὅτι
3380 1819 3435 1872 αἱ
3493 1817 3713 1890 ἀνομίαι
3749 1839 3852 1890 μου

450 1902 511 1960 in
542 1905 761 1978 quibus
793 1925 962 1964 suam
1012 1909 1186 1965 deﬂet
1239 1909 1561 1967 miseriam.
1594 1911 1712 1968 Hac
1752 1913 1911 1968 enim
1944 1913 2101 1969 locu-

452 1994 614 2052 tione
641 1996 766 2069 ipse
789 1998 965 2054 etiam
989 2015 1135 2056 usus
1165 2003 1255 2056 est
1283 2000 1485 2056 dicens
1519 2017 1532 2056 :
1563 2001 1726 2057 Miser
1749 2003 1933 2072 fartus
1951 2019 2098 2068 sum,

449 2090 503 2139 et
529 2089 787 2142 curvatus
813 2103 934 2143 sam
988 2104 1160 2159 usque
1187 2090 1250 2144 in
1298 2090 1465 2161 ﬁnem
1496 2089 1675 2157 valde,
1706 2097 1824 2146 tota
1851 2093 1943 2148 die
1970 2108 2100 2149 con-

448 2174 698 2230 tristatus
753 2175 1119 2248 ingrediebar.
1153 2179 1436 2234 Caeterum
1490 2177 1740 2236 in-sexto
1789 2179 2100 2253 inscriptio

453 2261 652 2320 habet.
681 2266 746 2320 In
781 2265 970 2334 ﬁnem,
995 2267 1056 2321 in
1081 2267 1303 2339 hymnis
1329 2283 1429 2339 pro
1477 2277 1674 2325 octava
1714 2269 1959 2340 psalmus
1987 2271 2099 2325 Da-

451 2351 599 2418 vidi:
629 2352 690 2409 in
721 2355 990 2428 praesenti
1020 2371 1153 2412 vero
1177 2355 1326 2412 nihil
1377 2357 1607 2426 horum,
1659 2359 1760 2414 sed
1800 2359 1995 2415 solum
2019 2360 2103 2415 di-

458 2446 616 2497 ctum
665 2447 756 2500 est
807 2461 821 2501 :
868 2445 1123 2501 Psalmus
1178 2446 1379 2503 Davidi
1433 2449 1495 2502 in
1541 2448 2001 2504 recordationem.
2036 2448 2100 2503 Id

456 2546 629 2602 porro
664 2531 1073 2590 addimentati.
1096 2537 1158 2591 In
1188 2535 1640 2606 recordationem,
1673 2538 1744 2593 ad
1777 2537 1923 2592 sexti
1944 2537 2101 2609 psal-

451 2619 533 2673 mi
565 2618 1012 2694 inscriptionem
1063 2623 1358 2682 remittere
1414 2641 1522 2681 nos
1550 2626 1781 2681 videtur
1812 2643 1828 2682 :
1862 2626 2005 2681 adeo
2038 2630 2104 2681 ut

447 2723 574 2778 quas
595 2710 722 2780 jam
745 2709 806 2766 in
837 2712 1111 2768 manibus
1142 2718 1303 2781 sunt,
1327 2717 1394 2769 In
1421 2715 1611 2785 ﬁnem,
1658 2715 1720 2770 in
1755 2715 1976 2786 hymnis
1999 2731 2102 2787 pro

447 2808 636 2856 octava
659 2801 814 2858 dicta
841 2803 963 2860 sint
993 2805 1319 2876 praesentia.
1347 2805 1499 2861 Illud
1538 2805 1718 2862 enim.
1760 2808 1824 2862 In
1845 2805 2100 2862 recorda-

451 2890 682 2960 tionem,
717 2891 918 2948 isthaao
941 2895 1139 2950 omnia
1159 2895 1398 2951 indicat.
1419 2898 1636 2951 Verum
1660 2895 1799 2968 quia
1824 2912 1957 2952 cum
1979 2913 2104 2954 sex-

454 2981 586 3035 tum
629 2979 928 3052 psalmum
980 2983 1455 3057 explanaremus,
1497 3001 1624 3056 quae
1658 2985 2100 3057 inscriptionem

459 3070 807 3139 Spectabunt
843 3073 1286 3144 explicavimus,
1313 3091 1421 3130 nos
1441 3073 1618 3130 etiam
1645 3074 1704 3129 in
1728 3075 2000 3146 praesenti
2030 3075 2102 3129 ad

455 3155 696 3213 illorum
718 3161 1182 3218 recordationem
1214 3168 1597 3219 revertamur.
1629 3163 1872 3219 Videtur
1902 3170 2098 3219 autem

453 3244 601 3301 mihi
621 3246 965 3318 David,cum
989 3250 1049 3305 in
1067 3251 1316 3307 diversis
1338 3253 1490 3308 863
1513 3250 1830 3322 multisque
1851 3251 2099 3323 psalmis

455 3333 562 3389 abs
605 3351 668 3390 se
698 3341 1101 3409 perpetratum
1134 3341 1361 3396 facinus
1393 3343 1699 3396 confessus
1730 3345 1907 3409 esset,
1943 3340 2101 3396 hunc

456 3421 756 3496 psalmum
771 3427 1006 3498 proprie
1020 3428 1079 3484 in
1094 3429 1554 3485 recordationem
1571 3429 1931 3502 seposuisse:
1948 3429 2030 3486 ita
2043 3435 2105 3485 ut

456 3530 594 3570 eum
615 3532 848 3589 semper
875 3517 936 3573 in
967 3536 1066 3575 ore
1086 3519 1281 3588 ferret,
1311 3537 1377 3576 eo
1410 3537 1555 3576 usus
1588 3519 1714 3576 loco
1741 3520 2106 3577 delinimenti

459 3603 534 3658 ad
553 3604 838 3662 medelam
858 3608 1070 3664 animas
1093 3626 1233 3664 suae.
1256 3609 1757 3682 Supplicationem
1782 3610 1974 3682 itaque
1990 3611 2107 3666 Deo

458 3692 699 3762 emittit,
731 3712 849 3768 qua
895 3697 1041 3753 iram
1066 3699 1442 3769 peccantibus
1477 3699 2110 3772 omnibusimpenden-

459 3785 576 3838 tem
609 3785 838 3852 avertit,
863 3790 920 3841 et
950 3787 1188 3842 vocibus
1212 3789 1440 3844 eximia:
1462 3789 1850 3844 confessionis
1884 3789 2107 3844 bonum

457 3870 777 3929 Dominum
801 3875 1122 3947 propitium
1155 3876 1268 3932 sibi
1305 3877 1462 3932 facit.
1496 3877 1641 3933 Cum
1687 3893 1821 3934 vero
1851 3878 1932 3934 ait
1963 3895 1976 3934 :
2004 3880 2108 3933 Do-

456 3962 702 4033 mine,ne
731 3964 794 4018 in
815 3966 1011 4034 furore
1032 3973 1128 4020 tuo
1159 3982 1360 4037 arguas
1392 3983 1478 4022 me
1507 3983 1520 4021 :
1554 3983 1670 4022 non
1703 3966 2112 4038 reprehensio-

456 4064 590 4105 nem
621 4051 1036 4118 detrectat,sed
1056 4070 1208 4122 eam,
1241 4071 1371 4126 quae
1404 4071 1540 4111 cum
1572 4055 1767 4112 furore
1797 4055 2113 4126 conjuncta

455 4139 554 4194 sit.
585 4143 653 4194 Et
681 4141 825 4195 dum
855 4141 999 4196 dicit
1029 4157 1043 4198 :
1080 4145 1268 4215 Neque
1312 4146 1374 4199 in
1432 4147 1521 4200 ira
1576 4149 1676 4200 tua
1705 4145 1974 4216 corripias
2002 4159 2109 4210 me,

455 4229 886 4299 correptionem
916 4247 1290 4304 nequaquam
1325 4233 1495 4304 fugit,
1527 4234 1628 4290 sed
1672 4238 1840 4306 rogat
1869 4238 1936 4288 ut
1963 4234 2113 4289 citra

455 4315 609 4372 iram
631 4319 1011 4390 corripiatur:
1029 4337 1097 4376 ac
1121 4321 1172 4377 si
1191 4321 1326 4394 quis
1350 4322 1575 4378 medico
1592 4337 1697 4394 per
1716 4321 2110 4392 adustionem,

459 4421 564 4477 per
583 4404 827 4476 ferrum,
860 4424 965 4480 per
984 4409 1196 4467 acerba
1217 4411 1476 4468 remedia
1497 4409 1758 4468 levamen
1786 4411 1858 4468 ad
1907 4427 2112 4483 quem-

531 4522 577 4559 "
606 4523 812 4581 Matth.
843 4540 1002 4595 ων,
1031 4525 1122 4581 42.

677 4638 984 4725 εροστίθει.
1012 4640 1538 4725 Ἐοιδιεχπροσετίβει.
1568 4643 1727 4725 Εῡξτ.

555 4710 646 4785 30)
697 4710 861 4771 Colb.
905 4717 1104 4770 sextus
1134 4710 1320 4781 addit,
1355 4713 1458 4768 ἀπὸ
1487 4713 1784 4790 προσώπου
1812 4714 1910 4782 τῆς
1941 4710 2111 4789 ὀργῆς

460 4803 578 4838 σου.

534 4853 642 4925 (31)
671 4854 766 4910 Sic
796 4854 975 4930 editio
1004 4855 1279 4930 P_aris._et
1332 4857 1472 4930 Reg.
1507 4862 1707 4914 sextus
1732 4860 1796 4930 et
1823 4855 1981 4912 Colb.
2016 4856 2110 4912 iti-

460 4926 594 4981 dem
628 4924 1086 5003 sextus.__lllud,
1119 4924 1347 5003 σφόδρα,
1380 4924 1546 4986 άέεεῐ
1602 4930 1662 4985 in
1695 4928 1825 4985 aliis
1864 4934 2112 5000 quatuor

459 5013 605 5052 mss.
639 5001 698 5052 et
726 4999 783 5054 in
814 4997 1078 5054 editione
1101 4997 1280 5056 Basil.

530 5068 644 5141 (32)
674 5069 760 5126 Ita
789 5070 1051 5142 quinque
1091 5087 1234 5128 mss.
1270 5076 1345 5129 At
1373 5072 1516 5129 editi
1546 5071 1621 5134 εἰς
1651 5069 1951 5144 ἀνάμνησιν
1984 5069 2114 5127 dva-

461 5138 688 5196 πέμπει.

531 5160 762 5285 legitis;
792 5211 1054 5285 quinque
1086 5231 1230 5285 mss.
1260 5232 1394 5272 cum
1427 5216 1682 5273 editione
1713 5214 1889 5272 Basil.
1925 5214 2113 5269 Editio

457 5299 594 5340 vero
627 5283 974 5340 Parisierat
1006 5283 1116 5339 καί.
1149 5291 1276 5344 Mox
1308 5293 1435 5344 octo
1469 5307 1589 5344 mss
1666 5305 1800 5344 cum
1861 5286 2114 5342 editione

461 5354 640 5411 Basil.
663 5357 1070 5431 napacta'ttnov
1093 5356 1175 5431 τό,
1212 5358 1287 5420 εἷς
1315 5357 1492 5420 τέλος.
1542 5361 1731 5416 Editio
1760 5375 1893 5414 vero
1927 5359 2110 5428 Paris,

461 5427 970 5504 παραστατικὸν-τὸ,
1029 5428 1104 5490 εἰς
1135 5429 1452 5504 ἀνάμνησιν.
1506 5433 1635 5489 Mox
1691 5433 1831 5504 Reg.
1867 5427 2112 5502 quintus

459 5501 819 5578 παραγραφὴν
845 5500 1159 5574 εἰρήκαμεν.
1243 5500 1250 5504 ⁷
1335 5500 1341 5501 ί
1779 5500 1805 5504 ⁷
1884 5500 1900 5502 ”

537 5575 648 5646 (34)
681 5575 859 5646 Editi,
915 5571 1249 5644 ἀνέλθωμεν.
1285 5574 1424 5631 Octo
1476 5592 1610 5631 vero
1661 5591 1827 5639 mss.,
1860 5570 1934 5632 εἷς
1985 5571 2109 5624 ἀνά-

467 5643 662 5727 μνησιν
692 5643 956 5727 δοκεῖ’-ξπ
987 5643 1205 5727 quibus
1261 5647 1482 5719 aliquid
1541 5649 1745 5727 deesse
1789 5661 1961 5727 nemo
1991 5661 2108 5727 non

462 5717 642 5776 videt.
666 5719 834 5791 Apud
866 5717 1182 5775 Eusebium
1218 5717 1376 5788 vero;
1404 5737 1435 5777 e
1464 5721 1637 5793 cujus
1667 5717 2108 5776 commentariis

2211 1909 2480 1984 ὑπερῆράν
2555 1908 2653 1976 τὴν
2724 1906 2965 1982 κεφαλήν
3046 1929 3190 1981 μου,
3240 1907 3331 1962 καὶ
3387 1908 3454 1962 τὰ
3500 1907 3721 1970 τούτοις
3782 1905 3850 1962 δι’

2209 1995 2342 2052 ὅλου
2372 2001 2468 2051 τοῦ
2492 1996 2715 2071 ψαλμοῦ
2747 1997 3072 2072 έπαγύμενα.
3108 1997 3159 2052 έν
3207 1999 3288 2059 οἷς
3340 1994 3696 2052 ἆποκλαίεται
3753 1997 3850 2065 τὴν

2208 2085 2398 2140 ἑαυτοῦ
2454 2085 2852 2161 ταλαιπωρίαν.
2881 2084 3058 2160 Ταύτῃ
3115 2086 3216 2162 γὰρ
3259 2085 3347 2140 καὶ
3399 2085 3559 2147 αὐτὸς
3586 2088 3656 2159 τῇ
3709 2082 3850 2155 λέξει

2207 2177 2497 2251 κέχρηται,
2549 2174 2753 2230 εἷ’πώνο
2811 2173 3270 2250 Ἔίιαλαιπώρησα
3324 2174 3413 2229 καὶ
3463 2175 3845 2250 κατεκάμφθην

2207 2261 2313 2328 ἕως
2365 2262 2559 2327 τέλους
2633 2261 2840 2341 σφόδρα
2893 2265 3006 2337 (31)
3039 2282 3051 2295 ⁸
3113 2261 3248 2334 ὅλην
3317 2264 3414 2333 τὴν
3473 2263 3682 2336 ἡμέραν
3727 2283 3852 2317 σκυ⁶

2211 2354 2510 2429 θρωπάζων
2567 2351 2939 2428 ὲπορεψόμην.
2975 2349 3129 2409 Ἀλλ’
3187 2351 3240 2406 έν
3297 2355 3376 2424 τῷ
3426 2348 3567 2424 ἕκτῳ
3622 2353 3657 2421 ἡ
3715 2370 3854 2426 προ-

2207 2445 2388 2520 γραφή
2449 2443 2590 2517 εἶχεν
2628 2461 2640 2474 ⁸
2698 2441 2794 2504 Εἰς
2851 2442 2912 2495 τὸ
2969 2438 3129 2502 τέλος
3187 2440 3238 2494 ἐν
3298 2439 3489 2512 ὕμνοις
3567 2440 3698 2514 ὑπὶρ
3753 2443 3853 2504 τῆς

2211 2529 2408 2608 ὀγδόης
2439 2529 2660 2605 ψαλμὸς
2689 2534 2768 2602 τῷ
2790 2524 3044 2584 Δαϐίδοέν
3070 2526 3127 2584 6t
3153 2533 3232 2601 τῷ
3261 2529 3486 2605 παρόντι
3516 2527 3722 2583 τούτων
3761 2527 3852 2601 μὶν

2212 2618 2384 2690 οὐδὲν,
2417 2615 2579 2693 μόνον
2615 2616 2690 2674 δέ·
2722 2620 2780 2676 Ὁ
2811 2615 3031 2692 ψαλμὸς
3086 2622 3166 2689 τῷ
3221 2613 3386 2672 Δαϐὶδ
3444 2616 3519 2679 εἷς
3557 2616 3852 2690 ἀνάμνησιν

2211 2708 2484 2764 λέλεκται.
2514 2710 2583 2765 ’Ἠ
2641 2729 2702 2784 γε
2734 2708 2841 2780 μὴν
2870 2707 3179 2782 προσθήκη,
3210 2705 3285 2768 εἰς
3325 2706 3650 2779 ἀνάμνησιν,
3682 2705 3850 2761 ἔοικεν

2210 2797 2542 2871 ἀναπέμπειν
2564 2799 2676 2870 (32)
2699 2798 2846 2868 ἡμᾶς
2876 2802 2976 2864 τῆς
3005 2794 3055 2849 έν
3083 2798 3160 2866 τῷ
3189 2791 3330 2867 ἕκτῳ
3360 2801 3698 2872 προγραφῆς
3716 2792 3853 2849 ὥστε

2212 2889 2343 2944 εἶναι
2371 2890 2482 2961 (33)
2513 2887 2578 2941 τὰ
2601 2885 2860 2960 παρόντα·
2895 2884 3006 2946 Ἐἷς
3036 2881 3218 2953 τέλος,
3249 2883 3339 2939 καὶ
3381 2883 3431 2938 έν
3483 2881 3672 2956 ὕμνοις
3719 2882 3850 2958 ὑπὲρ

2209 2986 2310 3048 τῆς
2346 2974 2568 3052 ὀγδόης.
2605 2974 2822 3030 Πάντων
2853 2975 2954 3050 γὰρ
2988 2972 3046 3028 ἂν
3083 2971 3165 3043 εἷή
3197 2971 3402 3027 τούτων
3453 2973 3848 3046 παραστατικὸν

2208 3066 2295 3135 τὸ,
2335 3065 2430 3130 Εἷς
2482 3065 2803 3138 ἀνάμνησιν.
2848 3060 3010 3118 Ἀλλ’
3047 3061 3162 3117 ἐπεὶ
3221 3059 3497 3132 διεξιόντες
3549 3061 3615 3115 τὰ
3674 3059 3726 3115 έν
3773 3064 3852 3132 τῷ

2209 3154 2349 3229 ἕκτῳ
2387 3153 2744 3224 ὑποπεσόντα,
2780 3151 2857 3214 εἰς
2895 3153 2993 3221 τήν
3053 3151 3375 3229 προγραφὴν
3433 3149 3746 3223 εἰρήκαμεν,
3778 3148 3855 3211 εἷς

2209 3248 2309 3316 τὴν
2341 3243 2556 3299 ἐκείνων
2609 3243 2906 3316 ἀνάμνησιν
2955 3241 3042 3296 καὶ
3095 3242 3257 3313 ἡμεῖς
3307 3238 3395 3294 ἐπὶ
3441 3243 3538 3293 τοῦ
3588 3238 3859 3313 παρόντος

2210 3333 2532 3407 ἀπέλθωμεν
2561 3335 2697 3406 (34).
2731 3335 2890 3387 Δοκεῖ
2919 3328 2977 3386 δέ
3010 3350 3103 3403 μοι
3135 3331 3249 3402 (35)
3277 3329 3305 3383 ὁ
3353 3323 3521 3382 Δαϐἶδ
3571 3326 3622 3382 έν
3668 3323 3855 3405 διαφό-

2217 3445 2333 3498 ροις
2365 3423 2451 3477 καὶ
2481 3419 2717 3483 πολλοῖς
2746 3420 2868 3494 περὶ
2898 3423 2994 3474 τοῦ
3026 3418 3364 3494 πραχθέντος
3423 3415 3569 3488 αύτῷ
3599 3413 3862 3488 πλημμε-

2215 3513 2464 3586 λήματος
2507 3510 3078 3585 ἐξομολογησάμενος,
3115 3505 3266 3570 ἰδίως
3289 3506 3380 3561 τὸν
3421 3504 3660 3581 παρόντα
3712 3507 3859 3578 ψαλ-

2221 3603 2318 3676 μὸν
2353 3601 2682 3679 ἆφωρικέναι
2715 3599 2789 3662 εἷς
2823 3597 3146 3672 ἀνάμνησιν,
3173 3596 3248 3658 ὡς
3287 3594 3370 3650 ἀεὶ
3420 3594 3508 3650 καὶ
3569 3591 3860 3655 διαπαντὸς

2216 3693 2395 3770 φέρειν
2451 3691 2613 3745 αὐτὸν
2659 3688 2757 3742 ἀνὰ
2811 3682 3022 3760 στόμα·
3073 3685 3372 3762 κεχρῆσθαι
3429 3680 3486 3738 δὶ
3541 3682 3690 3754 αύτῷ
3747 3680 3860 3770 ἀντ’

2217 3769 2457 3854 έπῳδῆς,
2490 3778 2576 3834 ἐπὶ
2639 3776 2893 3854 θεραπείᾳ
2939 3782 3038 3846 τῆς
3085 3775 3275 3830 ἑαυτοῦ
3321 3775 3529 3848 ψυχῆς.
3561 3769 3859 3845 Ἰκετηρίαν

2216 3875 2343 3946 γοῦν
2377 3869 2680 3940 ἀναπέμπει
2709 3871 2788 3938 τῷ
2839 3870 2975 3938 Θεῷ,
3011 3862 3080 3919 δι’
3109 3867 3174 3932 ἧς
3225 3862 3548 3939 ἀποστρέφει
3609 3859 3703 3932 μὲν
3760 3861 3861 3928 τήν

2220 3959 2390 4034 ὀργὴν
2445 3958 2544 4026 τήν
2602 3962 2731 4011 πᾶσι
2793 3961 2909 4019 τοῖς
2965 3952 3359 4029 ἁμαρτάνουσιν
3423 3949 3807 4034 έπηρτημένην
3847 3990 3862 4016 ,

2219 4032 2496 4104 ἱλάσκεται
2550 4043 2607 4100 δὲ
2651 4046 2742 4099 τὸν
2795 4043 2992 4120 ἀγαθὸν
3034 4044 3233 4118 Κύριον
3263 4045 3380 4103 ταῖς
3441 4040 3557 4112 μεθ’
3591 4032 3867 4114 ὑπερϐαλ-

2221 4136 2426 4208 λούσης
2455 4132 2904 4211 έξομολογήσεως
2947 4136 3173 4210 φωναῖς.
3203 4129 3390 4206 ,Λέγων
3425 4125 3482 4182 δὲ
3515 4128 3642 4200 (36),
3671 4124 3861 4202 Κύριε,

2224 4229 2300 4302 μὴ
2330 4225 2410 4298 τῷ
2442 4229 2600 4298 θυμῷ
2625 4244 2720 4278 σου
2763 4220 2981 4299 ἐλέγξῃς
3033 4241 3120 4294 με,
3155 4218 3216 4274 οὗ
3259 4219 3351 4274 τὸν
3396 4213 3624 4294 ἔλεγχον
3676 4234 3871 4290 παραι-

2219 4321 2413 4384 τεῖται,
2447 4313 2592 4370 ἀλλὰ
2617 4313 2708 4368 τὸν
2749 4312 2882 4386 μετᾶ
2919 4312 3116 4384 θυμοῖ)⁹
3148 4309 3239 4365 καὶ
3284 4308 3369 4376 τὸ,
3400 4303 3558 4377 Μηδὲ
3599 4308 3670 4380 τῇ
3729 4304 3870 4379 ὀργῇ

2223 4426 2318 4460 σου
2383 4399 2675 4477 παιδεύσῃς
2737 4421 2824 4476 με,
2856 4399 2918 4456 οὗ
2977 4398 3164 4476 φεύγει
3217 4397 3282 4454 τὸ
3332 4392 3704 4467 παιδευθῆναι,
3737 4389 3874 4468 δίχα

2141 4645 2188 4709 D
2219 4640 2342 4696 haec
2373 4641 2610 4709 sumpta
2631 4639 2790 4709 sunt,
2817 4634 3040 4706 integre
3074 4637 3131 4709 et
3177 4635 3518 4709 incorrupte
3541 4630 3624 4709 ita
3654 4628 3877 4709 legitur

2221 4710 2298 4775 είς
2324 4711 2424 4779 τὴν
2448 4700 2666 4764 ἐκὶίνων
2697 4700 2994 4780 ἀνάμνησίν
3028 4705 3118 4760 καὶ
3164 4706 3326 4779 ἡμεῖς
3357 4700 3742 4780 ἀναπέμψομεν
3769 4700 3869 4754 τὸν

2221 4776 2640 4858 ἐντυγχάνοντα,
2689 4776 2812 4837 Nos'
2844 4795 3053 4852 quoque
3099 4781 3162 4835 in
3205 4776 3640 4835 recordationem
3679 4789 3876 4831 eorum

2221 4855 2470 4933 ιεειρὶέξιῖι
2503 4855 2855 4933 rem“me-
3148 4927 3157 4933 .
3265 4921 3300 4933 η
3373 4919 3385 4933 .

2291 4930 2403 5001 (35)
2435 4929 2520 4982 Ita
2550 4943 2694 4984 mss.
2719 4921 3001 5001 _At_e_d_itio
3033 4927 3234 4978 nostra
3265 4921 3443 4978 Paris.
3466 4934 3536 5001 ex
3557 4931 3875 5001 operarum

2225 4985 2633 5070 intelligentia,
2657 4997 2754 5070 μή.
2780 4995 3002 5070 Ibidem
3028 5001 3250 5070 septem
3282 5010 3452 5070 mss.,
3487 4988 3538 5070 έν
3563 4985 3877 5070 δῐαφέροις,

2222 5069 2274 5126 έν
2306 5062 2564 5131 πολλοῖς.
2601 5062 2769 5141 Editi.
2805 5062 3188 5141 Stapopotcﬁal
3221 5062 3478 5141 πολλοῖς.
3500 5063 3671 5141 A_pud
3693 5063 3875 5141 Euse-

2223 5145 2386 5220 bium
2417 5161 2572 5220 vero,
2596 5138 2865 5220 διαφόρως
2890 5131 2941 5193 ἕν
2969 5131 3242 5220 ’πολλοῖςζ
3258 5139 3495 5220 optime.
3521 5131 3746 5220 But-sps
3765 5131 3884 5218 hoc

2221 5217 2349 5289 ipso
2368 5218 2493 5273 loco
2513 5202 3170 5289 VC'olbfseptimuseum
3196 5202 3732 5289 Eusebiomono‘ic‘
3749 5202 3884 5289 περὶ

2219 5270 2910 5364 ὲὲδ’τὲῥά)ξθιντος,⁷τέοιθ.
2945 5283 3096 5364 EAditi
3153 5288 3210 5340 et
3267 5282 3369 5338 alii
3415 5270 3585 5364 mss.,
3637 5270 3887 5364 πολλοῖς

2221 5352 2710 5436 περιπραῇξθὲντος,
2745 5357 2918 5436 male.
2965 5359 3148 5436 Quem
3206 5371 3462 5436 errorem
3495 5352 3635 5436 hinc
3673 5352 3882 5436 ortum

2220 5419 2349 5489 esse
2389 5419 2577 5504 .pa'tet,
2610 5419 2764 5504 quod
2824 5419 3068 5496 librarii,
3103 5428 3322 5504 omisso
3373 5423 3551 5504 semel
3601 5419 3882 5504 articuloz

2218 5495 2420 5578 vocem
2450 5495 2574 5578 περί
2606 5495 2736 5560 cum
2768 5518 2906 5558 voce
2936 5495 3274 5575 πραχθέντος
3301 5500 3656 5570 conjungere
3686 5495 3885 5548 coacti

2220 5582 2402 5720 aliis)
2431 5647 2525 5704 Sic
2549 5649 3140 5720 quatuorgmssfgcum
3171 5643 3423 5720 editione
3454 5636 3632 5696 Basil.
3653 5639 3712 5693 et
3732 5649 3882 5692 cum

2217 5713 2489 5778 Eusebio.
2521 5713 2695 5778 Deest
2722 5713 2782 5772 δέ
2807 5716 2870 5774 in
2899 5715 3154 5773 editione
3180 5715 3368 5772 Paris.
