4134 6212
262 421 335 480 85
1365 419 1697 480 HOMILIA
1742 417 1817 476 IN
1863 413 2250 478 PSALMUM
2283 409 2601 485 XXXVII,
3602 395 3716 467 86‘

265 547 318 606 δὶ
376 550 544 626 ὀργῆς
600 556 706 620 τῆς
753 548 1006 614 παιδείας
1036 556 1224 626 τυχεῖν
1257 549 1420 624 ἀξιοῖ·
1455 550 1529 614 ὡς
1555 549 1600 604 εί
1630 549 1720 604 καὶ
1753 545 1908 623 ἴατρᾷ

2035 548 2192 620 piam
2224 547 2498 604 morbum
2528 545 2852 602 curandum
2881 541 3146 600 offerenti
3181 540 3372 597 dicat:
3418 540 3502 596 Ne
3532 538 3680 594 mihi

257 663 362 710 τις,
393 641 462 696 τὰ
523 638 613 696 διὰ
667 648 944 718 καυτῆρος
992 640 1079 696 καὶ
1129 637 1359 715 σιδήρου
1407 639 1496 694 καὶ
1535 641 1744 714 πικρῶν
1778 637 1922 692 ἀντι-

2029 639 2249 710 ignem,
2283 653 2354 693 ne
2383 637 2623 703 ferrum,
2657 652 2728 691 ne
2751 633 3039 690 sectiones
3063 634 3135 690 ad
3164 629 3452 687 medelam
3475 629 3678 684 admo-

263 727 434 785 δότων
465 730 835 807 προσ-φέροντι
884 732 1212 806 βοηθήματα
1253 728 1340 784 ἐπὶ
1400 728 1658 803 θεραπείᾳ
1714 727 1908 790 πάθους

2026 744 2184 798 veas,
2221 728 2321 782 sed
2355 726 2550 783 dulcia
2585 726 2941 798 mitioraque
2989 722 3266 779 remedia.
3316 719 3473 776 Talis
3520 718 3678 774 enim

263 819 652 893 ὑποκειμένου,
684 817 874 895 λέγοι⁶
911 821 1003 888 Μὴ
1066 818 1155 874 διὰ
1209 819 1380 895 πυρός
1441 838 1508 892 με
1561 816 1917 892 θεραπεύσῃς,

267 906 414 982 μηδὶ
443 906 533 964 διὰ
559 905 789 986 σιδήρου
818 909 908 964 καὶ
939 912 1148 982 τομῶν,
1184 905 1272 963 διὰ
1302 904 1359 962 δὲ
1387 903 1568 976 ἠπίων
1608 905 1698 960 καὶ
1748 925 1918 979 πραο-

259 997 442 1073 τέρων
475 999 790 1077 φαρμάκων·
825 999 854 1053 6
904 999 1008 1074 γὰρ
1061 1001 1310 1060 τοιοῦτος
1361 995 1423 1052 ού
1474 997 1575 1066 τὴν
1635 993 1915 1070 θεραπείαν

266 1087 531 1164 ἀρνεῖται,
566 1087 708 1144 ἀλλᾶ
750 1089 813 1144 τὸ
867 1087 1127 1143 έπίπονον
1175 1091 1282 1142 τῶν
1337 1085 1731 1161 βοηθημάτων.
1771 1082 1916 1138 Πολ-

263 1175 432 1238 λάκις
464 1174 520 1232 δὲ
549 1174 782 1253 εἴρηται,
817 1176 894 1239 ὥς
923 1177 1062 1252 ὀργή
1092 1175 1178 1231 καὶ
1227 1175 1400 1249 θυμὸς
1449 1179 1544 1230 τοῦ
1588 1178 1720 1230 Θεοῦ
1751 1167 1918 1248 λεγό-

260 1286 404 1339 μενα
453 1268 566 1338 (37)
625 1267 677 1320 έν
732 1271 853 1328 ταῖς
910 1264 1287 1330 θεοπνεύστοις
1341 1269 1603 1342 Γραφαῖς,
1645 1263 1708 1319 οὐ
1767 1264 1912 1333 πάθη

256 1357 561 1426 σημαίνει·
611 1357 808 1417 παντὸς
854 1356 958 1430 γὰρ
1014 1355 1216 1416 πάθους
1275 1351 1572 1428 ἀλλότριον
1628 1353 1688 1406 τὸ
1747 1357 1912 1416 θεῖον·

257 1445 398 1498 κατᾶ
455 1445 764 1522 μεταφορὰν
823 1442 881 1499 δὶ
929 1444 996 1498 τὰ
1047 1448 1272 1499 τοιαῦτα
1323 1442 1508 1497 εἷ’ωθεν
1569 1439 1851 1515 ὀνομάζειν
1888 1442 1916 1496 6

258 1540 363 1601 τῆς
393 1539 618 1611 Γραφῆς
649 1531 840 1609 λόγος,
875 1533 947 1595 ὡς
973 1532 1063 1588 καὶ
1097 1531 1418 1610 ὀφθαλμοὺς
1448 1535 1601 1602 Θεοῦ,
1632 1531 1720 1585 καὶ
1781 1531 1914 1600 ὦτα,

261 1622 355 1698 καὶ
400 1627 616 1698 χεῖρας,
648 1623 739 1677 καὶ
787 1620 1104 1694 δακτύλους,
1135 1621 1225 1676 καὶ
1263 1619 1459 1688 πόδας,
1489 1620 1579 1676 καὶ
1632 1621 1700 1675 τὰ
1748 1618 1917 1675 λοιπὰ

265 1710 439 1784 μέλη’
475 1711 610 1787 ἅπερ
662 1711 735 1773 ὡς
789 1715 928 1786 πρὸς
980 1711 1300 1786 ἀνθρώπους
1358 1710 1650 1786 χρησίμως
1702 1708 1915 1764 οἰκονο-

262 1807 472 1874 μεῖται,
501 1801 809 1876 συγκατιὼν
839 1805 906 1874 τῇ
933 1805 1040 1855 τῶν
1074 1801 1436 1877 ἀκροωμένων
1477 1797 1730 1868 ποιότητι
1774 1799 1910 1872 (38).

2029 835 2145 874 non
2176 815 2464 873 medelam
2497 814 2722 886 abnuit,
2753 815 2854 871 sed
2905 811 3224 870 curationis
3275 808 3675 866 acerbitatem.

2027 913 2189 981 Sape
2217 911 2411 963 autem
2445 905 2728 972 diximus,
2761 905 2911 960 iram
2941 908 2999 959 et
3028 903 3285 958 furorem
3317 898 3419 955 Dei
3447 897 3508 953 in
3531 896 3676 952 divi-

2027 998 2187 1054 nitus
2216 995 2451 1052 traditis
2479 994 2792 1067 Scripturis
2821 1010 2938 1050 non
2969 991 3148 1049 animi
3202 994 3398 1047 motus
3449 986 3676 1060 signiti-

2027 1105 2160 1145 care
2185 1105 2198 1157 ;
2234 1103 2371 1144 nam
2404 1086 2476 1142 ab
2507 1085 2668 1140 omni
2699 1082 3138 1158 perturbatione
3169 1080 3426 1136 alienum
3453 1091 3676 1133 numen

2027 1183 2153 1247 est;
2186 1179 2286 1233 sed
2318 1193 2420 1249 per
2447 1174 2894 1232 translationem
2928 1173 3046 1228 hac
3077 1170 3266 1256 solent
3290 1170 3349 1224 in
3371 1166 3677 1238 Scriptura

2028 1266 2345 1334 nominari,
2376 1265 2876 1337 quemadmodum
2899 1261 3051 1318 oculi
3074 1260 3194 1327 Dei,
3217 1275 3410 1324 aures,
3435 1271 3670 1322 manus,

2027 1356 2212 1428 digiti,
2238 1355 2414 1427 pedes
2428 1359 2486 1409 et
2498 1353 2725 1425 reliqua
2741 1352 3004 1407 membra
3021 1368 3034 1406 :
3054 1367 3181 1421 quae
3195 1349 3319 1421 ipse
3331 1345 3671 1402 hominibus

2027 1445 2251 1502 utiliter
2280 1444 2604 1515 dispensat,
2647 1442 2983 1498 auditorum
3041 1438 3306 1510 qualitati
3366 1452 3429 1491 se
3459 1438 3670 1490 attem-

2026 1551 2255 1607 perans.
2289 1534 2381 1588 Sic
2411 1532 2590 1605 igitur
2615 1531 2803 1587 'etiam
2860 1529 3112 1585 inﬂictas
3170 1542 3236 1582 ex
3292 1524 3393 1581 Dei
3445 1520 3669 1594 judicio

2024 1624 2398 1698 peccantibus
2423 1639 2648 1694 poenas,
2676 1637 2804 1693 qum
2844 1635 2986 1676 sane
3032 1615 3288 1673 molestae
3334 1613 3673 1682 acerbeque

2023 1713 2385 1787 patientibus
2416 1717 2575 1779 sunt,
2610 1711 2781 1782 quasi
2826 1725 2895 1765 ex
2941 1708 3030 1764 ira
3071 1709 3129 1763 et
3173 1705 3368 1759 furore
3412 1701 3671 1787 invectas

2024 1786 2355 1859 adumbrat.
2387 1802 2504 1857 Hoc
2535 1803 2730 1856 autem
2762 1803 2822 1855 et
2851 1813 3016 1854 sacer
3036 1792 3349 1867 Apostolus
3371 1791 3559 1858 docet,
3583 1786 3671 1842 di-

255 1887 445 1952 Οἴπως
479 1888 571 1944 οὗν
603 1889 817 1951 καὶτὰς
865 1889 1198 1965 ἐπαγομένας
1246 1887 1518 1964 τιμωρίας
1572 1892 1688 1948 τοῖς
1735 1887 1908 1960 ἁμαρ-

2023 1909 2160 1948 cens
2186 1910 2199 1948 :
2228 1890 2540 1948 Secundum
2583 1899 2764 1945 autem
2809 1887 3083 1943 duritiam
3129 1888 3283 1940 tuam
3321 1890 3375 1938 et
3415 1877 3669 1950 impaeni-

2027 1986 2036 1992 .
2294 1981 2328 1992 ..
2527 1981 2536 1991 ι
2669 1979 2764 1992 ...η
2804 1979 2814 1989 ο
2980 1979 2989 1988 ο
3077 1974 3142 1992 1-,
3195 1976 3284 1992 3,-4
3364 1979 3409 1992 ,Α
3456 1967 3635 1992 .._-.-l-

1889 1974 1904 1994 \

253 1980 478 2033 τάνουσι
551 1978 688 2034 κατά
761 1983 895 2034 Θεοῦ
963 1978 1158 2053 κρίσιν,
1219 1977 1542 2052 σκυθρωπάς
1606 1975 1764 2036 οὕσας
1815 1975 1906 2028 καὶ

253 2063 516 2140 ἀλγεινὰς
539 2070 658 2130 τοῖς
694 2065 1017 2141 πάσχουσιν,
1045 2065 1238 2120 ὡσανεὶ
1277 2065 1327 2138 ἐξ
1377 2065 1548 2140 ὀργῆς
1593 2064 1683 2118 καὶ
1731 2064 1906 2136 θυμοῦ

253 2153 602 2230 ἱπαγομὲνας
655 2156 1043 2213 ὑποτυποῦται.
1095 2157 1272 2212 Τοῦτο
1331 2152 1388 2208 δὲ
1445 2150 1682 2208 διδάσκει
1737 2150 1828 2207 καὶ
1877 2152 1904 2206 6

252 2244 400 2318 ἱερὸς
432 2241 792 2312 Ἀπόστολος,
827 2241 999 2319 λέγων
1029 2261 1046 2280 ο
1083 2245 1232 2300 Κατὰ
1290 2240 1348 2297 δὲ
1401 2243 1501 2312 τὴν
1549 2237 1904 2317 σκληρότητά

256 2354 354 2388 σου
414 2334 508 2387 καὶ
570 2333 940 2406 ἀμετανόητον
993 2330 1214 2409 καρδίαν
1287 2331 1626 2408 θησαυρίζεις
1701 2335 1907 2402 σεαυτῷ

257 2422 427 2498 ὀργήν
513 2423 569 2477 ἐν
654 2423 837 2498 ἡμέρᾳ
921 2422 1088 2498 ὀργῆς
1121 2464 1136 2492 ,
1189 2421 1279 2476 καὶ
1347 2419 1740 2494 ἀποκαλύψεως
1815 2419 1906 2474 καὶ

257 2508 656 2585 δικαιοκρισίας
739 2515 836 2566 τοῦ
929 2515 1061 2567 Θεοῦ
1096 2553 1110 2580 ,
1194 2511 1252 2574 ὃς
1329 2507 1601 2566 ἀποδώσει
1702 2508 1907 2582 ἑκάστῳ

257 2601 396 2655 κατὰ
453 2601 522 2655 τὰ
547 2598 677 2676 ἔργα
707 2601 894 2656 αὐτοῦ.
929 2602 1016 2665 Ὧς
1040 2596 1096 2655 εἷ’
1116 2621 1198 2663 τις
1229 2599 1318 2656 καὶ
1348 2601 1443 2663 τὰς
1493 2599 1552 2655 ἐκ
1587 2605 1684 2655 τοῦ
1731 2598 1906 2672 νόμου

259 2693 339 2762 τῷ
367 2687 688 2766 ἀνδροφόνῳ
724 2687 1107 2766 ἐπηρτημὲνας
1142 2688 1414 2759 κυλάσεις,
1451 2689 1622 2766 ὀργὴν
1667 2688 1758 2744 καὶ
1815 2690 1907 2743 θυ-

265 2779 365 2850 μὸν
401 2777 688 2851 ὀνομάζοι,
721 2778 821 2834 οὐκ
851 2776 1071 2849 ἀληθῶς
1089 2783 1186 2834 τοῦ
1211 2775 1384 2852 νόμου
1425 2777 1770 2851 θυμουμένου
1816 2778 1903 2832 καὶ

264 2867 652 2942 ὀργιζομένου,
677 2867 776 2922 τοῦ
834 2865 892 2922 δὲ
951 2867 1328 2940 κολαζομένου
1380 2867 1549 2943 ἀργὴν
1585 2871 1681 2921 τοῦ
1735 2865 1906 2939 νόμου

265 2957 366 3024 τὴν
395 2956 670 3031 τιμωρίαν
704 2955 1089 3032 ὑπειληφότος.
1123 2954 1261 3028 Ἤδη
1297 2954 1471 3012 δὲκαὶ
1505 2955 1556 3010 οἱ
1599 2955 1693 3017 τὰς
1736 2953 1905 3010 κολά-

263 3065 370 3106 σεις
412 3042 786 3108 διακονοῦντες
835 3046 970 3101 κατά
1008 3051 1116 3101 τῶν
1165 3041 1369 3100 ἀσεϐῶν
1419 3046 1650 3118 πονηροὶ
1712 3042 1906 3118 δαίμο-

267 3156 374 3203 νες,
406 3132 463 3189 αἳ
491 3156 552 3190 τε
583 3138 693 3207 (39)
731 3134 1052 3208 ὑπηρετικαὶ
1085 3132 1337 3208 δυνάμεις
1376 3138 1474 3189 τοῦ
1504 3139 1656 3206 Θεοῦ,
1691 3135 1746 3189 αἱ
1786 3155 1908 3189 τοι-

256 3222 413 3278 αὗται
439 3225 531 3278 καὶ
567 3223 702 3300 όργή
751 3225 842 3279 καὶ
891 3225 1064 3298 θυμὸς
1119 3223 1527 3298 ὠνομάσθησαν.
1560 3223 1718 3282 Οὕτω
1774 3228 1905 3299 γοῦν

257 3311 474 3388 εἴρηται
505 3312 560 3367 ἂν
750 3313 875 3389 περὶ
923 3293 1026 3384 τῆς
1093 3293 1440 3388 δεκαπλήγου
1496 3316 1603 3385 (40)
1633 3320 1733 3383 τῆς
1788 3293 1906 3368 κατ’
1937 3293 1980 3360 C

256 3401 579 3477 Αἰγυπτίων
659 3400 988 3477 ἐπαχθείσης
1057 3401 1208 3478 λόγῳ
1289 3402 1372 3472 τὸ,
1433 3401 1776 3459 Ἀπέστειλεν
1828 3402 1909 3457 ἰπ’

257 3491 458 3553 αὐτοὺς
527 3490 695 3565 ὀργὴν
755 3491 841 3545 καὶ
921 3493 1114 3564 θυμὸν,
1167 3490 1478 3561 ἀποστολὴν
1537 3490 1605 3546 δι’
1663 3491 1908 3568 ἀγγέλων

260 3585 552 3654 πονηρῶν.
610 3578 793 3643 Οὕτως
845 3577 990 3653 δεξιὰ
1037 3578 1287 3637 λέλεκται
1340 3585 1436 3636 τοῦ
1492 3585 1646 3650 Θεοῦ,
1703 3583 1769 3635 τά
1820 3579 1908 3636 διὰ

251 3675 359 3725 τῶν
392 3667 586 3740 δεξιῶν
619 3667 710 3723 καὶ
741 3667 953 3744 ἀγαθῶν
1010 3666 1288 3743 δυνάμεων
1343 3674 1462 3734 τοῖς
1512 3669 1679 3740 ἀξίοις
1727 3690 1905 3746 χορη-

246 3758 516 3834 γούμενα.
553 3756 798 3836 ἸΑετεύει
855 3758 1032 3814 τοίνυν
1082 3761 1110 3814 6
1167 3754 1333 3814 Δαόὶδ
1395 3757 1594 3833 μήδιά
1645 3765 1902 3836 πονηρῶν

248 3845 533 3921 δυνάμεων
595 3846 946 3923 ἐλεγχθῆναι,
981 3845 1121 3921 μηδὲ
1175 3845 1246 3902 δι’
1295 3846 1607 3918 ἀποστολῆς
1652 3847 1902 3924 ἀγγέλων

249 3943 516 4013 πονηρῶν
569 3934 950 4006 παιδευθῆναι,
984 3935 1073 3992 διὰ
1120 3935 1302 4012 λόγων
1364 3935 1420 3992 δὲ
1475 3937 1760 4013 σωτηρίων
1814 3939 1905 3994 καὶ

254 4028 600 4100 μαθημάτων
645 4024 962 4101 ὠφελίμων.
1009 4025 1115 4083 Καὶ
1170 4023 1356 4089 ἄλλως
1396 4024 1453 4082 δὲ
1493 4021 1764 4082 ἀντιϐολεὶ
1826 4031 1902 4101 μὴ

2018 1986 2135 2038 tens
2165 1996 2256 2037 eor
2285 1981 2630 2036 thesaurizas
2660 1979 2764 2034 tibi
2792 1979 2938 2033 iram
2968 1979 3025 2031 in
3057 1974 3146 2031 die
3188 1976 3307 2044 ira,
3354 1979 3409 2026 et
3455 1967 3665 2025 revela-

2016 2072 2180 2127 tionis
2201 2071 2344 2142 justi
2361 2070 2561 2140 iudicii
2583 2070 2698 2131 Dei,
2721 2067 2817 2138 qui
2837 2066 3025 2122 reddet
3043 2065 3348 2135 unicuique
3367 2058 3666 2117 secundum

2014 2176 2177 2233 Opera
2205 2161 2325 2228 eius
2354 2160 2418 2213 ⁸³.
2449 2161 2530 2214 Ac
2560 2159 2612 2214 si
2640 2156 2775 2229 quis
2807 2172 3007 2228 pmnas
3037 2171 3165 2226 qua:
3197 2169 3266 2208 ex
3295 2151 3418 2221 lege
3439 2148 3663 2219 impen-

2016 2251 2156 2306 dent
2180 2249 2510 2320 homicidae,
2533 2248 2682 2303 iram
2705 2262 2774 2302 ac
2795 2247 3049 2302 furorem
3073 2241 3344 2316 appellet,
3367 2256 3484 2295 non
3507 2236 3660 2310 quod

2015 2355 2214 2396 revera
2230 2338 2322 2395 lex
2344 2338 2432 2393 ira
2443 2341 2501 2392 et
2520 2337 2714 2392 furore
2739 2334 3109 2406 corripiatur,
3128 2333 3229 2388 sed
3251 2331 3406 2404 quod
3429 2329 3530 2403 qui
3547 2347 3662 2404 pu-

2017 2429 2198 2496 nitur,
2230 2427 2378 2500 legis
2408 2426 2766 2499 supplicium
2797 2426 2946 2482 iram
2976 2440 3106 2480 esse
3134 2426 3318 2494 putet.
3363 2420 3496 2477 Jam
3525 2437 3660 2480 vero

2016 2517 2260 2591 maligni
2289 2534 2524 2590 quoque
2553 2516 2847 2572 daemones
2877 2513 2979 2585 qui
3010 2511 3433 2585 suppliciorum
3464 2510 3666 2583 impiis

2016 2607 2314 2664 illatorum
2342 2605 2597 2662 ministri
2620 2609 2780 2669 sunt,
2803 2619 2870 2660 ac
2891 2604 3138 2659 virtutes
3163 2601 3259 2658 Dei
3279 2601 3663 2668 administras,

2015 2696 2103 2753 ira
2123 2701 2178 2753 et
2201 2697 2363 2752 furor
2379 2699 2685 2751 vocantur.
2720 2693 2830 2748 Ubi
2857 2692 3063 2749 itidem
3095 2708 3288 2748 sermo
3315 2691 3567 2748 habetur
3595 2690 3667 2746 de

2017 2790 2219 2846 decem
2249 2787 2438 2861 plagis
2460 2792 2659 2844 contra
2681 2785 2978 2858 [Egyptios
2999 2784 3308 2854 immissis,
3332 2783 3558 2839 dictum
3577 2785 3668 2838 est

2017 2879 2332 2936 similiter:
2367 2878 2513 2933 Misit
2540 2879 2602 2932 in
2630 2892 2721 2933 eos
2765 2878 2916 2932 irum
2967 2883 3021 2931 et
3060 2877 3332 2946 furorem,
3377 2872 3665 2928 immissioc

2015 2984 2142 3024 nem
2167 2983 2267 3040 per
2293 2967 2513 3039 angelos
2552 2967 2731 3022 malos
2787 2966 2850 3019 9‘.
2911 2964 3005 3021 Sic
3062 2964 3298 3018 dextera
3355 2961 3457 3017 Dei
3510 2959 3666 3016 dicta

2016 3058 2159 3114 eunt
2188 3072 2274 3126 ea,
2303 3073 2433 3128 qum
2463 3072 2564 3126 per
2593 3057 2860 3112 dexteras
2888 3057 2945 3110 et
2990 3054 3172 3110 bonas
3223 3055 3542 3124 potestates
3572 3050 3664 3105 di-

2017 3146 2150 3220 gnis
2179 3146 2729 3202 subministrantur.
2761 3143 3063 3217 Supplicat
3089 3143 3270 3215 igitur
3316 3141 3496 3198 David
3529 3157 3603 3196 ne
3631 3156 3667 3195 a

2020 3235 2295 3307 malignis
2327 3235 2717 3306 potestatibus
2737 3236 3109 3304 coarguatur,
3133 3247 3274 3287 neve
3297 3229 3668 3286 immissione

2017 3323 2362 3396 angelorum
2393 3323 2684 3380 malorum
2723 3322 3101 3393 corripiatur:
3157 3321 3255 3378 sed
3304 3319 3667 3377 salutaribus

2018 3413 2216 3468 verbis
2242 3412 2605 3484 utilibusque
2617 3411 2970 3483 disciplinis.
2985 3415 3178 3482 Atque
3191 3427 3399 3466 rursus
3412 3414 3582 3481 rogat
3594 3424 3666 3464 ne

2018 3506 2282 3558 servetur
2298 3503 2369 3557 ad
2393 3502 2546 3557 diem
2568 3502 2688 3569 iraa,
2712 3499 3224 3572 revelationisque,
3256 3504 3315 3556 et
3333 3499 3482 3571 justi
3498 3498 3667 3569 judi-

2017 3591 2092 3646 cii
2114 3591 2238 3661 Dei,
2262 3591 2363 3646 sed
2381 3592 2504 3662 jam
2527 3590 2620 3647 hic
2642 3591 2700 3646 in
2723 3589 2999 3662 praesenti
3020 3589 3140 3645 vita
3169 3593 3228 3645 et
3251 3593 3387 3645 ante
3417 3593 3665 3644 mortem

2017 3681 2255 3749 peccata
2275 3677 2456 3734 eluat.
2480 3680 2550 3734 Et
2569 3693 2709 3734 sane
2729 3677 2844 3734 voti
2869 3677 2979 3732 fuit
2999 3692 3262 3748 compos.
3285 3675 3432 3730 Nam
3463 3690 3667 3746 poenas

2017 3765 2252 3821 dedisse
2281 3764 2475 3838 palam
2506 3770 2634 3834 est;
2673 3781 2776 3838 per
2831 3781 2900 3821 ea
2956 3782 3084 3836 quas
3136 3780 3350 3836 passus
3395 3767 3504 3832 est,
3532 3766 3668 3818 ante

2015 3853 2265 3910 obitum.
2299 3852 2448 3918 Quin
2477 3859 2535 3910 et
2563 3855 2690 3926 ipse
2718 3855 2790 3910 de
2819 3869 2882 3910 se
2910 3855 3067 3910 384
3123 3868 3325 3925 poenas
3381 3850 3662 3922 sumpsit,

2017 3942 2156 3999 dum
2188 3959 2252 3999 se
2276 3959 2382 4014 per
2410 3943 2799 4000 confessionis
2847 3943 3055 3999 modos
3116 3939 3425 4013 suppliciis
3480 3937 3691 3999 variis.

2019 4032 2290 4102 subjecit.

249 4118 563 4190 τηρηθῆναι
622 4113 698 4177 εἷς
753 4115 961 4190 ἡμέραν
1016 4115 1206 4191 ὀργῆς,
1237 4116 1326 4170 καὶ
1382 4114 1800 4188 ἀποκαλύψεως,
1851 4118 1943 4172 καὶ
1995 4115 2388 4195 δικαιοκρισίας
2445 4123 2541 4173 τοῦ
2597 4123 2768 4175 Θεοῦ·
2818 4116 2926 4188 ἤδη
2989 4114 3047 4172 δὶ
3095 4115 3330 4181 ἐντεῦθεν
3387 4115 3477 4170 καὶ
3528 4118 3678 4172 κατὰ

249 4204 340 4258 τὸν
368 4203 619 4279 παρόντα
647 4202 786 4278 βίον,
811 4203 917 4278 πρὸ
944 4209 1043 4272 τῆς
1070 4202 1351 4274 τελευτῆς,
1384 4202 1764 4278 ἀπολήψεσθαι
1792 4204 1860 4259 τὰ
1907 4207 2293 4281 ἁμαρτήματα.
2327 4207 2426 4262 Καὶ
2476 4205 2636 4284 ἔτυχὲ
2680 4228 2741 4282 γε
2793 4211 2890 4262 τοῦ
2947 4210 3152 4262 σκοποῦ
3176 4224 3190 4238 ·
3249 4204 3492 4284 φαίνεται
3531 4209 3662 4282 γοῦν

254 4289 410 4363 δίκην
444 4289 723 4360 δεδωκὼς,
759 4289 827 4346 δι’
857 4292 930 4346 ὧν
961 4287 1147 4363 ἔπαθε,
1177 4292 1285 4369 πρὸ
1312 4299 1414 4362 τῆς
1453 4291 1732 4363 τελευτῆς.
1765 4295 1860 4348 Καὶ
1897 4291 2083 4359 ἄλλως
2116 4294 2174 4352 δὶ
2201 4297 2364 4361 αὐτὸς
2390 4298 2576 4354 ἑαυτὸν
2623 4295 2945 4374 ἐτιμωρεῖτο
3001 4295 3283 4359 παντοίαις
3331 4289 3663 4353 ὑποϐάλλων

252 4379 545 4436 κολάσεσιν
577 4379 630 4435 ἐν
657 4386 774 4443 τοῖς
803 4387 906 4450 τῆς
935 4380 1380 4458 έξομολογήσεως
1410 4382 1660 4456 τρόποις.

325 4473 382 4529 2.
414 4472 538 4524 Ὀτι
594 4471 662 4524 τά
720 4467 858 4546 βέλη
935 4490 1030 4526 σου
1087 4469 1423 4545 ὶνεπάγησάν
1485 4491 1627 4545 μοι,
1676 4473 1765 4527 καὶ
1815 4471 1908 4528 ἰπ-

2088 4480 2145 4534 2.
2176 4478 2352 4536 Vsas.
2386 4480 2440 4548 3,
2475 4479 2528 4534 4.
2574 4480 2846 4548 Quoniam
2891 4480 3111 4552 sagitta:
3157 4485 3264 4535 tua:
3315 4478 3511 4549 inﬁxae
3537 4485 3667 4534 sunt

260 4560 545 4634 εστήριξας
597 4558 681 4614 ἐπ’
710 4557 808 4631 ἐμὲ
861 4560 960 4629 τήν
1017 4560 1179 4636 χεῖρά
1237 4581 1358 4618 σου.
1405 4559 1519 4619 Ούκ
1569 4557 1709 4617 ἔστιν
1764 4558 1908 4625 ἴασις

2021 4566 2181 4636 mihi,
2209 4572 2260 4624 et
2286 4569 2636 4640 conﬁrmasti
2663 4585 2830 4640 super
2857 4584 2944 4625 me
2970 4584 3203 4625 manum
3231 4577 3407 4625 tuam.
3438 4567 3558 4624 Non
3583 4569 3668 4623 est

259 4647 312 4702 έν
367 4652 441 4723 τῇ
502 4647 659 4722 σαρκί
719 4668 825 4722 μου
883 4648 990 4703 ἀπὸ
1056 4649 1351 4724 προσώπου
1405 4657 1505 4722 τῆς
1565 4651 1730 4728 ὀργῆς
1790 4673 1908 4707 σου.

2021 4658 2233 4712 sanitas
2263 4658 2323 4712 in
2349 4673 2524 4714 carne
2552 4673 2680 4714 mea
2710 4675 2745 4714 a
2772 4659 2916 4730 faeie
2943 4659 3049 4715 iraip
3089 4664 3213 4714 tuae.
3265 4657 3384 4713 Non
3427 4659 3510 4713 est
3548 4671 3668 4727 pax

257 4738 369 4793 Ούκ
419 4733 564 4792 ἔστιν
625 4736 815 4812 εἰρήνη
877 4737 930 4792 έν
985 4743 1100 4801 τοῖς
1158 4737 1366 4805 ὀστέοις
1423 4761 1528 4814 μου
1582 4741 1688 4796 ἀπὸ
1743 4762 1908 4817 προσ-

2021 4745 2224 4802 ossibus
2259 4747 2398 4802 meis
2427 4763 2461 4801 a
2489 4747 2636 4817 faeie
2653 4755 3001 4818 peccatorum
3029 4763 3294 4803 meorum.
3325 4746 3474 4802 Sane
3504 4760 3666 4817 mag-

259 4827 413 4882 ώπου
441 4831 552 4881 τῶν
581 4825 861 4900 ἁμαρτιῶν
900 4847 1026 4901 μου.
1053 4827 1109 4883 Ὀ
1142 4828 1235 4900 μὲν
1272 4828 1436 4904 μέγας
1481 4828 1726 4901 ἀθλητὴς
1755 4825 1906 4900 Ἰὼϐ,

253 4916 548 4979 παντοίους
609 4914 905 4988 ὑπομείνας
957 4916 1444 4993 πειρασμοὺς,ούκ
1499 4919 1684 4996 ἠγνόει
1742 4919 1904 4984 πόθεν

257 5005 404 5079 αὐτῷ
454 5009 618 5060 τοῦτο
665 5003 905 5083 ἐγένετο·
957 5002 1042 5060 διὸ
1089 5000 1277 5084 ἔλεγε⁹
1330 5004 1478 5079 Βέλη
1536 5009 1642 5085 γὰρ
1702 5011 1901 5087 Κυρίου

321 5199 370 5238 ⁸³
396 5201 571 5256 Rom.
600 5211 668 5266 ιι,
696 5195 752 5254 5.
781 5197 839 5254 6.
912 5197 958 5237 “
987 5197 1140 5256 Psal.
1175 5214 1382 5270 mm,
1405 5198 1494 5256 49.

261 5482 272 5492 .
325 5399 583 5492 (ξηεθι
613 5421 784 5479 mss.,
815 5396 1138 5482 λεγόμενον.
1180 5403 1328 5465 Editi
1377 5422 1511 5463 cum
1561 5405 1810 5464 Eusebio
1841 5409 1908 5462 ut

258 5485 575 5623 ωᾶξιὲἷο
616 5550 779 5606 editi.
830 5551 999 5622 Apud
1047 5551 1363 5608 Eusebium
1409 5566 1546 5608 vero
1587 5547 1904 5620 νηπιότητι,

258 5624 624 5690 simplicitati,
656 5628 715 5678 et
738 5623 820 5679 ita
847 5623 1166 5695 legendum
1199 5623 1734 5695 essearbitramur.

333 5695 445 5767 (39)
474 5695 720 5769 Legitur
743 5695 807 5769 in
838 5690 1098 5769 quitum
1125 5711 1271 5753 mss.
1301 5694 1360 5749 αἱ
1407 5690 1486 5749 δι.
1535 5695 1759 5753 Ibidem
1789 5693 1907 5751 duo

267 5760 437 5836 mia,
459 5760 708 5822 τοιᾶῦται
740 5760 817 5824 δέ.

2018 4851 2171 4908 gnus
2200 4835 2298 4891 ille
2319 4835 2541 4892 athleta
2557 4836 2588 4891 J
2596 4837 2667 4892 ob
2688 4836 3040 4894 tentationes
3062 4836 3254 4893 omnis
3275 4835 3508 4908 generis
3531 4851 3665 4908 per-

2016 4942 2247 4998 pessus,
2279 4942 2394 4982 non
2425 4925 2733 4998 ignorabat
2763 4926 3056 4984 undenam
3090 4927 3199 4982 hoc
3240 4925 3353 4982 sibi
3384 4925 3662 4983 eveniret.

2015 5017 2380 5089 Quapropter
2409 5014 2675 5074 dicebat:
2716 5015 2950 5087 Sagitta
2992 5018 3146 5074 enim
3188 5016 3413 5075 Domini
3458 5015 3516 5072 in
3548 5030 3666 5073 eor-

2088 5407 2200 5482 (49)
2229 5405 2418 5462 Editio
2449 5405 2659 5476 Paris.,
2706 5407 2805 5461 τοῦ
2864 5403 3184 5482 δεκαλό-γου,
3244 5407 3415 5466 male.
3478 5406 3666 5482 Editio

2015 5475 2193 5555 Basil.
2223 5483 2280 5535 et
2299 5483 2562 5555 quatuor
2592 5475 2893 5555 mss.,§ﬁ;
2924 5475 3248 5555 δεκαΧόγου,
3280 5497 3396 5555 non
3429 5479 3662 5555 melius,

2017 5551 2132 5607 nisi
2163 5551 2318 5624 quod
2350 5552 2408 5606 id
2442 5552 2512 5624 ad
2543 5568 2739 5607 veram
2770 5551 3354 5624 Scripturam'magis
3404 5552 3662 5607 accedat.

2015 5620 2308 5698 Eusebius
2338 5622 2609 5698 denique,
2638 5625 2735 5691 τῆς
2771 5620 3145 5698 summa,
3179 5620 3328 5679 bene
3375 5628 3435 5677 et
3462 5637 3660 5698 emen-

2019 5695 2190 5751 date:
2225 5711 2416 5767 quam
2434 5692 2744 5767 lectionem
2774 5701 2842 5753 ut
2869 5692 3089 5754 certain
3127 5692 3191 5750 in
3239 5699 3464 5749 textum
3513 5692 3664 5746 inss-

2019 5780 2146 5824 rere
2174 5765 2292 5823 no‘n
2321 5765 2741 5824 dubitavimus.
