4108 6214
384 326 520 387 ’87

1385 326 1785 388 APPENDIX
1828 327 2155 389 OPERUM
2200 331 2268 392 8.
2314 331 2596 393 BASILII
2641 333 2919 394 MAGNI.

3780 329 3862 398 88

435 474 574 533 pore
591 473 713 514 meo
742 461 894 527 sunt,
914 473 1151 530 quarum
1173 458 1260 513 ira
1280 473 1461 514 meum
1484 458 1652 514 ebibit
1679 460 2010 531 sanguinem
2027 460 2091 514 ⁸⁵.

2208 455 2260 514 ἔν
2310 465 2387 532 τῷ
2444 462 2667 535 σώμμτί
2721 462 2824 536 μού
2873 461 3036 531 ἐστιν,
3093 462 3166 516 ὧν
3222 463 3250 516 6
3301 463 3471 536 θυμὸς
3499 464 3678 519 αὐτῶν
3710 464 3864 520 έκπί·

445 549 620 605 David
656 551 850 604 autem
887 565 1001 604 non
1033 548 1090 602 in
1125 565 1362 620 corpore
1393 548 1551 604 velut
1597 547 1705 603 Job
1755 565 2093 621 percussus,

441 640 542 695 sed
573 638 633 692 in
665 638 792 711 ipsa
822 639 1023 694 anima
1055 638 1290 695 vulnere
1319 638 1476 694 letali
1509 639 1837 706 confossus,
1867 655 1984 694 non
2017 639 2098 694 ait

443 728 947 800 quemadmodum
980 729 1116 796 Job,
1149 729 1372 800 Sagittae
1400 731 1549 785 enim
1598 731 1820 785 Domini
1871 733 1929 784 in
1977 745 2093 784 cor-

432 835 567 892 pore
594 835 710 875 meo
741 826 906 886 sunt;
969 819 1092 886 sed,
1147 820 1418 887 Quoniam
1471 821 1690 892 sagi-ita:
1739 824 1852 875 tua?
1904 818 2097 888 inﬁxae

437 912 570 965 sunt
602 908 760 977 mihi,
793 913 847 963 et
870 909 1213 980 conﬁrmasti
1239 925 1400 980 super
1425 924 1512 964 me
1539 925 1769 964 manum
1791 916 1962 965 tuam.
1988 908 2098 963 Job

437 1014 574 1055 vero
607 1014 848 1054 manum
892 997 1126 1054 Domini
1160 1003 1471 1070 memorat,
1504 998 1595 1053 his
1642 998 1875 1054 verbis:
1910 998 2099 1052 Manus

440 1090 592 1145 enim
619 1089 837 1143 Domini
864 1091 941 1144 est
973 1103 1101 1161 qua?
1159 1088 1338 1157 tetigit
1366 1104 1454 1145 me
1481 1088 1546 1142 9°.
1597 1088 1752 1143 Dicit
1788 1087 1961 1143 etiam
1992 1092 2099 1142 Do-

443 1175 604 1231 mino
632 1174 938 1230 diabolus:
976 1175 1124 1230 Mitte
1155 1181 1591 1242 manumtuam,
1625 1180 1680 1230 et
1727 1185 1887 1248 tange
1913 1177 2100 1232 omnia

440 1279 567 1339 quae
596 1264 757 1320 habet
785 1265 851 1319 97.
885 1265 958 1320 Et
999 1282 1276 1321 rursum:
1335 1266 1480 1322 Mitte
1536 1283 1762 1320 manum
1815 1270 1989 1333 tuam,
2049 1267 2103 1320 et

445 1362 609 1423 tange
634 1371 833 1409 carnes
862 1355 981 1425 ejus
1015 1363 1070 1409 et
1098 1371 1218 1409 ossa
1239 1356 1355 1426 ejus
1376 1356 1438 1408 9'.
1464 1355 1674 1412 Verum
1700 1354 1814 1410 alia
1835 1355 2101 1426 quaedam

444 1460 658 1500 manus
691 1447 838 1510 erat,
872 1449 928 1498 et
958 1442 1086 1498 aliae
1118 1444 1345 1514 sagittae
1376 1461 1503 1515 quas
1535 1444 1723 1515 ipsius
1773 1461 2003 1499 carnem
2038 1459 2104 1499 ac

440 1533 597 1588 bona
628 1546 906 1602 corporea
935 1531 1341 1602 attingebant:
1377 1532 1472 1588 hic
1504 1537 1721 1603 autem,
1756 1533 1889 1603 quia
1920 1530 2099 1586 David

444 1621 642 1680 anima
673 1621 1010 1692 aegrotabat,
1046 1636 1107 1675 se
1137 1619 1270 1676 telis
1300 1619 1430 1676 aliis
1456 1623 1813 1687 confossum,
1847 1625 1904 1676 et
1925 1636 2100 1675 manu

447 1710 562 1766 alia
582 1713 867 1765 attactum
890 1708 1206 1781 signiﬁcat.
1231 1709 1405 1765 Porro
1429 1714 1653 1782 sagittae
1691 1710 1788 1765 hic
1809 1727 2101 1765 memora-

446 1803 518 1857 te
551 1799 696 1854 mihi
727 1798 1002 1854 videntur
1022 1814 1152 1854 esse
1173 1799 1531 1870 spirituales,
1556 1800 1674 1854 imo
1695 1816 1830 1856 vero
1853 1799 1980 1870 ipsa
2001 1799 2101 1854 Dei

447 1889 647 1960 verba,
676 1905 803 1960 quae
835 1888 1199 1960 pungebant,
1232 1887 1285 1943 al
1311 1888 1702 1944 vulnerabant
1750 1888 1938 1961 ipsius
1971 1888 2100 1942 ani-

450 1994 630 2049 mam,
663 1982 720 2032 et
749 1977 820 2033 de
851 1977 1209 2033 conscientia
1231 1977 1360 2048 ipsa
1381 1978 1696 2033 sumebant
1717 1977 2098 2050 supplicium,

449 2083 696 2138 eamque
714 2066 1104 2136 castigabant.
1129 2066 1225 2123 Vir
1247 2066 1404 2122 enim
1427 2067 1522 2122 hic
1544 2071 1746 2123 tantus
1767 2084 1901 2122 cum
1921 2071 2097 2133 esset,

445 2160 649 2228 totque
670 2174 704 2212 a
726 2156 844 2212 Deo
867 2157 1024 2212 bona
1051 2160 1424 2227 consecutus,
1449 2161 1647 2212 tamen
1678 2161 1847 2228 turpe
1881 2157 2098 2212 factum

444 2245 722 2317 patravit.
758 2246 1028 2301 Fortasse
1060 2250 1255 2301 autem
1283 2246 1458 2302 etiam
1480 2247 1671 2319 ipsum
1698 2246 2015 2313 diabolum,
2041 2250 2100 2301 et

443 2333 632 2406 ignita
673 2333 834 2389 illius
889 2334 1135 2407 maligni
1187 2335 1327 2405 tela,
1379 2337 1654 2391 aﬂ‘ectum
1704 2335 2013 2392 excitantia
2042 2337 2099 2390 et

445 2423 753 2489 amatoria,
785 2440 912 2495 quae
947 2423 1143 2495 ipsum
1194 2425 1264 2481 ad
1317 2426 1846 2497 concupiscentiam
1897 2424 2095 2479 uxoris

443 2510 592 2566 Uriaa
613 2513 1025 2581 incenderunt,
1051 2512 1376 2585 significat:
1401 2515 1472 2570 de
1493 2515 1710 2586 quibus
1731 2514 1850 2571 haec
1877 2516 2099 2570 monita

442 2600 543 2656 dat
570 2601 888 2672 Apostolus
913 2617 927 2656 :
960 2601 1206 2672 Accipite
1233 2611 1582 2660 armaturam
1622 2605 1744 2674 Dei,
1795 2613 1855 2658 ut
1880 2604 2097 2674 possitis

444 2689 608 2759 ignea
637 2705 826 2745 omnia
853 2690 1095 2759 maligni
1145 2692 1249 2746 tela
1298 2693 1648 2764 exstinguere
1694 2693 1758 2747 θ’,
1809 2693 2095 2756 Quoniam

444 2777 604 2833 enim
636 2777 878 2834 inermis
909 2778 1186 2836 inventus
1217 2780 1420 2850 David,
1454 2781 1656 2854 ignitis
1697 2780 1934 2853 maligni
1968 2780 2099 2837 telis

445 2884 562 2924 non
591 2868 921 2940 resistebat,
949 2870 1084 2941 jura
1114 2871 1173 2925 in
1207 2871 1404 2926 anima
1458 2872 1780 2943 sauciatus,
1823 2870 2101 2943 concupi-

446 2957 672 3014 scentia
701 2963 1004 3030 correptus
1048 2963 1157 3015 est.
1207 2959 1713 3023 Quemadmodum
1763 2967 1957 3017 autem
1989 2962 2099 3017 Job

449 3046 668 3102 diaboli
702 3047 972 3120 sagittas,
1004 3047 1275 3104 immissa
1306 3049 1576 3105 videlicet
1614 3051 1838 3123 corpori
1873 3067 1977 3106 suo
2009 3053 2096 3105 ul-

443 3149 598 3200 cera,
621 3135 763 3206 quia
783 3135 1076 3207 permissu
1098 3136 1197 3192 Dei
1219 3137 1573 3208 acciderant,
1595 3139 1841 3209 sagittas
1864 3138 2095 3193 Domini

2204 570 2277 603 νει
2341 571 2442 623 μου
2501 553 2564 606 τὸ
2621 553 2775 624 αἷμα.
2842 553 2902 608 Ὀ
2937 549 2994 606 δὶ
3027 546 3213 619 Δαϐἰδ,
3249 550 3310 606 οὗ
3340 551 3401 606 τὸ
3435 550 3592 626 σῶμα
3629 554 3866 630 πληγεὶς

2207 639 2417 712 ὁμοίως
2455 645 2532 713 τῷ
2564 635 2709 711 Ἰὼϐ,
2762 640 2927 710 αὐτὴν
2981 638 3037 695 δὶ
3064 642 3163 708 τήν
3215 642 3401 716 ψυχὴν
3450 643 3664 716 καιρίαν
3708 663 3859 718 τρω-

2208 728 2335 797 θεὶς,
2388 729 2494 803 οὐχ
2545 728 2749 801 ὁμοίιος
2795 734 2872 800 τῷ
2901 725 3028 784 Ἰὼϐ
3061 732 3271 806 φάσκει·
3320 729 3463 800 Βέλη
3513 733 3615 806 γὰρ
3651 732 3854 807 Κυρίου

2207 816 2259 871 έν
2302 822 2380 889 τῷ
2433 817 2644 890 σώματί
2701 817 2804 888 μού
2863 818 2992 873 εἰσιν
3044 821 3178 892 (41)·
3239 817 3386 887 ἀλλ’,
3437 823 3556 877 "Ott
3604 822 3668 876 τὰ
3715 821 3852 897 βέλη

2209 927 2304 960 σου
2360 906 2684 983 ἐνεπάγησάν
2747 929 2863 980 μοι,
2920 907 3010 962 καὶ
3070 907 3420 985 έπεστήριξας
3477 909 3558 963 ὄπ’
3616 909 3713 983 ἐμὲ
3751 912 3853 980 τήν

2209 997 2370 1071 χεῖρά
2401 1017 2516 1050 σου.
2550 997 2611 1052 Ὁ
2657 994 2714 1051 δὲ
2769 991 2892 1053 Ἰὼϐ
2957 997 3287 1070 μνημονεύει
3345 1005 3446 1068 τῆς
3504 1000 3691 1074 χειρὸς
3752 1002 3861 1056 Κυ-

2211 1083 2351 1160 ρίου,
2394 1084 2571 1160 λέγων
2612 1106 2626 1119 ·
2682 1085 2809 1160 Χεὶρ
2871 1086 3070 1163 Κυρίου
3129 1086 3268 1141 ἐστὶν
3323 1090 3358 1156 ὴ
3420 1087 3667 1162 ἁψαμένη
3729 1110 3861 1162 μου.

2211 1176 2370 1230 Καὶὸ
2421 1169 2679 1237 διάϐολος
2733 1180 2814 1248 τῷ
2868 1175 3054 1252 Κυρίῳ
3115 1175 3314 1252 λέγων,
3347 1175 3701 1232 Ἀπόστειλον
3755 1179 3859 1246 τὴν

2210 1265 2372 1339 χεῖρά
2425 1285 2542 1332 σου,
2573 1264 2659 1318 καὶ
2715 1265 2844 1337 ἅψαι
2911 1265 3124 1319 πάντων
3180 1265 3252 1319 ὧν
3312 1262 3453 1340 ἔχει,
3487 1264 3680 1344 ἔφασκε
3722 1270 3859 1340 (42).

2211 1352 2312 1407 Καὶ
2369 1351 2563 1408 πάλιν·
2620 1352 2970 1408 Ἀπόστειλον
3027 1353 3126 1421 τὴν
3183 1353 3347 1428 χεῖρά
3405 1373 3520 1422 σου,
3576 1354 3665 1408 καὶ
3726 1357 3861 1428 ἅψαι

2209 1446 2316 1496 τῶν
2365 1446 2576 1517 σαρκῶν
2637 1441 2799 1496 αὐτοῦ
2861 1442 2953 1495 καὶ
3018 1445 3125 1496 τῶν
3195 1439 3394 1495 ὀστέων
3451 1441 3638 1496 αὐτοῦ.
3699 1443 3864 1498 Ἀλλ’

2213 1530 2464 1605 έτέρατις
2483 1530 2550 1600 ἧν
2581 1531 2727 1606 χεὶρ,
2761 1530 2850 1585 καὶ
2881 1528 3036 1606 ἕτερα
3085 1529 3220 1605 βέλη
3268 1534 3374 1585 τῶν
3423 1535 3631 1606 σαρκῶν
3693 1529 3860 1586 αὺτοῦ

2210 1617 2605 1691 καθικνούμενα
2644 1617 2733 1672 καὶ
2790 1617 2896 1672 τῶν
2951 1621 3276 1690 σωματικῶν
3329 1621 3438 1691 (43)
3478 1618 3860 1694 ὑπαρχόντων.

2213 1708 2471 1771 Ἐνταῦθα
2525 1704 2601 1779 δὲ,
2636 1703 2927 1781 έπειδήπερ
2986 1707 3088 1774 τήν
3142 1707 3326 1782 ψυχὴν
3382 1705 3550 1776 αὐτὴν
3577 1710 3866 1779 νενοσήκει

2214 1797 2241 1850 6
2274 1792 2462 1865 Δαϐὶδ,
2493 1793 2649 1872 ἕτερα
2684 1794 2819 1872 βέλη
2877 1795 3188 1860 καθικέσθαι
3247 1795 3410 1850 αὐτοῦ
3463 1797 3737 1870 σημαίνει,
3767 1797 3862 1852 καὶ

2213 1885 2393 1960 ἑτέραν
2449 1891 2612 1961 χεῖρα
2659 1887 2827 1960 ἧφθαι
2885 1884 3071 1940 αἰτοῦ.
3106 1884 3210 1940 Καί
3246 1905 3337 1957 μοι
3371 1882 3519 1939 δοκεῖ
3545 1887 3610 1940 τὰ
3639 1883 3865 1940 ἐνταῦθα

2210 1971 2482 2049 λεγόμενα
2515 1971 2675 2049 βέλη,
2710 1972 2910 2047 λογικὰ
2940 1973 3095 2041 εἶναι,
3145 1971 3356 2043 μᾶλλον
3391 1970 3448 2028 δὶ
3495 1973 3688 2035 αὐτοὺς
3733 1974 3863 2036 τοὺς

2207 2068 2303 2118 τοῦ
2335 2068 2466 2118 Θεοῦ
2515 2062 2736 2139 λόγους,
2769 2061 3056 2123 νύττοντας
3102 2062 3193 2116 καὶ
3243 2064 3645 2138 τιτρώσκοντας
3693 2063 3860 2118 αὐτοῦ

2205 2154 2303 2221 τήν
2338 2153 2546 2227 ψυχὴν,
2578 2153 2667 2206 καὶ
2723 2153 2821 2220 τὴν
2884 2148 3188 2220 συνείδησιν
3236 2149 3404 2219 αὐτὴν
3427 2155 3543 2222 (44)
3574 2173 3856 2229 τιμωρου-

2211 2241 2405 2314 μένους
2433 2239 2522 2295 καὶ
2561 2237 2914 2308 κολάζοντας·
2951 2238 3066 2293 ἐπεὶ
3093 2243 3348 2303 τοσοῦτος
3377 2237 3448 2294 ὣν
3501 2241 3528 2294 6
3561 2240 3717 2315 ἀνὴρ,
3759 2239 3855 2297 καὶ

2205 2330 2474 2384 τοσούτων
2523 2329 2842 2404 τετυχηκὼς
2887 2329 3098 2405 ἀγαθῶν
3150 2328 3251 2383 ὑπὸ
3301 2333 3396 2382 τοῦ
3449 2333 3603 2398 Θεοῦ,
3645 2330 3853 2407 αἶσχρᾷ

2207 2421 2393 2495 πράξει
2451 2420 2635 2474 ἑαυτὸν
2708 2415 2952 2488 ἐξέδωκε.
3011 2419 3234 2488 Μήποτε
3287 2415 3345 2472 δὲ
3399 2419 3489 2473 καὶ
3547 2419 3706 2474 αὐτὸν
3752 2421 3848 2477 τὸν

2207 2504 2486 2577 διάϐολον,
2518 2507 2606 2562 καὶ
2637 2509 2704 2562 τὰ
2750 2511 2848 2562 τοῦ
2886 2511 3132 2582 πονηροῦ
3177 2507 3540 2581 πεπυρωμένα
3592 2507 3751 2583 βέλη,
3782 2510 3851 2565 τὰ

2207 2598 2482 2667 παθητικᾶ
2535 2596 2624 2652 καὶ
2683 2595 2935 2672 ἐρωτικὰ,
2969 2595 3043 2656 εἰς
3101 2595 3388 2669 ἐπιθυμίαν
3439 2595 3696 2670 ἐξάψαντα
3746 2605 3847 2668 τῆς

2205 2692 2300 2742 τοῦ
2332 2686 2534 2766 Οῦρίου
2564 2685 2841 2761 γυναικὸς,
2876 2684 3145 2758 σημαίνει·
3178 2685 3301 2772 περὶ
3349 2686 3422 2739 ὧν
3471 2687 3557 2740 καὶ
3611 2688 3639 2740 6
3688 2688 3891 2772 ’A1t6-.

2209 2775 2402 2839 στολος
2456 2773 2717 2846 διδάσκει,
2748 2773 2924 2850 λέγων
2952 2795 2964 2808 ·
2999 2769 3327 2845 Ἀναλάὸετε
3375 2776 3474 2844 τήν
3541 2773 3850 2831 πανοπλίαν

2205 2871 2302 2922 τοῦ
2359 2870 2514 2937 Θεοῦ,
2573 2866 2708 2941 πρὸς
2779 2864 2840 2918 τὸ
2909 2860 3162 2917 δύνασθαι
3219 2862 3387 2917 πάντα
3439 2865 3506 2918 τὰ
3560 2863 3693 2938 βέλη
3751 2864 3852 2919 τοῦ

2207 2961 2452 3033 πονηροῦ
2540 2955 2607 3009 τὰ
2690 2955 3055 3029 πεπυρωμένα
3164 2948 3390 3009 σϐέσαι·
3472 2951 3655 3024 ἐπειδὴ
3743 2957 3850 3031 γὰρ

2210 3045 2477 3122 ἄφρακτος
2509 3044 2764 3119 εὑρεθεὶς,
2798 3043 2896 3097 οὐκ
2948 3041 3175 3117 ἀντέσχε
3227 3042 3362 3116 πρὸς
3412 3043 3479 3098 τὰ
3526 3047 3622 3098 τοῦ
3673 3065 3852 3113 πονη-

2208 3139 2304 3210 ροῦ
2330 3132 2694 3210 πεπυρωμένα
2737 3129 2899 3204 βέλη,
2934 3131 3156 3193 εἰκότως
3208 3133 3308 3199 τήν
3355 3132 3536 3206 ψυχὴν
3595 3131 3850 3206 τρωθεὶς,

443 3222 695 3286 vocavit,
727 3223 966 3278 dicens:
1019 3225 1156 3279 Nam
1202 3227 1423 3295 sagittae
1478 3227 1706 3280 Domini
1762 3228 1822 3281 in
1870 3243 2093 3296 corpore

2207 3201 2331 3292 ἦλω
2361 3227 2429 3296 τῇ
2464 3201 2960 3294 έπιθυμίᾳξὭσπερ
2994 3217 3050 3274 δὲ
3071 3221 3098 3274 6
3118 3214 3244 3276 Ἰὼϐ
3266 3201 3568 3293 (45)τάλώ
3589 3201 3854 3275 δίαϐόλου

440 3323 560 3365 meo
589 3311 739 3376 sunt,
771 3325 1009 3380 quarum
1035 3313 1196 3380 furor
1223 3313 1394 3366 ebibit
1443 3329 1626 3368 meum
1671 3317 1998 3382 sanguinem
2033 3319 2047 3351 ¹
2081 3334 2093 3372 :

439 3396 521 3453 ita
549 3396 867 3453 verisimile
896 3403 984 3453 est
1013 3397 1142 3453 ideo
1169 3398 1450 3455 Davidem
1475 3401 1571 3456 hic
1593 3403 1842 3472 sagittas
1864 3403 2097 3458 Domini

440 3485 804 3553 nominasse,
836 3486 976 3556 quia
1006 3503 1074 3542 ex
1103 3486 1334 3542 Domini
1358 3505 1640 3544 concessu
1664 3490 1940 3547 inimicus
1963 3509 2093 3549 eum

441 3576 842 3647 oppugnabat,
876 3579 941 3630 ut
971 3575 1258 3631 edisceret
1285 3593 1400 3632 non
1433 3578 1660 3634 dicere:
1694 3585 1816 3636 Non
1847 3584 2097 3638 movebar

440 3665 503 3719 in
522 3667 821 3720 aeternum.
847 3664 992 3731 Quia
1012 3665 1169 3719 enim
1195 3665 1294 3720 Dei
1318 3667 1507 3738 gratia
1529 3667 1733 3738 fultus,
1758 3686 1972 3743 magna
1995 3671 2095 3726 ali-

442 3753 679 3824 quando
710 3753 781 3808 de
807 3769 870 3808 se
900 3759 1186 3821 senserat,
1241 3754 1323 3810 ita
1371 3760 1435 3810 ut
1464 3764 1806 3829 arroganter
1834 3760 2089 3816 diceret:

439 3842 551 3910 Ego
576 3845 762 3897 autem
789 3841 914 3896 dixi
939 3843 998 3896 in
1029 3842 1381 3899 abundantia
1409 3861 1534 3901 mea
1558 3871 1574 3902 :
1601 3851 1718 3904 Non
1758 3850 2002 3906 movebar
2031 3851 2091 3902 in

441 3938 716 3985 aeternum
746 3931 805 3998 ’ς
838 3929 968 3986 ideo
1018 3931 1154 4002 jure
1202 3932 1482 3988 tentatori
1531 3936 1784 3992 traditus
1831 3942 1942 4005 est,
1988 3941 2089 4009 qui

437 4017 697 4074 animam
722 4020 852 4090 ejus
874 4019 1139 4088 adortus,
1161 4022 1357 4092 majus
1373 4023 1422 4077 ei
1443 4038 1617 4094 quam
1635 4024 1780 4080 Jabo
1805 4027 2087 4082 damnum

435 4106 660 4163 intulit.
695 4108 1009 4164 Sermones
1042 4114 1240 4164 autem
1270 4110 1486 4181 quibus
1518 4113 1586 4166 ad
1624 4115 1962 4170 memoriam
2006 4133 2089 4172 re-

433 4201 681 4252 vocatur
697 4198 931 4266 justum
960 4197 1064 4253 Dei
1082 4197 1402 4268 judicium,
1427 4204 1483 4253 et
1500 4201 1717 4270 quibus
1739 4202 1826 4257 ira
1846 4220 2087 4274 peccan-

435 4283 961 4355 tibusimpendens
985 4285 1282 4353 edocetur,
1319 4286 1552 4358 sagittis
1584 4292 1723 4342 sunt
1755 4291 2039 4348 auctiores
2068 4311 2080 4348 :

436 4372 657 4444 quippe
671 4378 944 4444 pungunt
958 4373 2012 4452 conscientiam,sauciantqueipsam,
2031 4388 2089 4438 et

432 4459 767 4517 stimulant.
786 4462 937 4518 865
967 4466 1117 4518 Sane
1134 4461 1217 4518 sic
1239 4463 1457 4519 dixeris
1474 4464 1752 4521 Davidem
1771 4469 1956 4524 sacris
1972 4471 2089 4526 his-

2211 3311 2370 3388 βέλη,
2403 3313 2469 3381 τη
2503 3308 2640 3381 ἕλκη
2671 3310 2738 3364 τὰ
2769 3308 3076 3372 ἐπιτεθέντα
3109 3308 3254 3381 αὐτῷ
3287 3309 3421 3364 κατὰ
3448 3313 3544 3363 τοῦ
3571 3309 3849 3382 σώματος,

2206 3400 2393 3471 ἐπειδὴ
2445 3401 2584 3455 κατὰ
2640 3399 2987 3475 συγχώρησιν
3049 3397 3278 3474 ἐγίγνετο
3333 3401 3429 3452 τοῦ
3497 3401 3653 3464 Θεοῦ,
3709 3396 3848 3472 βέλη

2205 3492 2405 3564 Κυρίου
2453 3489 2755 3562 ὠνόμασεν,
2792 3487 2982 3545 εἷ’πών.
3029 3485 3173 3558 Εέλη
3223 3486 3325 3562 γάρ
3377 3488 3488 3560 (46)
3549 3487 3748 3563 Κυρίου
3791 3485 3846 3542 ἰν

2200 3585 2280 3652 τῷ
2336 3577 2547 3652 σώματί
2609 3575 2712 3651 μού
2772 3575 2929 3644 έσνιν,
2963 3576 3036 3629 ὧν
3088 3577 3115 3630 6
3176 3575 3344 3648 θυμὸς
3405 3575 3583 3630 αὑτῶν
3642 3575 3848 3631 ἐκπίνει

2207 3690 2310 3742 μου
2339 3669 2401 3722 τὸ
2430 3667 2584 3740 αἷμα·
2619 3665 2789 3726 οὕτως
2822 3664 2964 3726 εἰκὸς
2996 3663 3083 3718 καὶ
3132 3665 3223 3718 τὸν
3257 3658 3421 3718 Δαόὶδ
3455 3662 3672 3718 ένταῦθα
3706 3661 3846 3740 βέλη

2202 3758 2400 3834 Κυρίου
2433 3753 2726 3831 εἷ’ρηκέναι,
2761 3753 2875 3808 ἐπεὶ
2905 3774 3038 3829 κατρ
3088 3753 3437 3828 συγχώρησιν
3497 3757 3591 3806 τοῦ
3644 3753 3848 3829 Κυρίου

2202 3845 2685 3921 κατεστρατεύσατο
2744 3843 2910 3896 αὐτοῦ
2970 3843 2998 3896 6
3053 3839 3366 3913 ἀντίπαλος,
3405 3838 3496 3895 τίνα
3559 3841 3702 3916 μάθῃ
3765 3842 3846 3913 μὴ

2202 3933 2397 4010 λέγειν·
2432 3933 2510 3991 Οὐ
2569 3933 2643 4006 μὴ
2695 3929 2943 3985 σαλέυθῶ
3002 3931 3076 3991 εἷς
3130 3930 3223 3984 τὸν
3284 3929 3473 3984 αἳῶνα.
3531 3928 3679 3984 Ἐπεὶ
3738 3929 3848 4004 γὰρ

2197 4029 2265 4099 τῇ
2319 4023 2504 4100 χάριτι
2551 4026 2648 4077 τοῦ
2699 4023 2832 4075 Θεοῦ
2887 4017 3316 4092 δυναμούμενος,
3355 4018 3495 4092 μέγα
3545 4016 3626 4095 ἐφ’
3673 4017 3850 4090 ἑαυτῷ

2200 4113 2464 4192 έφρόνησέ
2520 4132 2670 4180 ποτε,
2729 4110 2804 4172 ὡς
2879 4104 3376 4164 ἀπαυθαδιάσασθαι
3451 4107 3542 4162 καὶ
3626 4106 3792 4162 εἰπεῖν
3830 4125 3847 4140 ·

2197 4203 2336 4278 Ἐγὼ
2369 4199 2425 4256 δὲ
2468 4201 2617 4255 εἷπον
2673 4198 2724 4253 έν
2763 4202 2833 4272 τῇ
2888 4197 3109 4268 εὐθηνίᾳ
3170 4216 3293 4270 μου·
3323 4196 3403 4252 Οὐ
3469 4197 3544 4269 μή
3600 4195 3848 4251 σαλευθῶ

2195 4292 2270 4353 εἰς
2327 4291 2418 4345 τὸν
2475 4288 2661 4342 αἶ’ῶνα·
2687 4286 2884 4341 τούτου
2941 4288 3103 4361 χάριν
3161 4283 3385 4348 εἰκότως
3431 4282 3704 4360 παρεδόθη
3763 4290 3846 4356 τῷ

2192 4381 2526 4456 πειράζοντι,
2569 4377 2628 4437 ’ὸς
2676 4373 2772 4441 τῆς
2823 4377 3008 4449 ψυχῆς
3058 4372 3220 4428 αὐτοῦ
3267 4374 3670 4446 καθαψάμενος,
3721 4394 3844 4446 μει-

2193 4466 2364 4539 ζόνως
2392 4466 2550 4521 αὐτὸν
2585 4464 2621 4534 ἦ
2651 4465 2743 4518 τὸν
2780 4457 2906 4520 ’Ῑὼδ
2947 4460 3274 4535 ἐζημίωσεν.
3308 4464 3372 4516 Οἱ
3419 4459 3476 4516 δὲ
3527 4461 3704 4537 λόγοι,
3737 4468 3841 4530 τῆς

431 4566 498 4606 ce
518 4566 585 4605 ac
609 4551 824 4606 divinis
841 4551 1074 4623 sagittis
1094 4553 1454 4619 confessum,
1476 4555 1988 4626 reprehensionem
2008 4578 2075 4615 ex

2204 4554 2576 4631 ἰικαιοκρισίας
2609 4553 2774 4607 αὐτοῦ
2820 4551 3239 4625 ὑπομνηστικοὶ,
3262 4552 3349 4605 καὶ
3410 4557 3511 4619 τῆς
3542 4551 3709 4626 ὀργῆς
3735 4557 3840 4620 τῆς

429 4637 626 4694 furore
651 4639 1004 4709 adhibitam,
1034 4643 1092 4696 et
1119 4641 1567 4713 castigationem
1599 4659 1669 4699 ex
1697 4645 1784 4701 ira
1812 4646 1916 4703 Dei
1946 4649 2080 4706 illa-

2204 4653 2306 4709 τοῖς
2364 4644 2760 4720 ἁμαρτάνουσιν
2816 4639 3204 4714 έπηρτημένης
3261 4635 3639 4694 διδασκαλικοὶ
3699 4641 3837 4712 (47),

500 4753 681 4835 f‘pr
736 4755 928 4835 v1,_4.
1005 4755 1049 4790 "
1102 4754 1212 4811 Job
1280 4772 1398 4824 XIX,
1455 4757 1546 4813 21.
1623 4760 1665 4794 ⁹⁷
1715 4760 1825 4817 Job
1883 4780 1924 4835 ι,
1983 4765 2074 4823 ii.

2222 4765 2331 4823 Job
2378 4779 2442 4831 ιι,
2501 4761 2557 4816 5.
2635 4758 2918 4831 “Ephesi.
2977 4773 3057 4828 γι,
3120 4756 3209 4826 13,
3273 4757 3359 4812 16.
3439 4755 3597 4813 ‘Job
3653 4772 3734 4824 v1,
3777 4756 3836 4813 4.

427 4825 451 4860 ³
480 4825 634 4882 Psal.
665 4825 820 4897 xxxx,
845 4827 901 4881 7.

642 4937 1019 5020 Eicitur-0116.8
1048 4935 1212 5020 ἐστιν,
1248 4945 1318 5020 yt
1345 4943 1522 5020 paulo
1575 4946 1872 5020 superius.
1916 4952 2070 5009 Enrr.

425 5009 612 5136 tio(b2)
639 5009 731 5066 Sic
760 5009 922 5066 editi.
954 5010 1212 5068 Verbum
1246 5009 1443 5087 ἔφασκε
1474 5009 1738 5074 ᾶοθει’ἱιι
1785 5020 1926 5093 Reg.
1960 5028 2076 5080 ter-

455 5096 530 5136 10.

494 5151 607 5222 (43)
638 5151 722 5207 Ita
752 5155 1004 5222 quatuor
1034 5169 1173 5208 mss.
1212 5171 1346 5210 cum
1379 5157 1631 5214 editione
1658 5159 1832 5215 Basil.
1859 5167 2072 5221 etcum

421 5222 693 5295 Eusebio.
727 5225 801 5278 At
834 5223 994 5294 editi,
1025 5224 1320 5295 βιωτικῶν.

492 5295 607 5369 (4έι)
636 5294 766 5369 D‘uo
795 5311 964 5369 mss.,
997 5294 1194 5369 αὐτῶν.
1226 5299 1433 5354 Statim
1469 5305 1588 5355 tres
1636 5319 1806 5369 mss.,
1875 5309 2068 5357 τοσοῦ-

419 5382 514 5445 τος
534 5364 635 5445 iv.
671 5366 932 5445 Subinde
962 5367 1139 5445 editi,
1155 5369 1473 5444 τετυχηκὼς
1515 5371 1753 5445 ἀγαθῶν·
1789 5364 1910 5430 ἐθᾶ
1961 5393 2070 5433 vox

425 5433 638 5509 ἀγαθῶν
673 5438 838 5493 deest
869 5439 924 5491 in
959 5433 1176 5496 nostris
1210 5433 1460 5532 quatuor
1490 5433 1634 5500 mss.

499 5508 609 5532 IL:\
645 5507 721 5532 Ῐι-
763 5509 896 5532 -.Ιῖιξ
955 5509 1097 5532 ῘΙΙ--.]
1166 5511 1180 5532 ί
1257 5513 1273 5532 ἵ
1303 5507 1363 5532 νβ
1439 5515 1448 5526 ⁸

497 5508 610 5580 (45)
645 5507 729 5564 Ita
759 5509 920 5564 editi.
955 5509 1124 5580 Illud,
1160 5511 1186 5564 6
1226 5507 1384 5582 Ἶώϐ,
1436 5515 1494 5569 in
1545 5516 1760 5572 nostris

423 5595 571 5658 gnss.
604 5596 718 5658 non
751 5581 992 5658 legitur;
1018 5582 1235 5658 Ibidem
1269 5581 1409 5658 Reg.
1461 5588 1778 5658 secundus,

423 5645 730 5716 Ξπιτεθέντα
759 5645 840 5726 τίῖῖ
867 5645 992 5709 Ἰὼϐ
1019 5654 1174 5728 κατά,
1207 5659 1319 5718 etc.

1856 5522 2068 5574 uatuor

1868 5585 1967 5658 έλη
1999 5587 2067 5646 τὰ

2260 4945 2685 5033 (4βὶὲίοὲοηέῖ
2718 4943 2946 5033 Prius?
2971 4940 3832 5033 εξ,ῌθξί,ἓὲἳξὲυξ-,Ρθθεειτξρ

2189 5013 2470 5079 ἱιιέᾶίῐὶε.
2501 5013 2938 5087 Νοοῄἰῐοίιιιιιιο
2970 5018 3103 5086 post
3135 5013 3389 5087 quatuor
3430 5030 3574 5070 mss.
3609 5013 3832 5087 συγχώι

2184 5085 2722 5169 ρησινᾴτρῦ-ίςυρίου.
2753 5083 3074 5169 Editinvero
3116 5083 3466 5169 συγχώρησιν
3499 5088 3652 5169 Θεοῦ.

2258 5165 2366 5235 (47)
2396 5163 2550 5218 Editi
2581 5152 2638 5218 et
2667 5157 2934 5235 nonnulli
2967 5152 3512 5235 management,
3555 5153 3625 5211 ο⁹ί.
3659 5157 3834 5235 haud

2183 5221 2509 5291 emendate.
2545 5232 2931 5300 Reg.itertius
2961 5245 3094 5284 cum
3122 5221 3284 5286 Colb.
3319 5221 3508 5298 sexto,
3543 5246 3647 5300 pro
3677 5221 3830 5300 διδα.

2181 5304 2397 5372 σκαλία,
2431 5305 2607 5359 habet
2633 5299 2987 5360 διδασκαλίας
3017 5301 3118 5356 sed
3153 5300 3298 5355 nihil
3331 5303 3464 5356 inde
3494 5299 3623 5372 opis
3652 5299 3828 5355 affer-

2177 5383 2292 5434 tur.
2321 5383 2542 5432 Horum
2581 5375 3234 5448 genuinumparentem
3256 5373 3583 5448 Eusebium
3636 5373 3826 5448 secuti

2177 5467 2386 5506 sumus
2417 5443 2778 5519 apud'quem
2814 5443 3026 5517 legitur
3055 5445 3156 5519 ita,
3187 5443 3270 5499 uti
3292 5445 3607 5519 edidimus.
3635 5445 3696 5498 In
3720 5445 3824 5519 de-

2174 5515 2670 5594 tegendis—autem
2703 5515 3194 5594 errorumcausis
3226 5519 3327 5594 qui
3347 5515 3741 5594 delectantur,
3759 5516 3822 5572 in

2174 5582 2368 5648 eo‘lbic
2399 5596 2655 5646 erratum
2686 5605 2815 5646 esse
2844 5588 3146 5659 videbunt,
3177 5582 3335 5659 quod
3378 5582 3821 5659 eximente)“-

2171 5660 2260 5721 κοί
2293 5679 2329 5724 a
2355 5661 2613 5724 librariis
2641 5661 2917 5722 effectum
2945 5659 3024 5720 ait
3052 5653 3392 5733 διδασκαλία,
3424 5656 3502 5716 οἳ.
