4108 6214
231 361 312 420 89
1353 355 1690 418 HUMILIA
1732 355 1809 415 1N
1857 355 2236 416 PSALMUM
2282 355 2590 417 XVXVII.
3593 349 3672 410 90

237 487 433 563 βελῶν
487 489 621 544 εἰσιν
669 489 932 564 ὀξύτεροι,
983 490 1081 556 τὴν
1128 485 1435 557 συνείδησιν
1488 487 1792 553 νύττουτες,
1823 506 1904 539 τι·

2020 491 2144 541 tam
2172 487 2303 556 jure
2334 501 2660 542 recusasse.
2692 487 2770 540 Ne
2814 486 2985 551 enim,
3015 484 3231 556 inquit,
3264 486 3324 538 in
3355 481 3548 555 furore
3579 487 3671 538 tuo

230 578 584 652 τρώσκοντὲς
643 599 700 631 τε
776 578 866 631 καὶ
943 581 1246 640 κεντοῦντες
1316 575 1504 646 αὐτήν.
1571 575 1676 630 Καὶ
1738 574 1909 635 οὕτως

233 667 436 727 εἴποις
493 666 551 720 ἃν
607 667 698 720 τὸν
733 661 901 720 Δαϐἱδ
950 672 1068 730 τοῖς
1125 667 1294 739 ἱεροῖς
1341 664 1558 724 τούτοις
1614 665 1703 718 καὶ
1749 663 1913 726 θείοις

232 756 640 826 κεντούμενον,
713 754 959 828 εὐλόγως
1024 755 1401 829 παραιτεῖσθαι
1459 753 1550 806 τὸν
1601 750 1690 806 διὰ
1735 755 1912 822 θυμοῦ

236 843 507 920 ἔλεγχον,
544 844 631 898 καὶ
663 846 760 912 τὴν
796 841 846 897 δι
879 843 1048 919 ὀργῆς
1075 848 1172 897 τοῦ
1202 847 1334 898 Θεοῦ
1382 839 1649 897 παιδείαν.
1695 842 1786 908 Μὴ
1810 841 1909 915 γὰρ

234 939 324 1006 τῷ
356 936 521 1005 Θυμῷ
563 953 661 986 σου
687 953 873 1008 φησιν,
908 930 1131 1006 ἐλέγξῃς
1159 952 1245 1003 με,
1281 928 1615 1004 Κ·3ριε,μτ,δὲ
1640 933 1708 1001 τῇ
1775 929 1910 1003 ὀργῇ

240 1043 354 1076 σου
419 1020 699 1094 παιδεύσῃς
757 1042 844 1093 με.
891 1021 989 1074 Διά
1017 1021 1069 1074 τί
1096 1040 1108 1088 ;
1136 1021 1260 1076 *Οτι
1291 1020 1356 1073 τὰ
1390 1018 1525 1094 βέλη
1562 1039 1660 1072 σου
1681 1017 1912 1091 ἐνεπάγ-

243 1112 408 1179 ησάν
440 1132 550 1183 μοι.
585 1105 981 1184 Ηροσλαϐόντα
1039 1112 1153 1179 (48)
1209 1110 1309 1184 γὰρ
1367 1109 1466 1176 τήν
1501 1107 1666 1182 ὀργὴν
1699 1107 1787 1162 καὶ
1817 1107 1909 1161 τὸν

239 1200 435 1271 θυμὸν
463 1201 526 1253 τὰ
574 1199 720 1274 παρᾶ
752 1203 848 1252 σοῦ
869 1197 1199 1270 καθικόμενοι
1234 1197 1368 1272 βέλη
1403 1199 1601 1259 ἱκανῶς
1635 1217 1701 1268 με
1731 1217 1908 1268 τιμω-

2021 592 2225 645 arguas
2255 591 2360 645 me,
2399 577 2651 642 Domine,
2683 591 2857 646 neque
2898 577 2956 628 in
2995 576 3084 628 ira
3131 582 3228 628 tua
3257 573 3534 642 corripias
3563 587 3668 626 me.

2021 665 2453 728 Quamobrem?
2476 665 2747 732 Quoniam
2769 665 2986 732 sagittae
3008 668 3122 719 tua:
3148 663 3343 732 inﬁxae
3362 664 3491 716 sunt
3510 660 3669 715 mihi.

2022 753 2166 808 Nam
2209 752 2328 809 tela
2375 755 2481 808 abs
2535 760 2590 809 te
2636 753 2925 818 immissa,
2961 770 3086 825 qum
3115 752 3265 806 iram
3314 756 3371 805 et
3418 750 3671 804 furorem

2024 848 2464 913 praeverterunt,
2497 843 2860 897 sufﬁcienter
2900 843 2969 896 de
3021 858 3111 896 me
3159 839 3515 912 supplicium
3568 854 3672 892 su-

2023 937 2212 997 munt,
2243 949 2309 986 ac
2342 933 2487 986 satis
2520 948 2612 986 me
2643 931 2951 1003 castigant.
2988 932 3176 995 Quare
3226 927 3475 1000 supplex
3507 928 3671 999 petit,

2023 1035 2094 1073 ne
2125 1019 2300 1075 aliam
2347 1020 2494 1074 iram
2547 1025 2647 1074 aut
2692 1021 2948 1074 furorem
2998 1019 3352 1090 experiatur,
3399 1017 3672 1085 Quoniam

2019 1112 2245 1179 sagittae
2274 1118 2378 1163 tua:
2408 1109 2602 1178 inﬁxae
2629 1117 2759 1164 sunt
2793 1109 2970 1175 mihi;
3002 1113 3102 1163 aut
3144 1107 3468 1162 secundum
3503 1105 3669 1176 Sym-

2022 1197 2322 1265 machum,
2354 1200 2644 1266 Attingunt
2668 1214 2774 1253 me.

241 1295 451 1363 ρεῖται,
514 1288 602 1341 καί
657 1286 940 1361 αὐτάρκως
1003 1308 1068 1359 με
1099 1285 1341 1354 κολάζει.
1387 1288 1480 1340 Διὸ
1511 1287 1708 1348 ἱκανῶς
1754 1305 1820 1356 με
1879 1290 2224 1359 τιμωρεῖται,
2255 1285 2345 1339 καὶ
2391 1285 2673 1360 αὐτάρκως
2734 1307 2800 1358 με
2855 1285 3095 1353 κολάζει.
3144 1285 3236 1338 Διὸ
3286 1281 3528 1348 ἱκετεύει,
3589 1281 3663 1352 μὴ

240 1379 425 1451 ὀργῆς
445 1376 628 1450 ἐτέρας
663 1373 802 1449 μηδὲ
833 1378 1010 1449 Θυμοῦ
1060 1382 1402 1448 πειραθῆναι,
1435 1376 1558 1432 ’Ότι
1589 1376 1656 1427 τὰ
1689 1373 1822 1448 βέλη
1859 1395 1953 1428 σου
1983 1373 2309 1450 ἐνεπάγησάν
2345 1396 2458 1446 μοι,
2492 1375 2549 1443 ἢ,
2580 1375 2860 1438 καθίπεταί
2891 1397 3016 1447 μου,
3048 1374 3182 1428 κατᾶ
3208 1375 3298 1427 τὸν
3336 1372 3663 1444 Σύμμαχον.

313 1469 374 1521 3.
451 1466 552 1520 Καὶ
609 1464 963 1540 ἐπεστήριξας
1043 1466 1124 1520 ἐπ’
1196 1464 1293 1537 ἐμὲ
1363 1467 1461 1532 τὴν
1550 1463 1712 1539 χεῖρά
1790 1485 1907 1520 σου.

240 1559 426 1625 Χεῖρα
483 1551 543 1608 δὲ
603 1554 800 1628 Κυρίου
858 1555 1240 1626 καθαψαμένην
1302 1553 1465 1607 αὐτοῦ
1515 1552 1712 1621 νόησον
1772 1555 1905 1624 (49),

2091 1467 2144 1520 3.
2178 1468 2240 1520 Et
2269 1467 2611 1535 conﬁrmasti
2637 1483 2802 1537 super
2831 1483 2915 1521 me
2945 1483 3172 1520 manum
3223 1473 3392 1519 tuam.
3427 1467 3664 1517 Manum

2021 1561 2215 1608 autem
2250 1555 2480 1609 Domini
2511 1556 2707 1626 ipsum
2757 1556 3078 1618 ferientem,
3111 1571 3238 1608 eam
3267 1569 3395 1623 quae
3429 1553 3487 1605 in
3519 1552 3664 1606 Jobo

241 1643 332 1696 καὶ
369 1645 476 1710 τήν
511 1642 600 1696 in?
631 1647 728 1696 τοῦ
783 1637 909 1698 Ἰὼϐ
955 1640 1369 1714 δεδηλωμένην.
1429 1641 1577 1711 Δῧτη
1631 1639 1687 1695 δὲ
1716 1643 1750 1710 ἡ
1783 1642 1904 1714 χεὶρ

308 1736 337 1746 -
407 1738 438 1752 ν
708 1732 718 1746 ο
913 1733 928 1752 ς
1048 1732 1073 1752 τ
1284 1735 1309 1746 ~
1384 1726 1631 1752 ..νην
1699 1730 1825 1752 οι..-

2020 1643 2316 1698 declarata
2345 1649 2435 1698 est
2473 1644 2752 1714 intelligo.
2793 1645 2919 1698 Haec
2961 1651 3156 1698 autem
3192 1641 3422 1696 Domini
3456 1657 3667 1695 manus

2028 1748 2044 1752 -
2084 1733 2173 1752 ne;
2199 1732 2480 1752 _I__-‘__12_
2539 1749 2668 1752 _,,-__
2692 1733 2783 1752 ,_2L
2826 1749 3044 1752 __-_.___
3112 1730 3346 1752 n-__:.1:-
3406 1731 3637 1752 3-...--—

238 1736 342 1785 τοῦ
405 1738 604 1805 Κυριον
647 1732 822 1786 πάντα
875 1733 967 1785 τὸν
1019 1732 1163 1785 οἷκον
1217 1735 1314 1785 τοῦ
1373 1726 1537 1784 Δαῦὶδ
1579 1729 1638 1784 έκ
1698 1730 1912 1805 βάθρων

239 1819 448 1888 ἔσεισε,
483 1820 577 1874 τὸν
614 1821 710 1892 μὶν
767 1821 1118 1895 πρωτότοκον
1186 1819 1350 1874 αὐτοῦ
1407 1824 1514 1873 τῶν
1558 1816 1766 1872 παίδων
1817 1818 1908 1872 τὸν

241 1909 474 1979 ’Δμνὼν
508 1907 675 1982 ’ἐρωτι
724 1916 824 1977 τῆς
870 1906 1109 1986 ἀδελφῆς
1167 1908 1466 1981 ὶκμήνασα,
1518 1908 1811 1981 πυρώσασα
1855 1905 1912 1960 δὲ

243 2000 342 2052 τὸν
376 1993 756 2069 Ἀϐεσσαλὼμ
807 2002 877 2070 τῇ
928 1999 1064 2051 κατὰ
1092 2001 1192 2052 τοῦ
1242 1995 1482 2072 ἀδελφοῦ
1529 1997 1689 2070 ὀργῇ,
1722 1997 1796 2057 ὡς
1821 1996 1910 2049 ἀν-

243 2087 394 2141 ελεῖν
427 2089 521 2140 τὸν
571 2087 804 2158 Ἀμνὼν,
840 2082 1023 2140 ἔπειτα
1073 2086 1164 2141 καὶ
1224 2086 1370 2157 αὐτῷ
1553 2085 1910 2154 ὶπαναστῆναι

243 2181 327 2247 τῷ
355 2174 548 2245 πατρί·
600 2175 692 2229 καὶ
753 2176 818 2229 τὰ
869 2173 1039 2230 λοιπὰ
1069 2172 1125 2230 δὲ
1181 2175 1352 2230 πάντα
1383 2172 1470 2228 διὰ
1526 2182 1615 2244 τῆι
1669 2175 1910 2248 ἱστορίας

246 2265 658 2338 παριστάμενα,
691 2267 727 2334 ἡ
782 2261 1093 2334 δηλωθεῖσα
1148 2264 1291 2340 χείρ.
1325 2265 1448 2339 Χείρ
1495 2285 1590 2318 σου
1633 2261 1911 2336 καθήψατό

253 2374 364 2426 μου
397 2350 492 2406 διὰ
544 2358 654 2406 τῶν
707 2351 1044 2422 ἐπαλλήλων
1092 2357 1408 2430 συμφορῶν.
1459 2353 1723 2419 Ἱκετεύω,
1757 2352 1910 2429 φησὶ,

255 2443 333 2514 μὴ
365 2441 532 2513 ἄλλῳ
579 2447 742 2514 θυμῷ
787 2441 1136 2517 ἰλεγχθῆναι,
1189 2439 1328 2514 μηδὲ
1367 2442 1575 2517 χείρονι
1612 2440 1751 2515 ὀργῇ
1785 2461 1914 2495 παι-

255 2529 541 2600 δευθῆναι.
579 2532 684 2586 Καὶ
715 2531 777 2586 οὗ
812 2530 978 2603 μόνον
1023 2535 1208 2598 ταῦτα,
1240 2528 1386 2585 ἀλλὰ
1437 2530 1526 2584 καὶ
1559 2532 1670 2603 (51)
1699 2530 1765 2584 τὰ
1796 2529 1913 2584 ἐπι-

259 2619 565 2694 λεγόμενα,
597 2621 633 2673 ἅ
681 2616 918 2674 διδάσκει
966 2619 1088 2689 ἑξῆς
1148 2617 1347 2694 λέγων’
1409 2618 1520 2676 Οὐκ
1578 2616 1718 2673 ἔστιν
1773 2617 1915 2682 ἷάσις

257 2708 306 2762 ἓν
361 2713 430 2781 τῇ
491 2729 652 2783 σαρκι
710 2730 816 2781 μου
899 2708 1005 2763 ἀπὸ
1058 2709 1354 2782 προσώπου
1409 2715 1508 2777 τῆς
1567 2707 1732 2782 ὀργῆς
1794 2725 1910 2762 σουο

255 2798 351 2851 οὐκ
403 2794 553 2852 ἔστιν
615 2795 814 2872 εἰρήνπ
870 2796 922 2852 έν
977 2802 1092 2858 τοῖς
1151 2795 1357 2858 ὀστέοις
1417 2818 1524 2869 μου
1581 2797 1685 2850 ἀπὸ
1742 2816 1911 2869 προσ-

257 2889 412 2940 ώπου
471 2892 576 2940 τῶν
641 2887 919 2961 ἁμαρτιῶν
985 2906 1110 2958 μου.
1172 2886 1336 2959 Ἐγὼ,
1381 2887 1535 2962 φησί,
1587 2880 1911 2956 προλαϐὼν,

255 2973 374 3029 ιρὖᾶ
405 2974 739 3047 περιμείνας
769 2979 854 3028 "va
901 2976 1008 3047 μού
1062 2996 1145 3038 τις
1199 2969 1386 3044 ἔξωθεν
1419 2975 1480 3028 τὸ
1529 2975 1687 3046 σῶμα
1738 2971 1912 3028 κολά-

2021 1748 2051 1787 e
2083 1732 2484 1786 fundamentis
2532 1733 2789 1787 excussit
2818 1749 3050 1787 omnem
3112 1730 3348 1786 Davidis
3401 1731 3666 1797 domum,

2021 1837 2155 1877 cum
2187 1825 2533 1876 Ammonem
2565 1823 2825 1892 quidem,
2863 1821 3112 1876 ﬁliorum
3147 1827 3285 1876 natu
3319 1819 3668 1887 maximum,

2022 1910 2240 1966 sororis
2299 1927 2496 1966 amore
2553 1909 2940 1966 insanientem
2998 1909 3272 1975 reddidit,
3314 1907 3664 1963 Absalonem

2021 2016 2154 2054 vero
2189 1997 2246 2052 in
2280 2002 2518 2054 fratrem
2561 2000 2646 2054 ira
2691 2000 2978 2067 accendit,
3009 2000 3152 2054 adeo
3204 2003 3269 2054 ut
3316 2001 3665 2053 Ammonem

2022 2087 2150 2142 neci
2180 2089 2457 2155 traderet,
2480 2093 2538 2144 et
2567 2089 2810 2160 posthac
2841 2088 2897 2142 in
2932 2094 3156 2160 patrem
3187 2089 3384 2160 ipsum
3416 2085 3664 2142 rebella-

2020 2180 2128 2232 ret.
2155 2178 2260 2232 Sed
2303 2182 2360 2233 et
2389 2177 2616 2249 reliqua
2646 2178 2844 2233 omnia
2875 2178 2932 2232 in
2967 2177 3213 2232 historia
3258 2176 3507 2248 prodita,
3539 2192 3665 2230 ma-

2021 2281 2136 2322 nus
2169 2271 2306 2320 sunt
2335 2283 2459 2334 quas
2505 2267 2601 2320 hic
2644 2267 2900 2322 indicata
2931 2271 3038 2322 est.
3071 2270 3274 2321 Manus
3322 2271 3426 2320 tua
3473 2265 3666 2336 tetigit

2024 2371 2117 2409 me
2163 2371 2264 2426 per
2296 2356 2660 2410 calamitates
2710 2355 2856 2410 alias
2903 2355 3035 2411 aliis
3080 2356 3476 2411 succedentes.
3509 2354 3663 2425 Sup-

2023 2442 2196 2514 plico,
2224 2444 2438 2515 inquit,
2462 2449 2527 2499 ut
2557 2460 2627 2499 ne
2658 2444 2770 2499 alio
2801 2445 2996 2500 furore
3029 2462 3260 2514 arguar,
3283 2461 3424 2499 neve
3455 2444 3542 2498 ira
3573 2459 3670 2514 pe-

2014 2533 2131 2602 jori
2163 2534 2464 2605 corripiar.
2498 2538 2613 2589 Nec
2659 2534 2781 2588 haec
2819 2534 3035 2604 solum,
3067 2535 3169 2588 sed
3215 2551 3283 2589 ea
3330 2535 3507 2589 etiam
3539 2549 3666 2602 quaa

2023 2621 2487 2694 subjunguntur,
2519 2628 2576 2678 et
2605 2639 2735 2695 qua:
2781 2623 2968 2691 docet,
3020 2624 3230 2679 exinde
3269 2623 3470 2678 dicens
3504 2639 3516 2678 :
3550 2622 3668 2677 Non

2019 2718 2101 2766 est
2127 2714 2338 2768 sanitas
2367 2713 2428 2766 in
2465 2729 2637 2768 carne
2681 2730 2803 2769 mea
2850 2731 2891 2768 a
2935 2715 3084 2782 facie
3111 2715 3216 2769 irae
3244 2721 3352 2768 tua:
3382 2731 3400 2765 :
3431 2727 3542 2767 non
3591 2715 3672 2766 est

2020 2817 2135 2869 pax
2163 2802 2379 2855 ossibus
2420 2803 2557 2856 meis
2585 2819 2620 2856 a
2650 2803 2791 2865 facie
2836 2811 3184 2873 peccatorum
3231 2817 3499 2856 meorum.
3528 2801 3666 2871 Ego,

2020 2888 2233 2959 inquit,
2266 2890 2549 2960 praaverti,
2577 2907 2682 2944 nec
2721 2890 3045 2960 exspectavi
3096 2895 3161 2944 ut
3209 2889 3341 2960 quis
3390 2895 3665 2944 externus

2023 2993 2220 3031 meum
2253 2993 2466 3048 corpus
2496 2979 2761 3050 castiget,
2792 2978 2985 3034 ulcere
3035 2977 3188 3032 malo
3217 2977 3539 3033 excruciavi
3571 2993 3665 3032 me

257 3084 340 3138 σῃ,
369 3062 533 3118 ’ἕλκει
583 3069 816 3138 πονηρῷ
873 3062 1104 3136 ἐμαυτὸν
1159 3061 1614 3137 ἐτιμωρησάμην,
1645 3061 1734 3116 καὶ
1784 3063 1904 3131 τήν-

2020 3064 2165 3136 ipse,
2197 3081 2506 3137 meamque
2536 3083 2772 3121 carnem
2804 3083 2906 3137 per
2936 3083 3112 3138 quam
3146 3084 3180 3122 a
3211 3083 3304 3122 me
3333 3066 3662 3122 admissum

253 3155 419 3227 σάρκα
456 3175 589 3226 μου,
630 3150 697 3206 δι’
727 3155 792 3221 ἧς
846 3152 1150 3254 ἰτέπρακταί
1215 3173 1307 3224 μοι
1350 3152 1413 3206 τὸ
1466 3149 1784 3225 ἁμάρτημα,
1817 3171 1910 3205 κο-

251 3240 433 3296 λάσεσι
494 3246 612 3314 (52)
665 3239 975 3316 παρέδῶκα,
1053 3239 1471 3315 τιμωρούμενος
1532 3239 1762 3312 ἐμαυτὸν
1819 3240 1907 3294 καὶ

246 3330 504 3399 κολάζων
537 3330 829 3391 παντοίαις
886 3328 1164 3386 κολάσεσι.
1217 3332 1391 3386 Τοῦτο
1437 3329 1538 3402 γὰρ
1587 3325 1788 3398 ἐδήλου
1819 3328 1908 3382 καὶ

247 3417 315 3472 δι’
373 3421 608 3492 ἑτέρων,
696 3419 895 3493 λέγων’
975 3419 1314 3474 Ἐταπείνουν
1394 3417 1446 3472 ἐν
1522 3417 1740 3488 νηστείᾳ
1807 3419 1905 3485 νὴν

243 3511 435 3583 ψυχήν
492 3530 626 3580 μου,
676 3508 768 3562 καὶ
818 3511 851 3577 ἡ
904 3509 1030 3584 σάρξ
1093 3529 1196 3580 μου
1246 3505 1537 3578 ἠλλοιώθη
1599 3504 1668 3561 δι’
1700 3505 1905 3575 ἔλαιον,

246 3598 332 3650 καὶ
397 3595 754 3669 ἐοελαΘόμην
801 3598 897 3652 τοῦ
949 3603 1136 3674 φαγεῖν
1213 3597 1305 3651 τὸν
1384 3595 1546 3671 ἄρτον
1611 3615 1739 3669 pou’
1801 3595 1906 3650 ἀπὸ

243 3693 432 3761 ξωνῆς
521 3689 626 3739 τοῦ
710 3690 1015 3760 στεναγμοῦ
1098 3707 1202 3758 μου
1285 3683 1561 3755 ἐκολλήθη
1628 3685 1695 3739 τὰ
1777 3684 1908 3738 ὀστᾶ

244 3796 349 3845 μου
427 3779 504 3849 τῇ
582 3774 742 3850 σαρκί
829 3795 954 3846 μου.
1033 3775 1158 3841 Καὶ,
1243 3773 1436 3830 Λσύσω
1493 3775 1611 3837 καθ’
1675 3773 1904 3843 εκάστην

237 3863 404 3918 riu-cz
496 3865 605 3931 τὴν
692 3861 882 3932 κλίνην
975 3884 1100 3936 μου,
1189 3863 1241 3918 έν
1329 3860 1551 3937 δάκρυσί
1631 3883 1736 3934 μου
1804 3864 1903 3932 τὴν

238 3955 543 4025 στρωμνήν
611 3973 718 4023 μου
774 3953 965 4028 βρέξω.
1021 3953 1208 4014 Οὕτως
1266 3951 1356 4006 οὖν
1414 3952 1504 4006 καὶ
1573 3955 1661 4005 νῦν
1717 3971 1902 4028 φησιν·

237 4040 348 4098 Οὐκ
409 4040 562 4095 ἔστιν
627 4038 765 4103 ἴασις
825 4040 874 4094 έν
961 4045 1029 4114 τῇ
1101 4061 1255 4116 σαρκι
1313 4061 1417 4113 μου
1473 4040 1581 4094 ἀπὸ
1637 4041 1903 4112 πμοσώου

236 4137 334 4198 τῆς
397 4130 578 4204 ὀργῆς
640 4150 758 4184 σου.
817 4129 968 4185 Ἀντὶ
1015 4127 1089 4198 δὲ,
1147 4135 1248 4198 τῆς
1303 4129 1495 4205 ὀργῆς,
1536 4129 1842 4206 συμφώνως
1875 4128 1904 4183 ὅ

233 4239 292 4272 τε
349 4218 602 4279 Ἀκύλας
659 4217 748 4272 καὶ
808 4219 835 4272 ὁ
896 4217 1224 4293 Σύμμαχος,
1280 4218 1385 4272 ἀπὸ
1454 4218 1751 4293 προσώπου
1809 4215 1904 4288 ἐμ-

239 4302 568 4381 ϐριμήσεώς
631 4327 748 4374 σου,
809 4309 1180 4379 ἡρμήνενσαν,
1267 4307 1527 4379 Ἀπήρκει
1607 4305 1708 4379 γάρ
1783 4325 1898 4378 μοι,

2021 3159 2324 3225 peccatum
2367 3161 2477 3223 est,
2527 3155 2838 3228 suppliciis
2885 3156 3126 3224 tradidi,
3160 3156 3441 3212 ultionem
3471 3157 3541 3211 de
3573 3173 3665 3212 me

2019 3259 2281 3309 sumens,
2311 3261 2376 3299 ac
2409 3261 2499 3299 me
2530 3246 2721 3300 omnis
2752 3245 2980 3314 generis
3011 3245 3370 3300 cruciatibus
3395 3245 3665 3316 puniens.

2020 3331 2138 3386 Hoc
2177 3332 2334 3388 enim
2381 3333 2512 3388 aliis
2543 3350 2776 3405 quoque
2825 3335 3021 3390 verbis
3069 3334 3387 3401 indicabat,
3417 3334 3618 3388 dicens
3651 3349 3665 3389 :

2018 3423 2409 3478 Humiliabam
2453 3424 2511 3477 in
2560 3423 2766 3494 jejunio
2803 3426 3052 3480 animam
3099 3423 3362 3488 meam’;
3392 3429 3449 3477 et
3481 3439 3493 3476 :
3527 3423 3666 3477 Caro

2015 3526 2139 3564 mea
2183 3511 2474 3566 immutata
2505 3521 2582 3566 est
2614 3520 2837 3583 propter
2864 3512 3049 3568 oleum
3070 3513 3119 3579 ‘;
3149 3516 3205 3566 et
3237 3529 3249 3566 :
3286 3512 3497 3567 Oblitus
3541 3528 3665 3567 sum

2014 3601 2300 3655 comedere
2327 3616 2530 3671 panem
2558 3617 2777 3667 meum;
2808 3618 2847 3655 α
2885 3617 3016 3656 voce
3037 3603 3276 3672 gemitus
3319 3603 3430 3657 mei
3475 3600 3660 3656 adhae-

2014 3693 2201 3743 serunt
2222 3705 2340 3744 ossa
2361 3705 2486 3743 mea
2504 3691 2671 3745 carni
2697 3705 2838 3746 mea?
2853 3691 2900 3756 ’ς
2925 3695 2982 3745 et
3005 3705 3018 3744 ι
3043 3692 3254 3746 Lavabo
3280 3706 3380 3762 per
3408 3691 3662 3760 singulas

2013 3787 2193 3833 noctes
2223 3777 2419 3833 lectum
2466 3794 2666 3845 meum,
2703 3779 2964 3850 lacrymis
3009 3781 3146 3835 meis
3192 3785 3430 3834 stratum
3478 3796 3662 3836 meum

2015 3865 2205 3936 rigabo
2226 3867 2268 3920 ⁸.
2299 3867 2392 3922 Sic
2440 3867 2640 3937 itaque
2670 3872 2728 3922 et
2757 3884 2913 3923 nunc
2944 3869 3026 3923 ait
3058 3885 3072 3923 :
3101 3869 3216 3924 Non
3245 3877 3327 3924 est
3357 3873 3567 3923 sanitas
3597 3871 3664 3924 in

2014 3971 2186 4010 carne
2215 3971 2339 4010 mea
2369 3973 2403 4010 a
2429 3956 2576 4026 facie
2605 3957 2703 4010 irae
2747 3965 2881 4012 tum.
2915 3956 3091 4011 Porro
3140 3973 3266 4027 pro,
3301 3961 3417 4020 Ira,
3450 3955 3660 4026 Aquila

2013 4047 2070 4097 et
2097 4044 2508 4116 Symmachus,
2530 4046 2568 4099 A
2600 4046 2742 4113 facie
2770 4046 3025 4115 fremitus
3054 4047 3156 4110 tui,
3181 4044 3456 4100 similiter
3485 4044 3656 4099 inter-

2012 4130 2218 4199 pretati
2251 4130 2578 4186 sunt.Satis
2610 4131 2790 4200 enim,
2819 4131 3030 4202 inquit,
3056 4131 3202 4186 mihi
3233 4137 3357 4187 erat
3388 4131 3658 4188 fremitus

2011 4216 2109 4273 ille
2141 4217 2242 4289 qui
2270 4218 2482 4275 divinis
2520 4219 2638 4274 tuis
2668 4219 2984 4289 Scripturis
3014 4220 3373 4289 enuntiatur,
3406 4224 3463 4275 et
3491 4235 3654 4275 com-

2012 4306 2258 4363 minatio
2290 4325 2391 4379 per
2421 4307 2762 4379 prophetam
2795 4313 2963 4363 tuum
3000 4309 3228 4364 Nathan
3264 4308 3433 4364 facta.
3466 4312 3654 4374 Quare

238 4397 423 4470 ςησῖν,
461 4398 495 4463 ἡ
556 4393 666 4449 ἀπὸ
725 4399 831 4449 τῶν
893 4401 999 4450 σῶν
1059 4395 1213 4450 Θείων
1266 4400 1490 4472 Γραφῶν
1542 4390 1898 4470 ἐμϐρίμησις,

2020 4410 2046 4449 a
2075 4395 2219 4450 facie
2247 4396 2516 4451 fremitus
2547 4396 2632 4450 tui
2683 4397 2764 4451 ita
2795 4395 3035 4452 multavi
3067 4412 3160 4451 me
3188 4395 3408 4468 ipsum,
3431 4403 3498 4453 ut
3529 4414 3653 4454 car-

235 4486 319 4537 καὶ
354 4488 390 4552 ἡ
425 4482 518 4537 διὰ
559 4488 660 4538 τοῦ
719 4489 815 4538 σοῦ
844 4487 1128 4562 προφήτου
1174 4486 1355 4548 Νάθαν
1401 4482 1623 4553 ἀπειλή.
1671 4483 1762 4538 Διὸ
1795 4483 1900 4536 ἀπὸ

237 4575 543 4648 προσώπου
595 4576 698 4637 τῆς
759 4568 1148 4648 έμϐριμήσεώς
1179 4595 1275 4628 σου
1317 4573 1548 4646 ἐμαυτὸν
1583 4573 1754 4633 οὕτως
1787 4569 1899 4626 ἰτι-

238 4664 620 4736 μωρησάμην,
665 4661 739 4723 ὡς
797 4661 1027 4717 κολάσαι
1084 4663 1181 4732 τὴν
1225 4662 1460 4736 ἐμαυτοῦ
1492 4661 1680 4737 σάρκα,
1714 4662 1804 4715 καὶ
1830 4661 1896 4714 τὰ

235 4749 366 4804 ὀστᾶ
424 4771 534 4822 μου
600 4753 676 4823 μὴ
735 4747 884 4826 ἔχειν
947 4752 1168 4827 εἰρήνην
1228 4752 1363 4808 Ἀπὸ
1420 4749 1716 4826 προσώπου
1785 4753 1892 4804 τῶν

234 4839 524 4914 ἁμαρτιῶν
562 4858 689 4911 μου.
723 4839 866 4904 Ἀνθ⁹
917 4841 979 4896 οὗ
1027 4841 1055 4895 ὁ
1106 4840 1436 4917 Σύμμαχος,
1469 4839 1566 4894 Διά
1593 4837 1687 4900 τὰς
1713 4837 1891 4912 ἀμαρ-

2013 4499 2146 4537 nem
2179 4499 2364 4538 meam
2397 4484 2821 4555 castigaverim,
2848 4491 2904 4540 et
2934 4501 3070 4540 ossa
3097 4502 3226 4541 mea
3255 4502 3371 4541 non
3404 4487 3656 4542 habeant

2010 4587 2234 4642 pacem,
2267 4572 2306 4626 Α
2335 4574 2478 4643 [acie
2504 4578 2876 4643 peccatorum,
2898 4590 3183 4630 meorum:
3211 4591 3314 4646 pro
3346 4592 3461 4647 quo
3489 4576 3654 4648 Sym-

2008 4659 2275 4729 machus,
2325 4661 2556 4728 Propter
2596 4666 2824 4732 peccata
2875 4677 3017 4726 mea,
3068 4663 3486 4734 interpretatus
3541 4668 3650 4718 est.

2003 4748 2179 4805 Vens.
2227 4749 2346 4803 5-7.
2387 4751 2664 4819 Quoniam
2715 4751 3038 4821 iniquitates
3092 4765 3234 4808 mea:
3289 4765 3650 4823 supergressa?

2000 4847 2130 4895 sunt
2155 4841 2318 4909 caput
2345 4852 2548 4910 meum,
2581 4842 2634 4895 et
2668 4840 2816 4896 sicut
2862 4855 2997 4896 onus
3025 4855 3190 4910 grave
3233 4844 3475 4911 gravata:
3519 4845 3648 4898 sunt

301 5012 321 5045 ³
353 5009 512 5066 Psal.
545 5026 741 5079 xxxv,
777 5010 864 5066 13.
940 5011 964 5044 ⁸
991 5009 1143 5067 Psal.
1176 5027 1331 5078 cvm,
1362 5011 1452 5067 24.
1530 5011 1551 5046 ⁸
1579 5010 1736 5068 Psal.
1769 5027 1845 5079 cr,
1875 5010 1931 5082 5,
1962 5010 2018 5065 6.
2093 5009 2115 5045 ⁸
2143 5007 2298 5066 Psal.
2325 5025 2405 5080 vr,
2433 5009 2489 5066 7.

299 5186 407 5251 ($8)
444 5182 596 5253 Editi
641 5185 698 5235 et
737 5197 882 5253 mss.
927 5173 1334 5253 παραλαϐόντα.
1365 5181 1476 5237 Sed
1527 5196 1662 5236 cum
1713 5179 1882 5250 illud,

223 5249 814 5329 uﬂalaéévtg,-huiq
844 5252 970 5329 loco
1001 5249 1308 5329 convenire
1324 5255 1430 5329 ‘vix
1459 5253 1667 5329 possit,
1686 5249 1884 5329 emené

224 5319 327 5384 dat
354 5324 770 5398 Combeﬂsius,
798 5324 1056 5396 legitque
1084 5319 1659 5398 προλαϐόνταοὀυ]υε
1690 5327 1882 5394 conje-

224 5409 476 5464 cturam,
510 5399 560 5455 si
615 5397 704 5452 vel
766 5414 922 5469 unus
980 5415 1089 5453 ms.
1130 5397 1368 5468 faveret,
1400 5398 1886 5469 amplecteremur

224 5472 382 5528 haud
417 5470 608 5528 inviti.
641 5470 730 5524 Ita
760 5468 1077 5536 edidimus,
1100 5471 1185 5526 uti
1207 5471 1427 5526 editum
1457 5468 1792 5526 invenimus
1823 5469 1882 5522 in

223 5543 680 5600 Commentariis
714 5539 973 5596 Eusebii.

443 5614 606 5697 ςοιι).
628 5613 875 5697 primus
905 5628 1040 5697 cunm
1073 5613 1209 5685 Reg.
1244 5613 1523 5697 secundo,
1554 5609 1687 5697 νόει.

306 5682 414 5762 (50')
443 5686 530 5745 Ite
575 5682 723 5744 editi
773 5698 911 5742 cum
958 5682 1099 5758 Reg.
1131 5682 1362 5758 quarto.
1407 5682 1522 5744 Alii
1567 5687 1688 5744 tres
1733 5697 1880 5744 mea.

1995 5178 2178 5236 αὐτόν.
2209 5183 2418 5262 Statim
2461 5183 2600 5256 Reg.
2649 5187 2856 5243 tertius
2909 5205 3043 5246 cum
3095 5189 3256 5246 Colb.
3307 5194 3489 5262 sexto,
3539 5210 3642 5245 πα·

1995 5251 2307 5327 ρεσταμένα.

2065 5328 2175 5407 (_51)
2202 5327 2292 5407 ita
2320 5326 2472 5407 .Reg.
2509 5330 2823 5387 secundus.
2856 5331 3008 5388 Editi
3040 5349 3172 5389 cum
3223 5334 3443 5407 aliquot
3492 5349 3636 5388 mss.

1993 5398 2220 5452 addunt
2249 5393 2355 5452 διά.

2065 5470 2174 5558 (ξὲ)
2208 5471 2353 5558 Ηειεξ
2378 5472 2604 5558 tertius,
2653 5470 2894 5558 κολάσει.
2945 5476 3076 5558 Non
3123 5477 3261 5558 Reg.
3290 5475 3631 5558 “secundus,

1993 5533 2511 5617 δι”έτέρωννλὸγων
2561 5533 2889 5602 ἀταπείνουν.
2940 5549 3160 5605 Ibidem
3207 5533 3366 5607 ἓοιδ.
3413 5533 3630 5613 sextus,

1991 5607 2042 5665 ἰν
2075 5607 2364 5683 νηστείαις.
