4108 6214
395 339 466 398 91
1341 336 1737 398 APPENDIX
1781 337 2108 399 OPERUM
2156 339 2220 398 S.
2267 337 2553 400 BASILII
2599 336 2869 401 MAGNI.
3722 336 3806 396 92

395 483 563 539 super
603 484 710 524 me.
757 468 1101 523 Pulruerunt
1154 474 1206 523 et
1260 471 1534 540 corrupte
1587 475 1720 524 sunt
1767 467 2047 524 cicatrices

2160 465 2277 530 τίας
2336 486 2459 539 μου.
2519 467 2643 524 Ὅτι
2693 467 2748 521 αἱ
2804 463 3024 540 ἀνομίαι
3075 486 3181 540 μου
3240 463 3513 542 ύπερῆραν
3568 469 3668 534 τῆν
3713 487 3807 524 κε-

397 573 555 623 mear',
589 575 623 613 a
652 558 797 628 facie
826 558 1172 628 insipientia,"
1210 573 1368 615 meae.
1402 557 1561 613 Miser
1603 559 1782 629 factus
1811 573 1954 624 sum,
1987 563 2043 613 et

395 656 653 704 curvatus
681 664 804 704 sum
833 663 1004 720 usque
1042 648 1100 702 in
1146 647 1312 717 ﬁnem
1342 646 1525 703 valde.
1558 646 2040 719 Quandoquidem

397 737 498 803 ait,
532 737 654 794 haec
704 755 738 792 a
785 753 879 792 me
922 741 1251 808 perpetrata
1293 741 1452 806 sunt,
1485 736 1556 791 ob
1587 736 1646 791 id
1681 736 1839 792 Miser
1864 740 2044 808 [actus

395 843 539 890 sum,
563 831 616 883 et
643 831 905 882 curvatus
933 843 1047 882 sum
1085 843 1254 898 usque
1285 827 1347 881 in
1376 827 1563 896 ﬁnem,
1597 827 1647 880 et
1668 829 1775 881 tota
1805 825 1896 880 die
1923 841 2045 881 con-

391 916 645 972 tristatus
674 915 1043 989 ingrediebar.
1056 917 1188 973 Jam
1211 931 1346 971 vero
1370 932 1473 988 per
1496 914 1618 970 haec
1639 913 1896 970 declarat
1916 932 2042 986 quas

393 1023 606 1078 passus
632 1006 730 1075 sit,
754 1011 811 1062 et
832 1007 1127 1078 quomodo
1149 1005 1220 1061 de
1247 1005 1443 1077 seipso
1475 1021 1678 1078 pmnas
1700 1005 2039 1076 sumpserit,

394 1111 510 1151 non
543 1096 614 1151 de
659 1112 776 1151 uno
825 1098 1060 1167 peccato
1109 1111 1395 1150 accusans
1448 1111 1532 1165 se,
1565 1095 1667 1149 sed
1720 1094 1791 1148 de
1839 1091 2043 1148 multis

395 1184 730 1255 acervatim,
763 1185 955 1256 iisque
1000 1184 1202 1255 tantis,
1237 1187 1303 1239 ut
1333 1200 1521 1255 neque
1551 1183 1706 1239 866
1749 1183 1910 1238 intus
1943 1183 2043 1238 ab-

394 1275 754 1330 scondantur
785 1274 844 1329 in
877 1274 1076 1330 anima
1123 1291 1252 1340 sua,
1275 1289 1466 1345 neque
1514 1273 1672 1328 intra
1719 1288 1930 1343 corpus
1960 1271 2043 1327 la-

389 1368 574 1430 teant,
605 1365 705 1420 sed
730 1363 925 1436 ipsum
947 1379 1332 1435 supergressa
1353 1365 1492 1429 sint,
1517 1363 1660 1417 adeo
1681 1366 1748 1416 ut
1768 1362 2043 1417 omnibus

383 1454 510 1526 jam
543 1458 682 1510 nota
714 1454 834 1509 sint
864 1469 929 1509 ac
950 1456 1274 1525 perspecta.
1303 1451 1488 1523 Igitur
1516 1453 1576 1506 in
1611 1451 1898 1524 principio
1931 1467 2045 1507 ser-

389 1542 606 1611 monis,
627 1541 754 1613 ipse
781 1541 874 1596 sui
906 1541 1097 1612 ipsius
1129 1544 1254 1594 erat
1277 1544 1615 1606 accusator;
1649 1540 1824 1610 idque
1846 1553 2041 1594 coram

388 1631 694 1698 omnibus;
723 1635 789 1685 ut
819 1629 878 1684 in
910 1629 1039 1702 ipso
1083 1628 1230 1684 illud
1283 1627 1504 1699 impleri
1558 1632 1757 1699 posset
1788 1643 1801 1683 :
1831 1627 2044 1682 Justus

392 1711 698 1776 accusator
722 1723 812 1774 est
841 1717 936 1773 sui
966 1717 1156 1790 ipsius
1175 1719 1217 1785 ⁷,
1241 1717 1602 1788 pravenions
1631 1732 2044 1789 quemcunque

390 1807 691 1864 hominem
710 1812 1134 1863 accusatorem.
1150 1807 1278 1877 Ipse
1295 1806 1534 1878 quidem
1548 1822 1676 1862 sese
1692 1806 2041 1861 condemna-

392 1898 493 1963 vit,
518 1897 618 1954 sed
669 1913 842 1953 omne
871 1896 1247 1952 inimicorum
1297 1912 1362 1951 os
1406 1893 1704 1968 oppilavit,
1727 1911 1860 1949 cum
1893 1893 2041 1949 nihil

393 1986 554 2043 aliud
574 1986 856 2042 adversus
873 2002 1007 2041 eum
1031 1985 1224 2042 dicere
1245 1990 1505 2059 possent.
1521 1985 1697 2041 Docet
1716 1989 1912 2040 autem
1935 2001 2041 2040 nos

392 2075 490 2132 hic
517 2091 733 2142 sermo,
762 2080 828 2130 ut
851 2091 923 2130 ne
954 2079 1156 2131 nostra
1185 2075 1448 2144 ipsorum
1471 2073 1627 2130 mala
1655 2074 2002 2145 obtegamus
2026 2090 2040 2128 :

393 2179 585 2236 neque
625 2168 862 2235 peccata
891 2168 1174 2236 tanquam
1222 2163 1588 2236 nigredinem
1631 2163 1949 2235 quamdam
1979 2179 2046 2218 ac

394 2253 767 2326 putredinem
799 2252 859 2308 in
905 2252 1022 2308 imo
1073 2253 1281 2308 animas
1328 2269 1565 2309 recessu
1614 2253 2042 2321 contineamus,

395 2342 651 2398 cauterio
681 2346 881 2397 notam
913 2341 1281 2398 conscientias
1314 2341 1412 2397 inu
1425 2346 1636 2398 rentes.
1659 2343 2045 2406 Quemadmo-

393 2431 534 2486 dum
583 2430 644 2484 in
697 2431 977 2486 febribus.
1012 2431 1081 2486 Et
1109 2447 1243 2487 vero
1274 2430 1472 2499 febris,
1506 2433 1648 2486 dum
1679 2431 1833 2486 intro
1880 2435 1938 2486 et
1984 2431 2045 2486 in

394 2518 785 2592 penitissimis
843 2520 1110 2592 partibus
1159 2521 1363 2592 serpit,
1398 2521 1670 2576 morbum
1718 2519 2043 2592 graviorem

393 2608 576 2664 efﬁcit
601 2625 614 2664 :
640 2608 691 2663 si
717 2625 851 2664 vero
883 2609 943 2664 in
966 2614 1229 2680 apertum
1263 2607 1476 2680 prodit,
1503 2626 1666 2680 spem
1700 2608 2043 2664 declinatio-

394 2699 489 2754 nis
519 2697 820 2754 ostendit:
855 2697 940 2753 sic
983 2701 1040 2753 et
1086 2697 1294 2752 animae
1342 2697 1641 2766 contingit.
1667 2697 1816 2761 Quin
1866 2697 2042 2752 etiam

399 2787 558 2844 aliud
591 2786 732 2864 quid
762 2790 1065 2859 expertum
1091 2804 1153 2842 se
1178 2786 1360 2842 fuisse
1381 2788 1550 2842 docet
1580 2786 1782 2852 David,
1806 2787 2006 2842 dicens
2029 2801 2042 2841 :

397 2877 554 2932 Sicut
579 2892 720 2931 onus
746 2892 916 2947 grave
944 2879 1187 2945 gravata:
1233 2880 1363 2931 sunt
1409 2893 1574 2948 super
1599 2892 1702 2932 me.
1737 2876 1883 2931 Nam
1918 2877 2047 2947 ejus

399 2964 660 3021 facinora
689 2965 1011 3037 gravabant
1055 2965 1245 3036 ipsius
1293 2965 1736 3035 conscientiam,
1769 2965 1852 3020 ita
1881 2969 1948 3020 ut
1975 2965 2047 3020 ob

396 3053 580 3111 animi
633 3054 1084 3126 generositatem
1118 3071 1184 3110 ac
1215 3055 1551 3118 candorem,
1583 3053 1685 3109 illa
1733 3055 1882 3110 ferre
1931 3070 2047 3109 non

397 3146 616 3215 posset.
639 3143 748 3207 Qui
786 3143 944 3198 enim
983 3143 1325 3212 praefractus
1357 3147 1464 3210 est,
1497 3148 1554 3198 et
1583 3143 1920 3210 induratus,
1951 3159 2046 3197 se-

399 3230 655 3286 cundum
674 3231 952 3285 duritiam
977 3247 1169 3296 suam,
1183 3236 1238 3286 et
1257 3232 1632 3302 imposnitens
1649 3247 1770 3299 cor,
1787 3231 2050 3302 congerit

399 3318 511 3377 sibi
565 3319 692 3390 ipse
738 3321 886 3373 iram
917 3319 976 3373 in
1009 3320 1102 3374 die
1149 3319 1249 3375 irae
1267 3321 1310 3389 ⁸,
1332 3320 1548 3391 quippe
1597 3319 1697 3392 qui
1749 3325 2046 3390 peccatum

398 3412 638 3481 peccato
659 3407 962 3479 adjungat,
983 3424 1207 3480 suaque
1229 3409 1518 3481 adaugeat
1538 3408 1710 3464 mala.
1736 3409 1869 3464 Cum
1890 3409 2044 3464 enim

396 3499 613 3555 venerit
642 3500 890 3568 peccator
917 3497 974 3551 in
993 3497 1333 3568 profundum
1352 3499 1647 3567 malorum,
1673 3500 1977 3554 contemnit
1994 3499 2046 3553 ἐ

396 3591 622 3654 contra,
658 3586 746 3642 vir
775 3585 995 3658 probus
1027 3585 1257 3642 etiamsi
1288 3585 1470 3642 semel
1501 3585 1815 3658 aliquando
1845 3586 2049 3659 lapsus

397 3676 576 3732 fuerit
604 3691 707 3748 per
735 3675 1055 3746 quamdam
1105 3673 1322 3730 diaboli
1372 3675 1831 3747 subreptionem,
1865 3677 2043 3732 maxi-

401 3781 639 3836 mopere
668 3767 944 3836 gravatur
982 3764 1110 3835 ejus
1159 3763 1536 3832 conscientia,
1570 3769 1636 3820 ut
1683 3781 1788 3822 nec
1840 3771 2052 3834 tacere,

401 3871 507 3911 nec
537 3870 712 3910 suum
759 3851 982 3908 malum
1015 3851 1309 3908 occultare
1339 3852 1545 3909 valeat.
1577 3855 1662 3909 Ea:
1705 3855 2053 3911 abundantia

403 3946 553 4002 enim
581 3942 760 3999 cordis
804 3959 863 3998 os
906 3942 1149 4013 loquitur
1171 3942 1234 3996 ιο.
1266 3942 1414 3999 Hinc
1461 3959 1594 3998 cum
1644 3941 1947 4000 silentium
2002 3944 2054 4000 ei

403 4032 842 4089 intolerandum
877 4036 1050 4100 esset,
1083 4047 1151 4086 ea
1177 4048 1304 4102 quin
1332 4030 1527 4103 ipsum
1560 4032 1924 4104 premebant,
1957 4050 2052 4105 pa-

403 4120 619 4184 tefecit,
652 4120 853 4177 dicens
882 4136 896 4175 ι
930 4120 1082 4176 Sicut
1107 4137 1249 4176 onus
1277 4137 1443 4190 grave
1469 4129 1706 4192 gravata
1732 4127 1861 4178 sunt
1888 4138 2056 4194 super

404 4229 513 4280 me,
546 4211 816 4267 videlicet
857 4210 1200 4283 iniquitates
1233 4228 1394 4268 mese.
1425 4213 1497 4267 Et
1539 4229 1747 4269 rursus
1777 4229 1790 4268 :
1819 4217 2054 4268 Patrue-

407 4304 541 4358 runt
567 4302 852 4356 cicatrices
896 4314 1039 4357 meae
1085 4317 1119 4355 a
1163 4301 1308 4371 facie
1354 4301 1693 4370 insipientia
1717 4316 1876 4358 mea.
1908 4303 2055 4358 Insi-

408 4388 693 4461 pientiam
750 4392 969 4454 autem,
1001 4388 1378 4461 insipientem
1435 4389 1720 4446 actionem
1777 4390 1851 4446 ab
1905 4389 2056 4446 insi-

409 4475 630 4549 pientia
659 4480 848 4533 ortam
897 4477 1182 4533 nominat.
1213 4481 1396 4534 Omne
1425 4478 1582 4534 enim
1622 4483 1925 4552 peccatum
1956 4496 2060 4552 per

2161 555 2340 634 φαλήν
2403 577 2528 630 μου,
2588 554 2714 610 ὡσεὶ
2799 557 3017 634 φορτίον
3104 555 3237 632 βαρὺ
3293 550 3659 632 ἱϐαρύνθησαν
3713 555 3801 613 ἐπ’

2158 645 2273 719 ἐμέ.
2328 644 2678 722 Προσώζεσαν
2734 645 2825 700 καὶ
2885 645 3156 717 ἐσάπησαν
3228 647 3279 700 οἱ
3341 645 3612 720 μώλωπές
3669 667 3799 719 μου,

2151 737 2257 790 ἀπὸ
2342 739 2639 811 προσώπου
2713 742 2812 805 τῆς
2889 734 3194 813 ἀφροσύνης
3267 757 3391 808 μου.
3453 732 3802 792 Ἐταλαιπώ-

2154 844 2314 899 ρησα,
2373 824 2463 879 καὶ
2540 826 2923 902 κατεκάμφθην
2999 823 3100 887 ἕως
3154 823 3348 888 τέλους
3401 821 3610 901 σφόδρα
3663 826 3803 900 (53)-

2153 911 2376 984 Ἐπειδὴ
2408 910 2536 968 τάδε
2588 934 2704 987 μοι,
2759 915 2915 990 φησὶ,
2965 914 3289 990 πέπρακται,
3335 912 3425 970 διὰ
3451 917 3612 969 τοῦτο
3641 915 3805 972 Ἑτα-

2155 1001 2505 1079 λαιπώρπσα,
2581 1004 2672 1058 καὶ
2753 1003 3138 1082 κατεκάμφθην
3223 1001 3326 1067 ἕως
3411 1002 3627 1074 τέλους,
3708 1005 3807 1060 καὶ

2153 1090 2290 1163 ὅλην
2339 1093 2438 1161 τὴν
2514 1093 2722 1167 ἡμέραν
2807 1092 3207 1170 σκυθρωπάζων
3284 1092 3648 1169 ἐπορευόμην.
3704 1093 3810 1149 Διὰ

2152 1182 2358 1236 τούτων
2413 1178 2471 1236 δὲ
2528 1181 2850 1256 παρίστησιν
2912 1181 2944 1235 ’ὰ
2999 1183 3255 1251 πέπονθε,
3287 1181 3378 1238 καὶ
3428 1181 3577 1244 δπως
3609 1183 3805 1237 ἑαυτὸν

2155 1271 2500 1345 ἐτιμωρεῖτο,
2561 1270 2623 1325 ού
2688 1270 2808 1344 μίαν
2889 1271 3059 1342 έαττῷ
3121 1276 3443 1347 κατηγορῶν
3509 1270 3804 1346 ἁμαρτίαν,

2155 1357 2279 1415 ἀλλ’
2323 1359 2531 1431 ἀθρόως
2577 1357 2812 1432 πολλὰς,
2837 1359 2927 1415 καὶ
2977 1359 3262 1430 τοσαύτας,
3323 1361 3399 1422 ὡς
3458 1359 3598 1433 μηδὲ
3645 1358 3805 1416 ἔνδον
3889 1374 3892 1376 ⁷

2155 1449 2478 1526 κρύπτεσθαι
2512 1447 2562 1503 έν
2623 1453 2691 1523 τῇ
2725 1449 2916 1503 ἑαυτοῦ
2975 1451 3149 1524 ψυχῇ,
3204 1447 3364 1522 μηδὲ,
3399 1449 3524 1505 εἴσω
3567 1453 3664 1504 τοῦ
3698 1451 3808 1504 σώσ

2159 1559 2328 1612 ματος
2387 1536 2692 1610 λανθάνειν,
2744 1536 2870 1593 ἀλλ’
2947 1533 3374 1614 ὑπερϐεϐηκέναι
3433 1537 3595 1593 αὐτοῦ
3662 1541 3803 1612 (54),

2157 1628 2296 1683 ὥστε
2351 1626 2440 1682 καὶ
2498 1632 2656 1682 πᾶσιν
2714 1626 2877 1689 αύτάς
2933 1627 3310 1702 γνωρίζεσθαι.
3359 1627 3532 1688 Αὐτὸς
3570 1630 3699 1701 γοῦν
3729 1627 3803 1697 ἧν

2153 1719 2455 1793 κατήγορος
2487 1717 2677 1771 ἑαυτοῦ
2732 1716 2785 1771 έν
2828 1715 3199 1792 πρωτολογίᾳ,
3231 1716 3320 1770 καὶ
3369 1715 3515 1790 παρᾶ
3551 1720 3667 1778 τοῖς
3693 1721 3803 1771 πᾶ-

2156 1828 2260 1875 σιν,
2289 1807 2363 1868 ὡς
2396 1802 2455 1860 ἄν
2502 1804 2825 1881 πληρωθείη
2859 1803 2944 1860 ἐπ’
3000 1804 3166 1877 αὐτῷ·
3201 1802 3416 1866 Δίκαιος
3457 1805 3645 1860 ἑαυτοῦ
3676 1825 3805 1860 κατ-

2154 1899 2377 1974 ήγορος,
2421 1896 2634 1972 φθάνων
2685 1895 2855 1949 πάντα
2911 1891 3188 1967 ἄνθρωπον
3236 1895 3568 1969 κασήγορον.
3626 1892 3804 1955 Αύτὸς

2157 1986 2252 2059 μὶν
2315 1985 2500 2039 ἑαυτὸν
2543 1982 2840 2058 κατέκρινε,
2901 1988 3003 2037 πᾶν
3087 1981 3145 2038 δὲ
3211 1983 3427 2059 ὶχθρῶν
3497 1981 3805 2061 ἀπέφραττε

2153 2075 2350 2147 στόμα,
2408 2075 2483 2146 μή
2545 2070 2787 2148 ἑχόντων
2845 2068 3025 2146 ἕτερόν
3083 2093 3135 2126 τι
3192 2073 3308 2127 κατ’
3366 2071 3530 2126 αὐτοῦ
3592 2069 3799 2147 λέγειν.

2153 2161 2402 2219 Διδάσκει
2460 2160 2517 2217 δὶ
2545 2164 2692 2235 ἡμᾶς
2743 2163 2772 2216 6
2824 2160 2988 2237 Λόγος
3046 2163 3120 2235 μὴ
3183 2160 3436 2236 κρύπτειν
3483 2159 3550 2216 τὰ
3597 2160 3800 2215 ἑαυτῶν

2153 2253 2310 2321 κακὰ,
2368 2248 2528 2324 μηδὲ,
2585 2251 2764 2326 ὥσπερ
2819 2251 2940 2304 τινὰ
2986 2247 3242 2322 μελανίαν
3301 2249 3391 2303 καὶ
3444 2252 3632 2323 σῆψιν,
3663 2250 3805 2304 κατά

2158 2344 2356 2419 βάθους
2415 2347 2515 2410 τῆς
2589 2342 2773 2415 ψυχῆς
2825 2340 3070 2414 συνέχειν
3124 2340 3192 2394 τά
3249 2340 3638 2415 ἁμαρτήματα,
3691 2339 3794 2408 τὴν

2156 2428 2459 2501 συνείδησιν
2517 2429 3067 2503 καυτηριαζομένους.
3125 2431 3325 2502 Ὥσπερ
3386 2426 3474 2482 ἐπὶ
3532 2432 3639 2483 τῶν
3692 2448 3794 2482 πυ-

2157 2525 2346 2597 ρετῶν,
2381 2516 2508 2573 εἷ’σω
2543 2517 2638 2591 μὲν
2686 2517 2777 2571 καὶ
2825 2519 2960 2572 κατὰ
3007 2516 3205 2592 βάθους
3259 2522 3460 2592 χωρῶν
3489 2517 3516 2572 6
3543 2516 3797 2592 πυρετὸς,

2159 2609 2376 2684 μείζονα
2430 2609 2528 2677 τὴν
2575 2606 2732 2661 νόσον
2765 2604 3060 2682 ἐργάζεται,
3145 2606 3424 2681 προκόψας
3508 2603 3566 2660 δὶ
3624 2604 3800 2679 τούμ-

2155 2699 2338 2778 φανὶς,
2398 2694 2593 2752 ἐλπίδα
2639 2702 2933 2772 παρακμῆς
3010 2695 3308 2773 ὑποφαίνεν
3368 2693 3510 2750 οὕτω
3564 2694 3653 2750 καὶ
3711 2692 3801 2748 ἐπὶ

2153 2795 2253 2857 τῆς
2285 2789 2470 2862 ψυχῆς
2528 2784 2586 2840 ἄν
2616 2788 2850 2862 γένοιτο.
2910 2783 3010 2839 Καὶ
3038 2781 3179 2840 ἄλλο
3212 2781 3269 2839 δέ
3310 2806 3363 2839 τι
3409 2781 3646 2838 διδάσκει
3674 2782 3799 2857 περὶ

2157 2877 2341 2932 ἑαυτὸν
2430 2875 2654 2950 γεγονὸς
2732 2874 2759 2928 ὁ
2844 2869 3037 2941 Δαὸἶδ,
3094 2870 3290 2948 λέγων·
3355 2873 3498 2928 Ὦσεὶ
3575 2872 3798 2951 φορτίον

2162 2967 2300 3042 βαρὺ
2359 2960 2726 3040 ἰϐαρύνθησαν
2784 2961 2865 3017 ἐπ’
2924 2961 3039 3035 ἰμέ.
3094 2958 3309 3038 Ἐϐάρει
3354 2962 3456 3038 γὰρ
3505 2961 3666 3016 αύτοῢ
3695 2960 3799 3028 τὴν

2157 3052 2458 3124 συνείδησιν
2511 3054 2579 3108 τὰ
2614 3049 3002 3125 τετολμημένα
3057 3051 3229 3124 αὐτῷ,
3281 3051 3356 3113 ὡς
3414 3051 3488 3123 μή
3544 3046 3800 3104 δύνασθαι

2165 3143 2444 3219 βαστάζειν
2499 3141 2632 3196 αύτά
2679 3138 2750 3194 δι’
2807 3138 3070 3214 εὐγένειαν
3117 3139 3207 3195 καὶ
3256 3138 3666 3212 εὐγνωμοσύνην
3696 3140 3801 3210 ψυ-

2161 3239 2294 3308 χῆς.
2344 3231 2404 3287 Ὁ
2461 3231 2554 3303 μὲν
2609 3229 2712 3304 γὰρ
2769 3228 3084 3301 ἀτεράμνων
3144 3228 3233 3282 καὶ
3263 3225 3634 3304 ἀπόσκληρος,
3665 3227 3807 3281 κατᾶ

2153 3322 2252 3389 τήν
2287 3317 2640 3394 σκληρότητα
2689 3319 2878 3373 ἑαυτοῦ
2925 3320 3037 3391 (55)
3095 3317 3184 3372 καὶ
3243 3317 3610 3390 ἀμετανόητον
3669 3335 3800 3389 καρ-

2158 3408 2293 3480 δίαν,
2328 3406 2638 3484 θησαυρίζει
2672 3407 2844 3479 ἑαυτῷ
2895 3405 3064 3480 ὀργὴν
3121 3405 3172 3461 έν
3223 3407 3405 3480 ἡμέρᾳ
3462 3405 3650 3481 ὀργῆς,
3686 3401 3801 3458 ἐπι-

2156 3498 2445 3571 σπώμενος
2504 3494 2771 3572 ἁμαρτίαν
2831 3494 2912 3573 έφ⁹
2941 3495 3234 3571 ἁμαρτίας,
3286 3491 3457 3567 αὔξων
3502 3495 3569 3548 τὰ
3611 3493 3802 3548 ἑαυτοῦ

2157 3588 2312 3643 κακά·
2399 3587 2560 3643 Ὅταν
2647 3584 2748 3660 γὰρ
2852 3580 2986 3659 ἔλθῃ
3074 3581 3402 3660 ἁμαρτωλὸς
3473 3582 3551 3644 εἷς
3639 3581 3800 3656 βάθος

2158 3681 2360 3744 κακῶν,
2417 3679 2761 3754 καταφρονεῖο
2815 3675 2842 3729 6
2903 3674 2957 3728 -ὶ
3027 3672 3345 3750 εὐγνώμων,
3403 3670 3448 3727 εί
3517 3670 3605 3726 καὶ
3664 3670 3800 3739 ἅπαξ

2158 3767 2290 3822 ποτὶ
2322 3763 2630 3834 ὀλισθήσειε
2658 3762 2795 3818 κατά
2821 3782 2938 3816 τινα
2993 3765 3090 3816 τοῦ
3141 3756 3402 3816 διαϐόλου
3434 3758 3802 3834 ωναρπάγὴν,

2161 3854 2348 3919 δεινῶς
2407 3854 2647 3930 βαρεῖται
2704 3852 2805 3921 τὴν
2892 3847 3218 3922 συνείδησιν,
3276 3850 3351 3912 ὡς
3411 3849 3488 3923 μὴ
3549 3845 3806 3907 δύνασθας

2160 3949 2338 4020 σιγᾷν,
2375 3939 2515 4016 μηδὲ
2569 3939 2824 4015 κρύπτειν
2878 3938 2940 3994 τὸ
2996 3939 3186 3993 ἑαυτοῦ
3243 3937 3431 3993 κακόν.
3476 3938 3570 3994 Ἐκ
3616 3954 3803 4008 περισ-

2163 4034 2429 4107 σεύματος
2484 4034 2611 4106 γοῦν
2665 4026 2889 4104 καρδίας
2936 4027 2998 4083 τὸ
3053 4027 3230 4100 στόμα
3285 4024 3464 4082 Ααλεῖ.
3512 4025 3668 4082 Ὅθεν
3724 4023 3800 4096 μή

2163 4123 2337 4202 φέρων
2374 4123 2600 4189 σιωπᾷν,
2648 4117 2868 4195 ἐξέφηνε
2919 4115 2987 4202 τὰ
3042 4114 3338 4191 συνέχοντα
3385 4113 3570 4202 αὐτὸν,
3603 4110 3800 4202 λέγων·

2163 4197 2303 4265 Ὥσεὶ
2362 4207 2585 4287 φορτίον
2655 4205 2790 4283 βαρὺ
2877 4201 3246 4281 ἐϐαρύνθησαν
3320 4202 3406 4258 ἐπ’
3460 4201 3576 4277 ὶμέο
3635 4197 3806 4270 δῆλον

2166 4300 2244 4370 δὶ,
2277 4298 2360 4354 δτι
2409 4299 2465 4353 αἱ
2510 4297 2732 4370 ἀνομίαι
2787 4317 2912 4369 μου.
2971 4294 3068 4349 Καὶ
3124 4291 3315 4349 πάλινο
3362 4292 3712 4367 Ηροσώζεσαν
3753 4288 3805 4343 οἱ

2169 4387 2443 4464 μώλωπές
2504 4407 2608 4460 μου
2665 4385 2770 4441 ἀπὸ
2821 4384 3117 4461 προσώπου
3164 4389 3264 4452 τῆς
3320 4381 3627 4460 ἀφροσύνης
3678 4399 3803 4453 μου.

2167 4475 2504 4556 Ἀφροσύνην
2566 4472 2624 4529 δὲ
2709 4472 2965 4546 ὀνομάζει
3021 4472 3119 4541 τὴν
3200 4469 3407 4549 ἄφρονα
3485 4468 3674 4543 πρᾶξιν
3752 4465 3803 4556 ἐξ

410 4564 813 4635 insipientiam
844 4565 1203 4637 admittitur;
1231 4566 1415 4624 virtus
1437 4571 1633 4624 autem
1664 4585 1798 4625 cum
1829 4569 1907 4626 sit
1932 4569 2048 4642 ipsa

2168 4565 2476 4646 ἀφροσύνης
2536 4561 2856 4640 γενομένην.
2947 4563 3056 4619 Ηᾶν
3127 4561 3230 4637 γὰρ
3298 4559 3599 4634 ἁμάρτημα
3672 4555 3807 4610 κατὰ

413 4654 745 4728 prudentia,
771 4672 1136 4729 quaecunque
1164 4658 1490 4713 secundum
1520 4658 1710 4730 ipsam
1744 4658 1912 4726 ﬁunt,
1936 4659 2058 4714 hac

409 4742 584 4800 laude
627 4761 694 4800 ac
721 4744 940 4802 virtute
981 4745 1158 4816 digna
1209 4745 1483 4802 declarat.
1505 4748 1613 4802 Sed
1645 4751 1704 4802 et
1732 4763 1801 4803 ea
1830 4763 1960 4819 quae
1991 4763 2060 4803 ex

411 4833 724 4904 prudentia
765 4835 936 4903 fiunt,
977 4834 1216 4906 pariunt
1263 4835 1470 4890 animm
1519 4835 1867 4892 sanitatem:
1913 4835 2060 4891 insi-

407 4923 630 4992 pientia
650 4939 784 4980 vero
813 4922 1058 4980 vulnera
1087 4941 1154 4980 ac
1184 4924 1403 4980 vibices
1433 4925 1629 4981 infert.
1651 4925 1759 4992 Qui
1788 4924 1970 4998 igitur
1999 4926 2058 4981 in

408 5012 663 5084 peccatis
709 5017 1103 5086 perseverant,
1134 5014 1509 5087 gaudentque
1538 5013 1600 5069 in
1643 5014 1792 5088 ipsis
1821 5019 1879 5073 et
1907 5014 2060 5073 dele-

2168 4654 2475 4736 ἀφροσύνην
2533 4652 2758 4730 γίνεται*
2793 4651 2956 4728 ἀρετὴ
3017 4647 3074 4704 δὶ
3106 4648 3238 4705 οὖσα
3283 4650 3318 4718 ἡ
3369 4647 3642 4736 φρόνησις.
3675 4646 3808 4700 πάν-

2165 4735 2232 4802 τα
2258 4745 2327 4801 τὰ
2374 4744 2492 4799 καθ’
2552 4742 2744 4810 ἑαυτὴν
2805 4738 3151 4816 πραττόμενα
3203 4735 3423 4793 ἐπαίνου
3473 4735 3562 4791 καὶ
3610 4735 3805 4812 ἀρετῆς

2169 4832 2288 4906 ἄξια
2345 4831 2654 4910 ἀποφαίνει.
2687 4827 2861 4886 Ἀλλά
2884 4828 2973 4882 καὶ
3001 4826 3181 4902 ὑγείας
3213 4825 3320 4880 ἐστὶ
3352 4828 3420 4899 τῇ
3447 4826 3600 4899 ψυχῇ
3640 4843 3804 4892 ποιη-

2168 4922 2294 4978 τικὰ
2339 4921 2406 4976 τὰ
2452 4918 2588 4976 κατά
2634 4917 2894 4996 φρόνησιν
2977 4916 3250 4992 γινόμενα·
3323 4916 3359 4983 ἡ
3419 4910 3476 4968 δὶ
3529 4910 3803 4990 ἀφροσύνη

2169 5009 2457 5089 τραύματα
2509 5006 2601 5063 καὶ
2655 5005 2936 5081 μώλωπας
2991 5001 3368 5079 ἀπεργάζεται.
3445 5001 3513 5060 Οἱ
3568 4999 3663 5075 μὶν
3715 4996 3806 5056 οὖν

481 5181 502 5217 ⁷
532 5181 698 5238 Prov.
726 5199 888 5252 xvm,
922 5183 1009 5239 17.
1085 5183 1106 5218 ⁸
1135 5183 1301 5239 Rom.
1338 5199 1402 5252 ιι,
1431 5183 1491 5238 5.
1565 5184 1586 5219 ⁸
1613 5187 1781 5241 Prov.
1814 5202 1974 5258 xvm,
2005 5187 2048 5242 3.

2160 5185 2183 5222 °
2212 5181 2417 5243 Matth.
2449 5198 2552 5252 xu,
2580 5177 2671 5241 34.

483 5352 597 5426 (53)
627 5353 713 5410 Ita
733 5353 1049 5429 qolbertini
1074 5354 1314 5429 primus
1335 5357 1390 5409 et
1419 5357 1619 5429 sextus
1647 5355 1873 5429 etReg.
1898 5357 2066 5429 quin-

411 5421 510 5501 tus
540 5421 676 5482 eum
706 5427 964 5501 editione
993 5421 1170 5483 Basil.
1195 5428 1263 5482 At
1283 5426 1446 5501 deest
1467 5421 1681 5501 σφόδρα
1710 5427 1771 5484 in
1803 5421 1978 5486 editis
2008 5433 2066 5486 et

415 5498 476 5552 in
507 5514 624 5554 uno
655 5503 758 5554 aut
787 5498 969 5556 altero
1001 5515 1114 5554 ms.
1147 5499 1385 5569 etapud
1421 5496 1579 5554 LXX.

489 5570 600 5643 (54)
634 5569 773 5643 Reg.
808 5573 1123 5643 secundus,
1172 5568 1358 5643 αρτάς.
1410 5569 1541 5643 Mox
1590 5575 1844 5643 quatuor
1891 5589 2060 5642 mss.,

417 5637 898 5715 παρὰ’τοῖς’πᾶσιν
939 5637 1146 5699 ἔαυτόν.
1178 5642 1302 5698 Vox
1341 5637 1523 5695 ἑαυτόν
1573 5637 1776 5701 deesse
1825 5637 2064 5718 quidem

2171 5356 2266 5413 hic
2296 5354 2521 5438 aliquid
2547 5357 2704 5438 certo
2744 5352 3011 5438 indicato:
3045 5353 3146 5410 sed
3179 5353 3321 5425 quid
3372 5353 3546 5428 desit,
3577 5371 3712 5412 cum
3744 5371 3816 5414 ex

2173 5424 2497 5512 ms§;\nihil
2527 5426 2896 5512 adiuvamur,
2927 5424 3118 5512 dicere
3149 5424 3265 5512 non
3297 5424 3634 5512 pgssumus.

2243 5495 2791 5572 (55)‘Reg._tértius,
2824 5495 3010 5553 αὐτοῦ.
3041 5497 3253 5572 Statim
3297 5495 3452 5572 idem
3501 5501 3700 5570 codex,
3722 5495 3816 5572 ἀφ’

2243 5519 2357 5570 (οῦ)
2391 5519 2529 5572 neg.
2563 5519 2791 5564 tertius,
2824 5519 3010 5553 αυτου.
3043 5519 3253 5554 atatim
3297 5519 3452 5554 luem
3501 5519 3700 5570 couex,
3733 5519 3757 5552 ε

2172 5568 2483 5647 ἁμαρτίαις.
2534 5570 2796 5628 Subinde
2848 5576 2970 5629 tres
3017 5587 3159 5627 mss.
3208 5567 3284 5629 εἰς
3335 5568 3494 5645 βάθη.
3527 5571 3679 5630 Editi
3714 5519 3813 5645 ﬂ:-

2173 5652 2288 5707 θος.
