4108 6214
249 392 341 452 93
1389 385 1722 446 HOMILIA
1765 383 1845 442 IN
1890 377 2266 442 PSALMUM
2313 377 2612 439 XXXVII.
3628 371 3708 431 94

243 520 346 576 ἀπὶ
421 525 552 583 τοῖς
615 520 1004 596 ἁμαρτήμασιν
1067 517 1410 591 ἐπιμίνοντες
1442 560 1456 586 ,
1516 514 1801 591 χαίροντες
1860 513 1944 568 ἐπ’

2060 509 2514 583 ctantur,porcis
2529 525 2652 565 sese
2678 507 2740 564 in
2761 507 2886 563 luto
2905 503 3381 578 provolventibus
3404 505 3545 558 sunt
3563 518 3707 559 con-

245 611 476 674 αὖτοῖς
523 609 612 664 καὶ
655 591 1002 681 ἀνηδόμενοι,
1062 607 1276 682 χοίροις
1325 603 1559 660 ἐοίκασιν
1620 601 1940 680 ἐγκυλιομὲ-

2060 600 2319 657 similes:
2356 599 2457 671 qui
2488 615 2620 655 vero
2653 597 2835 652 semel
2868 595 3094 668 lapsus,
3130 597 3330 665 postea
3391 591 3462 646 ad
3523 607 3585 647 se
3617 607 3708 647 ra-

246 720 390 761 νοις
465 695 768 775 βορϐόρῳο
912 692 969 750 ὃὶ
1029 679 1104 757 είς
1159 679 1293 765 ἅπαξ
1352 679 1686 764 ὁλισθήσας,
1760 690 1945 746 ἔπειτα

2060 706 2258 746 versus
2291 689 2521 759 est,jam
2549 687 2879 758 improbam
2903 685 3063 739 illam
3085 682 3373 738 actionem
3391 679 3706 735 utfetidam

251 783 575 842 ἀναλαϐὼν
636 786 845 853 ἑαυτὸν,
879 785 971 840 καὶ
1166 785 1264 852 τὴν
1330 783 1524 856 μιαοάν
1557 781 1763 852 ἐκείνην
1802 787 1944 856 πρᾶ-

2060 783 2111 835 et
2137 779 2428 850 impuram
2465 777 2860 833 abominetur.
2893 772 3029 829 Tale
3059 772 3200 844 quid
3251 787 3462 843 passus
3501 768 3707 837 David,

250 877 347 948 ξιν
389 877 476 937 ὡς
510 873 725 944 δυσώδη
770 874 858 928 καὶ
911 873 1210 948 ἀκάθαρτον
1261 870 1633 947 βδελύσσεται.
1683 869 1943 925 Τοιοῦτόν

248 987 313 1020 τι
353 964 653 1028 πεπονθὼς
707 965 735 1019 6
787 958 976 1035 Δαϐὶδ,
1012 963 1114 1018 ὑπὸ
1148 964 1543 1033 συναισθήσεως
1579 962 1768 1036 ὑγιοῦς
1801 960 1942 1033 ’ὀμο-

252 1053 489 1129 λογιῖ,
540 1053 718 1128 λέγων
754 1072 768 1086 ·
825 1051 1177 1126 Προσώζεσαν
1235 1052 1324 1107 καὶ
1386 1050 1655 1120 ἐσάπησαν
1713 1051 1764 1104 οἳ
1827 1049 1943 1122 μώ-

254 1143 472 1206 ).ωττές
547 1164 649 1217 μου
729 1142 835 1196 ἀπὸ
912 1142 1210 1217 προσώπου
1281 1147 1382 1211 τῆς
1451 1139 1757 1218 ἀφροσύνης
1814 1159 1937 1211 μου.

253 1233 436 1289 Ἐπεὶ
486 1234 670 1288 τοίνυν
733 1232 1114 1307 ὑπερήρθησαν
1176 1231 1229 1284 αἱ
1289 1229 1503 1300 ἀνομίαι
1539 1251 1642 1301 μου
1700 1227 1941 1298 πληθυν-

257 1325 509 1389 θεῖσαι,
583 1322 674 1377 καὶ
749 1323 850 1389 τῆς
906 1319 1150 1398 κεφαλῆς
1207 1319 1449 1395 ἀνώτερα
1505 1318 1769 1393 γενόμενα
1828 1320 1940 1390 (57)

257 1407 652 1485 ἐϐαρύνθησαν
714 1409 798 1464 ἔπ’
854 1409 972 1482 ἐμὲ,
1004 1411 1092 1464 καὶ
1129 1409 1476 1484 προσώζεσαν
1507 1407 1596 1461 καὶ
1644 1405 1938 1477 ἐσάπησανο

256 1500 483 1556 τούτου
538 1501 704 1574 χάριν
763 1498 1029 1570 ἰατρεύων
1089 1498 1320 1571 ἐμαυτὸν
1357 1545 1371 1571 ,
1429 1493 1937 1571 Ἑνταλαιπώρησα,

258 1590 360 1644 καὶ
426 1590 818 1667 κατεκάμφθην
876 1585 982 1650 ἓως
1038 1587 1250 1643 τέλουςο
1312 1587 1402 1642 καὶ
1461 1584 1585 1642 οὐδὲ
1640 1586 1776 1659 πρὸς
1812 1585 1937 1658 μίαν

260 1680 536 1752 ἡμέραν,
592 1677 717 1734 ουδὲ
775 1679 910 1754 πρὸς
976 1679 1236 1755 βραχεῖαν
1295 1676 1483 1752 ὥραν,
1558 1675 1704 1732 ἀλλὰ
1761 1680 1938 1731 [Ιᾶσαν

259 1771 490 1841 ἡμέραν
576 1770 985 1840 σκυθρωπάζων
1063 1767 1426 1844 ἐπορευόμην,
1505 1767 1566 1837 ἢ,
1637 1765 1772 1819 κατά
1845 1765 1936 1819 τὸν

2055 885 2124 925 ex
2155 886 2299 925 sana
2331 867 2688 923 conscientia
2719 866 3054 929 conﬁtetur,
3084 863 3285 918 diccus
3311 879 3324 917 :
3368 863 3708 916 Putruerunt

2052 968 2104 1016 et
2131 968 2407 1031 corruptae
2435 960 2562 1014 sunt
2586 959 2868 1013 cicatrices
2890 969 3030 1011 mea?
3077 971 3111 1008 a
3165 952 3310 1024 facie
3365 949 3708 1020 insipientia

2051 1065 2208 1107 meae.
2239 1050 2384 1105 Cum
2417 1048 2596 1120 igitur
2618 1043 3120 1116 meminiquitates
3149 1039 3572 1112 multiplicata),
3605 1056 3702 1094 su-

2053 1155 2372 1211 pergressa
2404 1137 2543 1205 sint,
2577 1154 2642 1194 ac
2668 1137 2857 1208 capite
2888 1133 3219 1206 superiores
3251 1131 3436 1198 facta,
3461 1132 3706 1202 gravatas

2053 1229 2176 1284 sint
2206 1245 2385 1300 super
2415 1244 2529 1296 me,
2563 1231 2618 1282 et
2650 1225 3057 1299 putruerintet
3086 1225 3370 1292 corrupta:
3385 1219 3503 1276 sint
3523 1238 3542 1274 :
3569 1236 3706 1290 pro-

2053 1323 2252 1390 pterca
2283 1319 2524 1373 medens
2557 1316 2699 1372 mihi
2731 1315 2866 1387 ipsi,
2898 1314 3058 1369 Miser
3079 1314 3257 1383 factus
3286 1328 3428 1379 sum,
3477 1313 3532 1365 et
3580 1325 3706 1363 cur-

2050 1412 2207 1462 vatus
2237 1424 2362 1463 sum
2387 1423 2554 1478 usque
2589 1409 2647 1460 in
2679 1405 2862 1461 ﬁnem.
2895 1408 3086 1473 Atque
3135 1417 3326 1471 neque
3383 1401 3453 1455 ad
3519 1413 3704 1453 unum

2052 1497 2229 1563 diem,
2266 1513 2452 1568 neque
2483 1496 2552 1550 ad
2586 1497 2818 1550 brevem
2851 1493 3078 1557 horam,
3112 1491 3212 1545 sed
3247 1489 3410 1544 Omni
3437 1489 3529 1544 die
3575 1503 3703 1543 con-

2051 1590 2298 1643 tristatus
2329 1587 2696 1658 ingrediebar.
2735 1590 2849 1640 Aut
2871 1586 3042 1655 juxta
3087 1579 3525 1654 Symmachum,
3586 1578 3702 1633 Tri-

2048 1681 2146 1736 stis
2175 1678 2600 1736 abambulubam
2629 1675 2842 1747 quippe
2874 1673 2975 1746 qui
3005 1672 3162 1727 circa
3208 1687 3276 1726 ea
3335 1686 3463 1742 qua:
3522 1686 3556 1723 a
3612 1682 3705 1722 me

2051 1775 2284 1844 patrata
2315 1773 2474 1835 sunt,
2508 1785 2620 1823 non
2679 1783 2869 1822 essem
2929 1763 3292 1830 indifferens,
3351 1777 3456 1816 nec
3515 1757 3705 1814 elatus

266 1864 621 1932 Συμμαχον,
683 1858 1010 1934 σκυθρωπὸς
1061 1858 1440 1931 περιεπάτουν·
1477 1855 1576 1910 οὐκ
1629 1853 1935 1932 ἀδιαφορῶν

2060 1877 2240 1918 assem
2274 1865 2338 1916 ut
2369 1861 2803 1931 rex,propterea
2821 1855 2972 1927 quod
2998 1851 3184 1925 judici
3205 1849 3703 1918 nullisubessem;

266 1947 361 2002 ἐπὶ
396 1953 510 2002 τῶν
544 1947 945 2022 πεπραγμὶνων
981 1968 1095 2020 μοι,
1129 1943 1242 2001 οὐδ’
1282 1948 1370 2000 οἷα
1425 1943 1677 2020 βασιλεὺς
1731 1942 1945 2018 ἰπαιρό-

281 2057 474 2110 μενος,
511 2033 605 2090 διὰ
631 2037 697 2090 τὸ
727 2033 920 2109 μηδΑεί
950 2039 1109 2112 κριτῇ
1145 2035 1478 2090 ὑποκεῖσθαι’
1514 2030 1600 2088 διὰ
1648 2029 1704 2086 δὲ
1732 2033 1822 2087 τὸν
1854 2032 1944 2086 σὸν

276 2121 457 2204 φόϐον
488 2125 584 2179 καὶ
613 2126 716 2194 τήν
750 2126 846 2193 σὴν
877 2119 1236 2200 ἐμϐρίμησιν,
1268 2122 1406 2194 ὅλην
1435 2125 1534 2193 την
1576 2123 1785 2198 ἡμέραν
1819 2143 1946 2176 σκυ-

276 2216 593 2288 θρωπάζων
629 2212 992 2288 ἐπορευόμην.

353 2306 407 2359 4.
469 2308 595 2357 Ὀτι
651 2304 705 2356 αἱ
776 2302 904 2375 ψόαι
961 2323 1064 2376 μου
1123 2300 1474 2372 ἒπλήσθησαν
1533 2300 1946 2376 ἐμπαιγμάτων,

275 2392 370 2446 καὶ
422 2391 529 2446 οὐκ
577 2386 724 2445 ἔστιν
769 2389 909 2453 ἴασις
976 2391 1026 2445 ἐν
1082 2395 1148 2465 τῇ
1210 2389 1365 2465 σαρκί
1421 2411 1525 2464 μου
1556 2435 1569 2446 .
1630 2392 1944 2460 Ἐκακώοην

277 2480 372 2535 καὶ
441 2481 820 2550 ἐταπεινώθην
877 2479 984 2542 ἕως
1041 2477 1284 2557 σφόδρα,
1345 2479 1605 2554 ὠρυόμην
1661 2479 1766 2535 ἀπὸ
1832 2500 1948 2535 ns‘

278 2573 497 2644 ναγμοῦ
576 2576 681 2639 τῆς
757 2567 979 2640 καρδίας
1058 2591 1201 2643 μου.
1278 2569 1458 2644 Κύριε,
1535 2568 1770 2624 ἱναντίον
1851 2590 1946 2624 σου

281 2663 422 2713 πᾶσα
480 2661 522 2728 ἡ
582 2657 851 2730 ἐπιθυμία
911 2679 1037 2732 μου,
1097 2658 1187 2713 καὶ
1246 2659 1274 2713 6
1333 2659 1627 2733 στεναγμός
1690 2679 1793 2732 μου
1841 2658 1946 2713 ἀπὸ

285 2752 379 2800 σοῦ
437 2746 544 2801 οὐκ
619 2743 927 2820 ἀπεκρύόη.
1005 2747 1150 2802 ’Δντὶ
1225 2751 1341 2815 τοῦ,
1402 2748 1455 2800 ai
1510 2747 1638 2820 ψόαι
1700 2769 1804 2820 μου
1860 2746 1944 2802 ἐν·

283 2836 647 2906 “ﬁnisﬁnem
722 2834 1137 2912 ἐμπαιγμάτων,
1217 2837 1244 2891 6
1321 2835 1576 2903 ’Δκύλας,
1636 2837 1717 2891 ὅτι
1771 2833 1944 2908 ἐπλη-

290 2928 548 3000 ρώθησαν
608 2926 666 2978 αἱ
718 2922 948 3000 λαγόνες
1005 2925 1223 2999 ἀτιμίας
1285 2928 1417 2999 (58),
1477 2923 1594 2980 ὁδὶ
1626 2925 1944 2998 Σὸμματος,

289 3016 366 3070 ὅτι
426 3016 485 3068 αἱ
547 3014 684 3088 ψύαι
744 3035 848 3087 μου
921 3013 1268 3086 ὶπλήσθησαν
1325 3015 1584 3088 ἀτιμίας,
1644 3012 1942 3069 ἐκδεδώκα-

288 3127 386 3160 σιν.
452 3105 558 3158 Καὶ
621 3101 707 3158 διὰ
734 3108 892 3159 τοῦτο
925 3103 1000 3166 εἷς
1038 3104 1340 3177 ὑπόμνησιν
1381 3104 1552 3160 ἐλθὼν
1583 3111 1681 3173 τῆς
1711 3104 1942 3178 αἰσχρᾶς

284 3194 373 3247 καὶ
404 3193 617 3266 ἀτίμου
649 3194 910 3266 πράξεως,
942 3197 1022 3266 τῷ
1052 3191 1318 3269 ἐρρῶσθαι
1368 3193 1515 3266 αὐτῷ
1543 3193 1605 3247 τὸ
1633 3195 1731 3262 τής
1760 3196 1944 3268 ψυχῆς

2057 1955 2116 2006 at
2144 1967 2276 2006 vero
2308 1949 2380 2005 ob
2413 1952 2581 2003 tuum
2614 1947 2883 2002 timorem
2917 1949 2974 1999 et
3001 1948 3161 1998 tuam
3214 1939 3702 2013 indignationem,

2055 2041 2179 2094 tota
2210 2039 2304 2094 die
2334 2037 2750 2094 constristatus
2780 2032 3168 2106 ingrediebar.

2129 2307 2278 2363 867
2309 2306 2360 2362 4.
2396 2305 2567 2361 Vens.
2599 2304 2752 2358 8-10.
2788 2302 3059 2371 Quoniam
3113 2298 3292 2354 lumbi
3336 2297 3448 2352 mei
3493 2295 3708 2368 impleti

2055 2405 2182 2452 sunt
2211 2395 2588 2465 illusionibus,
2620 2401 2672 2449 ct
2698 2408 2808 2448 non
2837 2399 2916 2448 est
2962 2391 3172 2446 sanitas
3230 2390 3289 2444 in
3342 2403 3507 2444 carne
3561 2403 3706 2441 mea.

2055 2485 2311 2556 Afﬂictus
2341 2502 2465 2540 sum
2494 2489 2546 2539 et
2577 2483 2912 2537 humiliatus
2931 2497 3055 2535 sum
3101 2480 3289 2549 nimis,
3341 2476 3626 2546 rugiebam
3677 2493 3711 2530 a

2055 2576 2255 2644 gemita
2277 2573 2458 2630 cordis
2480 2574 2611 2643 mei,
2645 2572 2891 2641 Domine,
2925 2572 3051 2625 ante
3076 2573 3128 2624 te
3168 2583 3326 2624 omne
3373 2566 3713 2622 desiderium

2055 2680 2258 2734 meum,
2291 2668 2340 2719 et
2360 2665 2594 2735 gemitus
2625 2678 2776 2717 meus
2807 2679 2840 2716 a
2871 2665 2921 2716 te
2950 2677 3064 2714 non
3095 2663 3173 2715 est
3202 2657 3567 2714 absconditus.
3601 2660 3711 2711 Pro

2055 2751 2188 2809 hoc.
2216 2753 2413 2809 Lumbi
2441 2755 2553 2807 mei
2608 2753 2820 2823 impleti
2873 2757 3006 2806 sunt
3058 2747 3443 2815 illusionibus,
3501 2744 3713 2816 Aquila

2059 2843 2322 2914 quidem,
2353 2843 2639 2912 Quoniam
2661 2841 2888 2910 impleta
2918 2848 3047 2894 sunt
3078 2840 3180 2893 illa
3210 2854 3328 2892 mea
3375 2835 3707 2905 ignominia,

2054 2931 2440 3000 Symmachus
2469 2947 2622 3000 vero,
2657 2931 2931 2998 Quoniam
2964 2928 3136 2982 lambi
3165 2928 3276 2980 mei
3319 2925 3533 2995 impleti
3576 2924 3706 2978 sunt

2051 3021 2389 3095 ignominia,
2423 3018 2785 3090 interpretati
2819 3021 2977 3073 sunt.
3011 3017 3081 3070 Et
3129 3032 3257 3070 eam
3315 3014 3387 3069 ob
3447 3029 3704 3070 causam.

2051 3110 2326 3183 turpisac
2357 3109 2734 3182 ignominiosi
2783 3108 3058 3164 facinoris
3110 3106 3468 3169 recordatus,
3530 3104 3706 3159 obﬁr-

2057 3205 2214 3256 mato
2247 3201 2456 3256 animai
2489 3218 2606 3256 sua:
2639 3217 2840 3266 sensu,
2875 3199 2993 3254 haec
3043 3197 3312 3253 dicebat:
3363 3197 3706 3251 Putruerunt

287 3283 697 3355 αἷσθητήριον,
774 3286 940 3337 ταῦτα
1015 3276 1204 3358 ἔλεγε⁸
1274 3283 1591 3356 Προσώζεαν
1661 3282 1749 3336 καὶ
1822 3281 1940 3336 ἐσά-

2060 3298 2106 3345 et
2123 3299 2398 3362 corrupta:
2421 3294 2552 3344 sunt
2580 3291 2866 3345 cicatrices
2908 3303 3042 3344 mea:
3080 3303 3121 3342 a
3166 3287 3310 3355 facie
3365 3286 3709 3356 insipientia:

282 3393 467 3440 πησαν
529 3373 584 3426 οἱ
645 3371 918 3444 μώλωπές
980 3393 1086 3444 μου
1143 3372 1248 3426 ἀπὸ
1305 3373 1602 3447 προσώπου
1625 3379 1724 3441 τῆς
1772 3371 1943 3448 ἀφροο

286 3462 456 3530 σύνης
523 3482 656 3533 μου.
711 3462 812 3516 Διὰ
866 3458 1008 3516 τίδὲ
1063 3462 1432 3537 προσώζεσαν,
1486 3460 1694 3537 ἐπάγει,
1746 3459 1944 3536 λέγων’

284 3553 407 3608 Ὅτι
469 3551 527 3604 αἱ
588 3549 719 3623 ψόαι
795 3571 898 3622 μου
955 3549 1302 3620 ἐπλήσθησαν
1363 3549 1756 3625 ἐμπαιγμάτων
1791 3595 1806 3618 ,
1887 3549 1946 3618 ἢ,

287 3641 340 3693 αἱ
399 3637 646 3712 λαγόνες
709 3660 814 3711 μου
873 3638 1112 3712 ἀτιμίας
1174 3639 1391 3712 ᾐνίξατο
1450 3636 1507 3694 δὲ
1539 3637 1626 3694 8ιά
1653 3638 1859 3693 τούτων
1886 3639 1949 3693 τὸ

286 3726 431 3789 εἶδος
480 3734 584 3796 τῆς
651 3726 883 3802 αἰσχρᾶς
941 3728 1202 3803 πράξεως.
1247 3727 1374 3784 Εἶτα
1417 3729 1600 3783 ἑαυτὸν
1642 3728 1953 3802 ἀνακτώμε-

287 3839 376 3879 νος
459 3811 688 3893 διε-τεν·
759 3815 871 3874 Οὔκ
944 3814 1083 3871 ἔστιν
1160 3814 1298 3880 ἴασις
1353 3816 1405 3872 ἐν
1473 3821 1540 3892 τῇ
1603 3819 1756 3894 σαρκί
1824 3839 1947 3890 μου,

287 3903 520 3974 Ἐπειδή
585 3906 691 3982 γάρ
753 3906 805 3959 αἱ
853 3905 980 3980 ψόαι
1015 3927 1121 3980 μου
1152 3904 1500 3978 ἂπλήσθησαν
1528 3906 1949 3982 ἐμπαιγμάτων,

288 3993 376 4050 διὰ
430 4000 627 4065 τοῦτο,
674 3995 858 4073 φησὶν,
921 3994 992 4058 εἷς
1055 3998 1336 4070 μετάνοιαν
1390 4002 1498 4052 τῶν
1558 3997 1948 4074 πεπραγμένων

287 4085 494 4157 ὶλθὼν,
554 4085 658 4153 τὴν
706 4083 942 4158 ἐμαυτοῦ
999 4086 1166 4160 σάρκα
1196 4084 1415 4156 κολάζω
1444 4087 1533 4141 καὶ
1575 4091 1948 4162 τιμωροῦμαι’

289 4173 372 4229 διό
437 4191 614 4251 φημι·
675 4173 791 4230 Οὔκ
839 4172 979 4228 ἔστιν
1037 4171 1176 4236 ἱάσις
1229 4173 1280 4230 ἐν
1337 4179 1405 4249 τῇ
1439 4175 1594 4251 σαρκί
1629 4176 1856 4249 μου’ὡς
1889 4175 1949 4230 ἂν

289 4262 558 4332 δυνηθείη
625 4263 758 4318 ποτὶ
824 4263 1172 4338 κατορθώσας
1243 4263 1410 4320 εἰπεῖν
1439 4285 1452 4296 '
1514 4265 1574 4321 Εἰ
1631 4265 1720 4320 καὶ
1771 4266 1799 4320 6
1851 4261 1952 4336 ἔξω

289 4355 461 4424 ἡμῶν
509 4349 798 4426 ἅνθρωπος
856 4351 1124 4430 φθείρεται
1184 4355 1333 4426 (59),
1391 4351 1518 4409 ἀλλ’
1576 4354 1604 4409 6
1663 4351 1769 4408 ἔσω
1827 4355 1952 4408 ἀνα-

296 4444 612 4497 καινοῦται.
694 4441 796 4497 Καὶ
870 4440 1120 4516 ἀνωτέρω
1205 4440 1264 4496 δὶ
1345 4439 1545 4519 ἔλεγεν·
1623 4442 1737 4501 Οὐκ
1810 4439 1950 4498 ἔστιν

299 4528 444 4593 ἴασις
509 4529 561 4585 ἐν
623 4533 693 4605 τῇ
747 4529 905 4603 σαρκί
966 4551 1093 4604 μου,
1151 4531 1242 4586 καὶ
1300 4531 1402 4588 οὐκ
1457 4529 1598 4587 ἔστιν
1658 4531 1849 4608 εἰρήνη
1899 4531 1950 4587 ἐν

295 4627 416 4683 τοῖς
480 4617 692 4674 ὀστέοις
757 4641 866 4693 μου
901 4664 913 4676 .
971 4620 1101 4675 Εἶτα
1167 4619 1400 4696 ἐπαγειο

295 4710 670 4779 ἕταπεινώθην
741 4706 847 4772 ἓως
900 4706 1125 4787 σφόδρα.
1183 4712 1357 4766 Τοῦτο
1417 4707 1474 4765 δὲ
1517 4711 1714 4784 ὲτὲρως
1761 4709 1812 4765 ἐν
1838 4717 1954 4774 τοῖς

297 4799 607 4873 ἔμπροσθεν
689 4795 937 4868 ἐδήλου,
1017 4800 1214 4873 φήσας·
1295 4799 1786 4877 Ἐταλαιπώρησα,
1862 4801 1950 4856 καὶ

296 4889 688 4964 κατικάμφθην
760 4883 866 4950 ἓως
940 4885 1150 4950 τέλους.
1206 4885 1372 4943 ’Ίὸιον
1428 4887 1634 4963 ἀνδρῶν
1696 4895 1949 4960 συνετῶν,

297 4978 358 5031 τὸ
392 4979 471 5050 μὴ
503 4976 816 5050 ἐπαίρεσθαι
879 4973 966 5030 ἐπὶ
1023 4981 1143 5038 τοῖς
1199 4977 1335 5032 κατά
1391 4975 1670 5053 πρόληψιν
1703 4979 1793 5034 καὶ
1825 5001 1952 5034 συν-

297 5068 549 5142 αρπαγῆν
620 5064 1131 5140 ἁμαρτανομένοις,
1188 5065 1312 5121 ἀλλ’
1371 5063 1633 5130 αἰδεῖσθαι
1683 5066 1772 5121 καὶ
1832 5067 1952 5144 ἀρυ-

297 5158 471 5231 θριᾷν,
525 5153 617 5208 καὶ
669 5154 769 5224 τὴν
829 5150 1130 5225 συνείδησιν
1205 5151 1576 5226 πλήττεσθαι,
1630 5157 1716 5211 οιαὶ
1762 5177 1950 5212 ταπει-

294 5249 537 5312 νοῦσθαι.
600 5243 663 5300 Ὁ
718 5242 814 5316 μὲν
864 5241 964 5319 γὰρ
1014 5237 1182 5298 Δαϐἱδ
1239 5243 1376 5316 πρὸς
1427 5243 1641 5309 τούτοις
1684 5244 1946 5322 ἀπιλὲγει·

363 5365 405 5401 ¹¹
433 5363 489 5418 ΙΙ
510 5365 642 5418 Cor.
669 5377 746 5430 xv,
783 5360 870 5416 16.

364 5481 476 5552 (56)
512 5479 656 5552 Reg.
691 5477 1008 5552 secundus.
1045 5478 1248 5552 ἑαυτόν,
1278 5481 1452 5542 οὗτος.

365 5551 678 5628 (57)Editi,
729 5551 1034 5626 γινόμεναι.
1094 5555 1164 5610 At
1214 5551 1468 5626 quatuor
1524 5571 1668 5612 mss.
1723 5553 1950 5631 γενόμεο

302 5645 398 5680 ναι.

370 5697 482 5771 (58)
514 5701 604 5754 Ita
622 5700 881 5768 quatuor
904 5697 1126 5755 mss.At
1147 5696 1314 5770 editi,
1342 5696 1399 5753 αἰ
1427 5695 1651 5775 λαγόνες
1686 5719 1792 5773 μου
1825 5698 1946 5754 ἀτι-

2058 3394 2214 3436 πιείε.
2248 3381 2364 3434 Cur
2393 3384 2587 3434 autem
2621 3381 2994 3452 putruerunt,
3027 3375 3210 3442 addit,
3271 3375 3510 3430 dicens:
3561 3375 3706 3442 Quo-

2058 3467 2212 3520 niam
2248 3467 2426 3521 lumbi
2456 3467 2566 3522 mei
2594 3466 2811 3537 impleti
2838 3468 2966 3520 sunt
3001 3462 3375 3530 illusionibus,
3434 3460 3543 3528 vel,
3603 3461 3707 3515 Illa

2062 3570 2179 3610 mea
2199 3556 2534 3626 ignominia.
2568 3555 2675 3610 Per
2705 3553 2825 3610 haec
2853 3559 3049 3608 autem
3082 3551 3276 3608 innuit
3324 3550 3514 3623 turpis
3575 3549 3710 3604 facti

2060 3643 2334 3714 speciem.
2369 3643 2586 3698 Deinde
2617 3643 2940 3698 resarciens
2972 3658 3122 3711 sese,
3175 3641 3410 3708 aiebat;
3463 3639 3581 3695 Non
3635 3645 3714 3694 est

2059 3733 2272 3788 sanitas
2293 3735 2352 3788 in
2381 3749 2704 3788 carnemca.
2738 3733 3026 3799 Quoniam
3059 3731 3217 3786 enim
3251 3730 3438 3785 lumbi
3463 3729 3580 3791 mei
3606 3729 3716 3783 im-

2063 3822 2200 3894 pleti
2235 3828 2374 3878 sunt
2400 3822 2794 3892 illusionibus,
2847 3822 3086 3886 idcirco,
3148 3819 3361 3890 inquit,
3426 3819 3718 3889 pmnitens

2064 3909 2219 3975 iacti,
2246 3910 2468 3981 castigo
2501 3909 2807 3982 plectoque
2837 3925 3069 3964 carnem
3107 3923 3319 3962 meam.
3353 3908 3721 3976 Quapropter

2061 3998 2371 4054 dicozNon
2400 4003 2476 4054 est
2505 4001 2720 4054 sanitas
2770 4001 2832 4053 in
2881 4014 3048 4054 carne
3077 4013 3218 4052 mea.
3272 3995 3344 4050 Ut
3404 3993 3718 4064 aliquando

2063 4092 2236 4159 queat
2264 4089 2611 4143 emendatus
2638 4087 2831 4143 dicere
2855 4105 2867 4142 :
2894 4088 3040 4144 Licet
3058 4088 3126 4152 is,
3159 4086 3259 4156 qui
3273 4084 3415 4154 foris
3430 4085 3722 4148 est,noster

2063 4177 2219 4233 homo
2250 4181 2675 4250 corrumpatur;
2705 4181 2894 4232 tamen
2924 4178 2972 4231 is
3002 4176 3099 4247 qui
3127 4176 3276 4229 intus
3321 4175 3425 4242 est,
3482 4187 3715 4227 renova-

2061 4265 2238 4320 tur“.
2271 4267 2380 4321 Sed
2429 4270 2485 4321 et
2536 4265 2812 4337 superius
2853 4263 3077 4320 aiebat:
3129 4263 3247 4318 Non
3295 4265 3375 4316 est
3410 4261 3622 4316 sanitas
3656 4261 3719 4315 in

2061 4376 2225 4417 cerne
2247 4379 2388 4428 mea,
2422 4365 2474 4417 et
2504 4377 2614 4417 non
2643 4369 2723 4417 est
2749 4378 2868 4433 pax
2896 4361 3106 4417 ossibus
3135 4360 3288 4414 meis.
3318 4357 3540 4414 Deinde
3570 4357 3711 4413 sub-

2064 4451 2182 4508 dit:
2215 4453 2441 4523 A/ﬁctus
2469 4469 2592 4507 sum
2620 4455 2674 4507 et
2704 4449 3044 4506 humiliatus
3073 4466 3201 4506 sum
3230 4448 3406 4504 valde.
3439 4451 3560 4504 Hoc
3612 4464 3717 4503 au-

2067 4545 2184 4596 tem
2216 4540 2390 4612 paulo
2422 4546 2556 4597 ante
2590 4541 2758 4596 aliter
2788 4538 3094 4613 expressit,
3126 4538 3219 4594 his
3257 4537 3453 4594 verbis
3487 4555 3500 4593 :
3559 4537 3721 4593 Miser

1477 4621 1787 4692 Ἐκὸκώθην
1863 4622 1945 4677 καῖ

2061 4630 2239 4704 factus
2271 4647 2415 4700 sum,
2448 4634 2499 4686 et
2526 4634 2783 4686 curvatus
2805 4646 2929 4684 sum
2950 4643 3117 4700 usque
3147 4629 3206 4683 in
3225 4627 3414 4697 ﬁnem.
3447 4626 3719 4681 Virorum

2065 4719 2442 4790 prudentium
2475 4719 2775 4790 proprium
2801 4723 2908 4788 est,
2946 4719 3016 4773 de
3047 4715 3301 4788 peccatis
3353 4730 3457 4787 per
3511 4729 3723 4785 prieoc-

2061 4805 2433 4878 cupationem
2465 4811 2521 4861 et
2560 4806 2998 4876 subreptionem
3031 4803 3311 4861 admissis
3345 4819 3459 4858 non
3504 4801 3716 4870 efferri,

2061 4897 2162 4951 sed
2195 4897 2416 4968 pudore
2439 4895 3117 4965 afﬁci,eterubescere,et
3137 4891 3497 4950 conscientia
3514 4889 3718 4963 pungi,

2062 5001 2128 5040 ac
2159 4983 2479 5040 humiliari.
2504 4983 2606 5039 His
2637 4983 2817 5056 igitur
2836 4983 3015 5040 David
3043 4981 3386 5055 subjungit:
3420 4979 3720 5052 Rugiebam

2061 5091 2102 5130 α
2129 5075 2341 5145 gemitu
2370 5073 2547 5129 cordis
2575 5074 2705 5128 mei.
2735 5074 2850 5128 Aut
2882 5073 3208 5129 secundum
3238 5069 3550 5144 Aquilam:
3599 5071 3725 5126 Frc-

2059 5163 2284 5219 mebam
2313 5181 2345 5218 a
2364 5163 2594 5234 fremitu
2623 5161 2807 5218 cordis
2839 5163 2972 5218 mei.
2993 5161 3120 5218 Non
3175 5161 3332 5217 enim
3391 5165 3458 5216 ut
3511 5157 3719 5215 multis

2063 5257 2238 5309 notus
2271 5253 2432 5322 ﬁam,
2463 5252 2637 5309 labiis
2661 5250 2973 5309 conﬁteor:
3019 5267 3224 5310 verum
3255 5250 3418 5308 intus
3474 5249 3536 5305 in
3587 5247 3718 5320 ipso

2070 5483 2196 5560 μίας
2225 5481 2510 5560 ἐκδέδωκε..
2545 5484 2645 5560 Καὶ
2677 5481 2804 5560 διά.
2851 5487 2988 5560 Reg.
3050 5487 3345 5544 secundus
3399 5497 3532 5541 cum
3589 5480 3712 5538 odi-

2059 5554 2217 5616 tione
2251 5558 2446 5628 Basil.,
2480 5554 2568 5611 διὰ
2595 5555 2821 5613 τούτων.

2129 5631 2242 5704 (59)
2257 5623 2892 5704 Colbertini_pri_muset
2917 5634 3134 5702 sextus,
3163 5624 3547 5704 διαφθείρεται.
3580 5623 3712 5679 Mox

2058 5697 2311 5775 quatuor
2341 5719 2512 5770 mss.,
2543 5697 2656 5756 εἶτα
2679 5697 2936 5775 ἐπιλέγει.
