4134 6212
357 291 435 352 95
1289 289 1688 353 APPENDIX
1731 287 2056 353 OPERUM
2103 288 2167 351 S.
2216 291 2502 354 BASILlI
2546 293 2824 355 MAGNI.
3686 297 3764 358 96

358 423 552 491 corde,
584 421 770 478 oculis
800 421 1038 487 clausis,
1068 421 1175 477 tibi
1206 422 1314 478 soli
1357 422 1701 477 abscondita
1771 421 1997 492 conspi-

2125 429 2398 505 Ὠρυόμην
2473 425 2578 479 ἀπὸ
2657 426 2958 498 στεναγμοῦ
3028 429 3129 492 τῆς
3202 419 3429 498 καρδίας
3506 444 3630 497 μου,
3707 423 3766 496 ἢν

359 511 535 565 cienti
567 512 809 566 ostendo
829 528 989 566 meos
1006 512 1464 583 gemitus,atque
1483 511 1541 566 in
1568 513 1790 583 meipso
1814 510 2000 582 rugio.

355 599 554 669 Neque
585 599 737 655 enim
763 600 951 671 longis
982 602 1351 656 sermonibus
1383 601 1524 656 mihi
1553 618 1699 673 opus
1759 605 1884 654 erat
1930 599 2002 652 ad

359 687 792 743 confessionem
825 705 836 742 :
871 689 1160 760 siquidem
1193 690 1384 745 cordis
1433 690 1546 745 mei
1606 689 1887 760 gemitus,
1946 693 2003 742 et

357 776 696 832 transmissi
728 795 796 831 ex
826 778 1033 833 intimo
1066 779 1246 833 animi
1268 796 1445 834 sensu
1464 781 1535 834 ad
1568 784 1623 835 te
1655 783 1832 833 Deum
1862 794 2000 848 que-

356 870 485 920 stus
517 866 589 920 ad
611 866 1034 923 confessionem
1060 867 1611 934 sufﬁciebant.Quin
1643 867 1820 922 etiam
1845 867 2000 921 desi-

355 953 582 1008 derium
615 971 808 1009 coram
840 955 1415 1025 te,Domine,bonum
1447 961 1590 1021 erat,
1609 956 1783 1012 ethoc
1804 956 2000 1027 ipsum

355 1057 546 1096 meam
578 1042 828 1098 salutem
859 1045 1202 1115 tspectabat.
1258 1044 1508 1112 Etenim,
1559 1061 1691 1100 cum
1752 1045 2002 1117 cupidus

356 1146 544 1185 essem
583 1132 897 1196 malorum,
923 1137 1046 1187 tum
1077 1149 1274 1188 coram
1305 1138 1362 1189 te
1393 1149 1588 1188 meum
1643 1133 2001 1189 desiderium

356 1235 470 1273 non
501 1225 663 1287 erat;
697 1221 796 1274 sed
831 1221 938 1275 hoc
967 1227 1247 1293 tempore,
1280 1239 1394 1293 quo
1426 1221 1624 1277 omnia
1647 1223 1789 1276 facio
1811 1222 2002 1277 humi-

353 1306 550 1374 liatus,
585 1314 641 1362 et
673 1310 912 1380 rugiens
945 1312 1212 1380 agemitu
1237 1310 1430 1366 cordis
1461 1310 1598 1376 mei,
1629 1311 1999 1381 tequeDeum

355 1403 706 1452 servatorem
741 1416 806 1452 ac
839 1400 1127 1454 medicum
1160 1399 1394 1469 assequi
1427 1398 1998 1464 desiderans,coram

355 1493 410 1541 te
438 1493 529 1542 est
558 1488 916 1543 desiderium
936 1505 1152 1555 meum,
1179 1505 1286 1543 nec
1309 1488 1696 1558 suspiriorum
1721 1493 1999 1543 ‘meorum

351 1589 589 1628 causam
622 1574 878 1645 ignoras.
912 1576 1287 1647 Compertum
1321 1575 1478 1631 enim
1511 1593 1577 1631 ac
1626 1581 1999 1648 perspectum

352 1669 439 1718 est
468 1665 594 1732 tibi,
630 1682 722 1721 me
751 1667 1007 1739 suspiria
1051 1667 1476 1723 humanitatem
1517 1672 1680 1722 tuam
1735 1669 2002 1725 decentia

2114 521 2255 575 κατὰ
2307 517 2399 571 τὸν
2461 511 2714 583 Ἀκύλαν,
2775 507 3133 587 Ἐϐρυχόμην
3195 513 3301 567 ἀπὸ
3367 513 3611 588 βρυγμοῦ
3666 520 3766 583 τῆς

2111 605 2335 683 καρδίας
2391 625 2515 676 μου.
2579 601 2656 658 Οὐ
2713 601 2812 676 γὰρ
2865 598 2957 654 ’ίνα
3010 606 3128 662 τοῖς
3155 599 3390 664 πολλοῖς
3425 603 3651 678 φανερὸς
3680 603 3764 675 γε-

2111 718 2332 769 νωμαι,
2392 698 2508 753 τοῖς
2565 688 2804 765 χείλεσιν
2862 689 3333 765 ἐξομολογοῦμαι·
3388 687 3540 745 ἔνδον
3595 689 3650 745 δὲ
3707 691 3758 747 ἐν

2111 786 2246 858 αὐτῇ
2276 783 2345 857 τῇ
2394 777 2608 854 καρδίᾳ,
2667 778 2729 832 τὸ
2785 776 2941 850 ἅμμα
2997 778 3169 850 μύων,
3229 778 3313 832 σοὶ
3349 778 3600 851 μόνῳτῷ
3635 778 3760 854 βλέ-

2111 896 2268 930 ποντι
2314 873 2384 927 τὰ
2424 871 2476 924 ἐν
2514 873 2738 944 κρυπτῷ
2783 866 2910 928 τοὺς
2959 866 3197 939 ἐμαυτοῦ
3255 869 3367 940 (60)
3431 868 3761 944 στεναγμοὺς

2111 960 2457 1027 ἐπιδεικνύω,
2507 957 2557 1011 ἐν
2609 956 2828 1030 ἐμαυτῷ
2867 955 3200 1030 ὠρυόμενος.
3232 954 3372 1013 Οὐδὲ
3402 957 3504 1032 γάρ
3541 962 3762 1033 μακρῶν

2115 1073 2207 1125 μοι
2241 1049 2417 1123 λόγων
2469 1047 2630 1121 χρεία
2673 1045 2740 1113 ἦν
2793 1044 2930 1119 πρὸς
2975 1045 3074 1112 τὴν
3107 1042 3524 1120 ἐξομολόγησιν·
3587 1047 3764 1120 ἀπήρ-

2109 1161 2236 1194 κουν
2278 1138 2378 1213 γὰρ
2434 1137 2487 1191 οἱ
2540 1133 2831 1208 στεναγμοῖ
2870 1139 2969 1202 τῆς
3016 1131 3238 1207 καρδίας
3276 1155 3379 1206 μου
3411 1135 3546 1208 πρὸς
3574 1134 3766 1208 ἐξομο-

2111 1226 2360 1302 λόγησιν,
2408 1225 2499 1279 καὶ
2533 1224 2584 1277 οἱ
2635 1222 2740 1277 ἀπὸ
2794 1223 2989 1297 βάθους
3030 1225 3217 1296 ψυχῆς
3244 1223 3379 1297 πρὸς
3408 1223 3464 1276 σὲ
3506 1225 3596 1277 τὸν
3632 1223 3760 1277 Θεὸν

2112 1314 2554 1388 ἀναπεμπόμενοι
2607 1310 2860 1386 ὁδυρμοι.
2910 1307 3088 1365 Ἀλλὰ
3130 1311 3218 1364 καὶ
3260 1313 3294 1379 ἡ
3328 1311 3589 1384 ἐπιθυμία
3617 1311 3761 1380 καλή

2112 1403 2243 1460 οὖσα
2275 1403 2512 1458 ἐναττίον
2547 1422 2642 1455 σου
2672 1400 2761 1468 ἦν,
2821 1398 2998 1474 Κύριε,
3067 1400 3154 1453 καὶ
3212 1399 3344 1469 αὕτη
3381 1396 3437 1453 δὲ
3467 1400 3532 1468 ἦν
3561 1403 3595 1470 ἡ
3628 1399 3754 1476 περὶ

2107 1502 2211 1564 τῆς
2251 1493 2487 1566 ἐμαυτοῦ
2516 1489 2807 1560 σωτηρίας.
2856 1491 2987 1545 ’Ότε
3039 1489 3132 1561 μὶν
3179 1489 3278 1564 γὰρ
3328 1493 3508 1544 κακῶν
3560 1490 3753 1565 γέγονα

2113 1582 2478 1656 ἐπιθυμητὴς,
2529 1579 2627 1634 οὐκ
2675 1577 2908 1633 ἐναντίον
2966 1599 3060 1632 σου
3107 1578 3172 1646 ἦν
3223 1581 3257 1647 ἡ
3311 1576 3572 1651 ἐπιθυμία
3630 1597 3755 1650 μου·

2111 1671 2222 1727 νυνὶ
2281 1669 2357 1737 δί,
2417 1669 2505 1724 ὅτε
2560 1669 2733 1722 πάντα
2761 1668 2982 1740 πράττω
3008 1665 3426 1739 ταπεινούμενος
3455 1666 3546 1721 καὶ
3577 1665 3760 1741 ὠρυό-

350 1753 648 1820 emittere;
683 1756 1160 1827 quandoquidem
1210 1757 1526 1828 peccatoris
1587 1763 1832 1814 mortem
1882 1777 1996 1815 non

2115 1781 2276 1833 μενος
2309 1759 2414 1814 ἀπὸ
2464 1761 2764 1832 στεναγμοῦ
2793 1763 2893 1824 τῆς
2937 1752 3165 1831 καρδίας
3218 1776 3348 1828 μου,
3395 1755 3486 1810 καὶ
3537 1759 3632 1810 σοῦ
3660 1759 3758 1810 τοῦ

348 1840 458 1907 vis,
483 1842 580 1896 sed
614 1845 1017 1913 pmnitentiam
1049 1844 1261 1916 ipsius.

2111 1853 2244 1904 Θεοῦ
2293 1854 2542 1923 σωτῆρος
2587 1845 2674 1899 καὶ
2721 1845 2910 1917 ἰατροῦ
2954 1849 3141 1919 τυχεῖν
3187 1842 3490 1916 ἐπιθυμῶν,
3521 1843 3758 1898 ἐναντίον

351 1948 446 1981 σου
478 1925 618 1982 ἐστιν
651 1933 684 1998 ή
723 1929 980 2004 ἐπιθυμία
1013 1954 1138 2006 μου,
1169 1933 1259 1986 καὶ
1287 1933 1385 2000 τὴν
1414 1933 1585 1988 αἰτίαν
1617 1938 1723 1988 τῶν
1756 1934 1902 2008 ἐμῶν
1930 1942 2245 2013 στεναγμῶν
2279 1936 2382 1991 οὐκ
2411 1935 2642 2011 ἀγνοεῖς.
2692 1934 2861 1991 Οἶσθα
2909 1933 3034 2008 γάρ,
3089 1933 3170 1987 ὅτι
3219 1933 3498 2007 πρέποντα
3537 1935 3606 2006 τῇ
3665 1953 3761 1986 σου

351 2017 462 2089 (61)
495 2019 872 2094 φιλανθρωπίᾳ
893 2021 1184 2095 στεναγμὸν
1215 2021 1535 2095 ἀναπέμπω
1569 2023 1682 2078 ἐπεὶ
1732 2026 1808 2097 μή
1845 2025 2024 2102 βούλῃ
2050 2027 2146 2090 τὸς
2177 2038 2400 2090 θανατον
2432 2029 2528 2079 τοῦ
2576 2021 2929 2098 ἅμαρτωλοῦ,
2975 2022 3048 2082 ὡς
3086 2022 3184 2089 τὴν
3237 2021 3520 2094 μετάνοιαν
3571 2021 3760 2076 αὐτοῦ.

421 2107 474 2161 5.
507 2107 870 2181 Quapropter
900 2111 1067 2166 dico:
1123 2113 1191 2167 Et
1244 2115 1478 2181 gemitus
1529 2130 1681 2169 meus
1711 2132 1745 2170 a
1795 2121 1850 2171 te
1894 2133 2006 2172 non

353 2203 434 2249 est
463 2196 832 2254 absconditus.
866 2203 1044 2255 Vsus.
1076 2202 1135 2254 1ι
1188 2202 1272 2257 13.
1332 2204 1438 2259 Cor
1482 2219 1662 2258 meum
1706 2205 2001 2260 conturba-

347 2287 467 2337 tum
495 2286 926 2358 est,|dereliquit
955 2304 1041 2343 me
1069 2291 1246 2344 virtus
1285 2307 1432 2360 mea,
1490 2295 1544 2347 et
1599 2293 1783 2347 lumen
1814 2294 2000 2350 oculo-

352 2388 477 2426 rum
506 2390 772 2444 meorum,
798 2385 852 2432 et
880 2378 1060 2449 ipsum
1089 2395 1201 2433 non
1229 2385 1310 2434 est
1365 2397 1598 2435 mecum.
1659 2381 1836 2436 Amici
1892 2384 2002 2438 mei

349 2467 400 2514 et
423 2464 671 2531 proximi
700 2467 808 2520 mei
835 2467 1124 2521 adventum
1153 2483 1239 2522 me
1294 2471 1896 2541 appropinquaverunt,
1944 2475 2000 2526 et

348 2550 632 2605 steterunt.
686 2553 750 2607 Et
803 2555 900 2625 qui
952 2555 1114 2618 iuxta
1159 2571 1248 2609 me
1293 2561 1480 2622 erant,
1512 2557 1577 2612 de
1639 2557 1798 2628 longe
1846 2561 1997 2614 stete-

347 2641 515 2700 runt;
545 2644 597 2694 et
609 2642 718 2695 vim
743 2642 1022 2712 faciebant
1043 2646 1141 2714 qui
1168 2645 1488 2715 qumrebant
1508 2647 1760 2701 animam
1789 2663 1992 2703 meam.

347 2731 412 2784 Et
442 2733 538 2802 qui
594 2733 919 2803 inquirebat
970 2736 1116 2790 mala
1153 2738 1311 2805 mihi,
1365 2738 1532 2793 locuti
1586 2743 1718 2794 sunt
1773 2741 1990 2794 vanita-

347 2825 446 2890 tes,
479 2831 530 2877 et
559 2821 712 2878 dolos
735 2827 845 2879 tota
892 2825 981 2880 die
1034 2827 1460 2882 meditabantur.
1524 2829 1675 2884 868
1733 2832 1874 2886 Cum
1933 2831 1992 2885 in

346 2909 517 2964 titulo
541 2912 1280 2985 signiﬁcaverit,psalmum
1307 2918 1363 2970 in
1387 2918 1819 2974 recordationem
1841 2935 1994 2988 esse,

341 2999 476 3069 jure
508 3003 799 3070 praeterita
831 3008 1153 3074 reputat,et
1183 3022 1308 3075 quas
1341 3005 1453 3061 sibi
1481 3008 1608 3076 jam
1639 3007 1779 3062 olim
1813 3006 1994 3063 conti-

347 3093 574 3157 gerant,
607 3089 664 3143 in
690 3091 1032 3146 memoriam
1065 3098 1314 3148 revocat.
1334 3099 1506 3150 Docet
1534 3099 1729 3150 autem
1763 3095 1997 3166 qualem

346 3175 402 3228 in
436 3177 828 3232 conditionem
862 3197 964 3250 per
996 3182 1214 3250 peccati
1266 3182 1500 3254 lapsum
1550 3183 1868 3250 devenerit,
1897 3201 1997 3238 cu-

336 3264 437 3333 jus
469 3266 658 3335 gratia
691 3271 875 3321 totam
926 3267 1077 3322 hanc
1129 3271 1556 3325 confessionem
1618 3272 1758 3326 edit.
1819 3273 1999 3327 Miser

345 3354 522 3419 igitur
547 3355 726 3422 factus
751 3371 893 3418 sum,
925 3359 980 3409 et
1014 3362 1278 3412 curvatus
1334 3374 1473 3425 sum,
1532 3367 1583 3414 et
1637 3361 1997 3415 contristatus

352 3443 723 3513 ingrediebar,
755 3455 806 3500 et
821 3444 1145 3500 humiliatus
1173 3464 1316 3509 sum.
1340 3451 1388 3502 et
1415 3449 1698 3519 rugiebam
1727 3466 1760 3504 a
1787 3453 1997 3520 gemitu

343 3533 534 3585 cordis
555 3535 759 3588 mei.ln
792 3533 914 3589 hec
937 3535 1136 3590 omnia
1167 3536 1365 3591 incidi:
1391 3537 1608 3609 quippe
1628 3554 1727 3608 per
1755 3538 1993 3609 aliquod

342 3622 600 3693 tempus.
637 3622 738 3678 Cor
765 3641 945 3679 meum
967 3625 1352 3680 conturbatum
1373 3632 1467 3694 est,
1498 3631 1549 3683 et
1579 3627 1879 3699 dereliquit
1907 3645 1996 3684 me

340 3711 516 3766 virtus
547 3723 692 3782 mea,
724 3722 775 3770 et
805 3714 991 3769 lumen
1044 3713 1334 3771 oculorum
1379 3733 1647 3788 meorum,
1704 3722 1757 3773 et
1812 3719 1995 3786 ipsum

340 3815 451 3854 non
479 3803 558 3856 est
576 3818 806 3858 mecum.
831 3803 977 3859 Nam
1009 3805 1226 3876 peccati
1286 3809 1569 3878 tempore,
1628 3805 1992 3879 intelligendi

340 3886 427 3942 vis
463 3906 574 3960 qua
605 3891 886 3962 prsditus
915 3896 1060 3962 erat,
1103 3910 1216 3949 non
1277 3911 1516 3966 parvam
1572 3911 1850 3968 perpessa
1905 3899 1995 3950 est

343 3979 866 4050 perturbationem,
895 3981 1139 4037 confusa
1168 3987 1224 4037 et
1253 3984 1564 4040 obscurata
1597 3985 1668 4039 ab
1701 4001 1766 4040 eo
1798 3984 1899 4055 qui
1942 3983 1994 4040 ei

344 4068 560 4136 peccati
589 4074 790 4126 auctor
819 4071 1026 4138 fuerat,
1059 4072 1202 4126 adeo
1219 4075 1305 4140 iQut
1356 4073 1531 4128 etiam
1590 4073 1649 4127 in
1708 4072 1994 4144 insipien-

345 4153 486 4209 tiam
522 4156 908 4214 delaberetur.
942 4159 1307 4232 Quapropter
1336 4160 1608 4232 superius
1644 4160 1826 4215 dixit:
1885 4166 1994 4215 Pu-

347 4249 604 4299 truerunt
633 4249 683 4299 et
711 4251 989 4317 corruptae
1016 4258 1143 4304 sunt
1169 4250 1459 4304 cicatrice:
1488 4263 1632 4305 mea
1659 4265 1694 4304 a
1719 4248 1864 4319 facie
1911 4249 1994 4303 in-

2182 2119 2236 2172 5.
2290 2113 2382 2169 Διό
2437 2132 2602 2188 φημιο
2677 2111 2774 2166 Καὶ
2855 2111 2882 2164 ὁ
2955 2109 3249 2185 στεναγμός
3325 2132 3434 2183 μου
3501 2111 3608 2164 ἀπὸ
3667 2113 3762 2164 σοῦ

2111 2205 2214 2260 οὐκ
2280 2197 2582 2276 ἀπεκρύϐη.
2641 2201 2703 2254 Ἡ
2733 2197 2929 2274 καρδία
2963 2220 3066 2272 μου
3096 2197 3391 2275 ἐταράχθη,
3443 2197 3762 2274 ἐγκατάλιπέ

2114 2294 2244 2364 μεή
2296 2290 2456 2366 ῗσχύς
2506 2309 2631 2362 μου,
2681 2288 2771 2341 καὶ
2825 2288 2888 2341 τὸ
2938 2291 3051 2364 φῶς
3106 2291 3215 2341 τῶν
3275 2285 3575 2360 ὀφθαλμῶν
3631 2307 3758 2359 μου,

2106 2380 2195 2435 καὶ
2249 2381 2380 2434 αὐτὸ
2441 2380 2541 2433 οὐκ
2586 2376 2696 2432 ἔστι
2750 2377 2864 2449 μετ’
2915 2374 3069 2450 ἐμοῦ.
3125 2376 3188 2429 Οἱ
3247 2375 3399 2454 φίλοι
3449 2396 3553 2448 μου
3583 2375 3758 2430 κοιὶοὶ

2104 2468 2339 2537 πλησίον
2400 2488 2503 2538 μου
2556 2466 2605 2539 ἐξ
2681 2463 2919 2525 ἐναντίας
2989 2485 3094 2536 μου
3149 2461 3375 2540 ἤγγισαν
3450 2464 3540 2518 καὶ
3597 2458 3757 2533 ἔστη-

2105 2579 2220 2614 σαν.
2284 2556 2384 2612 Καὶ
2445 2557 2495 2610 οἱ
2551 2554 2771 2630 ἔγγιστά
2832 2574 2938 2626 μου
2995 2553 3101 2607 ἀπὸ
3160 2553 3422 2628 μακρόθεν
3497 2551 3754 2622 ἔστησαν·

2103 2646 2193 2701 moi
2227 2640 2562 2718 ἐξεϐιάζοντο
2610 2647 2721 2716 (62)
2781 2643 2832 2696 o't
2891 2645 3174 2712 ζητοῦντες
3227 2643 3327 2710 τὴν
3373 2643 3558 2717 ψυχήν
3623 2660 3746 2714 μου·

2101 2736 2192 2790 καὶ
2245 2736 2296 2790 οἱ
2352 2738 2638 2804 ζητοῦντες
2687 2732 2753 2786 τὰ
2794 2732 2934 2786 κακά
2985 2752 3077 2804 μοι
3126 2727 3400 2800 ἐλάλησαν
3457 2731 3757 2803 ματαιότη-

2101 2845 2217 2892 τας,
2279 2825 2367 2878 καὶ
2441 2820 2769 2891 δολιότητας
2837 2820 2972 2891 ὅλην
3047 2821 3144 2888 τὴν
3223 2819 3431 2895 ἡμέραν
3495 2819 3754 2892 ἐμελέτη-

2109 2935 2225 2969 σαν.
2285 2912 2793 2986 Προεπισηνάμενος
2871 2909 2922 2964 ἐν
2998 2913 3064 2982 τῇ
3131 2911 3444 2986 προγραφῇ,
3524 2909 3596 2969 ὡς
3655 2906 3758 2982 ἄρα

2109 3002 2190 3072 εἷή
2258 3001 2333 3063 εἷς
2406 3002 2725 3072 ἀνάμνησιν,
2793 2999 3018 3060 εἰκότως
3088 2997 3526 3068 ἀναπεμπάζεται
3600 2999 3754 3068 (63),

2107 3095 2197 3146 καὶ
2227 3094 2295 3163 τῇ
2333 3092 2523 3162 μνήμῃ
2569 3089 2634 3142 τὰ
2686 3086 2857 3142 πάλαι
2916 3085 3062 3156 αὐτῷ
3116 3080 3500 3157 συμϐεϐηκότα
3557 3083 3754 3138 ἐπανα-

2109 3173 2396 3250 λαμϐάνει.
2458 3174 2701 3230 Διδάσκει
2763 3173 2819 3229 δὲ
2889 3174 2942 3228 ἐν
3002 3174 3082 3234 οἷς
3138 3173 3374 3248 γέγονεν,
3415 3172 3465 3226 ἐν
3523 3178 3603 3245 τῷ
3653 3173 3755 3242 τῆς

2107 3266 2372 3341 ἁμαρτίας
2424 3264 2758 3337 ὀλισθήματι
2813 3263 3134 3338 περιπεσών·
3193 3262 3254 3316 οῦ
3314 3259 3474 3336 χάριν
3531 3261 3621 3316 καὶ
3651 3262 3748 3330 τὴν

2104 3361 2275 3410 πᾶσαν
2334 3359 2570 3409 ποιεῖται
2630 3349 3047 3428 ἐξομολόγησιν.
3110 3348 3570 3424 Ἐταλαιπώρησα
3628 3349 3746 3418 οὖν,

2102 3445 2193 3499 καὶ
2246 3443 2654 3520 κατεκάμφθην,
2726 3443 2812 3496 καὶ
2894 3441 3296 3514 σκυθρωπάζων
3381 3438 3748 3512 ἐπορευόμην,

2102 3533 2190 3587 καὶ
2258 3531 2620 3600 ἐταπεινώθην
2709 3532 2839 3602 (64),
2921 3550 3008 3603 καξ
3080 3528 3343 3603 ὠρυόμην
3401 3529 3506 3582 ἀπὸ
3566 3548 3748 3582 στενα-

2103 3626 2250 3696 γμοῦ
2305 3629 2406 3690 τῆς
2462 3617 2686 3696 καρδίας
2748 3640 2871 3692 μου.
2927 3618 3021 3680 Εἰς
3063 3619 3233 3672 πάντα
3282 3621 3450 3671 ταῦτα
3477 3615 3747 3686 ἐλήλυθα’

2105 3708 2290 3780 ἐπειδὴ
2358 3711 2460 3784 γὰρ
2513 3712 2688 3783 καιρῷ
2744 3729 2852 3762 τινι
2917 3708 2978 3762 Ἦ
3030 3703 3224 3781 καρδία
3285 3727 3389 3779 μου
3447 3703 3750 3780 ἐταράχθη,

2101 3798 2191 3855 καί
2234 3797 2553 3874 ἐγκατέλιπέ
2607 3817 2672 3870 με
2721 3798 2756 3865 ἡ
2809 3793 2967 3871 ίσχὺς
3029 3816 3158 3868 μου,
3215 3794 3307 3848 καὶ
3364 3793 3427 3848 τὸ
3474 3797 3590 3868 φῶς
3637 3797 3746 3848 τῶν

2103 3889 2401 3964 ὀφθαλμῶν
2474 3907 2600 3960 μου,
2679 3884 2769 3940 καὶ
2853 3883 2982 3938 αὐτὸ
3049 3883 3146 3938 οὐκ
3185 3877 3354 3960 ’ἔστιν
3419 3883 3534 3955 μετ’
3592 3881 3749 3955 ἐμοῦ.

2103 3979 2247 4032 Κατᾶ
2275 3977 2373 4052 γὰρ
2420 3976 2510 4030 τὸν
2565 3981 2666 4044 τῆς
2717 3975 2984 4050 ἁμαρτίας
3028 3973 3236 4046 καιρὸν,
3279 3969 3341 4026 οὔ
3399 3970 3592 4046 μικρὰν
3653 3970 3753 4026 ὑπ-

2104 4066 2306 4138 έμεινεν
2351 4065 2515 4120 αὑτοῦ
2561 4064 2809 4138 ταραχὴν
2857 4061 2920 4117 τὸ
2952 4059 3316 4131 διανοητικὸν,
3367 4060 3628 4136 συγχυθὶν
3660 4059 3751 4114 καὶ

2101 4155 2367 4218 σκοτωθὲν
2419 4153 2522 4208 ὑπὸ
2567 4156 2665 4207 τοῦ
2709 4152 2810 4220 τὴν
2862 4150 3127 4224 άμαροίαν
3158 4148 3521 4226 ἐνεργοῦντος,
3555 4149 3630 4211 ὡς
3661 4150 3750 4204 καὶ

2103 4244 2180 4308 εἷς
2220 4240 2526 4320 ἀφροσύνην
2553 4245 2756 4295 πεσεῖν·
2813 4241 2903 4294 Διὸ
2951 4240 3039 4293 καὶ
3089 4238 3342 4313 ἀνωτέρω
3373 4236 3546 4312 ἔλεγε·
3582 4243 3754 4314 Προσ-

346 4331 624 4401 δίρίεηεὶεε
647 4334 1251 4400 meae..Conturbatum
1284 4340 1374 4391 est
1430 4337 1632 4408 itaque
1688 4353 1786 4392 cor
1837 4337 1986 4407 ejus,

2109 4335 2301 4402 ώζεσαν
2341 4330 2430 4386 καὶ
2479 4330 2748 4399 ἐσάπησαν
2801 4329 2854 4383 οἱ
2907 4326 3202 4402 μώλωπές,
3267 4332 3372 4400 μοῦ
3423 4326 3529 4382 ἀπὸ
3581 4347 3746 4402 προσ-

347 4421 582 4489 quando
613 4421 674 4476 in
707 4423 1044 4493 insipientia
1075 4425 1208 4491 fuit,
1239 4430 1295 4480 et
1321 4442 1353 4480 a
1396 4425 1614 4481 virtute
1673 4426 1994 4498 prudentia

345 4509 580 4578 excidit,
606 4516 783 4583 atque
811 4513 1160 4586 insipientia
1191 4530 1366 4587 opera
1396 4514 1665 4586 patravit.
1697 4516 1861 4570 Tunc
1892 4532 1995 4571 au-

343 4600 464 4652 tem
497 4602 555 4653 et
578 4599 888 4673 dereliquit
919 4618 1052 4658 eum
1075 4603 1262 4658 virtus
1295 4603 1504 4675 ipsius.
1531 4603 1656 4662 Non
1689 4603 1845 4660 enim
1878 4621 1997 4659 am-

345 4684 503 4758 plius
534 4687 724 4745 dicere
757 4695 1018 4762 poterat:
1052 4693 1255 4750 Omnia
1275 4696 1498 4765 possunt
1527 4694 1589 4748 in
1647 4709 1707 4750 eo
1759 4694 1858 4765 qui
1912 4709 1999 4750 me

343 4779 611 4849 confortat
642 4780 872 4853 Christo
899 4783 965 4837 ίί.
997 4782 1189 4840 victus
1220 4781 1443 4840 scilicet
1473 4801 1507 4840 a
1536 4784 1881 4857 cupiditate,
1933 4800 1998 4840 ac

418 4914 463 4950 ¹²
493 4915 707 4990 Pbinp.
740 4935 816 4987 ιν,
841 4918 929 4973 13.

416 5051 648 5135 (6Q)_Sic
681 5059 932 5135 quatuor
953 5072 1094 5135 mss.
1127 5057 1193 5135 At
1245 5054 1419 5135 editi,_
1466 5054 1518 5109 ἐν
1575 5051 1812 5135 ἐμαυτῷ.
1871 5056 1999 5111 Sta-

342 5123 451 5201 tim
482 5123 658 5201 iidem
691 5123 886 5201 mss.,
906 5123 1246 5184 ἐπιδεικνύω.
1281 5127 1460 5184 Paulo
1487 5123 1620 5200 post
1641 5123 1996 5201 Reglsecun-

348 5196 481 5272 dus,
515 5193 717 5272 ivbae?
743 5193 1077 5272 ὥρυόμενος.

416 5270 530 5340 (61)
554 5268 802 5342 Cedices
828 5268 946 5327 tres
977 5274 1062 5342 σῇ.
1092 5275 1220 5342 Mox
1242 5270 1356 5325 duo
1389 5287 1556 5336 mss.,
1607 5268 1815 5342 βούλει.

419 5327 698 5412 (62)(3016.
759 5350 978 5399 sextus.
1013 5327 1370 5412 ἐξεϐιάσαντο.

419 5411 532 5482 (63)
564 5415 711 5468 Ε(Ιὶὶί
744 5421 800 5471 et
831 5415 1016 5471 nostri
1049 5408 1214 5478 mss.,
1267 5408 1656 5483 ἀναπέμπεται,
1715 5412 1854 5468 illuc
1907 5428 1993 5466 re-

346 5485 607 5539 mittitur.
641 5488 748 5542 Sed
769 5505 900 5542 cum
935 5504 1049 5542 non
1083 5486 1386 5540 videamus
1417 5484 1634 5538 remitti
1665 5483 1760 5539 hic
1816 5484 1992 5539 lecto-

349 5571 471 5629 rem
503 5559 574 5613 ad
609 5557 1047 5629 inscriptionem
1070 5555 1303 5627 psalmi,
1327 5555 1448 5629 vix,
1476 5571 1604 5629 meo
1623 5555 1872 5629 quidem
1887 5556 1986 5629 ju-

349 5572 471 5610 rem
503 5572 574 5613 aa
609 5572 1047 5629 inscriptionem
1070 5572 1303 5627 psalmi,
1333 5572 1448 5622 νιι,
1476 5572 1604 5611 meo
1634 5572 1872 5626 quidem
1927 5573 1986 5610 u-

348 5626 524 5700 dicio,
556 5629 805 5688 dubium
836 5646 966 5689 esse
993 5631 1209 5702 potest,
1241 5626 1384 5701 quin
1413 5641 1482 5688 ea
1503 5625 1675 5686 lectio
1705 5627 1768 5685 in
1827 5572 1992 5687 fallsis

2105 4423 2257 4477 ώπου
2313 4427 2409 4491 τῆς
2483 4419 2786 4498 ἀφροσύνης
2870 4439 2974 4491 μου
3008 4461 3021 4475 .
3091 4417 3400 4492 Ἐταράχθη
3483 4417 3660 4471 τοίνυν
3716 4419 3751 4487 ἡ

2103 4508 2300 4586 καρδία
2351 4508 2535 4576 αὐτοῦ,
2594 4508 2682 4562 ὅτε
2712 4507 2763 4562 ἐν
2792 4504 3069 4584 φφροσύνῃ
3101 4503 3366 4580 ἐγεγόνει,
3402 4503 3491 4559 καὶ
3521 4511 3622 4575 τῆς
3658 4507 3754 4578 μὶν

2103 4600 2241 4656 κατᾶ
2285 4601 2384 4668 τήν
2434 4596 2694 4676 φρόνησιν
2746 4597 2938 4670 ἀρετῆς
2990 4594 3267 4664 ἐξέπιπτεν
3329 4591 3456 4669 ἔργα
3500 4592 3557 4648 δὲ
3584 4595 3752 4672 ἀφρο-

2109 4689 2276 4760 σύνης
2334 4681 2580 4761 ἔπραττε.
2655 4684 2787 4739 Τότε
2850 4681 2908 4738 δὶ
2963 4681 3051 4738 καί
3107 4678 3452 4756 ἐγκατέλιπεν
3511 4683 3674 4738 αὐτὸν
3716 4686 3750 4753 ἡ

2113 4779 2273 4854 ἰσχὺς
2322 4777 2508 4831 αὐτοῦ·
2563 4773 2744 4829 ούκέτι
2789 4774 2894 4850 γὰρ
2943 4771 3058 4833 οἷός
3105 4791 3164 4826 τε
3212 4770 3280 4840 ἦν
3331 4768 3532 4846 λέγειν·
3575 4774 3753 4827 Πάντα

2149 5049 2377 5106 onenda
2405 5047 2501 5111 sit,
2535 5042 2983 5102 Restituendum
3014 5040 3198 5115 igitur
3225 5041 3565 5102 censuimus
3597 5045 3752 5103 hunc

2130 5137 2297 5178 ccum
2331 5137 2401 5175 ex
2430 5119 2702 5182 Eusebio,
2733 5117 2889 5189 apud
2923 5113 3096 5187 quem
3128 5113 3568 5186 ἀναπεμπάζεται
3626 5119 3746 5173 edi-

2104 5199 2230 5250 tum
2261 5191 2607 5248 invenimus.
2639 5194 2758 5245 Hoc
2787 5193 2896 5253 est,
2949 5189 3235 5258 praeterita
3290 5196 3534 5259 reputat.
3585 5194 3747 5245 Certe

2105 5265 2364 5320 nominis
2395 5262 2720 5318 similitudo
2745 5266 2810 5316 ut
2841 5259 3121 5334 fefellerat
3151 5259 3441 5334 librarios,
3463 5261 3751 5334 itaipsum

2106 5338 2478 5408 interpretem
2519 5335 2749 5408 Eusebii
2794 5331 3017 5399 fefellit,
3079 5331 3179 5408 qui
3218 5333 3343 5408 _sic_
3375 5331 3754 5408 vertitfittuc

2103 5400 2421 5466 remittitur.
2453 5407 2671 5462 Ibidem
2702 5407 2818 5461 duo
2847 5422 3013 5471 mss.,
3045 5400 3112 5458 τᾶ
3140 5400 3367 5471 παλαιά.
3393 5405 3613 5461 Rursus
3642 5405 3752 5462 hoc

2101 5481 2230 5554 ipso
2250 5479 2476 5554 Ain_loco
2508 5483 2646 5550 Reg.
2671 5478 2989 5554 secundus,
3003 5469 3498 5554 ’ἐτττλινιιλειμιϐέινωγἐ

2175 5552 2194 5626 (
2237 5552 2289 5624 4)
2311 5551 2450 5625 Reg.
2482 5542 2801 5620 secundus,
2835 5542 3199 5618 ἐτοπὲινώθην
3225 5542 3332 5610 ἕως
3358 5543 3585 5622 σφόδρα.
