4108 6214
217 342 301 402 9’7
1333 337 1663 400 HOMILIA
1700 336 1780 398 IN
1825 335 2207 400 PSALMUM
2250 337 2546 398 XXXVII.
3562 337 3645 397 98

220 470 412 548 ἰσχύω
469 471 525 526 ἐν
580 475 662 542 τῷ
721 467 1104 542 ἐνδυναμοῦντί
1180 489 1248 542 με
1318 473 1584 542 Χριστῷ,
1639 468 1882 539 νικηθεὶς

2013 469 2218 525 iiribus
2248 471 2586 526 destitutus.
2628 469 2856 526 Etenim
2885 469 2944 524 in
2983 469 3078 536 iis,
3128 469 3226 541 qui
3280 487 3348 525 ex
3403 471 3643 527 virtutis

227 563 336 616 ὑπὸ
383 564 482 615 τοῦ
519 559 722 621 πάθους
778 559 869 613 καὶ
929 557 1268 628 ἐξατονήσας.
1302 557 1425 614 Ἐπὶ
1478 557 1572 630 μὲν
1625 559 1725 631 γὰρ
1777 563 1884 612 τῶν

223 648 646 725 κπορθοῦντων
683 667 695 680 ·
758 648 836 705 Τὸ
917 651 1128 719 πνεῦμα
1183 648 1505 721 πρόθυμον,
1561 649 1595 716 ἠ
1650 646 1707 701 δὲ
1761 647 1886 721 σὰρξ

225 740 489 809 ἀσθενής·
519 736 606 791 ἐπὶ
665 734 722 792 δὲ
776 740 888 791 τῶν
937 736 1250 808 νικωμένων
1304 738 1337 804 ἡ
1394 736 1519 812 σὰρξ
1571 737 1888 810 κατεπαίρε-

227 850 320 882 ται
381 828 467 882 καὶ
522 825 826 901 κατισχύει,
857 825 1038 880 ἀτονεῖ
1095 823 1152 879 δὲ
1202 824 1290 880 καὶ
1349 824 1669 894 ἐξασθενεῖὴ
1711 827 1888 898 ψυχή.

229 919 374 971 Τότε
395 917 510 980 οὖν,
543 917 730 990 φησὶν,
765 916 854 969 ὅτε
905 914 1236 990 ἡμάρτανον,
1269 915 1304 982 ἡ
1353 911 1550 989 καρδία
1610 934 1714 985 μου
1768 912 1890 967 ἐτα-

231 1008 448 1080 ράχθη,
480 1005 570 1058 καὶ
603 1002 927 1077 ἐγκατέλιπὲ
964 1024 1030 1075 με
1058 1005 1092 1072 ἡ
1126 1001 1285 1077 ἴσχύς
1344 1023 1469 1076 μου,
1497 1004 1585 1056 καὶ
1644 1002 1784 1056 ἄλλο
1839 1023 1890 1056 τι

231 1095 489 1170 χαλεπὸν
549 1093 674 1165 περὶ
729 1090 826 1164 ἐμὲ
882 1093 1074 1167 γέγονε
1326 1093 1400 1146 Τὸ
1455 1091 1558 1166 γὰρ
1614 1096 1728 1169 φῶς
1785 1095 1892 1145 τῶν

233 1181 548 1261 ὀφθαλμῶν
582 1202 687 1254 μου
730 1184 911 1254 (τοῦτο
943 1179 1000 1235 δὶ
1028 1181 1094 1248 ἦν
1151 1182 1215 1235 τὸ
1261 1181 1597 1258 προφητικὸν
1653 1184 1891 1252 Πνεῦμα,

233 1272 302 1327 τὸ
339 1270 579 1349 φωτίζον
638 1268 804 1324 αὐτοῦ
859 1275 960 1338 τῆς
1013 1273 1197 1344 ψυχῆς
1223 1269 1323 1337 τήν
1367 1269 1598 1343 ὅρασιν),
1629 1266 1716 1322 καί
1765 1267 1894 1322 αὐτὸ

237 1359 348 1415 οὖκ
404 1360 472 1427 ἦν
530 1359 648 1430 μετ’
675 1355 835 1430 ἐμοῦ,
885 1354 1214 1431 καταλεῖψάν
1267 1378 1331 1430 με
1373 1357 1462 1412 καὶ
1508 1357 1892 1432 ἀναχωρῆσαν,

231 1447 394 1504 Ἐπεὶ
492 1446 569 1508 εἰς
657 1446 988 1522 κακότεχνον
1075 1447 1260 1521 ψυχὴν
1354 1445 1456 1500 οὐκ
1538 1444 1894 1500 εἰσελεύσεται

235 1535 446 1614 σοφία,
525 1533 656 1589 οὐδὲ
747 1536 1059 1604 κατοικήσει
1147 1533 1200 1587 ἐν
1304 1533 1518 1606 σώματι
1604 1532 1895 1608 κατάχρεῳ

237 1627 558 1698 ἁμαρτίας.
613 1627 806 1697 ’Ἃγιον
876 1622 974 1698 γὸρ
1043 1624 1264 1695 Πνεῦμα
1335 1620 1582 1686 παιδείας
1654 1622 1895 1700 φεύξεται

237 1713 412 1769 δόλον
447 1760 463 1785 ,
531 1713 623 1768 καὶ
704 1712 1132 1781 ἀπαναστήσεται
1425 1711 1528 1766 ἀπὸ
1615 1711 1894 1787 λογισμῶν

236 1802 544 1858 ἀσυνέτων.
577 1803 965 1876 ’Λναχωρῆσαν
1020 1798 1197 1854 τοίνυν
1245 1801 1332 1855 ἀπ’
1363 1799 1528 1855 αὑτοῦ
1573 1800 1636 1855 τὸ
1680 1802 1899 1873 Πνεῦμα

234 1895 297 1948 τὸ
334 1892 523 1966 ἅγιον,
555 1887 761 1966 ἔρημον
792 1888 951 1944 αὐτὸν
995 1886 1280 1944 κατέλιπεν
1336 1889 1468 1961 μετᾶ
1509 1889 1572 1944 τὸ
1617 1892 1898 1965 ταραχθῆ-

237 2004 324 2035 ναι
393 1980 564 2034 αὐτοῦ
611 1981 709 2047 τὴν
760 1976 1007 2053 καρδίαν,
1061 1978 1152 2031 καὶ
1199 1978 1514 2048 ἐξατονῆσαι
1579 1978 1745 2033 αὐτοῦ
1798 1979 1896 2046 τήν

239 2070 433 2146 ἰσχύι.
468 2070 603 2123 Τότε
653 2069 757 2143 γὰρ
805 2067 892 2120 καὶ
937 2067 999 2121 τὸ
1048 2071 1162 2144 φῶς
1211 2071 1316 2120 τῶν
1376 2065 1673 2144 ὀφθαλμῶν
1734 2067 1900 2121 αὐτοῦ

236 2159 452 2233 ἔρημον
515 2157 677 2211 αὐτὸν
730 2154 921 2211 εἴασεν.
953 2153 1131 2210 Ἀλλά
1183 2155 1274 2209 καὶ
1334 2157 1385 2209 οἱ
1418 2155 1678 2229 πρότερον
1736 2156 1900 2210 αὐτοῦ

237 2249 414 2325 φίλοι,
448 2247 544 2302 καὶ
601 2248 653 2301 οἱ
699 2244 937 2316 πλησίον
997 2246 1181 2317 αὐτοῦ,
1236 2247 1287 2300 οἱ
1336 2250 1428 2300 τὸν
1478 2246 1651 2300 πάντα
1701 2247 1897 2321 χρόνον

237 2340 389 2409 αὐτῷ
450 2336 723 2405 συνόντες,
767 2334 1015 2396 ἐάσαντες
1075 2334 1255 2402 αὐτὸν,
1315 2334 1592 2410 Μακρόθεν
1651 2329 1895 2405 ἔστησαν,

242 2425 428 2481 οὐκέτι
488 2424 639 2495 αὐτῷ
686 2429 920 2478 συνεῖναι
1001 2422 1351 2498 βουλόμενοι,
1401 2423 1680 2498 πόρρωθεν
1762 2425 1900 2478 ἀπο-

241 2512 616 2586 κλαιόμενοι,
676 2513 751 2576 ὡς
806 2507 986 2582 ἔοικε,
1046 2511 1210 2588 φίλου
1267 2514 1576 2590 συμφοράν.
1636 2511 1792 2576 Τίνες
1843 2510 1900 2566 δὲ

244 2604 403 2671 ἦσαν,
443 2601 576 2656 ἀλλ’
608 2600 644 2670 ἢ
694 2602 748 2654 οἱ
797 2600 885 2655 ἐπὶ
942 2606 1057 2662 τοῖς
1111 2601 1400 2674 προτέροις
1455 2602 1618 2656 αὐτοῦ
1677 2602 1898 2676 ἀγαθοῖς

250 2691 563 2766 χτίροντες,
625 2689 850 2766 ἄγγελοι
910 2687 1125 2759 δηλαδή
1203 2689 1392 2766 ἀγαθοὶ
1449 2692 1537 2744 καὶ
1591 2689 1898 2765 λειτουργοὶ

248 2783 400 2844 Θεοῦ,
537 2782 650 2832 τῶν
692 2776 994 2850 ἀνθρώπων
1044 2777 1354 2853 συγχαίρειν
1411 2777 1661 2842 εἰωθότες
1721 2799 1899 2847 σωτη-

248 2868 370 2941 pia;
403 2865 460 2920 εἴ
485 2887 569 2940 γε,
604 2865 692 2920 ἐπὶ
726 2864 1041 2942 ἁμαρτωλῷ
1076 2870 1446 2938 μετανοοῦντι,
1479 2865 1529 2921 ἐν
1578 2873 1696 2930 τοῖς
1741 2867 1900 2942 οὐρα-

248 2963 351 3017 νοῖς
393 2955 550 3031 χαρὰ
595 2955 795 3029 γίνεται
822 2973 835 2988 ’
885 2953 982 3009 Καὶ
1021 2949 1358 3030 περεμῦαλεῖ
1407 2955 1633 3031 ἄγγελος
1694 2955 1901 3030 Κυρίου

250 3043 436 3116 κύκλῳ
487 3049 600 3098 τῶν
655 3039 1011 3120 φοϐουμένων
1061 3043 1243 3102 αὐτόν,
1275 3044 1371 3098 Καὶ
1431 3045 1580 3098 οὗτοι
1640 3043 1730 3098 οὖν
1767 3044 1898 3098 πάν-

247 3153 325 3194 τες
353 3135 407 3187 οἱ
427 3137 536 3186 τοῦ
565 3126 733 3186 meas
766 3131 940 3209 φίλοι,
975 3134 1109 3187 κατὰ
1149 3133 1241 3187 τὸν
1279 3136 1378 3198 τῆς
1427 3132 1690 3209 ἁμαρτίας
1739 3131 1901 3188 αὐτοῦ

1930 1847 1976 1911 Β

1997 559 2334 631 praescripto
2384 565 2586 630 agunt,
2644 561 2891 628 Spiritus
2936 560 3158 631 quidem
3208 564 3496 630 promptus
3538 565 3641 626 est,

1997 664 2124 703 caro
2159 651 2344 704 tamen
2373 649 2605 718 inﬁrma
2637 649 2678 682 ¹³
2711 666 2724 715 ;
2759 649 2817 702 in
2849 647 2921 703 iis
2954 665 3108 716 vero,
3141 647 3242 719 qui
3300 648 3640 714 vincuntur,

1999 737 2235 792 effertur
2262 754 2418 806 caro,
2451 736 2852 801 etinvalescit,
2885 737 3082 792 anima
3110 753 3244 792 vero
3293 736 3533 808 languet
3575 753 3641 792 ac

2000 824 2359 880 debilitatur.
2394 826 2558 880 Tunc
2585 825 3034 897 igitur,ait,cum
3068 826 3423 895 peccavi,cor
3443 841 3641 881 meum

2000 915 2415 970 conturbatum
2447 919 2554 981 est,
2587 915 3016 986 dereliquitque
3048 931 3140 969 me
3170 915 3355 970 virtus
3413 932 3564 978 mea,
3588 921 3645 970 et

2002 1002 2159 1058 aliud
2193 1003 2492 1074 quidpiam
2527 1020 2698 1074 grave
2745 1003 2890 1058 mihi
2951 1003 3180 1058 accidit.
3221 1006 3430 1059 Lumen
3484 1005 3641 1060 enim

2002 1093 2288 1146 oculorum
2319 1108 2562 1147 meorum
2585 1093 2718 1164 (hoc
2749 1098 2944 1147 autem
2976 1098 3101 1148 erat
3132 1094 3510 1164 propheticus
3542 1093 3643 1165 Spi

2003 1180 2175 1248 ritus,
2202 1182 2296 1251 qui
2320 1181 2508 1236 visum
2529 1181 2737 1236 animae
2770 1181 2956 1253 ipsius
2985 1181 3435 1251 illustrabat),et
3465 1185 3645 1252 ipsum

2002 1286 2118 1324 non
2145 1274 2262 1324 erat
2283 1287 2527 1325 mecum:
2557 1286 2649 1325 me
2679 1271 2893 1342 quippe
2923 1270 3314 1342 dereliquerat
3369 1287 3434 1325 ac
3457 1266 3646 1326 reces-

2005 1363 2184 1424 serat,
2215 1361 2363 1427 Quia
2391 1377 2453 1413 ιη
2480 1360 2806 1415 malevolam
2844 1361 3099 1415 animam
3126 1375 3238 1415 non
3276 1360 3530 1415 introibit
3559 1375 3646 1414 sa-

2003 1450 2232 1520 pientia,
2262 1465 2360 1503 nec
2401 1449 2678 1508 habitabit
2734 1450 2793 1504 in
2851 1464 3074 1520 corpore
3119 1448 3333 1504 subdito
3386 1451 3646 1519 peccatis.

2006 1537 2244 1608 Spiritus
2271 1539 2422 1592 enim
2447 1547 2668 1593 sanctus
2722 1538 3034 1608 disciplinae
3089 1539 3313 1608 effugiet
3363 1538 3566 1604 dolum,
3599 1547 3650 1594 et

2004 1628 2224 1697 auferet
2242 1642 2298 1682 se
2327 1643 2362 1680 a
2381 1627 2961 1697 cogitationibus,qu.z
2989 1631 3119 1681 sunt
3139 1629 3260 1682 sine
3277 1627 3558 1682 intellectu
3580 1628 3647 1682 ¹⁶.

2006 1717 2202 1786 Itaque
2233 1714 2412 1770 simul
2444 1719 2508 1770 ut
2537 1714 2790 1785 Spiritus
2821 1720 3064 1770 sanctus
3113 1715 3185 1769 ab
3230 1700 3344 1769 lillo
3382 1715 3646 1782 recessit,

2006 1803 2244 1875 reliquit
2274 1821 2410 1859 eum
2443 1803 2793 1871 desolatum,
2827 1810 3210 1876 posteaquam
3232 1805 3648 1860 conturbatum

2008 1892 2199 1948 fuerat
2228 1909 2327 1948 cor
2355 1893 2503 1963 ejus,
2538 1909 2605 1948 ac
2631 1894 2823 1948 fractae
2855 1894 3084 1947 fuerant
3105 1891 3264 1947 illius
3280 1893 3452 1948 vires.
3483 1895 3649 1948 Tunc

2008 1982 2164 2036 enim
2196 1987 2255 2036 et
2283 1981 2481 2036 lumen
2504 1981 2808 2037 oculorum
2840 1984 2968 2051 ejus
2996 1981 3193 2053 ipsum
3216 1981 3527 2054 dereliquit
3548 1983 3650 2038 de-

2010 2069 2617 2126 solatum.lmoetiam
2653 2072 2751 2141 qui
2776 2076 2946 2126 antea
2977 2071 3146 2126 amici
3177 2076 3234 2126 et
3251 2072 3493 2142 proximi
3519 2073 3648 2142 ejus

2010 2163 2196 2224 erant,
2230 2161 2326 2230 qui
2361 2176 2495 2214 cum
2525 2159 2654 2226 ipso
2713 2160 2874 2214 omni
2927 2163 3188 2230 tempore
3242 2160 3526 2229 vixerant,
3581 2176 3648 2215 eo

2009 2248 2232 2316 relicto,
2265 2249 2338 2303 De
2367 2251 2526 2318 longe
2552 2253 2841 2320 steterunt,
2873 2265 3005 2304 cum
3052 2248 3275 2303 nollent
3335 2249 3484 2304 ultra
3514 2266 3649 2304 cum

2010 2338 2137 2406 ipso
2157 2337 2390 2407 degere,
2417 2338 2517 2392 sed
2552 2337 2776 2408 procul,
2803 2345 2864 2392 ut
2909 2338 3156 2402 videtur,
3207 2337 3378 2392 amici
3416 2337 3651 2393 calami-

2010 2432 2188 2482 tatem
2230 2427 2632 2498 deplorabant.
2665 2429 2912 2494 Quinam
2939 2434 3134 2484 autem
3175 2429 3280 2495 illi,
3316 2429 3428 2483 nisi
3453 2429 3553 2500 qui
3583 2429 3654 2484 de

2010 2516 2304 2586 prioribus
2336 2517 2464 2588 ejus
2500 2517 2668 2572 bonis
2715 2517 3084 2588 laetabantur,
3145 2516 3416 2573 videlicet
3463 2517 3654 2588 angeli

2012 2605 2147 2660 boni
2177 2621 2245 2660 ac
2275 2605 2530 2661 ministri
2563 2605 2686 2675 Dei,
2717 2608 2818 2678 qui
2848 2607 2919 2663 de
2952 2606 3259 2662 hominum
3316 2607 3506 2661 salute
3537 2624 3656 2661 una

2010 2694 2259 2762 gaudere
2287 2693 2748 2765 solent?Quippe
2778 2696 2852 2750 ob
2882 2701 3243 2766 peccatorem
3277 2695 3654 2764 pmnitentem

2008 2782 2287 2852 gaudium
2317 2783 2376 2836 in
2425 2783 2587 2838 caelis
2642 2784 2902 2838 exoritur
2933 2785 2978 2819 ¹δ
3011 2801 3023 2838 :
3051 2785 3114 2837 Et
3142 2792 3332 2838 castra
3359 2784 3658 2837 metabitur

2010 2871 2235 2940 angelus
2258 2871 2482 2926 Domini
2507 2874 2566 2926 in
2595 2873 2832 2926 circuitu
2852 2873 3169 2927 timentium
3219 2888 3345 2925 eum
3378 2872 3439 2926 ίσ.
3493 2872 3563 2925 Et
3594 2871 3654 2924 hi

2008 2958 2190 3028 igitur
2219 2975 2424 3014 omnes
2454 2959 2691 3014 Davidis
2721 2959 3140 3031 amici,peccati
3175 2959 3364 3030 ipsius
3392 2964 3656 3031 tempore

2011 3047 2378 3102 recesserunt
2408 3053 2744 3105 aversantes
2779 3067 2792 3116 ;
2826 3066 2942 3104 non
2989 3054 3185 3104 tamen
3221 3049 3455 3119 penitus
3484 3048 3651 3103 illum

2013 3139 2418 3202 deseruerunt,
2453 3142 2512 3192 at
2543 3136 2712 3208 longe
2742 3142 2964 3192 stantes
2994 3136 3294 3209 lugebant.
3312 3138 3486 3193 Docet
3515 3152 3657 3191 sane

244 3223 432 3296 καιρὸν
490 3221 810 3294 ἀνεχώρουν
887 3220 1390 3297 ἀποστρεφόμενοι·
1442 3221 1502 3276 οὐ
1563 3224 1669 3296 μὴν
1725 3223 1898 3292 πάντη

2017 3224 2302 3294 idipsum,
2333 3224 2571 3279 dicens:
2604 3225 2786 3279 Amici
2804 3227 2916 3279 mei
2944 3227 2995 3279 et
3041 3226 3287 3294 proximi
3317 3225 3428 3278 mei
3460 3222 3659 3277 adver-

249 3310 407 3365 αὐτὸν
469 3309 903 3382 κατελίμπανον,
941 3311 1147 3385 μακρὰν
1208 3307 1264 3364 δὲ
1327 3311 1550 3372 ἑστῶτες
1582 3310 1858 3365 έπέστενον
1887 3328 1900 3342 ·

249 3402 274 3454 ὃ
303 3398 373 3466 δὴ
407 3399 508 3453 καὶ
541 3399 680 3453 αὐτὸ
709 3401 824 3471 (67)
855 3396 1117 3470 διδάσκει,
1149 3398 1341 3475 λέγων·
1375 3401 1442 3456 Οἱ
1474 3398 1627 3465 φίλοι
1680 3421 1785 3471 μου
1816 3399 1906 3454 καὶ

249 3490 297 3544 οἱ
377 3487 630 3556 πλησίον
722 3509 827 3559 μου
885 3487 934 3559 ἐξ
989 3487 1227 3550 ἐναντίας
1305 3509 1408 3561 μου
1491 3486 1756 3564 ἤγγισαν,
1816 3489 1905 3542 καὶ

247 3577 510 3647 ἔστησαν.
565 3577 664 3630 Καὶ
715 3577 766 3630 οἱ
817 3574 1036 3652 ἔγγιστά
1089 3598 1214 3651 μου,
1264 3577 1370 3632 ἀπὸ
1428 3578 1690 3650 μακρόθεν
1747 3575 1907 3647 ἔστη-

245 3688 359 3722 σαν.
395 3671 500 3720 Ὠν
535 3664 747 3738 μακράν
801 3685 905 3738 μου
951 3668 1280 3738 γενομένων,
1315 3664 1478 3721 ἄλλοι
1525 3666 1666 3728 τινὲς
1706 3667 1757 3721 οἱ
1806 3667 1904 3734 τήν

247 3754 523 3830 ἁμαρτίαν
604 3753 944 3828 ἐνεργοῦντες
1008 3752 1241 3823 πλησίον
1303 3776 1407 3827 μου
1461 3755 1776 3829 γενόμενοι,
1823 3755 1906 3825 ἐξ·

248 3839 564 3912 εὸιὰζοντο,
599 3841 692 3896 καὶ
723 3848 821 3911 τῆς
872 3841 1012 3916 ἐμῆς
1060 3845 1244 3918 ψυχῆς
1293 3844 1637 3912 κατέπαιζον.
1673 3843 1764 3897 Διὸ
1813 3842 1905 3897 έπ-

244 3935 382 4007 ἐγει,
422 3931 616 4005 λέγων
643 3950 654 3962 ·
699 3925 1070 4000 Ἐξεϐιάζοντο
1117 3933 1173 3984 υἱ
1220 3936 1518 4001 ζητοῦντες
1563 3933 1660 4000 τήν
1719 3933 1905 4006 ψυχήν

248 4042 368 4094 μουο
406 4020 508 4074 καὶ
571 4020 627 4073 oi.
688 4023 973 4088 ζητοῦντες
1029 4020 1097 4073 τὰ
1148 4032 1286 4074 κακα
1342 4041 1433 4092 μοι
1491 4022 1600 4092 (68)
1633 4018 1904 4090 ἐλάλησαν

247 4109 674 4181 ματαιότητας,
743 4108 832 4161 καὶ
915 4104 1239 4174 δολιότητας
1326 4106 1462 4176 ὅλην
1515 4109 1614 4177 τήν
1699 4107 1905 4181 ἡμέραν

247 4197 620 4268 ἐμελέτησαν.
679 4194 852 4250 Πάλαι
917 4198 1018 4272 γὰρ
1081 4197 1228 4251 οὗτοι
1289 4193 1547 4270 διψῶντες
1609 4201 1706 4251 τοῦ
1774 4196 1909 4268 ἐμοῦ

248 4286 509 4358 αἳματος,
541 4283 636 4339 καὶ
680 4284 740 4338 έκ
773 4289 996 4358 μακρῶν
1027 4284 1243 4359 χρόνων
1291 4283 1580 4360 εὐχόμενοι
1626 4285 1910 4348 θεάσασθαί

251 4397 352 4446 μου
383 4377 491 4443 τήν
539 4378 770 4440 πτῶσιν,
800 4373 996 4427 ὡσανεὶ
1043 4377 1234 4445 καιροῦ
1283 4368 1599 4446 λαϐόμενοι,
1633 4373 1721 4428 ὅτε
1769 4371 1910 4428 εἶδον

247 4462 657 4535 καταλείψασάν
693 4483 758 4534 με
790 4464 903 4535 (69)
927 4463 1026 4530 τήν
1062 4461 1220 4536 ἶσχόν
1258 4483 1384 4534 μου,
1416 4462 1504 4516 καί
1547 4463 1608 4516 τὸ
1639 4467 1752 4539 φῶς
1801 4467 1909 4517 τῶν

251 4552 560 4629 ὀφθαλμῶν
600 4573 704 4624 μου
733 4550 1092 4626 ἀναχωρῆσάν
1124 4571 1250 4622 μου,
1286 4549 1413 4612 τούς
1459 4571 1517 4605 τε
1556 4550 1750 4628 φίλους
1799 4573 1904 4624 μου

248 4641 336 4695 καὶ
387 4642 523 4701 τοὺς
574 4637 813 4708 πλησίον
867 4659 974 4710 μου
1027 4640 1232 4713 μακράν
1269 4660 1372 4712 μου
1416 4641 1773 4714 γενομένους·
1803 4661 1906 4695 πα-

253 4737 435 4804 ραχρῆ
449 4749 525 4802 μα
556 4725 992 4797 ἐπιπηδήσαντες
1024 4723 1360 4798 ἐξεϐιάζοντο
1389 4731 1486 4798 τὴν
1529 4731 1720 4803 ψυχήν
1777 4750 1904 4800 μου,

251 4820 340 4872 καὶ
399 4820 479 4878 ὡς
535 4814 599 4871 ἃν
680 4815 999 4871 ἐθελόκακω
1034 4859 1048 4885 ,
1102 4815 1410 4886 Ἐλάλησαν
1491 4818 1857 4889 ματαιότητας
1890 4863 1905 4888 ,

254 4905 403 4962 ἔνδον
438 4900 850 4966 ὕποϐάλλοντές
908 4907 1110 4978 μουτῇ
1164 4908 1318 4980 ψυχῇ
1376 4903 1635 4978 ματαίους
1681 4904 1906 4980 λόγους.

2014 3328 2140 3367 sum
2167 3329 2253 3367 me
2281 3315 2880 3384 approoinquaverunt,
2901 3318 2955 3368 et
2981 3321 3262 3368 steterunt.
3293 3315 3357 3368 Et
3377 3314 3474 3383 qui
3489 3313 3660 3382 juxta

2014 3417 2100 3456 me
2128 3404 2308 3470 erant,
2339 3401 2406 3456 de
2438 3400 2600 3470 longe
2627 3406 2913 3457 steterunt.
2947 3403 3172 3467 Quibus
3218 3401 3418 3472 procul
3451 3417 3542 3456 me
3564 3417 3663 3472 p0-

2015 3490 2170 3555 sitis,
2193 3489 2291 3544 alii
2323 3490 2564 3560 quidam
2597 3491 2816 3560 peccati
2849 3496 3116 3546 auctores
3137 3491 3309 3561 juxta
3356 3507 3448 3545 me
3506 3494 3664 3544 stan-

2016 3582 2127 3648 tes,
2159 3578 2276 3633 vim
2295 3578 2609 3648 faciebant,
2641 3584 2700 3634 et
2728 3580 2936 3634 animae
2967 3579 3118 3634 869
3144 3578 3469 3634 illudebant
3499 3595 3664 3634 mea.

2019 3667 2152 3722 Ideo
2179 3666 2415 3722 subdit:
2443 3667 2561 3722 Vim
2588 3669 2988 3738 faciebantqui
3041 3669 3359 3737 quaerebant
3406 3674 3663 3724 animam

2016 3771 2195 3811 meam
2224 3772 2243 3810 :
2273 3765 2325 3810 et
2355 3758 2451 3826 qui
2478 3758 2838 3826 inquirebant
2887 3759 3035 3811 mala
3095 3756 3254 3822 mihi,
3315 3758 3483 3812 locuti
3535 3763 3663 3813 sunt

2016 3847 2311 3914 vanitates,
2345 3847 2397 3897 et
2451 3844 2598 3899 dolos
2647 3849 2759 3900 tota
2811 3845 2900 3900 die
2928 3845 3340 3900 mediabantur.
3401 3845 3463 3898 lli
3497 3863 3661 3901 nam-

2018 3949 2132 4005 que
2161 3933 2300 3988 olim
2330 3932 2594 3988 sitientes
2626 3934 2966 4005 sanguinem
3002 3939 3400 4003 meum,atque
3421 3950 3454 3987 a
3478 3932 3664 4002 longis

2018 4028 2170 4079 retro
2200 4021 2569 4093 temporibus
2588 4026 2964 4093 peroptantes
2983 4021 3214 4076 ruinam
3234 4022 3427 4076 videre
3452 4038 3637 4076 meam
3651 4065 3664 4089 ,

2019 4112 2190 4182 quasi
2222 4111 2724 4182 opportunitatem
2756 4112 2931 4173 nacti,
2963 4110 3664 4166 cumviderentvirtutem

2020 4217 2210 4256 meam
2242 4217 2337 4254 me
2368 4198 2834 4270 dereliquisse,et
2855 4199 3051 4254 lumen
3076 4199 3376 4253 oculorum
3402 4215 3666 4254 meorum

2021 4306 2054 4344 a
2085 4306 2180 4344 me
2213 4287 2778 4354 recessisse,amicos
2807 4304 3039 4359 quoque
3061 4304 3222 4342 meos
3253 4293 3311 4342 et
3341 4303 3501 4342 meos
3530 4304 3669 4359 pro-

2019 4379 2211 4433 ximos
2243 4377 2509 4449 procula
2565 4394 2659 4433 me
2689 4383 2967 4443 remotos,
3016 4377 3322 4431 confestim
3382 4377 3673 4432 irruentes

2018 4467 2134 4522 vim
2169 4468 2462 4522 faciebant
2493 4467 2702 4522 animai
2735 4482 2913 4534 meai;
2947 4470 3353 4537 atque,utpote
3378 4465 3668 4533 malevoli,

2022 4557 2210 4611 Locuti
2235 4560 2364 4610 sunt
2393 4557 2686 4620 vanitates,
2717 4555 2876 4609 intus
2903 4569 3209 4609 sermones
3238 4570 3418 4609 vanos
3458 4554 3664 4608 animai

2021 4661 2161 4699 meai
2193 4646 2597 4714 suggerentes,
2622 4645 2740 4697 imo
2796 4643 2971 4698 etiam
3004 4642 3204 4697 dolose
3241 4641 3666 4708 demulcentes,

2017 4748 2084 4787 ac
2105 4730 2483 4802 decipientes,
2515 4732 2683 4801 quasi
2718 4747 2810 4785 me
2839 4731 2908 4785 ad
2949 4733 3101 4785 bona
3125 4730 3491 4795 inescabant,
3525 4731 3666 4784 dum

2017 4819 2077 4873 in
2109 4826 2414 4890 peccatum
2443 4835 2536 4874 me
2555 4819 2877 4874 traherent.
2911 4819 3134 4874 Idcirco
3165 4819 3445 4888 subjicit:
3479 4821 3541 4875 Et
3569 4818 3669 4875 do-

2021 4909 2097 4964 los
2127 4917 2241 4964 tota
2269 4907 2357 4964 die
2385 4907 2817 4964 meditabantur.

254 4994 399 5051 αλλᾶ
457 4996 548 5048 καὶ
600 4993 691 5048 σὺν
742 4991 892 5066 δόλῳ
941 4992 1222 5070 θέλγοντες
1267 4996 1356 5048 καὶ
1407 4995 1734 5066 ἀπατῶντες,
1768 4996 1841 5057 ὡς
1893 4993 1982 5050 ἐπὶ
2032 4995 2252 5070 ἀγαθοῖς
2290 4992 2972 5063 ἐδελὲαζον,καθέλκοντὲς
3006 5016 3073 5069 με
3112 4994 3190 5055 εἰς
3231 4996 3330 5061 τὴν
3378 4994 3666 5068 ἁμαρτίαν.

255 5085 347 5139 Διὸ
377 5083 569 5157 ἐπάγει
601 5085 734 5155 (70)·
760 5083 864 5138 Καὶ
897 5079 1226 5152 δολιύτητας
1260 5082 1395 5154 ὅλην
1428 5084 1526 5151 τήν
1554 5081 1762 5158 ἡμέραν
1789 5081 2143 5155 ἐμελέτησαν.

325 5193 369 5229 ⁸³
399 5191 609 5248 Matth.
646 5207 794 5261 xxvx,
829 5191 917 5246 lii.
949 5192 996 5227 ¹⁴
1023 5194 1157 5263 Sap.
1194 5209 1231 5262 ι,
1284 5193 1335 5263 4,
1366 5192 1420 5246 5.
1457 5193 1500 5228 ¹⁶
1560 5193 1692 5247 Luc.
1727 5207 1819 5262 xv,
1848 5192 1899 5248 7.

2019 5193 2174 5248 Psal.
2207 5207 2404 5257 xxxm,
2437 5191 2490 5244 8.

324 5300 437 5370 (65)
456 5297 622 5354 Colb.
657 5292 1168 5370 ρι’ἰῐηυεηέγένιτο.

467 5365 710 5425 Codices
739 5375 880 5434 tres,
916 5365 1377 5440 ἐπαναστήσεταιη
1403 5373 1530 5426 Mox
1583 5370 1750 5434 editi,
1793 5367 1913 5421 τοί-

258 5438 345 5512 νυν
380 5442 568 5497 αὐτοῦ.
604 5442 745 5512 Reg.
777 5440 1100 5506 secundus,
1130 5441 1311 5512 τοίνυν
1356 5438 1448 5493 ἀπ’
1505 5440 1691 5506 αὐτοῦ,
1742 5442 1908 5496 bene.

259 5511 416 5567 Haud
456 5513 627 5584 longe
658 5509 783 5568 tres
816 5509 1399 5584 ωεξηκαταλὲλοιπε.
1461 5515 1721 5569 Subinde
1773 5516 1912 5583 Reg.

264 5579 847 5658 tertiuSLIE'atovﬁcai
877 5579 1047 5658 αὐτοῦ
1075 5585 1174 5653 τὴν
1208 5585 1413 5658 ψυχήν.

335 5658 446 5727 (67)
470 5651 632 5712 Unus
664 5672 803 5727 ms.,
831 5651 1018 5716 αὐτός.
1070 5706 1071 5709 η

2091 5298 2203 5368 (68)
2235 5298 2321 5370 lla
2343 5294 2510 5350 multi
2541 5311 2685 5370 mss.
2718 5295 2786 5349 At
2811 5294 2971 5370 editi,
3006 5292 3090 5370 διὸ
3131 5294 3398 5370 ἐπιλέγει,
3455 5288 3668 5363 ἐξεϐιά-

2023 5365 2262 5436 ζοντοοὶ
2293 5370 2578 5435 ζητοῦντες
2606 5365 2671 5419 τὰ
2709 5365 2848 5420 κακά
2882 5387 2996 5439 μοι,
3031 5369 3185 5424 haud
3219 5365 3465 5438 integre.

2076 5441 2201 5526 '(69)
2225 5439 2509 5526 Si‘c-Qolb.
2545 5440 2772 5511 primus
2801 5438 2933 5495 cum
2965 5447 3103 5514 Heg.
3147 5443 3421 5498 secundo.
3459 5438 3665 5492 Deerat

2028 5529 2208 5654 μιώῐὸ)
2229 5513 2499 5638 εἰῗάᾜέε.
2533 5582 2682 5638 Editi
2714 5578 2958 5652 vero,8tb
2987 5583 3076 5636 καὶ
3107 5581 3193 5640 ἐπ.
3231 5576 3668 5651 Reg.secundus

2027 5649 2111 5707 διὸ
2143 5652 2404 5708 ἐπιλέγει.

2062 5673 2111 5707 ιο
2143 5673 2404 5729 επιΛιγει.
