4108 6214
471 327 556 388 99

1414 322 1808 386 ΑΡΡΕΝΒῘΧ
1853 324 2178 388 OPERUM
2223 324 2292 386 8.
2333 323 2623 388 BASILII
2671 326 2951 390 MAGNI.

3769 328 3896 391 £00

537 461 591 516 6.
627 459 804 516 Vsus.
830 459 919 531 14,
954 459 1043 516 15.
1077 465 1186 532 Ego
1213 466 1397 516 autem
1440 461 1706 530 tanquam
1755 458 1958 516 surdus
2011 474 2093 516 no:

2206 525 2208 532 _
2307 457 2360 514 6.
2414 457 2558 533 Ἐγὼ
2617 455 2675 514 δὲ
2735 458 2864 516 ὡσεὶ
2920 459 3106 539 κωφὸς
3161 459 3264 516 οὐκ
3315 455 3556 534 ἤκουον,
3615 461 3705 516 καί
3755 460 3891 518 ὡσεὶ

467 550 785 615 audiebam,
838 557 892 604 et
919 550 1063 605 sieut
1108 552 1292 605 mutus
1364 564 1474 604 non
1535 549 1784 619 operiens
1838 565 1900 604 os
1947 564 2133 604 suum.

466 642 533 696 Et
556 643 736 711 factus
759 655 884 694 sum
920 639 1060 694 sicut
1090 639 1246 694 homo
1297 654 1408 694 non
1462 637 1716 709 audiens,
1771 642 1822 694 et
1874 653 1984 694 non
2023 637 2124 692 ha-

467 729 594 786 bens
627 731 690 785 in
724 744 821 784 ore
847 742 944 783 suo
974 727 1415 799 redargutiones.
1449 731 1768 798 Postquam
1831 727 1932 799 qui
1964 743 2123 799 quae-

2239 543 2445 610 ἄλαλος
2501 546 2600 603 οὐκ
2657 547 2885 624 ἀνοίγων
2936 551 2998 604 τὸ
3056 549 3232 622 στόμα
3295 548 3494 604 αὐτοῦ·
3546 550 3636 605 καὶ
3709 550 3892 625 ἐγενό-

2241 656 2347 707 μην
2382 635 2511 690 ὡσεὶ
2563 633 2850 710 ἅνθρωπος
2894 637 2993 692 οὐκ
3039 637 3272 710 ἀκούων,
3304 637 3393 694 καὶ
3443 639 3542 695 οὐκ
3593 637 3737 715 ἔχων
3771 642 3891 715 (71)

2233 721 2285 778 ἐν
2328 729 2410 796 τῷ
2456 724 2685 798 στόματι
2737 727 2904 782 αὐτοῦ
2953 724 3245 802 έλεγμούς.
3293 726 3513 798 Ἐπειδή
3569 729 3618 782 οἱ
3662 733 3888 799 ζητοῦν-

464 820 676 874 rebant
708 817 967 873 animam
1001 833 1214 884 meam,
1249 817 1596 872 invenerunt
1626 815 1840 887 ipsam,
1862 819 1985 871 tum
2017 817 2093 871 de

2229 833 2316 876 τες
2341 813 2443 883 τὴν
2476 817 2662 890 ψυχήν
2713 836 2839 889 μου,
2891 817 3046 892 εὗρον
3097 816 3286 887 αὐτὴν,
3321 817 3418 882 εἶθ’
3468 818 3710 892 εὑρόντες
3760 840 3890 875 κατ-

466 925 630 963 mum
661 907 909 963 inventae
949 905 1357 974 illuserunt,ac
1380 905 1528 960 meis
1559 904 1732 960 malis
1768 905 2088 961 insultante

2231 902 2474 974 έπαιζον,
2493 898 2758 974 ἐπέϐησαν
2785 902 2841 960 δὲ
2874 904 3301 975 έπιτωθάζοντες
3330 912 3446 970 τοῖς
3479 905 3638 980 ἐμοῖς
3668 914 3886 971 κακοῖςο

463 997 784 1063 irruerunt;
816 999 1020 1067 postea
1047 993 1336 1050 vanitates
1391 997 1448 1048 et
1502 991 1667 1048 dolos
1726 997 1845 1048 tota
1894 994 1986 1048 die
2033 993 2120 1048 lo-

464 1087 818 1159 quebantur.
850 1086 934 1139 Ad
986 1084 1105 1139 haec
1137 1082 1304 1150 mihi,
1364 1081 1514 1138 meis
1572 1081 1779 1138 amicis
1830 1082 2116 1151 desolato,

463 1175 612 1232 nihil
645 1173 998 1246 suppetebat
1026 1173 1182 1245 quod
1213 1172 1484 1243 dicerem,
1535 1171 1753 1243 quippe
1791 1171 1893 1243 qui
1924 1188 2115 1228 essem

461 1265 683 1338 pudore
701 1262 958 1336 repletus
982 1280 997 1331 ;
1025 1266 1384 1334 quapropter
1411 1267 1690 1332 tanquam
1746 1261 1963 1316 surdus
1997 1277 2114 1318 non

458 1353 926 1410 audiebam.1mo
950 1350 1047 1406 ille
1077 1367 1183 1423 ego
1211 1350 1313 1422 qui
1332 1350 1628 1422 quondam
1651 1365 1811 1404 eram
1833 1349 2113 1422 eloquen-

458 1443 752 1510 tissimus,
786 1445 843 1497 et
874 1449 1157 1512 praesente
1188 1440 1483 1512 sapientia
1539 1440 1889 1510 instructus,
1920 1439 2111 1496 factus

457 1549 591 1588 sum
622 1537 908 1602 tanquam
942 1531 1159 1585 surdus
1182 1545 1556 1600 nequaquam
1581 1527 1850 1597 audiens,
1881 1532 1940 1584 et
1960 1527 2112 1584 sicut

457 1625 660 1676 mutus
693 1637 808 1676 non
837 1619 1101 1691 aperiens
1141 1635 1206 1674 os
1256 1635 1452 1674 suum.
1507 1616 1566 1672 Si
1617 1616 1856 1689 quidem
1910 1616 2110 1674 nullus

457 1710 602 1766 mihi
634 1726 825 1766 sermo
858 1705 930 1764 iud
963 1708 1367 1764 defensionem
1417 1707 1816 1774 succurrebat,
1853 1722 1957 1762 nec
1989 1706 2107 1764 ullo

454 1803 625 1873 pacto
657 1799 951 1864 inimicos,
974 1796 1155 1853 semel
1188 1797 1260 1852 ab
1293 1795 1440 1868 ipsis
1469 1796 1681 1863 victus,
1715 1794 1934 1867 alloqui
1955 1795 2104 1852 vale-

453 1890 628 1952 bam;
662 1888 762 1944 sed
795 1903 954 1944 eram
987 1888 1050 1944 Ut
1081 1886 1241 1942 homo
1271 1900 1380 1941 non
1439 1885 1691 1955 audiens,
1751 1887 1802 1939 et
1855 1900 1967 1941 non
2001 1884 2100 1940 ha-

454 1981 583 2034 bens
614 1979 676 2033 in
704 1993 796 2034 ore
822 1993 920 2033 suo
951 1977 1386 2044 redargutiones.
1418 1974 1722 2046 Arguebar
1749 1974 1907 2029 enim
1953 1974 2102 2046 ipse,

449 2085 566 2124 non
600 2073 796 2122 autem
840 2067 1180 2138 arguebam,
1238 2081 1344 2120 nec
1395 2063 1541 2120 mihi
1597 2062 1950 2118 verecundia
2006 2080 2102 2119 co-

449 2160 648 2228 operto
679 2155 870 2210 inerat
897 2155 1173 2226 loquendi
1204 2153 1468 2210 libertas.
1500 2153 1676 2208 Vsus.
1712 2153 1801 2222 16,
1835 2153 1921 2208 17.
1957 2159 2099 2224 Quo-

446 2247 606 2302 niam
635 2246 696 2300 in
727 2253 797 2313 te,
829 2245 1078 2311 Domine,
1129 2244 1369 2314 speravi,
1417 2245 1474 2297 tu
1523 2241 1814 2312 exaudies,
1873 2243 2103 2298 Domine

447 2337 588 2391 Deus
642 2349 815 2388 meus.
877 2334 1018 2400 Quia
1063 2331 1213 2387 dixi:
1255 2333 1329 2387 Ne
1385 2330 1606 2404 quando
1662 2330 2102 2403 supergaudeant

447 2424 588 2478 mihi
602 2422 823 2478 inimici
850 2423 958 2477 mei
988 2438 1007 2475 :
1037 2427 1090 2477 et
1111 2421 1244 2476 dum
1296 2424 1704 2476 rommoventur
1759 2420 1917 2492 pedes
1967 2421 2098 2487 mei,

444 2527 609 2583 super
635 2528 722 2568 me
751 2527 958 2579 magna
994 2511 1161 2565 locuti
1187 2515 1340 2565 sunt.
1373 2509 1505 2564 Haec
1537 2509 1738 2579 utique
1769 2508 1914 2564 mihi
1947 2509 2096 2564 acci-

447 2601 678 2657 derunt.
715 2603 1080 2673 Quapropter
1132 2599 1323 2654 factus
1362 2615 1497 2654 sum
1547 2601 1834 2668 tanquam
1879 2599 2098 2654 surdus

447 2708 563 2746 non
592 2690 857 2756 audiens,
890 2693 948 2745 et
976 2688 1129 2744 sicut
1155 2693 1358 2744 mutus
1379 2703 1495 2742 non
1528 2687 1880 2758 aperiensos
1897 2702 2094 2742 suum:

443 2783 500 2836 et
530 2780 683 2835 sicut
711 2779 892 2834 homo
924 2794 1041 2832 non
1067 2777 1290 2833 habens
1322 2776 1769 2848 redargutiones
1798 2793 1811 2844 ;
1836 2776 1992 2846 quod
2024 2776 2096 2830 ad

448 2869 744 2937 inimicos,
776 2873 1060 2938 tanquam
1117 2866 1190 2922 ab
1247 2865 1342 2920 his
1393 2864 1604 2935 victus,
1628 2864 1776 2920 nihil
1807 2864 2094 2920 dicebam.

445 2958 664 3013 Verum
688 2973 803 3012 non
836 2961 1140 3028 propterea
1169 2956 1242 3011 de
1268 2954 1492 3027 meipso
1515 2954 1842 3026 desperavi,
1874 2959 1935 3010 at
1983 2954 2094 3009 ite-

447 3064 577 3103 rum
612 3046 816 3118 collegi
840 3062 933 3100 me
955 3045 1120 3118 ipse:
1155 3043 1258 3116 qui
1291 3061 1324 3099 a
1367 3047 1600 3116 peccato
1657 3043 1897 3114 quidem
1938 3042 2096 3098 velut

442 3153 476 3191 a
499 3141 688 3190 morte
709 3132 1063 3204 resiluerim,
1091 3150 1158 3189 ac
1189 3131 1576 3189 confessionis
1615 3131 1894 3188 remediis
1922 3131 2092 3186 ulcus

2231 993 2345 1046 εἶτα
2385 990 2614 1047 ἐλάλουν
2671 994 3036 1066 ματαιότητας
3082 995 3172 1050 καὶ
3224 992 3550 1066 δοικιότητας
3599 995 3737 1066 ὅλην
3778 999 3884 1066 τὴν

2227 1079 2460 1156 ἡμέραν.
2497 1083 2619 1138 Ἐπὶ
2648 1083 2864 1146 τούτοις
2895 1082 3000 1160 ἐγὼ
3035 1079 3242 1159 ἕρημος
3269 1085 3507 1161 γεγονὼς
3556 1091 3664 1141 τῶν
3710 1087 3886 1159 ἐμαυ-

2223 1174 2320 1224 τοῦ
2367 1170 2567 1248 φίλων,
2611 1171 2763 1227 οὐδὲν
2817 1173 2966 1249 εἶχον
3019 1171 3222 1250 λέγειν,
3269 1175 3534 1251 αἱσχύνης
3574 1174 3886 1252 πεπληρω-

2227 1259 2407 1332 μένος·
2455 1257 2539 1315 διὸ
2580 1261 2709 1316 ὡσεὶ
2764 1263 2948 1341 κωφὸς
3005 1264 3103 1318 οὐκ
3152 1260 3354 1334 ἤκουον
3390 1283 3402 1296 ·
3454 1263 3580 1321 ἀλλ’
3624 1266 3652 1320 ὁ
3703 1265 3882 1322 πάλαι

2224 1347 2590 1425 λογιώτατος,
2649 1352 2740 1407 καὶ
2806 1357 2875 1427 τῇ
2931 1352 3180 1428 παρούσῃ
3252 1354 3415 1433 σοφίᾳ
3487 1356 3881 1430 σεσοφισμένος

2221 1440 2417 1516 γέγονα
2447 1441 2576 1496 ὡσεὶ
2607 1442 2791 1520 κωφὸς
2824 1444 2936 1516 (72)
2981 1442 3079 1498 οὐκ
3130 1442 3364 1513 ἀκούων,
3395 1444 3485 1499 καὶ
3533 1445 3608 1506 ὡς
3667 1441 3882 1510 ἅλαλος

2221 1529 2323 1583 οὐκ
2363 1528 2592 1605 ἀνοίγων
2625 1531 2688 1585 τὸ
2737 1532 2913 1604 στόμα
2966 1529 3152 1590 αὐτοῦ.
3184 1529 3377 1595 Οὐδεὶς
3420 1532 3522 1608 γάρ
3570 1554 3664 1606 μοι
3706 1530 3883 1609 λόγος

2218 1617 2284 1687 ἦν
2342 1618 2481 1692 πρὸς
2531 1617 2880 1691 ἀπολογίαν·
2925 1617 3048 1675 οὐδ’
3104 1621 3254 1696 εἶχόν
3307 1641 3428 1676 τινα
3482 1627 3599 1684 τοῖς
3649 1622 3884 1698 ἐχθροῖς

2216 1708 2701 1784 προσφθέγγεσθαι,
2736 1709 2870 1781 ἅπαξ
2933 1709 3022 1763 ὑπ’
3077 1709 3250 1764 αὐτῶν
3309 1709 3662 1782 νενικημένος
3697 1730 3710 1743 ·
3745 1710 3860 1766 ἀλλ

2215 1795 2367 1869 ἥμην
2415 1798 2504 1860 Ὧς
2556 1795 2839 1870 ἄνθρωπος
2893 1797 2992 1854 οὐκ
3043 1797 3276 1871 ἀκούων,
3308 1798 3397 1853 καὶ
3455 1797 3553 1854 οὐκ
3607 1795 3750 1875 ἔχων
3813 1799 3874 1856 ἐν

2211 1888 2291 1956 τῷ
2341 1884 2567 1958 στόματι
2618 1886 2782 1942 αὐτοῦ
2849 1885 3142 1962 ἰλεγμούς.
3194 1885 3548 1963 Ἠλεγχόμην
3603 1889 3707 1964 γὰρ
3761 1889 3874 1943 αὗ-

2210 1975 2326 2046 τὸς,
2358 1971 2483 2029 ἀλλ’
2517 1974 2615 2030 ούκ
2637 1973 3044 2050 ἤλεγχον,οὖδὲ
3075 1977 3223 2052 εἶχον
3256 1976 3588 2053 παρῥησίαν,
3618 1977 3860 2054 αἰσχύνῃ

2211 2062 2646 2138 κεκαλυμμένος.
2708 2067 2829 2123 Ὃτι
2900 2064 2986 2120 ἐπὶ
3065 2066 3188 2137 σοὶ,
3236 2066 3442 2142 Κύριε,
3500 2065 3746 2139 ἤλπισα,
3808 2066 3878 2122 σὺ

2212 2151 2516 2228 εἷσακούσῃ,
2551 2154 2715 2229 Κύριε
2773 2156 2801 2210 ὁ
2861 2155 2992 2218 Θεός
3053 2176 3178 2228 μου.
3228 2158 3346 2210 Ὅτι
3411 2155 3586 2227 εἶπον,
3649 2159 3872 2230 μήποτε

2211 2240 2518 2318 ἐπιχαρῶσί
2567 2264 2659 2315 μοι
2717 2245 2828 2316 (73)
2863 2245 2913 2299 οἱ
2961 2243 3152 2320 ἐχθροί
3207 2261 3344 2317 μου·
3377 2245 3465 2299 καὶ
3522 2243 3575 2300 ἐν
3632 2250 3713 2318 τῷ
3765 2266 3867 2300 σα-

2211 2329 2468 2397 λευθῆναι
2529 2330 2698 2394 πόδας
2752 2354 2876 2406 μου,
2936 2333 3018 2388 ἐπ’
3071 2332 3169 2407 ἐμὲ
3235 2332 3861 2410 ἐμεγαλορῥημόνησαν.

2211 2420 2294 2476 Τὰ
2324 2417 2389 2488 δὴ
2422 2423 2533 2493 (74)
2566 2416 2951 2494 συμϐεϐηκότα
2985 2443 3077 2495 μοι
3129 2426 3316 2480 ταῦτα.
3350 2424 3441 2477 Διὸ
3483 2423 3680 2498 γέγονα
3723 2423 3859 2479 ὡσεὶ

2207 2509 2392 2586 κωφὸς
2421 2509 2522 2564 οὐκ
2555 2510 2791 2577 ἀκούων,
2821 2511 2911 2566 καὶ
2954 2511 3029 2575 ὡς
3079 2508 3288 2573 ἄλαλος
3338 2512 3440 2566 οὐκ
3497 2512 3733 2580 ἀνοίγων
3790 2515 3864 2568 τὸ

2208 2597 2382 2671 στόμα
2412 2597 2596 2669 αὐτοῦ,
2625 2599 2716 2654 καὶ
2748 2599 2874 2655 ὡσεὶ
2906 2598 3191 2675 ἄνθρωπος
3222 2599 3318 2655 οὐκ
3367 2595 3511 2676 ἔχων
3563 2599 3860 2676 ἐλεγμούςο

2209 2685 2293 2742 διὸ
2343 2685 2497 2742 οὐδὲν
2547 2690 2680 2763 πρὸς
2724 2688 2852 2754 τυὺς
2901 2688 3133 2766 ἐχθροὺς
3191 2686 3402 2765 ἔλεγον,
3437 2690 3510 2752 ὡς
3543 2689 3602 2745 ἂν
3638 2691 3724 2745 ὑπ’
3753 2690 3860 2746 αὖ·

2205 2779 2310 2830 τῶν
2362 2778 2731 2850 νενικημένοσ.
2764 2777 2840 2835 Οὗ
2891 2780 2998 2851 μὴν
3052 2776 3142 2833 διὰ
3186 2783 3346 2835 τοῦτο
3397 2778 3639 2856 ἀπέγνων
3682 2780 3860 2852 ἐμαυ-

2204 2870 2331 2920 τοῦ’
2365 2874 2594 2941 συνῆγον
2655 2864 2712 2922 δὲ
2767 2866 2930 2923 πάλιν
2981 2866 3236 2940 ἐμαυτὸν,
3286 2875 3386 2938 τῆς
3439 2869 3532 2940 μὲν
3583 2867 3859 2943 ἁμαρτίας

2206 2955 2282 3020 ὡς
2313 2957 2543 3011 θανάτου
2578 2953 2960 3027 ἀποπηδήσας,
2991 2963 3107 3020 τοῖς
3163 2955 3220 3012 δὲ
3260 2964 3359 3028 τῆς
3399 2957 3857 3033 ἐξομολογήσεως

2205 3045 2513 3120 φαρμάκοις
2541 3044 2604 3098 τὸ
2635 3043 2870 3117 ἐμαυτοῦ
2913 3047 3020 3118 (75)
3068 3041 3231 3107 ἓλκος
3283 3043 3535 3118 ἲώμενος.
3568 3046 3674 3102 Καὶ
3721 3044 3860 3109 τοὺς

2203 3130 2634 3208 προσοζέσαντάς
2695 3155 2788 3206 μοι
2842 3131 3122 3207 μώλωπας
3189 3134 3295 3188 ἀπὸ
3367 3140 3464 3204 τῆς
3541 3133 3861 3209 ἀφρόσύνης

444 3239 641 3278 meum
674 3221 1023 3278 sanaverim.
1057 3221 1204 3286 Quin
1237 3225 1294 3276 et
1323 3237 1486 3277 meas
1515 3220 1816 3275 cicatrices
1837 3221 1909 3275 ab
1949 3219 2093 3276 insi-

2213 3241 2340 3296 μου,
2403 3223 2686 3298 θεραπείας
2742 3228 2928 3299 τυχεῖν
2987 3223 3140 3294 ἀξιῶ.
3169 3223 3263 3278 Διὸ
3319 3222 3443 3280 Ἐπὶ
3500 3223 3607 3296 σοὶ,
3658 3221 3858 3298 Κύριε,

448 3311 668 3384 pientia
699 3326 829 3366 mea
860 3311 1215 3382 putrefactas
1244 3309 1475 3380 postulo
1506 3309 1716 3365 curari.
1770 3309 1902 3364 Ideo
1933 3311 1995 3364 In
2024 3312 2096 3378 te,

451 3403 701 3468 Domine,
733 3401 990 3471 speravi:
1026 3399 1172 3453 mihi
1204 3398 1422 3470 quippe
1479 3413 1594 3454 non
1653 3396 1862 3468 ﬁdens,
1909 3412 2098 3468 neque

443 3489 626 3546 ullam
648 3488 823 3544 aliam
849 3493 1056 3560 praeter
1077 3493 1131 3543 te
1153 3503 1317 3559 spem
1344 3502 1462 3559 pra;
1481 3484 1667 3542 oculis
1684 3485 2095 3552 habens,buno

439 3579 766 3636 curationis
796 3579 1037 3634 modum
1069 3575 1726 3648 mibipraascripsiﬂum
1756 3575 1936 3648 igitur
1955 3591 2092 3648 spe-

439 3668 716 3735 raverim,
748 3666 1016 3734 Domine,
1050 3682 1186 3738 spes
1244 3670 1441 3720 autem
1496 3681 1612 3720 non
1644 3665 1964 3721 confundat
1993 3665 2037 3700 1⁷
2072 3681 2085 3732 ;

433 3758 566 3814 ideo
593 3757 825 3822 exaudi,
859 3757 1000 3829 quia
1030 3755 1118 3810 vis
1147 3759 1210 3810 tu
1258 3753 1742 3821 misericordiam,
1777 3770 1968 3826 neque
1996 3753 2086 3810 vis

431 3852 680 3904 mortem
714 3846 1052 3920 peccatoris,
1086 3845 1186 3901 sed
1221 3844 1625 3917 paenitentiam
1647 3844 1838 3916 ipsius
1869 3843 2089 3909 “.Quia

428 3937 660 4010 speravi
692 3937 750 3992 in
781 3941 858 4004 te,
892 3935 1134 3992 obsecro
1166 3933 1465 3990 obtineam
1521 3938 1690 3988 tuum
1743 3933 2027 3988 auxilium
2063 3949 2076 3989 :

426 4027 726 4100 Nequando
773 4024 1215 4098 supergaudeant
1267 4023 1411 4079 mihi
1465 4025 1687 4079 inimici
1731 4025 1860 4079 mei.
1925 4023 2081 4078 Non-

428 4119 569 4173 dum
611 4117 768 4174 enim
802 4117 1042 4172 omnino
1096 4113 1282 4187 gavisi
1341 4117 1481 4168 sunt
1515 4131 1527 4181 ;
1559 4113 2081 4184 supergaudebunt

427 4211 644 4273 autem,
677 4205 794 4260 nisi
848 4208 1013 4259 tuam
1064 4218 1391 4273 consequar
1441 4201 1941 4256 misericordiam:
1975 4203 2075 4257 sed

425 4311 498 4351 ne
530 4293 1007 4366 supergaudeant
1037 4291 1182 4348 mihi
1214 4291 1440 4346 inimici
1472 4290 1609 4360 mei,
1643 4291 1798 4345 870
1821 4290 1920 4361 qui
1945 4291 2073 4362 jam

419 4386 589 4439 antea
619 4397 754 4438 cum
785 4383 1298 4437 commoverentur
1310 4379 1487 4451 pedes
1517 4377 2073 4450 mei,magnaloouti

420 4475 563 4527 sunt
595 4487 607 4525 :
642 4471 714 4527 ad
746 4474 802 4525 te
833 4469 1166 4541 confugi,ac
1188 4468 1316 4524 dico
1335 4484 1350 4523 :
1371 4470 1488 4524 Non
1504 4468 1814 4539 confundor
1833 4469 1890 4524 in
1909 4477 2072 4526 aeter-

415 4577 552 4616 num
587 4561 650 4632 ιθ,
681 4576 862 4632 neque
892 4558 1166 4614 irrideant
1192 4573 1279 4613 me
1307 4558 1527 4614 inimici
1549 4561 1662 4613 mei
1684 4558 1834 4614 '°.Et
1863 4575 2071 4615 rursus

417 4649 549 4706 dico
585 4666 600 4706 :
631 4649 709 4705 Ad
733 4654 804 4715 te,
831 4650 1082 4718 Domine,
1115 4647 1383 4716 clamabo,
1415 4663 1486 4703 ne
1509 4647 1678 4703 sileas
1731 4664 1772 4704 a
1827 4664 1936 4715 me,
1968 4665 2070 4704 ne-

417 4741 641 4812 quando
670 4744 850 4796 taceas
879 4757 914 4795 a
934 4754 1043 4806 me,
1085 4743 1136 4794 et
1167 4738 1523 4795 assimilabor
1543 4737 1987 4794 descendentibus
2009 4737 2069 4793 in

415 4828 598 4886 locum
629 4830 701 4887 ²¹.
742 4833 812 4886 Et
845 4828 1073 4901 reliqua
1099 4845 1227 4900 quae
1261 4827 1319 4883 in
1346 4827 1481 4884 aliis
1512 4828 1756 4898 psalmis
1787 4845 1820 4883 a
1849 4844 1942 4883 me
1961 4844 2067 4883 va-

2207 3309 2458 3380 ἤλπισαο
2512 3311 2574 3366 ού
2625 3311 2728 3387 γὰρ
2783 3310 3000 3385 ἐμαυτῷ
3068 3311 3301 3388 θαρῥῶν,
3347 3309 3473 3367 ούδὲ
3516 3311 3692 3383 ἄλλην
3736 3315 3861 3368 τινὰ

2207 3395 2404 3454 ἐλπίδα
2460 3400 2682 3472 θέμενος
2738 3403 2854 3470 (76)
2910 3400 3016 3476 πρὸ
3075 3400 3372 3476 ὀφθαλμῶν
3430 3399 3465 3470 ἢ
3525 3402 3603 3474 σὲ,
3633 3400 3700 3456 τὰ
3751 3409 3857 3472 τῆς

2203 3487 2399 3551 ΐάσεως
2463 3488 2769 3568 ὑπέγραφον
2850 3488 3088 3563 ἐμαυτῷ.
3149 3487 3371 3559 Ἐπειδὴ
3445 3488 3537 3545 οὗν
3614 3489 3850 3560 ἤλπισα,

2201 3577 2385 3653 Κύριε,
2417 3581 2451 3648 ἡ
2485 3576 2542 3633 δὲ
2573 3577 2731 3643 ἐλπὶς
2752 3578 2812 3634 οὐ
2843 3578 3213 3655 καταισχύνει,
3241 3576 3330 3634 διὰ
3378 3583 3540 3635 τοῦτο
3597 3578 3852 3635 οἲσάκου-

2201 3687 2316 3735 σον,
2349 3668 2432 3722 ὅτι
2467 3669 2704 3737 θελητής
2733 3666 2922 3729 ἐλέους
2952 3688 2996 3722 ει
3028 3667 3112 3736 σὺ,
3145 3668 3235 3722 καὶ
3267 3667 3328 3722 οὐ
3373 3666 3562 3742 βούλει
3611 3669 3701 3724 τὸν
3750 3670 3851 3724 θά-

2196 3776 2351 3810 νατον
2383 3761 2480 3811 τοῦ
2510 3755 2862 3832 ἆμαρτωλοῦ,
2906 3756 2983 3818 ὡς
3012 3757 3113 3826 τὴν
3148 3757 3432 3829 μετάνοιαν
3474 3755 3659 3812 αὐτοῦ.
3695 3758 3850 3813 Διότι

2196 3844 2411 3914 ἤλπισα
2467 3845 2555 3901 ἐπὶ
2614 3847 2690 3916 σὲ,
2754 3844 2976 3900 ἱκετεύω
3051 3847 3150 3914 τῆς
3225 3846 3372 3921 παρὰ
3429 3849 3528 3900 σοῦ
3587 3845 3849 3922 βοηθείας

2194 3933 2495 4011 ἐπιτυχεῖν,
2530 3937 2617 4006 Μή
2678 3955 2810 3989 ποτε
2865 3934 3170 4010 ἐπιχαρῶσί
3227 3955 3320 4007 μοι
3385 3936 3437 3989 οἱ
3475 3933 3666 4011 ἐχθροί
3714 3955 3848 4008 μου.

2192 4023 2360 4082 Οὖπω
2421 4026 2514 4098 μὲν
2569 4024 2671 4100 γὰρ
2729 4023 3011 4079 παντελῶς
3079 4023 3352 4100 ἐχάρησαν
3383 4044 3396 4057 ⁸
3459 4023 3851 4100 ἐπιχαροῦνται

2191 4110 2267 4184 δὲ,
2304 4113 2349 4168 εί
2383 4115 2458 4186 μὴ
2486 4112 2714 4190 τύχοιμι
2745 4117 2842 4168 τοῦ
2874 4116 2968 4167 σοῦ
2997 4110 3204 4174 ἐλέους·
3240 4109 3475 4167 ἀλλ”ίνα
3535 4115 3610 4186 μή
3645 4111 3848 4189 ἐπιχα-

2191 4202 2412 4278 ρείησάν
2450 4223 2542 4275 μοι
2575 4202 2626 4256 οὶ
2659 4201 2848 4278 ἒχθροί
2883 4222 3008 4274 μου,
3039 4203 3090 4256 οἱ
3120 4199 3229 4271 ἤδη
3261 4200 3349 4256 καὶ
3381 4200 3644 4276 πρότερον
3673 4201 3724 4256 ἐν
3761 4207 3848 4276 τῷ

2188 4289 2511 4361 σαλευθῆναι
2553 4287 2724 4353 πόδας
2783 4312 2886 4364 μου
2935 4289 3614 4367 μεγαλορῥημονήσαντες,
3648 4290 3734 4346 ἐπὶ
3783 4293 3846 4348 σὶ

2183 4381 2508 4459 κατέφυγον,
2559 4379 2648 4434 καί
2697 4399 2881 4456 φημι·
2929 4381 3021 4448 Μή
3099 4379 3548 4455 καταισχυνθείην
3613 4380 3687 4442 είς
3739 4380 3838 4434 τὸν

2185 4469 2375 4538 αἰῶνα,
2414 4467 2556 4543 μηδέ
2611 4467 3136 4546 καταγελασάτωσάν
3202 4491 3306 4544 μου
3535 4470 3586 4525 οἱ
3644 4469 3840 4546 ἐχθροί

2187 4581 2314 4634 μου.
2367 4561 2465 4616 Καὶ
2516 4557 2682 4614 πάλιν
2745 4558 2926 4637 φημί’
2981 4559 3122 4635 Πρὸς
3179 4559 3274 4628 σὲ,
3329 4558 3530 4634 Κύριε,
3585 4559 3842 4634 κεκράξο-

2185 4670 2304 4724 μαι,
2358 4650 2434 4721 μὴ
2502 4651 2946 4725 παρασιωπήσῃς
2994 4648 3084 4703 ἀπ’
3134 4648 3291 4722 ἐμοῦ,
3344 4650 3418 4722 μή
3479 4669 3610 4703 ποτε
3665 4669 3842 4724 παρα-

2179 4739 2467 4812 σιωπήσῃς
2524 4738 2614 4792 ἀπ’
2671 4737 2831 4810 ἐμοῦ,
2862 4738 2951 4793 καὶ
3011 4738 3435 4812 ὁμοιωθήσομαι
3495 4743 3611 4800 τοῖς
3664 4758 3836 4794 κατα-

2178 4820 2454 4882 ϐαίνουσιν
2497 4825 2574 4888 είς
2626 4825 2845 4883 λάκκον.
2877 4824 2976 4881 Καὶ
3020 4827 3088 4882 τὰ
3136 4824 3306 4882 λοιπὰ
3353 4825 3405 4881 έν
3449 4832 3566 4890 τοῖς
3621 4825 3829 4904 ἑτέροις

487 5027 533 5066 ¹⁷
555 5027 724 5085 Rom.
757 5043 812 5099 v,
841 5027 896 5084 5.
931 5026 972 5064 ¹⁸
1004 5025 1207 5084 Ezech.
1239 5042 1399 5096 xvm,
1429 5025 1523 5096 23,
1554 5025 1649 5086 32.
1690 5025 1736 5063 ¹⁰
1764 5024 2056 5096 Psal.:xx,

2206 5026 2234 5062 ’0
2263 5024 2418 5083 Psal.
2451 5041 2604 5095 xxxv,
2638 5026 2689 5082 3.
2770 5025 2815 5063 ³1
2849 5023 3000 5082 Psal.
3031 5041 3188 5081 xxvn
3220 5025 3270 5081 1.

489 5225 546 5297 (7
587 5223 713 5297 )lta
743 5223 904 5297 Colb.
942 5226 1142 5297 sextus
1163 5239 1300 5279 cum
1342 5221 1596 5297 editione
1627 5221 1799 5297 Basil.
1858 5224 1932 5279 At
1963 5239 2072 5278 no-

415 5292 746 5438 :tr'aEe'ditio
780 5296 942 5354 Paris
977 5337 1013 5365 .,
1046 5292 1182 5370 ἔχω.
1215 5295 1421 5351 Statim
1482 5295 1636 5350 idem
1691 5295 1891 5364 codex,
1937 5314 2063 5349 κατ-

447 5388 538 5423 παι
574 5388 663 5425 αν.

447 5388 634 5425 παιεαν
653 5411 663 5425 ο

489 5431 598 5512 (72)
631 5439 779 5495 Editi
810 5444 867 5495 et
897 5456 1042 5495 mss.
1077 5435 1365 5512 nonnulli,
1425 5431 1554 5512 ᾠσιί
1600 5435 1784 5510 κωφὸς
1844 5435 1934 5512 καὶ
1965 5435 2063 5506 ὡς,

413 5509 531 5568 non
562 5514 807 5583 integre.
838 5516 913 5566 At
935 5512 1072 5579 Reg.
1096 5509 1306 5583 tertius
1342 5512 1402 5564 ut
1439 5510 1498 5564 in
1563 5509 1862 5574 contextu,
1896 5510 2061 5565 bene.

507 5585 600 5656 73)
633 5580 740 5656 Sic
761 5600 904 5656 mss.
938 5587 1076 5656 tres.
1110 5580 1288 5651 Editi,
1321 5599 1405 5652 με.

507 5650 605 5728 74)
631 5655 769 5713 Cod.
801 5655 928 5724 476,
960 5650 1108 5709 τάδε.

2277 5220 2371 5286 75)
2398 5220 2522 5276 Duo
2551 5236 2721 5286 mss.,
2755 5220 2966 5275 ἑαυτοῦ.

2277 5220 2348 5274 75
2398 5220 2522 5276 Duo
2551 5236 2721 5286 mss.,
2755 5220 2966 5275 ἑαυτοῦ.

2250 5220 2371 5376 (76(
2397 5293 2534 5376 Reg.
2563 5293 2880 5376 secundus,
2911 5289 3218 5376 θεώμενος...
3256 5291 3466 5348 Statim
3516 5290 3837 5376 Colbertini

2177 5361 2404 5436 primus
2425 5361 2712 5437 et'sextus
2751 5381 2885 5420 cum
2916 5361 3056 5437 Reg.
3090 5363 3280 5437 tertio,
3313 5361 3750 5437 καταισχύνεται.

2247 5437 2362 5507 (77)
2391 5436 2484 5491 Sic
2517 5435 2656 5507 Reg.
2684 5435 3172 5492 secundus.Editi
3194 5442 3253 5491 et
3283 5435 3828 5507 mss.nohnulli.p.s.

2179 5505 2349 5582 illud
2381 5508 2533 5582 quod
2596 5505 2729 5564 mox
2765 5508 3360 5582 sequiturtpﬁnmc
3391 5505 3833 5582 παρασιωπήσῃς

2175 5575 2454 5705 italiae—5,
2486 5579 2646 5635 deest
2676 5575 2914 5652 quidem
2957 5581 3016 5637 in
3039 5575 3234 5653 editis,
3265 5579 3366 5636 sed
3398 5575 3633 5638 in'mss.
3661 5575 3828 5654 repe-

2206 5667 2223 5705 1
2298 5667 2345 5705 r.

2175 5666 2345 5706 τιιυτ.
