4134 6212
277 334 403 396 101

1358 329 1701 393 HOMILIA
1743 329 1826 392 IN
1865 326 2242 390 PSALMUM
2287 327 2596 390 XXXVII.

3587 328 3706 392 102

278 463 540 541 ψαλμοῖς
598 462 859 539 διαφόρος
901 484 994 536 μοι
1026 460 1328 538 λελεγμένα
1357 463 1492 536 (78),
1523 461 1576 516 ἐν
1614 455 1683 535 τῆς
1713 460 1852 536 πρὸς
1882 460 1938 514 σὲ

2055 458 2157 516 riis
2187 459 2380 516 modis
2423 459 2606 515 relata
2651 462 2813 528 sunt,
2843 458 2904 513 in
2953 457 3058 513 hac
3087 455 3514 530 supplicatione
3543 461 3617 517 ad
3648 465 3708 518 te

281 555 539 630 ἱκετηρία
608 552 877 630 συνάγων,
961 558 1061 622 τῆς
1122 550 1399 628 παρούσης
1456 549 1710 626 βοηθείας
1752 553 1940 624 τυχεῖν

281 646 444 718 ἀξιῶ.
497 643 559 698 Εἰ
605 643 705 718 γὰρ
755 640 941 696 καὶτὰ
992 639 1228 715 μάλιστα
1253 639 1577 710 σαλευθῆναί
1608 659 1712 712 μου
1745 632 1941 709 συνέϐη

279 733 416 795 τοὺς
479 730 672 801 πόδας,
715 732 836 795 καθ’
888 731 946 785 ὃν
977 732 1164 805 καιρὸν
1193 733 1227 800 ἡ
1279 727 1474 805 καρδία
1507 750 1612 802 μου
1643 728 1941 804 ἐταράχθη,

281 824 376 878 καὶ
412 819 730 896 ἐγκατέλιπὲ
788 841 854 892 με
900 822 937 890 ἡ
999 819 1157 895 ἰσχύς
1223 841 1348 893 μου,
1397 818 1486 874 καὶ
1544 818 1607 873 τὸ
1663 822 1777 895 φῶς
1834 820 1943 871 τῶν

285 911 596 988 ὀφθαλμῶν
628 931 733 984 μου
765 910 865 965 οὐκ
910 911 971 980 ἣν
1005 910 1120 984 μετ’
1151 907 1306 983 ἐμοῦ,
1361 907 1488 963 ἀλλ’
1519 906 1581 963 οὐ
1630 907 1804 977 πάντη
1855 926 1944 960 πε-

283 1002 584 1077 ριετράπην
616 1043 630 1068 ,
691 996 820 1055 οὐδὲ
872 1003 1072 1071 πτῶμα
1124 997 1310 1053 ἔπεσον
1357 1002 1609 1052 τοιοῦτοο
1647 1042 1662 1066 ,
1716 999 1831 1050 οἷον
1891 994 1943 1048 οἱ

284 1089 585 1146 ἀποστάται
617 1090 731 1163 (79)
777 1090 1090 1164 γενόμονοι.
1153 1084 1374 1157 Ἐπειδή
1435 1086 1486 1142 ἐν
1548 1085 1696 1159 αὐτῷ
1752 1083 1942 1155 ἐκείνῳ

279 1184 370 1252 τῷ
411 1183 604 1253 καιρῷ,
664 1177 716 1232 ἐν
762 1176 843 1250 τῷ
888 1175 1212 1246 σαλευθῆναι
1265 1174 1394 1240 τοὺς
1447 1173 1615 1236 πόδας
1673 1195 1800 1248 μου,
1859 1172 1943 1226 ἐπ’

279 1269 384 1342 ἐμὲ
414 1264 1013 1344 ἐμεγαλορῥημόνησαν
1062 1267 1116 1321 οἱ
1164 1264 1356 1342 ἐχθροί
1416 1286 1542 1338 μου,
1592 1265 1676 1319 ἴνα
1710 1265 1784 1338 μὴ
1823 1283 1940 1337 μει-

283 1357 461 1427 ζόνως
507 1357 915 1432 ἐπικροτήσωσι
958 1357 1075 1410 κατ’
1125 1355 1283 1429 ἐμοῦ,
1329 1353 1416 1410 ἐπὶ
1449 1355 1506 1409 σὲ
1533 1354 1832 1429 κατέφυγον
1864 1353 1940 1414 ὡς

284 1447 378 1501 επὶ
405 1443 606 1517 λιμένα
636 1444 935 1519 σωτηρίας,
965 1444 1056 1498 τὸν
1086 1443 1176 1499 καὶ
1201 1443 1268 1499 τὰ
1309 1442 1498 1499 ἀνίατα
1528 1443 1674 1520 παρὰ
1727 1440 1937 1517 ἀνθρώ-

281 1555 413 1597 ποις
442 1535 541 1605 τῆς
572 1537 758 1608 ψυγῆς
788 1531 933 1602 πάθη
969 1531 1222 1596 ἰάσασθαι
1249 1529 1568 1603 δυνάμενον.

353 1627 412 1680 7.
463 1623 588 1680 ’Ὁτι
640 1622 752 1698 ἐγὼ
809 1620 886 1686 εἲς
943 1620 1210 1697 μάστιγας
1262 1617 1510 1694 ἳτοιμος,
1569 1620 1659 1674 καὶ
1689 1621 1724 1689 ἡ
1759 1617 1937 1694 ἀλγη-

279 1709 392 1766 δών
463 1733 573 1785 μοο
650 1710 890 1766 ἐνώπιόν
960 1711 1068 1782 μού
1139 1708 1250 1765 ἐστι
1299 1707 1609 1772 διαπαντός.
1660 1711 1782 1766 Ὅτι
1842 1709 1942 1777 τὴν

2054 550 2275 606 directa
2299 550 2609 623 colligens,
2637 548 2918 605 auxilium
2963 565 3219 620 praesens
3250 550 3484 621 assequi
3512 555 3705 622 cupio.

2053 639 2198 694 Nam
2229 641 2464 696 tametsi
2496 638 2740 710 contigit
2787 642 2852 693 ut
2883 638 3135 694 maxime
3166 637 3442 694 commoti
3493 640 3711 697 fuerint

2053 729 2231 800 pedes
2263 730 2376 785 mei
2408 745 2474 784 eo
2508 733 2771 800 tempore
2801 744 2918 799 quo
2950 744 3049 784 cor
3076 744 3272 783 meum
3296 729 3709 806 conturbatum

2054 822 2162 887 est,
2191 823 2249 874 et
2277 818 2591 890 dereliquit
2623 834 2716 872 me
2763 817 2947 872 virtus
2988 833 3139 884 mea,
3170 821 3226 872 et
3255 817 3456 874 lumen
3519 813 3713 875 oculo-

2053 924 2186 964 rum
2217 924 2479 963 meorum
2529 925 2644 962 non
2693 910 2818 962 erat
2865 922 3096 962 mecum
3124 924 3137 974 ;
3170 922 3286 962 non
3318 912 3514 963 tamen
3547 907 3710 980 peni-

2052 1000 2149 1052 tus
2178 1013 2418 1052 eversus
2448 1013 2602 1062 sum,
2637 1011 2827 1068 neque
2865 995 2925 1050 in
2956 993 3134 1050 talem
3167 994 3399 1051 ruinam
3431 996 3710 1069 delapsus

2054 1102 2208 1156 sum,
2239 1085 2298 1140 in
2331 1085 2564 1157 qualem
2598 1085 2658 1152 ii,
2694 1085 2795 1158 qui
2841 1085 2947 1140 abs
2979 1087 3034 1139 te
3077 1101 3320 1156 prorsus
3351 1085 3709 1144 defecerunt.

2052 1174 2199 1238 Quia
2228 1189 2293 1230 eo
2322 1174 2451 1246 ipso
2484 1179 2769 1246 tempore,
2813 1190 2947 1228 eum
2995 1179 3502 1231 commoverentur
3530 1177 3708 1248 pedes

2053 1263 2189 1333 mei,
2221 1264 2498 1319 adversus
2548 1280 2641 1319 me
2699 1279 2914 1336 magna
2963 1262 3136 1319 locuti
3167 1268 3308 1319 sunt
3337 1263 3562 1320 inimici
3595 1266 3711 1322 mei

2052 1367 2126 1408 ne
2157 1352 2436 1422 majorem
2461 1351 2520 1408 in
2554 1352 2793 1408 modum
2825 1355 3026 1407 contra
3055 1369 3148 1408 me
3178 1356 3526 1424 streperent,
3559 1355 3630 1410 ad
3654 1358 3710 1410 te

2050 1446 2336 1514 tanquam
2364 1442 2438 1498 ad
2477 1441 2688 1497 salutis
2740 1445 2973 1513 portum
3017 1441 3272 1512 confugi,
3302 1442 3404 1513 qui
3433 1442 3494 1498 in
3525 1441 3711 1499 homi-

2052 1531 2228 1586 nibus
2259 1530 2349 1588 vel
2376 1530 2738 1587 insanabiles
2788 1531 2972 1586 animi
3032 1531 3268 1588 morbos
3293 1548 3496 1588 curare
3525 1533 3708 1591 vales.

2119 1623 2176 1675 7.
2205 1620 2381 1677 Vaas.
2417 1622 2505 1691 18,
2539 1622 2624 1675 19.
2677 1621 2960 1694 Quoniam
3001 1635 3097 1691 ego
3130 1623 3188 1676 in
3220 1619 3452 1690 ﬂagella
3477 1631 3710 1694 paratus

2048 1727 2198 1781 tunc,
2228 1719 2282 1766 et
2306 1711 2461 1766 dolor
2513 1726 2664 1767 meus
2710 1713 2772 1766 in
2817 1715 3108 1782 conspectu
3155 1726 3270 1766 meo
3309 1726 3542 1782 semper.
3577 1712 3720 1780 Quo-

279 1800 514 1873 ἁνομίαν
580 1821 686 1874 μου
754 1799 860 1876 ἐγὼ
926 1797 1214 1875 ἁναγγελῶ
1271 1799 1361 1853 καὶ
1425 1799 1746 1872 μεριμνήσω
1805 1797 1936 1872 ὑπὲρ

2053 1802 2206 1855 niam
2247 1801 2599 1871 iniquitatem
2639 1815 2820 1856 meam
2850 1816 2954 1872 ego
2984 1801 3350 1867 annuntiabo,
3383 1805 3436 1855 et
3463 1802 3714 1871 cogitabo

274 1897 379 1958 τῆς
434 1891 708 1964 ἁμαρτίας
769 1909 897 1961 μου.
958 1888 1246 1964 Καταρχᾶς
1305 1885 1469 1943 εἰπὼν
1531 1889 1661 1962 (80),
1723 1888 1810 1956 Μὴ
1863 1890 1944 1957 τῷ

279 1981 448 2052 Θυμῷ
503 1999 600 2032 σου
655 1976 870 2052 ἐλέγξῃς
932 1997 1018 2046 με,
1050 1977 1138 2032 ὲπὶ
1162 1981 1262 2032 τοῦ
1311 1976 1580 2051 παρόντος
1606 1975 1790 2055 φησίν.
1815 1977 1943 2032 ’Ότι

276 2069 388 2141 ἑγὼ
422 2067 498 2128 εἷς
565 2069 832 2141 μάστιγας
889 2062 1136 2139 ἕτοιμος.
1191 2066 1402 2122 Οὐκοῦν
1450 2068 1551 2135 τὴν
1608 2068 1714 2139 μην
1764 2064 1938 2141 ὀργὴν

276 2163 622 2233 παραιτεῖται
669 2156 760 2210 καὶ
818 2156 909 2210 τὸν
969 2156 1161 2228 θυμὸν,
1220 2153 1444 2230 ἕτοιμος
1488 2154 1546 2211 δὲ
1595 2155 1944 2229 μαστίζεσθαι

279 2246 419 2299 εἶναι
469 2243 635 2320 λέγει·
693 2241 808 2300 οἶδε
858 2245 986 2320 γὰρ,
1055 2245 1139 2299 ὅτι
1197 2246 1294 2303 "Ov
1347 2246 1528 2319 ἀγαπᾷ
1573 2244 1768 2320 Κύριος
1822 2264 1949 2298 παι-

278 2332 424 2389 δεύει
455 2377 470 2400 ,
554 2339 812 2408 μαστιγοῖ
886 2331 944 2388 δὲ
1020 2332 1194 2388 πάντα
1268 2334 1381 2389 υἱὸν
1443 2334 1501 2388 ὃν
1551 2331 1943 2409 παραδέχεται.

277 2425 375 2478 Διὸ
425 2423 518 2478 καὶ
565 2426 677 2496 (81)
726 2420 890 2500 ἔφερε
941 2424 1205 2498 γενναίως
1253 2423 1349 2486 τὰς
1411 2423 1670 2497 μάστιγας
1713 2425 1808 2484 τὰς
1857 2419 1947 2477 διὰ

275 2517 388 2567 τῶν
421 2511 760 2582 ἆπαλλήλωτ
820 2517 1114 2590 συμφορῶν
1185 2515 1318 2586 μετὰ
1345 2513 1406 2568 τὸ
1460 2513 1762 2586 ἁμάρτημα
1809 2533 1949 2584 συμ-

276 2596 577 2672 ϐεϐηκυίας
605 2601 770 2673 αὐτῷ,
789 2600 848 2664 ἃς
881 2604 917 2671 ἡ
948 2601 1162 2676 ἱστορία
1189 2605 1297 2656 τῶν
1331 2599 1633 2658 Βασιλειῶν
1663 2601 1944 2676 περιέχει.

277 2692 380 2745 Καὶ
432 2693 468 2761 ἡ
525 2688 788 2765 ἀλγηδών
849 2711 954 2763 μου
1012 2689 1242 2746 ἐνώπιόν
1295 2689 1400 2763 μού
1464 2691 1572 2746 ἐστι
1627 2687 1945 2752 διαπαντός.

271 2781 344 2836 O't
399 2780 495 2851 μὲν
545 2779 647 2855 γὰρ
677 2777 885 2835 πολλοὶ
937 2777 1112 2850 λήθην
1160 2783 1440 2834 ποιοῦνται
1493 2783 1600 2834 τῶν
1658 2777 1936 2854 προτέρων

276 2870 721 2942 ἁμαρτημάτων,
781 2866 1202 2946 άδιαφοροῦντες
1262 2869 1344 2923 ἐπ’
1404 2867 1611 2936 αὐτοῖς,
1645 2869 1736 2923 καὶ
1780 2889 1940 2922 κατα-

281 2962 629 3033 φρονοῦντες,
691 2959 765 3020 ὡς
828 2956 1100 3030 μηδεμιᾶς
1169 2955 1496 3028 ἐκδικήσεως
1541 2957 1932 3032 γενησομένηςι

281 3048 309 3101 ὁ
360 3044 419 3101 δὲ
462 3048 526 3101 τὸ
575 3044 923 3122 δικαστήριον
944 3051 1040 3102 τοῦ
1070 3051 1205 3103 Θεοῦ
1235 3047 1341 3122 πρὸ
1380 3045 1682 3126 ἀφθαλμῶν
1715 3045 1936 3102 διαπαν-

275 3135 373 3197 τὸς
430 3132 607 3211 ἔχων,
663 3136 752 3190 καὶ
811 3136 1212 3209 πεπεισμάνος,
1274 3138 1357 3192 ὅτι
1413 3138 1603 3200 πάντες
1651 3157 1932 3211 παραστη-

2053 1907 2156 1962 pro
2185 1899 2399 1962 peccato
2447 1907 2585 1948 meo.
2621 1892 2935 1963 Postquam
2993 1891 3160 1948 initio
3205 1891 3385 1946 dixit:
3413 1897 3494 1949 Ne
3519 1893 3578 1948 in
3622 1898 3713 1964 fu-

2055 1996 2178 2036 rore
2209 1990 2302 2037 tuo
2345 1999 2554 2053 arguas
2582 1998 2692 2051 me,
2739 1997 2895 2037 nunc
2929 1981 3048 2036 ait:
3087 1983 3356 2050 Quoniam
3401 1998 3496 2054 ego
3526 1984 3584 2038 in
3610 1984 3714 2053 ﬂa-

2054 2071 2199 2140 gella
2233 2075 2462 2142 paratu:
2491 2087 2631 2125 sum.
2666 2074 2872 2142 Itaque
2903 2070 3050 2125 iram
3082 2071 3323 2142 quidem
3356 2087 3424 2127 ac
3457 2069 3712 2128 furorem

2055 2161 2423 2232 deprecatur,
2459 2165 2729 2232 paratum
2761 2177 2893 2215 vero
2923 2176 2986 2215 se
3008 2175 3136 2216 esse
3167 2160 3238 2215 ad
3279 2159 3507 2232 ﬂagella
3547 2160 3709 2218 dicit.

2056 2250 2226 2306 Novit
2253 2249 2411 2304 enim
2467 2249 2624 2320 quod
2675 2251 2843 2318 Quem
2897 2250 3090 2320 diligit
3143 2250 3426 2318 Dominus,
3458 2251 3709 2319 corripit,

2053 2339 2300 2410 ﬂagellat
2329 2343 2519 2394 autem
2539 2354 2752 2394 omnem
2772 2338 2962 2409 ﬁlium
2982 2354 3144 2410 quem
3173 2341 3375 2411 recipit
3401 2339 3468 2394 ’³.
3493 2342 3712 2407 Quam-

2056 2429 2256 2484 obrem
2295 2428 2470 2484 etiam
2504 2432 2739 2483 strenue
2770 2427 3009 2500 pertulit
3037 2426 3290 2498 ﬂagella,
3323 2445 3450 2499 quas
3484 2444 3588 2500 per
3615 2445 3712 2484 ca-

2056 2517 2350 2572 lamitates
2380 2517 2524 2572 alias
2557 2516 2688 2573 aliis
2711 2518 3086 2573 succedentes
3106 2521 3238 2589 post
3266 2523 3571 2589 peccatum
3595 2518 3711 2589 ipsi

2057 2606 2412 2671 acciderunt,
2446 2623 2691 2678 quasque
2722 2606 3135 2678 complectitur
3164 2610 3498 2678 Regnorum
3522 2607 3711 2664 histo-

2057 2697 2162 2752 ria.
2188 2700 2253 2752 Et
2270 2696 2424 2752 dolor
2449 2713 2602 2752 meus
2631 2698 2695 2753 in
2723 2704 3009 2768 conspectu
3044 2713 3165 2752 meo
3195 2701 3273 2752 est
3293 2712 3520 2768 semper.
3545 2695 3712 2751 Multi

2056 2785 2291 2856 quidem
2325 2787 2582 2856 priorum
2607 2791 2979 2857 peccatorum
3002 2784 3448 2854 obliviscuntur,
3483 2784 3708 2840 nullam

2055 2889 2256 2929 eorum
2313 2873 2597 2929 habentes
2660 2875 2972 2938 rationem,
3023 2889 3089 2928 ac
3128 2889 3196 2928 ea
3244 2877 3707 2940 contemnentes,

2053 2963 2222 3034 quasi
2275 2961 2440 3017 nulla
2491 2963 2687 3018 futura
2743 2962 2822 3018 sit
2883 2961 3061 3030 ultio;
3098 2962 3195 3033 qui
3229 2977 3361 3015 vero
3409 2960 3704 3031 judicium

2053 3051 2153 3106 Dei
2179 3051 2398 3123 jugiter
2436 3051 2612 3106 habet
2664 3053 2739 3107 ob
2795 3050 3017 3117 oculos,
3049 3051 3322 3122 credique
3379 3053 3533 3106 certo
3565 3050 3705 3119 fore,

2053 3145 2118 3196 ut
2167 3157 2371 3197 omnes
2429 3155 2624 3196 coram
2684 3139 2900 3196 Christi
2957 3138 3238 3194 tribunali
3296 3139 3597 3206 sistamur,
3643 3143 3710 3196 ut

277 3197 505 3296 σόμεθζ
716 3225 923 3299 βήματι
990 3197 1086 3280 τοῦ
1142 3197 1376 3301 Χριστοῦ
1411 3269 1424 3291 ,
1485 3197 1599 3281 θίναν
1639 3197 1929 3298 κομίσηται

2052 3234 2298 3301 reportet
2337 3229 2750 3302 unusquisque
2797 3245 2886 3295 ea,
2945 3244 3078 3300 qua:
3131 3228 3288 3283 fiunt
3345 3244 3447 3300 per
3475 3197 3707 3301 corpus,

273 3311 508 3375 ἕκαστος
575 3315 644 3368 τὰ
682 3310 772 3368 διὰ
812 3318 913 3368 τοῦ
968 3315 1223 3388 σώματος
1272 3316 1406 3392 πρὸς
1456 3316 1484 3370 ὃ
1543 3317 1656 3390 (82)
1681 3311 1926 3390 ἔπραξεν,

275 3402 390 3458 εἴτε
459 3402 686 3478 ἀγαθὸν,
750 3401 857 3459 εἴτε
919 3403 1122 3480 φαῦλον
1149 3425 1163 3439 ⁸
1246 3405 1297 3460 ἓν
1366 3404 1567 3481 ἀγωνίᾳ
1635 3405 1931 3476 καθέστηκε

274 3494 539 3565 πάντοτε,
589 3491 680 3546 καὶ
729 3493 830 3562 τήν
877 3491 1157 3568 ἀλγηδόνα
1183 3495 1281 3563 τὴν
1332 3493 1382 3548 ἓν
1430 3497 1499 3568 τῇ
1531 3494 1721 3550 ἑαυτοῦ
1750 3497 1926 3571 ψυχῇ,

269 3581 484 3651 ταύτην
552 3580 798 3636 ἰάσασθαι
877 3583 1174 3659 φροντίζων
1202 3625 1216 3652 ,
1297 3582 1456 3646 αὐτὸς
1535 3585 1725 3639 ἑαυτοῦ
1800 3604 1930 3639 κατ-

273 3675 484 3746 ηγορεῖ
513 3667 604 3724 διὰ
628 3675 734 3726 τῶν
766 3672 905 3746 πρὸς
932 3673 1023 3727 τὸν
1055 3673 1184 3728 Θεὸν
1213 3672 1682 3750 ἒξνμολογήσεων.
1717 3673 1810 3728 Διὸ
1832 3695 1932 3750 φη·

273 3778 386 3812 σιν’
458 3763 516 3813 Ἦ
590 3757 852 3835 ἀλγηδών
911 3782 1014 3835 μου
1073 3759 1302 3817 ἐνώπιόν
1381 3762 1486 3835 μού
1544 3763 1654 3817 ἔστι
1706 3759 1928 3818 διαπαν-

271 3848 396 3916 τὸς,
447 3849 532 3902 δτι
591 3849 690 3917 τήν
751 3850 976 3923 ἀνομίαν
1040 3871 1145 3923 μου
1201 3849 1306 3927 ἐγὼ
1365 3849 1663 3928 άναγγελῶ,
1711 3852 1801 3908 καὶ
1837 3873 1930 3926 με·

275 3938 540 4011 ριμνήσω
600 3938 732 4014 ὑπὶρ
771 3945 871 4008 τῆς
911 3939 1175 4012 ἁμαρτίας
1238 3962 1363 4014 μου.
1420 3946 1622 4010 Πιστῆς
1662 3937 1721 3997 δὲ
1751 3944 1934 4017 ψυχῆς

273 4027 370 4081 καὶ
422 4021 665 4101 ἀκριϐῶς
709 4027 1075 4101 πεπεισμένης
1104 4029 1227 4106 περὶ
1274 4032 1374 4100 τῆς
1414 4029 1646 4106 κρίσεως
1673 4029 1769 4085 τοῦ
1800 4035 1934 4086 Θεοῦ

272 4116 642 4190 τυγχάνουσιν
694 4117 750 4170 αἱ
803 4121 1045 4172 τοιαῦται
1101 4117 1294 4196 φωναί.
1352 4119 1419 4176 Οἱ
1478 4115 1535 4174 δὲ
1582 4119 1772 4195 ἕχθροί
1831 4140 1935 4192 μου

279 4209 443 4273 ζῶσι,
517 4205 608 4259 καὶ
689 4206 1114 4281 κεκραταίωνται
1187 4208 1319 4283 ὑπὲρ
1392 4209 1510 4280 ἒμέο
1585 4209 1672 4263 καὶ
1761 4208 1936 4279 ἔπλη-

277 4291 557 4362 Θῦνθησαν
623 4295 676 4348 οἱ
755 4293 1038 4366 μισοῦντές
1118 4317 1184 4370 με
1241 4294 1461 4359 ἀδίκως.
1517 4298 1584 4355 Οἱ
1649 4295 1936 4353 ἀνταποδι-

279 4376 472 4442 δόντες
551 4400 644 4452 μοι
721 4381 858 4436 κατὰ
931 4385 1043 4457 (83)
1121 4385 1238 4439 ἀντὶ
1291 4386 1528 4460 ἀγαθῶν,
1584 4381 1934 4442 ἒνδιέϐαλλόν

283 4490 352 4541 με
414 4468 532 4524 ἐπεὶ
609 4468 937 4527 κατεδίωκον
1019 4473 1369 4550 άγαθωσύνην
1396 4517 1408 4530 .
1487 4477 1579 4545 Μὴ
1657 4476 1935 4552 ἒγκαταλί·

2031 3319 2204 3390 juxta
2237 3318 2295 3372 id
2329 3319 2480 3390 quod
2515 3319 2670 3384 fecit,
2702 3319 2821 3374 sive
2852 3319 3093 3388 bonum,
3135 3317 3254 3373 sive
3298 3317 3518 3372 malum
3553 3317 3624 3384 ³³,
3655 3318 3707 3374 is

2041 3409 2103 3464 in
2153 3407 2443 3463 anxietate
2498 3407 2774 3463 continuo
2833 3412 3124 3474 versatur,
3178 3411 3236 3462 et
3284 3407 3440 3462 hunc
3499 3407 3707 3464 animas

2041 3513 2162 3553 suis
2194 3495 2451 3552 dolorem
2501 3513 2709 3552 sanare
2768 3496 3038 3566 studens,
3094 3513 3197 3568 per
3227 3513 3365 3552 suas
3413 3496 3484 3551 ad
3519 3500 3701 3552 Deum

2042 3586 2443 3642 confessiones
2505 3602 2568 3642 se
2624 3585 2751 3657 ipse
2829 3588 3088 3641 accusat.
3151 3585 3286 3642 Ideo
3336 3586 3470 3640 ait:
3531 3585 3705 3642 Dolor

2042 3691 2201 3732 meus
2250 3676 2311 3730 in
2364 3678 2656 3746 conspectu
2705 3690 2825 3730 meo
2881 3684 2960 3730 est
3010 3691 3224 3746 semper
3278 3675 3538 3746 quoniam
3593 3677 3708 3732 ini-

2046 3766 2318 3836 quitatem
2347 3780 2526 3820 meam
2588 3779 2684 3834 ego
2719 3764 3064 3820 annuntiabo
3100 3773 3153 3820 et
3183 3764 3428 3833 cogitabo
3456 3781 3553 3836 pro
3581 3781 3709 3837 pec-

2045 3864 2164 3912 cato
2192 3870 2330 3910 meo.
2363 3852 2536 3909 'l‘alss
2593 3870 2765 3924 porro
2822 3858 2963 3909 sunt
3009 3870 3180 3909 voces
3234 3855 3440 3908 animas
3473 3853 3620 3924 ﬁda,
3652 3856 3710 3909 et

2047 3961 2174 4016 quis
2205 3943 2315 3999 sibi
2345 3942 2676 3998 certissime
2707 3941 3070 4014 persuaserit
3094 3942 3389 4014 judicium
3423 3941 3524 3997 Dei
3556 3942 3710 3997 futu-

2046 4050 2197 4090 rum.
2223 4033 2395 4089 Vens.
2426 4032 2620 4086 20-23.
2646 4031 2870 4087 Inimici
2898 4039 3082 4086 autem
3115 4032 3225 4086 mei
3243 4033 3463 4097 vivunt,
3494 4037 3547 4086 et
3573 4047 3709 4086 con-

2045 4123 2255 4196 ﬁrmati
2281 4128 2407 4177 sunt
2453 4137 2618 4192 super
2641 4137 2762 4176 me:
2796 4123 2847 4176 et
2880 4120 3249 4192 multiplicati
3297 4127 3424 4174 sunt
3454 4120 3555 4190 qui
3575 4118 3706 4175 ode-

2046 4217 2185 4268 runt
2212 4227 2298 4267 me
2326 4212 2533 4284 inique.
2567 4211 2674 4280 Qui
2721 4210 3032 4266 retribuunt
3060 4208 3202 4264 mihi
3227 4210 3376 4264 mala
3403 4225 3500 4280 pro
3528 4208 3700 4264 bonis.

2049 4301 2410 4358 detrahebant
2437 4301 2600 4370 mihi,
2656 4301 2924 4371 quoniam
2972 4299 3238 4371 sequebar
3277 4299 3594 4368 bonitatem.
3629 4298 3705 4353 Ne

2049 4390 2397 4462 derelinquas
2423 4406 2531 4456 me,
2564 4390 2792 4446 Domine
2820 4389 2962 4445 Deus
3014 4403 3167 4444 meus
3191 4403 3259 4442 ne
3281 4406 3298 4441 :
3325 4388 3637 4443 discesseris
3665 4403 3705 4443 a

2049 4495 2153 4536 me.
2197 4479 2418 4536 Intende
2457 4480 2519 4534 in
2565 4480 2901 4551 adjutoriuut
2960 4494 3166 4546 meum,
3225 4478 3452 4533 Domine
3506 4477 3704 4533 saluti:

278 4577 390 4631 πῃς
444 4579 534 4630 με,
571 4561 731 4636 Κύριε
787 4561 815 4615 ὁ
865 4560 994 4624 Θεός
1054 4583 1179 4636 μου,
1240 4565 1316 4637 μή
1348 4565 1587 4640 ἀποστῇς
1633 4567 1724 4621 ἀπ’
1771 4567 1926 4640 ἐμοῦ.

2052 4583 2193 4626 mea.
2238 4568 2513 4624 Omnium
2559 4568 2934 4624 inimicorum
2985 4583 3226 4623 suorum
3277 4565 3700 4634 reminiscitur,

279 4649 535 4723 Ιὶρόσχες
603 4648 680 4712 εἷς
744 4650 843 4718 τὴν
913 4651 1165 4726 βοήθειάν
1222 4673 1347 4726 μου,
1409 4653 1568 4728 Κύριε
1613 4661 1714 4725 τῆς
1764 4667 1940 4726 σωτή-

282 4736 405 4811 ρίας
432 4758 562 4808 μου.
623 4737 844 4794 Πάντων
898 4741 1005 4794 τῶν
1039 4741 1250 4818 ἐχθρῶν
1300 4741 1464 4797 αὐτοῦ
1499 4743 1796 4818 μέμνηται,
1826 4750 1933 4802 τῶν

281 4825 371 4879 ἐπὶ
437 4826 539 4895 τὴν
588 4827 856 4902 ἁμαρτίαν
920 4829 1076 4884 αὐτὸν
1127 4833 1559 4907 κατασυράντων,
1614 4834 1836 4890 ἱκετεύει
1879 4858 1938 4892 τε

281 4915 374 4967 καὶ
407 4915 715 4992 παρακαλεῖ
760 4917 836 4991 μὴ
872 4919 1170 4989 ἀποστῆναι
1199 4919 1362 4975 αὐτοῦ
1390 4923 1481 4976 τὸν
1516 4921 1729 5000 Κύριον.
1762 4925 1940 5001 Ἑώρα

281 5003 389 5079 γὰρ
443 5003 572 5067 τοὺς
635 5006 886 5084 ’ἐχθροὺς
949 5008 1037 5064 καὶ
1113 5013 1205 5064 νῦν
1283 5011 1406 5086 περὶ
1476 5011 1634 5068 αὐτὸν
1707 5014 1942 5082 ἑστῶτας

356 5148 597 5206 "Prov.
658 5167 746 5223 ω,
801 5153 906 5222 12;
967 5153 1138 5211 Hebr.
1196 5171 1298 5225 xn,
1325 5157 1380 5225 6,
1411 5157 1459 5193 ³⁸
1506 5156 1559 5214 ΙΙ
1602 5157 1733 5216 Cor.
1763 5176 1820 5229 v,
1853 5160 1944 5218 10.

290 5292 476 5437 “5:32)
496 5292 744 5351 Codices
764 5295 900 5369 duo,
924 5292 1214 5371 λεγόμενα.
1247 5299 1457 5358 Statim
1483 5318 1639 5359 unus
1673 5319 1815 5360 mss.
1844 5323 1940 5377 μοι

351 5438 459 5518 (79)
492 5438 642 5518 [legt
687 5439 988 5518 secundus
1034 5441 1243 5518 addit,_
1273 5444 1746 5518 poo._Al_iquanto
1806 5450 1940 5518 post

281 5507 454 5587 editio
503 5507 724 5578 Pa}i8.,
759 5507 943 5587 notia;
977 5532 1109 5587 μου,
1158 5507 1247 5567 καὶ
1273 5507 1365 5569 ’ἐπ’
1411 5507 1847 5587 ἐμὲ.’1)εθεικάί
1877 5519 1935 5573 in

277 5583 460 5640 tribas
491 5600 672 5650 mss.,
708 5600 813 5641 nec
846 5583 1100 5642 dubium
1125 5587 1268 5650 quin
1299 5583 1504 5646 abesse
1533 5590 1763 5646 debeat.

345 5656 446 5728 (80)
481 5655 635 5730 Reg.
670 5655 907 5729 tertius,
938 5654 1105 5713 εῒπὼν
1135 5654 1322 5734 Κύριε,

2046 4659 2146 4730 qui
2178 4674 2311 4714 eum
2339 4658 2410 4712 ad
2444 4662 2746 4729 peccatum
2771 4661 3174 4729 pertraxerunt
3199 4671 3212 4712 :
3247 4660 3304 4712 et
3333 4655 3702 4728 supplicibus

2045 4748 2240 4804 verbis
2293 4751 2420 4803 orat
2465 4764 2531 4803 ac
2582 4751 2855 4818 precatur
2884 4747 3221 4816 Dominum,
3254 4750 3319 4800 ut
3369 4762 3440 4800 ne
3469 4745 3540 4800 ab
3572 4744 3702 4818 ipso

2047 4838 2330 4894 discedat.
2362 4837 2608 4892 Videbat
2638 4837 2796 4892 enim
2848 4836 3120 4892 inimicos
3151 4835 3326 4891 etiam
3360 4851 3516 4890 nunc
3547 4835 3704 4892 circa

2049 4943 2113 4984 se
2140 4930 2383 4996 stantes,
2410 4918 2906 4998 imminentesque
2929 4925 3038 4980 sibi
3067 4943 3080 4992 ;
3115 4941 3219 4980 nec
3243 4924 3434 4996 priore
3465 4925 3613 4979 371
3641 4924 3701 4979 in

2050 5016 2248 5091 ipsum
2279 5015 2527 5073 audacia
2555 5019 2880 5074 contentos.
2915 5018 3279 5088 Quapropter
3307 5012 3597 5072 sollicitus
3628 5028 3701 5070 nc

2119 5304 2230 5376 (81)
2263 5302 2358 5361 Sic
2387 5304 2446 5360 in
2478 5303 2723 5376 ιὶιιοιηιβΔ
2741 5319 2884 5360 mss.
2915 5303 3123 5376 Deerat
3151 5299 3324 5376 καίὶη
3356 5300 3547 5376 editis.
3581 5298 3695 5376 Ibi_-

2049 5369 2180 5466 dein
2213 5369 2353 5464 Beg.
2413 5378 2643 5466 tertius,
2698 5373 2852 5466 ἔφερε
2898 5374 3306 5466 γενναίωςντῂν
3365 5369 3691 5466 ἄμυνανῇαὶ

2047 5446 2140 5508 τὰς
2172 5445 2451 5522 μάστῐγας·
2512 5445 2747 5506 Strenue
2790 5445 3006 5520 ferebat
3036 5450 3341 5503 vindictam
3372 5445 3422 5502 et
3450 5445 3690 5517 ﬂagella.

2119 5521 2229 5592 (82)
2261 5521 2345 5576 Ita
2376 5521 2516 5592 Reg.
2552 5521 2846 5577 secundus
2877 5537 3012 5592 cum
3046 5518 3219 5576 Coisl.
3253 5517 3428 5582 Editi,
3469 5513 3519 5572 ἃ.

2117 5522 2229 5664 (82)
2261 5522 2345 5576 Ita
2376 5522 2516 5592 Reg.
2552 5522 2846 5577 secundus
2877 5537 3012 5576 cum
3046 5522 3219 5576 Coisl.
3253 5522 3428 5582 Editi,

2140 5593 2226 5664 83)
2253 5592 2492 5651 Codices
2523 5597 2663 5662 tres,
2696 5591 2931 5668 πονηρά.
