4108 6214
463 352 582 412 103

1394 350 1790 412 APPENDIX
1829 351 2158 415 OPERUM
2199 356 2264 416 S.
2312 355 2593 418 BASILH
2641 357 2922 418 MAGNI.

3753 365 3878 426 104

456 485 675 540 iterum
702 481 762 538 in
783 483 1016 538 eosdem
1042 481 1284 549 incidat,
1306 481 1615 552 vigilanter
1653 483 1972 540 admodum
1997 485 2078 540 ait

2213 485 2303 540 καὶ
2357 485 2754 560 ἐπικειμὲνους,
2791 486 2930 561 μηδὲ
2979 490 3092 562 (84)
3139 493 3208 563 τῇ
3247 507 3488 566 προτερᾳ
3537 493 3658 547 κατ’
3714 491 3880 549 αύτοῦ

461 573 694 630 Inimini
718 581 903 628 autem
940 573 1050 626 mei
1090 573 1303 625 vivunt.
1337 571 1460 626 Non
1493 571 1648 627 enim
1695 573 1909 628 mortui
1941 579 2104 639 sunt,

457 679 647 733 neque
670 661 772 716 ubi
831 660 1008 716 semel
1057 660 1118 714 in
1151 675 1242 714 me
1301 661 1533 730 quidvis
1566 660 1754 717 moliti
1788 669 1947 727 sunt,
1998 665 2104 719 ab-

454 752 667 806 ierunt.
701 751 1365 822 Quapropterscriptum
1388 753 1507 804 est:
1542 751 1616 805 Ne
1649 751 1863 806 beatum
1890 753 2105 808 dixeris

452 842 637 894 virum
667 844 794 894 ante
823 847 1050 893 mortem
1081 839 1252 908 ipsius
1293 838 1356 890 5‘.
1393 837 1644 907 Vivunt;
1681 840 1798 894 imo
1830 857 1962 895 vero
1996 858 2104 895 nu-

454 945 611 984 mero
636 928 811 997 aucti,
856 927 1182 981 conﬁrmati
1217 932 1356 982 sunt
1382 943 1560 996 super
1590 943 1698 982 me.
1733 927 2105 999 Multiplicati

452 1022 593 1072 sunt
615 1015 767 1071 enim
802 1016 1173 1086 quioderunt
1199 1031 1310 1082 me,
1343 1021 1400 1070 et
1431 1017 1532 1087 qui
1564 1017 1966 1072 retribuebant
1996 1020 2102 1072 mi-

453 1106 509 1160 bi
547 1105 698 1160 malo
733 1121 836 1176 pro
887 1104 1094 1158 bonis:
1131 1104 1229 1174 qui
1274 1105 1524 1159 necdum
1573 1105 1854 1160 desinunt
1884 1123 1977 1161 me
2007 1123 2104 1162 ca-

446 1193 747 1261 lumniari,
782 1193 937 1264 quod
971 1193 1184 1247 bonam
1235 1191 1676 1264 salutaremque
1715 1195 1870 1249 viam
1903 1211 2100 1266 perse-

447 1299 614 1354 quar,
649 1298 792 1336 meae
815 1282 1144 1337 invidentes
1176 1281 1374 1337 saluti.
1407 1284 1796 1344 Quamobrem
1830 1284 2100 1354 supplico

445 1388 514 1426 ac
545 1386 684 1443 rogo
735 1386 806 1424 ne
835 1368 1213 1439 derelinquas
1245 1386 1358 1437 me,
1392 1370 1658 1425 Domine.
1707 1371 1909 1442 Neque
1940 1373 2098 1426 enim

444 1459 607 1516 solus
638 1459 859 1531 possim
902 1458 1184 1513 adversus
1230 1462 1317 1514 tot
1347 1475 1414 1514 ac
1445 1464 1640 1515 tantos
1690 1462 1981 1515 resistere.
2013 1461 2099 1516 Tu

443 1548 643 1620 igitur,
680 1553 828 1602 Deus
861 1563 1048 1614 meus,
1084 1563 1155 1602 ne
1183 1548 1452 1603 discedas
1475 1565 1508 1604 a
1536 1563 1649 1616 me,
1683 1549 1783 1603 sed
1818 1549 1978 1604 adsis
1997 1551 2099 1604 mi-

443 1637 502 1691 hi
526 1637 760 1705 adjutor
791 1651 1049 1705 measque
1075 1634 1285 1692 salutis
1319 1642 1545 1692 custos.

2215 574 2397 649 τόλμῃ
2458 577 2845 649 ἀρκουμένους.
2893 579 2985 633 Διὸ
3041 577 3289 652 ἀγωνιῶν
3351 582 3425 652 μή
3489 580 3579 634 καὶ
3627 577 3882 651 δεύτερον

2215 668 2332 724 τοῖς
2390 663 2572 726 αὐτοῖς
2631 665 2916 740 περιπέσῃ,
2976 665 3184 741 σφόδρα
3241 667 3616 743 ἐγρηγερότως
3679 669 3873 745 φησίν·’

2216 752 2278 804 Oi
2331 749 2388 806 δὲ
2440 751 2628 828 ἐχθροί
2690 775 2793 826 μου
2850 759 3032 823 ζῶσιν.
3095 756 3172 812 Ού
3230 758 3329 832 γὰρ
3361 761 3702 828 τεθνήκασιν,
3749 757 3876 814 οὐδὲ

2217 840 2352 910 ἅπαξ
2404 840 2787 917 ἐνεργήσαντες
2832 843 3115 918 παρῆλθον
3154 864 3168 877 ”
3239 843 3325 899 διὸ
3381 846 3716 923 γέγραπται·
3777 849 3869 917 Μὴ

2221 931 2525 1004 μακαρίσῃς
2604 929 2767 1006 ἄνδρα
2839 933 2945 1007 πρὸ
3019 931 3278 1003 τελευτῆς
3358 936 3523 990 αὐτοῦ
3560 980 3573 992 .
3651 941 3871 991 Ζιῖ›σιν⁹

2168 1011 2364 1072 ’ἀλλὰ
2419 1020 2507 1073 καὶ
2563 1020 2984 1096 κεκραταίωνται
3043 1021 3271 1085 πλείους
3328 1019 3479 1085 ὅντες
3554 1026 3689 1099 ὑπὲρ
3747 1025 3870 1098 ἐμὲ.

2214 1106 2662 1179 Ἐπληθύνθησαν
2721 1113 2822 1186 γάρ
2883 1112 2933 1166 οἱ
2993 1112 3276 1184 μισοῦντές
3309 1134 3397 1186 με,
3427 1114 3519 1168 καὶ
3550 1115 3602 1168 οἱ
3633 1114 3873 1169 ἀνταπο-

2214 1192 2450 1258 διδόντες
2514 1219 2605 1269 μοι
2662 1201 2797 1253 κατὰ
2845 1201 2958 1255 ἀντὶ
3019 1200 3259 1274 ἀγαθῶνο
3315 1200 3508 1264 οἷὲινες
3559 1203 3712 1258 οὕπω
3769 1204 3863 1258 καὶ

2210 1290 2300 1338 νῦν
2359 1287 2619 1342 παύονται
2681 1285 3128 1352 ἐνδιαϐάλλοντὲς
3192 1312 3280 1364 με,
3339 1290 3455 1346 ἐπεὶ
3502 1293 3600 1361 τὴν
3651 1293 3864 1366 ἀγαθὴν

2208 1374 2298 1429 καὶ
2317 1377 2585 1451 σωτήριον
2615 1376 2739 1432 ὁδὸν
2768 1377 3112 1451 μεταδιώκω,
3132 1378 3580 1457 διαφθονούμενοί
3617 1403 3721 1453 μου

2207 1467 2276 1534 τῇ
2332 1465 2594 1539 σωτηρίᾳ.
2641 1466 2844 1521 Τούτου
2893 1466 3055 1542 χάριν
3088 1469 3312 1523 ἱκετεύω
3370 1469 3458 1524 καὶ
3506 1467 3720 1541 δέομαι,
3777 1473 3854 1543 μὴ

2210 1549 2572 1626 ἐγκαταλίπῃς
2631 1575 2718 1626 με,
2771 1554 2950 1630 Κύριε·
3006 1556 3172 1628 μόνος
3231 1557 3334 1634 γὰρ
3387 1558 3523 1633 πρὸς
3561 1559 3865 1622 τοσούτους

2208 1639 2314 1714 οὐχ
2367 1641 2482 1704 οἶός
2508 1643 2557 1696 τ’
2587 1641 2645 1696 ἂν
2680 1641 2795 1712 εῗίην
2825 1644 3088 1719 ἀντέχειν.
3135 1644 3208 1698 Σὺ
3241 1643 3354 1712 οῦν,
3390 1645 3417 1699 ὁ
3449 1645 3580 1708 Θεός
3615 1667 3740 1720 μου,
3780 1649 3863 1720 μή

442 1723 683 1797 ἀποστῇς
714 1723 808 1778 ἀπ’
836 1721 994 1795 ἐμοῦ,
1027 1743 1227 1799 παρεσο
1261 1721 1317 1778 δὲ
1349 1744 1443 1796 μοι
1483 1724 1683 1798 βοηθὸς
1715 1724 1805 1778 καὶ
1838 1723 2012 1799 φύλαξ
2040 1729 2138 1791 τῆς
2165 1725 2302 1800 ἐμῆς
2333 1729 2623 1802 σωτηρίας.

943 1977 1016 2033 ΙΝ
1056 1977 1395 2034 PSALMUM
1435 1978 1586 2034 CXV.

514 2072 566 2124 1.
597 2069 766 2125 Vsus.
803 2070 853 2136 1,
874 2072 928 2123 2.
993 2067 1211 2122 Credidi
1239 2076 1462 2139 propter
1493 2067 1634 2139 quod
1685 2066 1902 2124 locutus
1929 2084 2090 2133 sum;

437 2175 534 2229 ego
577 2163 762 2213 autem
817 2157 1144 2212 humiliatus
1180 2173 1306 2211 sum
1350 2158 1539 2211 nimis.
1584 2157 1696 2224 Ego
1745 2166 1933 2212 autem
1965 2158 2093 2213 dixi

439 2250 494 2304 in
519 2265 742 2304 excessu
770 2263 890 2302 meo
915 2262 927 2300 :
960 2247 1156 2304 Omnis
1187 2245 1346 2301 homo
1375 2245 1631 2300 mendax.
1665 2246 1834 2302 Fides
1864 2263 2088 2303 sermo-

439 2338 616 2392 nibus
646 2337 749 2407 qui
771 2337 842 2392 de
874 2341 986 2391 Deo
1009 2335 1178 2403 ﬁunt,
1215 2339 1459 2404 praeest:
1495 2335 1664 2401 ﬁdes,
1697 2351 1813 2390 non
1845 2336 2087 2392 demon-

437 2427 664 2483 stratio.
697 2426 886 2492 Fides,
922 2441 1049 2496 quae
1079 2424 1342 2478 animum
1374 2424 1446 2478 ad
1478 2425 1880 2479 assensionem
1907 2425 2089 2482 trahit

437 2515 649 2587 magis,
684 2531 861 2586 quam
903 2511 1182 2581 methodi,
1217 2512 1439 2568 ratione
1469 2512 1683 2567 innixae
1712 2527 1724 2567 :
1757 2512 1924 2580 ﬁdes,
1959 2529 2084 2584 quas

435 2622 551 2660 non
579 2602 925 2660 necessariis
941 2602 1272 2673 geometriae
1298 2600 1685 2668 illationibus,
1710 2601 1810 2656 sed
1831 2601 2084 2672 Spiritus

433 2692 621 2748 sancti
653 2708 831 2763 opera
869 2691 1153 2763 gignitur.
1188 2692 1248 2745 In
1277 2691 1502 2747 nomine
1529 2691 1681 2745 Iesus
1723 2689 1936 2746 Christi
1962 2696 2082 2748 Να-

432 2783 645 2850 zareni,
671 2797 833 2851 surge
856 2784 906 2835 et
952 2779 1179 2833 ambula
1209 2779 1274 2834 9‘.
1321 2783 1482 2834 Hanc
1512 2795 1710 2834 vocem
1761 2795 2081 2850 conseque-

433 2868 606 2926 batur
635 2885 784 2941 opus
811 2885 914 2940 per
959 2868 1262 2938 Spiritum.
1297 2867 1374 2922 Ex
1422 2867 1531 2922 hoc
1563 2865 1845 2922 miraculo
1886 2885 1920 2922 a
1949 2884 2081 2939 spe-

433 2958 756 3028 ctatoribus
795 2956 1126 3012 necessario
1171 2957 1432 3012 admissa
1479 2962 1570 3011 est
1610 2955 1906 3028 Unigeniti
1932 2957 2079 3012 divi-

434 3048 607 3103 nitas.
637 3046 770 3102 Ulra
796 3062 908 3114 res,
943 3045 1035 3101 dic
1057 3045 1221 3113 mibi,
1247 3045 1436 3118 magis
1467 3046 1535 3100 ad
1562 3061 1869 3100 assensum
1901 3047 2078 3117 cogit,

433 3127 980 3199 propositionumne
1028 3142 1212 3181 nexus
1273 3142 1593 3198 congruam
1642 3125 2077 3181 conclusionem

433 3232 632 3272 secum
664 3215 1046 3283 attrahentes,
1100 3232 1174 3270 an
1217 3215 1414 3285 potius
1451 3218 1680 3269 tantum
1723 3214 2077 3270 miraculum

2124 1968 2172 2032 B

2611 1968 2724 2022 ΕΙΣ
2763 1966 2898 2022 ΤΟΝ
2941 1966 3064 2021 PlE'
3103 1968 3431 2024 ΨΑΛΜΟΝ.

2279 2055 2328 2108 1.
2391 2053 2729 2123 Ἐπίστευσα,
2809 2052 2894 2108 διὸ
2967 2053 3232 2125 ἐλάλησα’
3313 2055 3423 2130 ἐγὼ
3508 2053 3564 2110 δὶ
3649 2055 3862 2133 ἐταπει-

2199 2143 2378 2212 νώθην
2429 2138 2664 2220 σφόδρα·
2727 2143 2832 2218 ἐγὼ
2893 2140 2950 2198 δὲ
3003 2144 3123 2198 εἶπα
3183 2143 3234 2199 ἐν
3293 2149 3362 2218 τῇ
3423 2143 3662 2200 ἐκστάσει
3725 2167 3853 2219 μου·

2200 2233 2313 2292 Ila;
2371 2230 2653 2306 ἅνθρωπος
2710 2233 2966 2303 ψεύστης.
3029 2233 3214 2296 Πίστις
3267 2235 3510 2303 ἡγείσθω
3561 2239 3667 2289 τῶν
3727 2235 3856 2311 περὶ

2199 2325 2332 2376 Θεοῦ
2378 2318 2556 2396 λόγων
2595 2341 2606 2353 ·
2668 2320 2870 2389 πίστις,
2929 2323 3017 2376 ναὶ
3070 2323 3146 2394 μὴ
3202 2320 3495 2393 ἀπόδειξις.
3556 2321 3763 2393 Πίστις,
3812 2327 3850 2394 ἡ

2199 2409 2330 2484 ὑπὲρ
2387 2411 2480 2470 τὰς
2522 2407 2748 2484 λογικὰς
2803 2407 3065 2484 μεθόδους
3095 2413 3208 2483 (86)
3234 2411 3332 2480 τὴν
3379 2414 3564 2487 ψυχὴν
3604 2411 3681 2474 εἷς
3712 2433 3848 2486 συγ-

2194 2497 2472 2552 κατάθεσιν
2549 2495 2804 2553 ἓλκουσαο
2879 2500 3094 2567 πίστις,
3163 2500 3272 2574 οὐχ
3349 2502 3384 2569 ἡ
3455 2507 3847 2575 γεωμετρικαῖς

2196 2587 2472 2661 ἀνάγκαις,
2531 2586 2656 2642 ἀλλ’
2711 2590 2746 2657 ἡ
2799 2592 2916 2650 ταῖς
2947 2593 3042 2642 τοῦ
3075 2587 3389 2661 ΙΙνεύματος
3430 2587 3720 2664 ἐνεργείαις
3753 2589 3844 2666 ἔγ-

2191 2677 2485 2752 γινομένη.
2561 2679 2648 2734 Ἐν
2718 2682 2798 2750 τῷ
2873 2677 3103 2751 ὀνόματι
3180 2680 3360 2748 Ἰησοῦ
3440 2680 3674 2754 Χριστοῦ
3741 2683 3839 2734 τοῦ

2192 2768 2540 2842 Ναζωραίου,
2593 2765 2797 2842 ἔγειραι
2859 2769 2970 2840 (87)
3030 2767 3118 2822 καὶ
3176 2767 3478 2841 περιπάτει.
3530 2768 3705 2843 Ταύτῃ
3765 2769 3841 2840 τῇ

2192 2859 2342 2932 φωνῇ
2410 2855 2770 2926 ἐπηκολούθει
2824 2857 2887 2912 τὸ
2940 2850 3100 2931 ἔργον
3134 2854 3224 2911 διὰ
3252 2861 3346 2910 τοῦ
3377 2856 3709 2928 Πνεύματος.
3745 2859 3842 2914 Ἐκ

2189 2948 2285 2998 τοῦ
2333 2946 2605 3017 θαύματος
2631 2945 2892 3022 ἀναγκαία
2946 2947 2980 3015 ἡ
3010 2942 3298 3020 παραδοχή
3325 2947 3424 3014 τῆς
3453 2944 3706 3015 θεότητος
3737 2949 3838 3000 τοῦ

2192 3031 2525 3106 Μονογενοῦς
2571 3037 2688 3093 τοῖς
2735 3033 2930 3107 ὁρῶσιν
2975 3031 3199 3108 ἐγίνετο.
3251 3033 3318 3090 Τί
3369 3031 3836 3107 ἀναγκαστικώτε-

2192 3139 2281 3194 ρον
2342 3119 2416 3181 εἷς
2465 3123 2575 3193 (88)
2638 3123 3016 3197 συγκατάθεσιν
3087 3121 3227 3195 (εἰπὲ
3289 3125 3444 3195 μοι);
3522 3121 3836 3197 προτάσεων

2187 3208 2389 3264 πλοκαῖ
2447 3210 2507 3264 τὸ
2566 3211 2928 3284 συμπέρασμα
2985 3211 3284 3276 ἀκόλουθον
3348 3212 3557 3273 ἑαυταῖς
3618 3209 3843 3289 ἐφελκό-

433 3305 730 3360 evidenter
759 3308 1157 3373 conspectum,
1191 3319 1422 3357 omnem
1455 3303 1776 3357 humanam
1801 3303 2075 3358 virtutem

2197 3318 2374 3370 μεναι,
2424 3297 2458 3367 ἢ
2511 3303 2689 3370 θαῦμα
2735 3305 2992 3354 τοσοῦτον
3044 3301 3282 3376 ἐναργῶς
3331 3299 3632 3375 ὁρώμενον,
3665 3304 3838 3354 πᾶσαν

2543 3385 2596 3403 ε..
2821 3389 2835 3403 .
2957 3385 3047 3403 ο..
3241 3387 3570 3403 μη...
3689 3388 3806 3403 ...

433 3391 842 3462 exsuperans?
871 3395 1142 3446 Attamen
1174 3390 1500 3447 etiamnum
1543 3390 1745 3446 isthaec
1797 3407 1910 3446 non
1944 3408 2078 3462 pro-

435 3481 666 3548 bantur,
701 3496 892 3552 neque
937 3478 1190 3552 Spiritus
1240 3496 1416 3551 opera
1444 3479 1702 3535 sermoni
1733 3481 1832 3550 qui
1864 3480 1935 3535 de
1968 3486 2080 3535 Deo

433 3575 524 3627 est
554 3571 728 3626 ﬁdem
760 3570 1000 3636 faciunt,
1035 3570 1137 3625 sed
1169 3569 1495 3625 artificiosae
1527 3569 2076 3638 demonstrationes,

428 3675 590 3732 spem
623 3661 682 3714 in
707 3661 1021 3715 mundanae
1051 3659 1350 3730 sapientiae
1383 3658 1864 3730 persuasionibus
1898 3657 2075 3714 collo-

427 3754 647 3817 cantes,
677 3766 792 3804 non
837 3750 895 3804 in
948 3748 1082 3803 forti
1113 3754 1170 3804 et
1215 3749 1372 3804 clara
1399 3748 1652 3820 Spiritus
1704 3748 2073 3818 revelatione,

425 3855 626 3911 quam,
662 3855 764 3910 per
801 3853 900 3894 eos
944 3837 1043 3909 qui
1075 3838 1134 3892 in
1166 3837 1548 3909 simplicitate
1578 3837 1770 3893 cordis
1803 3838 1948 3893 citra
1975 3854 2075 3893 cu-

421 3929 743 3985 riositatem
763 3929 1009 3984 credunt
1026 3929 1162 3996 Deo,
1179 3930 1251 3985 ob
1276 3927 1583 3984 mullorem
1600 3928 1850 3983 salutem
1875 3934 2072 3985 osten-

421 4020 526 4074 dit.
561 4019 670 4075 Sed
696 4018 922 4074 utinam
942 4023 1000 4073 et
1029 4018 1174 4073 mihi
1197 4018 1498 4089 contingat
1519 4017 1697 4088 digne
1728 4018 1984 4082 credere,
2010 4021 2074 4072 ut

421 4124 577 4163 nunc
606 4124 826 4177 magnas
859 4107 996 4162 huic
1033 4107 1129 4162 Dei
1187 4106 1457 4162 Ecclesia
1511 4106 1686 4160 verba
1715 4107 1978 4176 quinque
2008 4104 2068 4160 in

419 4203 616 4254 mente
649 4212 779 4252 mea
808 4197 1014 4250 dicam.
1057 4201 1245 4267 Atque
1274 4211 1444 4250 nemo
1476 4194 1633 4249 hunc
1670 4193 1914 4249 irrideat
1943 4210 2067 4248 ser-

416 4301 672 4351 monem,
691 4285 862 4356 quasi
880 4302 985 4340 nos
1003 4284 1129 4340 sine
1156 4285 1275 4340 ulla
1293 4285 1630 4356 probatione
1658 4287 1723 4337 ad
1745 4282 2067 4338 assentien-

415 4375 556 4430 dum
573 4375 645 4429 iis
660 4391 788 4446 quas
819 4375 1092 4443 dicimus,
1109 4374 1408 4430 audientes
1428 4375 1797 4430 inducamus.
1819 4375 2067 4430 Necesse

413 4468 504 4518 est
525 4461 682 4517 enim
711 4461 1033 4532 disciplinas
1082 4461 1342 4531 cujusvis
1375 4461 1662 4533 principia
1701 4463 1848 4517 citra
1880 4461 2060 4518 ullam

413 4549 819 4623 probationem
838 4548 992 4604 tradi
1010 4549 1404 4617 discentibus;
1425 4550 1696 4606 cumﬁeri
1715 4567 1830 4606 non
1852 4551 2059 4622 possit,

483 4651 528 4688 ²⁴
556 4648 728 4704 Eccli.
760 4665 838 4718 xx,
870 4647 959 4703 30.
994 4648 1039 4682 ³⁵
1070 4651 1195 4706 Act.
1251 4665 1336 4717 III,
1367 4651 1421 4703 6.

2194 3387 2480 3457 ἀνθρώπου
2539 3385 2766 3461 δύναμιν
2816 3385 3178 3465 ὑπερϐαῖνονς
3241 3387 3394 3446 Ἀλλ’
3444 3388 3571 3464 οὐχὶ
3617 3388 3706 3444 καὶ
3747 3393 3840 3443 νῦν

2187 3480 2354 3530 ταῦτα
2403 3479 2516 3550 (89)
2562 3475 2864 3551 εὐδοκιμεῖ,
2912 3476 3036 3533 οὔδε
3081 3479 3147 3534 τὰ
3191 3482 3286 3534 τοῦ
3345 3477 3658 3551 Πνεύματος
3707 3472 3840 3552 ἔργα

2186 3565 2277 3619 τὸν
2337 3567 2461 3640 περὶ
2511 3571 2644 3621 Θεοῦ
2700 3566 2861 3643 λόγον
2921 3573 3223 3624 πιστοῦται’
3273 3566 3835 3644 ἀλλ’ἔντεχνοιάποο

2189 3650 2401 3726 δείξεις,
2461 3655 2512 3710 ἒν
2570 3660 2649 3728 τῷ
2680 3658 2889 3729 πιθανῷ
2919 3665 3019 3727 τῆς
3062 3661 3158 3712 τοῦ
3203 3657 3414 3729 κόσμου
3446 3657 3636 3734 σοφίας
3668 3655 3833 3732 ἔχου-

2187 3764 2274 3797 σαι
2319 3745 2418 3811 τήν
2476 3741 2690 3816 ἐλπίδα,
2726 3745 2824 3799 οὐκ
2863 3746 2913 3800 ὲν
2960 3751 3037 3818 τῷ
3090 3746 3302 3822 ἰσχυρῷ
3335 3746 3420 3800 καὶ
3473 3745 3688 3820 ὶναργεῖ
3731 3752 3833 3814 τῆς

2183 3835 2278 3886 τοῦ
2339 3832 2649 3904 Πνεύματος
2701 3833 3118 3908 ἀποκαλύψεως,
3151 3836 3238 3906 ἢν,
3289 3831 3378 3888 διὰ
3430 3838 3536 3888 τῶν
3571 3834 3621 3888 ὲν
3656 3832 3829 3888 ἁπλό-

2182 3940 2306 3990 τητι
2356 3919 2580 3995 καρδίας
2643 3922 3081 3998 ἀπεριεργάστως
3131 3922 3470 3987 πεποιθότων
3529 3927 3643 3995 Θεῷ
3691 3925 3827 3996 (90),

2180 4016 2279 4078 τῆς
2315 4011 2583 4086 σωτηρίας
2629 4008 2801 4066 ἕνεκεν
2829 4018 2938 4067 τῶν
2973 4011 3199 4067 πολλῶν
3249 4010 3634 4070 ἐπιδείκνυται.
3668 4009 3830 4068 Ἀλλ’

2181 4095 2289 4153 εἷ’θε
2331 4099 2498 4172 κάμοὶ
2545 4101 2759 4174 γένοιτο
2807 4105 3082 4156 πιστεῦσαι
3127 4101 3308 4171 ἀξίως,
3365 4098 3451 4155 i'va
3482 4098 3710 4170 λαλήσω
3738 4104 3828 4155 νῦν

2177 4194 2246 4264 τῇ
2275 4190 2573 4261 Ἐκκλησία
2619 4196 2716 4245 τοῦ
2774 4195 2906 4247 Θεοῦ
2952 4196 3020 4266 τῇ
3078 4191 3290 4267 μεγάλῃ
3334 4190 3502 4266 ταύτῃ
3535 4190 3691 4246 πέντε
3740 4187 3832 4246 λό-

2177 4301 2306 4355 γους
2366 4281 2418 4334 tv
2469 4281 2548 4350 τῷ
2597 4279 2681 4334 νοΐ
2715 4302 2840 4354 μου.
2893 4282 2998 4336 Καὶ
3034 4280 3227 4354 μηδεὶς
3259 4279 3711 4354 καταχλευάζὲτω
3737 4281 3832 4335 τὸε

2180 4367 2369 4444 λόγον,
2422 4369 2495 4431 ὡς
2547 4363 2919 4432 ἀϐασανίστως
2967 4373 3124 4442 ἡμῶν
3178 4370 3253 4432 είς
3305 4371 3404 4439 τὴν
3458 4371 3591 4446 ὑπὲρ
3621 4371 3694 4424 ὧν
3746 4368 3833 4425 λά·-

2174 4479 2344 4532 γομεν
2396 4459 2774 4535 συγκατάθεσιν
2831 4459 2956 4522 τοὺς
3006 4461 3300 4523 ἀκούοντας
3344 4460 3640 4536 ἐναγόντων
3691 4461 3826 4532 (91).

2175 4547 2411 4622 ’Δνάγκη
2480 4548 2578 4623 γὰρ
2649 4549 2878 4618 ἑκάστης
2929 4553 3215 4623 μαθήσεως
3265 4550 3639 4622 ἁνεξετάστους
3691 4550 3822 4604 εἶναι

487 4750 600 4826 (84)
633 4749 804 4826 Ediit,
835 4747 924 4801 καὶ
974 4744 1130 4820 μηδὲ.
1183 4748 1403 4804 Vocula
1451 4747 1541 4801 καί
1588 4748 1649 4804 in
1689 4749 1880 4804 tribus
1913 4765 2055 4804 mss.

2193 4753 2546 4826 nterpretem
2567 4749 2838 4826 videmus
2863 4767 2876 4806 :
2899 4752 3010 4826 Per
3027 4767 3117 4826 eos
3137 4752 3238 4826 qui
3263 4767 3430 4826 suam
3444 4763 3662 4805 omnem
3679 4745 3819 4826 ﬁdu-

419 4839 532 4877 non
563 4821 876 4876 invenitur.

489 4893 600 4963 (85)
633 4893 805 4962 Editi,
859 4909 973 4965 μοι.
1006 4891 1079 4945 At
1129 4895 1340 4965 quator
1388 4909 1558 4961 mss.,
1610 4911 1734 4964 μου.
1770 4893 1911 4965 Reg.
1966 4907 2056 4947 se-

420 4960 694 5029 cundius,
722 4960 826 5037 μου
857 4960 956 5030 τήν
991 4960 1286 5037 σωτηρίαν.

493 5037 617 5108 (86),
643 5031 780 5108 Reg.
815 5031 1152 5108 secundus,"
1191 5031 1469 5108 δυνάμεις.
1494 5034 1602 5090 Sed
1633 5035 1701 5091 ad
1733 5033 2061 5105 marginem

421 5107 692 5179 apposita
721 5103 811 5163 Est
839 5114 896 5162 et
923 5107 1101 5179 lectio
1126 5108 1259 5174 alia,
1297 5103 1578 5178 μεθόδους.

491 5178 601 5251 (87)
631 5180 723 5235 Sic
754 5179 931 5236 editio
953 5178 1129 5235 Basil.
1160 5196 1294 5234 cum
1326 5179 1513 5234 tribus
1544 5195 1687 5233 mss.
1721 5181 1779 5232 et
1807 5193 2060 5251 cumnsa.

419 5247 516 5306 cro
554 5257 732 5307 textu.
769 5251 957 5306 Editio
997 5267 1129 5306 vero
1168 5251 1346 5306 Paris.
1381 5265 1510 5305 cum
1555 5267 1698 5305 mss.
1736 5247 2059 5315 nonnullis,

417 5318 613 5395 ἔγειρε.
657 5323 801 5395 Mox
840 5321 1018 5395 editio
1055 5320 1320 5395 Paris,éx
1345 5325 1442 5395 τοῦ
1489 5320 1763 5395 θαύματος
1797 5319 1921 5392 γάρ.
1948 5320 2057 5374 Sed

415 5393 715 5468 ἀορειγάρ
737 5395 796 5449 in
817 5393 1072 5449 editione
1096 5394 1272 5468 Basil.
1306 5394 1440 5450 etin
1478 5393 1680 5448 multis
1717 5409 1859 5447 mss.

483 5468 594 5538 (88)
616 5463 784 5521 Colb.
820 5469 1090 5537 quartus,
1115 5463 1270 5538 πρός.

481 5531 590 5608 (89)
626 5543 760 5605 Reg.
796 5531 1114 5608 secundus,
1159 5531 1422 5608 ’τὰ-αὐτά.

482 5601 594 5681 (90)
625 5601 910 5681 ΙΙΙυᾱλδιᾶ
940 5612 1049 5660 τῶν
1081 5601 1132 5662 ἔν
1160 5604 1437 5681 -ἁπλότητι
1487 5601 1711 5680 καρδίας
1743 5601 2064 5681 ᾀπεριεργάο

412 5697 546 5742 σεως
579 5677 919 5744 πεποιθότων
953 5683 1090 5734 ese.
1124 5679 1208 5738 sic
1240 5677 1586 5737 conversum
1618 5677 1773 5751 apud
1802 5680 2057 5732 veterem

2168 4837 2316 4893 ciam
2347 4823 2406 4874 in
2436 4822 2796 4893 simplicitate
2837 4824 3014 4878 cordis
3035 4824 3094 4877 in
3125 4824 3291 4877 Deum
3310 4821 3670 4893 profecerunt,
3703 4824 3818 4893 etc.

2171 4891 2317 4964 Sed,
2336 4892 2447 4964 nisi
2481 4889 2573 4947 me
2604 4894 2752 4948 fallit
2773 4894 3030 4964 animus,
3055 4895 3266 4950 melius
3295 4889 3367 4948 ad
3393 4889 3649 4964 mentem
3673 4889 3815 4945 seri-

2172 4963 2356 5035 ptoris
2399 4963 2893 5036 interpretabere:
2934 4961 3040 5021 Per
3075 4981 3167 5021 eos
3223 4967 3323 5036 qui
3351 4967 3411 5020 in
3465 4961 3821 5035 simplicitate

2169 5036 2346 5090 cordis
2369 5037 2513 5091 citra
2537 5039 2915 5092 curiositatem
2953 5039 3184 5092 credunt
3213 5037 3335 5092 Deo.
3371 5037 3596 5090 Etenim
3626 5052 3815 5086 πεποι-

2172 5106 2316 5159 θέναι
2368 5110 2637 5180 scriptori
2697 5109 2850 5165 idem
2909 5125 3038 5164 esse
3094 5110 3248 5180 quod
3278 5109 3579 5180 πιστεῦσαι,
3638 5121 3706 5180 οξ
3745 5105 3820 5161 iis

2171 5196 2300 5270 quas
2316 5177 2651 5270 sequuntur
2668 5182 2986 5270 pbspurum
3008 5177 3128 5236 non
3146 5185 3253 5265 est.
3271 5179 3590 5270 Su’bj’ungit‘
3617 5177 3815 5270 quin}:

2171 5247 2329 5304 ’Ἀλλ’
2359 5247 2467 5313 εἴθε
2491 5250 2683 5326 ,κάμοὶ
2743 5249 2955 5326 γένοιτο
3000 5254 3303 5326 πιστεῦσαι,
3338 5247 3535 5326 ιῖιξίωςΓ
3554 5249 3820 5326 Sed_uti-

2169 5339 2303 5377 nam
2325 5325 2378 5375 ct
2396 5324 2539 5377 mihi
2559 5320 2843 5395 contingat
2865 5325 3036 5396 digne
3064 5323 3293 5380 credere.
3320 5320 3580 5394 Scriptor
3611 5320 3815 5396 igitur,

2171 5396 2444 5464 quisquis
2473 5399 2580 5460 est,
2611 5395 2718 5449 hoc
2742 5393 2884 5450 dicit
2907 5393 3461 5462 {Quemadmodum
3495 5393 3820 5464 usuivenit,

2169 5463 2234 5520 ut
2265 5463 2379 5519 non
2413 5468 2582 5537 pauci
2613 5473 2672 5521 in
2715 5468 3090 5539 simplicitate
3121 5469 3313 5524 cordis
3332 5468 3477 5522 citra
3507 5463 3818 5539 curiosita-

2167 5541 2286 5592 tem
2308 5536 2557 5611 credant
2582 5539 2720 5594 Deo:
2755 5536 2981 5595 utinam
3003 5548 3062 5597 et
3091 5540 3232 5596 mihi
3261 5555 3492 5611 quoque
3525 5536 3631 5591 hoc
3659 5536 3817 5590 idem

2168 5608 2484 5676 contingat.

2239 5680 2352 5752 (91)
2383 5679 2549 5738 Colb.
2590 5687 2860 5753 quartus.
2893 5680 3219 5738 ἆνανόντων.
3276 5687 3278 5690 ’
