4134 6212
287 316 415 375 105

1447 309 1779 370 HOMILIA
1816 309 1898 370 IN
1939 306 2325 371 PSALMUM
2365 307 2545 370 CXV.

3589 313 3709 374 106

284 446 390 508 τὰς
450 443 626 520 ἀρχὰς
679 447 795 504 τοῖς
854 443 1234 516 μανθὰνουσιν·
1289 438 1404 494 ἐπεὶ
1470 439 1759 513 ἀμήχανον
1813 435 1942 499 τοὺς

2063 442 2128 494 ut
2161 437 2329 510 ii,qui
2351 438 2504 494 circa
2526 437 2718 509 prima
2740 437 3025 510 principia
3047 436 3397 510 litigant,via
3416 443 3474 496 et
3502 442 3707 498 ordine

289 534 422 606 περὶ
484 534 550 589 τὰ
599 537 790 607 πρῶτα
849 530 1296 606 ζυγομαχοῦντας
1353 526 1647 598 δυνηθῆναι
1697 524 1808 597 ὁδῷ
1858 525 1945 580 καὶ

285 624 441 694 τάξει
501 619 788 697 προελθεῖν
850 620 928 683 είς
982 620 1044 674 τὸ
1095 617 1275 681 τέλος.
1311 617 1415 674 Καὶ
1471 621 1632 671 τοῦτο
1663 614 1722 670 ἂν
1759 615 1949 688 μάθοις

285 713 420 787 παρ’
479 711 654 766 αὐτῶν
705 714 812 764 τῶν
865 704 1075 781 ἔξωθεν.
1110 708 1173 762 Ei
1230 707 1333 782 γὰρ
1399 707 1474 779 μὴ
1533 703 1950 780 συγχῶρήσειας

286 803 388 863 τὰς
441 803 662 876 πρώτας
717 798 895 874 ἀρχὰς
952 802 1032 869 τῷ
1083 794 1393 872 γεωμέτρῃ,
1453 795 1737 868 ἀμήχανον
1787 791 1944 847 αὐτὸν

289 891 364 944 τά
392 890 581 964 ἐφεξῆς
634 890 774 961 (91”)
833 885 1292 960 συμπεράνασθαι.
1349 885 1447 940 Καὶ
1500 889 1600 951 τῆς
1651 883 1946 956 ἀριθμητιυ

289 987 404 1049 κῆς
437 980 466 1034 ὁ
501 983 614 1040 τοῖς
665 977 911 1049 πρώτοις
959 975 1048 1030 καὶ
1109 970 1514 1049 στοιχειώδεσιν
1574 973 1947 1042 ὶνιστάμενος,

287 1070 401 1136 τήν
435 1067 508 1128 είς
534 1067 594 1121 τὸ
622 1066 813 1140 πρόσω
845 1062 970 1119 ὁδὸν
1005 1062 1305 1119 διακόπτει.
1356 1062 1597 1134 Ὁμοίως
1648 1058 1705 1114 δὲ
1744 1059 1832 1114 καὶ
1865 1058 1946 1113 ία-

286 1158 480 1232 τρικαί
538 1156 702 1231 ἀρχαὶ
761 1155 971 1225 ἰατροῖς
1040 1150 1442 1208 ἀναπόδεικτοι.
1501 1149 1606 1206 Καὶ
1665 1147 1833 1214 ὅλως,
1892 1147 1944 1202 ἐν

287 1242 679 1316 ὁποιῳδήποτε
732 1239 1123 1314 ἐπιτηδεύματι
1172 1245 1281 1316 τῶν
1332 1237 1444 1310 ὁδῷ
1485 1238 1575 1293 καὶ
1623 1238 1769 1308 τάξει
1809 1257 1945 1310 προ-

287 1331 490 1388 ἴόντων
549 1332 634 1387 ιπὶ
687 1333 752 1387 τὸ
801 1330 982 1399 τὲλος,
1042 1313 1303 1384 ἀδύνατον
1352 1333 1460 1383 τῶν
1513 1326 1745 1404 πρώτων
1808 1326 1947 1380 ὑπο-

291 1421 491 1488 θέσεων
550 1418 816 1494 ἀπδείξεις
873 1419 1169 1490 ἐπιζητεῖν·
1233 1415 1358 1473 ἀλλ’
1423 1417 1626 1491 ἀνάγκη
1687 1415 1783 1476 τὰς
1836 1417 1946 1468 τῶν

289 1509 538 1586 λογικῶν
586 1513 798 1586 τεχνῶν
858 1508 1033 1585 ἀρχὰς
1077 1505 1435 1577 ἀνεξετάστως
1485 1500 1943 1579 παραδεξάμενον,

288 1601 354 1654 τὸ
386 1597 448 1654 lx
475 1605 586 1655 τῶν
623 1599 990 1655 ὑποτεθίντων
1036 1599 1147 1668 (9‘2)
1199 1593 1496 1650 ἀκόλουθον
1526 1591 1577 1646 ἐν
1607 1598 1726 1653 τοῖς
1759 1591 1949 1669 ἐφεξῆς

292 1684 639 1744 ἆπιϐλέπειν.
673 1687 827 1742 Οὕτω
889 1683 955 1756 δὴ
1015 1684 1107 1740 06v
1137 1686 1226 1740 καὶ
1255 1685 1317 1739 τὸ
1367 1690 1468 1752 τῆς
1524 1681 1808 1756 θεολογίας
1845 1701 1944 1752 μυ-

296 1780 551 1851 στήριον,
581 1777 681 1846 τήν
743 1775 804 1831 ἐκ
847 1782 950 1844 τῆς
997 1769 1354 1830 ἀϐασανίστου
1409 1772 1643 1832 πίστεως
1702 1769 1947 1870 ἐπιζητεῖ
1975 1806 2022 1870 Β

292 1866 704 1942 συγκατάθεσιν.
766 1870 1044 1920 Πιστεῦσαι
1121 1865 1222 1939 γὰρ
1291 1859 1390 1930 δεῖ,
1449 1860 1632 1940 φησὶν,
1693 1857 1775 1913 ὅτι
1833 1855 1943 1911 ἔστι

287 1958 448 2020 Θεὸς,
504 1955 634 2030 οὐχί
670 1961 924 2024 ζητῆσαι,
983 1952 1110 2008 οὐδὶ
1159 1957 1540 2027 ζυγομαχῆσαι
1599 1949 1660 2003 τὸ
1711 1946 1762 2002 τί
1811 1945 1942 2003 ἐστι.

289 2045 394 2102 Καὶ
426 2042 595 2114 ὅλως,
628 2044 675 2098 εί
722 2046 758 2112 ἡ
790 2043 969 2106 πίστις
1027 2041 1406 2113 ἐλπιζομένων
1455 2038 1595 2093 ἐστὶν
1656 2035 1945 2094 ὑπόστασις

284 2133 656 2209 πραγμάτων,
689 2134 776 2187 καὶ
826 2129 1054 2207 ἔλεγχος
1087 2131 1148 2185 οὐ
1183 2127 1554 2206 βλεπομένων,
1592 2127 1667 2198 μὴ
1699 2122 1946 2203 φιλονεί-

284 2245 367 2278 κει
402 2220 542 2277 ἰδεῖν
591 2219 699 2292 ἤδη
732 2225 799 2276 τὰ
860 2223 1065 2295 μακρὰν
1125 2219 1477 2291 ἀποκείμενα,
1518 2213 1658 2290 μηδὲ
1685 2215 1752 2270 τὰ
1780 2210 1944 2276 ἐλπς-

286 2314 492 2384 ζόμενα
539 2306 824 2387 ἀμφίϐολα
879 2311 1242 2383 καταστήσῃς,
1276 2305 1367 2362 διὰ
1422 2307 1485 2361 τὸ
1546 2306 1715 2379 μήπω
1765 2302 1941 2358 αὐτῶν

287 2398 550 2464 δύνασθαι
580 2399 718 2456 κατὰ
743 2400 843 2468 τὴν
872 2403 1066 2475 γνῶσιν
1094 2397 1445 2476 ἐφάπτεσθαι.

354 2584 417 2639 2.
445 2583 625 2634 Ταῦτα
670 2581 764 2652 μὶν
814 2577 908 2633 οὖν
957 2575 1195 2633 καθόλου
1249 2575 1375 2652 περὶ
1432 2575 1666 2634 πίστεως
1699 2569 1788 2626 διὰ
1816 2568 1942 2632 τοὺς

289 2668 756 2743 λογομαχοῦντας
811 2668 901 2721 καὶ
961 2665 1014 2721 ἐν
1066 2665 1271 2741 ῥήμασι
1328 2668 1504 2724 κενοῖς
1567 2656 1794 2737 ἔχοντας
1845 2659 1946 2726 τὴν

290 2756 520 2814 ἐλπίδα.
569 2764 726 2812 Δοκεῖ
751 2755 810 2812 δὲ
842 2757 988 2830 μοιὸ
1035 2755 1089 2810 ἐν
1119 2756 1277 2830 χερσὶ
1317 2752 1537 2828 ψαλμὸς
1570 2752 1646 2814 ὡς
1675 2750 1812 2824 πρὸς
1841 2747 1941 2816 τήν

289 2848 641 2922 προάγουσαν
673 2845 726 2900 ἐν
779 2849 858 2917 τῷ
899 2845 1124 2900 κατόπιν
1173 2841 1382 2917 ψαλμῷ
1425 2840 1666 2895 διάνοιαν
1712 2835 1945 2892 ἀκολου-

290 2936 412 3001 θίάν
451 2934 623 3011 ἔχειν.
683 2936 815 2992 Eine
866 2934 968 3010 γὰρ
1025 2933 1152 2988 ἐκεῖ·
1215 2932 1578 3006 Εὐαρεστήσω
1628 2932 1707 3000 τῷ
1755 2925 1942 3002 Κυρίῳ

288 3025 342 3081 ιν
398 3024 562 3100 χώρᾳ
616 3023 854 3090 ζώντων.
913 3023 1062 3078 Ἐπεὶ
1123 3021 1214 3077 οὖν
1268 3023 1393 3096 περὶ
1455 3020 1531 3093 μὴ
1586 3015 1942 3094 βλεπομένης

281 3117 478 3190 χώρας
508 3110 838 3188 διαλέγεται,
873 3112 947 3174 ὡς
995 3115 1177 3187 σαφῶς
1228 3109 1604 3182 ἐπιστάμενος,
1635 3107 1736 3175 τήν
1769 3103 1942 3159 αίτίαν

285 3169 325 3190 Α
382 3169 390 3188 Ι
464 3169 476 3176 ’
678 3169 689 3188 Ι
823 3169 838 3185 1
933 3169 945 3174 '
1076 3169 1086 3187 ι
1164 3169 1174 3174 ⁷
1425 3169 1435 3182 1
1570 3169 1601 3178 νυ
1694 3169 1703 3175 -

280 3200 591 3259 ἀποδίδωσι
621 3205 717 3256 τοῦ
776 3201 898 3273 περὶ
954 3204 1061 3256 τῶν
1113 3197 1336 3270 ἀδήλων
1385 3195 1695 3272 διορισμοῦ,
1731 3191 1936 3268 λέγων·
1973 3169 2016 3236 C

276 3292 628 3360 Ἐπίστευσα,
688 3288 770 3344 ὅτι
829 3288 938 3345 ἔστι
1013 3311 1096 3354 τις
1164 3289 1324 3364 χώρα
1383 3288 1616 3356 ζώντων·
1675 3282 1759 3338 διὸ
1819 3280 1940 3337 ἐλά·

278 3383 462 3449 λησα,
495 3379 579 3434 ὅτι
640 3379 999 3454 Εῦαρεστήσω
1055 3377 1108 3434 ὲν
1161 3379 1300 3451 αὐτῇ
1357 3381 1436 3448 τῷ
1494 3373 1696 3451 Κυρίῳ.
1753 3369 1938 3432 Ὅλως

283 3467 366 3539 δὲ,
401 3473 436 3539 ἡ
472 3466 599 3524 ἄνευ
633 3467 866 3532 πίστεως
897 3468 980 3522 ἐπὶ
1011 3469 1074 3522 τὸ
1103 3465 1290 3522 λαλεῖν
1324 3463 1599 3542 ἐρχομένη
1634 3463 1787 3538 ψυγὴ
1821 3458 1935 3516 δια-

281 3565 450 3626 κενῆς
497 3556 752 3633 ληρήσει,
802 3558 918 3612 κατ’
955 3554 1170 3620 οὐδενὸς
1222 3555 1578 3628 ὑποκειμένου
1618 3555 1711 3607 τὸν
1771 3549 1935 3624 λόγον

283 3647 630 3723 προάγουσα.
691 3647 871 3721 Ἀρχή
937 3645 1118 3700 τοίνυν
1193 3643 1362 3721 λόγου
1415 3640 1704 3719 ἔμφρονος,
1760 3639 1939 3705 πίστις

272 3737 531 3812 ἰσχυρῶς
562 3738 630 3809 τῇ
655 3732 849 3810 καρδίᾳ
875 3739 974 3789 τοῦ
1017 3733 1314 3796 λαλοῦντος
1364 3731 1708 3809 ἆνιδρυμὲυη.
1743 3733 1937 3786 Ἔπει-

271 3846 366 3893 τα,
397 3823 566 3887 πόθεν
623 3825 758 3895 ἡμῖν
820 3820 1042 3877 δυνατὸν
1095 3822 1158 3877 τὸ
1213 3821 1336 3896 περὶ
1374 3823 1473 3890 τὴν
1520 3821 1699 3876 πίστιν
1726 3819 1936 3874 τέλειον

273 3914 611 3987 κατορθοῦν,
641 3910 858 3988 ἐφεξῆς,
908 3910 1117 3987 ἐπάγει,
1172 3909 1369 3986 λέγων·
1422 3909 1566 3984 Ἐγὼ
1609 3907 1666 3965 δὲ
1724 3909 1935 3964 ἐταπει-

278 4005 469 4071 νώθην
530 3999 759 4080 σφόδρα.
817 4002 880 4058 Ὁ
924 4000 1027 4076 γὰρ
1084 4002 1160 4073 μὴ
1206 4001 1541 4060 ταπεινώσας
1589 3999 1780 4054 ἑαυτοῦ
1836 3998 1935 4066 τὴν

285 4090 552 4161 διάνοιαν,
591 4088 733 4163 μηδὶ
779 4090 916 4145 κατὰ
965 4089 1200 4163 μίμησιν
1248 4094 1345 4144 τοῦ
1394 4087 1732 4146 Ἀποστόλου
1758 4085 1934 4162 λέγων

280 4182 371 4252 τὸ,
419 4177 700 4258 Ἀδελφοί,
759 4179 869 4255 ἐγὼ
924 4179 1157 4252 ἰμαυτὸν
1212 4176 1365 4234 οὔπω
1424 4178 1712 4253 λογίζομαι
1761 4197 1940 4232 κατει-

286 4270 548 4347 ληφὲναι,
579 4267 726 4324 ἀλλὰ
754 4273 1024 4340 περινοῶν
1075 4269 1265 4332 οὐσίας
1307 4273 1439 4323 Θεοῦ
1487 4267 1820 4341 κατάληψιν,
1851 4271 1944 4324 καὶ

285 4359 366 4429 τῷ
396 4356 529 4429 ἰδίῳ
558 4355 812 4432 λογισμῷ
841 4357 1115 4432 ἐκμετρῶν
1153 4358 1222 4412 τὰ
1260 4357 1533 4436 ἀνέφικτα,
1567 4361 1653 4414 καὶ
1685 4365 1943 4416 τοσοῦτον

285 4446 652 4523 λογιζόμενος
685 4446 816 4500 εἶναι
847 4447 940 4502 τὸν
994 4447 1120 4502 Θεὸν
1167 4448 1291 4502 ὅσον
1346 4448 1505 4510 αὐτὸς
1553 4453 1633 4522 τῷ
1693 4448 1944 4525 λογισμῷ

2062 527 2372 596 procedere
2402 524 2632 581 valeant
2663 527 2732 580 ad
2770 526 2966 580 finem.
2995 527 3176 598 quue
3209 527 3296 583 vel
3327 544 3394 583 ex
3425 528 3567 600 ipsis
3613 547 3710 587 ex-

2060 614 2239 668 ternis
2264 613 2593 685 disciplinis
2615 613 2716 670 tibi
2748 615 2882 669 licet
2913 616 3156 670 discere.
3201 617 3427 671 Etenim
3487 618 3535 674 si
3567 635 3709 691 geo-

2061 710 2254 760 metras
2279 705 2468 775 prima
2501 721 2612 758 non
2665 704 3022 761 concesseris
3083 706 3395 778 principia,
3454 724 3522 764 ea
3577 726 3707 780 quae

2060 799 2390 863 sequuntur
2447 791 2795 848 concludere
2853 798 3076 864 nequit.
3137 795 3205 849 Et
3268 795 3368 866 qui
3426 797 3705 853 arithme-

2060 881 2185 936 ticae
2218 881 2524 952 principiis
2555 882 2707 936 372
2742 897 2805 936 ac
2829 881 3133 937 elementis
3165 900 3226 938 se
3256 885 3518 955 Opponit,
3551 887 3702 942 viam

2058 972 2128 1026 ad
2161 971 2438 1026 ulteriora
2478 971 2794 1042 intercipit.
2855 971 3139 1028 Similiter
3181 979 3375 1029 autem
3428 992 3614 1047 neque
3670 994 3705 1033 a

2058 1061 2304 1116 medicis
2337 1061 2636 1116 medicinae
2661 1061 2948 1132 principia
2980 1068 3224 1132 possunt
3283 1064 3699 1122 demonstrari.

2057 1157 2122 1206 Et
2153 1153 2210 1206 in
2245 1153 2569 1221 summa,in
2591 1169 2967 1223 quacumque
2999 1155 3358 1224 professione
3388 1172 3515 1227 quae
3537 1159 3629 1213 via
3645 1162 3703 1214 et

2057 1241 2260 1296 ordine
2282 1242 2351 1296 ad
2383 1242 2556 1296 ﬁnem
2584 1243 2876 1312 procedat,
2895 1243 3218 1314 primarum
3234 1246 3703 1317 propositionum

2057 1330 2588 1384 demonstrationes
2619 1346 2734 1384 non
2767 1333 2991 1401 queunt
3023 1331 3240 1403 inquiri
3267 1350 3280 1400 ;
3313 1334 3414 1389 sed
3465 1351 3706 1391 necesse

2056 1422 2165 1486 est,
2194 1422 2258 1472 ut
2287 1418 2336 1472 is
2360 1418 2460 1488 qui
2525 1418 2741 1472 artium
2775 1419 2997 1474 ratione
3027 1419 3358 1476 innixarum
3392 1422 3703 1496 principia,

2057 1507 2187 1562 sine
2220 1507 2560 1578 probatione
2589 1507 2850 1574 admisit,
2907 1507 2962 1562 id
2996 1508 3148 1579 quod
3210 1526 3278 1564 ex
3325 1511 3451 1580 jam
3497 1514 3704 1583 positis

2058 1611 2424 1666 consequens
2455 1601 2563 1664 est,
2597 1597 2656 1650 in
2689 1595 2930 1666 hisque
2973 1597 3178 1652 deinde
3236 1603 3566 1668 sequuntur
3619 1601 3706 1656 in-

2057 1685 2285 1754 spiciat.
2317 1686 2409 1740 Sic
2441 1701 2580 1740 sane
2609 1685 2781 1740 etiam
2799 1683 3102 1755 theologiae
3133 1687 3478 1758 mysterium
3502 1705 3703 1744 assen-

2057 1789 2187 1827 sum
2220 1790 2288 1828 ex
2321 1773 2430 1828 ﬁde
2462 1773 2823 1844 probationis
2873 1780 3104 1844 experte
3141 1773 3409 1846 requirit.
3473 1777 3706 1842 Credere

2055 1863 2205 1918 enim
2223 1867 2453 1934 Oportet,
2486 1862 2698 1933 inquit,
2725 1865 2856 1934 quia
2875 1867 2958 1918 est
2978 1863 3128 1919 Deus
3156 1864 3238 1920 ²⁶ε
3273 1881 3387 1920 non
3421 1882 3701 1938 quaerere,

2056 1969 2244 2023 neque
2289 1969 2422 2007 cum
2472 1954 2844 2008 contentione
2899 1955 3222 2024 expendere
3280 1954 3418 2026 quid
3469 1956 3564 2011 sit.
3623 1960 3703 2014 Ac

2056 2039 2318 2105 tandem,
2351 2040 2400 2094 si
2433 2041 2577 2094 fides
2606 2057 2802 2095 rerum
2835 2057 2961 2112 qua;
3001 2045 3316 2112 sperantur
3370 2045 3702 2102 substantia

2054 2133 2163 2198 est,
2196 2135 2254 2184 et
2274 2144 2477 2184 earum
2511 2145 2638 2200 quae
2672 2146 2786 2184 non
2844 2130 3116 2184 videntur
3174 2137 3585 2203 argumentum
3612 2135 3655 2169 ³⁷
3683 2151 3697 2202 ;

2055 2236 2126 2274 ne
2157 2219 2439 2273 contende
2457 2219 2582 2289 jam
2616 2219 2810 2274 videre
2832 2236 2961 2290 qua:
2991 2219 3191 2290 procul
3227 2225 3367 2275 sunt
3407 2223 3697 2294 reposita:

2056 2326 2242 2381 neque
2264 2325 2330 2365 ea
2363 2327 2488 2381 qua!
2502 2314 2834 2380 sperantur,
2865 2310 3144 2382 ambigua
3174 2315 3420 2380 statuas,
3443 2318 3703 2386 propter-

2054 2415 2121 2454 ea
2168 2400 2326 2470 quod
2377 2400 2638 2454 nondum
2687 2415 2888 2455 eorum
2969 2399 3358 2472 cognitionem
3418 2403 3705 2474 attingere

2054 2489 2318 2560 potuisti.

2122 2579 2174 2634 2.
2211 2582 2276 2634 Et
2307 2577 2544 2650 quidem
2587 2578 2746 2634 istaec
2776 2580 2846 2634 de
2879 2579 2992 2634 fide
3018 2583 3252 2651 propter
3280 2596 3380 2637 eos
3425 2580 3527 2653 qui
3574 2597 3704 2638 ver-

2055 2672 2198 2726 bosa
2228 2675 2280 2724 et
2312 2669 2675 2725 contentiosa
2704 2669 3122 2741 disceptatione
3151 2674 3702 2743 argutantur,atque

2053 2759 2109 2814 in
2142 2759 2334 2813 verbis
2365 2757 2640 2813 inanibus
2671 2775 2832 2828 spem
2861 2757 3166 2823 collocant,
3199 2759 3352 2815 dicta
3373 2761 3697 2831 generatim

2053 2847 2492 2903 sint.Caaterum
2518 2845 2776 2917 psalmus
2809 2847 2910 2917 qui
2942 2847 2998 2900 in
3035 2847 3309 2902 manibus
3342 2851 3450 2912 est,
3482 2864 3698 2920 cogna-

2051 2936 2266 2993 tionem
2300 2951 2433 2990 cum
2467 2935 2809 3005 prmoedenti
2828 2936 3114 2990 sententia
3139 2934 3345 3005 psalmi
3379 2936 3698 3008 superioris

2051 3026 2265 3081 habere
2297 3024 2439 3078 mihi
2472 3024 2723 3078 videtur.
2756 3023 2913 3078 Dixit
2942 3023 3099 3079 enim
3124 3023 3243 3078 illic
3280 3041 3292 3078 :
3326 3023 3560 3080 Placebo
3589 3026 3694 3080 Do-

2053 3117 2203 3170 mino
2235 3115 2291 3168 in
2322 3114 2541 3184 regione
2574 3114 2820 3167 vivorum
2848 3112 2915 3168 23.
2949 3114 3092 3168 Cum
3126 3113 3305 3184 igitur
3343 3113 3414 3169 de
3461 3115 3698 3186 regione

2056 3218 2182 3272 quas
2216 3219 2330 3256 non
2362 3201 2897 3271 videtur,disserat,
2929 3206 3210 3273 tanquam
3242 3201 3426 3259 B'clare
3484 3204 3696 3276 sciens,

2048 3308 2166 3346 sua:
2196 3292 2267 3345 de
2292 3291 2560 3347 obscuris
2605 3290 2951 3346 assertionis
3011 3291 3294 3347 rationem
3347 3291 3556 3362 reddit,
3612 3293 3699 3348 di-

2049 3396 2185 3436 cens
2212 3397 2225 3434 :
2262 3379 2487 3436 Credidi
2517 3379 2831 3451 quamdam
2865 3395 2994 3435 esse
3019 3379 3340 3442 viventium
3372 3381 3696 3452 regionem:

2048 3471 2272 3541 prapler
2299 3470 2444 3540 quod
2471 3469 2594 3523 dixi
2622 3485 2641 3522 :
2675 3468 2908 3524 Placebo
2938 3469 2997 3523 in
3029 3469 3157 3540 ipsa
3186 3469 3438 3524 Domino.
3474 3469 3534 3524 In
3569 3471 3698 3524 uni-

2047 3580 2281 3621 versum
2313 3563 2737 3630 autem,anima
2762 3579 2890 3634 quae
2921 3563 3067 3618 citra
3099 3563 3269 3618 fidem
3302 3562 3463 3635 loqui
3493 3580 3697 3636 aggre-

2049 3654 2228 3720 ditur,
2261 3653 2516 3708 inaniter
2535 3653 2772 3725 garriet,
2799 3652 3277 3724 quandoquidem
3330 3653 3400 3706 ad
3460 3653 3693 3708 nullum

2051 3744 2495 3798 fundamentum
2531 3742 2707 3796 refert
2727 3745 3290 3813 sermonem.1taque
3314 3741 3548 3796 initium
3579 3759 3696 3797 ser-

2049 3831 2238 3886 monis
2260 3831 2566 3902 prudentis
2585 3834 2672 3885 est
2696 3830 2839 3884 fides
2855 3830 2911 3883 in
2929 3831 3100 3885 corde
3140 3829 3434 3900 loquentis
3455 3830 3697 3884 ﬁrmiter

2047 3919 2560 3978 insidens.Deinde
2589 3919 2955 3974 continenter
2986 3918 3309 3989 subjungit,
3335 3934 3452 3988 qua
3475 3917 3699 3974 ratione

2048 4008 2460 4082 perfectionem
2487 4007 2617 4062 fidei
2653 4007 2885 4077 assequi
2918 4005 3237 4078 possimus,
3271 4006 3412 4061 dum
3440 4005 3555 4060 ait:
3594 4006 3701 4075 Ego

2049 4102 2235 4156 autem
2263 4097 2598 4152 humiliatus
2645 4112 2768 4150 sum
2813 4096 3003 4150 nimis.
3060 4095 3166 4160 Qui
3226 4093 3383 4148 enim
3442 4097 3702 4148 mentem

2052 4207 2222 4246 suam
2257 4205 2368 4243 non
2400 4185 2694 4249 humiliat,
2714 4201 2905 4256 neque
2925 4185 2998 4239 ad
3030 4183 3418 4240 imitationem
3442 4180 3704 4253 Apostoli

2054 4279 2230 4333 dicit:
2255 4278 2495 4342 Fratres,
2529 4291 2625 4343 ego
2655 4290 2743 4328 me
2771 4273 3018 4328 nondum
3064 4275 3314 4329 arbitror
3360 4271 3707 4344 comprehen-

2056 4367 2196 4422 disse
2225 4367 2301 4433 '9;
2329 4367 2594 4420 imovero
2617 4364 2714 4436 qui
2748 4364 2817 4418 de
2864 4362 3121 4419 essentia
3177 4361 3275 4417 Dei
3325 4359 3706 4433 comprehen-

2057 4456 2249 4510 denda
2277 4454 2511 4525 cogitat,
2547 4469 2612 4508 ac
2644 4451 2880 4524 prepria
2909 4450 3348 4506 ratiocinatione
3377 4449 3708 4520 incompre-

290 4530 642 4610 περιέλαϐεν⁹
693 4535 784 4590 καὶ
844 4534 1014 4607 ὅλως,
1072 4536 1102 4590 ὁ
1156 4536 1250 4590 τὺν
1307 4537 1506 4592 οἰκεῖον
1563 4543 1686 4593 νοῦν
1750 4540 1943 4615 μὲτρον

2059 4542 2374 4599 hensibilia
2401 4543 2663 4605 metitur,
2696 4545 2752 4596 et
2784 4545 2964 4596 Deum
3016 4539 3337 4594 arbitratur
3392 4553 3522 4592 esse
3578 4541 3709 4592 tan-

289 4630 402 4680 τῶν
437 4621 611 4679 ὄντων
642 4625 992 4696 ποιούμενος,
1025 4623 1086 4678 οὐ
1141 4622 1515 4699 λογιζόμενος,
1552 4627 1636 4682 ὅτι
1667 4629 1794 4703 ῥᾷόν
1836 4629 1944 4686 ἐστι

293 4713 513 4787 κοτύλῃ
578 4718 746 4788 μικρᾷ
795 4713 895 4781 τήν
944 4718 1116 4767 πᾶσαν
1166 4711 1432 4769 θάλασσαν
1500 4714 1851 4793 ἐκμετρῆσαι,
1910 4717 1947 4788 ἤ

291 4809 375 4875 τῷ
435 4801 766 4876 ἀνθρωπίνῳ
823 4806 897 4872 νῷ
951 4806 1050 4867 τῆς
1113 4801 1316 4880 ἀφάτου
1378 4805 1797 4879 μεγαλειότητος
1854 4813 1951 4864 τοῦ

290 4889 432 4948 Θεοῦ
507 4887 950 4965 περιδράξασθαι,
1000 4890 1118 4960 εἰκῆ
1177 4893 1538 4969 φυσιούμενος
1592 4894 1681 4950 καὶ
1729 4895 1952 4974 ἐπαιρό-

297 5001 467 5053 μενος
493 4980 566 5051 τῇ
613 4979 934 5051 ματαιότητι
975 4983 1071 5034 τοῦ
1117 4980 1243 5042 νοὸς
1293 4981 1481 5048 αὐτοῦ,
1512 4982 1573 5038 οὗ
1619 4981 1835 5040 δύναται
1869 4985 1956 5042 λέ-

2059 4639 2207 4694 tum,
2241 4635 2526 4702 quantum
2560 4629 2685 4700 ipse
2717 4628 2940 4684 ratione
2987 4632 3294 4684 assecutus
3323 4630 3451 4682 est:
3485 4630 3544 4681 et
3593 4641 3710 4680 uno

2060 4722 2252 4790 verbo,
2278 4721 2376 4791 qui
2411 4718 2705 4790 propriam
2740 4722 3014 4784 mentem,
3040 4716 3442 4771 universorum
3475 4731 3712 4770 mensu-

2063 4828 2187 4868 ram
2241 4809 2468 4874 statuit,
2493 4825 2605 4862 non
2630 4805 2967 4878 intelligens
2999 4805 3227 4860 facilius
3257 4821 3385 4860 esse
3425 4808 3489 4858 ut
3538 4820 3717 4875 parva

2065 4899 2260 4958 cotula
2289 4903 2477 4954 totum
2507 4896 2868 4951 admetiatur
2897 4911 3080 4966 mare,
3112 4910 3290 4965 quam
3316 4897 3380 4949 ut
3395 4897 3589 4949 mente
3609 4894 3718 4950 hu-

2069 5006 2243 5044 mana
2272 4983 2721 5042 inenarrabilem
2749 4983 2848 5038 Dei
2888 4983 3252 5052 majestatem
3275 4980 3717 5052 complectatur,

296 5091 420 5144 γειν
471 5070 557 5124 τὸ.
614 5068 960 5137 Ἐπίστευσα,
1021 5065 1106 5122 διὸ
1163 5067 1427 5139 ἐλάλησα·
1481 5069 1668 5141 ἒπειδή
1723 5073 1852 5130 οὐδὲ
1893 5077 1943 5132 τε

2067 5078 2288 5132 frustra
2318 5074 2556 5129 inflatus
2588 5077 2646 5128 et
2673 5073 2744 5128 ob
2777 5071 2990 5128 mentis
3013 5087 3132 5126 suis
3162 5069 3479 5126 vanitatem
3503 5071 3716 5139 elatus,

291 5159 493 5237 ἐφεξῆς
541 5157 760 5232 ἐπάγειν
819 5157 974 5230 αὐτῷ
1031 5154 1272 5227 δυνατὸν,
1325 5159 1412 5227 τὸ,
1471 5159 1608 5235 Ἐγὼ
1640 5158 1697 5216 δὲ
1744 5163 1956 5220 ἐταπει-

294 5251 488 5318 νώθην
540 5243 770 5323 σφόδρον
829 5243 983 5322 τύφῳ
1018 5247 1118 5323 γὰρ
1175 5245 1264 5302 καὶ
1324 5245 1612 5322 ἀλαζονείᾳ
1667 5256 1823 5326 συζῇ,
1868 5254 1958 5309 καὶ

2071 5183 2185 5221 non
2217 5168 2408 5235 potest
2437 5163 2628 5218 dicere
2659 5160 2800 5216 illud
2839 5177 2852 5216 :
2888 5159 3119 5216 Credidi
3145 5167 3372 5231 propter
3390 5159 3530 5231 quod
3576 5161 3721 5215 locu-

2073 5266 2160 5313 tus
2190 5272 2308 5310 sum
2335 5272 2348 5322 ;
2375 5270 2508 5308 cum
2543 5251 2691 5307 neid
2725 5250 2961 5320 quidem
2997 5251 3150 5324 quod
3196 5250 3486 5322 sequitur,
3534 5249 3722 5320 possit

377 5393 425 5428 εε
457 5391 632 5449 Hebr,
668 5408 748 5459 χι,
777 5391 835 5446 6.
911 5392 956 5426 ετ
991 5391 1133 5446 ibid.
1171 5393 1221 5449 1.
1297 5393 1341 5427 ’⁸
1367 5393 1520 5449 Psal.
1555 5411 1704 5465 cxrv,
1733 5398 1787 5451 9.
1866 5398 1943 5456 "l

2057 5398 2147 5471 Lip.
2185 5415 2265 5468 Ill,
2293 5398 2380 5452 13.

379 5528 522 5608 (21ft
546 5527 818 5608 _8ic_mss.
853 5528 1127 5608 quatuor.
1159 5524 1298 5608 C_olb
1345 5531 1632 5602 .quartus,
1667 5528 1811 5601 ἑξῆς.
1843 5532 1943 5590 Edi

2057 5531 2111 5587 τὸ
2143 5529 2351 5608 ἐφεξῆς.

387 5595 505 5669 (92)
538 5599 701 5655 Colb.
735 5595 1007 5670 quartus,
1041 5595 1365 5660 ὑποθέσεων.

635 5727 904 5787 ΡΑτιιῡῑ.
952 5725 1062 5786 Gn.
1108 5725 1294 5787 XXX.
