4108 6214
424 345 544 407 107

1359 343 1758 406 APPENDIX
1803 344 2136 407 OPEBUM
2181 346 2247 407 S.
2293 346 2577 409 BASILII
2623 349 2900 411 MAGNI.

3725 349 3845 411 108

425 478 799 551 subjungere,
833 475 1141 546 Egoautem
1181 473 1515 530 humiliatus
1570 491 1692 530 sum
1755 475 1949 531 nimis.
2009 479 2072 530 In

2195 471 2464 541 διακένοις
2512 476 2752 554 ῥήμασιν
2805 476 3201 557 ὲπαγάλλεται,
3247 479 3310 534 τὸ
3358 479 3417 535 ἐκ
3465 485 3566 551 τῆς
3614 478 3852 542 πίστεως

427 570 578 623 fastu
610 566 764 622 enim
800 568 857 620 et
885 564 944 618 in
977 565 1254 636 superbia
1305 564 1483 619 vitam
1544 564 1728 636 degit.
1767 565 2079 634 verbisque

428 656 703 712 inanibus
741 654 1014 720 exsultat,
1047 653 1410 709 intereadum
1447 653 1579 708 ﬁdei
1620 654 1802 709 robur
1856 670 2078 724 nequa-

429 763 602 818 quam
636 744 916 817 possidet.
951 742 1170 798 Deinde
1201 760 1314 798 non
1351 742 1627 814 deprimit
1647 742 1838 797 solum
1873 745 2082 797 semet-

431 837 648 908 ipsum,
683 833 784 888 sed
811 833 988 888 etiam
1019 846 1192 888 omne
1222 831 1400 886 simul
1429 831 1737 886 hominum
1763 847 1950 903 genus
1965 829 2079 887 sibi

433 929 711 996 agnatum
745 938 810 976 ac
842 925 1066 976 naturae
1088 920 1333 975 socium.
1393 923 1572 974 Vens.
1615 921 1670 974 2.
1728 922 1841 992 Ego
1899 920 2078 984 enim,

430 1012 642 1084 inquit,
676 1011 805 1066 αἱ.τὶ
825 1012 885 1065 in
913 1025 1133 1065 excessu
1164 1025 1320 1071 meo;
1362 1008 1554 1064 Omnis
1602 1009 1762 1064 homo
1817 1008 2076 1064 mendax.

431 1101 616 1164 Quare
647 1099 745 1170 qui
777 1098 888 1154 fide
921 1115 1033 1153 non
1069 1098 1326 1169 adjutus,
1352 1098 1451 1152 sed
1506 1114 1574 1152 ex
1626 1114 1688 1152 se
1747 1112 2079 1153 sermonem

432 1205 747 1263 aggressus
775 1192 884 1259 est,
918 1191 1119 1260 utpote
1140 1187 1432 1243 industria
1459 1187 1717 1243 humana
1766 1189 1837 1243 ad
1875 1189 2080 1243 verita-

431 1283 548 1336 tem
597 1276 1206 1350 comprehendendam
1264 1277 1585 1345 confidens,
1647 1267 1897 1332 mendax
1945 1278 2077 1343 est;

427 1367 642 1441 quippe
673 1367 772 1438 qui
793 1364 1046 1421 multum
1080 1382 1113 1419 a
1141 1366 1387 1421 veritate
1419 1365 1672 1421 aberret.

500 1456 653 1512 873
674 1454 1030 1525 3.;Caaterum
1054 1453 1134 1508 ait
1163 1453 1378 1510 dixisse
1401 1470 1463 1507 se
1488 1454 1644 1509 hunc
1673 1471 2001 1509 sermonem
2019 1455 2078 1512 in

429 1560 691 1602 excessu.
726 1541 866 1606 Quis
897 1546 1092 1597 autem
1140 1547 1229 1597 est
1259 1543 1351 1597 hic
1387 1542 1711 1598 excessus?
1757 1543 1884 1598 Sive
1942 1544 2079 1615 quia

429 1636 821 1706 undecunque
850 1632 1172 1686 humanam
1206 1636 1474 1688 naturam
1513 1633 1971 1704 consideraram,
2023 1641 2080 1689 et

431 1724 691 1782 nuncubi
726 1723 880 1778 inter
921 1722 1187 1778 homines
1235 1721 1432 1794 aliqua
1484 1729 1638 1779 esset
1678 1723 1892 1779 veritas
1953 1741 2077 1796 per-

2192 563 2405 640 ἴσχυον,
2463 567 2540 640 μὴ
2597 571 2957 642 κεκτημένος.
3018 570 3146 624 Εἶτα
3199 569 3308 645 οὐχ
3362 567 3548 625 ἑαυτὸν
3596 575 3848 625 ταπεινοῖ

2194 651 2375 728 μόνον,
2410 653 2556 711 ἀλλὰ
2584 657 2670 711 καὶ
2702 662 2876 712 πᾶσαν
2937 659 3078 731 ὁμοῦ
3123 659 3224 727 τὴν
3273 665 3498 734 συγγενῆ
3546 659 3720 731 ἑαυτῷ
3745 659 3839 713 καὶ

2187 747 2447 800 κοινωνὸν
2501 747 2600 815 τῆς
2650 745 2860 825 φύσεως
2911 747 3325 824 ἀνθρωπότητα.
3374 748 3518 822 Ἐγὼ
3555 747 3655 825 γὰρ
3691 748 3834 817 εἶπα,

2190 835 2373 911 φησὶν.
2406 834 2459 889 ἐν
2515 838 2582 908 τῇ
2632 835 2871 890 ἐκστάσει
2934 857 3058 910 μου.
3119 838 3230 898 Ha:
3253 833 3537 913 ἅνθρωπος
3569 836 3835 913 ψεύστης-

2187 924 2347 978 Ὤστε
2395 924 2422 978 ὁ
2483 925 2557 998 μὴ
2618 923 2678 978 ἐκ
2707 925 2942 988 πίστεως
3000 925 3400 1001 βοηθούμενος,
3457 926 3581 982 ἀλλ’
3631 924 3842 990 οἷ’κοθιν

2190 1011 2275 1067 ἐπὶ
2306 1014 2394 1067 τὸν
2429 1012 2594 1090 λόγον
2623 1013 2928 1089 ἐρχόμενος
2971 1016 3136 1087 (92’),
3168 1020 3286 1077 ταῖς
3339 1014 3702 1090 ἀνθρωπίναις
3734 1035 3840 1069 πα-

2191 1108 2474 1178 ρασκευαῖς
2505 1103 2641 1178 πρὸς
2669 1105 2766 1172 τὴν
2813 1103 3120 1178 κατάληψιν
3161 1111 3261 1174 τῆς
3314 1102 3573 1175 ἀληθείας
3604 1104 3844 1182 θαρῥῷν,

2190 1191 2424 1267 ψεύστης
2458 1191 2592 1264 ἐστὶ,
2625 1191 2916 1269 παραπολὺ
2946 1199 3046 1263 τῆς
3078 1193 3335 1265 ἀληθείας
3365 1192 3660 1249 ἐκπίπτων.

2258 1464 2311 1518 3.
2345 1457 2546 1516 Τοῦτον
2578 1455 2633 1513 δὲ
2665 1480 2826 1537 φησιν
2860 1458 3136 1536 εἷρηκὲναι
3168 1461 3259 1528 τὸν
3283 1459 3448 1537 λόγον
3473 1459 3525 1516 ἐν
3552 1459 3621 1532 τῇ
3651 1459 3841 1518 ἐκστά-

2189 1549 2406 1610 σει.Τίς
2449 1546 2506 1604 δέ
2536 1547 2672 1603 ἐστιν
2731 1551 2764 1619 ἡ
2813 1547 3091 1620 ἔκστασις;
3148 1557 3303 1606 Ἤτοι
3363 1549 3445 1604 ὅτι
3501 1545 3839 1625 περιϐλεψά-

2192 1658 2346 1712 μενος
2388 1637 2487 1705 τῆν
2540 1637 2884 1712 ἀνθρωπίνην
2943 1636 3126 1710 φύσιν,
3184 1637 3276 1692 καὶ
3327 1634 3834 1713 διερευνησάμενος,

2189 1724 2243 1781 εἷ’
2291 1725 2396 1781 πού
2453 1726 2537 1787 τίς
2592 1723 2734 1780 ἐστιν
2791 1725 2843 1780 ἰν
2897 1727 3206 1801 ἀνθρώποις
3267 1726 3517 1799 ἀλήθεια,
3575 1725 3843 1801 μηδαμοῦ

430 1817 728 1870 scrutatus
771 1828 954 1879 eram,
986 1827 1122 1866 cum
1181 1816 1378 1866 tamen
1437 1812 1584 1867 citra
1641 1812 1738 1868 Dei
1789 1812 2074 1868 auxilium

2187 1813 2384 1885 ταύτην
2448 1814 2628 1892 εὑφεῖν
2696 1811 2942 1886 δυνηθείς
2996 1813 3118 1870 ἄνευ
3189 1822 3289 1886 τῆς
3336 1817 3484 1891 παρᾶ
3548 1820 3646 1871 τοῦ
3703 1822 3841 1872 Θεοῦ

430 1920 721 1975 nusquam
753 1901 1158 1958 eaminvenire
1190 1918 1445 1974 possem,
1474 1902 1759 1959 attonitus
1795 1903 1980 1958 factus
2003 1904 2076 1959 ob

429 2011 551 2051 rem
581 1990 1341 2065 inopinatam,cxclamavi:
1377 1992 1566 2048 Omnis
1622 1991 1778 2046 homo
1817 1991 2074 2048 mendax.

333 2154 339 2158 _
428 2084 555 2139 Sive
587 2083 644 2138 in
678 2098 915 2137 excessu
950 2079 1048 2136 illo
1079 2097 1251 2152 quem
1283 2096 1477 2136 coram
1510 2081 1748 2135 Anchus
1799 2081 2075 2147 conﬁnxi,

429 2169 785 2229 comitialem
820 2170 1090 2226 morbum
1120 2169 1532 2242 insaniamque
1556 2169 1884 2225 simulans:
1915 2175 2073 2242 post-

425 2279 604 2334 quam
635 2259 892 2316 intellexi
926 2276 1018 2314 me
1037 2275 1104 2314 eo
1135 2259 1438 2315 devenisse
1462 2260 1768 2331 angustiae,
1805 2263 1868 2314 ut
1899 2258 2074 2314 decli-

427 2350 606 2408 nandi
637 2348 876 2423 periculi
895 2349 964 2403 ab
979 2348 1653 2420 hostibusimpendentis
1673 2365 1850 2404 causa
1871 2352 2075 2403 contra

429 2455 619 2496 meam
653 2437 841 2509 ipsius
869 2437 1289 2493 conscientiam
1324 2437 1622 2504 mentirer,
1657 2440 1714 2492 et
1773 2453 1898 2508 quae
1955 2453 2072 2492 non

428 2531 625 2585 essent
654 2528 969 2600 ﬁngerem:
1005 2531 1148 2581 tunc
1181 2526 1336 2582 dixi:
1373 2525 1563 2582 Omnis
1603 2527 1764 2581 homo
1810 2525 2070 2597 mendax,

428 2618 536 2674 etsi
565 2621 757 2672 tamen
783 2633 896 2672 non
921 2632 988 2670 ex
1019 2614 1534 2688 proposito,neque
1559 2615 1617 2669 in
1651 2614 2073 2670 detrimentum

428 2705 849 2779 proximorum,
884 2704 983 2760 sed
1016 2703 1255 2760 omnino
1287 2703 1360 2759 ob
1383 2702 1753 2759 calamitosas
1787 2704 2073 2774 quasdam

429 2812 639 2853 causas
671 2795 740 2852 ad
767 2793 1138 2850 mendacium
1155 2792 1408 2864 confugi.
1431 2792 1597 2864 Atqui
1613 2791 1937 2865 pugnantia
1958 2809 2074 2847 non

429 2886 692 2959 loquitur
711 2883 1014 2956 Propheta,
1049 2882 1129 2937 uti
1164 2881 1430 2938 nonnulli
1462 2881 1737 2954 sophistae
1761 2881 1955 2953 ipsum
1982 2897 2076 2936 co-

429 2991 671 3049 arguere
702 2976 1008 3042 conantur,
1031 2972 1174 3026 dum
1203 2972 1406 3028 dicunt
1433 2971 1493 3026 in
1527 2969 1890 3027 circuitionis
1945 2987 2076 3042 pro-

429 3066 600 3121 brum
637 3063 982 3136 Prophetam
1006 3061 1306 3117 incidisse.
1349 3061 1408 3116 Si
1444 3060 1601 3115 enim
1652 3060 1844 3115 omnis
1902 3059 2077 3115 homo

432 3153 888 3220 mendax,David
922 3155 1117 3207 autem
1147 3151 1224 3206 sit
1244 3166 1471 3223 quoque
1494 3149 1704 3216 homo;
1737 3148 2076 3220 eratutique

429 3243 630 3315 etipse
661 3241 947 3307 mendax;
995 3241 1041 3294 si
1090 3256 1221 3294 vero
1272 3239 1542 3308 mendax,
1591 3242 1648 3292 et
1686 3237 1743 3292 in
1803 3239 1896 3292 his
1946 3255 2075 3310 quae

430 3331 685 3386 afﬁrmat
713 3329 857 3384 ﬁdes
893 3327 1354 3383 adhibendanon
1387 3327 1662 3391 est.Quod
1696 3326 1743 3381 si
1777 3325 2074 3382 hicsermo

429 3436 599 3476 verus
618 3435 733 3474 non
765 3420 872 3486 est,
906 3421 1083 3488 atque
1115 3416 1290 3471 homo
1321 3416 1513 3472 omnis
1547 3432 1659 3470 non
1685 3420 1774 3471 est
1804 3416 2075 3484 mendax,

433 3509 707 3566 Davidem
739 3508 914 3564 etiam
952 3505 1236 3561 mendacii
1269 3504 1512 3561 crimine
1542 3503 1927 3560 absolvemus
1973 3504 2078 3561 Ve-

435 3613 568 3655 rum
594 3597 644 3653 si
676 3613 790 3652 non
823 3595 1125 3662 mentitur,
1151 3594 1460 3650 credamus
1510 3593 1622 3665 ipsi
1667 3593 1723 3648 in
1777 3593 1896 3649 illis
1950 3611 2074 3666 quas

435 3688 708 3745 enuntiat
729 3705 748 3744 :
766 3687 1068 3742 credentes
1097 3700 1229 3740 vero
1263 3701 1468 3740 rursus
1488 3699 1764 3755 cogemur
1809 3700 1923 3739 non
1957 3701 2078 3740 cre-

435 3781 591 3836 dere.
619 3781 807 3845 Quare
838 3776 887 3832 si
917 3790 1117 3831 verum
1141 3773 1292 3829 dicat
1326 3773 1713 3842 David,solvit
1741 3789 2074 3830 sermonem

433 3872 704 3938 suum,ut
735 3865 836 3940 qui
865 3870 922 3921 et
943 3864 1118 3920 homo
1148 3863 1305 3930 sit,et
1325 3879 1439 3918 non
1473 3861 1825 3918 mentiatur:
1851 3867 2074 3934 contra,

330 3979 331 3982 ‘
433 3960 480 4018 si
505 3958 811 4027 mentitur,
844 3972 914 4012 ex
943 3971 1004 4010 se
1035 3953 1213 4010 habet
1243 3953 1396 4008 unde
1419 3951 1595 4008 ﬁdem
1629 3950 1852 4008 nullam
1914 3953 2074 4009 inve-

430 4049 573 4106 niat.
607 4048 746 4112 Quis
777 4046 935 4102 enim
994 4043 1254 4100 attendet
1289 4041 1642 4098 mentienti?
1696 4042 1882 4106 Quare
1939 4059 2073 4098 cum

426 4137 608 4196 semel
640 4135 1035 4210 pronuntiarit
1063 4149 1298 4188 omnem
1329 4131 1630 4187 hominem
1664 4147 1792 4186 esse
1832 4133 2072 4187 menda-

426 4224 903 4293 cem,mentiatnr
920 4222 1094 4277 David
1120 4229 1179 4277 ut
1205 4238 1379 4276 suum
1395 4220 1705 4276 conﬁrmet
1718 4236 2069 4277 sermonem:

426 4318 529 4370 aut
560 4312 610 4368 si
637 4329 844 4369 verum
874 4312 1000 4383 ipse
1031 4309 1192 4374 dicit,
1225 4305 1494 4364 dissolvit
1541 4307 1949 4363 assertionem.
2001 4311 2074 4365 At

2190 1903 2468 1980 βοηθείας,
2500 1897 2774 1976 ἕκθαμϐος
2805 1904 3097 1978 γενόμενος
3155 1902 3240 1959 ἐπὶ
3291 1908 3372 1978 τῷ
3420 1901 3710 1978 παραδόξῳ
3738 1903 3840 1960 τοῦ

2185 1993 2524 2068 πράγματος,
2585 1985 2843 2062 ἐξεϐόησα
2903 1995 3032 2066 (93),
3065 1990 3147 2048 δτι
3208 1995 3322 2055 Πᾶς
3381 1991 3666 2070 ἅνθρωπος
3715 1993 3847 2068 ψεύ-

2186 2101 2336 2152 σνης·
2374 2088 2407 2150 ἧ
2442 2080 2492 2134 ἐν
2548 2083 2618 2155 τῇ
2675 2079 2913 2136 ἐκστάσει
2975 2080 3176 2157 ἐκείνῃ,
3234 2087 3303 2148 ἦν
3351 2084 3843 2158 κατεσχηματισά-

2187 2193 2294 2244 μην
2351 2169 2437 2225 ἐπὶ
2496 2174 2591 2224 τοῦ
2674 2171 2928 2246 Ἀγχοὺς,
2992 2171 3288 2247 ἐπιληψίαν
3361 2171 3451 2227 καὶ
3515 2173 3835 2251 παραφορὰν

2186 2259 2612 2335 ὑποκρινάμενος
2646 2262 2804 2333 (93'),
2837 2258 3174 2331 ἐπειδῆείδον
3223 2260 3300 2324 εἷς
3334 2260 3569 2338 ἀνάγκην
3605 2257 3836 2318 ἐλθόντα

2183 2347 2412 2423 ἐμαυτὸν
2471 2353 2567 2403 τοῦ
2625 2351 3053 2422 καταψεύσασθαι
3130 2350 3391 2423 ἐμαυτοῦ,
3447 2350 3537 2405 καὶ
3595 2348 3838 2405 ἀναπλά-

2182 2449 2371 2502 σασθαι
2428 2437 2494 2491 τὰ
2545 2439 2620 2511 μη
2683 2434 2830 2510 ὄντα,
2866 2439 2998 2515 ὑπὲρ
3044 2443 3141 2494 τοῦ
3190 2439 3279 2494 τὸν
3339 2439 3446 2494 ἀπὸ
3502 2443 3614 2494 τῶν
3660 2438 3833 2494 πολε-

2185 2526 2321 2602 μίων
2353 2523 2595 2582 κίνδυνον
2629 2526 2895 2605 ἐκφυγεῖν,
2947 2526 3068 2583 τότε
3111 2528 3281 2598 εἶπον,
3332 2526 3415 2584 ὅτι
3463 2533 3574 2591 Πᾶς
3621 2527 3831 2605 ἄνθρω-

2181 2638 2282 2678 πος
2339 2615 2592 2691 ψεύστης·
2649 2616 2744 2670 κᾶν
2825 2617 2900 2690 μὴ
2958 2619 3095 2672 κατά
3150 2617 3487 2694 προαίρεσιν,
3549 2614 3678 2690 μηδ’
3737 2618 3826 2674 ἐπὶ

2183 2709 2331 2776 κακῷ
2359 2708 2465 2758 τῶν
2515 2702 2775 2774 πλησίον,
2808 2703 2953 2760 ἀλλὰ
2985 2706 3198 2767 πάντως
3256 2702 3344 2760 διά
3393 2725 3540 2769 τινας
3567 2725 3832 2780 περιστα-

2182 2794 2333 2856 τικὰς
2358 2792 2531 2854 αἰτίας
2589 2791 2933 2870 καταφεύγων
2991 2792 3076 2848 ἐπὶ
3106 2793 3170 2849 τὸ
3227 2791 3512 2868 ψεύδεσθαι
3561 2796 3692 2868 (94).
3745 2795 3829 2852 Οὔ

2190 2883 2294 2958 μὴν
2328 2882 2501 2954 ἑαυτῷ
2529 2880 2839 2956 περιπίπτει
2887 2883 3022 2936 κατᾶ
3075 2883 3170 2937 τὸν
3221 2879 3418 2958 λόγουν
3461 2884 3833 2962 όΠροφήτης,

2187 2971 2365 3046 ὥσπερ
2396 2971 2539 3035 τινὶς
2582 2975 2688 3025 τῶν
2746 2975 3072 3048 σοφιστικῶν
3129 2969 3498 3048 ἐπιχειροῦσιν
3531 2972 3692 3026 αὐτὸν
3744 2969 3836 3026 δι-

2187 3059 2459 3136 ελξγχειν,
2505 3064 2586 3132 τῷ
2634 3059 2769 3114 κατᾶ
2825 3060 3160 3136 περιτροπήν
3219 3057 3435 3135 ἐλέγχῳ
3477 3059 3837 3131 ἐμπεπτωκὲ-

2187 3171 2274 3204 ναι
2307 3151 2445 3223 (94⁸)
2476 3148 2724 3223 λέγοντες
2753 3149 2846 3204 τὸν
2895 3152 3211 3227 Προφήτην.
3263 3149 3327 3203 Εἰ
3356 3150 3457 3226 γὰρ
3489 3154 3592 3214 πᾶς
3620 3147 3838 3224 ἅνθρω-

2187 3260 2287 3300 πος
2319 3237 2574 3312 ψεύστης,
2625 3237 2911 3312 ἅνθρωπος
2961 3235 3018 3292 δὶ
3064 3237 3152 3292 καὶ
3187 3238 3214 3292 ὁ
3273 3233 3458 3292 Δαϐίδ’
3494 3237 3728 3312 ψεύστης
3760 3238 3834 3307 ἦν

2183 3327 2271 3382 καὶ
2297 3327 2459 3388 αὐτὸς
2492 3323 2770 3396 δηλονότι·
2805 3325 2854 3380 εἷ’
2904 3325 2961 3380 δὶ
3007 3326 3265 3400 ψεύστης,
3299 3326 3365 3380 οὗ
3397 3325 3706 3382 πιπευτὲον
3737 3326 3834 3381 αύ-

2182 3421 2261 3490 τῷ
2291 3415 2412 3492 περὶ
2445 3417 2517 3470 ὧν
2576 3415 2946 3490 ἀποφαίνεται.
3001 3417 3094 3485 Μὴ
3155 3411 3311 3478 ὄντος
3352 3413 3408 3471 δὲ
3467 3415 3704 3486 ἀληθοῦς
3732 3419 3834 3470 τοῦ

2185 3504 2352 3579 λόγου
2378 3504 2595 3577 τούτου,
2632 3501 2772 3578 μηδὲ
2818 3500 2971 3566 ὄντος
3016 3506 3216 3566 παντὸς
3258 3504 3545 3581 ἀνθρώπου
3575 3503 3832 3578 ψεύστου,

2184 3592 2463 3672 ἀφήσομεν
2491 3592 2578 3647 καὶ
2610 3593 2700 3647 τὸν
2742 3587 2908 3646 Δαϐὶδ
2959 3599 3062 3664 τῆς
3090 3597 3187 3648 τοῦ
3229 3590 3460 3668 ψεύδους
3486 3591 3659 3654 αἰτίας
3689 3594 3830 3666 (95).

2186 3681 2254 3740 Εἴ
2284 3680 2341 3737 δὲ
2388 3683 2452 3737 οὐ
2503 3679 2774 3756 ψευδεται,
2824 3682 3196 3755 πιστεύσωμεν
3247 3680 3393 3755 αύτῷ
3424 3681 3545 3758 περὶ
3586 3683 3660 3735 ὧν
3693 3680 3835 3737 ἀπο-

2186 3771 2445 3850 φαίνεται·
2480 3770 2819 3832 πιστεύοντες
2852 3768 2930 3841 δὶ,
2979 3769 3143 3825 πάλιν
3191 3769 3268 3833 εἲς
3316 3772 3416 3841 τὴν
3460 3775 3557 3825 τοῦ
3588 3771 3832 3825 ἀπιστεῖν

2184 3861 2422 3934 ἀνάγκην
2481 3860 2986 3936 περιαχθησόμεθα.
3066 3862 3228 3915 ’Ὡστι
3281 3859 3326 3916 εἰ
3413 3861 3508 3933 μὶν
3575 3857 3832 3932 ἀληθεύει

2185 3946 2373 4018 Δαῧὶδ,
2401 3948 2518 4006 λύει
2543 3950 2636 4004 τὸν
2669 3949 2859 4003 ἑαυτοῦ
2913 3947 3100 4024 λόγον,
3160 3948 3251 4004 καὶ
3305 3950 3592 4022 ἄνθρωπος
3622 3946 3714 4021 ὢν,
3741 3949 3837 4003 καὶ

2187 4041 2263 4114 μὴ
2298 4036 2647 4114 ψευδόμενος·
2695 4037 2739 4092 εἰ
2792 4035 2848 4093 δὶ
2894 4035 3167 4113 ψεύδεται,
3227 4037 3446 4102 αὐτόθεν
3501 4033 3617 4114 ἔχει
3649 4039 3709 4092 τὸ
3753 4040 3834 4111 μὴ

2183 4129 2540 4193 πιστεύεσθαι·
2595 4127 2678 4188 τίς
2727 4127 2828 4204 γὰρ
2878 4128 3121 4203 προσέξει
3181 4125 3640 4203 ψευδολογοῦντι;
3675 4128 3839 4183 Ὥστε

2181 4216 2368 4289 ἐπειδὴ
2420 4217 2556 4288 ἅπαξ
2610 4216 2917 4294 ἀπεφήνατο
2972 4219 3146 4272 πάντα
3193 4215 3478 4292 ἄνθρωπον
3531 4216 3662 4271 εῖναι
3701 4216 3836 4290 ψεύ-

2181 4329 2330 4378 στην,
2363 4304 2640 4382 ψευδέσθω
2684 4301 2872 4376 Δαϐἱδ,
2925 4303 3014 4360 ’ἶνα
3043 4306 3134 4360 τὸν
3186 4305 3348 4381 λόγον
3399 4307 3756 4376 πιστώσηταιο
3793 4308 3835 4377 ἢ

426 4403 549 4458 haec
583 4402 822 4473 quidem
853 4398 1286 4456 ludiﬁcantium
1319 4403 1480 4467 sunt,
1506 4401 1561 4452 et
1581 4397 1912 4468 eorum,qui
1945 4415 2072 4453 ver-

424 4493 634 4547 borum
666 4487 924 4560 strophis
956 4504 1020 4542 ac
1049 4485 1323 4542 versutiis
1353 4484 1718 4542 oblectantur
1747 4501 1940 4541 coram
1963 4486 2070 4541 im-

423 4580 629 4654 peritis
654 4595 666 4636 :
689 4579 902 4636 veritas
933 4593 1065 4633 vero
1097 4575 1225 4648 ipsa
1257 4591 1631 4648 nequaquam
1665 4575 1747 4630 sic
1778 4591 1840 4630 se
1870 4575 2066 4632 habet.

2187 4572 2638 4649 ἑπαγαλλομὲνων
2696 4573 2833 4649 πρὸς
2891 4571 3016 4635 τοὺς
3074 4572 3327 4649 ἀπείρους
3409 4573 3467 4628 τὸ
3517 4570 3574 4628 δὲ
3618 4570 3830 4643 ἀληθὲς

422 4669 706 4726 Dicuntur
737 4668 1030 4740 siquidem
1060 4665 1354 4732 homines,
1405 4665 1502 4737 qui
1549 4664 1827 4721 humanis
1879 4665 2072 4722 adhuc

2187 4663 2287 4740 οὐχ
2320 4663 2493 4725 οὕτως
2519 4657 2658 4738 ἔχει.
2707 4663 3020 4717 ’Άνθθωποι
3073 4662 3174 4738 γὰρ
3207 4661 3463 4738 λὶγονται
3515 4663 3567 4715 οἱ
3595 4666 3711 4724 τοῖς
3739 4659 3836 4714 ἀνι

419 4760 725 4816 ail'ectibus
747 4757 1138 4813 distinentur:
1168 4756 1264 4812 sed
1285 4755 1380 4826 qui
1405 4754 1632 4810 carneis
1665 4754 2071 4811 affectionibus

2187 4753 2473 4828 θριυπίνοις
2505 4750 2584 4806 ἔτι
2633 4753 2915 4824 παθήμασι
2964 4750 3347 4827 κατεχόμενοι·
3391 4751 3419 4805 ὁ
3471 4747 3528 4805 δὲ
3557 4747 3833 4824 ὑψηλότε-

410 4851 536 4920 jam
551 4846 1111 4904 sublimioreifectus
1125 4850 1294 4914 esl,et
1312 4861 1410 4915 per
1424 4843 1640 4898 mentis
1655 4843 2065 4914 perfectionem

2187 4864 2270 4905 οος
2317 4840 2426 4912 ἢδη
2485 4845 2593 4896 τῶν
2647 4845 2917 4914 σαρκικῶν
2978 4840 3312 4913 παθημάτων
3368 4839 3684 4915 γενόμενος,
3735 4839 3828 4894 καὶ

417 4937 487 4993 ad
521 4941 738 4993 statum
770 4935 1003 4991 transiit
1032 4933 1399 5006 angelorum,
1433 4932 1530 4987 hic
1584 4949 1718 4987 cum
1770 4933 1840 4988 de
1890 4934 2067 4990 rebus

2187 4931 2265 4988 5ιά
2291 4933 2390 5000 τήν
2443 4935 2541 4986 τοῦ
2583 4934 2680 4985 νοῦ
2735 4928 3017 4984 τελείωσιν
3077 4931 3214 5004 πρὸς
3271 4932 3371 4999 τὴν
3424 4950 3533 4984 των
3583 4927 3834 5004 ἀγγέλων

414 5026 692 5083 humanis
724 5026 1003 5097 loquitur,
1025 5042 1056 5079 a
1079 5023 1302 5080 caeteris
1327 5022 1530 5094 utique
1551 5038 1612 5078 se
1641 5023 1766 5094 ipse
1790 5024 2060 5080 secernit.

2187 5023 2491 5078 ιατάστασιν
2540 5017 2812 5094 μετελθὼν
2864 5020 3020 5092 (96⁶),
3067 5018 3226 5081 οὗτος
3257 5017 3383 5074 ὅταν
3441 5020 3567 5094 περὶ
3607 5022 3712 5073 τῶν
3746 5017 3835 5072 ἀνι

2179 4395 2462 4467 ἀληθεύων
2490 4395 2668 4465 αὐτὸς,
2703 4393 2973 4470 παρέλυσε
2998 4396 3097 4465 τήν
3130 4395 3419 4468 ἀπόφασιν.
3453 4393 3627 4452 Ἀλλὰ
3664 4398 3837 4450 ταῦτα

2184 4487 2276 4559 μὶν
2311 4485 2612 4555 παιζόντων
2666 4484 2797 4556 ἰστὶ,
2855 4483 2945 4538 καὶ
3004 4489 3122 4547 ταῖς
3179 4489 3287 4539 τῶν
3337 4483 3518 4560 λόγων
3569 4489 3834 4562 στροφαῖς

483 5246 594 5320 (92)
619 5245 832 5320 Nostra
859 5242 1038 5320 editio
1057 5241 1243 5320 Raris.
1271 5256 1341 5320 ex
1370 5239 1871 5320 typographorum
1907 5242 2057 5298 osci-
2171 5239 2594 5320 Combetisius:
2628 5254 2780 5310 quas
2809 5235 2910 5309 qui
2949 5235 3164 5293 curiosi
3226 5242 3386 5309 sunt,
3434 5237 3626 5311 legere
3671 5241 3836 5310 pote-

411 5311 600 5374 taﬁtié
629 5335 730 5389 pro
754 5313 1048 5390 ἐρχόμενος
1080 5315 1254 5390 habet
1283 5311 1667 5390 ἀρχδμενξὶςιζ.
1883 5384 1896 5390 -

2187 5316 2325 5390 'unt:

481 5390 592 5462 (93)
623 5376 709 5445 ita
739 5376 962 5460 septem
986 5403 1129 5442 mss.
1176 5388 1249 5440 At
1297 5376 1460 5454 editi",
1521 5376 1792 5454 ἆξεϐόησι,
1847 5384 2053 5440 clama-

2235 5381 2873 5462 (gl/illtegz-secupdus,
2897 5377 3215 5462 ψεύσασθαι.

481 5424 592 5462 \Uu,
623 5424 709 5445 ινα.
739 5424 962 5460 Dur-you:
986 5424 1129 5442 uiuo.
1176 5424 1249 5440 ιιυ
1298 5424 1460 5454 νυιινι,
1521 5424 1792 5454 νῆυννιινσ,
1847 5424 2050 5440 υνυυινισί

405 5464 505 5518 vit.

2235 5424 2375 5526 294‘)
2407 5424 2647 5508 Cd’dices
2675 5454 2811 5517 duo,
2855 5424 3256 5506 ξκῖπεπτωκὲναι

480 5504 567 5602 ίθΒ
599 5535 614 5602 )
645 5530 739 5586 Sic
769 5527 945 5585 editio
971 5527 1148 5584 Basil.
1182 5543 1313 5602 cum
1357 5526 1618 5602 quinque
1649 5541 1793 5580 mss.
1827 5528 1899 5580 At
1927 5526 2051 5581 edi-

2197 5504 2969 5602 _295)'n3giisacaaatsa
3010 5504 3231 5590 senss;
3284 5523 3384 5593 τὴν
3433 5524 3532 5578 τοῦ
3588 5519 3826 5595 ψεύδους

405 5595 492 5661 tio
527 5595 715 5659 Paris.
750 5606 807 5657 et
848 5617 1000 5656 unus
1055 5602 1155 5655 aut
1210 5595 1550 5670 alter—ms.)
1595 5595 2045 5670 ὑποκρινομενος.

2187 5595 2356 5670 ιίτίαν.

403 5680 572 5733 Hunc
601 5676 796 5747 locum
826 5670 1067 5746 prolixis
1097 5671 1252 5728 notis
1281 5667 1647 5728 illustravere
1698 5664 1942 5727 D'ucte'us
1990 5675 2048 5728 et
2225 5669 2365 5743 (95‘)
2394 5667 2478 5725 Ita
2507 5683 2652 5726 mss.
2687 5676 2832 5725 octo.
2869 5666 3042 5739 Editi,
3075 5664 3336 5730 ἀνελθών.
