4108 6214
154 354 253 416 109

1299 342 1633 409 HOMILIA
1675 341 1754 405 IN
1799 341 2183 408 PSALMUM
2226 343 2406 408 CXV.

3440 343 3561 407 110

152 482 428 560 θρωπίνων
460 476 809 555 διαλίγηται,
856 477 1043 533 ἒαυτὸν
1094 475 1461 552 ὗπεξαιρεῖται
1508 477 1618 530 τῶν
1671 472 1791 529 λοι-

1923 474 2194 532 Mendacii
2225 475 2383 533 enim
2412 492 2617 549 expers
2646 480 2754 544 est,
2789 475 2889 548 qui
2913 475 3060 533 dixit
3087 493 3101 533 :
3133 476 3245 547 Ego
3264 474 3388 533 dixi
3416 492 3438 532 :
3461 477 3561 534 Di:
3658 511 3662 519 τ

150 579 244 629 πῶν
295 568 611 643 δηλονότι.
661 564 935 643 Ἀψευδὴς
976 567 1079 643 γάρ
1127 567 1156 621 ὁ
1210 565 1398 622 είπών·
1448 565 1593 641 Ἐγὼ
1647 563 1788 618 εἶπεν

152 666 253 720 Θεοί
318 660 471 730 ἐστι,
546 657 637 714 καὶ
701 657 814 712 υἱοὶ
885 654 1140 730 Ὑψίστου
1210 655 1423 719 πάντες
1508 653 1664 726 ὑμεῖς
1741 648 1799 707 δὶ

155 752 216 815 ὡς
239 749 529 826 ἅνθρωποι
588 748 977 817 ἆποθνήσκετε.
1034 743 1157 800 Θεοί
1213 742 1349 802 ἐστε.
1410 743 1632 805 Πάντως
1662 738 1719 797 δί
1750 739 1804 796 εἶ’

148 863 236 897 τινι
277 836 447 912 ἄλλῳ
495 840 631 911 (96),
675 835 767 891 καὶ
813 839 897 907 τῷ
934 828 1100 889 Δαϐὶδ
1130 835 1164 903 ὴ
1192 831 1419 903 τοιαύτη
1454 830 1799 907 προσηγορία

151 927 444 1002 πρέπουσα.
492 922 594 979 Καὶ
641 922 746 998 γᾶρ
794 922 886 977 καὶ
924 922 1040 985 υίὸς
1069 920 1343 995 Ὑψίστου,
1374 921 1403 975 ὁ
1435 919 1524 975 διὰ
1549 928 1650 991 τῆς
1680 922 1799 994 ἀρε-

150 1022 232 1085 τῆς
260 1016 626 1087 ᾠκειωμένος
654 1016 797 1083 Θεῷ,
826 1009 917 1065 καὶ
947 1009 1045 1065 οὐκ
1073 1009 1429 1080 ἀποθνήσκων
1462 1009 1537 1070 ὡς
1582 1006 1796 1085 ἄνθρω-

148 1125 255 1177 πος,
285 1099 449 1156 ἀλλὰ
479 1105 657 1170 ζῶντα
685 1097 833 1175 ἔχων
865 1096 917 1153 ἒν
950 1099 1123 1170 ἑαυτῴ
1149 1098 1240 1152 τὸν
1273 1097 1401 1152 Θεόν
1688 1096 1703 1107 ’

206 1195 253 1249 4.
300 1191 459 1267 Ἐγὼ
521 1188 615 1243 οὖν
666 1188 841 1256 εἶπον,
887 1185 1071 1265 φησὶν,
1144 1184 1196 1241 ἐν
1253 1189 1321 1260 τῇ
1378 1184 1618 1241 ἐκστάσει
1669 1203 1794 1258 μου·

151 1286 242 1343 lli;
305 1277 612 1354 ἅνθρωπος
679 1273 938 1351 ψεύστης.
1001 1274 1374 1331 Ἀκουέτωσαν
1453 1275 1505 1329 οἳ
1561 1278 1629 1348 τῇ
1701 1274 1797 1347 μὶν

151 1368 281 1443 σαρκὶ
340 1365 447 1422 διὰ
501 1371 613 1420 τῶν
673 1364 1012 1438 παθημάτων
1067 1364 1536 1442 συμπεφυρμένοι,
1593 1362 1685 1418 τὸν
1740 1361 1798 1417 δὲ

151 1461 250 1513 νοῦν
305 1457 530 1511 ἑαυτῶν
596 1451 980 1529 ὑπεραίροντας
1038 1456 1147 1507 τῶν
1228 1451 1645 1528 ὑπερκοσμίων⁶
1723 1452 1798 1506 ὦν

150 1546 252 1608 τοῦς
280 1542 611 1621 λογισμοὺς
636 1546 936 1617 καθαιρεῖν,
965 1540 1056 1596 καὶ
1108 1541 1171 1596 τὸ
1217 1541 1420 1615 ὕψωμα
1446 1548 1545 1611 τῆς
1576 1536 1799 1615 καρδίας

151 1634 296 1689 αὗτῶν
339 1640 458 1704 τῆς
528 1632 1003 1706 κατεπαιρομὲνης
1058 1634 1155 1685 τοῦ
1207 1635 1362 1699 Θεοῦ,
1422 1630 1604 1692 κοινὸς
1659 1626 1797 1685 ἔστω

153 1725 329 1786 σκοπὸς
392 1728 536 1777 πᾶσι
590 1724 709 1782 τοῖς
760 1720 1236 1792 ἀντιποιουμένοις
1273 1725 1374 1789 τῆς
1406 1713 1694 1781 εὐσεϐείας.
1727 1716 1797 1775 Τί

1905 566 2059 632 estis,
2091 570 2141 621 el
2188 566 2301 637 ﬁlii
2342 566 2616 621 Altissimi
2660 581 2844 621 omnes
2901 581 2992 621 vos
3045 568 3228 621 autem
3265 565 3408 621 sicut
3461 563 3560 621 ho-

1906 659 2085 711 mines
2104 656 2429 711 moriemini
2446 655 2511 709 ³⁰.
2544 655 2635 709 Dii
2672 657 2823 710 estis.
2850 653 3101 710 Omnino
3152 656 3348 710 autem
3379 654 3431 709 si
3459 653 3561 709 cui

1906 744 2095 811 alteri,
2127 744 2303 800 etiam
2325 744 2437 816 ipsi
2468 743 2670 799 Davidi
2691 742 3009 815 appellatio
3031 742 3372 815 hujuemodi
3395 759 3556 799 com-

1909 834 2070 906 petit.
2103 833 2247 888 Nam
2279 838 2337 889 et
2366 833 2523 888 ﬁlius
2554 832 2846 888 Altissimi
2876 837 2987 899 est,
3018 833 3116 902 qui
3150 849 3252 903 per
3277 832 3557 889 virtutem

1906 923 2288 995 coniungitur
2316 922 2455 992 Deo,
2489 938 2593 978 nec
2625 922 2874 976 moritur
2904 926 2967 976 ut
2996 921 3192 993 homo,
3228 922 3329 977 sed
3357 921 3556 978 viven-

1909 1019 2024 1069 tem
2058 1014 2115 1068 in
2147 1013 2465 1084 semetipso
2497 1012 2676 1067 habet
2710 1013 2910 1067 Deum.

1978 1191 2029 1245 4.
2064 1191 2174 1261 Ego
2204 1189 2405 1261 igitur,
2438 1188 2652 1261 inquit,
2681 1187 2809 1245 dixi
2835 1190 2897 1243 in
2928 1205 3150 1244 excessu
3178 1205 3333 1247 meo:
3368 1190 3558 1249 Omnis

1905 1281 2061 1336 homo
2090 1278 2350 1335 mendax.
2395 1278 2653 1334 Audiant
2694 1277 2757 1343 ii,
2800 1278 2901 1348 qui
2951 1277 3185 1334 etiamsi
3216 1281 3379 1336 carni
3423 1282 3560 1353 qui-

1906 1370 2039 1424 dem
2070 1383 2171 1438 per
2198 1367 2475 1422 libidines
2508 1383 2573 1421 ac
2605 1366 2745 1421 vitia
2774 1366 3069 1422 commisti
3115 1367 3234 1422 sint
3263 1372 3440 1440 atque
3469 1370 3555 1425 af-

1906 1457 2025 1525 fixi,
2059 1462 2257 1512 tamen
2302 1461 2556 1511 mentem
2609 1471 2775 1511 suam
2824 1454 2896 1509 ad
2928 1454 3186 1510 caalestia
3231 1456 3554 1514 extollunt:

1906 1561 2154 1616 quorum
2209 1544 2615 1617 cogitationes,
2668 1559 2734 1598 ac
2790 1542 2981 1597 cordis
3034 1547 3236 1599 contra
3274 1544 3458 1601 Deum
3492 1561 3555 1602 se

1906 1634 2199 1689 ell‘erentis
2229 1632 2601 1689 altitudinem
2625 1630 2892 1687 demoliri
2925 1647 2990 1686 ac
3011 1631 3366 1704 subvertere,
3400 1649 3557 1689 com-

1907 1722 2107 1777 munis
2137 1737 2350 1792 scopus
2382 1722 2461 1776 sit
2488 1736 2690 1775 eorum
2722 1720 3411 1791 omnium,quivirtutem
3436 1738 3557 1778 am-

152 1810 516 1868 ἀνταποδώσω
576 1814 655 1882 τῷ
722 1809 913 1885 Κυρίῳ
967 1810 1091 1883 περὶ
1142 1809 1357 1864 πάντων
1427 1809 1500 1862 ὧν
1568 1808 1795 1863 ἀνταπέ-

152 1900 172 1913 ι
245 1901 257 1913 ι
580 1904 619 1913 η
711 1900 724 1913 ι
1106 1897 1118 1913 1
1244 1894 1264 1913 Ἄ
1302 1899 1346 1913 ΙΙ
1562 1896 1627 1913 nl
1751 1892 1774 1913 91

1923 1810 2260 1882 ﬂectuntur.
2294 1810 2469 1865 Vsus.
2501 1811 2557 1875 3,
2588 1810 2641 1864 4.
2686 1809 2827 1878 Quid
2868 1809 3175 1865 retribuam
3198 1810 3426 1867 Domino
3453 1827 3554 1884 pro

149 1900 290 1957 δωαὲν
360 1915 518 1975 μυι;
578 1900 852 1973 Ποτήριον
913 1897 1184 1973 σωτηρίου
1244 1894 1516 1972 λήψομαι.
1562 1896 1657 1959 Εἲς
1709 1894 1797 1950 αἶ’.

149 2004 311 2062 σθησιν
368 1988 560 2054 ἐλθὼν
619 1993 727 2043 τῶν
795 1986 1004 2062 μυρίων
1060 1988 1207 2062 παρὰ
1261 1990 1357 2041 τοῦ
1388 1991 1522 2042 Θεοῦ
1553 1982 1796 2063 δωρεῶν,

148 2081 217 2135 ὅτι
257 2081 318 2136 ὲκ
368 2081 477 2133 τοῦ
531 2077 613 2151 μή
664 2072 819 2137 ὄντος
868 2076 946 2137 εἷς
975 2075 1039 2130 τὸ
1069 2077 1199 2130 εἶναι
1254 2076 1542 2152 παρήχθη·
1577 2073 1659 2129 ὅνι
1691 2073 1796 2128 ἀπὸ

146 2176 227 2240 τῆς
255 2172 365 2245 τῆς
420 2163 805 2235 διαπλασθείς,
853 2163 1006 2239 λόγῳ
1061 2165 1369 2237 τετίμηται,
1404 2164 1453 2219 ἂν
1482 2163 1529 2236 ᾦ
1577 2163 1666 2218 καὶ
1696 2164 1794 2232 τὴν

146 2259 309 2313 εἰκόνα
359 2260 565 2337 φορεῖν
630 2252 849 2309 δύναται
921 2257 1019 2308 τοῦ
1075 2251 1417 2326 ἐπουρανίου·
1478 2249 1663 2308 ἔπειτα
1708 2252 1799 2307 καὶ

147 2350 261 2421 πρὸς
308 2349 420 2417 τὴν
478 2344 625 2418 ὑπὲρ
671 2346 769 2398 τοῦ
794 2341 981 2419 γένους
1012 2346 1118 2397 τῶν
1153 2342 1449 2419 ἀνθρώπων
1481 2339 1800 2415 οἰκονομίαν

146 2435 358 2505 ἐπιδὼν,
432 2433 523 2489 ὅτι
614 2432 802 2487 ἑαυτὸν
870 2432 898 2486 ὁ
956 2430 1151 2507 Κύριος
1204 2427 1371 2486 ἔδωκε
1428 2429 1626 2507 λύτρον
1682 2431 1799 2486 ἀντὶ

148 2525 347 2580 πάντων
590 2524 777 2594 ἡμῶν,
827 2519 1107 2594 ἐπαπορεῖ,
1139 2520 1228 2575 καὶ
1272 2525 1418 2589 ζητεῖ
1447 2520 1500 2575 ἐν
1531 2526 1660 2575 πᾶσι
1685 2524 1800 2581 τοῖς

155 2614 485 2690 ὑπάρχουσιν
542 2611 720 2683 αὐτῷ,
752 2608 804 2663 τί
833 2606 977 2680 ἄξιον
1005 2608 1188 2684 ἐξεύρῃ
1218 2606 1392 2684 δῶρον
1422 2613 1500 2681 τῷ
1530 2608 1795 2683 Δεσπότῃ.

147 2703 207 2760 Τί
253 2702 344 2758 οὖν
400 2699 600 2780 φησίν,
658 2695 1028 2753 ἀνταποδώσω
1077 2702 1155 2770 τῷ
1198 2697 1418 2773 Κυρίῳ;
1467 2697 1541 2753 Οὐ
1592 2697 1797 2766 θυσίας,

152 2789 266 2847 οἱδὶ
305 2788 749 2857 ὁλοκαυτώσεις,
800 2782 925 2842 οὐδὲ
950 2788 1051 2857 τὴν
1080 2786 1138 2841 ἐκ
1160 2793 1262 2857 τῆς
1287 2793 1522 2860 νομικῆς
1550 2785 1802 2862 λατρείας

148 2881 452 2956 θεραπείαν,
487 2876 627 2934 ἀλλ’
654 2875 823 2945 αὐτὴν
864 2882 1034 2930 πᾶσαν
1068 2876 1207 2950 (97⁶)
1234 2876 1334 2944 τήν
1364 2877 1601 2949 ἐμαυτοῦ
1633 2879 1798 2945 ζωήν

147 2970 230 3024 καὶ
258 2967 344 3024 διὰ
390 2968 593 3038 τοῦτο,
652 2965 811 3044 φησὶ,
869 2965 1140 3040 Ποτήριον
1200 2966 1472 3040 σωτηρίου
1525 2961 1802 3038 ληψομαι,

149 3059 209 3113 τὸ
264 3058 313 3114 ἐν
368 3062 497 3119 τοῖς
560 3056 743 3131 ἀγῶσι
796 3057 914 3117 τοῖς
972 3052 1104 3129 ὑπὲρ
1155 3055 1255 3118 τῆς
1308 3047 1579 3115 εὐσεϐείας
1614 3053 1803 3124 πάθος,

142 3144 200 3201 τό
257 3147 422 3223 μὲχρι
478 3144 725 3209 θανάτου
794 3142 932 3216 πρὸς
1006 3142 1105 3211 τὴν
1171 3141 1438 3217 ἁμαρτίαν
1518 3142 1803 3197 ἀντικατα-

1905 1900 2158 1957 omnibus
2189 1914 2315 1973 quae
2346 1901 2603 1955 retribuit
2630 1898 2814 1955 mihi?
2843 1899 3081 1955 Calicem
3107 1900 3374 1956 salutaris
3402 1903 3554 1958 acci-

1905 1993 2079 2062 piam.
2115 1990 2564 2046 lnnumerorum
2616 1988 2715 2044 Dei
2755 1989 2911 2044 874
2961 1989 3251 2045 donorum
3282 1992 3556 2046 conscius

1908 2081 2116 2150 factus,
2149 2079 2304 2150 quod
2336 2095 2404 2133 ex
2452 2076 2636 2133 nihilo
2676 2083 2832 2133 esset
2862 2077 2922 2132 in
2970 2077 3159 2134 lucem
3192 2079 3556 2151 productus:

1908 2169 2063 2240 quod
2094 2185 2125 2224 e
2154 2173 2309 2224 terra
2340 2166 2648 2235 formatus,
2676 2167 2896 2222 ratione
2913 2166 3204 2235 excultus,
3238 2184 3354 2239 qua
3378 2168 3556 2224 etiam

1908 2260 2037 2331 ejus
2068 2257 2169 2330 qui
2198 2256 2449 2313 caelestis
2470 2262 2559 2312 est
2578 2257 2897 2329 imaginem
2920 2257 3065 2314 ferre
3087 2262 3322 2331 posset:
3349 2257 3561 2315 deinde

1909 2349 1981 2405 ad
2019 2348 2111 2404 Dei
2146 2364 2379 2420 quoque
2399 2346 2902 2419 dispensationem
2926 2363 3029 2419 pro
3058 2347 3319 2404 humano
3348 2363 3560 2421 genere

1911 2440 2123 2493 factam
2154 2436 2492 2508 respiciens,
2528 2437 2684 2508 quod
2722 2437 3000 2493 Dominus
3044 2437 3428 2510 semetipsum
3464 2438 3562 2494 de-

1910 2529 2060 2583 derit
2074 2526 2490 2597 redemptionis
2504 2526 2757 2597 pretium
2783 2543 2885 2597 pro
2901 2526 3178 2582 omnibus
3193 2528 3562 2599 nobis,inops

1909 2622 1999 2673 est
2028 2615 2277 2683 consilii,
2302 2621 2358 2670 et
2380 2615 2436 2669 in
2461 2615 2556 2670 his
2577 2614 2852 2671 omnibus
2885 2632 3011 2687 quas
3035 2615 3148 2687 ipsi
3170 2617 3563 2689 suppetebant

1910 2705 2433 2777 quaeritquodnam
2465 2703 2684 2759 donum
2717 2703 2963 2759 Domino
2985 2703 3229 2776 dignum
3260 2705 3558 2777 reperiret.

1913 2794 2054 2863 Quid
2086 2793 2284 2865 igitur,
2321 2793 2532 2864 inquit,
2565 2792 2869 2847 retribuam
2900 2793 3129 2849 Domino
3152 2794 3181 2848 ?
3222 2797 3347 2849 Non
3380 2793 3560 2849 sacri-

1914 2885 2067 2949 ficia,
2101 2899 2215 2937 non
2247 2880 2616 2943 holocausta,
2649 2898 2763 2936 non
2808 2880 3017 2953 legalis
3066 2880 3260 2938 cultus
3290 2883 3564 2938 observa-

1914 2972 2153 3037 tionem,
2189 2971 2290 3026 sed
2337 2971 2527 3041 ipsam
2582 2985 2772 3026 meam
2822 2969 2999 3025 vitam
3049 2986 3302 3026 omnem.
3335 2974 3405 3025 Et
3433 2986 3564 3027 eam

1916 3063 1988 3118 ob
2035 3076 2303 3124 causam,
2362 3059 2616 3125 Calicem,
2677 3058 2895 3131 inquit,
2948 3059 3217 3115 salutaris
3269 3060 3567 3131 accipiam,

1915 3150 2176 3206 laborem
2212 3164 2386 3220 quem
2421 3147 2480 3202 in
2508 3146 2745 3217 pietatis
2777 3148 3197 3203 certaminibus
3224 3147 3486 3219 pertulit,
3514 3151 3573 3203 et

405 3234 698 3306 ποτήριον
754 3209 951 3307 λὲνων.
999 3209 1169 3286 Τοῦτο
1366 3226 1451 3302 εἷή
1484 3229 1615 3307 ὅπερ
1648 3230 1805 3293 αὐτὸς

1923 3209 2313 3296 constantiam
2341 3253 2457 3308 qua
2484 3209 2555 3291 ad
2581 3242 2828 3291 mortem
2859 3252 3044 3307 usque
3068 3209 3298 3307 peccato
3330 3209 3571 3302 restitit,

144 3323 374 3396 ὀδῖδαξεν
434 3326 467 3379 ὁ
531 3322 741 3396 Σωτὴρ
800 3319 852 3376 ἐν
912 3325 1026 3384 τοῖς
1087 3319 1463 3397 Εὖαγγελίοις.
1520 3321 1714 3398 Πάτερ,
1759 3319 1805 3375 εί

145 3413 388 3487 ama-rev,
453 3410 792 3488 παρελθέτω
846 3411 910 3465 τὸ
965 3411 1235 3484 ποτήριον
1274 3413 1457 3464 τοῦτο·
1505 3408 1595 3463 καὶ
1642 3408 1807 3464 πάλιν

142 3510 253 3567 τοῖς
296 3506 613 3576 μαθηταῖς·
675 3498 911 3562 Δύνασθε
967 3503 1109 3553 πιεῖν
1176 3497 1240 3552 τὸ
1298 3498 1585 3573 ποτήριον,
1635 3497 1664 3552 ὂ
1702 3495 1807 3572 ἐγὼ

150 3593 334 3664 μέλλω
362 3592 567 3647 πίνειν
606 3591 719 3661 (98)
753 3606 767 3658 ;
792 3584 993 3658 ἰδήΛου
1024 3584 1083 3642 δὶ
1108 3587 1199 3642 τὸν
1232 3588 1479 3657 θάνατον,
1512 3585 1571 3642 ὃν
1601 3583 1810 3641 κατεδέ-

149 3703 273 3756 χετο
303 3682 446 3754 ὗπὲρ
478 3685 593 3749 τῆς
622 3682 722 3732 τοῦ
750 3678 961 3749 κόσμου
993 3676 1288 3751 σωτηρίας.
1339 3676 1438 3730 Διὰ
1459 3679 1624 3730 τοῦτο
1656 3675 1810 3753 φησὶ,

150 3774 423 3845 Ποτίριον
477 3765 768 3841 σωτηρίου
826 3764 1110 3838 λήψομαι·
1168 3761 1433 3831 τουτέστι,
1494 3760 1663 3836 διψῶν
1724 3762 1813 3818 ἐπὶ

148 3864 242 3929 τήν
270 3857 361 3915 διὰ
391 3862 501 3913 τοῦ
570 3853 884 3931 μαρτυρίου
920 3852 1201 3908 τελείωσιν
1231 3849 1491 3928 ἔρχομαι,
1525 3851 1815 3907 ἀνάπαυσιν

152 3952 325 4025 ψυχῆς
356 3947 459 4003 καὶ
492 3946 791 4017 σώματος,
825 3941 923 3997 οὔκ
952 3938 1258 4017 ἀλγηδόνας
1281 3942 1419 4014 (98')
1448 3940 1728 4013 τιθέμενος
1755 3941 1823 3997 τὰ

152 4036 200 4091 ἓν
228 4044 343 4100 toi;
393 4037 542 4109 ὑπὲρ
600 4038 702 4102 τῆς
755 4025 1030 4094 εὐσεϐείας
1087 4031 1254 4106 ἀγῶσι
1300 4028 1685 4105 προσαγόμενα
1730 4051 1822 4084 κο-

156 4126 445 4203 λιπτξριι.
501 4120 778 4195 Ἐμαυτὸν
832 4120 950 4190 οὗν,
1005 4119 1160 4197 φησὶ,
1218 4115 1400 4173 θυσίαν
1425 4118 1702 4192 προσοίσω
1731 4129 1826 4183 καὶ

159 4214 476 4292 προσφορὰν
532 4215 620 4282 τῷ
676 4208 885 4286 Κυρίῳ,
944 4205 1131 4276 ἐπειδὴ
1183 4209 1352 4262 πάντα
1416 4207 1712 4282 μικρότερα
1750 4208 1830 4263 τί-

157 4317 309 4376 θεμαι
358 4305 470 4371 τῆς
518 4299 672 4371 ἀξίας
719 4296 817 4354 τοῦ
866 4297 1346 4373 εὐεργετήσαντος.
1388 4295 1486 4350 Καὶ
1514 4296 1711 4359 ταύτας
1735 4297 1830 4361 τὰς

155 4392 485 4471 ἰείη-χιλίαις
521 4389 765 4464 ἑτοίμως
814 4385 933 4464 ἔχω
990 4386 1094 4444 ὑπὸ
1146 4388 1378 4462 μάρτυρι
1421 4386 1582 4441 παντὶ
1605 4391 1685 4459 τῷ
1716 4386 1835 4461 λαῷ

156 4482 436 4538 ἀποτῖσαι.
506 4480 618 4541 Τὰς
674 4480 779 4553 γὰρ
846 4477 1011 4553 εὐχάς
1090 4496 1194 4549 μου
1269 4473 1544 4530 ἀποδώσω
1598 4473 1835 4532 ἐναντίον

1915 3327 2155 3384 calicem
2185 3324 2515 3398 appellans.
2565 3329 2687 3380 Hoc
2718 3325 2915 3397 ipsum
2948 3330 3146 3381 autem
3180 3325 3373 3392 fuerit,
3411 3325 3568 3396 quod

1917 3416 2180 3473 Salvator
2209 3415 2333 3486 ipse
2364 3413 2423 3468 in
2458 3412 2785 3487 Evangeliis
2818 3413 3019 3469 docuit
3046 3430 3058 3467 :
3094 3417 3278 3484 Pater,
3316 3415 3370 3469 si
3399 3415 3569 3486 possi-

1921 3505 2038 3561 bile
2066 3513 2165 3570 est,
2197 3510 2441 3559 transeat
2461 3503 2614 3558 calix
2642 3503 2746 3558 iste
2768 3501 2835 3556 ³¹.
2867 3502 2937 3557 Et
2966 3519 3174 3559 rursus
3205 3503 3276 3558 ad
3303 3500 3566 3572 discipu-

1920 3596 2042 3651 los:
2088 3593 2324 3648 Potestis
2382 3592 2562 3647 bibere
2612 3591 2865 3663 calicem,
2922 3607 3081 3661 quem
3138 3606 3234 3659 ego
3291 3591 3568 3646 bibiturus

1921 3683 2101 3741 sum”
2121 3682 2145 3737 ?
2162 3682 2542 3754 Signiﬁcabat
2562 3685 2756 3737 autem
2772 3684 3017 3736 mortem
3042 3697 3218 3753 quam
3234 3697 3334 3751 pro
3357 3679 3566 3736 mundi

1925 3776 2116 3829 salute
2147 3787 2359 3842 passus
2388 3774 2497 3825 est.
2555 3770 2706 3839 ldeo,
2753 3768 2968 3840 inquit,
3021 3770 3267 3825 Calicem
3301 3770 3576 3824 salutaris

1926 3861 2242 3928 accipiam;
2299 3859 2409 3913 hoc
2438 3862 2549 3923 est,
2607 3857 2815 3913 sitiens
2860 3857 2933 3912 ad
2995 3858 3258 3930 martyrii
3287 3857 3574 3913 contendo

1930 3947 2523 4017 consummationem,
2553 3945 3032 4018 quandoquidem
3055 3945 3345 4018 supplicia
3373 3945 3432 4001 in
3464 3944 3581 4016 pie-

1932 4038 2072 4095 tatis
2101 4035 2523 4093 certaminibus
2575 4034 2756 4103 illata,
2810 4035 3022 4089 animas
3077 4040 3135 4090 et
3177 4033 3436 4105 corporis
3496 4047 3583 4088 re-

1937 4127 2156 4199 quiem,
2189 4141 2304 4181 non
2332 4123 2591 4179 dolorem
2625 4123 2795 4178 duco.
2847 4123 2934 4178 Me
2968 4123 3095 4194 ipse
3138 4123 3340 4194 igitur,
3368 4123 3585 4193 inquit,

1939 4216 2235 4270 victimam
2268 4217 2325 4267 et
2353 4211 2707 4268 oblationem
2735 4211 2972 4267 oll‘eram
2998 4210 3280 4268 Domino:
3312 4211 3588 4283 quoniam

1941 4304 2141 4360 omnia
2169 4301 2589 4358 benefacientis
2638 4300 2923 4372 dignitate
2963 4305 3103 4372 puto
3134 4316 3264 4356 esse
3292 4300 3588 4356 interiora.

1941 4395 2131 4463 Atque
2158 4391 2334 4446 hasce
2367 4388 2787 4462 promissiones
2820 4393 2967 4445 teste
3007 4390 3167 4444 omni
3214 4388 3430 4462 populo
3461 4404 3592 4461 per-

1946 4480 2167 4539 solvere
2202 4484 2441 4551 paratus
2473 4493 2629 4534 sum.
2663 4480 2839 4532 Vens.
2870 4477 2926 4532 5.
2980 4477 3109 4532 Vota
3133 4478 3287 4534 enim
3320 4492 3442 4533 mea
3468 4475 3594 4532 red-

160 4572 357 4635 πτυτίις
411 4573 518 4625 τοῦ
569 4567 710 4623 λαοῦ
758 4567 942 4624 αὐτοῦ.
1003 4565 1136 4620 Εἶτα
1186 4565 1481 4640 προτροπὴ
1511 4564 1650 4639 πρὸς
1702 4564 1810 4620 Tui»

1941 4570 2074 4626 dam
2104 4570 2163 4623 in
2190 4570 2484 4635 conspectu
2512 4567 2690 4622 omnis
2720 4566 2915 4636 populi
2944 4569 3087 4638 ejus.
3137 4565 3355 4621 Deinde
3383 4565 3594 4621 adhor-

164 4661 437 4733 ἐιροατᾶς
502 4658 640 4732 ὑπὲρ
688 4659 789 4712 τοῦ
848 4655 925 4729 μὴ
987 4651 1406 4729 καταπλαγῆναι
1464 4653 1553 4708 τὸν
1586 4652 1830 4723 θάνατον,

162 4748 329 4820 Tim
362 4790 380 4815 ,
468 4746 637 4821 φησὶν
672 4787 686 4813 ,
748 4743 983 4799 ἰναντίον
1048 4741 1244 4816 Κυρίου
1279 4785 1293 4811 ,
1355 4742 1383 4796 ὁ
1443 4740 1666 4804 θάνατος
1722 4746 1829 4797 τῶν

167 4836 331 4892 ἐσίω-ιι
394 4834 590 4890 αὐτοῦ.
645 4833 738 4900 Μὴ
795 4832 1085 4903 ὀκνήσητε,
1148 4830 1303 4906 φησὶ,
1364 4831 1499 4905 πρὸς
1532 4830 1713 4905 ἀγῶνα
1737 4832 1829 4886 τὸν

168 4924 364 4994 καλὸν,
423 4923 481 4977 οἱ
534 4920 836 4996 ἄνθρωποι,
897 4916 1039 4994 μηδὲ
1097 4915 1523 4988 ἄποδειλιάσητε
1553 4918 1689 4994 πρὸς
1720 4920 1831 4993 (99)

1940 4663 2100 4715 tatur
2131 4656 2453 4724 auditores,
2486 4661 2551 4711 ut
2581 4670 2653 4709 ne
2686 4655 3002 4710 formident
3032 4658 3305 4711 mortem.
3335 4652 3511 4709 Vens.
3537 4654 3595 4710 6.

1943 4747 2222 4812 Pretiosa,
2254 4743 2469 4815 inquit,
2500 4746 2562 4799 in
2609 4745 2896 4813 conspectu
2940 4742 3163 4797 Domini
3207 4757 3359 4797 mors
3385 4751 3597 4797 sancto-

1940 4852 2067 4891 rum
2087 4836 2221 4905 ejus.
2246 4832 2455 4899 Nolite,
2483 4833 2587 4895 ait,
2603 4847 2813 4903 segnes
2833 4847 2962 4886 esse
2983 4831 3051 4885 ad
3079 4830 3235 4886 hunc
3249 4828 3598 4901 praeclarum

1942 4938 2211 4995 agonem,
2242 4936 2345 4976 vos
2377 4920 2667 4987 homines,
2693 4934 2882 4991 neque
2905 4919 3161 4975 timentis
3192 4924 3599 4988 mortem,non

248 5042 297 5076 ³⁸
327 5038 487 5096 Psal.
518 5054 703 5106 uxxx,
734 5037 787 5106 6,
816 5038 873 5093 7.
944 5038 991 5075 ’ί
1023 5035 1233 5097 Matth.
1273 5052 1429 5102 xxv1,
1459 5034 1551 5089 39.
1629 5035 1676 5070 ³²
1703 5037 1906 5093 Matth.

214 5154 373 5245 ,(ἥλ
390 5154 494 5245 §ic
521 5152 663 5209 editi
683 5158 743 5210 et
770 5169 915 5209 mss.
938 5150 1230 5208 nonnulli.
1263 5149 1377 5207 Alii
1402 5150 1643 5222 quidam
1670 5167 1833 5221 mss.,

174 5248 291 5283 τεν
316 5246 534 5281 αΑΑων.
1480 5254 1485 5259 ’

250 5300 395 5366 (se')
428 5296 597 5370 Regii
622 5295 919 5351 secundus
961 5297 1018 5350 et
1045 5297 1271 5362 sextus,
1318 5289 1578 5366 Χριστόν.
1613 5291 1836 5349 Ibidem

180 5364 307 5427 duo
339 5364 680 5432 mss.,vsl'xa.

254 5442 373 5514 (97)
404 5440 538 5496 llaec
569 5438 631 5495 in
661 5438 880 5514 Catena
916 5435 1164 5514 Corder.
1183 5434 1424 5514 Origeni
1449 5435 1838 5514 _tribunntur_:

186 5503 392 5583 in'qn'a
418 5517 622 5566 tamen
653 5527 757 5583 pro
786 5508 1001 5563 πάντων
1035 5507 1252 5580 legitur
1289 5503 1539 5589 πολλῶν,
1572 5522 1673 5590 pro
1702 5506 1843 5561 mul-

186 5587 283 5638 tis.
304 5584 604 5638 Ouomcdo
627 5581 936 5638 scribserit
953 5586 1177 5638 auctor.
1202 5596 1319 5635 non
1341 5580 1533 5635 dicam
1560 5578 1799 5638 quidem
1825 5594 1840 5633 :

186 5587 283 5641 tis.
304 5585 604 5650 Quomodo
627 5585 936 5655 scripserit
953 5586 1177 5646 auctor,
1202 5596 1319 5635 non
1341 5585 1533 5635 dicam
1560 5585 1799 5650 quidem
1825 5594 1840 5633 :

192 5656 301 5713 sed
328 5657 621 5712 afﬁrmare
648 5671 899 5727 possum
928 5653 988 5710 in
1020 5651 1239 5710 nostris
1271 5667 1415 5708 mss.
1455 5647 1671 5705 πάντων
1704 5665 1845 5707 ocn-

1941 5054 2037 5108 xx,
2066 5038 2158 5093 22.

1948 5155 2173 5210 stanter
2203 5153 2348 5223 legi.

2019 5225 2154 5294 (97‘)
2187 5221 2284 5279 Sic
2317 5221 2588 5294 quinque
2616 5221 2868 5294 mss.“A_t
2894 5219 3057 5294 editi,
3088 5216 3235 5276 ἀλλὰ
3279 5221 3380 5291 τήν
3409 5224 3605 5277 πᾶσαν.

2019 5289 2409 5366 (98Ϊῧοόἰὸοε
2444 5289 2716 5366 quatuor,
2764 5290 2794 5345 ὃ
2826 5289 2930 5366 ἐγὼ
2959 5289 3120 5349 πίνω.
3169 5297 3307 5363 Reg.
3337 5289 3609 5368 quartus,

1997 5363 2146 5421 έλλω
2175 5369 2341 5421 πιεῖν.

1955 5386 2146 5439 μεΑΛω
2175 5386 2341 5421 πιειν.

1967 5507 2004 5510 __
2024 5439 2161 5510 (98f)
2187 5440 2268 5493 Ita
2289 5435 2470 5494 editio
2494 5434 2670 5492 Besil.
2694 5440 2753 5491 et
2767 5450 2911 5491 mss.
2929 5439 3173 5508 septem.
3193 5435 3381 5492 Editio
3400 5434 3607 5502 Paria,

1955 5506 2335 5653 ἀλῖἆςῧόίῗεείἱ
2370 5578 2670 5637 secundus
2700 5582 2758 5633 et
2783 5582 2984 5635 sextus
3013 5577 3299 5634 omittunt
3320 5574 3478 5650 πρός.
3582 5566 3595 5577 ’
