4134 6212
58 32 68 60 ί

519 310 628 370 ιιι
1453 303 1851 365 APPENDIX
1901 302 2229 365 OPERUM
2275 303 2341 362 S.
2386 301 2664 364 BASlLll
2711 303 2987 364 MAGNI.
3819 307 3918 367 HI

510 443 670 500 enim
698 441 973 497 interitus
994 444 1104 511 est,
1135 439 1239 495 sed
1273 437 1402 493 vitas
1433 435 1693 501 occasio;
1731 451 1846 491 non
1888 439 1978 490 est
2007 433 2139 488 inte

2273 432 2368 487 τδν
2423 429 2675 488 θάνατον·
2721 431 2784 488 οὖ
2837 431 2940 508 γὰρ
2983 434 3161 511 φθορά
3207 433 3372 503 ἰστιν,
3408 432 3554 491 ἀλλὰ
3581 439 3730 506 ζωῆς
3759 436 3914 515 ἀφορ-

511 550 618 606 gra
641 531 872 600 delatio,
915 529 1016 585 sed
1066 527 1354 584 transitus
1406 526 1477 581 ad
1528 525 1837 580 honorem.
1879 523 2164 579 Cmterum

509 623 665 692 apud
693 620 964 676 homines
991 634 1196 674 avaros
1222 616 1464 688 quidam
1489 613 1697 686 lapilli,
1724 612 1942 668 ﬂoridis
1965 609 2166 667 colori-

511 713 623 767 bus
655 709 967 782 fulgentes,
1001 707 1189 762 vocari
1221 705 1411 762 solent
1449 703 1690 775 pretiosi
1722 721 1734 758 :
1784 707 1843 757 at
1871 718 2000 756 vere
2031 702 2161 755 Pre-

511 805 651 858 tiosa
679 816 766 856 res
794 803 873 855 est
901 815 1044 855 mors
1073 800 1388 852 sanctorum
1416 794 1556 864 ejus.
1589 792 1733 847 Cum
1766 792 1963 846 anima
1982 788 2160 844 vitam

511 907 720 964 puram
739 905 941 960 agens,
965 905 999 943 a
1019 886 1214 942 carnis
1235 884 1508 940 sordibus
1529 881 1734 943 libera,
1761 878 2034 936 masculae
2060 883 2162 933 aut

510 997 662 1051 ragas
693 994 920 1050 expers,
954 993 1024 1032 ex
1078 974 1380 1031 laboribus
1428 988 1531 1044 pro
1591 971 1804 1042 pietate
1848 966 2160 1023 exantlatis

510 1069 759 1142 gloriam
808 1066 1039 1137 adepta,
1082 1063 1328 1135 justitiaa
1384 1077 1596 1116 corona
1635 1057 1927 1127 redimita,
1959 1073 2025 1112 ac
2056 1072 2160 1128 per

508 1159 630 1213 hinc
660 1155 859 1212 omnia
877 1154 1112 1209 virtutis
1135 1149 1574 1224 pulchritudine
1597 1146 1971 1220 pralulgens,
1999 1145 2159 1200 stite-

507 1248 584 1303 rit
614 1262 743 1303 sese
773 1243 1019 1300 Domino
1049 1245 1220 1312 atque
1273 1240 1675 1294 universorum
1699 1234 1911 1307 judici,
1957 1233 2154 1305 gratiae

505 1336 878 1408 splendorem
909 1331 1160 1404 pretioso
1194 1328 1355 1385 omni
1378 1327 1570 1399 lapide
1598 1325 1942 1380 lucidiorem
1968 1321 2155 1394 possi-

503 1425 668 1490 dens,
700 1421 991 1495 quomodo
1026 1418 1204 1489 hujus
1229 1415 1481 1471 hominis
1507 1431 1662 1470 mors
1686 1429 1880 1468 coram
1913 1411 2154 1466 Domino

503 1529 619 1567 non
649 1511 824 1566 fuerit
856 1508 1156 1579 pretiosa?
1187 1506 1267 1561 Ne
1303 1505 1481 1576 igitur
1525 1508 1861 1559 sanctorum
1895 1500 2152 1554 virorum
2201 1525 2211 1533 -

500 1618 572 1656 ex
601 1600 709 1655 hac
739 1599 856 1654 vita
884 1596 1103 1651 exitum
1132 1595 1465 1666 lugeamus,
1496 1593 1596 1648 sed
1631 1591 1826 1664 potius
1857 1593 2156 1654 ortum,et

501 1706 707 1744 eorum
738 1687 798 1742 in
830 1686 980 1740 hanc
1012 1684 1192 1738 vitam
1228 1684 1580 1754 ingressum.
1611 1680 1755 1737 Nam
1787 1677 2061 1734 introitus
2091 1676 2151 1732 in

2280 521 2378 594 μή·
2436 519 2536 576 οὐκ
2579 520 2881 596 ἀφανισμός
2932 519 3044 576 ἐστι
3093 522 3387 593 παντελὴς,
3432 523 3578 580 ἀλλά
3637 521 3914 598 μετάϐασις

2274 610 2411 683 πρὸς
2459 611 2650 684 τιμήν.
2699 610 2851 685 Παρὰ
2884 613 2978 684 μὲν
3012 609 3103 666 οὖν
3135 617 3252 674 τοῖς
3286 613 3593 689 ἀνθρώποις
3622 620 3738 678 τοῖς
3771 615 3915 694 φιλοο

2273 697 2537 763 πλούτοις
2569 697 2775 755 λιθίδιά
2819 722 2958 772 τινα,
3005 702 3262 776 ἀνθηροῖς
3318 704 3609 778 χρώμασιν
3673 705 3911 779 ὑπολάμ-

2271 809 2462 856 ποντα,
2513 787 2671 862 τίμια
2717 789 2946 868 πέφυκεν
3010 791 3387 863 ὀνομάζεσθαι·
3447 791 3638 865 Τίμιον
3679 796 3814 868 (99‘)
3860 793 3913 850 δὲ

2270 875 2494 948 ἀληθῶς
2548 879 2576 932 ὁ
2635 880 2864 941 θάνατος
2921 884 3029 934 τῶν
3091 880 3254 934 ὁσίων
3317 878 3504 938 αὐτοῦ.
3562 883 3728 939 Ὅταν
3759 886 3908 959 ,ψυχὴ

2267 967 2643 1042 κακαθαρμένη
2676 973 2756 1040 τῷ
2789 966 2912 1043 βίῳ,
2965 966 3221 1045 ἐλευθέρα
3277 973 3383 1023 τῶν
3445 972 3543 1039 τῆς
3594 972 3788 1046 σαρκὸς
3821 995 3910 1045 μο-

2268 1053 2579 1128 λυσμάτων⁶
2632 1057 2706 1129 μή
2753 1051 2955 1132 ἔχουσα
3004 1055 3200 1111 σπῖλον
3232 1057 3266 1126 ἢ
3302 1056 3509 1133 ῥυτίδα,
3559 1057 3618 1113 lx
3645 1065 3752 1115 τῶν
3789 1061 3910 1138 ὑπὲρ

2264 1151 2364 1213 τῆς
2432 1139 2702 1208 εὐσεϐείας
2774 1145 2995 1220 ἀγώνων
3079 1142 3461 1219 δεδοξασμένῃ,
3519 1147 3610 1202 καὶ
3675 1149 3766 1204 τὸν
3821 1154 3913 1216 τῆς

2265 1229 2610 1304 δικαιοσύνης
2657 1231 3038 1306 ἀναδησαμένη
3091 1236 3372 1312 στέφανον,
3427 1235 3487 1290 Kx
3528 1235 3742 1292 πάντων
3794 1239 3912 1293 τού-

2263 1342 2370 1375 των
2403 1321 2837 1398 ύπερλάμπουσα
2864 1327 2944 1396 τῷ
3001 1321 3198 1379 κάλλει
3245 1327 3343 1393 τῆς
3400 1326 3617 1401 ἀρετῆς,
3668 1331 3911 1402 παραστῇ

2262 1414 2342 1483 τῷ
2373 1410 2610 1486 Δεσπότῃ
2658 1411 2747 1466 καὶ
2796 1415 2956 1487 κριτῇ
3012 1417 3120 1467 τῶν
3171 1412 3341 1482 ὅλων,
3399 1414 3595 1478 παντὸς
3626 1413 3786 1480 λίθου
3814 1438 3908 1472 πο-

2264 1496 2527 1562 λυτελοῦς
2587 1497 2962 1576 διαυγεστέραν
2994 1502 3094 1570 τὴν
3147 1500 3205 1556 ix
3243 1504 3341 1571 τῆς
3400 1501 3630 1579 χάριτος
3689 1503 3908 1583 φαιδρό-

2260 1608 2399 1657 τητα
2423 1591 2752 1662 κεκτημένη,
2784 1594 2900 1652 πῶς
2931 1589 3061 1664 οὐχὶ
3091 1589 3280 1664 τίμιος
3300 1594 3397 1646 τοῦ
3425 1591 3681 1647 τοιούτου
3708 1592 3910 1669 ἀνθρώ·

2261 1697 2360 1731 πον
2395 1676 2630 1733 ἐναντίον
2665 1677 2864 1754 Κυρίου
2893 1679 2920 1733 ὁ
2954 1678 3218 1748 θάνατος;
3252 1681 3344 1749 Μὴ
3376 1679 3555 1735 τοίνυν
3593 1678 3910 1756 ὀδυρώμεθα

501 1778 660 1834 hunc
686 1775 976 1832 mundum
1007 1773 1348 1844 adjunctam
1389 1769 1565 1826 habet
1613 1767 1992 1841 ignominiam
2025 1782 2139 1821 sor-

2258 1765 2352 1866 τας
2383 1764 2619 1866 ἐντεῦθεν
2653 1763 2870 1866 έξόιδους
2897 1771 3004 1822 τῶν
3031 1756 3198 1822 ὁσίων
3232 1765 3464 1841 ἀνδρῶν,
3499 1768 3644 1825 ἀλλὰ
3696 1769 3903 1843 μᾶλλον

500 1868 665 1923 dium
698 1863 1013 1933 {ctorisque
1042 1866 1098 1916 et
1120 1877 1325 1916 earum
1357 1875 1575 1926 rerum,
1601 1872 1852 1930 quarum
1884 1872 1956 1909 ne
1986 1870 2149 1926 aspe-

499 1963 660 2012 ctum
691 1953 932 2026 quidem
965 1949 1132 2006 facile
1175 1949 1325 2004 ferre
1355 1950 1554 2020 posset
1600 1945 1758 2026 ullus
1787 1961 2022 2026 eorum,
2047 1942 2146 2014 qui

496 2037 629 2092 vita:
657 2022 826 2090 nobis
858 2036 1124 2088 auctores
1147 2033 1304 2086 sunt.
1328 2028 1434 2083 Per
1457 2027 1598 2082 talia
1621 2025 1775 2082 enim
1804 2022 2148 2079 necessitate

499 2131 722 2182 natura:
742 2123 1098 2178 constitutus
1121 2123 1210 2174 est
1231 2133 1450 2172 carnea:
1475 2113 1795 2171 nativitatis
1817 2113 2142 2185 ingressus.

496 2215 730 2282 Contra,
761 2210 949 2267 exitus
981 2213 1038 2263 et
1060 2207 1108 2263 is
1141 2206 1238 2278 qui
1264 2205 1402 2260 hinc
1423 2205 1488 2259 ﬁt
1517 2205 1827 2259 abscessus
1853 2201 2143 2274 pretiosus

495 2308 586 2359 est
613 2307 670 2357 et
690 2298 938 2356 illustris
963 2315 977 2364 ;
1001 2313 1119 2351 non
1139 2294 1406 2350 omnium
1431 2293 1762 2360 hominum,
1790 2291 1890 2346 sed
1915 2305 2140 2358 eorum,

492 2390 593 2462 qui
623 2393 824 2446 sancte
853 2392 910 2442 et
933 2385 1095 2457 juste
1127 2384 1278 2439 hanc
1325 2383 1501 2437 vitam
1533 2383 1958 2451 transegerunt.
2003 2382 2138 2433 Pre-

493 2479 643 2534 tiosa
663 2477 844 2549 igitur
863 2479 954 2531 est
975 2490 1153 2543 mors,
1177 2489 1294 2528 non
1309 2470 1601 2544 pretiosus
1622 2467 1928 2524 hominum
1952 2472 2137 2523 ortus.

489 2568 810 2624 Seminatur
831 2567 1009 2628 enim,
1068 2562 1282 2633 inquit,
1333 2562 1394 2616 in
1449 2559 1815 2630 ignobilitate,
1863 2562 2043 2626 surgit
2080 2557 2141 2612 in

492 2656 642 2712 875
702 2654 923 2726 gloria:
962 2654 1273 2708 seminatur
1323 2651 1386 2705 in
1430 2649 1798 2719 corruptione,
1849 2647 2024 2718 surgit
2074 2645 2139 2700 in

490 2746 904 2816 incorruptione
921 2742 984 2798 ⁸³.
1012 2742 1296 2813 Compara
1319 2740 1515 2810 itaque
1535 2742 1785 2793 mortem
1809 2735 2094 2791 nativitati
2123 2754 2136 2806 ;

491 2835 562 2891 ad
596 2851 728 2891 eum
759 2832 859 2905 qui
881 2832 1164 2887 liberatus
1184 2833 1272 2884 est
1302 2825 1852 2900 ignominia,lugere
1880 2825 2134 2880 desinas.

491 2923 638 2980 Cum
680 2921 921 2979 Judaice
953 2919 1279 2984 interirent,
1329 2916 1724 2972 abominanda
1769 2919 1937 2969 erant
1967 2915 2137 2969 cada-

489 3029 660 3069 vera:
696 3012 796 3067 ubi
826 3009 1074 3081 contigit
1105 3024 1264 3063 mors
1293 3024 1398 3079 pro
1431 3005 1686 3073 Christo,
1720 3003 1977 3075 reliquiis
2009 3020 2139 3060 san~

488 3105 720 3156 ctorum
747 3100 874 3168 ejus
906 3103 1046 3153 sunt
1075 3096 1361 3168 pretiosae.
1396 3099 1582 3149 Antea
1611 3093 1914 3147 dicebatur
1944 3107 2134 3147 sacer-

488 3187 730 3244 dotibus
759 3191 815 3242 et
845 3185 1116 3241 Nazareis
1138 3184 1183 3218 3‘
1208 3201 1220 3238 :
1254 3185 1370 3238 Non
1399 3180 1924 3238 contaminabimini
1966 3195 2133 3250 super
2164 3161 2206 3228 C

485 3275 608 3331 ullo
635 3277 848 3330 mortuo
871 3290 892 3335 ;
926 3278 1017 3328 et:
1052 3271 1114 3326 Si
1157 3273 1283 3342 quis
1335 3271 1576 3340 tetigerit
1606 3267 1855 3338 cadaver,
1887 3269 2136 3323 immun-

487 3363 586 3419 dus
612 3364 718 3419 erit
772 3378 942 3434 usque
971 3360 1043 3415 ad
1100 3375 1418 3430 vesperam;
1479 3359 1638 3424 item,
1697 3356 1928 3412 Lavabit
1972 3359 2134 3412 vesti-

485 3461 674 3509 menta
699 3467 821 3507 sua.
855 3454 1020 3504 Nunc
1041 3455 1240 3504 autem
1272 3447 1375 3520 qui
1400 3447 1674 3518 martyris
1695 3462 1830 3501 ossa
1860 3445 2132 3518 tetigerit,

488 3558 558 3596 ex
587 3540 883 3597 insidente
904 3538 964 3594 in
994 3552 1234 3609 corpore
1254 3535 1442 3607 gratia
1466 3536 1780 3605 quamdam
1805 3534 2135 3590 sanctitatis

490 3628 990 3703 participationem
1040 3625 1270 3697 accipit.
1303 3626 1556 3681 Pretiosa
1597 3629 1676 3680 est
1711 3623 1890 3696 igitur
1917 3625 1975 3679 in
2006 3639 2132 3679 con-

487 3728 671 3792 spectu
701 3719 928 3775 Domini
953 3731 1099 3772 mors
1138 3722 1450 3770 sanctorum
1495 3715 1635 3783 ejus.
1669 3716 1748 3768 Ne
1780 3713 2133 3784 pretiosissi-

490 3810 603 3865 mis
633 3807 921 3864 vilissima
964 3805 1247 3878 praeferto,
1299 3819 1488 3875 neque
1536 3802 1685 3858 male
1733 3803 2128 3874 commutetis,

485 3898 665 3955 vitam
691 3897 971 3953 caducam
999 3894 1180 3950 statui
1211 3891 1604 3964 corruptionis
1635 3892 1852 3964 experti
1881 3908 1946 3947 ac
1978 3891 2131 3948 felici

483 3991 905 4060 praponentes.
941 3984 1240 4056 Siquidem
1273 3987 1482 4055 preter
1510 3981 1843 4054 ignominiaa
1877 3981 2131 4037 affectio-

483 4092 608 4146 nes,
628 4075 845 4149 quibus
866 4072 1176 4145 voluptarii
1200 4072 1465 4145 plerique
1487 4069 1740 4140 subjecti
1761 4075 1921 4137 sunt,
1936 4069 2127 4125 adhuc

480 4165 656 4220 etiam
704 4164 832 4219 vita:
885 4161 1286 4227 necessitates,
1339 4159 1888 4231 magnanimitatem
1919 4157 2126 4213 anima:

479 4252 835 4323 frangentes,
867 4251 1059 4322 ipsam
1107 4249 1284 4304 veluti
1335 4248 1610 4319 redigunt
1656 4247 1716 4300 in
1764 4246 2125 4314 servitutem,

476 4344 615 4396 dum
646 4341 718 4396 ad
751 4339 942 4395 carnis
967 4336 1315 4393 famulatum
1341 4335 1501 4390 illam
1526 4335 1861 4390 detrahunt.
1895 4335 2000 4390 Ubi
2025 4355 2125 4390 au-

476 4436 592 4486 tem
625 4429 900 4495 servitus,
933 4427 1054 4482 illic
1086 4442 1215 4482 esse
1251 4430 1308 4480 et
1338 4424 1723 4497 ignominiam
1771 4424 1974 4496 liquet.
2012 4426 2119 4480 Fu-

2255 1855 2351 1916 τὰς
2378 1856 2608 1930 γενέσεις
2657 1855 2746 1910 καὶ
2793 1856 2889 1918 τὰς
2941 1855 3017 1917 εἷς
3069 1856 3167 1924 τήν
3217 1857 3358 1925 ζωὴν
3390 1856 3593 1928 ταύτην
3617 1857 3903 1934 παρόδους.

2255 1944 2319 1999 Ἡ
2352 1944 2446 2016 μὶν
2477 1944 2578 2020 γὰρ
2611 1943 2686 2006 εἲς
2744 1945 2835 1999 τὸν
2877 1943 3082 2017 κόσμον
3131 1948 3322 2000 τοῦτον
3375 1941 3609 2018 εἷ’σοδος,
3660 1944 3728 2002 δι’
3788 1948 3904 2003 ἀτι-

2257 2030 2384 2105 μίας
2414 2030 2523 2087 ἐστί
2575 2032 2746 2108 ῥυπου
2792 2031 2881 2087 καὶ
2915 2029 3201 2102 δυσωδίας,
3258 2033 3348 2088 καὶ
3389 2035 3462 2089 ὧν
3524 2033 3638 2089 οὐδ’
3693 2035 3750 2090 ἂν
3806 2038 3903 2107 τὴν

2254 2119 2374 2175 θέαν
2428 2119 2672 2184 εύκόλως
2723 2120 3019 2197 ἀνάσχοιτό
3067 2144 3152 2185 τις
3200 2125 3348 2196 (100)
3400 2130 3502 2194 τῆς
3559 2129 3705 2195 ζωῆς
3747 2127 3903 2200 ἡμων

2251 2210 2697 2285 καθηγουμένων’
2748 2208 2837 2265 διὰ
2889 2212 2991 2287 γὰρ
3036 2216 3142 2266 τῶν
3183 2212 3441 2266 τοιούτων
3474 2214 3508 2282 ἡ
3540 2211 3778 2290 πάροδος
3806 2221 3904 2285 τῆς

2252 2298 2510 2374 σαρκίνης
2541 2300 2802 2374 γενέσεως
2847 2305 2926 2372 τῷ
2969 2303 3068 2366 τῆς
3101 2300 3310 2378 φύσεως
3343 2301 3624 2377 ἀναγκαίῳ
3683 2305 3759 2377 (1)
3817 2325 3905 2358 νε-

2251 2387 2637 2461 νομοθέτηται.
2670 2389 2734 2444 Ἡ
2760 2386 2817 2444 δὶ
2846 2386 3029 2460 ἔξοδος
3055 2390 3146 2444 καὶ
3248 2389 3541 2465 ἀπαλλαγὴ
3568 2393 3602 2460 ἡ
3636 2391 3900 2465 ἐντεῦθεν,

2251 2476 2407 2549 τιμία
2462 2475 2551 2530 καὶ
2611 2478 2945 2555 περιφανήςσ
3001 2477 3064 2532 ού
3116 2477 3331 2533 πάντων
3381 2478 3699 2555 ἀνθρώπων,
3757 2479 3905 2536 ἀλλὰ

2247 2570 2354 2620 τῶν
2387 2565 2551 2628 ὁσίως
2583 2565 2671 2620 καὶ
2704 2563 2928 2629 δικαίως
2954 2567 3044 2621 τὸν
3080 2567 3302 2622 ένταῦθα
3335 2566 3452 2643 βίον
3499 2565 3898 2645 διενεγκόντων.

2247 2653 2440 2726 Τίμιος
2495 2655 2584 2708 οὖν
2629 2655 2656 2708 ὁ
2699 2655 2942 2727 θάνατος,
2977 2654 3108 2731 οὐχὶ
3165 2655 3323 2728 τιμία
3379 2660 3486 2710 τῶν
3530 2658 3832 2734 ἀνθρώπων
3863 2659 3898 2728 ἡ

2249 2743 2471 2817 γένεσις.
2537 2742 2820 2816 Σπείρεται
2881 2743 3008 2818 γὰρ,
3067 2741 3252 2820 φησὶν,
3321 2743 3374 2799 έν
3429 2743 3639 2818 ἀτιμίᾳ,
3695 2743 3900 2820 ἐγείρε-

2245 2851 2332 2885 ται
2405 2830 2455 2886 έν
2530 2826 2692 2907 δὸξῃ·
2766 2831 3037 2907 σπείρεται
3118 2830 3168 2887 ἐν
3235 2835 3458 2912 φθορᾷ,
3529 2832 3788 2910 έγείρεται
3844 2834 3899 2890 ἐν

2249 2919 2533 2998 ἀφθαρσίᾳ.
2588 2921 2882 2998 Σοόγκρινον
2933 2920 3110 2977 τοίνυν
3143 2925 3209 2996 τῇ
3285 2923 3486 2997 γενέσει
3517 2923 3606 2978 τὸν
3641 2924 3902 2993 θάνατον,

2246 3009 2336 3063 καὶ
2385 3013 2583 3064 παῦσαι
2655 3007 2986 3084 ὀδυρόμενος
3032 3010 3125 3064 τὸν
3181 3016 3282 3078 τῆς
3337 3009 3559 3082 ἀτιμίας
3613 3010 3902 3067 ἀπαλλασ-

2245 3096 2496 3168 σόμενον.
2555 3099 2684 3155 "Or:
2739 3095 3052 3159 Ἰουδαϊκῶς
3111 3097 3466 3168 ἀπέθνησκον,
3507 3095 3778 3171 βδελυκτὰ
3830 3103 3901 3170 ἦν

2243 3184 2310 3238 τὰ
2357 3190 2675 3258 θνησιμαῖα·
2735 3183 2824 3239 ὅτε
2880 3186 3011 3259 ὑπὲρ
3066 3187 3306 3260 Χρισταῦ
3366 3187 3394 3240 ὁ
3445 3186 3693 3248 θάνατος.
3737 3187 3908 3262 τίμια

2244 3271 2311 3327 τά
2341 3275 2416 3346 (2)
2468 3272 2695 3346 λείψανα
2722 3277 2830 3327 τῶν
2859 3273 3022 3328 ὁσίων
3058 3272 3236 3331 αὐτοῦ.
3293 3275 3404 3350 Πρὸ
3434 3273 3630 3330 τούτου
3679 3274 3905 3354 ἐλέγετο

2242 3365 2360 3422 τοῖς
2418 3361 2616 3434 ἱερεῦσι
2666 3363 2752 3416 καὶ
2809 3368 2926 3425 τοῖς
2985 3363 3328 3436 Ναζωραίοις
3378 3363 3462 3433 τὸ,
3523 3363 3595 3418 Οὐ
3660 3367 3907 3440 μιανθη-

2245 3461 2396 3513 σεσθε
2451 3451 2528 3524 (3)
2602 3448 2685 3504 ἐπ’
2759 3447 2933 3505 οὐδενὶ
2989 3451 3295 3522 τεθνηκότι’
3355 3452 3446 3506 καὶ
3496 3452 3580 3526 τὸ,
3642 3454 3762 3508 Ἐάν
3816 3475 3911 3518 τις

2243 3536 2446 3612 ἅψηται
2524 3542 2760 3614 νεκροῦ,
2849 3540 3146 3615 ἀκάθαρτος
3234 3535 3379 3596 ἔσται
3463 3537 3568 3604 ἕως
3644 3542 3899 3618 έσπέρας·

2241 3626 2330 3682 καὶ
2385 3628 2469 3694 τὸ,
2521 3626 2725 3683 Πλυνεῖ
2782 3628 2974 3683 ἑαυτοῦ
3031 3630 3096 3683 ca
3138 3629 3353 3702 ἱμάτια.
3411 3629 3543 3685 Νυνὶ
3593 3627 3651 3685 δὲ
3692 3631 3719 3685 ὁ
3750 3631 3907 3706 ἀψά-

2244 3737 2406 3789 μενος
2469 3714 2664 3772 ὀστέων
2726 3716 3037 3793 μάρτυρος,
3097 3713 3364 3792 λαμϐάνει
3419 3720 3540 3774 τινὰ
3609 3719 3908 3793 μετουσίαν

2240 3805 2510 3880 ἀγιασμοῦ
2569 3805 2620 3859 ἐν
2652 3813 2752 3876 τῆς
2781 3810 2860 3878 τῷ
2905 3807 3118 3880 σώματι
3149 3806 3584 3883 παρεδρευούσης
3635 3809 3904 3884 χάριτος.

2237 3895 2432 3968 Τίμιος
2491 3895 2580 3950 οὗν
2637 3895 2872 3950 ἐναντίον
2940 3896 3144 3970 Κυρίου
3204 3897 3231 3951 ὁ
3292 3898 3517 3962 θάνατος
3569 3902 3676 3952 τῶν
3724 3897 3898 3955 ὁσίων

2237 3984 2422 4040 αὑτοῦ.
2626 3989 2929 4061 προτιμᾶτε
2984 3989 3088 4039 τῶν
3141 3984 3535 4060 πολυτιμήτων
3576 3987 3643 4041 τὰ
3691 3986 3903 4061 ἀτιμό-

2235 4094 2385 4146 τατα,
2452 4070 2593 4147 μηδὶ
2657 4074 2814 4128 κακοὶ
2873 4072 3234 4130 συναλλάκται
3291 4075 3519 4151 γίνεσθε,
3579 4075 3679 4143 τήν
3736 4087 3902 4153 φθει-

2237 4163 2474 4238 ρομένην
2543 4164 2686 4232 ζωὴν
2757 4162 2857 4231 τῆς
2921 4163 3191 4241 ἀφθάρτου
3246 4163 3336 4218 καὶ
3399 4163 3664 4240 μακαρίας
3725 4185 3904 4220 κατα-

2235 4250 2468 4313 στάσεως
2528 4255 2945 4325 προτιμῶντες.
2998 4253 3159 4306 “Aves
3218 4253 3322 4327 γὰρ
3380 4255 3484 4306 τῶν
3540 4253 3899 4326 παθημάτων

2231 4345 2330 4408 τῆς
2390 4337 2626 4411 ἀτιμίας,
2690 4341 2772 4400 οἷς
2832 4339 2883 4392 οἱ
2931 4335 3185 4394 πλεῖστοι
3242 4344 3349 4394 τῶν
3396 4336 3714 4418 φιληδόνων
3752 4341 3903 4397 ὑπό-

2231 4449 2454 4496 κεινται,
2500 4423 2575 4482 ἔτι
2625 4427 2715 4482 καὶ
2748 4427 2802 4481 αἱ
2851 4428 2986 4482 κατὰ
3017 4429 3106 4482 τὸν
3158 4427 3274 4504 βίον
3309 4433 3514 4504 χρεῖαι,
3557 4435 3656 4498 τῆς
3697 4432 3901 4506 ψυχῆς

472 4519 687 4591 gienda
734 4517 914 4590 igitur
958 4522 1046 4571 est
1105 4515 1240 4583 vita,
1298 4513 1390 4569 cui
1454 4513 1777 4586 ignominia
1807 4514 2121 4584 conjuncta

2251 4517 2288 4572 ςὸ
2340 4515 2673 4595 μεγαλοφυες
2727 4518 3210 4590 κατακάμπτουσαι
3247 4560 3260 4586 ,
3334 4515 3503 4572 οἱονεῗ
3561 4514 3900 4574 δουλοῦνται

470 4611 579 4664 est.

2226 4606 2392 4676 αὐτὴν
2430 4649 2443 4675 ,
2519 4606 2656 4682 πρὸς
2723 4607 2821 4675 τὴν
2903 4607 3195 4680 ὑπηρεσίαν
3271 4613 3372 4676 τῆς
3447 4607 3644 4682 σαρκὸς
3715 4627 3898 4663 κατοι-

470 4697 746 4771 σύρουσαι.
804 4695 978 4748 Ὅπου
1035 4689 1092 4747 δὲ
1143 4688 1384 4759 δουλεία,
1445 4689 1555 4746 ἐκεῖ
1612 4688 1782 4762 δῆΛον
1839 4691 1921 4749 ὅτι
1977 4695 2067 4750 καὶ
2119 4695 2328 4772 ἀτιμία,
2390 4694 2653 4751 Φευκτέον
2715 4693 2808 4751 οὖν
2864 4695 2962 4764 τήν
3027 4697 3194 4766 ζωήν,
3249 4697 3286 4767 ᾗ
3341 4695 3403 4750 τὸ
3462 4693 3656 4770 ἄτιμον
3707 4716 3895 4773 παρα-

465 4787 696 4843 πέφυκεν
708 4829 721 4843 .
1423 4825 1426 4827 λ

532 4807 801 4943 ῖίὲίι,
828 4871 1040 4946 inquit,
1074 4887 1287 4943 perago
1314 4871 1532 4943 magni,
1556 4871 1698 4928 dum
1731 4872 1838 4929 tibi
1871 4874 2115 4932 Domino

463 4963 723 5022 retribuo
757 4979 850 5019 me
906 4962 1124 5034 ipsum.
1157 4966 1296 5016 Nam
1354 4976 1560 5017 servus
1606 4964 1746 5019 tuus
1796 4978 1931 5018 cum
1975 4963 2110 5033 sim,

532 5091 579 5126 ³³
612 5090 635 5146 I
663 5093 791 5146 Cor.
822 5104 918 5159 xv,
949 5088 1037 5158 43,
1071 5087 1159 5142 42.
1235 5086 1281 5120 ³⁸
1311 5084 1488 5141 Levit.
1521 5101 1600 5156 xi,
1635 5087 1724 5156 39,
1756 5087 1844 5142 40.

498 5213 666 5338 {$33)
692 5213 831 5286 Reg.
852 5208 1292 5282 sextusnlutoc.
1315 5207 1504 5264 Editio
1529 5212 1729 5265 nostra
1750 5213 1805 5266 et
1817 5209 1915 5266 alii
1939 5226 2111 5282 mss.,

459 5305 666 5339 τιμιον.

711 5355 1084 5411 Desideratur
1110 5351 1431 5426 τῶνηΕῡῐτ.

555 5431 603 5496 1)
637 5419 799 5482 Colb.
843 5431 1111 5497 quartus,
1145 5421 1405 5497 γενέσεως
1437 5419 1759 5497 ἀναγκαίως,

505 5494 602 5568 ,(2)
633 5499 714 5554 Ex
746 5494 881 5563 illis,
912 5494 1070 5567 τίμια
1099 5494 1185 5568 τά,
1237 5499 1371 5562 etc.,
1417 5495 1783 5568 occasionem
1826 5495 2000 5568 cmpit
2027 5495 2102 5551 1i-

453 5564 686 5626 brarius
719 5569 801 5626 ita
825 5564 1117 5639 crib'ondi
1167 5567 1226 5621 in
1270 5564 1533 5639 margine
1566 5567 1728 5639 iReg.
1762 5564 1946 5622 sexti‘:
1979 5568 2099 5624 Ὅτι

455 5639 538 5696 δεῖ
573 5644 733 5716 τιμᾷν
778 5641 846 5696 τὰ
883 5638 1110 5713 λείψανα
1159 5640 1266 5693 τῶν
1318 5635 1506 5713 ἁγίων·
1557 5635 1833 5711 Reliquias
1886 5649 2101 5699 sancto-

2293 4876 2348 4932 5.
2383 4871 2553 4931 Οὖδὶν
2587 4875 2686 4947 (4),
2718 4873 2870 4952 φησὶ,
2925 4873 3061 4948 μέγα
3090 4876 3255 4943 ποιῶ,
3308 4872 3540 4947 έμαυτόν
3572 4894 3657 4929 σοι
3687 4871 3895 4930 ἀποδι-

2224 4959 2455 5034 δοὺςτῷ
2485 4961 2748 5036 Δεσπότῃ.
2793 4959 3000 5025 Δοῦλος
3043 4962 3147 5038 γὰρ
3197 4960 3272 5018 ὣν
3330 4964 3445 5036 σὸς,
3507 4964 3560 5018 οἱ
3617 4959 3894 5039 προσάγω

2220 5227 2345 5266 rum
2377 5211 2648 5267 honorare
2675 5212 2903 5282 oportet.

2285 5283 2364 5356 (8)
2391 5280 2746 5356 Siccodicos
2777 5299 2927 5356 se_x._
2952 5280 3273 5356 Editi_vero
3311 5298 3455 5356 cum
3498 5280 3655 5356 Colb.
3693 5281 3896 5356 septi-

2215 5354 2733 5439 mo'ptavOrjouai.
2787 5354 2931 5410 Illud
2986 5354 3385 5439 quodustatim
3440 5354 3728 5439 sequitur,
3761 5354 3885 5415 ἕως

2215 5423 2460 5500 ἑσπέρας,
2490 5423 2557 5510 ex
2587 5433 2840 5510 quatuor
2869 5423 3021 5482 mss.‘
3063 5425 3423 5482 addidimus.
3465 5423 3690 5483 Ibidem
3719 5441 3884 5484 mss.

2214 5515 2329 5553 non
2344 5497 2553 5568 'pauci,
2585 5497 2751 5553 αὐτοῦ
2780 5497 2866 5552 τά.

2283 5567 2373 5640 (li)
2393 5571 2475 5640 Ita
2506 5588 2648 5627 mss.
2681 5589 2783 5629 sex
2803 5585 2936 5626 cum
2958 5567 3212 5624 editione
3245 5567 3410 5624 Basil.
3444 5569 3517 5624 At
3547 5567 3725 5626 editio
3748 5572 3871 5623 Pa-

2212 5637 2350 5709 ris},
2370 5637 2523 5696 οὐδὲν
2553 5642 2664 5700 οὗν.
