4134 6212
277 416 404 476 113

1447 410 1776 472 HOMlLlA
1824 407 1899 466 IN
1948 404 2329 465 PSALMUM
2377 403 2552 464 CXV.

3582 397 3696 455 114

270 543 343 600 τὸ
409 543 502 598 σὺν
556 547 762 614 κτῆμα.
824 539 1044 601 Πάντως
1096 541 1196 615 γὰρ
1250 559 1347 594 του
1403 559 1689 602 κτισαντος
1740 535 1933 592 δοῦλον

2049 539 2211 590 tuam
2260 535 2363 590 tibi
2397 551 2829 607 possessionem
2861 535 3057 590 offero.
3089 530 3340 588 Omnino
3397 528 3554 585 enim
3604 545 3696 584 res

277 633 523 708 ὑπάρχει
575 631 635 685 τὸ
693 627 1006 701 ἐκτισμένον
1186 630 1346 683 ’Ὡστε
1377 628 1438 682 οὐ
1469 625 1778 702 προαιρέσει
1813 622 1936 680 δοῦ-

276 722 386 784 λος
423 721 611 794 μόνον,
645 716 906 774 ἀλλὰκαὶ
956 717 1126 795 φύσει.
1179 716 1302 779 Υἱὸς
1351 717 1454 792 γάρ
1507 716 1618 790 εἶ’μι
1659 722 1760 786 τῆς
1816 735 1938 768 παι-

281 808 482 880 δίσκης
544 831 666 877 σου,
712 811 774 877 ἣν
823 807 1185 877 νηπιάζουσαν
1237 807 1314 880 (6)
1361 805 1451 860 καὶ
1499 802 1705 879 κομιδῇ
1771 799 1941 860 παῖδα

279 898 627 975 παραγαγὼν
665 896 693 951 ύ
738 895 955 972 ἐχθρὸς,
1000 895 1088 950 καὶ
1141 895 1454 966 ἀποστήσας
1499 901 1597 964 τῆς
1657 901 1756 963 σῆς
1813 890 1937 946 δου-

280 987 472 1057 λείας,
529 985 732 1056 δούλην
791 991 891 1056 τῆς
960 983 1224 1060 ἁμαρτίας
1284 983 1553 1054 ἐποίησεν.
1615 980 1770 1040 Ἀλλ’
1827 981 1939 1036 ἐπι-

280 1076 510 1152 στρᾶφω
538 1075 624 1130 καὶ
653 1073 1007 1149 ὶπανατρὲχω
1036 1073 1173 1149 πρὸς
1200 1073 1289 1127 τὸν
1323 1071 1374 1143 ἐξ
1403 1073 1584 1148 ἀρχῆς
1643 1069 1939 1142 Δεσπότην,

278 1165 378 1220 καὶ
444 1164 790 1240 ἐπιγινώσκω
849 1163 948 1231 τήν
1015 1162 1243 1238 ἀρχαίαν
1315 1159 1602 1217 δουλείαν.
1645 1160 1935 1238 Διὲῥρηξας

277 1253 414 1316 τοὺς
473 1251 705 1326 δεσμούς
766 1273 892 1325 μου.
951 1248 1169 1322 Ἐπειδή
1251 1272 1317 1324 με
1387 1255 1494 1306 τῶν
1565 1249 1776 1324 δεσμῶν
1834 1256 1934 1318 τῆς

278 1343 554 1416 ἁμαρτίας
584 1339 986 1416 ἠλευθέρωσας,
1018 1341 1291 1394 κατελθὼν
1326 1339 1400 1401 είς
1444 1337 1594 1412 ᾇδου,
1625 1341 1714 1394 καὶ
1767 1337 1934 1399 λύσας

275 1434 384 1500 τήν
449 1429 846 1507 ἀνθρωπότητα
872 1432 950 1502 (7)
1003 1427 1269 1502 δεσμῶτιν
1322 1427 1480 1483 οὖσαν
1535 1433 1631 1484 τοῦ
1689 1430 1935 1498 θανάτου,

276 1522 371 1575 καὶ
407 1519 462 1575 ιν
493 1526 615 1584 ταῖς
644 1518 901 1596 ἀφύκτοις
934 1517 1167 1595 εἱρκταῖς
1205 1523 1304 1573 τοῖ’)
1356 1515 1488 1588 ’ᾲδου
1535 1520 1936 1594 κατεχομένην,

282 1607 377 1664 διὰ
403 1608 568 1664 τοῦτό
600 1630 684 1664 σοι
743 1607 910 1676 θύσω,
943 1606 1071 1683 οὐχὶ
1116 1606 1420 1684 τετράποδα
1469 1605 1808 1684 διχηλοῦντα
1847 1607 1935 1663 καὶ

281 1699 684 1775 μηρυκίζοντα,
713 1695 840 1752 οὐδὲ
882 1696 1062 1768 πτηνὰ
1102 1699 1330 1773 καθαρὰ,
1390 1699 1425 1768 ἢ
1476 1695 1760 1772 σεμίδαλιν
1804 1697 1933 1752 ἀνα-

281 1785 670 1860 πεποιημένην
729 1783 986 1859 ἐλαίῳ,ἢ
1045 1780 1266 1842 λίϐανον
1326 1784 1581 1863 διαφανῆ,
1630 1787 1665 1856 ἢ
1718 1786 1780 1842 τὸ
1837 1794 1936 1857 τῆς

2049 628 2256 679 creatae
2289 623 2580 680 Creatoris
2613 641 2793 680 servae
2824 629 2980 679 sunt.
3015 625 3207 688 Quare
3239 637 3353 675 non
3398 617 3695 674 voluntate

2049 711 2261 781 solum,
2313 713 2415 767 sed
2441 719 2651 768 natura
2674 713 2852 768 etiam
2885 729 3018 768 sum
3047 727 3273 767 servus.
3310 706 3490 763 Filius
3537 705 3694 760 enim

2049 818 2181 856 sum
2215 801 2436 856 ancillas
2468 807 2600 869 tuae,
2623 819 2799 874 quam
2823 800 3120 872 parvulam
3147 817 3213 855 ac
3234 813 3474 872 prorsus
3505 793 3695 848 infan-
3805 863 3810 866 ί

2048 894 2167 945 tem
2199 890 2429 946 seduxit
2450 890 2761 960 inimicus;
2796 897 2852 946 et
2884 895 3196 962 postquam
3226 904 3355 944 eam
3387 903 3421 942 a
3450 890 3551 940 tua
3571 897 3695 939 ser-

2048 982 2229 1037 vitute
2262 983 2527 1052 removit,
2560 983 2748 1056 ipsam
2781 981 2957 1040 efﬁcit
3003 981 3225 1054 peccati
3282 993 3530 1035 servam.
3579 974 3692 1029 Ve-

2049 1088 2180 1126 rum
2214 1076 2469 1128 revertor
2517 1077 2571 1128 et
2620 1090 2853 1128 recurro
2910 1073 2982 1128 ad
3041 1071 3297 1144 primum
3353 1067 3691 1136 Dominum,

2047 1165 2418 1233 veteremque
2449 1179 2702 1235 agnosco
2733 1163 3097 1219 servitutem.
3127 1161 3302 1216 Vsas.
3339 1161 3374 1213 7
3427 1158 3697 1230 Dirupim’

2047 1249 2276 1306 vincula
2304 1267 2449 1306 mea.
2483 1253 2964 1323 Quandoquidem
2998 1257 3098 1308 tuo
3129 1251 3188 1306 in
3245 1249 3543 1305 infernum
3597 1247 3696 1304 de-

2049 1355 2258 1394 scensu
2290 1357 2322 1395 a
2355 1341 2573 1411 peccati
2604 1342 2851 1397 vinculis
2875 1359 2966 1397 me
2994 1341 3274 1407 liberasti,
3300 1344 3474 1410 atque
3491 1337 3695 1392 huma-

2050 1443 2186 1482 nam
2211 1434 2480 1483 naturam
2515 1430 2714 1484 mortis
2741 1430 3043 1486 astrictam
3076 1428 3346 1496 vinculis,
3395 1433 3453 1481 et
3481 1425 3540 1480 in
3601 1425 3689 1479 in-

2049 1515 2192 1570 ferni
2226 1517 2578 1584 carceribus,
2615 1519 2769 1573 unde
2799 1519 3039 1574 evadere
3095 1534 3209 1572 non
3259 1517 3453 1584 datur,
3485 1514 3691 1569 deten-

2046 1606 2190 1672 tam,
2223 1603 2544 1672 exsolvisti,
2577 1605 2794 1661 idcirco
2829 1606 2934 1660 tibi
2979 1604 3320 1662 sacrificabo
3370 1619 3485 1658 non
3545 1616 3690 1672 qua-

2045 1691 2310 1762 drupeda
2341 1693 2591 1749 divisam
2615 1694 2896 1767 ungulam
2913 1693 3192 1750 habentia
3221 1698 3278 1747 et
3307 1687 3688 1755 ruminantia,

2045 1779 2235 1851 neque
2263 1781 2523 1838 volatilia
2555 1785 2796 1854 munda,
2829 1789 2933 1839 aut
2961 1782 3352 1854 similaginem
3377 1780 3501 1835 oleo
3551 1776 3690 1832 sub-

280 1874 585 1940 συνθὲσεως
631 1875 802 1930 ἐκεῖνο
847 1875 1096 1948 θυμίαμα
1143 1877 1330 1948 (ταῦτα
1377 1876 1479 1952 γάρ
1531 1897 1614 1930 σοι
1668 1878 1812 1951 παρὰ
1836 1883 1933 1946 τῆς

2046 1875 2256 1937 actam,
2291 1877 2392 1926 aut
2421 1872 2559 1928 thus
2591 1873 2874 1944 lucidum,
2938 1885 3040 1928 aut
3095 1871 3486 1942 compositum
3546 1864 3691 1925 illud

279 1968 387 2040 γῆς
450 1967 813 2042 προσφέρεται
870 1969 948 2036 τῷ
1005 1964 1308 2038 Δεσπότῃ)’
1349 1963 1477 2020 ἀλλ’
1535 1963 1564 2020 8
1606 1965 1747 2020 ἐστιν
1801 1965 1931 2038 ἐμὸν

2046 1959 2364 2032 thymiama
2386 1962 2529 2033 (haec
2546 1964 2701 2018 enim
2716 1963 2822 2019 tibi
2841 1962 3088 2018 Domino
3101 1979 3133 2016 a
3154 1965 3307 2016 terra
3323 1956 3689 2028 offeruntur).

286 2051 433 2108 ἴδιον
463 2061 671 2126 κτῆμα,
699 2053 789 2108 καὶ
821 2049 1043 2129 καρδίας
1075 2055 1322 2128 γέννημα
1348 2061 1448 2122 τῆς
1483 2052 1641 2127 ἐμῆς,
1683 2055 1787 2123 τὴν
1833 2057 1932 2122 σήν

282 2139 608 2216 δοξολογίαν
656 2141 706 2213 ἐξ
765 2141 934 2211 αὐτῆς
989 2141 1212 2214 ἀνοίσω,
1251 2141 1430 2217 ὥσπερ
1488 2143 1592 2197 ἀπὸ
1647 2145 1935 2214 θυσιαστη-

280 2231 408 2306 ρίου
462 2232 613 2292 τινὸς
666 2238 769 2301 τῆς
833 2231 1074 2304 ἱμαυτοῦ
1133 2229 1391 2293 διανοίας.
1442 2231 1541 2286 Καὶ
1595 2231 1935 2308 ἱερουργήσω

278 2342 367 2376 σοι
428 2321 532 2390 τήν
583 2327 685 2390 τῆς
744 2319 996 2382 αίνὲσεως
1053 2319 1235 2375 θυσίαν
1269 2364 1287 2392 ,
1350 2321 1560 2395 μυρίων
1623 2318 1934 2376 ὁλοκαυτώσ-

281 2409 470 2483 μάτων
525 2409 922 2486 προτιμοτὲραν
979 2409 1063 2462 σοὶ
1117 2414 1198 2481 τῷ
1255 2406 1543 2484 ἀπροσδεεῖ
1587 2409 1676 2464 καὶ
1740 2408 1936 2482 τελείῳ

277 2497 431 2571 Θεῷ,
495 2500 555 2560 ’ὸς
615 2498 723 2553 οὐκ
772 2497 1014 2560 ἀπαιτεῖς
1073 2500 1388 2570 σωματικὰς
1464 2498 1682 2567 Θυσίας,
1739 2499 1788 2554 ἐν
1847 2502 1934 2561 αἷς

282 2584 710 2640 πλεονεκτοῦσιν
741 2585 793 2638 οἱ
827 2584 1214 2660 εὐπορώτεροι,
1246 2583 1393 2641 ἀλλά
1432 2587 1531 2654 τὴν
1582 2587 1686 2641 ἀπὸ
1717 2590 1792 2661 (8)
1825 2584 1934 2642 δια-

283 2675 513 2743 θέσεως,
544 2673 635 2728 καὶ
665 2669 892 2747 καρδίας
936 2669 1201 2742 ἀληθινῆς
1247 2671 1664 2750 ἐξομολόγησιν,
1695 2677 1762 2744 ἧς
1808 2675 1936 2748 μέτ-

279 2784 398 2818 εσ-τι
427 2768 592 2816 Rion
625 2761 676 2832 ἐξ
710 2763 832 2816 loco
879 2766 994 2823 τοῖς
1043 2761 1424 2837 βουλομένοις.
1456 2765 1568 2825 Τὰς
1616 2763 1782 2839 εὐχάς
1829 2786 1934 2837 μου

279 2855 369 2922 τῷ
449 2851 633 2924 Κυρίῳ
703 2847 974 2906 ἀποδώσω
1043 2848 1280 2905 ἐναντίον
1360 2852 1559 2913 παντὸς
1624 2857 1721 2906 τοῦ
1799 2851 1934 2909 λαοῦ

286 2939 481 2997 αὑτοῦ.
521 2939 672 2995 Θύων
703 2937 759 2994 δέ
790 2959 875 2994 σοι
926 2941 1024 3008 νήν
1072 2936 1293 3008 αἴνεσιν,
1327 2939 1434 3016 οὐχ
1481 2941 1555 3003 ὡς
1607 2940 1934 3017 ἐπαισχυνό-

293 3049 453 3100 μενος
485 3031 585 3102 (9),
616 3027 787 3102 λάθρα
833 3049 940 3083 που
986 3028 1074 3084 καὶ
1123 3028 1173 3083 ἐν
1232 3027 1562 3104 παραϐύστῳ
1609 3031 1776 3103 θύσω,
1808 3031 1933 3108 φεύ-

287 3139 403 3191 γων
429 3118 530 3181 τὰς
580 3117 813 3191 μᾶμψεις
860 3122 969 3173 τῶν
998 3113 1236 3173 ἀσεϐῶν·
1286 3117 1433 3174 ἀλλά
1473 3116 1758 3193 πάνδημόν
1814 3142 1936 3176 τινα

279 3206 468 3260 θυσίαν
515 3204 831 3276 ἐπιτελὶσω,
861 3207 956 3262 τὸν
1005 3205 1134 3261 λαὸν
1180 3206 1310 3262 δλον
1366 3207 1630 3264 κοινωνόν
1677 3217 1778 3280 τῆς
1835 3207 1934 3264 λα-

2044 2051 2142 2106 sed
2167 2067 2290 2122 quae
2313 2058 2401 2107 est
2430 2068 2561 2108 mea
2590 2052 2911 2124 pebuliaris
2944 2051 3261 2124 possessio,
3280 2054 3337 2105 et
3350 2049 3553 2121 quiest
3576 2063 3690 2103 mel

2045 2138 2238 2192 cordis
2267 2137 2438 2207 fetus,
2472 2139 2957 2208 gloriﬁcationem
2981 2144 3141 2194 tuam
3165 2154 3233 2192 ex
3259 2137 3386 2209 ipso
3405 2140 3691 2206 tanquam

2044 2241 2112 2279 ex
2143 2224 2340 2297 aliqua
2373 2243 2518 2283 mea:
2548 2228 2764 2284 mentis
2812 2245 2913 2284 ara
2968 2227 3230 2283 offeram.
3290 2229 3464 2280 Vens.
3523 2226 3576 2279 8.
3629 2223 3691 2278 Et

2045 2316 2369 2385 sacriﬁcabo
2389 2317 2492 2371 tibi
2520 2317 2713 2373 hostim
2739 2317 2942 2384 laudis,
2975 2314 3304 2372 innumeris
3333 2312 3690 2370 holocaustis

2047 2403 2473 2474 pretiosiorem,
2505 2407 2633 2472 tibi,
2668 2405 3177 2478 inquam.nullius
3235 2404 3317 2460 rei
3375 2403 3594 2474 indigo,
3635 2403 3692 2456 et

2045 2492 2297 2562 perfecto
2330 2497 2462 2560 Deo,
2497 2494 2597 2566 qui
2628 2494 2952 2566 corporalia
2997 2493 3285 2549 sacriﬁcia
3340 2492 3556 2564 quibus
3603 2490 3691 2545 di-

2042 2579 2220 2635 tiores
2251 2581 2573 2650 abundant,
2608 2584 2850 2639 minime
2898 2581 3168 2655 requiris,
3228 2583 3328 2638 sed
3371 2579 3691 2636 confessio-

2046 2684 2178 2722 nem
2210 2685 2276 2723 ex
2304 2671 2511 2726 affectu
2542 2677 2601 2727 et
2655 2689 2724 2727 ex
2780 2673 2952 2728 corde
3008 2689 3140 2728 vero
3196 2669 3689 2743 proficiscentem,

2045 2758 2214 2827 cujus
2245 2774 2450 2814 omnes
2480 2761 2578 2830 qui
2604 2760 2828 2829 volunt,
2872 2761 3190 2832 participe;
3223 2777 3292 2815 ex
3321 2775 3487 2830 aequo
3519 2758 3683 2811 ﬁunt.

2051 2847 2171 2901 Vota
2201 2863 2321 2902 mea
2346 2849 2574 2904 Domino
2601 2850 2824 2906 reddam
2858 2852 2920 2906 in
2949 2858 3236 2921 conspectu
3285 2849 3468 2902 omnis
3498 2845 3692 2917 papuli

2042 2934 2180 3006 ejus.
2213 2935 2357 2991 Cum
2381 2938 2536 2992 enim
2560 2938 2666 2992 tibi
2695 2939 3034 2993 sacriﬁcabo
3058 2937 3288 2993 laudem
3315 2953 3328 2990 :
3367 2952 3479 2990 non
3533 2932 3692 2988 velut

2041 3025 2414 3094 erubescens,
2448 3025 2780 3083 clanculum
2812 3032 2870 3082 et
2897 3028 2956 3081 in
2987 3025 3328 3082 abscondito
3358 3024 3483 3080 loco
3513 3021 3692 3078 sacri-

2044 3113 2250 3182 ﬁcabo,
2282 3114 2600 3186 impiorum
2623 3115 3062 3188 objurgationes
3085 3114 3316 3186 fugiens
3339 3129 3353 3168 :
3378 3112 3478 3168 sed
3503 3108 3691 3183 publi-

2044 3217 2175 3257 cum
2195 3205 2490 3273 quoddam
2514 3205 2864 3260 sacrificium
2883 3204 3110 3272 faciam,
3126 3201 3389 3260 adhibito
3406 3201 3478 3256 ad
3496 3199 3690 3256 cultus

276 3294 468 3368 τρείας
523 3269 860 3371 παραλαϐών
914 3299 1048 3369 (10).
1087 3297 1262 3359 Τόπος
1319 3295 1376 3352 δὲ
1420 3299 1556 3371 ἡμῖν
1599 3305 1700 3369 τῆς
1735 3269 1933 3363 ’δυσίας

2046 3295 2403 3352 consortium
2437 3297 2591 3352 376
2625 3295 2839 3368 populo
2889 3295 3071 3352 omni.
3113 3294 3394 3349 Caeterum
3417 3287 3690 3347 sacriﬁcii

275 3381 746 3459 ἀποδειχθήσεται
807 3384 876 3438 τὰ
943 3386 1077 3458 μὲσα
1148 3386 1238 3439 καὶ
1324 3385 1752 3464 περιφανέστατα
1827 3395 1926 3456 τῆς

274 3471 670 3547 Ἰερουσαλήμ.
720 3471 1047 3541 Ἀκούσατε,
1104 3474 1156 3527 οἱ
1227 3475 1326 3543 τήν
1378 3473 1706 3546 Ἐκκλησίαν
1777 3497 1933 3531 λατα-

276 3561 673 3634 λιμπάνοντες,
703 3562 794 3616 καὶ
824 3561 879 3616 la
909 3559 1082 3624 οἴκοις
1110 3568 1316 3624 κοινοῖς
1345 3563 1764 3642 συστρεφόμενοι
1794 3567 1928 3639 (11),

271 3650 346 3705 τὰ
375 3649 543 3714 ἄθλια
570 3655 668 3705 τοῦ
696 3649 887 3723 τιμίου
935 3651 1188 3724 σώματος
1229 3651 1646 3729 ἀπορῥήγματα.
1680 3654 1762 3708 ὅτι
1815 3656 1927 3729 χρὴ

273 3740 374 3800 τάς
428 3739 598 3814 εὐχὰς
653 3737 969 3794 ἀποδιδόναι
1041 3739 1091 3794 ἐν
1156 3741 1304 3814 μίσῳ
1377 3744 1476 3810 τῆς
1526 3740 1925 3817 Ἰερουσαλήμο

273 3826 550 3898 τουτέστι,
597 3835 698 3898 τῆς
748 3826 1072 3899 Ἐκκλησίας
1120 3833 1222 3883 τοῦ
1269 3833 1420 3886 Θεοῦ.
1468 3827 1608 3887 Ούδὶ
1649 3832 1751 3906 γὰρ
1795 3831 1932 3886 κατὰ

275 3917 378 3984 τήν
433 3913 673 3971 παλαιὰν
729 3915 978 3992 λατρείαν
1023 3913 1159 3972 ί¹διον
1211 3917 1330 3988 ἰξῆν
1375 3918 1584 3991 ἑκάστῳ
1631 3922 1930 3996 πήγνυσθαι

279 4007 711 4080 θυσιαστήριον,
760 4003 886 4061 ἀλλ’
937 4007 991 4060 ἓν
1061 4003 1412 4062 ἀποδέδεικτο
1480 4013 1598 4070 τοῖς
1663 4010 1929 4078 θυσιάζειν

278 4095 742 4168 προαιρουμένοις
791 4097 922 4168 (12).
957 4094 1031 4150 Σὺ
1082 4092 1140 4150 δὲ
1194 4095 1514 4171 ἀντεγείρεις
1550 4101 1629 4168 τῷ
1667 4095 1775 4152 τῶν
1827 4119 1929 4153 πα-

276 4185 455 4258 τᾶρων
505 4183 873 4259 θυσιαστηρίῳ
943 4185 1154 4260 βωμὸν,
1201 4185 1290 4239 καὶ
1347 4189 1453 4260 πῦρ
1515 4185 1766 4250 ἀνάπτεις
1831 4186 1931 4243 ἀλ-

280 4271 502 4346 λότριον
538 4271 621 4327 ἐπ’
643 4271 830 4339 αὐτοῦ,
866 4269 1008 4344 μηδὶ
1029 4277 1109 4345 τῷ
1132 4273 1352 4346 παλαιῷ
1383 4276 1496 4347 (43)
1525 4273 1927 4351 παραδείγματι

276 4361 794 4439 σωφρονιζόμενος,
859 4361 1174 4438 ἀνθρώπους
1274 4362 1742 4440 κατεφθαρμένους
1835 4365 1926 4419 τὸν

276 4454 401 4504 νοῦν
464 4449 880 4524 ἐπισπώμενος,
930 4449 1019 4505 καὶ
1075 4450 1416 4525 συμμιαίνων
1475 4451 1660 4516 αὐτοῖς
1718 4452 1927 4509 ἔαυτόν.

2039 3381 2231 3438 locum
2255 3386 2682 3441 constituemus
2732 3385 2985 3441 mediam
3017 3389 3073 3440 et
3113 3398 3396 3454 perquam
3453 3377 3690 3451 conspi-

2040 3494 2209 3534 cuam
2233 3480 2680 3554 Jerosolymam.
2732 3481 2848 3538 Vos
2886 3480 2982 3552 qui
3031 3478 3439 3550 derelinquitis
3489 3474 3686 3532 Eccle-

2040 3569 2211 3635 siam,
2234 3573 2290 3624 et
2320 3570 2381 3625 in
2415 3572 2674 3642 profanis
2702 3570 2976 3626 domibus
3005 3573 3328 3625 conventus
3357 3566 3554 3640 agitis,
3584 3581 3689 3621 vos

2041 3658 2140 3730 qui
2165 3661 2375 3716 misera
2395 3661 2632 3733 pretiosi
2662 3660 2921 3732 corporis
2950 3661 3276 3732 fragmenta
3297 3658 3462 3726 estis,
3487 3657 3685 3712 audite

2040 3747 2194 3817 quod
2218 3765 2416 3819 preces
2447 3765 2513 3804 ac
2544 3754 2675 3804 vota
2713 3748 2959 3820 persolvi
2991 3752 3220 3820 opertat
3263 3748 3320 3802 in
3353 3745 3544 3802 medio
3591 3743 3688 3799 Je-

2039 3836 2294 3892 rusalem
2325 3855 2339 3904 ;
2372 3837 2482 3892 hoc
2504 3843 2614 3903 est,
2645 3837 2912 3893 Ecclesiae
2943 3837 3063 3892 Dei.
3098 3841 3297 3908 Neque
3327 3835 3481 3890 enim
3518 3833 3690 3903 juxta

2038 3928 2288 3978 veterem
2303 3922 2526 3978 cultum
2551 3923 2791 3979 cuilibet
2807 3923 3014 3978 licebat
3030 3923 3326 3995 propriam
3347 3925 3686 3976 construere

2039 4028 2232 4068 aram:
2267 4013 2366 4067 sed
2399 4013 2574 4067 unica
2602 4012 2674 4067 iis
2701 4012 2800 4083 qui
2833 4013 3160 4068 sacriﬁcare
3187 4010 3391 4066 velunt
3409 4007 3688 4079 designa-

2036 4103 2098 4154 ta
2127 4103 2236 4154 est.
2265 4100 2350 4154 Tu
2385 4104 2581 4154 tamen
2631 4115 2793 4154 aram
2833 4104 3031 4154 contra
3081 4103 3312 4170 patrum
3369 4112 3532 4152 aram
3586 4110 3685 4148 ex-

2039 4187 2242 4254 struis,
2263 4192 2318 4242 et
2340 4203 2518 4259 super
2535 4187 2726 4260 ipsam
2750 4186 3004 4242 alienum
3029 4185 3295 4241 incendis
3322 4185 3540 4256 ignem.
3575 4181 3686 4238 Ne-

2039 4293 2149 4346 que
2186 4277 2360 4332 veteri
2390 4274 2654 4348 exemplo
2685 4275 2920 4346 sapiens
2950 4275 3162 4346 factus,
3195 4274 3382 4331 allicis
3416 4271 3686 4328 homines

2041 4369 2235 4420 mente
2264 4369 2562 4436 coruptos,
2592 4369 2766 4437 teque
2797 4381 2916 4420 una
2945 4381 3079 4420 cum
3113 4363 3259 4436 ipsis
3307 4360 3680 4432 coinquinas.

2039 4456 2300 4520 Quorum
2332 4453 2665 4526 exemplum
2698 4453 2900 4526 fugite,
2949 4471 3052 4510 vos
3111 4453 3344 4510 Domini
3394 4449 3682 4525 populus:

277 4539 373 4592 Ὠν
410 4539 639 4616 φύγοιτε
664 4540 766 4608 τὴν
800 4538 1054 4612 μίμησιν,
1071 4540 1228 4613 ὑμεῖς
1251 4541 1277 4595 ὁ
1301 4538 1432 4605 λαὸς
1449 4545 1544 4596 τοῦ
1568 4543 1773 4618 Κυρίου
1795 4545 1930 4617 (14),

2046 4561 2148 4600 nec
2177 4561 2212 4600 a
2239 4550 2402 4616 parte
2432 4559 2634 4599 eorum
2667 4543 2768 4614 qui
2799 4542 2942 4598 salvi
2960 4544 3130 4613 ﬁunt,
3159 4541 3531 4615 separemini,
3555 4557 3687 4613 per-

349 4725 426 4795 (5)
447 4723 766 4799 Golbertini
787 4725 1014 4799 primus
1035 4730 1091 4782 et
1112 4725 1354 4799 quintus
1375 4744 1509 4784 cum
1538 4727 1676 4799 Reg.
1700 4733 1928 4799 quarto,

349 4743 426 4795 (Ο)
447 4743 766 4782 υοωενῑιῑιι
787 4743 1014 4799 ρτιωιιε
1035 4743 1091 4782 et
1112 4743 1354 4799 (ιιιιιιῐυβ
1375 4744 1509 4784 cum
1539 4743 1618 4784 tte
1664 4767 1676 4780 ο
1741 4743 1928 4798 uarto,

276 4793 621 4869 ἓκτισμένον,
678 4796 766 4869 καὶ
798 4797 916 4869 υἱὸς
945 4803 1042 4866 τῆς
1100 4794 1393 4868 παιδίσλης
1445 4818 1562 4854 σου.
1621 4743 1736 4856 geg
1794 4819 1932 4858 cum

275 4867 789 4945 verbailla,'m_i...
825 4867 964 4938 υἱός,
996 4875 1128 4945 et_c._,
1191 4867 1393 4945 statim
1449 4871 1741 4945 legantur,
1803 4873 1933 4945 ipsa

279 4938 418 5017 huic
447 4941 575 4996 loco
605 4940 756 4997 male
781 4957 1007 4998 annexa
1037 4941 1213 4998 fuisse
1231 4961 1265 4998 a
1284 4938 1542 4999 librarii's
1564 4938 1798 5000 credere
1827 4938 1934 5017 par

279 5015 388 5066 est.

354 5082 431 5153 (6)
462 5082 702 5156 codices
725 5088 980 5156 quatuor
1001 5101 1104 5156 pro
1124 5085 1477 5154 νηπιάζονσιν
1495 5084 1715 5142 habent
1735 5083 1929 5156 νηπίαν

282 5149 467 5210 οὖσαν.
502 5149 918 5231 Μοοετοᾞυοο
937 5149 1128 5212 locum
1154 5149 1225 5213 de
1244 5149 1360 5231 Eva
1381 5149 1934 5231 accipiendum'esse

279 5241 414 5282 cum
447 5243 541 5283 res
560 5227 692 5299 ipsa
718 5226 1016 5300 loquatur,
1051 5245 1168 5285 non
1207 5228 1462 5286 multum
1492 5226 1730 5288 necesse
1761 5236 1930 5304 puta-

284 5314 439 5352 mus.

355 5369 434 5439 (7)
469 5369 662 5438 Recte,
696 5372 764 5425 ut
812 5369 983 5437 solet,
1014 5371 1238 5449 notavit
1265 5372 1532 5440 Ducasus,
1563 5388 1700 5449 voce
1720 5371 1934 5449 ἀνθρωτ

286 5439 500 5518 πότητα
520 5459 640 5518 non
657 5457 832 5498 omne
848 5457 1034 5518 gen_u_s
1055 5443 1362 5518 hominum
1374 5439 1936 5518 comprehendi,'sed

293 5513 580 5588 quosdam
608 5513 925 5588 duntaxat.
947 5515 1090 5586 Ejus
1123 5513 1774 5588 notamlegas‘suadeo.

298 5651 339 5708 Ρ
342 5584 558 5708 £21m
587 5601 689 5642 sex
719 5601 865 5642 mss.
899 5587 974 5642 At
991 5584 1208 5645 'vocula
1234 5587 1339 5643 ἀπό
1370 5584 1532 5644 deest
1562 5587 1623 5644 in
1681 5588 1940 5646 editione

342 5669 479 5713 "'18.

374 5725 450 5799 (9)
479 5729 565 5785 Ita
595 5742 744 5787 mu.
790 5729 1040 5802 septem.
1099 5727 1254 5788 Editi
1307 5743 1466 5801 vero,
1515 5723 1934 5807 αἴσχυνόμενος.

2111 4727 2225 4800 (10)
2258 4726 2380 4800 Illa,
2414 4723 2464 4780 ἐν
2501 4724 2694 4788 αὐλαῖς
2725 4724 2875 4780 οἹκου
2907 4725 3107 4800 Κυρίου
3139 4725 3189 4800 ἂν
3244 4724 3400 4800 μέσῳ
3449 4745 3544 4779 σου
3579 4725 3687 4800 :1:-

2043 4793 2531 4872 ρουσαλήμίροεῇ
2566 4816 2762 4856 vocem
2791 4793 3146 4872 παραλαϐών,
3177 4793 3519 4872 ἱῐίθάἱὶὶοηθ
3578 4797 3688 4872 Ρα-

2041 4868 2579 4944 τὶεηοίὶιιᾯοιὶ).
2618 4868 3212 4944 γρυίοιοιοευῐηυιιε
3275 4871 3377 4927 sed
3425 4886 3561 4944 cum
3594 4868 3682 4944 _in

2042 4942 2296 5000 editione
2327 4943 2500 5023 Basil.
2525 4949 2583 4999 et
2703 4943 2835 5023 aliis
2867 4940 3285 5023 sep—tempest
3326 4943 3559 5023 desint,‘
3592 4940 3685 5023 ip-

2042 5033 2108 5071 sa
2140 5032 2241 5087 pro
2274 5015 2692 5072 additamentis
2711 5011 3086 5072 librariorum
3107 5013 3448 5083 habuimus,
3474 5011 3685 5070 delevi-

2042 5104 2212 5144 musa
2223 5103 2312 5143 ue.

2112 5104 2212 5159 usq
2223 5104 2312 5143 ue.

2112 5159 2226 5230 (11)
2250 5159 2343 5214 Sic
2375 5157 2511 5230 Regi

2112 5174 2226 5230 (ιι)
2250 5174 2343 5214 διο
2375 5174 2450 5214 ne
2495 5175 2534 5213 ιι
2558 5174 2873 5229 secundus,
2897 5174 3124 5224 tertius,
3149 5174 3396 5230 quartus
3418 5174 3474 5212 et
3489 5174 3685 5213 sextus

2043 5246 2177 5300 cum
2210 5174 2814 5286 duobus%olbertinis
2864 5235 2921 5286 et
2950 5247 3083 5287 cum
3116 5229 3290 5286 Coisl.
3323 5228 3477 5285 Editi
3531 5244 3685 5300 vero,

2043 5299 2486 5378 ἀναστεφόμενοι,
2519 5307 2811 5378 vers_antes_.

2115 5375 2226 5448 (12)
2249 5370 2398 5446 Heg.
2433 5375 2748 5448 secundus,
2784 5370 3169 5448 βουλομένοις..

2116 5437 2231 5516 (13)
2262 5437 2595 5511 Auctorem,
2635 5437 3093 5503 dum'scrib'eret
3121 5445 3244 5512 illa,
3281 5437 3420 5516 μηδὶ
3448 5444 3526 5513 τῷ
3569 5457 3686 5516 -πα-

2045 5511 2219 5587 λαὶῷ,
2243 5523 2380 5584 etc.,
2413 5518 2484 5572 ad
2515 5521 2692 5588 caput
2721 5517 3013 5574 decimum
3073 5511 3309 5574 Levitici
3350 5511 3684 5584 respexisse

2043 5589 2244 5662 videth
2272 5592 2373 5662 qui
2403 5605 2518 5644 non
2542 5588 2778 5645 omnino
2801 5589 2977 5662 rudes
2995 5594 3138 5647 sunt
3161 5588 3614 5661 Soripturarum.

2119 5661 2229 5734 (14)
2257 5660 2417 5720 σου).
2449 5664 2719 5733 quartus,
2751 5661 2905 5716 Θεοῦ.

2517 5157 2873 5230 ῖίεοοοηᾱιιε,
2897 5159 3124 5224 tertius,
3149 5162 3396 5230 quartus
3418 5159 3474 5230 et
3489 5157 3689 5213 sextus
