4134 6212
428 328 544 390 115

1372 329 1776 391 APPENDIX
1820 326 2145 391 OPERUM
2194 327 2261 388 S.
2312 325 2585 389 BASILII
2631 325 2908 388 MAGNI.

3732 324 3854 388 116

426 462 761 517 severantes
791 458 850 512 in
880 457 1016 522 ﬂde,
1048 458 1289 531 perfecti
1350 458 1407 514 in
1459 462 1765 533 praeceptis
1823 458 2078 524 Domini,
2109 518 2113 526 ι

2224 456 2282 508 ,αἱ
2337 457 2412 528 μή
2464 455 2826 530 χωρισθείητε
2879 462 2980 526 τῆς
3055 453 3277 532 μερίδος
3345 460 3455 511 τῶν
3500 454 3854 528 σωζομένων,

430 548 527 605 cui
585 546 773 618 gloria
828 551 885 602 et
933 547 1244 620 imperium
1301 549 1361 604 in
1438 549 1652 605 saecula
1708 547 2082 606 saeculorum.

432 637 620 693 Amen
632 676 645 691 .

901 920 974 978 IN
996 921 1336 981 PSALMUM
1365 921 1621 980 CXXXII.

509 1007 659 1064 Audi
689 1007 924 1066 beatum
954 1011 1257 1083 Davidem,
1293 1012 1394 1086 qui
1446 1013 1589 1070 dicit
1636 1028 1739 1084 per
1795 1009 2088 1084 psalmum

437 1096 624 1167 (νεεδ.
659 1096 748 1167 1):
782 1100 915 1154 Ecce
942 1116 1091 1156 nunc
1140 1102 1272 1174 quid
1314 1102 1536 1172 bonum,
1571 1102 1654 1158 vel
1711 1100 1843 1173 quid
1883 1101 2089 1173 jucun-

439 1186 595 1252 dum,
623 1187 738 1241 nisi
765 1185 1023 1244 habitare
1060 1192 1261 1261 fratres
1301 1192 1361 1245 in
1425 1193 1645 1245 unum?
1692 1189 1919 1245 Etenim
1981 1204 2092 1242 non

442 1274 571 1328 suis
601 1272 792 1330 solum
826 1283 981 1332 recte
1028 1278 1199 1333 lactis
1228 1278 1559 1348 gaudebat;
1593 1279 1692 1333 sei
1724 1277 1899 1332 etiam
1950 1276 2091 1331 alio-

444 1379 578 1419 rum
634 1364 905 1434 aequitate
948 1366 1370 1422 oblectabatur.
1429 1367 1617 1430 Quare
1663 1368 1789 1439 ipse
1839 1367 2091 1439 quodam

445 1450 507 1507 in
530 1451 675 1520 loco,
707 1451 1072 1509 alacritatem
1122 1471 1325 1510 eorum
1384 1456 1487 1527 qui
1550 1456 1623 1511 ad
1680 1456 1904 1511 cultum
1964 1456 2094 1511 red-

448 1540 706 1595 dendum
764 1541 1064 1612 festinant,
1121 1543 1627 1615 circumspiciens,
1687 1561 1791 1617 per
1845 1544 2096 1599 Psalmi-

450 1634 604 1683 stam
636 1628 899 1686 dicebat:
933 1631 1169 1688 Leetatus
1197 1648 1320 1687 sum
1346 1634 1405 1687 in
1422 1633 1494 1689 iis
1513 1636 1613 1705 qui
1637 1633 1899 1689 dixerunt
1921 1633 2093 1687 mihi:

455 1720 518 1772 In
546 1716 767 1773 domum
795 1719 1015 1774 Domini
1043 1720 1265 1776 ibimus.
1301 1721 1514 1777 Stantes
1544 1727 1704 1778 erant
1728 1721 1890 1793 pedes
1920 1722 2101 1777 nostri

450 1806 512 1859 in
538 1805 720 1861 uttriis
750 1808 860 1862 tuis
887 1809 1195 1866 Jerusalem
1223 1810 1287 1865 ³⁵.
1321 1810 1574 1866 Omnino
1606 1811 1783 1881 igitur
1810 1828 1939 1871 eam
1971 1827 2097 1883 quas

448 1893 510 1948 in
542 1911 726 1950 unum
758 1895 835 1951 sit
866 1898 1239 1970 prasentiam
1270 1917 1404 1957 cum
1436 1900 1665 1967 viderit,
1727 1902 2100 1971 fraternoque

451 1983 656 2038 affectu
686 1984 1099 2055 delectaretur,
1129 1988 1439 2060 clamabat,
1472 1990 1710 2046 dicens:
1760 1992 1901 2046 Ecce
1955 2006 2104 2045 nunc

452 2071 594 2144 quid
623 2074 849 2145 bonum,
882 2074 972 2132 vel
1000 2077 1131 2149 quid
1139 2078 1473 2150 jucundum,
1496 2080 1609 2134 nisi
1623 2079 1881 2134 habitare
1903 2080 2104 2149 fratres

455 2163 515 2219 in
543 2168 757 2221 unum?
783 2165 971 2223 Causa
1000 2184 1126 2239 qua
1158 2185 1227 2225 ex
1258 2169 1453 2226 divino
1486 2175 1770 2242 praecepto
1793 2172 2001 2226 fratres
2030 2169 2102 2224 ad

452 2268 803 2309 consensum
823 2257 1002 2325 atque
1024 2254 1395 2312 concordiam
1418 2257 1679 2324 adducit,
1701 2255 2103 2314 incredibilem

454 2339 632 2394 habet
660 2338 1013 2397 bonitatem:
1046 2343 1119 2398 ab
1149 2342 1258 2399 hac
1288 2348 1485 2400 autem
1518 2344 1778 2400 bonitate
1797 2361 1870 2399 ne
1888 2345 2106 2414 jucun-

457 2427 610 2483 ditas
640 2427 878 2499 quidem
904 2429 1094 2487 divisa
1113 2436 1223 2488 est.
1243 2431 1473 2505 Singuli
1495 2435 1652 2488 enim
1678 2432 1775 2504 qui
1796 2433 2103 2499 adsumus,

458 2532 657 2574 amore
685 2518 935 2589 proximi
969 2520 1252 2588 fruentes,
1284 2523 1343 2577 in
1376 2521 1873 2596 multavoluptate
1890 2522 2107 2579 constio

458 2604 572 2661 tuti
601 2622 825 2663 sumus.
851 2607 1037 2672 Quare
1055 2615 1115 2665 et
1133 2610 1543 2666 convenienter
1566 2612 1795 2668 dicebat
1818 2628 1831 2667 :
1859 2611 2000 2681 Quid
2016 2613 2107 2667 bo-

459 2711 616 2764 num,
648 2697 731 2752 vel
757 2698 893 2769 quid
922 2701 1262 2772 jucundum,
1313 2702 1429 2756 nisi
1483 2701 1735 2758 habitare
1789 2706 1990 2773 fratres
2050 2701 2109 2756 in

461 2800 635 2840 unum
655 2788 682 2839 .9
704 2786 885 2846 Vsus.
913 2788 966 2842 2.
997 2788 1153 2845 Sicut
1200 2798 1542 2861 unguentum
1568 2791 1625 2845 in
1646 2793 1826 2862 capite
1853 2790 1999 2863 quod
2018 2790 2109 2847 de-

455 2873 671 2930 scendit
694 2875 751 2931 in
785 2875 1033 2944 barbam,
1049 2878 1280 2934 barbum
1298 2880 1501 2935 Aaron.
1526 2879 1748 2952 Quippe
1765 2897 1900 2936 cum
1922 2880 2112 2953 gratia

461 2979 715 3035 superne
735 2966 918 3022 eccnlo
940 2984 976 3023 a
993 2965 1292 3024 Salvatore
1316 2967 1377 3023 in
1401 2967 1715 3024 Ecclesiam
1736 2969 2107 3039 diffunditur,

2196 541 2541 616 διαμίνοντες
2593 542 2644 599 ἐν
2691 548 2760 618 τῇ
2805 544 3002 612 πίστει,
3035 543 3410 618 τελειούμενοι
3454 543 3506 598 ἐν
3544 548 3663 605 ταῖς
3711 542 3861 598 ἐντο-

2197 631 2323 695 λαῖς
2350 636 2449 688 τοῦ
2497 632 2719 707 Κυρίου,
2752 633 2799 705 ᾧ
2840 635 2875 703 ἡ
2928 631 3054 705 δόξα
3101 633 3192 688 καὶ
3238 634 3304 688 τὸ
3350 634 3574 711 κράτος,
3605 631 3680 695 εις
3722 631 3856 695 τοὺς

2194 720 2398 786 αἰῶνας
2424 726 2532 777 τῶν
2566 722 2799 779 αΐώνων.
2839 724 3035 796 Ἀμήν.

2530 923 2645 973 E12:
2684 923 2812 973 TON
2852 923 2996 974 PAB’
3042 922 3339 975 ΨΑΑΜΟΝ
3376 919 3509 992 (15).

2270 1007 2471 1062 Ἀκουε
2493 1011 2590 1062 τοῦ
2625 1007 2890 1084 μακαρίου
2922 1002 3089 1063 Δαϐὶδ
3138 1005 3388 1083 λίγοντες
3436 1004 3526 1062 διὰ
3569 1011 3666 1063 τοῦ
3707 1004 3853 1081 ψαλ-

2203 1098 2309 1169 μοῦ
2343 1113 2356 1127 θ
2391 1090 2533 1150 Ἰδοὺ
2572 1092 2662 1166 δὴ,
2713 1095 2767 1151 τί
2811 1094 3003 1166 καλὸν,
3032 1094 3068 1166 ἢ
3117 1095 3171 1151 τί
3221 1097 3474 1173 τερπνὸν,
3513 1098 3625 1168 (16)
3669 1116 3855 1151 κατοι-

2198 1188 2312 1238 κεῖν
2360 1180 2630 1262 ἀδελφοὺς
2682 1184 2768 1239 ἐπὶ
2815 1185 2879 1240 τὸ
2924 1184 3193 1255 αὐτό;Οὐ
3246 1184 3409 1258 μόνον
3458 1185 3564 1261 γὰρ
3606 1184 3694 1240 ἐπὶ
3739 1190 3858 1247 τοῖς

2203 1271 2432 1335 οἰκείοις
2462 1274 2881 1349 κατορθώμασιν
2916 1270 3157 1350 ἔχαιρεν,
3180 1272 3325 1330 ἀλλᾶ
3349 1274 3438 1328 καὶ
3484 1276 3554 1348 τῇ
3605 1278 3713 1329 τῶν
3765 1271 3863 1329 ἅλ-

2205 1357 2320 1414 λων
2353 1358 2741 1439 ἐπευφραίνετο
2770 1361 3018 1435 εὐνομίᾳ·
3045 1363 3118 1424 ὣς
3146 1383 3253 1417 που
3284 1362 3580 1433 αὐτὸς,τήν
3609 1360 3859 1432 σπουδὴν

2202 1453 2308 1502 τῶν
2342 1448 2430 1504 ἐπὶ
2461 1450 2558 1519 τήν
2594 1450 2846 1527 λατρείαν
2876 1448 3217 1507 σπευδόντων
3246 1451 3599 1525 θεασάμενος,
3634 1448 3726 1506 διὰ
3764 1454 3863 1507 τοῦ

2205 1535 2528 1612 Ψαλμῳδοῦ
2575 1543 2689 1613 (17)
2737 1534 2922 1613 ἔλεγεν
2951 1560 2963 1573 ·
3012 1540 3334 1620 Εὐφράνθην
3396 1540 3483 1596 ἰπὶ
3539 1546 3657 1604 τοῖς
3705 1540 3862 1617 εἰρη-

2204 1625 2325 1680 κόσι
2386 1647 2520 1700 μοι’
2574 1627 2670 1692 Εἲς
2730 1628 2879 1684 οἶκον
2940 1629 3148 1704 Κυρίου
3204 1630 3601 1707 πορευσόμεθα.
3656 1626 3864 1688 Ἑπῶ-

2205 1735 2293 1777 τες
2359 1714 2496 1785 ἦσαν
2573 1718 2625 1772 οἱ
2692 1714 2856 1780 πόδες
2932 1721 3094 1792 ἡμῶν
3164 1717 3216 1774 ἐν
3297 1724 3417 1782 ταῖς
3488 1717 3681 1782 αὐλαῖς
3740 1707 3877 1787 σουξ

2206 1803 2590 1878 Ἰερουσαλήμ.
2624 1807 2845 1868 Πάντως
2876 1804 2966 1862 οὖν
2999 1806 3089 1862 ἐπὶ
3120 1807 3182 1862 τὸ
3221 1807 3355 1863 αὐτὸ
3403 1808 3503 1877 τὴν
3561 1807 3858 1883 παρουσίαν

2209 1888 2364 1961 ἰδὼν,
2395 1892 2483 1947 καὶ
2512 1897 2581 1967 τῇ
2613 1890 2879 1972 ἀδελφικῇ
2913 1892 3145 1951 διαθέσει
3174 1895 3443 1975 τερφθεὶς,
3475 1890 3624 1966 ἐϐόα,
3659 1893 3857 1973 λέγων’

2212 1978 2351 2036 Ἰδοὺ
2411 1980 2500 2051 δὴ,
2532 1980 2586 2038 τί
2627 1981 2818 2057 καλὸν⁹
2860 1983 2896 2054 ἢ
2953 1985 3005 2039 τί
3061 1985 3316 2059 τερπνὸν,
3365 1982 3488 2040 ἀλλ’
3526 1984 3563 2055 ἢ
3609 1985 3672 2041 τὸ
3727 2006 3861 2040 κατ-

2212 2076 2378 2126 οικεῖν
2440 2068 2709 2150 ἀδελφοὺς
2780 2072 2867 2128 ἰπὶ
2934 2071 2997 2129 τὸ
3071 2072 3240 2144 αὐτό;
3298 2074 3360 2130 Ἦ
3438 2076 3533 2149 μὲν
3610 2074 3863 2139 ὑπόθεσις

2208 2164 2315 2215 τῶν
2367 2157 2615 2238 ἀδελφῶν
2672 2165 3084 2239 σογκροτήσεως
3135 2162 3194 2218 ὲκ
3241 2162 3387 2228 θείου
3444 2164 3864 2241 προστάγματος

2211 2244 2619 2327 ἀνυπέρϐλητον
2673 2250 2789 2328 εἶχε
2835 2252 2897 2307 τὸ
2954 2249 3122 2308 καλόν
3152 2271 3165 2285 ⁸
3196 2252 3392 2309 τούτου
3426 2250 3485 2308 δὲ
3539 2257 3636 2308 τοῦ
3691 2250 3867 2309 καλοῦ

2214 2335 2341 2394 οὐδὲ
2367 2340 2431 2394 τὸ
2459 2339 2686 2414 τερπνὸν
2717 2341 3073 2417 κεχώρισται.
3114 2343 3369 2397 Ἕκαστοι
3420 2340 3524 2418 γὰρ
3568 2345 3678 2397 τῶν
3727 2361 3867 2416 παρ-

2214 2426 2388 2483 όντων
2439 2427 2804 2493 ἀπολαύοντες
2846 2436 2949 2499 τῆς
2995 2428 3055 2485 ἐκ
3102 2434 3199 2486 τοῦ
3254 2427 3492 2499 πλησίον
3554 2429 3765 2508 ἀγάπης
3814 2429 3868 2486 ἐν

2215 2515 2404 2590 πολλῇ
2434 2517 2856 2592 καθεστήκειμεν
2888 2522 2957 2594 τῇ
3004 2516 3267 2594 θυμηδίᾳ.
3294 2522 3454 2576 Ὥστε
3495 2520 3587 2577 καὶ
3631 2517 3872 2576 ἀκολού-

2216 2605 2322 2667 θως
2390 2601 2611 2680 ἓλιγεν·
2663 2608 2729 2663 Τί
2791 2605 2999 2677 καλὸν,
3049 2609 3083 2677 ἢ
3136 2606 3190 2663 τί
3236 2608 3500 2685 τερπνὸν,
3549 2605 3676 2663 ἀλλ’
3711 2605 3750 2678 ἢ
3804 2607 3870 2666 τὸ

2216 2699 2487 2750 κατοικεῖν
2546 2692 2813 2773 ἀδελφοὺς
2865 2694 2953 2751 ἐπὶ
3030 2696 3093 2752 τὸ
3181 2695 3349 2767 αὐτό;
3407 2702 3494 2759 Ὠς
3554 2696 3722 2773 μόρον
3779 2695 3869 2753 ἰπὶ

2218 2787 2463 2859 κεφαλῆς
2511 2785 2574 2839 τὸ
2625 2781 2947 2842 καταϐαῖνον
3006 2785 3093 2841 ἐπὶ
3147 2787 3425 2861 πώγωνα,
3482 2786 3576 2842 τὸν
3631 2787 3870 2862 πώγωνα

2217 2877 2310 2932 τὸν
2348 2876 2583 2953 ’Δαρών.
2616 2879 2730 2946 Τῆς
2789 2876 3017 2954 χάριτος
3076 2879 3278 2943 ἄνωθεν
3339 2879 3391 2949 ἐξ
3441 2878 3672 2955 οὐρανοῦ
3723 2878 3871 2953 παρᾶ

2218 2963 2316 3022 τοῦ
2363 2972 2626 3042 Σωτῆρος
2679 2965 2767 3021 ἐπὶ
2816 2967 2913 3036 τὴν
2957 2963 3284 3036 Ἐκκλησίαν
3334 2964 3687 3041 ἐκχεομένης,
3720 2958 3869 3021 εἲκό-

464 3050 674 3108 animse
704 3058 1042 3113 sanctorum
1075 3055 1314 3129 choragi
1347 3073 1585 3128 munus,
1616 3056 1792 3129 idque
1841 3058 2108 3129 incorpo-

2224 3075 2332 3116 τως
2367 3035 2846 3127 μεταλαμϐάνουσι
2877 3061 2978 3124 τῆς
3016 3053 3310 3125 ἀσωμάτου
3357 3035 3448 3107 καὶ
3498 3035 3876 3126 πνευματικῆς

465 3155 631 3195 reum
663 3146 722 3196 et
751 3141 1192 3215 spiritale,jure
1250 3144 1599 3201 sortiuntur.
1649 3145 1821 3202 Vens.
1854 3147 1906 3200 3.
1963 3145 2117 3201 Sicut

465 3244 555 3284 ros
583 3230 811 3285 £rmon
842 3233 939 3303 qui
966 3230 1245 3288 descendit
1276 3249 1438 3304 super
1466 3241 1672 3289 montes
1701 3233 1852 3289 Sion.
1905 3234 2117 3298 Quem-

469 3316 788 3373 admodum
805 3320 961 3375 enim
976 3337 1071 3376 ros
1086 3321 1183 3392 qui
1198 3322 1502 3378 descendit
1514 3323 1573 3378 in
1589 3328 1849 3379 montem
1860 3324 2120 3397 Ermon,

472 3405 730 3462 multum
761 3407 939 3463 efficit
960 3408 1288 3481 splendoris
1318 3428 1332 3479 ;
1363 3410 1447 3467 ita
1468 3417 1526 3467 et
1555 3411 1883 3484 spiritualis
1915 3431 2009 3470 ros
2031 3414 2121 3468 in-

472 3496 691 3552 visibili
728 3499 903 3554 modo
933 3515 1108 3571 super
1137 3505 1366 3557 montes
1396 3502 1536 3558 Sion
1572 3503 1957 3574 descendens,
2016 3503 2126 3560 hoc

487 3585 620 3641 dem
648 3586 805 3642 facit.
827 3587 931 3645 Hic
946 3588 1247 3646 undelibet
1272 3591 1447 3648 ﬁebat
1467 3608 1822 3666 congressus
1854 3593 2125 3665 fratrum,

479 3673 914 3748 utilitatemque
984 3678 1297 3736 animabus
1364 3696 1567 3737 earum
1623 3683 2127 3739 accommodatam

473 3760 773 3820 afferebat.
803 3765 880 3821 De
894 3768 988 3823 37
1005 3768 1042 3822 7
1066 3768 1194 3835 hoc,
1221 3768 1446 3842 opinor,
1462 3770 1666 3837 ,divino
1688 3788 1836 3839 rore,
1856 3772 1956 3845 qui
1989 3789 2128 3829 san-

475 3850 553 3906 cti
585 3851 843 3923 Spiritus
879 3855 1320 3926 operationibus
1379 3864 1775 3931 comparatur,
1830 3861 2130 3918 disserens

476 3939 683 4010 Isaias,
717 3941 834 3999 ait:
865 3944 969 4000 Bos
1007 3946 1160 4001 enim
1216 3952 1347 4002 tuus
1384 3948 1598 4005 medela
1641 3958 1719 4005 est
1751 3950 1885 4021 ipsis
1905 3949 1970 4005 ³⁸.
2028 3951 2131 4008 Ras

473 4028 659 4102 igitur
687 4033 938 4101 ﬁrmari,
987 4036 1083 4107 qui
1137 4036 1419 4092 descendit
1465 4053 1632 4109 super
1685 4041 1895 4095 montes
1959 4038 2130 4096 Sion:

476 4121 742 4190 quoniam
792 4122 874 4178 ibi
928 4123 1216 4181 mandavit
1272 4126 1536 4182 Dominus
1561 4127 2011 4195 benedictionem,
2043 4130 2128 4185 vi-

474 4211 610 4264 tam.
647 4208 847 4266 Multis
875 4210 935 4266 in
963 4211 1105 4268 locis
1137 4214 1408 4287 promisit
1428 4214 1603 4282 Deus,
1634 4214 1948 4271 sicutdixit
1976 4215 2130 4287 Moy-

477 4310 609 4351 ses:
642 4298 814 4370 Atque
840 4300 1104 4357 custodiet
1129 4302 1394 4358 Dominus
1427 4306 1808 4359 testamentum
1858 4308 1913 4360 et
1961 4305 2129 4361 mise-

2228 3142 2511 3219 χωρηγίας
2561 3144 2675 3216 (18)
2717 3144 2772 3197 αἱ
2830 3147 2939 3197 τῶν
2991 3142 3158 3216 ἁγίων
3208 3141 3402 3217 ψυχαί.
3451 3142 3543 3205 Ὦς
3599 3139 3795 3217 δρόσος
3843 3145 3879 3213 ἡ

2230 3231 2501 3307 Ἀερμὼν,
2531 3232 2566 3299 ἡ
2597 3226 2993 3286 καταϐαίνουσα
3033 3229 3118 3285 ἐπὶ
3177 3231 3247 3285 τὰ
3303 3226 3405 3307 ὅρη
3468 3231 3633 3288 Σιών.
3672 3233 3883 3308 ’Ὠσπερ

2231 3319 2335 3396 γὰρ
2388 3322 2423 3390 ἠ
2482 3316 2673 3395 δρόσος
2734 3321 2769 3390 ἡ
2830 3318 2917 3373 ἐπὶ
2965 3320 3056 3374 τὸν
3118 3319 3364 3394 ’Λερμὼν
3421 3317 3682 3376 κατιοῦσα
3733 3317 3885 3398 ὅρος,

2232 3407 2451 3477 πολλὴν
2493 3406 2623 3463 αὐτὸ
2670 3409 2784 3481 (19)
2832 3413 3067 3463 ποιεῖται
3112 3407 3213 3477 τήν
3259 3407 3624 3484 λαμπρότητα
3651 3428 3663 3443 ·
3712 3409 3889 3473 οὕτως

2235 3498 2392 3568 καὶὴ
2432 3498 2603 3568 νοητὴ
2665 3494 2879 3573 δρόσος,
2913 3495 3158 3574 ἀοράτως
3210 3501 3468 3553 κατιοῦσα
3525 3496 3613 3554 ἐπὶ
3665 3499 3733 3554 τὰ
3785 3494 3892 3574 ὅρη

2178 3642 2185 3649 ,
2238 3589 2406 3655 Σιὼν,
2457 3584 2580 3642 ἔνθα
2622 3588 2658 3656 ἡ
2719 3583 3030 3648 συνέλευσις
3077 3589 3185 3641 τῶν
3245 3586 3582 3663 πανταχόθεν
3640 3584 3894 3666 ἀδελφῶν

2238 3675 2505 3753 ἐγίγνετο,
2536 3676 2634 3745 τήν
2670 3672 2939 3750 ἀνάλογον
2963 3679 3083 3739 ταῖς
3128 3676 3334 3751 ψυχαῖς
3362 3673 3539 3731 αὐτῶν
3590 3675 3896 3753 περιεποίει

2240 3765 2530 3846 ὠφέλειαν.
2560 3763 2689 3841 Περὶ
2729 3763 2933 3835 ταύτης
2990 3764 3146 3836 οἶμαι
3194 3770 3297 3833 τῆς
3349 3762 3494 3827 θείας
3539 3762 3759 3842 δρόσου,
3789 3770 3894 3835 τῆς

2241 3853 2641 3927 ἀπεικασμένης
2689 3857 2806 3914 ταῖς
2857 3850 3143 3927 ἐνεργείαις
3197 3849 3294 3907 τοῖ’)
3343 3851 3501 3928 ἁγίου
3554 3853 3891 3927 Ιίνεύματος,

2241 3948 2269 4002 ὁ
2315 3942 2532 4005 Ἡσαΐας
2592 3940 2979 4018 διαλεγόμενος
3057 3945 3269 4019 φάσκει·
3323 3942 3387 3999 Ἠ
3444 3942 3549 4017 γὰρ
3606 3939 3801 4018 δρόσος
3851 3945 3891 4011 ἡ

2238 4032 2386 4108 παρὰ
2462 4035 2579 4105 σοῦ,
2639 4028 2776 4104 ἴαμα
2856 4028 3042 4092 αὐτοῖς
3124 4028 3264 4085 ἐστιν
3292 4072 3307 4086 .
3363 4030 3431 4087 Ἡ
3515 4027 3708 4107 δρόσος
3795 4028 3892 4086 οὖν

2240 4123 2514 4197 Ἀερμὼν,
2574 4122 2610 4190 ἡ
2665 4113 3060 4175 καταϐαίνουσα
3115 4116 3203 4174 ἒπὶ
3281 4118 3350 4175 τὰ
3405 4114 3507 4195 ὅρη
3559 4120 3702 4176 Σιών
3736 4136 3753 4153 ⁸
3807 4120 3896 4175 δτι

2236 4211 2350 4268 ἐκεῖ
2387 4208 2694 4266 ἐνετείλατο
2743 4207 2950 4284 Κύριος
2992 4209 3092 4278 τὴν
3162 4206 3459 4285 εὐλογίαν,
3513 4210 3693 4280 ζωήν.
3750 4207 3902 4266 Πολ-

2242 4299 2422 4377 λαχοῦ
2471 4298 2838 4374 ἐπηγγείλατο
2896 4298 2925 4353 ὁ
2983 4295 3135 4367 Θεὸς,
3168 4298 3243 4361 ὡς
3299 4298 3414 4353 εἶπε
3466 4299 3751 4369 Μωϋσῆς’
3794 4298 3899 4355 Καὶ

486 4384 820 4455 ricordiam,
850 4389 995 4443 sicut
1012 4388 1235 4461 juravit
1263 4391 1519 4462 patribus
1549 4393 1677 4459 tuis,
1709 4396 1762 4448 et
1799 4392 2017 4463 diliget,
2076 4410 2113 4450 ei

2235 4387 2547 4468 διαφυλάξει
2580 4386 2780 4463 Κύριος
2834 4387 2937 4457 τήν
2996 4385 3264 4458 διαθήκην
3321 4385 3412 4443 καὶ
3470 4386 3535 4443 τὸ
3595 4384 3770 4461 ἔλεος,
3826 4388 3905 4451 ὡς

477 4471 752 4530 benedicct
782 4483 854 4544 te,
884 4480 935 4532 et
964 4477 1355 4550 muttiplicabit
1408 4481 1721 4552 progeniem
1758 4483 1965 4538 ventris
2023 4483 2124 4550 tui,

475 4568 527 4616 et
551 4563 797 4632 fructum
823 4568 986 4621 terrae
1012 4569 1141 4622 tute.
1175 4566 1244 4622 Et
1264 4567 1589 4639 subjunxit,
1649 4569 1883 4626 dicens:
1953 4571 2128 4626 Vitam

476 4665 646 4722 usque
675 4652 734 4707 in
762 4654 1034 4711 saeculum
1052 4654 1115 4709 ³⁷.
1144 4656 1275 4712 Ecce
1304 4673 1452 4711 nunc
1480 4656 1616 4729 quid
1633 4659 1969 4730 bonum,vet
1999 4660 2131 4732 quid

474 4740 801 4817 jucundum,
830 4744 946 4800 nisi
972 4744 1229 4801 habitare
1256 4746 1465 4817 fratres
1526 4749 1587 4803 in
1642 4751 1865 4804 unum?
1918 4765 2130 4821 quem-

477 4828 797 4889 admodum
825 4835 883 4889 et
909 4832 1096 4891 vocati
1143 4833 1305 4892 estis.
1335 4835 1482 4894 Unus
1512 4838 1802 4909 Dominus,
1833 4854 1945 4894 una
1973 4839 2129 4910 ﬁdes,

548 4954 597 4993 ⁸⁸
625 4955 778 5015 Psal.
837 4974 987 5028 CXXI,
1020 4961 1157 5033 1,2.
1232 4961 1277 4998 ⁸⁸
1333 4962 1427 5020 lss
1478 4980 1631 5036 xxvr,
1689 4964 1779 5021 19.

561 5082 834 5159 (45)”Ilaac
864 5085 1265 5158 interpretatio
1286 5087 1494 5159 psalmi
1511 5088 1807 5145 centisimi
1838 5087 2125 5145 tricesimi

479 5155 723 5231 secundi
752 5156 814 5231 in
854 5155 1051 5231 codice
1066 5155 1486 5231 antiquissimo
1520 5161 1636 5215 RR.
1665 5166 1903 5216 Patrum
1934 5160 1994 5215 S.
2018 5158 2128 5215 Ba-

480 5230 596 5288 silii
623 5228 905 5303 tribuitur
928 5230 1163 5286 Basilio.
1197 5228 1307 5287 Sed
1332 5237 1617 5303 quantum
1641 5233 1726 5287 fas
1746 5238 1836 5287 est
1858 5232 2126 5303 judicare

479 5304 551 5360 de
581 5300 864 5371 opusculo
897 5302 977 5356 ita
1004 5303 1182 5373 brevi,
1209 5300 1431 5359 videtur
1463 5304 1656 5373 potius
1689 5305 1840 5357 fetus
1860 5300 2000 5358 'esse
2022 5302 2127 5357 ho-

481 5374 683 5438 minis,
715 5373 814 5444 qui
845 5373 1171 5429 eruditione
1231 5381 1289 5428 et
1324 5374 1599 5428 facundia
1645 5373 1859 5430 Basilio
1915 5375 2126 5446 Magno

480 5445 1080 5517 longeinl‘eriorerat,
1114 5444 1234 5517 A_lii_
1254 5444 1463 5517 melius
1488 5443 1863 5517 judicabunt.

505 5462 653 5504 0028
674 5462 915 5502 IDIBI‘IOI‘
943 5462 1080 5500 erat.
1114 5462 1225 5499 Alll
1254 5462 1463 5500 manus
1488 5462 1863 5504 ,IUOlOﬁDUDE.

553 5512 667 5592 (f6)
698 5515 866 5588 Illud,
898 5514 1023 5571 ἀλλ’
1048 5512 1189 5592 ἢντ-ό,
1220 5515 1331 5572 hoc
1351 5512 1896 5588 locosupplendum
1919 5520 2029 5586 est,
2063 5519 2131 5573 ut

478 5586 731 5664 putate:
746 5586 1262 5664 consequentibus.

553 5653 1066 5735 (17)Dubium'non
1089 5663 1178 5717 est
1204 5654 1347 5729 quin
1377 5673 1482 5731 pro
1502 5653 1834 5735 Ψαλμῳδοῢ
1854 5657 1971 5734 1οεί
2020 5658 2129 5717 ds-

2238 4473 2442 4552 ὤμωσε
2497 4480 2617 4539 τοῖς
2675 4475 2908 4552 πατράσι
2960 4495 3057 4531 σου
3089 4518 3104 4545 ,
3162 4473 3253 4530 καὶ
3311 4475 3580 4551 ἀγαπήσει
3656 4497 3755 4545 σε,
3807 4477 3902 4533 καὶ

2239 4566 2537 4643 εὐλογήσει
2587 4585 2668 4636 σε,
2693 4562 2783 4619 καὶ
2839 4562 3110 4635 πληθυνεῖ
3164 4562 3231 4618 τὰ
3290 4558 3482 4640 ἔκγονα
3534 4567 3635 4634 τῆς
3681 4562 3900 4627 κοιλίας

2241 4678 2359 4726 σου,
2411 4655 2502 4710 καὶ
2583 4655 2677 4710 τὸν
2734 4653 2942 4728 καρπὸν
2997 4654 3097 4721 τῆς
3142 4658 3244 4729 γῆς
3300 4673 3419 4711 σου.
3467 4653 3582 4710 Καὶ
3634 4651 3903 4730 ἐπήνεγκε

2240 4744 2452 4823 λόγων·
2485 4744 2640 4813 Ζωῆν
2693 4738 2799 4806 ἕως
2844 4744 2942 4797 τοῦ
2999 4738 3218 4804 αἰῶνος.
3268 4738 3410 4799 Ἰδοὺ
3468 4740 3560 4814 δὴ,
3607 4741 3664 4800 τί
3700 4738 3893 4815 καλὸν,

2238 4836 2276 4905 ἢ
2330 4834 2385 4889 τί
2433 4832 2688 4908 τερπνὸν,
2747 4827 2873 4887 ἀλλ’
2926 4829 2964 4899 ἢ
3014 4829 3079 4884 τὸ
3133 4835 3405 4888 κατοικεῖν
3465 4827 3740 4911 ἀδελφοὺς
3802 4831 3896 4888 ἀπὶ

1880 4965 1924 5001 ⁸⁷
1954 4964 2125 5021 Deut.
2155 4979 2258 5035 vn,
2291 4962 2379 5031 12,
2414 4961 2499 5017 13.
2611 4944 2614 4946 ⁷

2236 5088 2372 5169 beat
2396 5081 2621 5169 ψαλμοῦ
2649 5100 2748 5156 per
2766 5082 3044 5156 psalmum
3070 5097 3085 5139 :
3111 5085 3170 5139 et
3227 5083 3310 5141 ita
3369 5087 3644 5159 superius
3698 5101 3898 5142 emen-

2238 5159 2372 5215 date
2401 5158 2639 5229 legitur.
3452 5158 3463 5159 ’

2309 5230 2419 5302 (18)
2453 5230 2560 5284 Pro
2590 5223 2876 5302 χωρηγίας
2908 5224 3245 5298 suspicatus
3267 5243 3399 5283 sum
3425 5226 3540 5301 legi
3563 5229 3771 5302 debere
3803 5245 3902 5302 χο-

2245 5299 2437 5385 ρηγίας
2468 5318 2571 5373 per
2595 5299 2848 5385 simplest
2878 5313 3293 5370 o,quanquam,
3327 5299 3638 5385 utuvérum
3690 5299 3897 5385 fatear,

2240 5368 2309 5430 ea
2331 5368 2604 5457 'ipsa'vox
2629 5368 2883 5498 Βίορηγία
2937 5368 3049 5456 non
3086 5368 3291 5453 parum
3324 5371 3469 5429 mihi
3502 5377 3777 5456 suspecta
3797 5368 3896 5428 sit.

2240 5445 2436 5502 Malim
2469 5461 2624 5516 simp
2654 5448 3264 5517 ic1ter_xapaq,an_im&2
3278 5448 3596 5500 sanctorum
3634 5459 3895 5516 incorpo-

2241 5462 2436 5502 Maum
2469 5462 2816 5516 mmpucuer
2842 5462 3264 5517 χαρας,αηιηιᾶξ
3278 5462 3596 5500 sanctorum
3634 5462 3826 5516 incorp

2239 5514 2857 5602 resarsurum“
2883 5515 3231 5602 vindmier
3257 5517 3665 5602 ρετῖειιιιηιυπο.
3815 5583 3827 5602 .

2236 5580 2625 5718 ΕέίθγΑὐτό,
2683 5586 2850 5644 Forte
2885 5580 3064 5658 αὐτῷ,
3096 5580 3308 5659 nempe
3333 5580 3418 5645 τῶ
3449 5580 3562 5663 ὄρει
3619 5583 3892 5662 ’Δερμιίιν.

2322 5675 2396 5719 IT.
