4108 6214
294 347 418 406 H7
1053 345 1458 411 COMMENT.
1506 351 1582 411 IN
1632 349 1898 412 lSAIAM
1948 353 2450 416 PROPHETAM.
2498 355 2980 418 PROOEMIUM.
3605 356 3724 416 “8

289 479 356 531 τὸ
389 477 526 532 αὖτό
561 497 574 545 ;
609 477 791 539 καθὼς
823 477 914 533 καὶ
945 477 1235 550 ἐκλήθητε.
1258 481 1344 542 Εἷς
1378 480 1596 556 Κύριος,
1632 481 1728 553 μία
1753 480 1911 536 πίστι.

2096 504 2248 541 mum
2279 487 2544 558 baptisma
2568 507 2587 543 :
2619 506 2762 544 unus
2791 496 2930 545 Deus
2961 492 3012 544 et
3060 489 3241 554 Pater,
3291 488 3386 558 qui
3425 493 3506 544 est
3550 504 3718 558 super

287 564 348 619 ’ἐν
409 567 720 641 βαπτισμαο
784 568 857 630 εἷς
917 569 1045 630 Θεὸς
1101 568 1188 622 καὶ
1251 570 1457 643 Πατήρ,
1519 571 1546 622 ὁ
1601 569 1686 624 ἐπὶ
1745 570 1909 624 πάντα

2092 593 2276 643 ιιηηεδ,
2311 586 2362 632 et
2392 595 2493 648 per
2522 581 2728 642 omnia,
2752 583 2802 632 et
2828 582 2886 632 in
2909 579 3161 634 omnibus
3181 579 3243 633 ³⁸.
3270 580 3401 632 Ecce
3416 595 3564 633 nunc
3585 580 3714 650 quid

287 654 383 707 καὶ
443 653 538 708 διὰ
586 655 805 708 πάντων
862 655 950 709 καὶ
1003 654 1052 710 ἐν
1105 661 1287 710 πᾶσιν.
1338 654 1480 713 Ἰδοὺ
1529 654 1620 724 δὴ,
1665 657 1716 711 τί
1766 657 1909 712 καλὸη

2089 682 2296 731 mnum,
2331 668 2410 721 vel
2440 668 2572 738 quid
2600 669 2934 739 jucundum,
2964 670 3084 723 nisi
3129 668 3385 722 habitare
3430 669 3629 737 fratres
3654 669 3711 722 in

287 744 326 812 ἦ
385 743 443 798 τί
502 744 754 818 τερπνὸν,
814 743 942 800 ἀλλ’
1004 744 1036 813 ἢ
1096 746 1158 800 τὸ
1211 753 1482 801 κατοικεῖν
1546 743 1815 824 ἀδελφοὺς
1869 747 1909 801 i1

2089 759 2288 811 mum?
2320 774 2431 810 non
2467 757 2524 811 in
2556 774 2836 828 corporea
2868 757 3082 826 solum,
3135 759 3234 813 sed
3287 758 3463 812 etiam
3513 757 3572 810 in
3605 756 3711 812 hac

282 834 350 888 τὸ
386 833 520 888 αὐτό
547 861 561 902 ;
592 835 696 889 οὐκ
726 832 777 889 ἐν
821 831 960 906 οἴκῳ
1013 835 1177 908 μόνον
1223 841 1543 909 σωματικῷ,
1578 835 1723 892 ἀλλὰ
1766 837 1855 891 καὶ
1903 864 1904 885 ι

2086 852 2275 901 sancta
2305 851 2480 918 atque
2513 846 2805 918 spirituali
2855 847 3050 902 domo.
3106 848 3310 902 Domus
3356 847 3514 902 enim
3566 863 3708 915 mea,

282 921 476 995 τούτῳ
502 927 584 994 τῷ
635 921 773 998 ἁγίῳ
811 923 901 978 καὶ
941 930 1314 997 manuarium.
1367 926 1426 982 Ὁ
1478 925 1582 1001 γὰρ
1625 925 1774 989 οἶκός
1827 947 1904 999 μοη

2091 936 2282 1006 nquit,
2315 935 2505 991 domus
2537 938 2812 992 oratio-nis
2845 937 3128 994 vocabitur
3145 937 3209 992 ιθ.
3234 935 3382 1000 Quin
3406 941 3464 992 et
3485 952 3592 992 nos
3613 953 3712 1015 qu!

284 1013 482 1089 φησὶν,
517 1013 669 1075 οἶκος
701 1021 1019 1090 προσευχῆς
1050 1014 1408 1086 κληθήσεται.
1447 1013 1622 1073 Ἀλλά
1650 1017 1738 1070 καὶ
1787 1017 1906 1090 ἠμε’

2068 1023 2285 1080 fuimus
2323 1025 2624 1095 illustrati,
2657 1027 2860 1082 eodem
2896 1031 3196 1098 unguento
3249 1025 3451 1082 donati
3481 1041 3690 1081 sumus

281 1107 383 1156 τοῦ
446 1102 618 1157 αὐτοῦ
701 1102 876 1177 μύρου
951 1103 1369 1178 κατηξιώθημεν
1447 1107 1498 1159 οἱ
1573 1104 1903 1183 φωτισθέντεη

2092 1119 2212 1169 tam
2244 1117 2505 1171 Salvator
2535 1120 2738 1172 noster
2769 1115 3033 1171 Christus
3077 1131 3282 1171 omnes
3333 1131 3439 1171 nos
3477 1112 3714 1186 justitia

283 1191 553 1264 Ἐμύρισι
626 1193 732 1266 γὰρ
808 1193 1008 1254 πάντας
1064 1194 1213 1266 ἡμᾶς
1268 1197 1337 1267 τῇ
1413 1192 1726 1270 δικαιοσύνῃ
1786 1195 1905 1250 αὖτε

2089 1221 2174 1259 sua
2215 1204 2415 1260 unxit:
2452 1221 2554 1277 per
2583 1222 2759 1276 quem
2791 1213 2849 1261 et
2877 1221 3011 1259 cum
3057 1220 3171 1274 quo
3219 1205 3374 1260 Patri
3422 1209 3479 1259 et
3508 1207 3711 1259 sancto

280 1280 523 1354 Χριστὸς
555 1282 584 1334 ὁ
614 1281 813 1355 Σωτήρ
846 1281 1027 1353 ἡμῶν
1055 1278 1124 1336 δι’
1157 1280 1220 1336 οὗ
1251 1285 1340 1337 καὶ
1393 1285 1510 1356 μεθ’
1550 1283 1612 1338 οὗ
1658 1289 1738 1356 τῷ
1780 1290 1902 1359 Harl

2086 1294 2310 1366 Spiritui
2343 1293 2532 1366 gloria
2561 1299 2618 1350 et
2644 1295 2921 1366 majestas
2970 1295 3027 1349 in
3082 1293 3294 1350 saecula
3338 1293 3708 1351 saeculorum.

279 1370 368 1422 καί
400 1373 486 1440 τῷ
546 1369 688 1444 ἁγίῳ
741 1367 1012 1441 Πνεύματι
1066 1366 1192 1440 δόξα
1235 1371 1328 1425 καὶ
1383 1370 1832 1449 μεγαλοπρέπεια
1872 1371 1948 1436 εἷς
2058 1388 2268 1439 Amen.

277 1456 408 1519 τοὺς
439 1457 652 1521 αἰῶνας
678 1459 786 1512 τῶν
821 1456 1057 1514 αἰώνων.
1090 1458 1286 1531 ’Δμήν.

345 1574 397 1611 ³³
431 1573 655 1647 Ephes.
684 1589 762 1642 xv,
793 1575 850 1642 5,
882 1574 935 1631 6.
970 1575 1018 1610 '9
1049 1575 1260 1632 Matth.
1289 1592 1406 1644 xxx,
1441 1577 1528 1632 13.

1689 1778 2303 1876 MONITUM.

346 2041 833 2096 Commentarius
860 2039 982 2109 ille,
1013 2042 1084 2096 de
1113 2057 1226 2114 quo
1259 2041 1428 2097 nobis
1451 2059 1604 2098 nunc
1627 2041 2111 2115 proloquendum,
2133 2040 2181 2095 si
2207 2055 2322 2095 non
2345 2038 2603 2106 aliunde,
2628 2041 2688 2093 at
2709 2038 2917 2095 merito
2938 2041 3133 2094 tamen
3157 2037 3508 2110 antiquitate
3530 2053 3694 2093 com-

277 2131 624 2186 mendatur.
661 2130 804 2185 Nam
834 2130 989 2185 inter
1019 2131 1219 2186 doctos
1251 2133 1395 2186 satis
1427 2131 1694 2188 convenit
1737 2132 1794 2187 id
1827 2147 1976 2202 opus
2007 2135 2108 2186 aut
2139 2130 2207 2184 ad
2242 2133 2518 2200 quartum
2547 2127 2827 2184 saeculum
2859 2127 3170 2199 pertinere,
3204 2131 3305 2183 aut
3333 2127 3405 2182 ad
3429 2127 3485 2182 id
3508 2126 3696 2181 aetatis

273 2219 550 2292 proxime
589 2220 883 2274 accedere.
915 2219 1045 2274 Haec
1077 2224 1274 2275 autem
1307 2220 1708 2293 interpretatio
1740 2225 1805 2276 ut
1833 2221 1895 2275 in
1924 2219 2200 2292 vulgatis,
2233 2219 2314 2273 ita
2344 2218 2403 2272 in
2438 2235 2582 2273 mss.
2617 2233 2851 2289 quoque
2890 2217 3231 2288 imperfecta
3259 2219 3368 2284 est,
3413 2231 3606 2287 neque
3636 2215 3695 2269 in

272 2307 388 2374 his,
427 2325 627 2380 neque
657 2309 717 2363 in
746 2307 865 2362 illis
896 2307 1052 2364 ultra
1082 2313 1258 2379 caput
1286 2310 1580 2365 decimum
1609 2314 1839 2366 sextum
1873 2309 2034 2364 Isaiae
2066 2309 2418 2362 exlenditur.
2453 2307 2582 2362 Fuit
2609 2312 2803 2362 tamen
2829 2306 3146 2376 aliquando
3169 2310 3424 2376 tempus,
3448 2320 3575 2359 cum
3601 2319 3700 2358 ex-

274 2403 464 2452 staret
488 2399 748 2470 integra,
782 2399 829 2452 si
863 2397 1010 2453 ﬁdes
1041 2402 1130 2453 cst
1164 2401 1476 2454 Possevino
1503 2416 1516 2453 :
1549 2400 1672 2471 qui,
1705 2416 1837 2454 cum
1867 2403 2092 2453 veteres
2124 2397 2304 2452 libros
2333 2397 2727 2451 Messanensis
2750 2395 3114 2450 bibliothecae
3137 2398 3420 2464 recenset,
3444 2393 3524 2448 ita
3546 2393 3697 2448 scri-

272 2487 356 2540 bit
387 2488 545 2558 App.
585 2503 717 2557 pag.
751 2487 841 2552 37,
877 2487 944 2541 ad
981 2486 1195 2542 calcem
1229 2487 1421 2559 operis
1449 2505 1463 2556 ;
1499 2488 1881 2559 Capiosissima
1912 2489 1974 2542 in
2005 2489 2208 2542 Isaiam
2247 2487 2575 2556 prophetam
2607 2490 2677 2539 ι).
2713 2485 2914 2540 Basilii
2944 2483 3346 2559 interpretatio.
3380 2482 3526 2553 Opus
3555 2483 3696 2536 inte-

273 2591 442 2642 grum
473 2579 527 2629 et
564 2591 759 2629 rarum
788 2576 850 2630 in
879 2576 978 2646 fol.
1012 2577 1172 2640 Quod
1207 2576 1256 2631 si
1290 2576 1622 2648 explanatio
1649 2576 1708 2630 in
1739 2575 1967 2647 reliqua
1997 2577 2158 2632 Isaiae
2209 2574 2402 2646 capita
2451 2575 2532 2630 ita
2579 2579 2702 2629 erat
2750 2574 2987 2646 copiosa
3034 2573 3094 2627 in
3144 2573 3255 2627 hoc
3306 2572 3694 2627 Messamensi

273 2662 452 2732 libro,
486 2669 554 2718 ut
585 2669 674 2718 est
704 2680 839 2735 pars
871 2681 960 2735 ea,
992 2681 1169 2736 quam
1203 2667 1262 2721 in
1295 2666 1486 2737 priora
1515 2665 1808 2722 sexdecim
1837 2667 2031 2738 capita
2055 2665 2377 2732 habemus;
2409 2681 2524 2719 non
2548 2664 2712 2719 video
2735 2664 2834 2735 qui
2859 2664 2982 2719 fieri
3013 2663 3286 2734 potuerit,
3310 2668 3373 2717 ut
3394 2660 3692 2716 volumine

275 2767 394 2806 uno
418 2755 593 2806 tanta
622 2752 1183 2807 commentariorum
1219 2753 1403 2808 moles
1429 2754 2040 2824 comprehenderetur.
2074 2753 2215 2809 Utut
2243 2753 2365 2808 haec
2397 2758 2555 2819 sunt,
2589 2769 2657 2807 ea
2685 2753 2757 2807 de
2787 2769 2846 2807 re
2870 2753 2940 2808 ad
2967 2755 3234 2807 nostrum
3254 2753 3692 2821 procuratorem

276 2837 620 2911 generalem
652 2839 713 2893 in
747 2841 911 2894 curia
939 2840 1202 2896 Romana
1234 2841 1616 2912 scripsimus:
1650 2842 1750 2897 sed
1783 2841 1930 2897 nihil
1963 2842 2102 2896 certi
2135 2840 2472 2895 didicimus.
2507 2841 2672 2896 Nunc
2702 2840 2880 2911 igitur
2909 2839 3164 2894 rumoris
3195 2838 3394 2893 nescio
3427 2837 3567 2908 quid
3591 2851 3692 2889 su-

281 2934 478 2998 perest
511 2929 798 2983 dantaxat
823 2929 1126 2995 Messanae,
1161 2930 1592 2986 famosissimos
1623 2935 1742 2986 tres
1772 2931 2002 2986 codices
2033 2947 2208 2986 manu
2243 2935 2512 2985 exaratos
2554 2928 2696 2984 olim
2743 2945 2773 2984 θ
2820 2927 3173 2983 bibliotheca
3220 2927 3691 2982 Reverendorum

274 3018 522 3071 Patrum
563 3015 790 3071 ordinis
814 3016 1012 3072 Sancti
1045 3017 1243 3073 Basilii
1277 3035 1309 3072 a
1339 3019 1593 3089 quodam
1626 3017 1834 3073 Siciliae
1867 3034 2108 3090 prorege
2139 3017 2251 3072 alio
2283 3022 2620 3088 exportatos
2644 3016 2842 3085 fuisse,
2871 3017 2943 3072 ob
2963 3017 3141 3087 idque
3163 3015 3288 3070 ﬁeri
3314 3014 3601 3086 potuisse,
3629 3014 3695 3066 ut

282 3105 623 3161 Basilianus
656 3104 755 3159 ille
787 3106 966 3161 codex
997 3123 1128 3161 cum
1162 3106 1297 3162 aliis
1322 3108 1554 3162 duobus
1586 3107 1818 3163 ablatus
1851 3107 1948 3162 sit.
1982 3107 2095 3163 Sed
2132 3123 2266 3162 eum
2298 3122 2488 3178 neque
2520 3106 2890 3162 Possevimus
2936 3121 3124 3177 neque
3172 3103 3486 3175 quisquam
3537 3100 3690 3156 alius

280 3194 434 3248 dicat
467 3193 633 3248 hunc
661 3210 724 3248 se
752 3193 970 3249 librum
1006 3199 1106 3249 aut
1135 3194 1351 3250 vidisse
1381 3201 1484 3250 aut
1517 3194 1742 3266 legisse,
1777 3213 1893 3250 non
1925 3200 2016 3252 est
2047 3196 2202 3267 quod
2234 3196 2305 3250 de
2335 3211 2402 3251 eo
2432 3196 2742 3267 quaerendo
2775 3193 3028 3250 multum
3061 3193 3434 3249 laboremus:
3466 3207 3532 3246 eo
3563 3205 3684 3245 ma-

279 3284 389 3355 gis,
421 3283 587 3354 quod
620 3282 1116 3339 verisimillimum
1151 3283 1229 3338 sit
1257 3284 1435 3338 talem
1463 3283 1680 3340 librum
1715 3301 2019 3357 nunquam
2051 3286 2366 3341 exstitisse.

340 3372 762 3444 Imperfectum
793 3371 961 3427 illum
997 3373 1054 3427 in
1087 3371 1298 3428 Isaiam
1329 3373 1832 3430 Commentarium
1855 3375 1981 3446 jam
2014 3391 2048 3430 a
2075 3375 2250 3446 longo
2276 3379 2535 3440 tempore
2557 3373 2768 3428 Basilio
2797 3373 3008 3444 Magno
3029 3372 3320 3427 tributum
3342 3369 3526 3425 fuisse
3546 3384 3682 3424 con-

268 3466 403 3516 stat.
440 3465 609 3515 lnter
641 3459 790 3514 alios
820 3461 1267 3516 numerabimus
1297 3461 1615 3516 Maximum
1649 3467 1984 3534 martyrem,
2033 3462 2321 3518 Joannem
2378 3463 2822 3524 Damascenum,
2879 3461 3224 3532 Symeonem
3276 3457 3680 3531 Logothetam,

269 3552 596 3605 Antonium
631 3548 951 3619 Melissam,
976 3550 1286 3606 Tarasium
1310 3551 1707 3623 patriarcham
1730 3551 2463 3622 Constantinopolitanum,
2487 3555 2544 3606 et
2563 3556 2861 3606 auctorem
2884 3549 3245 3605 Scholiorum
3263 3551 3595 3602 Graecorum
3619 3545 3679 3600 in

271 3639 573 3710 Epistolas
601 3638 974 3712 apostolicae.
1002 3640 1164 3704 Quod
1201 3641 1247 3696 si
1281 3640 1636 3696 recentiores
1668 3657 1923 3712 quoque,
1955 3640 2052 3711 qui
2083 3641 2209 3709 ejus
2240 3640 2430 3711 operis
2463 3639 2740 3695 Basilium
2774 3640 3051 3711 Magnum
3104 3642 3400 3693 auctorem
3439 3635 3686 3701 faciunt,

271 3745 586 3783 recensere
617 3728 1093 3799 aggrederemur,
1124 3729 1249 3784 dies
1280 3744 1387 3784 nos
1418 3729 1688 3784 deficeret
1718 3733 1773 3785 et
1805 3728 2031 3784 charta.
2065 3727 2330 3784 Celebres
2360 3733 2500 3783 sunt
2529 3729 2902 3794 Tilmannus,
2953 3728 3221 3791 Ducaaus,
3275 3724 3684 3788 Combeﬁsius,

269 3816 496 3872 Natalis
531 3816 1171 3888 Alexander,Dupinus,
1198 3816 1629 3883 Tillemontius,
1667 3817 1993 3888 Lequienus
2022 3822 2078 3872 et
2108 3817 2205 3872 alii
2239 3833 2416 3888 prope
2447 3816 2760 3871 innumeri.
2782 3817 3014 3881 Contra,
3040 3818 3206 3887 pauci
3233 3818 3372 3870 sunt
3397 3813 3494 3884 qui
3521 3811 3689 3868 aliter

271 3907 561 3975 sentiant,
596 3905 759 3977 iique
788 3906 846 3960 in
881 3905 1096 3961 litteris
1127 3922 1243 3961 non
1277 3906 1360 3961 ita
1389 3922 1616 3978 magna;
1646 3905 2035 3975 auctoritatis,
2068 3911 2308 3976 excepto
2334 3907 2559 3960 Petavio
2583 3906 2705 3960 viro
2727 3906 2902 3978 longe
2926 3903 3266 3960 doctissimo
3292 3921 3305 3958 :
3329 3901 3429 3972 qui
3455 3899 3686 3955 nullum

271 3995 518 4067 quidem
549 3999 966 4067 argumentum
999 3995 1070 4050 ad
1103 4010 1270 4050 suam
1305 3995 1640 4066 opinionem
1672 3995 2037 4067 probandam
2070 3994 2332 4066 protulit,
2366 3994 2468 4049 sed
2503 3999 2907 4050 asseveranter
2949 3998 3146 4049 tamen
3197 3989 3598 4064 pronuntiavit
3627 3987 3686 4042 id

267 4101 418 4154 Opus
449 4083 662 4140 Basilii
695 4101 810 4139 non
843 4100 991 4140 esse.
1027 4084 1168 4155 Ejus
1202 4089 1398 4140 autem
1429 4085 1602 4140 verba
1637 4084 1760 4140 haec
1792 4089 1929 4140 sunt
1958 4089 2101 4140 tom.
2137 4083 2210 4139 lll
2241 4084 2416 4139 Theol.
2449 4083 2595 4153 dog.,
2628 4082 2729 4138 lib.
2763 4101 2802 4150 ι,
2835 4099 2884 4137 c.
2917 4084 2971 4150 2,
3005 4100 3060 4136 n.
3111 4083 3144 4135 4
3173 4098 3186 4136 :
3238 4085 3447 4134 Rursus
3497 4080 3688 4132 auctor

267 4173 827 4228 Cmnmentariorum
857 4174 927 4228 ad
957 4174 1186 4244 Isaiam,
1218 4175 1318 4246 qui
1348 4173 1557 4228 Basilio
1589 4175 1761 4229 solent
1790 4175 2042 4237 inscribi,
2075 4189 2172 4228 nec
2193 4181 2321 4228 sunt
2351 4181 2540 4228 tamen
2571 4174 2748 4240 illius,
2780 4172 2998 4228 videtur
3024 4173 3194 4227 etiam
3234 4173 3553 4240 oorporatos
3582 4183 3685 4220 an-

269 4262 421 4331 gelos
451 4264 667 4332 facere.
699 4263 884 4326 Quam
918 4260 1154 4331 quidem
1188 4260 1544 4317 sententiam
1579 4260 1883 4332 amplexus
1915 4261 2051 4331 sim,
2084 4260 2230 4316 satis
2261 4259 2613 4330 intelligitur
2638 4259 2728 4314 vel
2759 4274 2827 4314 ex
2875 4275 2941 4315 eo
2989 4258 3133 4327 loco,
3183 4257 3284 4312 ubi
3331 4256 3488 4311 hunc
3518 4255 3686 4310 Com-

270 4350 644 4405 mentarium
675 4348 968 4405 edendum
1000 4349 1197 4405 curavi
1232 4350 1356 4421 (0-):
1389 4349 1492 4405 sed
1523 4353 1871 4422 argumenta
1903 4350 2052 4420 ipsa,
2085 4365 2214 4420 quae
2245 4350 2316 4404 ad
2348 4363 2476 4405 eam
2508 4349 3004 4421 comprehendam
3037 4345 3272 4414 adduxi,
3323 4345 3485 4417 legas
3513 4341 3687 4398 velim

269 4437 332 4494 in
369 4439 716 4495 Prefatione
745 4455 852 4494 suo
882 4439 1088 4494 ordine
1119 4438 1265 4494 loco.

340 4559 414 4616 (α)
429 4555 486 4604 Id
507 4559 591 4604 est
609 4555 750 4604 inter
766 4553 948 4617 dubia.
971 4553 1044 4602 Ex
1065 4553 1395 4617 argumentis
1416 4557 1598 4602 tamen
1620 4567 1650 4603 a
1677 4554 1736 4603 D.
1771 4553 1926 4604 Prud.
1960 4553 2183 4604 Marano
2213 4554 2388 4604 allatis
2415 4555 2469 4603 in
2509 4555 2625 4603 Vita
2659 4552 2852 4611 Basilii,
2882 4554 3022 4603 inter
3056 4553 3290 4617 genuina
3327 4561 3688 4617 annumeran:

287 4610 494 4730 duis-st
519 4631 533 4676 ;
565 4617 657 4730 se;
691 4621 751 4666 ut
775 4616 1024 4727 grdinem
1050 4631 1080 4666 a
1101 4610 1154 4666 Ε
1183 4617 1290 4666 Jul.
1320 4617 1576 4666 Garnerio
1605 4617 1915 4667 institutum
1947 4630 2244 4680 servemus,
2272 4631 2432 4680 quem
2463 4619 2740 4668 inversum
2787 4616 3010 4668 moleste
3051 4610 3254 4667 ferrent
3301 4613 3514 4675 eruditi,
3558 4610 3692 4662 nihil

278 4695 374 4730 mu
491 4694 572 4730 us.
647 4693 745 4730 nrr.
818 4693 929 4729 an.

786 4844 1437 4940 EPMHNEIA

2420 4847 2574 4905 ³⁷⁸
2613 4845 3313 4943 ΕΝΑΒΒΑΤΙΟ

579 4990 697 5046 ΕΙΣ
737 4989 875 5046 ΤΟΝ
915 4987 1299 5045 ΗΡΟΦΗΤΗΝ
1336 4988 1635 5046 ΗΣΑΙΛΝ.

2307 4992 2404 5047 IN
2471 4990 3025 5052 PROPHETAM
3097 4988 3429 5047 ISAIAM

763 5093 1164 5152 ΠΡΟΟΙΜΙοΝ
1197 5094 1433 5168 (20-21).

2650 5097 3089 5158 PROOEMIUM.

351 5311 402 5365 1.
456 5305 697 5379 Εῧξασθε
758 5309 834 5382 μὴ
894 5307 1134 5383 γενέσθαι
1192 5305 1291 5374 τὴν
1342 5307 1518 5386 φυγὴν
1580 5307 1732 5383 ὑμῶν
1793 5329 1936 5386 χει-

2119 5311 2169 5366 1.
2207 5309 2368 5367 Orate
2395 5327 2465 5368 ne
2495 5313 2596 5384 ﬁat
2624 5313 2760 5384 fuga
2789 5316 2970 5368 vestra
3010 5312 3188 5368 hieme
3235 5311 3318 5368 vel
3361 5310 3599 5368 Sabban
3628 5309 3691 5366 ‘°.

353 5426 404 5460 ‘°
434 5424 648 5481 Matth.
679 5441 836 5490 xxxv,
863 5425 957 5480 20.

357 5539 923 5615 (2Q-21)__Antiquu.s
971 5538 1153 5615 codex
1189 5535 1814 5615 Combsf._§_Baet)\aioo
1842 5542 1941 5615 to?)

2069 5537 2370 5615 ιτρροίμιον.
2402 5541 2594 5598 Editi:
2630 5540 2809 5615 Λόγος
2860 5539 2905 5594 α’
2953 5540 3165 5613 inepte.
3217 5538 3550 5615 Non_enir_n
3597 5536 3691 5615 hic

287 5608 538 5696 μεγάλε.)
563 5608 829 5686 ⁷ἐξήγηςπιῖς
855 5608 935 5696 εἷς
975 5609 1066 5696 ab:
1103 5608 1408 5696 ρτξρπήξηγ
1457 5608 1720 5696 ᾘσαΐανη
1749 5609 1909 5696 «poet

2069 5608 2404 5696 primus‘est
2424 5608 2838 5696 sermo_eorum
2865 5629 3012 5696 quos
3035 5608 3265 5696 auctor,
3283 5611 3553 5696 quisgpis
3580 5613 3691 5696 est,

291 5675 445 5757 incv.
480 5675 624 5759 Reg:
648 5675 985 5741 secundus:
1019 5682 1136 5740 Τοῦ
1159 5675 1463 5738 ’Βασιλέίου
1495 5675 1913 5760 ἒρμηνέία,’θῖο.

2073 5675 2119 5740 In
2146 5684 2492 5758 prophetam
2522 5685 2734 5744 Isaiam
2757 5675 3140 5756 conécripsit:
3168 5675 3268 5740 sed
3289 5675 3579 5755 quod'dam
3606 5685 3695 5738 est
