4108 6214
251 423 362 480 121

1004 417 1412 480 COMMENT.
1456 417 1536 476 IN
1584 414 1847 475 lSAlAM
1899 413 1915 472 1

2030 409 2403 470 )PHE'I‘AM.
2452 408 2934 470 PROfEMIUM.

3578 407 3695 465 122

246 553 450 606 καὶθαυ
463 551 672 623 μαστὸν
704 545 1045 623 σύμϐουλον,
1075 547 1163 603 καὶ
1186 546 1402 602 συνετόν
1425 545 1718 620 ἀκροατήν·
1743 545 1801 600 Ἡ
1815 549 1915 616 μᾶς

2033 564 2089 615 et
2103 559 2577 630 conjectorem,et
2599 558 3016 613 admirandum
3037 556 3614 619 consultorem,879
3629 561 3688 612 et

249 639 310 695 δὲ
329 638 719 716 εῦχεσθαεχρὴ
745 635 933 694 λαϐεῖν
954 639 1016 693 τὸ
1036 645 1136 708 τῆς
1162 637 1357 713 σοφίας
1378 635 1467 690 καὶ
1482 636 1650 704 τὸτῆς
1667 635 1923 708 γνώσεως

246 731 348 784 καὶ
378 731 446 783 τὸ
477 736 578 798 τῆς
602 726 957 789 διδασκαλίας
987 728 1254 803 χάρισμα,
1290 724 1435 780 ὥστε
1462 723 1776 796 πάπαὸμοῦ
1807 744 1925 777 συν-

251 816 542 894 δρκμόντα
561 822 643 889 τῷ
664 819 984 892 ἡγεμονικῷ
1005 819 1166 888 ἡμῶν
1190 815 1488 869 ὲντυπῶσαι
1513 815 1613 881 τήν
1631 812 1808 881 πάσης
1826 819 1924 881 τῆς

251 909 759 985 προφητευομένης
784 905 1040 976 ἀληθείας
1082 905 1388 982 μόρφωσιν.
1423 904 1575 960 Ἐστι
1608 900 1665 957 δὶ
1694 907 1790 956 τοῦ
1827 901 1920 975 μὶν

254 996 432 1072 λόγου
463 1003 564 1065 τῆς
589 997 840 1068 γνώσεως
865 995 1026 1070 χρεία
1046 995 1182 1066 πρὸς
1204 993 1264 1048 τὸ
1291 995 1512 1067 θεωρεῖν
1541 997 1638 1046 τοῦ
1671 990 1924 1064 Πνεύμα-

250 1108 347 1148 τος
383 1089 452 1140 τά
485 1084 794 1161 ἀπόρρηταο
821 1088 919 1140 τοῦ
970 1081 1028 1138 δὲ
1080 1081 1247 1159 λόγου
1293 1088 1394 1151 τῆς
1440 1081 1650 1159 σοφίας,
1693 1081 1826 1155 πρὸς
1858 1080 1921 1134 τὸ

251 1175 656 1230 κατασκευάσαι
717 1173 806 1228 καὶ
865 1172 1242 1248 ἐξεργάσασθαι
1297 1171 1366 1226 τὰ
1434 1169 1918 1243 συνεστραμμένως

253 1265 308 1320 έν
369 1262 777 1340 βραχυλογίαις
829 1260 1172 1334 ἐκδεδομένα·
1222 1258 1367 1315 ’ίδιον
1419 1260 1520 1336 γὰρ
1573 1266 1672 1327 τῆς
1730 1259 1919 1333 σοφίας

249 1356 314 1409 τὸ
335 1354 597 1409 ἐκτείνειν
629 1351 844 1428 λόγους.
903 1351 1168 1422 Έξέτεινα
1215 1349 1342 1426 γὰρ,
1385 1347 1752 1424 φησὶ,λόγους
1785 1351 1916 1421 (30),

253 1443 348 1496 καὶ
381 1443 450 1496 ού
480 1441 826 1516 προσείχετε.
885 1441 1119 1495 Ἔπειτα
1167 1439 1228 1494 τὸ
1288 1431 1388 1509 εῆς
1440 1434 1790 1498 διδασκαλίας
1816 1436 1920 1491 χά-

257 1551 430 1604 ρισμα
464 1529 546 1592 εἷς
574 1527 881 1602 οἰκοδομὴν
929 1527 1035 1584 τῶν
1087 1528 1415 1583 ἀκουόντων.
1469 1527 1587 1600 Χρή
1640 1525 1819 1580 τοίνυν
1850 1527 1919 1598 τῇ

255 1621 413 1693 ψυχῇ
466 1622 568 1672 τοῦ
621 1605 927 1690 μέλλοντος
964 1616 1323 1693 προφητεύειν
1356 1617 1454 1685 τὴν
1502 1612 1923 1683 ἐπιτηδειότητα

255 1708 694 1782 προῦποκεῐσθαι
740 1705 800 1760 ἐκ
845 1704 942 1760 τοῦ
991 1705 1070 1782 ἐφ’
1122 1708 1229 1774 (31)
1280 1707 1415 1777 ἡμῖν
1465 1706 1788 1776 κινήματος,
1831 1699 1924 1756 ’ἕνα

255 1799 281 1851 ὀ
310 1796 364 1850 έν
387 1802 516 1858 τοῖς
550 1794 709 1859 ὅλοις
757 1793 928 1870 λόγος
969 1795 1063 1856 τὰς
1120 1795 1531 1869 ἀρμονιωτέρας
1561 1793 1743 1868 ψυχάς
1775 1788 1925 1846 ἐκλε-

251 1886 514 1958 γόμενος,
552 1885 605 1939 ἐν
640 1887 724 1948 αἷς
754 1881 880 1939 οὐδὲ
933 1883 1125 1959 μικρόν
1158 1904 1208 1937 τι
1255 1882 1461 1956 κίνημα
1487 1886 1584 1937 τοῦ
1615 1883 1920 1951 παθητικοῦ
1955 1917 2000 1981 Β

249 1982 352 2044 τῆς
399 1978 598 2048 ψυχῆς
649 1974 977 2048 ἀσύμφωνόν
1033 1971 1142 2027 ἐστι
1201 1971 1338 2044 πρὸς
1405 1973 1497 2026 τὸν
1571 1969 1734 2046 λόγον
1785 1968 1923 2023 κατὰ

249 2063 351 2130 τὴν
410 2061 708 2136 ἀναλογίαν
757 2069 860 2130 τῆς
920 2059 1334 2137 ἐνυπαρχούσης
1395 2058 1773 2134 εύαρμοστίας,
1819 2058 1918 2125 τὴν

255 2152 316 2206 ἐκ
370 2154 476 2205 τοῦ
559 2150 708 2214 θείου
793 2150 1110 2222 Ηνεύματος
1183 2148 1446 2222 ἐνέργειαν
1529 2147 1788 2222 ἐπαγάγῃ.
1847 2145 1920 2200 Οὐ

258 2239 430 2310 μόνον
493 2236 552 2292 δὲ
609 2241 644 2307 ἡ
675 2244 783 2293 τῶν
841 2243 1026 2302 παθῶν
1075 2234 1386 2306 καταστολή
1442 2235 1696 2312 ἀναγκαία
1726 2235 1802 2299 είς
1827 2235 1918 2290 τὸν

254 2326 631 2400 εύτρεπισμὸν
664 2334 764 2396 τῆς
799 2324 1083 2402 ύποδοχῆς
1128 2331 1226 2381 τοῦ
1270 2325 1600 2398 Πνεύματος,
1634 2323 1800 2392 ἀλλά,
1831 2325 1919 2378 καὶ

252 2418 316 2470 τὸ
353 2418 565 2490 μέτρον
626 2424 730 2486 τῆς
787 2416 911 2490 περί
967 2418 1066 2485 τήν
1113 2416 1290 2470 πίστιν
1349 2412 1659 2482 διαθέσεως,
1715 2415 1804 2468 καὶ
1859 2414 1920 2468 τὸ

256 2507 542 2583 συμφέρον
577 2504 742 2560 αὐτοῦ
771 2525 830 2559 τε
859 2509 957 2559 τοῦ
991 2502 1401 2580 ὑποδεχομένου
1449 2507 1559 2578 (32)
1588 2505 1689 2572 τὴν
1733 2503 1918 2577 χάριν,

253 2594 344 2648 καὶ
399 2599 518 2649 τῶν
584 2595 724 2648 κατὰ
782 2595 968 2670 καιρὸν
1002 2594 1331 2663 ἀκουοντων,
1365 2591 1400 2662 ἢ
1451 2593 1540 2646 καὶ
1587 2591 1665 2654 εἷς
1701 2591 1917 2666 ὕστερον

259 2685 609 2756 μεθτξόντων
640 2690 741 2752 τῆς
773 2682 834 2738 ἐκ
877 2687 986 2738 τῶν
1027 2687 1322 2760 προφητῶν
1377 2680 1666 2758 ὠφελείας.
1705 2678 1918 2734 Δίδοται

252 2773 379 2847 γάρ,
443 2773 641 2846 φησὶν,
704 2773 916 2844 ὶκάστῳ
983 2775 1017 2841 ἠ
1072 2773 1372 2849 φανέρωσις
1451 2774 1547 2824 τοῦ
1605 2769 1918 2841 Πνεύματος

254 2863 392 2936 πρὸς
453 2862 515 2915 τὸ
579 2862 878 2938 συμφέρον
955 2860 1044 2914 καὶ
1116 2859 1306 2916 πάλιν⁶
1370 2859 1513 2914 Κατὰ
1558 2861 1658 2928 τὴν
1721 2857 1916 2913 ἀναλο-

253 2951 372 3023 γίαν
405 2957 513 3019 τῆς
567 2950 822 3014 πίστεως.
882 2949 1195 3028 Ἀνέφικτον
1249 2949 1444 3022 μέντον
1507 2950 1618 3022 (33)
1647 2947 1711 3002 τὸ
1740 2947 1808 3022 τῇ
1830 2947 1916 3001 ἀν-

258 3039 506 3112 θρωπίνῃ
559 3039 715 3116 φύσει
763 3045 1104 3112 παραστῆσαι
1153 3039 1246 3092 τὸν
1297 3035 1464 3112 λόγον
1504 3044 1606 3105 τῆς
1655 3034 1918 3112 διαφόρου

251 3128 532 3204 ἐνεργείας
565 3129 715 3203 παρὰ
741 3133 838 3183 τοῦ
870 3127 1018 3182 θείου
1041 3127 1351 3200 Πνεύματος
1371 3132 1488 3190 τοῖς
1510 3125 1682 3196 ἀξίοις
1707 3125 1918 3200 ἐγγινο-

255 3220 449 3291 μένης’
543 3219 663 3271 καθ’
725 3215 784 3272 ὅν
855 3218 883 3271 ὁ
970 3217 1063 3290 μὶν
1145 3215 1478 3294 προφητείαν
1559 3214 1912 3284 πιστεύεται,

247 3281 570 3376 itaita-51m;
598 3305 685 3360 ἐπὶ
715 3281 1049 3364 τοσόνδε.”0
1073 3303 1130 3360 δὶ
1150 3281 1462 3381 χαρίσματα
1494 3303 1738 3376 ἰαμάτων
1771 3281 1914 3377 λαμξ
1946 3281 1988 3346 C

251 3390 426 3462 61'vsz,
457 3393 553 3449 καὶ
586 3399 754 3449 ταῦτα
782 3392 1047 3464 τηλικάδε
1074 3398 1207 3469 (34)·
1241 3395 1329 3449 καὶ
1381 3391 1552 3457 ἄλλος
1573 3393 1914 3468 ἐνεργήματα

253 3481 543 3556 δυνάμεων
585 3483 844 3556 μειζόνων
899 3484 933 3552 ἢ
983 3482 1342 3558 μικροτέρων.
1385 3485 1567 3539 Ταῦτα
1613 3483 1715 3557 γὰρ
1751 3483 1915 3555 μόνος

255 3569 394 3626 οἶδεν
431 3572 461 3624 ὁ
634 3571 862 3626 ἑκάστου
912 3575 1095 3647 ψυχῆς
1143 3572 1262 3642 ἀξίᾳ
1311 3570 1648 3640 ἐνατενίζων,
1677 3570 1912 3632 καὶτοῖς

254 3662 610 3735 ἀθεωρήτοις
638 3667 740 3730 τῆς
791 3657 1140 3731 δικαιοσύνης
1188 3660 1407 3736 μέτροις
1451 3657 1673 3735 διαιρῶν
1707 3660 1914 3732 ἑκάστῳ

252 3749 318 3803 τά
344 3750 488 3824 πρὸς
520 3748 671 3822 ἀξίαν
683 3793 697 3806 .

320 3841 371 3895 3.
409 3843 540 3900 Πῶς
593 3839 965 3915 προεφήτευον
995 3837 1061 3910 ξαὶ
1118 3839 1346 3914 καθαραὶ
1392 3836 1480 3892 καὶ
1514 3834 1779 3912 διατυγεῖς
1809 3839 1914 3911 ψυ-

252 3928 387 4002 χάίς
423 3926 612 3984 Οἱονεὶ
662 3926 941 4003 κάτοπτρα
987 3927 1246 4004 γινόμενα
1295 3933 1392 3996 τῆς
1444 3926 1586 3988 θείας
1629 3924 1914 4001 ἆνεργείας,

249 4019 348 4084 τήν
399 4013 641 4096 ἔμφασιν
673 4018 875 4092 τρανὴν
925 4017 1014 4072 καὶ
1049 4017 1354 4092 άσύγχυτον
1410 4016 1499 4071 καὶ
1549 4013 1704 4070 οὐδὲν
1732 4013 1913 4070 ἐπιθο-

254 4105 532 4180 λουμένην
566 4105 626 4160 ἐκ
649 4110 758 4160 τῶν
791 4111 975 4170 παθῶν
1024 4112 1125 4176 τῆς
1155 4107 1352 4181 σαρκὸς
1382 4102 1770 4162 ἐπεδείκνυντο.
1805 4109 1910 4159 Πᾶ-

251 4217 300 4250 σι
337 4197 442 4268 μὶν
477 4198 596 4270 (35)
625 4195 731 4271 γάρ
762 4194 985 4271 πάρεστι
1014 4196 1076 4250 τὸ
1120 4196 1274 4270 ἅγιον
1329 4196 1569 4267 Ηνεῦμω
1624 4191 1768 4249 ἀλλὰ
1794 4199 1910 4257 τοῖς

255 4286 348 4357 μὲν
377 4285 748 4358 καθαρεύουσι
792 4288 899 4339 τῶν
951 4289 1136 4348 παθῶν
1189 4285 1287 4354 τήν
1333 4280 1472 4338 ἰδίαν
1523 4282 1770 4361 ἐμφαίνει
1820 4279 1911 4338 δύ-

247 4392 442 4446 ναμιν·
473 4379 595 4435 τοῖς
649 4370 707 4428 δὲ
760 4373 824 4428 τὸ
853 4373 1181 4450 ἡγεμονικὸν
1242 4370 1644 4450 συγκεχυμένον
1691 4368 1910 4447 ἔχουσιν

249 4463 358 4519 ἀπὸ
387 4467 502 4518 τῶν
554 4469 656 4533 τῆς
706 4460 972 4538 ἁμαρτίας
1015 4462 1250 4533 σπίλων,
1283 4461 1481 4518 οὐκέτι.
1545 4465 1634 4516 Δεῖ
1689 4457 1746 4514 δὶ
1775 4461 1912 4533 πρὸς

249 4557 318 4624 τῇ
350 4551 696 4628 καθαρότητι
719 4550 808 4606 καὶ
838 4551 902 4605 τὸ
945 4549 1154 4623 ὁμαλὸν
1204 4552 1302 4620 τῆς
1353 4551 1640 4611 εὐσταθοῦς
1675 4550 1787 4622 (36)
1816 4569 1909 4604 κα-

2036 648 2367 705 auditorem
2401 647 2829 718 intelligentem
2856 647 2918 702 ιθ.
2945 647 3125 701 Nobis
3152 662 3286 701 vero
3319 647 3683 716 precandum

2035 742 2102 792 ut
2159 735 2517 808 accipiamus
2575 735 2896 807 sapientius,
2939 753 3002 791 ac
3039 735 3317 804 scientiae,
3355 750 3539 803 neque
3572 751 3686 788 non

2037 827 2316 880 doctrinae
2351 826 2675 891 donum,ut
2705 826 2904 878 omnia
2927 824 3102 879 simul
3136 823 3545 879 concurrentia
3571 823 3684 877 for-

2036 931 2190 970 mam
2213 913 2406 969 omnia
2441 913 2698 967 veritatis
2733 930 2860 984 quas
2895 913 3199 984 prophetia
3235 913 3588 979 continetur,
3626 912 3684 968 in

2034 1002 2339 1076 principali
2373 1001 2556 1057 animi
2589 1004 2768 1056 nostri
2807 1010 2964 1073 parte
2996 1002 3361 1074 imprimant.
3393 1008 3554 1074 Opus
3595 1007 3685 1057 est

2033 1098 2224 1147 autem
2252 1107 2522 1146 sermone
2554 1091 2808 1145 scientia)
2835 1091 2904 1144 ad
2940 1091 3392 1162 contemplanda
3429 1090 3685 1162 Spiritus

2031 1193 2276 1235 arcana:
2313 1196 2583 1234 sermone
2609 1196 2739 1235 vero
2789 1179 3110 1251 sapientiae,
3134 1181 3202 1234 ad
3239 1180 3578 1250 apparanda
3627 1183 3686 1233 et

2034 1269 2349 1324 excolenda
2375 1285 2441 1323 ea
2465 1285 2593 1340 qua:
2625 1273 2889 1323 contorte
2921 1285 2986 1323 ac
3020 1267 3220 1340 paucis
3245 1272 3386 1322 sunt
3433 1266 3678 1338 prolata.

2030 1357 2331 1428 Siquidem
2358 1355 2656 1426 sapientiae
2683 1355 2982 1427 proprium
3009 1360 3098 1410 est
3121 1356 3437 1426 producere
3459 1371 3680 1410 sermo-

2031 1461 2186 1500 nem.
2219 1443 2310 1499 Ait
2338 1445 2493 1499 enim
2529 1461 2542 1499 :
2577 1444 2820 1499 Produxi
2847 1460 3144 1508 sermones,
3171 1449 3224 1499 et
3266 1460 3374 1499 non
3431 1443 3680 1498 atlendi-

2031 1535 2130 1590 stis
2154 1535 2216 1588 ιθ.
2253 1534 2534 1588 Praeterea
2557 1535 2834 1588 doctrinae
2861 1535 3097 1588 domum
3126 1535 3462 1605 pertinetad
3498 1535 3678 1588 aedifi-

2033 1624 2319 1679 cationem
2343 1623 2943 1693 audientium.ltaque
2965 1640 3032 1677 ex
3065 1623 3229 1677 liberi
3254 1622 3476 1676 arbitrii
3514 1626 3677 1677 motu

2033 1713 2090 1766 in
2125 1711 2321 1766 anima
2352 1713 2480 1780 ejus
2513 1713 2612 1781 qui
2645 1712 2724 1765 sit
2757 1710 3558 1782 prophetaturus,pra:jaceat
3582 1727 3682 1766 ne-

2033 1817 2196 1856 cesse
2227 1805 2318 1855 est
2348 1801 2615 1872 quasdam
2653 1799 2946 1864 habilitas,
2975 1806 3038 1854 ut
3068 1800 3310 1854 verbum
3345 1799 3487 1854 illud
3524 1799 3679 1871 quod

2033 1894 2123 1944 est
2153 1891 2211 1944 in
2245 1890 2540 1958 omnibus,
2573 1889 2712 1943 dum
2741 1889 2926 1958 magis
2951 1889 3308 1960 compositos
3331 1887 3538 1960 deligit
3559 1888 3681 1944 ani-

2033 1995 2181 2044 mos,
2213 1977 2272 2032 in
2306 1978 2519 2049 quibus
2547 1995 2647 2033 nec
2671 1979 2915 2049 exiguus
2939 1978 3253 2033 affectuum
3277 1977 3458 2032 animi
3483 1984 3678 2032 motus

2031 2068 2298 2123 dissonat
2328 2084 2460 2122 cum
2488 2068 2709 2122 ratione
2733 2069 2902 2136 juxta
2932 2067 3257 2138 analogiam
3299 2067 3680 2138 praecedentis

2031 2155 2590 2228 aptitudinis,divini
2625 2156 2880 2227 Spiritus
2913 2156 3153 2210 inducat
3197 2155 3538 2210 efficaciam.
3573 2155 3681 2209 Ne-

2031 2261 2144 2316 que
2166 2261 2298 2300 vero
2321 2243 2510 2299 solum
2537 2244 2854 2316 requiritur
2875 2244 3186 2299 affectuum
3211 2243 3528 2308 sedatio,ut
3548 2242 3682 2314 quis

2031 2335 2102 2388 ad
2136 2333 2581 2406 suscipiendum
2605 2333 2886 2404 Spiritum
2923 2338 3159 2404 paratus
3191 2333 3269 2387 sit
3297 2338 3355 2387 et
3385 2338 3683 2403 aptus,ve-

2031 2439 2160 2478 rum
2186 2423 2359 2477 etiam
2397 2423 2638 2493 quidam
2667 2423 2724 2476 in
2757 2422 2954 2477 animo
2974 2438 3110 2494 erga
3134 2421 3304 2476 fidem
3327 2420 3682 2491 modus,uti-

2027 2511 2299 2581 litasque,
2337 2516 2461 2566 tum
2499 2511 2674 2580 hujus
2703 2511 2799 2582 qui
2823 2511 3074 2582 gratiam
3099 2510 3331 2581 accipit,
3364 2513 3493 2565 tum
3543 2508 3680 2565 illo-

2031 2617 2160 2656 rum
2191 2600 2286 2671 qui
2322 2601 2376 2653 in
2411 2605 2674 2671 tempore
2701 2600 2991 2654 audiunt:
3020 2605 3121 2654 aut
3151 2615 3353 2654 eorum
3379 2600 3550 2654 etiam
3578 2599 3680 2670 qui

2030 2688 2088 2742 iu
2122 2693 2418 2760 posterum
2445 2704 2512 2743 ex
2547 2689 2844 2760 prophetis
2872 2689 3124 2742 fructum
3159 2689 3487 2760 percepturi
3519 2693 3682 2744 sunt.

2028 2779 2203 2832 Datur
2231 2778 2410 2843 enim,
2443 2777 2654 2846 inquit,
2688 2778 2988 2848 unicuiquo
3017 2779 3398 2848 mani/estatio
3439 2777 3679 2848 Spiritus

2028 2867 2098 2920 ad
2130 2868 2436 2922 utilitatem
2467 2867 2511 2900 ⁵ο
2535 2890 2549 2931 ;
2574 2883 2640 2920 ac
2677 2883 2884 2921 rursus
2918 2883 2930 2921 :
2972 2867 3279 2920 Secundum
3311 2867 3584 2920 rationem
3614 2866 3677 2934 ﬁ-

2027 2955 2117 3011 dei
2136 2956 2201 3010 ⁸1.
2227 2955 2378 3010 Sane
2408 2971 2587 3026 supra
2626 2961 2849 3009 natura:
2907 2955 3058 3010 vires
3107 2958 3218 3022 est,
3250 2954 3520 3009 exhibere
3579 2970 3676 3007 ra-

2028 3043 2247 3099 tionem
2283 3044 2636 3114 modumque
2669 3043 2908 3098 diversae
2936 3043 3448 3114 Operationis,quaa
3481 3059 3514 3096 a
3542 3041 3674 3112 Spi-

2028 3132 2142 3187 ritu
2176 3131 2598 3187 divinoaccidit
2626 3131 2683 3186 in
2719 3131 2808 3186 his
2841 3131 2939 3203 qui
2975 3132 3474 3187 merentur.Juxta
3497 3146 3673 3202 quam

2027 3221 2164 3276 huic
2189 3221 2495 3293 prophetia
2517 3221 2992 3288 committitur,et
3013 3220 3067 3275 id
3093 3221 3330 3292 quidem
3356 3221 3424 3274 ad
3447 3225 3672 3275 certum

2026 3311 2460 3365 modum.Alius
2485 3310 2859 3380 accipitdona
2885 3310 3280 3376 sanationum,
3303 3316 3478 3380 atque
3499 3325 3566 3364 ea
3599 3308 3670 3362 ad

2024 3404 2241 3454 certam
2269 3398 2792 3464 mensuram;alius
2816 3415 2946 3453 vero
2965 3399 3334 3469 operationes
3356 3397 3639 3452 virtutum
3655 3439 3669 3464 ,

2024 3489 2315 3559 majorum
2348 3492 2449 3542 aut
2475 3487 2792 3542 minorum.
2818 3487 2982 3541 Enim
3016 3503 3148 3542 vero
3180 3486 3342 3542 solus
3367 3487 3480 3540 ista
3512 3486 3672 3540 novit

2023 3575 2124 3646 qui
2156 3577 2445 3648 cujusque
2474 3577 2683 3630 animae
2709 3576 2982 3631 meritum
3019 3577 3254 3647 penitus
3297 3576 3582 3640 intuetur,
3612 3578 3669 3629 et

2023 3663 2686 3736 invisibilibusjustitize
2721 3665 3016 3720 mensuris
3048 3681 3177 3736 qua:
3199 3681 3266 3718 ex
3289 3663 3497 3718 merito
3529 3665 3672 3718 sunt

2025 3751 2343 3824 unicuique
2373 3753 2695 3810 distribuit.

2093 3844 2146 3897 3.
2193 3843 2494 3906 Quomodo
2555 3843 2984 3915 prophetabant
3032 3860 3191 3914 puras
3241 3859 3307 3897 ac
3366 3841 3666 3914 pellucidus

2024 3932 2277 3986 animis?
2307 3931 2522 4002 Nempe
2548 3949 2626 3986 eae
2657 3931 2816 3987 velut
2851 3931 3088 4004 specula
3117 3931 3277 3986 facta
3301 3930 3506 3985 divina:
3530 3946 3664 4000 ope-

2023 4019 2607 4092 rationis,imaginem
2625 4021 2914 4092 integram
2929 4021 3417 4089 inconfusamque
3432 4023 3487 4072 et
3506 4017 3668 4072 nulla

2023 4125 2092 4165 ex
2123 4113 2286 4181 parte
2336 4108 2640 4164 affectibus
2690 4109 2884 4164 carnis
2931 4110 3228 4163 turbatam
3288 4111 3665 4178 repraesenta-

2021 4199 2336 4253 bant.Nam
2370 4197 2647 4254 omnibus
2679 4197 2915 4269 quidem
2942 4198 3108 4253 adest
3126 4196 3376 4268 Spiritus
3400 4200 3660 4250 sanctus:

2020 4288 2121 4342 sed
2151 4287 2223 4342 iis
2246 4288 2345 4359 qui
2377 4288 2506 4360 puri
2531 4292 2673 4342 sunt
2697 4287 3025 4353 affectibus,
3052 4285 3408 4358 peculiarem
3437 4285 3668 4341 exhibet

2019 4378 2332 4444 virtutem;
2367 4382 2426 4432 at
2455 4392 2588 4432 vero
2606 4376 2676 4431 iis
2701 4393 2951 4448 quorum
2987 4392 3152 4431 mens
3205 4374 3426 4448 peccati
3477 4375 3665 4430 sordi-

2019 4465 2132 4520 bus
2162 4465 2560 4536 perturbatur,
2597 4465 2859 4520 minime.
2908 4465 3146 4537 Oportet
3204 4469 3402 4520 autem
3459 4467 3668 4535 praeter

2020 4555 2357 4625 puritatem,
2410 4553 2736 4609 constantis
2795 4554 2975 4609 animi
3025 4552 3479 4625 aequabilitatem
3512 4550 3669 4606 exhi-

248 4642 566 4703 τάστάσεως
598 4637 1012 4697 ἐπιδείκνυσθαι.
1065 4641 1144 4698 Οὐ
1193 4641 1293 4716 γὰρ
1327 4641 1355 4695 ὁ
1407 4637 1716 4712 ἀνωμάλως
1765 4633 1910 4714 ἔχων

2030 4644 2178 4698 bere.
2213 4643 2413 4714 Neque
2444 4644 2598 4698 enim
2624 4643 2722 4714 qui
2757 4643 3064 4714 inaequalis
3082 4647 3173 4697 est
3202 4641 3382 4696 animi
3408 4641 3560 4696 circa
3577 4657 3668 4695 ca-

250 4730 377 4805 περῖ
412 4728 792 4808 σωφροσύνην,
853 4725 1110 4804 καθαρός·
1173 4725 1300 4784 ἀλλ’
1332 4729 1359 4783 ὁ
1413 4729 1476 4784 τὸ
1526 4726 1782 4807 φρόνημα
1810 4732 1909 4794 τῆς

254 4819 458 4896 σαρκὸς
487 4817 752 4889 ὑποτάξας
798 4823 877 4890 τῷ
928 4819 1226 4892 ΙΙνεύματι.
1283 4820 1486 4894 ’Ὠσπερ
1541 4818 1644 4893 γὰρ
1697 4819 1750 4873 αἱ
1797 4823 1906 4874 τῶν

251 4906 573 4984 προσώπων
623 4905 883 4985 ἐμφάσεις
938 4907 1040 4962 οὐκ
1091 4906 1143 4962 ἰν
1198 4907 1393 4968 πάσαις
1442 4912 1560 4968 ταῖς
1609 4905 1768 4970 ὓλαις
1826 4907 1908 4982 γί-

251 5017 504 5072 γνογται,
539 4995 685 5052 ἀλλὰ
742 4995 794 5050 ἰν
839 4998 960 5058 τὰἶς
1012 4993 1271 5066 λειότητά
1314 5017 1434 5051 τινα
1475 4994 1566 5051 καὶ
1599 4994 1906 5074 διαφάνειαν

248 5087 639 5158 κεκτημέναιςο
704 5085 877 5148 οὕτως
938 5085 1037 5140 οὐκ
1088 5083 1141 5139 έν
1189 5087 1386 5148 πάσαις
1442 5089 1561 5147 ταῖς
1614 5087 1818 5160 ψυχαῖς
1867 5087 1902 5155 ἡ

2020 4732 2301 4799 stitatem,
2363 4749 2547 4804 purus
2579 4736 2687 4801 est,
2722 4732 2822 4787 sed
2883 4732 2981 4802 qui
3033 4730 3227 4786 carnis
3279 4729 3662 4802 petulantiam

2019 4821 2270 4892 subjecit
2329 4822 2593 4894 Spiritui.
2656 4821 3158 4886 Quemadmodum
3203 4819 3358 4876 enim
3390 4817 3664 4873 vultuum

2017 4909 2304 4982 imagines
2337 4927 2450 4966 non
2483 4910 2542 4965 in
2593 4909 2852 4982 qualibet
2908 4910 3153 4966 materia
3183 4909 3529 4977 redduntur,
3562 4908 3666 4964 sed

2017 4999 2076 5054 in
2135 4999 2228 5055 his
2279 5001 2562 5054 duntaxat
2590 4997 3013 5070 qualevorem
3074 5015 3140 5053 ac
3193 4996 3665 5068 perluciditatem

2018 5089 2339 5160 quamdam
2358 5089 2655 5156 obtinent;
2675 5089 2758 5142 ita
2771 5103 2887 5144 non
2909 5088 2968 5143 in
2989 5087 3351 5160 quibuslibet
3367 5086 3667 5142 mentibus

319 5258 369 5294 ⁸⁸
404 5256 513 5313 Isa.
547 5273 632 5326 m,
663 5258 718 5311 2.
795 5257 841 5291 ‘9
871 5255 1036 5313 Prov.
1074 5273 1113 5325 ι,
1142 5257 1234 5312 24.
1310 5257 1354 5292 ⁸ο
1383 5257 1405 5313 Ι
1435 5259 1560 5312 Cor.
1592 5273 1693 5324 χιι,
1723 5258 1778 5312 7.
1855 5256 1899 5294 ⁸⁸

2030 5273 2097 5314 Ii.
2125 5273 2226 5324 xu,
2256 5257 2309 5314 6.

317 5429 438 5512 ρο)
458 5425 1104 5512 Aquilaﬁymmachus
1136 5431 1193 5483 et
1213 5427 1533 5484 Theodotio
1564 5444 1668 5500 pro
1700 5423 1901 5500 λόγους

245 5500 586 5572 ediderunt,
619 5500 783 5572 χεῖρά
817 5516 946 5572 μου,
977 5514 1206 5572 manum
1235 5516 1434 5557 meam.

339 5572 434 5676 ξιξ
465 5567 1061 5676 cessasse-

465 5637 630 5716 !de'm
663 5642 862 5708 codex,
889 5637 1211 5716 δεχομένου,

318 5688 435 5787 ἰΞᾶΞ)
465 5688 1310 5786 ἰῐᾶἶιιὶῑῖιόἶι⁷ιέιὶ¹ὲῖὶἶὲ⁷ἑὰίιί,
1345 5711 1464 5788 μιν.

2108 5428 2198 5500 34)
2231 5427 2373 5500 Reg.
2408 5427 2726 5500 secundus,
2760 5423 2817 5482 δὶ
2843 5425 3168 5497 τηλικαῦτα.

2104 5501 2192 5571 35)
2225 5499 2488 5556 Sic’mss.
2523 5504 2662 5554 tres.
2696 5499 2872 5556 Deest
2901 5500 2994 5571 μέν
3028 5501 3086 5555 in
3118 5500 3316 5555 editis.

2105 5501 2172 5554 35
2225 5501 2318 5555 Sic
2343 5516 2488 5556 mss.
2523 5504 2662 5554 tres.
2696 5501 2872 5556 Deest
2901 5501 2994 5571 μέν
3028 5501 3086 5555 in
3118 5501 3316 5555 editis.

2105 5501 2367 5657 363hlieg.
2396 5571 2692 5657 secundus
2722 5588 2857 5628 cum
2891 5579 3139 5644 utroque
3159 5569 3444 5640 Combet‘.,
3477 5568 3659 5623 εὐστα-

2010 5639 2156 5704 θοῦς.
2177 5639 2370 5711 Ἐᾶίιῖ,
2402 5641 2708 5706 εὐπειθοῦς.
