4134 6212
295 361 418 418 125

1047 360 1454 421 COMMENT.
1500 361 1581 420 IN
1626 361 1897 421 ISAIAM
1949 362 2454 422 PROPHETAM.
2502 362 2978 425 PROOEMIUM.

3601 365 3716 425 126

294 489 388 546 δία
467 510 571 563 μου
641 488 933 565 ἐπορεύετο
1015 490 1151 563 μετὰ
1221 495 1359 558 σοῦ,
1419 489 1581 560 ἡνίκα
1637 490 1948 565 ἀνέστρεψεν

2077 494 2305 548 modum
2330 493 2796 550 ElisaeuszNonne
2826 509 2915 550 cor
2941 509 3121 549 meum
3153 494 3480 550 ambulabat
3509 500 3696 551 tecum

297 581 329 634 6
387 579 552 655 ἀνὴρ,
615 579 754 653 μετὰ
807 579 907 634 τοῦ
965 578 1207 654 ἅρματος
1261 578 1448 649 αὐτοῦ,
1508 578 1582 642 εἷς
1643 579 1959 651 συνάντησιν

296 689 388 723 σοι
450 670 602 742 (Δὸ);
684 669 836 726 Ἐστι
897 665 954 723 δὶ
1010 667 1317 746 προφητεία
1370 668 1462 724 καὶ
1517 671 1552 740 ἡ
1614 667 1683 726 δι’
1739 667 1959 747 ὀνείρων

296 760 641 833 πρόγνωσις,
705 757 781 822 ὡς
825 763 907 831 τῷ
960 759 1156 833 Ἰωοήρ
1212 756 1266 814 ἐν
1299 757 1582 835 Αἰγύπτῳ,
1639 759 1836 832 καὶτῷ
1867 767 1963 813 Δα-

297 846 435 917 νιὴλ
485 846 571 901 ἐπὶ
630 850 730 917 τῆς
793 842 1168 916 Βαϐυλωνίας,
1214 845 1506 904 ἐδείκνυτο.
1565 853 1689 909 Πῶς
1733 848 1824 902 οὗν
1871 848 1962 902 καὶ

305 940 534 1010 Φαραὼ,
592 937 683 991 καὶ
713 931 1214 1012 Ναϐουχοδονόσορ
1240 956 1254 1006 ;
1313 938 1436 994 ’Ότι
1474 936 1598 1011 περὶ
1628 941 1736 992 τῶν
1766 957 1963 1010 κοσμι-

299 1029 418 1081 κῶν
461 1024 845 1080 καταστάσεῶν
890 1025 1019 1087 τοὺς
1069 1029 1416 1099 κρατοῦντας,
1467 1023 1573 1081 ἔδει
1605 1021 1958 1099 προϐλέπειν,

294 1113 390 1168 ’ίνα
419 1113 769 1184 πιστεύηται.
825 1116 950 1176 Ιίὦς
998 1111 1056 1169 δὶ
1104 1115 1195 1169 καὶ
1249 1114 1484 1189 Βαλαὰμ
1512 1115 1842 1192 προφητεύει
1870 1114 1959 1169 καὶ

301 1205 588 1280 Καί’ἀφας;
631 1204 755 1261 ’Ὀτι
805 1209 1044 1258 κακεῖνοι
1091 1203 1220 1266 τοὺς
1276 1204 1636 1277 πειθομένους
1665 1205 1838 1280 εἶχονο
1870 1203 1960 1258 καὶ

301 1296 330 1348 6
363 1294 456 1365 μὲν
508 1293 586 1354 ὡς
638 1291 955 1367 ἀρχιερεὺς,
988 1294 1016 1347 6
1074 1290 1131 1347 δὲ
1163 1293 1236 1354 ὡς
1271 1293 1480 1367 μάντις.
1535 1292 1611 1350 Ού
1641 1295 1744 1368 γὰρ
1775 1297 1960 1367 ψυχῆς

297 1383 608 1452 καθαρότης
689 1381 938 1450 ἐνταῦθα,
1011 1379 1137 1437 οὐδὲ
1204 1381 1448 1457 διοῴγεια
1513 1387 1609 1437 νοῦ
1667 1381 1961 1457 ἰνορῶντος

296 1471 445 1537 Θεὸν,
497 1472 594 1525 καὶ
646 1471 751 1539 τήν
803 1469 999 1525 ἐκεῖθεν
1037 1469 1266 1544 δύναμιν
1297 1471 1637 1534 ἐπισπῶντος
1669 1475 1799 1544 (47)’
1835 1469 1962 1526 ἀλλ’

293 1559 672 1632 οἰκονομικῶς
725 1558 780 1614 ἂν
831 1560 1019 1622 αὐτοῖς
1076 1561 1104 1615 6
1159 1559 1344 1636 λόγος,
1379 1560 1440 1614 ού
1495 1562 1634 1616 κατά
1655 1562 1755 1630 τὴν
1787 1559 1958 1630 ἀξίαν,

291 1648 433 1704 ἀλλὰ
461 1650 608 1725 πρὸς
656 1650 754 1704 τὸν
804 1649 1012 1724 καιρόν.
1055 1651 1316 1720 Ζητήσεις
1356 1648 1412 1705 δὲ
1460 1651 1507 1704 εἴ
1538 1651 1604 1705 τὰ
1651 1651 1796 1726 παρά
1846 1651 1958 1723 (48)

286 1743 362 1810 τῷ
392 1736 599 1810 Ἠσαίᾳ
633 1738 733 1793 καὶ
763 1743 843 1809 τῷ
883 1737 1142 1807 Ἰεζεκιήλ
1175 1739 1426 1793 ὁπτασίαι
1458 1738 1583 1810 εἰσί,
1617 1737 1706 1794 διὰ
1734 1735 1961 1792 τοιῶνδε

288 1833 603 1905 φαντασιῶν
640 1828 975 1901 ἓωραμὲναι,
1007 1828 1041 1896 ἢ
1077 1825 1465 1901 θεολογίαι,δι⁹
1497 1827 1830 1903 αἰνιγμάτων
1860 1831 1958 1881 τοῦ

291 1916 613 1989 Πνεύματος
638 1917 711 1972 τὰ
740 1924 844 1986 τῆς
876 1916 1128 1987 θεότητος
1157 1919 1294 1990 ἡμῖν
1345 1915 1617 1989 ἲδιώματα
1665 1914 1961 1992 καταγγέλ-

292 2004 481 2060 λουσαι
511 2009 636 2079 (49)
659 2025 674 2073 ;

2072 599 2198 638 cum
2227 592 2593 640 reverteretur
2622 585 2706 638 vir
2734 600 2862 640 cum
2890 600 3059 639 curru
3104 599 3200 638 suo
3232 584 3336 638 tibi
3380 586 3598 639 obviam
3621 585 3664 619 ⁸⁸
3685 584 3712 640 ‘l

2072 673 2173 729 Est
2202 678 2398 728 autem
2432 678 2489 729 et
2518 673 2984 745 prophetia,cum
3018 671 3241 744 aliquid
3283 689 3384 745 per
3411 673 3711 729 somnium

2075 765 2400 834 praescitur,
2452 764 2956 833 quemadmodum
2994 763 3211 833 Joseph
3264 762 3320 816 in
3369 764 3614 834 IEgypto
3658 768 3714 818 et

2072 849 2275 905 Daniel
2309 850 2368 904 in
2401 849 2692 921 Babylone
2719 849 2993 905 revelatio
3028 851 3177 905 facta
3206 853 3393 906 est.At
3420 851 3711 920 quomodo

2071 938 2250 1010 igitur
2279 943 2337 994 et
2367 939 2588 993 Pharao
2609 939 3426 995 etNabuchodonosort‘utura
3457 939 3717 1012 prisscie-

2073 1028 2247 1084 runt?
2277 1029 2495 1100 Nempe
2518 1029 2588 1083 de
2619 1030 3056 1084 mundanarum
3080 1045 3274 1083 rerum
3298 1033 3450 1084 statu
3484 1035 3715 1100 oporte-

2071 1117 2173 1172 bat
2201 1118 2472 1172 dominos
2495 1119 2833 1188 praevidere,
2887 1120 2973 1173 uti
3031 1117 3124 1172 his
3184 1119 3329 1172 tides
3379 1118 3711 1174 haberetur.

2071 1207 2368 1271 Quomodo
2392 1224 2524 1260 vero
2557 1207 2729 1260 etiam
2769 1205 2997 1260 Balaam
3023 1205 3328 1277 prophetat.
3348 1212 3405 1260 et
3434 1206 3717 1277 Caiphae?

2071 1295 2360 1350 Nimirum
2393 1296 2545 1364 quod
2571 1294 2629 1348 hi
2660 1311 2888 1364 quoque
2903 1294 3198 1350 habebant
3219 1295 3430 1365 quibus
3461 1295 3716 1366 impera-

2071 1383 2332 1438 bantzhic
2363 1383 2596 1452 quidem
2623 1390 2903 1453 tanquam
2927 1385 3295 1437 sacerdotum
3322 1383 3718 1456 princeps,ille

2071 1472 2216 1528 88]
2259 1489 2412 1538 vero,
2449 1478 2732 1543 tanquam
2765 1478 2945 1527 vates.
2979 1472 3178 1543 Neque
3223 1473 3378 1526 enim
3407 1472 3502 1526 hic
3558 1472 3716 1544 puri-

2069 1566 2162 1618 tas
2194 1561 2376 1616 animi
2434 1561 2543 1616 fuit
2600 1563 2656 1616 in
2690 1578 2890 1628 causa,
2947 1577 3132 1632 neque
3166 1562 3374 1616 mentis
3406 1560 3717 1616 illustratio

2070 1651 2255 1706 Deum
2288 1650 2767 1722 contemplantis,
2790 1656 2965 1720 atque
2989 1649 3124 1703 inde
3150 1649 3421 1704 virtutem
3447 1647 3717 1704 haurien-

2069 1741 2190 1795 tis:
2228 1740 2326 1794 sed
2363 1745 2522 1794 certa
2578 1740 2834 1811 quadam
2878 1737 3316 1810 dispensatione
3362 1736 3480 1792 illis
3537 1737 3717 1792 conti-

2070 1829 2156 1900 git
2210 1843 2426 1898 sermo,
2491 1846 2604 1882 non
2660 1845 2762 1899 pro
2822 1827 3046 1894 merito,
3109 1827 3214 1882 sed
3272 1842 3374 1898 pro
3435 1825 3716 1897 temporis

2071 1921 2527 1988 opportunitate.
2563 1918 2796 1982 Quaeres
2828 1922 3048 1985 autem,
3083 1933 3156 1971 an
3187 1931 3255 1971 ea
3286 1932 3413 1986 quae
3445 1914 3720 1986 leguntur

2073 2007 2226 2077 apud
2255 2007 2465 2060 lsaiam
2499 2012 2555 2060 et
2587 2005 2972 2071 Ezechielem,
3003 2007 3126 2060 sint
3153 2004 3407 2060 visiones
3457 2021 3560 2075 per
3608 2003 3717 2058 hu-

285 2095 551 2166 jusmodi
590 2097 946 2168 phantasias
991 2102 1334 2168 conspectas,
1367 2113 1439 2151 an
1475 2096 1674 2168 potius
1707 2112 1902 2151 rerum
1936 2093 2267 2152 divinarum
2303 2094 2589 2160 doctrina,
2638 2113 2742 2166 per
2791 2094 3044 2166 Spiritus
3099 2094 3414 2166 enigmata
3445 2093 3717 2149 divinita-

293 2185 369 2239 tis
399 2187 811 2257 proprietates
835 2185 1004 2240 nobis
1035 2186 1376 2256 signiﬁcans
1401 2185 1428 2239 ?

359 2275 414 2329 5.
451 2278 600 2349 Φασὶ
637 2271 697 2328 δέ
737 2293 880 2335 τινες
928 2272 1276 2343 ἰξεστηκότας
1325 2271 1520 2335 αὐτοὺς
1574 2271 1956 2350 προφητεύειν,

295 2360 822 2434 ὶπικαλυπτομένου
894 2365 990 2416 τοῦ
1072 2361 1412 2436 ἀνθρωπείου
1485 2366 1581 2415 νοῦ
1658 2362 1804 2436 παρᾶ
1862 2365 1959 2415 τοῦ

297 2451 637 2524 Πνεύματος.
688 2454 861 2504 Τοῦτο
911 2447 968 2505 δὲ
1015 2451 1162 2527 παρὰ
1216 2453 1314 2519 τήν
1365 2447 1684 2524 ἐπαγγελίαν
1721 2449 1831 2504 ἐστὶ
1860 2457 1962 2518 τῆς

298 2539 442 2602 θείας
487 2536 820 2611 ἐπιδημίας,
867 2535 1100 2615 ’ἔκφρονα
1154 2543 1330 2593 ποιεῖν
1360 2539 1452 2593 τὸν
1495 2534 1820 2609 θεόληπτον,
1870 2537 1960 2592 καὶ

302 2626 394 2682 ὅτε
418 2625 654 2701 πλήρης
706 2626 899 2703 γέγονε
925 2631 1032 2682 τῶν
1066 2626 1223 2691 θείων
1276 2625 1625 2702 διδαγμάτων
1657 2629 1791 2700 (50),
1840 2627 1963 2683 τότε

301 2715 393 2770 καὶ
439 2723 543 2784 τῆς
605 2715 813 2778 οῗκείας
870 2714 1169 2786 ἐξίστασθαι
1222 2713 1482 2788 διανοίας,
1513 2717 1601 2771 καὶ
1633 2715 1838 2780 ἄλλους
1870 2717 1963 2788 μὲν

307 2803 633 2882 ὠφελοῦντα
664 2803 735 2859 δι’
765 2805 980 2872 ἑαυτοῦ,
1028 2805 1187 2861 αὐτὸν
1221 2803 1278 2861 δὲ
1303 2812 1404 2875 τῆς
1435 2804 1494 2861 ἐκ
1522 2811 1626 2860 τῶν
1681 2803 1833 2860 ἰδίων
1863 2802 1963 2859 λό-

307 2915 418 2966 γων
476 2893 872 2949 ἀπολείπεσθαι
932 2893 1218 2968 ὠφελείας.
1277 2892 1462 2956 ’Όλως
1503 2892 1580 2961 δὲ,
1629 2895 1748 2949 τίνα
1795 2893 1961 2969 λόγον

316 2981 624 3046 ἀκόλουθον
677 2979 820 3058 ἔχει,
852 2982 914 3038 ἐκ
939 2988 1036 3038 τοῦ
1065 2991 1163 3053 τῆς
1213 2983 1404 3062 σοφίας
1436 2984 1746 3057 Πνεύματος
1781 3005 1963 3058 μεμη-

313 3071 432 3125 νότι
479 3070 869 3146 παραπλήσιον
929 3071 1192 3147 γίνεσθαι,
1252 3073 1342 3128 καὶ
1374 3072 1432 3128 ἐκ
1461 3078 1556 3128 τοῦ
1584 3080 1685 3142 τῆς
1712 3072 1962 3148 γνώσεως

311 3159 632 3231 Πνεύματος
693 3161 756 3216 τὸ
811 3160 1352 3235 παρακολουθητικὸν
1422 3157 1753 3217 ἀποϐάλλειν
1817 3165 1956 3234 (51);

309 3247 471 3305 Ἀλλ’
513 3246 637 3304 οῦτε
686 3249 749 3304 τὸ
799 3254 914 3328 φῶς
967 3248 1282 3328 τυφλότητα
1329 3250 1567 3324 ιμποιεῖ,
1597 3250 1742 3307 ἀλλὰ
1777 3252 1875 3319 τήν
1908 3249 1968 3305 ἐκ

305 3336 525 3414 φύσεως
593 3336 1000 3414 ἐνυπάρχουσαν
1081 3339 1339 3416 ὁρατικὴν
1404 3337 1629 3412 δύναμιν
1692 3337 1963 3413 διεγείρειο

307 3424 438 3480 οὔτε
467 3427 531 3480 τὸ
583 3427 804 3500 Πνεῦμα
837 3427 1097 3483 σκότωσιν
1157 3428 1378 3501 ἐμποιεῖ
1421 3433 1539 3491 ταῖς
1567 3432 1794 3503 ψυχαῖς,
1822 3427 1966 3483 ἀλλὰ

306 3515 450 3590 πρὸς
502 3517 602 3584 τήν
655 3521 763 3570 τῶν
808 3522 1019 3588 νοητῶν
1093 3517 1320 3593 θεωρίαν
1397 3516 1488 3571 τὸν
1539 3517 1643 3572 ἀπὸ
1696 3521 1805 3571 τῶν
1861 3519 1964 3582 τῆς

303 3604 581 3680 ἁμαρτίας
628 3603 876 3675 κηλίδων
931 3606 1293 3680 καθαρεύοντα
1349 3609 1477 3658 νοῦν
1506 3602 1827 3675 διανίστησι.
1855 3611 1961 3660 Ilo-

301 3695 483 3763 νηραν
546 3695 639 3767 μὲν
699 3690 802 3749 οῦν
851 3691 1080 3767 δύναμιν
1139 3695 1474 3770 συγχυτικὴν
1506 3693 1640 3748 εἶναι
1699 3691 1961 3765 διανοίας,

304 3777 773 3837 ἐπιϐουλεύουσαν
825 3787 893 3856 τῇ
943 3783 1256 3859 ἀνθρωπίνῃ
1306 3782 1480 3861 φύσει,
1536 3783 1638 3838 οὐκ
1683 3783 1960 3847 ἀπίθανον⁸

304 3869 459 3924 θείου
518 3868 578 3925 δὶ
635 3872 950 3944 Ηνεύματος
999 3872 1293 3946 παρουσίαν
1352 3872 1514 3926 ταυτὸ
1569 3876 1729 3926 τοῦτο
1781 3869 1961 3947 λέγειν

304 3958 575 4035 ινεργεῖν,
633 3955 840 4023 ἀσεϐές.
899 3964 1139 4030 Ἐπειτα,
1199 3960 1250 4015 εἲ
1303 3962 1462 4038 σοφοὶ
1523 3961 1574 4015 οἱ
1628 3962 1792 4036 ἁγιοι,
1840 3967 1958 4024 πῶς

303 4048 409 4103 οὐκ
437 4047 855 4119 ἐπηκολούθουν
888 4055 1005 4112 τοῖς
1052 4049 1593 4124 προφητευομένοις;
1628 4050 1804 4128 Σοφὸς
1834 4051 1958 4126 γὰρ,

305 4138 472 4210 φησὶ,
519 4140 706 4208 νοήσει
761 4141 830 4194 τὰ
889 4140 993 4194 ἀπὸ
1043 4144 1140 4195 τοῦ
1200 4136 1343 4194 ἰδίου
1403 4138 1703 4211 στόματος*
1756 4139 1840 4194 ἐπὶ
1903 4137 1960 4195 δὲ

306 4225 527 4300 χείλεσι
581 4233 739 4304 φορεῖ
783 4226 1258 4302 ἐπιγνωμοσύνην.
1304 4227 1370 4284 Εἰ
1419 4225 1478 4282 δὲ
1519 4227 1602 4282 ὅτι
1634 4226 1815 4300 ἐξὲστη
1847 4229 1966 4302 (52)’

305 4314 488 4370 ἰσααν
537 4313 625 4369 ἰπὶ
655 4319 724 4388 τῇ
756 4312 950 4388 εἰσόδῳ
978 4321 1074 4370 τοῦ
1106 4317 1226 4371 υἱοῦ
1257 4315 1441 4382 σύτοῦ,
1493 4317 1584 4371 καὶ
1616 4311 1782 4371 Δαϐἰδ
1814 4317 1955 4372 εἶπεν

305 4403 358 4457 ιν
386 4407 459 4476 τῇ
511 4403 754 4460 ἐκστάσει
805 4404 991 4473 αὐτοῦ,
1045 4403 1134 4460 διὰ
1179 4410 1342 4460 τοῦτο
1370 4405 1470 4474 τήν
1499 4405 1815 4483 παραφορὰν
1861 4427 1957 4461 κα-

2137 2274 2194 2327 5.
2228 2272 2403 2328 Porro
2449 2277 2590 2328 sunt
2633 2273 2734 2344 qui
2778 2273 2976 2328 dicant
3025 2289 3124 2328 eos
3167 2273 3360 2328 furore
3386 2287 3450 2326 ac
3486 2270 3716 2326 insania

2068 2368 2365 2433 correptos
2409 2363 2780 2433 prophetare,
2833 2362 3096 2418 humana
3147 2367 3342 2417 mente
3390 2377 3424 2415 ε
3491 2359 3711 2431 Spiritu

2070 2452 2364 2522 absorpta.
2398 2452 2612 2506 Verum
2644 2451 2700 2506 id
2735 2451 3007 2506 abhorret
3039 2469 3071 2506 a
3104 2449 3481 2521 professione.
3507 2450 3714 2504 divinae

2071 2541 2413 2610 praisentiae,
2448 2546 2513 2595 ut
2539 2545 2831 2596 amentem
2864 2540 3088 2611 reddat,
3122 2539 3223 2612 qui
3254 2557 3287 2594 a
3314 2538 3555 2593 numine
3585 2553 3716 2593 cor-

2071 2627 2567 2700 ripitur,cumque
2587 2627 2795 2698 plenus
2840 2629 3170 2683 divinorum
3197 2630 3563 2684 decretorum
3586 2641 3715 2681 esse

2072 2719 2328 2789 cmperit,
2360 2723 2484 2774 tum
2517 2736 2550 2773 a
2581 2737 2689 2773 sua
2721 2719 2909 2790 ipsius
2941 2724 3134 2774 mente
3190 2718 3440 2784 excidat,
3500 2721 3558 2770 et
3613 2714 3714 2786 qui

2073 2807 2204 2862 aliis
2233 2825 2299 2862 ex
2353 2824 2480 2863 sese
2512 2809 2763 2879 praebeat
2793 2807 3132 2873 utilitatem,
3169 2809 3296 2878 ipse
3338 2822 3405 2859 ex
3463 2803 3714 2876 propriis

2073 2898 2443 2954 sermonibus
2465 2898 2610 2953 nihil
2633 2899 2824 2970 capiat
2848 2898 3317 2953 emolumentiJn
3343 2909 3718 2963 sunima,qua

2075 2989 2300 3042 ratione
2332 2993 2791 3044 consentaneum
2825 2993 2933 3052 est,
2969 2995 3033 3041 ut
3063 2987 3197 3058 quis
3257 3002 3359 3056 per
3415 2979 3712 3054 sapientiae

2077 3076 2380 3146 Spiritum,
2411 3075 2751 3130 simillimus
2772 3076 2981 3132 insano
3012 3076 3238 3142 evadat,
3268 3091 3334 3130 ac
3394 3090 3462 3128 ex
3508 3068 3720 3126 intelli-

2077 3165 2286 3237 gentia:
2306 3165 2525 3236 Spiritu
2549 3165 2662 3220 vim
2686 3165 2923 3220 amittat
2951 3161 3497 3235 intelligendi?0uin
3520 3159 3717 3231 potius

2079 3271 2269 3326 neque
2301 3254 2499 3310 lumen
2532 3253 2850 3308 caecitatem
2889 3255 3060 3323 parit,
3093 3270 3294 3308 verum
3341 3249 3574 3306 videndi
3633 3247 3714 3301 fa-

2077 3343 2352 3398 cultatem
2409 3360 2443 3397 a
2493 3347 2701 3397 natura
2758 3341 2999 3397 insitam
3046 3339 3483 3413 expergefacit;
3531 3353 3719 3408 neque

2077 3432 2333 3504 Spiritus
2363 3431 2636 3487 tenebras
2668 3431 2894 3486 inducit
2924 3432 3159 3496 animis,
3193 3433 3293 3485 sed
3327 3430 3398 3484 ad
3457 3432 3718 3483 contem-

2076 3522 2394 3593 plationem
2423 3538 2619 3576 rerum
2652 3519 3402 3590 intelligibilium,mentem
3435 3535 3469 3573 a
3500 3515 3718 3589 peccati

2076 3610 2325 3666 maculis
2357 3627 2564 3682 puram
2597 3610 2824 3664 excitat.
2857 3609 2981 3665 Non
3009 3610 3247 3681 quidem
3281 3607 3570 3664 dissimile
3601 3605 3717 3659 veri

2073 3701 2536 3771 est,improbam
2572 3705 2943 3771 potestatem,
2993 3703 3215 3753 naturae
3247 3699 3520 3752 humanis
3580 3693 3718 3748 insi-

2072 3787 2352 3854 diantem,
2406 3789 2762 3843 contundere
2804 3792 3057 3842 mentem
3095 3805 3106 3841 :
3157 3788 3256 3841 sed
3288 3786 3547 3857 idipsum
3615 3798 3718 3852 per

2073 3877 2330 3949 Spiritus
2359 3877 2544 3931 divini
2579 3877 2949 3947 praisentiam
3008 3877 3185 3942 et'tici,
3213 3875 3404 3929 dicere
3463 3873 3716 3940 impium

2071 3972 2178 4022 est.
2213 3966 2294 4021 Ad
2350 3964 2492 4033 haec,
2543 3966 2590 4019 si
2652 3965 2949 4035 sapientes
2980 3969 3122 4019 sunt
3151 3964 3362 4027 sancti,
3421 3959 3714 4031 quomodo

2071 4072 2271 4112 eorum
2303 4071 2434 4126 quas
2461 4053 2733 4108 vaticinio
2765 4053 3035 4120 edebant,
3093 4050 3538 4121 intelligentiam
3599 4063 3711 4102 non

2071 4150 2214 4202 sunt
2244 4143 2542 4199 assecuti?
2575 4143 2802 4213 Sapiens
2833 4143 3013 4208 enim,
3049 4142 3262 4212 inquit,
3287 4139 3556 4209 intelliget
3588 4153 3714 4209 qua

2069 4236 2136 4291 ab
2166 4251 2258 4291 ore
2283 4234 2512 4305 proprio
2537 4231 2962 4302 proﬁciscuntur
2995 4247 3006 4287 :
3041 4232 3102 4285 in
3134 4229 3296 4285 labiis
3328 4232 3508 4284 autem
3534 4233 3719 4300 portat

2069 4321 2738 4394 intelligentiam“.Quod
2773 4321 2820 4375 si
2845 4321 3117 4390 quoniam
3149 4320 3308 4374 Isaac
3352 4318 3410 4372 in
3442 4317 3713 4390 ingressu

2070 4412 2298 4468 ﬁliisui
2351 4409 2657 4480 obstupuit
2685 4411 2748 4474 ⁵⁷,
2773 4415 2829 4464 et
2877 4409 3158 4480 quoniam
3217 4407 3396 4464 David
3455 4407 3600 4462 dixit
3654 4407 3714 4462 in

308 4491 674 4566 ταψεύδονται
724 4499 832 4548 τῶν
866 4493 1055 4568 ἁγίων,
1103 4493 1512 4568 γινωσκέτωσαν
1555 4495 1654 4563 τήν
1703 4491 1959 4569 ἔκπληξιν

2077 4516 2313 4556 excessu
2346 4515 2452 4555 suo
2482 4498 2526 4533 ⁵⁸
2554 4513 2568 4552 :
2601 4499 2673 4552 ob
2705 4498 2760 4551 id
2803 4498 3035 4569 tingunt
3065 4502 3299 4552 sanctos
3330 4496 3542 4552 mentis
3596 4512 3715 4550 suis

305 4577 562 4637 ἱκστασιν
614 4582 882 4658 εἰρῆσθαισ
944 4584 1020 4646 ὡς
1073 4583 1156 4652 τὸ,
1214 4583 1432 4655 Ἐξὲστη
1492 4585 1521 4639 6
1580 4583 1826 4660 ούρανὸς,
1874 4586 1966 4641 καὶ

374 4781 422 4816 ⁸⁸
450 4779 525 4838 IV
557 4781 693 4854 Reg.
722 4797 778 4850 ν,
809 4782 901 4837 26.
979 4781 1024 4818 ⁸⁸
1052 4782 1214 4839 Prov.
1244 4798 1364 4853 m,
1394 4783 1483 4838 23.

382 4979 499 5107 (αἱς)
531 4979 772 5038 Codices
803 4981 942 5050 duo,
975 5001 1095 5068 εσυ.
1124 4982 1255 5038 Mox
1286 4985 1535 5108 uterque
1565 4981 1849 5072 Combef?
1881 4982 1956 5047 ὡς

382 5075 392 5102 ι
493 5051 748 5108 ωσῆφ....
807 5051 898 5107 καὶ
953 5073 1034 5108 τω
1090 5051 1317 5108 Δανιήλ.
1378 5053 1418 5108 E
1463 5058 1547 5108 ita.
1599 5054 1626 5107 6
1683 5055 1953 5108 ’[ωσηω...

305 5051 401 5123 τῷ
447 5051 748 5128 Ἰωσὴφ...
807 5051 898 5107 καὶ
953 5056 1034 5125 τῷ
1090 5051 1317 5124 Δανιήλ.
1378 5051 1547 5125 Editi,
1599 5054 1626 5107 6
1683 5051 1953 5132 ’[ωσῆφ...

307 5123 403 5177 καὶ
434 5119 662 5177 Δανιήλ.

307 5129 403 5178 καὶ
434 5129 596 5176 AaV-xl
606 5129 662 5179 λ.
1862 5129 1871 5132 ⁷

318 5267 331 5284 ι
383 5197 498 5284 (47)
526 5161 663 5284 Regi.
695 5195 1283 5284 ρωυηᾲυεηᾶνταῦξα,
1322 5195 1446 5284 ούέε
1475 5195 1596 5259 νοῦς
1655 5195 1954 5264 ἀνθρώπων

310 5265 558 5353 ἑώντων
622 5267 774 5353 Θεὸν,
823 5267 914 5321 καὶ
971 5269 1069 5335 τὴν
1101 5265 1329 5352 ,ἐκεῖθεν
1381 5266 1608 5342 δύναμιν
1670 5289 1956 5345 σπφντων,

311 5341 491 5410 Neque
546 5357 702 5394 men:
747 5340 1034 5396 hominum
1090 5341 1428 5397 intuentium
1477 5340 1666 5411 Deum,
1727 5340 1960 5412 indeque

311 5414 571 5495 viflutcm
598 5412 1008 5495 haurientium:
1044 5412 1200 5495 Regii
1233 5413 1465 5495 primus
1494 5419 1552 5495 e_t
1583 5413 1790 5495 tertius
1841 5429 1957 5495 non

316 5482 484 5567 aliter
512 5489 690 5555 atque
721 5483 1006 5555 editi,nisi
1026 5480 1182 5555 qued
1205 5480 1308 5556 p'ro
1337 5480 1675 5546 ἐπισπῶντος
1701 5484 1949 5540 habeant

318 5571 620 5699 “((230820
666 5625 812 5698 Reg.
858 5626 1110 5698 primus.
1170 5631 1293 5683 Duo
1345 5626 1446 5683 alii
1489 5643 1660 5700 ωσι,
1691 5625 1738 5681 εἰ
1791 5624 1955 5700 παρὰ.

318 5695 485 5754 Βάίίί.
516 5695 565 5752 εἰ
587 5697 645 5752 αἱ
685 5693 858 5754 παρά.

401 5713 485 5772 in,
516 5713 565 5752 ει
587 5713 645 5752 αι
685 5713 858 5773 παρα.

2076 4592 2378 4660 compotes
2409 4602 2522 4642 non
2553 4602 2704 4654 esse;
2727 4587 2993 4640 noverint
3022 4585 3473 4641 admirationem
3506 4600 3572 4640 ac
3593 4589 3716 4639 stu-

1561 4782 1608 4818 "
1637 4782 1782 4840 Gen.
1808 4801 1984 4858 um,
2005 4786 2094 4844 33.
2171 4786 2215 4822 ⁸⁸
2247 4783 2407 4842 Psal.
2448 4799 2576 4851 cxv,
2607 4785 2662 4839 2.

2138 4984 2250 5060 (49)
2278 4982 2440 5056 Regii
2473 4981 2701 5060 primus
2740 4985 2797 5038 et
2847 4983 3168 5060 secundus,
3227 4979 3714 5060 καταγγέλλουσαι.

2064 5050 2243 5124 Editi,
2265 5050 2754 5128 κατᾶγγέλλοντος,
2791 5071 2906 5110 non
2941 5056 3020 5110 ita
3035 5060 3216 5128 recte.

2139 5128 2251 5200 (50)
2287 5124 2426 5200 Reg.
2452 5124 3186 5200 ἐθθυῐιιίιιε,,χαρισμάτων⁸

2139 5193 2252 5271 (51)
2281 5193 2522 5271 Codices
2582 5193 3129 5271 ποθ-ἀποϐάλλειν.
3188 5199 3314 5254 Non
3367 5197 3537 5271 longe
3581 5199 3715 5254 hinc

2067 5267 2207 5345 Reg.
2233 5267 2549 5345 secundus,
2578 5267 2893 5345 τυφλότητα
2919 5275 3086 5325 ποιεῖ.
3120 5271 3378 5326 Subinde
3419 5267 3572 5325 idem
3615 5287 3712 5326 co-

2069 5339 2198 5410 dei,
2233 5344 2452 5415 Πνεῦμα
2479 5339 2748 5415 τᾲᾶγιόν.

2139 5409 2249 5485 (52)
2285 5409 2456 5476 Illud,
2493 5409 2902 5486 tEéﬁmpotest
2933 5430 3361 5486 nonnunquam
3393 5413 3474 5468 ita
3503 5411 3707 5486 accipi,

2069 5484 2480 5556 ut'quamdam
2507 5484 2727 5540 mentis
2748 5485 3152 5541 alienationem
3181 5484 3710 5556 signiticeLVulga-

2068 5561 2149 5629 ta,
2168 5559 2416 5629 Expavit
2442 5557 2607 5629 [suae
2633 5567 2866 5629 stupore
2886 5557 3214 5629 vehementi.
3231 5556 3553 5629 Aliquando
3577 5556 3709 5625 post

2243 5623 2476 5700 tertius,
2511 5623 2600 5682 διὰ
2618 5623 2782 5683 τοῦτο
2811 5627 2912 5696 τὴν
2935 5627 3254 5704 περιφοράν,
3296 5623 3454 5683 haud
3502 5623 3706 5681 emen-

2111 5714 2144 5756 α
2209 5737 2226 5756 ο

2111 5714 2226 5758 ate.
