4108 6214
419 367 531 425 12⁸7

1354 369 1751 430 APPENDIX
1795 368 2120 430 OPERUM
2167 371 2234 429 S.
2279 367 2563 430 BASILII
2607 367 2885 430 MAGNI.

413 512 614 569 porem
645 495 1002 568 appellatum
1035 513 1165 554 esse
1208 499 1424 554 mentis
1478 514 1804 555 excessum.
1855 498 2067 570 Cujus-

2182 498 2216 565 ἡ
2275 503 2347 572 γῆ
2401 493 2601 574 ἔφριξε.
2634 497 2759 572 Χρή
2794 493 2852 551 δὲ
2879 495 2986 550 ἀπὸ
3014 463 3121 549 τῶν
3153 496 3352 548 κοινῶν
3386 489 3602 546 ἐννοιῶν
3636 490 3838 561 ὡρμη-

413 586 571 641 modi
592 591 680 640 est
709 585 1199 658 illud:0bstupuit
1230 587 1526 658 coelum,et
1559 588 1789 643 horruit
1817 592 1973 643 terra
1994 589 2059 642 5°.

413 677 587 730 Porro
620 676 918 730 fatendum
953 681 1043 731 est
1073 693 1106 731 a
1134 678 1549 733 communibus
1600 676 1909 750 principiis
1935 693 2061 747 pro-

412 765 593 820 fectos
619 780 723 818 nos
735 781 800 818 ea
818 780 944 834 quae
966 767 1182 820 secund
1196 783 1290 820 um
1313 766 1567 821 litteram
1583 767 1876 822 contraria
1899 773 2060 833 sunt,

411 853 469 908 in
493 853 608 907 Deo
642 869 755 907 non
788 853 1129 924 intelligere.
1159 854 1338 917 Quale
1365 859 1453 909 est
1490 857 1662 925 juxta
1719 871 2062 910 communes

2176 586 2391 658 μένους,
2426 586 2552 660 περὶ
2583 589 2715 639 Θεοῦ
2746 585 2814 638 τά
2843 582 3249 656 ἐναντιούμενα,
3294 581 3420 635 ὅσον
3454 578 3541 634 ὶπὶ
3569 581 3639 652 τῇ
3667 575 3835 648 λέξει,

2172 672 2490 748 ὁμολογεῖν,
2559 674 2633 746 μὴ
2700 679 2866 729 νοεῖν.
2915 674 3066 743 Οἴον,
3119 670 3258 725 κατὰ
3319 670 3416 733 τὰς
3462 667 3644 729 κοινὰς
3693 686 3836 739 προ-

2173 761 2366 835 λήψεις
2397 761 2508 816 ἐστὶ
2539 765 2652 834 (53)
2679 763 2778 830 τήν
2813 761 2957 824 θείαν
2990 760 3145 838 φύσιν
3178 760 3404 835 ἀγαθὴν,
3436 757 3524 811 καὶ
3558 755 3832 829 ἀόργητον

2171 851 2259 905 καὶ
2293 849 2500 906 δικαίαν
2534 848 2856 925 ὁμολογεῖν.

413 941 801 1013 acceptiones,
835 941 1094 996 divinam
1122 950 1416 1012 naturam,
1453 944 1689 1011 bonam,
1714 945 1810 998 iraa
1835 949 2130 1015 expertem
2161 958 2227 997 ac
2253 943 2479 1011 justam
2512 958 2642 996 esse
2672 941 2960 996 confiteri.

483 1034 537 1086 6.
586 1031 763 1094 Quale
816 1032 865 1085 si
919 1031 1220 1103 Scriptura
1294 1033 1480 1088 Deum
1535 1034 1730 1095 irasci.
1817 1049 2064 1090 mcerore

416 1121 591 1187 affici,
614 1125 717 1175 aut
748 1121 1043 1190 paenitere,
1076 1125 1178 1176 aut
1201 1128 1405 1192 preter
1436 1124 1715 1178 meritum
1753 1122 1952 1194 aliquo
1976 1122 2062 1177 uti

417 1211 606 1264 dicat:
642 1209 783 1279 quid
818 1210 929 1263 sibi
953 1209 1132 1264 velint
1161 1213 1336 1265 verba
1367 1212 1746 1282 quaerendum
1805 1215 1895 1266 est
1926 1227 1941 1278 ;
1999 1226 2064 1264 ac

415 1297 666 1354 sollicite
697 1298 1074 1369 cogitandum
1106 1302 1401 1370 quomodo
1430 1316 1499 1355 ea
1540 1299 1845 1356 restituere
1878 1297 2062 1368 possi-

417 1403 570 1441 mus.
604 1386 729 1440 Non
763 1392 958 1441 autem
991 1389 1283 1458 oportebit
1314 1388 1623 1459 praeclaras
1657 1389 1727 1444 de
1766 1389 1880 1443 Deo
1937 1387 2062 1459 opi-

416 1475 622 1530 niones
654 1476 1012 1531 subvertere.
1087 1479 1280 1548 Atque
1331 1479 1402 1532 ad
1459 1494 1593 1533 eum
1628 1479 1866 1533 modum
1918 1477 2066 1532 citra

417 1564 702 1619 oﬂcnsam
735 1568 796 1618 tn
828 1563 1146 1635 Scripturis
1173 1566 1560 1636 versabimur,
1590 1567 1732 1621 dum
1764 1570 1820 1620 et
1859 1582 1929 1620 ex
1967 1565 2062 1633 iis,

417 1670 544 1725 qua:
580 1652 747 1707 facile
772 1654 988 1724 percipi
1024 1659 1294 1723 possunt,
1327 1655 1758 1725 adjuvabimur,
1794 1660 1851 1710 et
1881 1655 1952 1710 ab
1991 1655 2064 1708 iis

2240 1032 2296 1085 6.
2353 1029 2475 1085 Ἐὰν
2528 1028 2620 1084 οὖν
2650 1029 3023 1104 ὀργιζόμενον,
3055 1027 3091 1097 ἣ
3125 1025 3486 1099 λυπούμενον,
3518 1026 3554 1094 ἠ
3591 1043 3831 1096 μεταμε-

2173 1116 2426 1190 λόμενον,
2485 1119 2521 1188 ἢ
2585 1119 2660 1190 μὴ
2719 1123 2834 1173 κατ’
2891 1116 3036 1187 ἀξίαν
3080 1116 3186 1170 τινὶ
3221 1114 3512 1190 χρώμενον
3551 1114 3586 1182 ἡ
3638 1113 3830 1188 Γραφή

2173 1205 2344 1280 λέγει,
2379 1212 2556 1276 ζητεῖν
2617 1208 2881 1280 προσήκει
2935 1205 2997 1260 τὸ
3054 1211 3152 1274 τῆς
3185 1203 3381 1276 λέξεως
3427 1200 3708 1279 βούλημα,
3735 1199 3833 1254 καὶ

2177 1301 2462 1371 μεριμνᾷν,
2537 1296 2660 1350 τίνοι
2731 1295 2933 1370 τρόπον
2991 1295 3431 1362 ἀποκαταστῆσαι
3485 1288 3830 1361 δυνηθῶμεν·

2173 1384 2302 1461 οὐχί
2333 1382 2391 1439 δὲ
2421 1384 2734 1459 ἀνατρέπειν
2764 1385 2859 1446 τὰς
2894 1379 3215 1458 ἀξιολόγους
3263 1381 3383 1454 περὶ
3429 1383 3564 1436 Θεοῦ
3613 1376 3836 1448 ὑπολή-

2173 1475 2310 1546 ψεις.
2344 1473 2441 1527 Καὶ
2488 1472 2660 1535 οὕτως
2705 1471 3068 1546 ἀπροσκόπως
3127 1469 3478 1542 ἐντευξόμεθα
3530 1472 3650 1528 ταῖς
3697 1472 3840 1540 Γρα-

2175 1567 2320 1638 φαῖς,
2353 1562 2457 1616 ἀπὸ
2487 1562 2580 1633 μὲν
2624 1566 2730 1616 τῶν
2767 1559 3054 1630 εύλήπτων
3108 1557 3511 1637 ὠφελούμενοι,
3542 1555 3602 1611 ἐκ
3631 1552 3689 1610 δὲ
3716 1558 3831 1608 τῶν

2176 1651 2548 1727 ἀσαφεστέρων
2604 1650 2665 1704 οὐ
2721 1643 3265 1726 παραϐλαπτόμενοι.
3325 1646 3447 1704 Ἐὰν
3504 1643 3562 1701 δέ
3603 1665 3684 1706 τις
3736 1642 3833 1719 ἐγ-

418 1757 545 1812 quae
603 1746 743 1796 sunt
799 1740 1095 1796 intellectu
1142 1742 1497 1810 difﬁciliora,
1533 1759 1647 1798 non
1679 1743 2062 1798 oﬂ'endemnr.

2182 1736 2320 1812 καλῇ
2349 1743 2419 1805 τῆ
2451 1739 2566 1810 Θείᾳ
2596 1742 2804 1814 Γραφῇ,
2838 1738 2912 1800 ὡς
2951 1741 3014 1792 ού
3064 1733 3425 1808 διδασκαλικῇ
3457 1731 3583 1789 οὐδὲ
3611 1731 3835 1844 inpr;-

419 1830 580 1894 Quod
605 1829 654 1883 si
686 1829 818 1901 quis
851 1830 994 1884 illud
1048 1830 1257 1886 divinae
1287 1831 1601 1902 Scriptura
1661 1833 1801 1886 vitio
1851 1835 2062 1895 vertat,

421 1918 576 1989 quod
611 1935 723 1974 non
758 1919 982 1984 doceat,
1023 1936 1210 1990 neque
1232 1922 1518 1991 producat
1547 1937 1760 1991 eaquae
1794 1921 2070 1991 prodesse

421 2008 666 2077 possint,
692 2007 742 2062 is
774 2009 1098 2080 perpendat
1121 2009 1455 2065 universam
1498 2026 1695 2064 rerum
1729 2009 2068 2064 mortalium

422 2095 873 2163 ordinationem,
937 2114 1050 2152 non
1110 2097 1303 2153 solum
1333 2098 1392 2153 in
1453 2098 1606 2154 382
1639 2097 2067 2170 spiritualibus,

420 2201 622 2239 verum
656 2184 833 2240 etiam
864 2185 923 2240 in
957 2187 1538 2257 inferioribus,atque
1569 2188 1639 2242 ad
1681 2186 1858 2241 vitam
1892 2185 2070 2258 perti-

423 2274 703 2328 nentibus
737 2274 1015 2346 negotiis;
1044 2276 1487 2347 consideratque
1514 2292 1641 2331 eam
1672 2275 1941 2344 vim,quse
1964 2291 2069 2346 gu-

426 2361 628 2417 bernat
649 2362 1141 2429 universa,brutis
1155 2364 1512 2420 animalibus
1543 2364 1772 2420 facilem
1789 2365 1860 2418 ad
1890 2365 2070 2418 vitam

421 2452 702 2506 tuendam
735 2452 1098 2508 occasionem
1151 2454 1454 2518 tribuisse,
1510 2453 1858 2509 alimentum
1919 2453 2071 2507 ultro

423 2540 1142 2611 praabens,0perimentum
1165 2547 1373 2613 sponte
1401 2547 1703 2615 agnatum,
1745 2558 1775 2597 e
1806 2541 1941 2614 pilis
1972 2546 2074 2597 aut

424 2626 644 2699 plumis
668 2628 1013 2686 indumenta
1038 2647 1050 2685 :
1073 2631 1372 2686 hominem
1397 2640 1590 2687 autem
1623 2631 2072 2699 solum,nudum

425 2718 794 2786 producens;
829 2719 1113 2775 rationem
1139 2721 1405 2775 omnium
1437 2719 1676 2775 illorum
1723 2720 1847 2776 vice
1888 2721 2069 2788 dedit,

426 2820 531 2875 per
559 2822 734 2876 quam
767 2812 922 2862 artes
953 2813 1191 2878 repertae
1223 2814 1380 2879 sunt,
1416 2809 1632 2879 quibus
1660 2809 1760 2864 illa
1788 2809 1900 2865 sibi
1927 2826 2072 2880 sup-

425 2893 665 2964 peditet,
715 2900 876 2966 puta,
911 2896 1322 2965 architectura,
1355 2897 1627 2964 textoria,
1689 2897 2069 2969 agricultura,

425 2983 629 3037 aeraria
659 2983 900 3050 fabrica;
929 2985 1407 3056 quandoquidem
1440 2987 1594 3057 quod
1647 2988 1845 3042 deerat
1873 3003 2073 3058 corpo-

425 3070 676 3137 ribus,id
710 3074 947 3128 animus
961 3090 1062 3145 per
1083 3075 1326 3130 rationis
1347 3075 1574 3146 copiam
1594 3075 2070 3147 supplet.Quem-

2175 1831 2303 1901 τικῇ
2377 1833 2485 1882 τῶν
2557 1827 2884 1905 ὠφελεῖσθαι
2956 1823 3266 1898 δυναμὲνων
3300 1868 3315 1892 ,
3375 1822 3830 1896 καταμανθανέτω

2177 1923 2348 1972 πᾶσαν
2374 1919 2472 1986 τήν
2500 1921 2604 1971 τῶν
2641 1917 2990 1990 ἀνθρωπίνων
3039 1914 3422 1988 διακόσμησιν,
3456 1911 3556 1967 οὐκ
3605 1909 3657 1966 ἐν
3705 1915 3828 1972 τοῖς

2178 2012 2562 2080 πνευματικοῖς
2617 2007 2802 2079 μόνον,
2832 2004 2977 2061 ἀλλά
3004 2006 3093 2060 καὶ
3143 2003 3193 2059 ἐν
3246 2008 3364 2064 τοῖς
3423 1998 3833 2074 ὑποδεεστέροις

2178 2096 2267 2150 καὶ
2298 2101 2413 2158 τοῖς
2459 2097 2594 2151 κατά
2615 2097 2705 2151 τὸν
2745 2095 2862 2172 βίον
2892 2099 3226 2171 πράγμασινο
3259 2094 3341 2148 ὅτι
3391 2097 3510 2154 τοῖς
3563 2091 3656 2165 μὲν
3689 2088 3832 2146 ἀλό-

2177 2206 2295 2260 γοις
2327 2183 2552 2241 εὔκολον
2605 2182 2777 2240 ἔδωκε
2822 2186 2919 2254 τὴν
2972 2185 3107 2261 πρὸς
3135 2184 3199 2239 τὸ
3231 2182 3321 2258 ζῇν
3372 2182 3646 2258 ἀφορμήνσ
3703 2199 3834 2253 τρο-

2181 2275 2280 2352 φὰς
2351 2274 2708 2347 αὐτομάτους,
2765 2275 2853 2329 καὶ
2913 2273 3114 2344 σκέπην
3187 2272 3450 2348 αύτοφυᾶ’
3505 2270 3591 2324 καὶ
3648 2269 3716 2322 τά
3767 2266 3835 2322 ξκ

2177 2369 2385 2439 τριχῶν
2418 2364 2507 2419 καὶ
2551 2368 2764 2439 πτερῶν
2810 2360 3080 2436 ἰνδύματιο
3135 2364 3170 2431 ἡ
3226 2361 3294 2416 τὰ
3350 2359 3634 2432 σύμπαντα
3673 2357 3834 2412 οἷκο-

2179 2457 2422 2526 νομοῦσα
2478 2451 2704 2526 δύναμις
2764 2451 3074 2528 ἐχαρίσατο·
3135 2451 3227 2505 τὸν
3285 2447 3342 2504 δὲ
3398 2445 3682 2522 ἄνθρωπον
3731 2466 3833 2520 γυ-

2184 2541 2314 2614 μνὸν
2374 2541 2778 2618 παραγαγοῦσα,
2836 2540 3000 2617 λόγον
3050 2537 3244 2594 ἔδωκεν
3306 2536 3421 2592 ἀντὶ
3460 2537 3697 2603 πάντων,
3757 2531 3834 2588 δι’

2182 2628 2244 2685 οὗ
2297 2627 2352 2685 α⁹ί
2406 2652 2464 2686 τε
2521 2634 2632 2704 (54)
2663 2630 2975 2706 ποριστικαὶ
3009 2629 3328 2698 συνέστησαν
3376 2625 3584 2701 τέχναι,
3619 2619 3833 2679 οἰκοδο-

2186 2719 2343 2792 μικὴ,
2407 2720 2690 2796 ὑφαντικὴ,
2747 2717 3006 2795 γεωργίας
3069 2715 3426 2792 χαλκευτική·
3475 2714 3538 2769 τὸ
3565 2717 3684 2775 τοῖς
3713 2712 3833 2766 σώ-

2185 2830 2342 2880 μασιν
2390 2805 2563 2863 ἐνδέον
2615 2806 3040 2881 ἁναπληρούσης
3093 2809 3194 2871 τῆς
3225 2808 3417 2879 ψυχῆσ
3460 2806 3529 2876 τῇ
3558 2799 3830 2874 παρουσίᾳ

2178 2902 2276 2952 τοῦ
2307 2896 2494 2974 λόγου.
2550 2900 2752 2972 Ὥσπερ
2803 2894 2892 2951 οὖν
2934 2894 2987 2950 έν
3025 2893 3264 2965 τούτοις,
3325 2891 3458 2967 ούχὶ
3519 2889 3824 2967 βασκαίνων

2180 2989 2315 3060 ἡμῖν
2357 2987 2494 3062 πρὸς
2541 2987 2604 3041 τὸ
2655 2990 2748 3060 ζῇν
2781 2986 3068 3060 ἀφορμῶν,
3118 2981 3515 3057 παραπλησίως
3542 2984 3657 3040 τοῖς
3690 2975 3827 3032 ἀλό-

2179 3097 2301 3152 γοις
2332 3076 2857 3150 συναπογεννηθῆναι
2905 3074 3078 3128 πάντα
3125 3073 3152 3127 ὁ
3199 3067 3534 3144 δημιουργὰς
3561 3071 3720 3141 ἡμῶν
3755 3066 3825 3121 οὗ

429 3161 748 3216 admodum
781 3163 962 3231 igitur
983 3164 1174 3233 opifex
1196 3170 1394 3219 noster
1417 3164 1473 3218 in
1507 3164 1600 3219 his
1625 3166 2067 3222 commoditates

2182 3149 2573 3240 συνεχώρησεν,
2622 3162 2768 3219 ἀλλά
2811 3163 2912 3232 τὴν
2959 3153 3167 3216 ἔνδειαν
3211 3164 3318 3214 τῶν
3365 3157 3684 3235 ἀναγκαίων,
3728 3177 3826 3229 γυ-

427 3250 554 3304 vita:
587 3250 756 3304 nobis
786 3250 940 3304 haud
975 3251 1264 3318 invidens,
1286 3253 1484 3308 omnia
1507 3271 1624 3309 una
1654 3254 1960 3309 nobiscum
1993 3256 2070 3311 si-

429 3337 648 3392 militer
676 3338 864 3392 brutis
897 3340 1136 3409 produci
1169 3357 1236 3394 ao
1269 3342 1558 3412 procreari
1593 3353 1708 3397 n’on
1760 3344 2068 3413 permisit;

429 3426 530 3480 sed
563 3425 718 3481 velut
747 3427 966 3497 ingenii
998 3428 1334 3484 exercitium
1368 3446 1563 3484 rerum
1605 3432 2070 3487 necessariarum

430 3515 688 3586 inopiam
723 3515 891 3571 nobis
923 3517 1306 3588 excogitavit;
1342 3518 1543 3573 itidem
1576 3525 1632 3574 et
1661 3520 1720 3574 in
1753 3521 2072 3593 Scripturis

427 3605 564 3658 data
593 3620 769 3675 opera
827 3603 1011 3659 voluit
1073 3621 1203 3661 esse
1253 3607 1670 3663 obscuritatem
1725 3610 1796 3663 ad
1857 3609 2072 3666 mentis

428 3696 641 3748 nostrae
673 3692 1010 3761 utilitatem,
1065 3694 1180 3749 vim
1239 3696 1428 3766 ipsius
1460 3712 1526 3751 ac
1579 3697 1858 3752 virtutem
1919 3699 2070 3754 exci-

427 3785 581 3836 tans.
617 3781 878 3836 Primum
907 3783 1170 3854 quidem,
1195 3789 1262 3839 ut
1292 3783 1384 3840 his
1415 3791 1722 3857 occupata,
1756 3804 1790 3842 a
1819 3787 2070 3844 deterio-

430 3869 593 3925 ribus
623 3875 916 3926 avocetur.
974 3872 1194 3927 Dcinde
1252 3874 1409 3943 quod
1461 3891 1589 3945 qua)
1651 3873 1849 3932 labore
1907 3882 2075 3948 parta

431 3963 590 4028 sunt,
622 3975 708 4026 ea,
735 3961 928 4015 nescio
959 3977 1074 4031 quo
1105 3967 1292 4033 pacto,
1327 3962 1517 4034 magis
1575 3969 1872 4033 amantur,
1915 3981 2073 4037 quaa-

433 4065 546 4120 que
576 4048 748 4120 longo
795 4054 1056 4120 tempore
1115 4051 1488 4122 contingunt,
1544 4053 1914 4109 constantius
1945 4071 2075 4126 per-

433 4142 877 4194 manent.Porro
909 4156 1036 4209 quae
1066 4139 1233 4195 facile
1266 4140 1667 4211 parantur,his
1689 4159 1804 4198 non
1837 4145 2076 4213 perinde

433 4225 598 4282 avide
630 4225 901 4282 fruimur.
939 4227 1268 4298 Negligitur
1324 4229 1480 4284 enim
1531 4245 1728 4285 rerum
1771 4230 2075 4289 obviarum

434 4312 619 4383 capia,
651 4330 842 4384 neque
874 4314 996 4370 ulla
1027 4316 1294 4370 custodia
1316 4317 1525 4389 dignas
1560 4317 1848 4390 ducit,qui
1883 4321 2076 4391 possi-

435 4401 552 4454 det.
585 4401 948 4473 Quapropter
975 4407 1033 4457 et
1061 4403 1426 4459 somniorum
1452 4405 1704 4462 obscura
1728 4412 1786 4462 et
1815 4408 2078 4466 involuta

2183 3255 2404 3327 μνάσιον
2453 3256 2588 3326 ἡμῖν
2637 3259 2739 3322 τῆς
2790 3249 3027 3312 διανοίας
3071 3249 3494 3325 ἐμηχανήσατο·
3542 3245 3683 3301 οὕτω
3730 3242 3824 3299 καὶ

2179 3345 2278 3413 τὴν
2325 3343 2376 3398 ἐν
2425 3348 2542 3405 ταῖς
2593 3346 2830 3421 Γραφαῖς
2881 3339 3137 3412 ἀσάφειαν
3191 3338 3271 3393 ἐπ’
3322 3333 3561 3415 ὠφελείᾳ
3582 3339 3678 3390 τοῦ
3726 3337 3824 3386 νοῦ

2183 3430 2462 3508 διεγείρων
2523 3431 2686 3486 αὐτοῦ
2743 3433 2841 3500 τὴν
2895 3430 3200 3506 ἐνέργειαν,
3259 3423 3598 3497 ἐπετήδευσε.
3657 3425 3824 3498 Πρῶ-

2177 3542 2270 3577 τον
2327 3522 2444 3594 μὶν,
2486 3519 2574 3576 ’ίνα
2628 3520 2844 3583 τούτοις
2901 3517 3374 3594 ένασχολούμενοσ
3426 3519 3533 3569 τῶν
3557 3512 3826 3588 χειρόνων

2181 3607 2522 3688 ἀφέλκηται·
2578 3607 2766 3664 ἔπειτα
2825 3609 2906 3663 ὅτι
2957 3608 3026 3663 τὰ
3079 3606 3233 3678 πόνῳ
3296 3601 3561 3676 κτηθέντα
3615 3595 3830 3675 μᾶλλόν

2181 3720 2299 3760 πως
2354 3699 2621 3775 ἀγαπᾶται
2659 3743 2673 3767 ,
2726 3698 2815 3752 καὶ
2872 3697 2940 3751 τά
2988 3693 3078 3750 διὰ
3137 3693 3346 3770 μακροῦ
3403 3691 3608 3768 χρόνου
3658 3709 3830 3763 προσ-

2182 3808 2452 3863 γενομενα
2512 3786 2888 3861 μονιμώτερον
2943 3781 3280 3860 παραμένει·
3340 3783 3414 3836 ὧν
3469 3778 3526 3836 δὲ
3585 3775 3739 3855 ῥᾳδία
3791 3779 3829 3847 ἡ

2183 3883 2393 3947 κτῆσις,
2452 3875 2514 3930 ού
2571 3871 3035 3951 περισπούδαστος
3091 3875 3126 3942 ἡ
3187 3868 3526 3931 ἀπολαυσις.
3586 3866 3829 3923 Εύκατα-

2185 3985 2454 4044 φρονητος
2479 3965 2584 4040 γὰρ
2613 3965 2782 4034 ἡτῶν
2829 3960 3140 4038 προχείρων
3200 3958 3487 4035 παρουσία,
3534 3956 3625 4012 καὶ
3672 3952 3834 4010 οὐδε-

2190 4043 2316 4128 μιᾶς
2359 4052 2607 4131 φυλακῆς
2637 4049 2928 4125 ἀξιουμένη
2980 4055 3097 4112 τοῖς
3137 4046 3349 4123 ἔχουσι.
3401 4046 3499 4101 Διὰ
3524 4048 3688 4100 τοῦτο

2183 4145 2218 4213 ἠ
2267 4130 2379 4198 τῶν
2420 4142 2640 4218 ὀνείρων
2675 4140 2831 4220 φύσις
2881 4140 3092 4217 ἀσαφὴς
3151 4137 3241 4192 καὶ
3289 4135 3500 4210 πλαγία
3532 4178 3546 4204 ,
3615 4130 3834 4220 καὶ-*οὗ

2191 4235 2386 4308 μικρᾶς
2426 4217 2657 4304 δεομένη
2690 4217 2789 4300 ἧς
2822 4228 2882 4284 ἔκ
2907 4232 3005 4283 τοῦ
3033 4231 3129 4282 νοῦ
3158 4225 3488 4300 έντρεχείας·
3519 4222 3609 4278 καὶ
3639 4217 3834 4290 πολλή

2189 4319 2468 4396 συγγένεια
2520 4321 2657 4394 πρὸς
2692 4319 2760 4374 τὰ
2817 4317 2876 4373 ὲκ
2933 4321 3038 4371 τῶν
3101 4314 3322 4391 ὀνείρων
3373 4312 3664 4388 αἰνίγματα
3715 4313 3839 4372 τοῖς

2187 4412 2324 4466 κατὰ
2353 4409 2634 4484 ἓπίκρυψιν
2687 4408 2740 4464 ἐν
2766 4411 2835 4483 τῇ
2869 4409 3055 4484 Γραφῇ
3107 4402 3491 4477 δηλουμένοις.
3540 4402 3692 4458 Ὅθεν
3741 4397 3836 4454 καὶ

437 4493 528 4544 est
541 4489 800 4556 ratio,ita
814 4495 876 4544 ut
897 4508 1012 4546 non
1032 4492 1383 4548 mediocrem
1399 4493 1695 4550 desideret
1708 4495 1888 4552 animi
1909 4515 2070 4569 saga-

2190 4500 2388 4576 Ἰωσὴφ
2438 4499 2528 4552 καὶ
2589 4494 2795 4567 Δανιὴλ
2864 4501 2946 4568 τῷ
3013 4497 3340 4572 προφητικῷ
3415 4490 3714 4567 χαρίσματι
3767 4487 3838 4542 τὰ

437 4577 695 4646 citatam,
723 4579 1060 4652 habentque
1087 4581 1520 4638 insomniorum
1553 4583 1870 4656 aenigmata
1891 4586 2076 4659 pluri-

435 4683 600 4724 mum
624 4668 930 4725 afﬁnitatis
953 4686 1087 4726 cum
1114 4670 1185 4726 iis
1214 4687 1343 4742 quas
1367 4672 1426 4726 in
1448 4671 2076 4748 Scripturaallegorico

433 4761 489 4811 et
516 4773 918 4814 arcanosensu
946 4759 1544 4832 signiﬁcantur.Unde
1565 4761 1855 4835 etJoseph
1886 4770 1942 4820 et
1966 4766 2076 4821 Da-

433 4845 548 4901 niel
580 4862 682 4917 per
711 4847 1027 4918 prophetiae
1085 4850 1304 4904 donum
1330 4850 1582 4905 'somnia
1635 4852 2089 4924 dignoscebant,

431 4935 909 5006 quandoquidem
941 4939 1069 5009 ipsa
1100 4955 1204 5010 per
1232 4955 1294 4993 se
1326 4938 1700 5010 cogitationis
1722 4941 1811 4997 vis
1833 4959 1948 4998 non
1979 4960 2074 4999 sa-

430 5022 507 5078 tis
537 5022 692 5079 valet
721 5025 792 5079 ad
825 5026 946 5080 veri
977 5025 1348 5098 indaginem.
1391 5027 1652 5100 Denique
1684 5030 1911 5086 accedit
1961 5031 2075 5088 huc

429 5113 582 5183 quod
615 5113 742 5168 vitae
776 5131 1010 5186 quoque
1040 5117 1268 5187 puritas
1293 5117 1632 5188 requiritur,
1659 5122 1723 5173 ut
1755 5119 1826 5174 ad
1861 5137 2076 5177 navan-

431 5201 567 5256 dam
599 5203 798 5258 virtuti
824 5204 1029 5259 morali
1047 5207 1371 5276 operam,id
1395 5208 1550 5277 quod
1570 5206 1628 5262 in
1643 5207 1960 5278 Scripturis
1981 5212 2079 5268 ob-

428 5289 695 5348 volutum
709 5294 1611 5367 est,dignoscamus.Requiritur
1627 5301 1824 5354 autem
1847 5304 2068 5372 praeter.

501 5455 546 5492 ⁸⁸
580 5455 796 5514 Jerem.
825 5474 889 5529 ιι,
922 5458 1008 5515 12.

649 5619 733 5700 ita
761 5619 922 5694 Regii
972 5620 1200 5700 primus
1250 5622 1588 5700 et_t_ertiue.
1636 5622 1821 5700 peest
1856 5619 1968 5679 ἐστί
2017 5626 2079 5683 in

433 5687 627 5746 editis.
656 5688 796 5764 Reg.
829 5687 1152 5765 Eecuhdus,
1183 5691 1330 5747 τοῦτ’
1361 5687 1473 5748 ἔστι
1502 5692 1601 5762 τὴν
1632 5691 1797 5751 θείαν.

2189 4587 2435 4664 ὀνείρατα
2494 4584 2866 4661 διεγίνωσκον,
2926 4581 3114 4652 ἐπειδὴ
3169 4582 3268 4638 οὐκ
3325 4581 3560 4653 αύεάρκη
3602 4579 3668 4632 τὰ
3723 4581 3833 4631 τῶν

2187 4676 2405 4732 ἐννοιῶν
2464 4676 2602 4751 πρὸς
2630 4676 2727 4744 τὴν
2760 4675 2926 4751 θήραν
2953 4675 3052 4742 τῆς
3093 4670 3371 4743 ἀΛηθείας.
3404 4669 3545 4744 Πρὸς
3576 4664 3642 4735 δὴ
3671 4669 3835 4721 τοῦτο

2187 4766 2351 4842 χρεία
2385 4767 2486 4834 τῆς
2540 4765 2594 4819 έν
2637 4769 2717 4835 τῷ
2769 4763 2875 4840 βίῳ
2922 4763 3319 4836 καθαρότητος,
3363 4756 3501 4812 ὥστε
3551 4756 3641 4811 καὶ
3694 4754 3834 4829 πρὸς

2185 4857 2284 4924 τὴν
2315 4861 2415 4924 τῆς
2462 4855 2660 4923 ἠθικῆς
2705 4853 2900 4927 ἀρετῆς
2954 4847 3296 4920 ἐπιτήδευσιν
3346 4847 3408 4902 τὸ
3439 4847 3492 4901 iv
3548 4847 3656 4917 (55)
3711 4847 3834 4905 ταῖς

2186 4948 2426 5021 Γραφαῖς
2472 4940 2887 5015 κεκαλυμμένον
2942 4937 3360 5014 διαγνωσθῖψαι.
3409 4933 3577 5010 Χρεία
3615 4930 3672 4988 δὶ
3696 4932 3836 5021 πρὸς

2184 5017 2254 5108 τῇ
2303 5017 2635 5107 καθαρότητι
2681 5033 2781 5084 τοῦ
2815 5029 2937 5103 βιου
2963 5027 3052 5083 καὶ
3082 5033 3181 5096 τῆς
3213 5026 3265 5080 ἒν
3296 5029 3417 5086 ταῖς
3446 5026 3680 5099 Γραφαῖς
3715 5017 3839 5075 δια-

2183 5115 2402 5196 τριϐῆς,
2446 5117 2539 5174 ’ἶνα
2595 5119 2656 5173 τὸ
2713 5116 3079 5191 σεμνοπρεπὲς
3126 5115 3216 5169 καὶ
3253 5115 3509 5187 μυστικὸν
3535 5114 3639 5164 τῶν
3675 5108 3837 5174 θείων

2186 5208 2390 5286 λογίων
2423 5208 2483 5263 ὲκ
2521 5214 2621 5277 τῆς
2673 5210 2936 5283 συνεχοῦς
2968 5203 3202 5279 μελέτης
3234 5202 3514 5274 ὶντυπωθῇ
3541 5202 3611 5273 τῇ
3642 5196 3834 5273 ψύχῇ.

2186 5302 2304 5354 ’Ότι
2341 5294 2398 5352 δὲ
2427 5295 2547 5371 βίου
2573 5293 2707 5351 δλου
2725 5291 2893 5351 δεῖται
2916 5296 2950 5365 ἢ
2975 5297 3081 5349 τῶν
3107 5291 3264 5349 θείων
3285 5289 3469 5366 λόγων
3489 5286 3846 5364 μελέτηβυν-

2261 5625 2375 5699 (54)
2401 5620 2580 5699 ἕξ.τῇ
2612 5623 2801 5699 Ferte-
2833 5619 2971 5699 αἵγε,
2993 5623 3152 5699 EDIT-

2261 5687 2377 5770 (55)
2399 5687 2576 5768 Editi,
2607 5690 2719 5755 ἐπί.
2747 5699 2825 5754 At
2849 5687 2995 5754 αἰδὲ.
3019 5698 3162 5766 tres,
3192 5687 3270 5752 ιν.
