4108 6214
288 339 412 401 129

1049 336 1458 400 COMMENT.
1503 339 1583 400 ΙΝ
1626 337 1898 400 ISAIAM
1946 339 2453 404 PROPHETAM.
2501 341 2982 406 PRO(EM1UM.

3602 351 3718 412 130

290 468 508 538 ίστησιν
543 469 656 540 (56)
689 469 719 522 δ
751 467 1030 529 Μωῦσίως
1063 465 1208 541 βίοςο
1240 466 1302 529 ὃς
1359 465 1447 522 ἐπὶ
1502 467 1597 541 μὶν
1763 469 1955 543 πρώτῃ

2072 471 2198 527 vita
2229 473 2544 543 puritatem
2587 474 2825 529 assidua
2855 475 2913 530 in
2945 475 3260 548 Scripturis
3289 481 3719 551 exercitatiomt

284 553 916 632 τεσσαρακονταετηρίδι
976 553 1265 625 ἐπαιδεύθη
1309 556 1392 625 Ιτὰ
1462 555 1812 630 Αἰγυπτίων,
1873 555 1961 611 ἐπὶ

292 645 354 702 Et
551 645 775 720 δευτέρᾳ
838 641 1449 720 τεσσαρακονταετηρίδι
1533 643 1619 699 ἐπὶ
1697 645 1963 724 προφάσει

287 741 390 790 τοῦ
441 736 760 807 ποιμαίνειν
825 733 912 788 ἐπὶ
980 735 1076 795 τὰς
1147 732 1379 808 ἐρημίας
1438 733 1842 809 ἀναχωρήσας,
1893 738 1960 808 τῇ

292 826 502 897 θεωρίᾳ
530 831 642 880 τῶν
678 821 847 877 ὄντων
881 821 1246 898 ἀπεσχόλασε.
1279 823 1382 879 Καὶ
1442 821 1584 876 οὕτω
1641 819 1833 877 λοιπὸν
1860 829 1960 892 τῆς

290 919 390 969 τοῦ
453 919 595 969 Θεοῦ
652 912 967 990 ἐπιφανείας
1019 911 1267 981 ἀξιωθεὶς
1329 911 1463 983 μετά
1535 913 1633 981 τὴν
1712 909 1958 985 δευτέραν

289 998 951 1078 τεσσαρακονταετηρίδα,
1002 997 1163 1069 ἄκων,
1230 1000 1334 1054 ὑπὸ
1390 1007 1493 1070 τῆς
1547 999 1959 1075 φιλανθρωπίας

289 1098 388 1148 τοῦ
419 1097 583 1162 Θεοῦ,
616 1092 756 1164 πρὸς
809 1092 907 1159 τὴν
957 1094 1067 1144 τῶν
1116 1090 1418 1163 ἀνθρώπων
1468 1088 1784 1162 ἐπιμέλειαν
1832 1110 1959 1145 κατ-

290 1180 538 1256 ηνάχθη.
573 1180 673 1234 Καὶ
707 1177 832 1232 οὐδὲ
887 1177 1009 1232 τότε
1054 1175 1319 1247 διηνεκῶς
1371 1181 1450 1249 τῷ
1492 1183 1776 1252 πρακτικῷ
1823 1198 1959 1251 παρ-

290 1274 449 1342 ἑμενε
514 1270 666 1345 βίῳ,
699 1267 844 1323 ἂλλά
900 1267 989 1322 καὶ
1048 1268 1185 1342 πρὸς
1241 1268 1334 1322 τὸν
1395 1265 1686 1322 ἐποπτικὸν
1737 1267 1959 1340 ἐπανῄει

289 1357 598 1420 πολλάκις.
633 1359 787 1411 Ὅθεν
818 1356 908 1411 καὶ
954 1354 1029 1417 είς
1073 1355 1172 1423 τὴν
1221 1354 1593 1431 Αἴγυπτιακὴν
1647 1353 1957 1427 εἰδωλομα-

286 1450 405 1502 νίαν
439 1446 551 1501 ὅλα
585 1447 874 1520 ὑπηνέχθη
907 1447 1023 1514 (57)
1051 1445 1119 1499 τὰ
1161 1443 1374 1514 πλήθη,
1401 1444 1482 1516 τῷ
1531 1448 1648 1516 Θεῷ
1705 1439 1956 1506 συνόντος

285 1542 383 1591 τοῦ
415 1536 578 1612 ἁγίου
611 1531 806 1609 ἀνδρὸς
839 1533 892 1588 ἂν
922 1537 1003 1604 τῷ
1033 1528 1173 1604 ὄρει.

2075 561 2352 629 maiestas
2365 566 2540 633 atque
2559 578 2834 617 arcanum
2855 563 3185 620 divinorum
3209 567 3573 638 eloquiorum
3595 589 3719 642 per-

2073 655 2245 720 petua
2277 651 2654 705 meditatione
2685 652 2882 706 animo
2915 654 3620 726 imprimatur.Ca3terum,
3645 661 3714 716 ad

2073 737 2406 794 divinorum
2438 741 2747 795 verborum
2779 743 3278 808 exercitationem,
3312 749 3495 800 totam
3537 749 3717 803 vitam

2071 826 2328 896 impendi
2363 833 2629 898 oportere
2660 829 2869 900 Moysis
2902 830 3018 884 vita
3049 832 3442 888 demonstrat:
3463 835 3563 904 qui
3597 838 3722 907 qui-

2072 917 2202 970 dem
2238 917 2443 986 primis
2482 917 2874 988 quadraginta
2891 921 3062 974 annis
3089 923 3368 992 Egyptiis
3389 923 3719 995 disciplinis

2071 1004 2379 1058 institutus
2409 1011 2498 1060 est
2522 1023 2535 1072 ;
2561 1005 2759 1061 alteris
2787 1013 2975 1061 autem
3000 1010 3170 1063 annis
3189 1011 3579 1081 quadraginta
3611 1014 3717 1070 hoc

2071 1099 2344 1164 praetextu
2377 1100 2661 1164 tanquam
2697 1101 2972 1163 pasturus
2999 1099 3220 1159 oves,in
3241 1098 3590 1156 solitudines
3622 1119 3718 1158 se-

2070 1184 2506 1246 cedens,rerum
2541 1183 3019 1253 contemplationi
3045 1201 3279 1256 operam
3313 1189 3494 1243 dedit.
3528 1193 3716 1261 Atque

2069 1269 2147 1325 ita
2180 1270 2454 1342 deinceps
2486 1279 2617 1342 post
2646 1271 2752 1326 hos
2798 1273 3191 1343 quadraginta
3230 1291 3419 1331 annos
3479 1278 3575 1332 Dei
3626 1279 3715 1333 vi-

2071 1360 2234 1414 sione
2257 1360 2471 1431 dignue
2503 1361 2762 1428 habitus,
2794 1361 3036 1427 invitus;
3069 1379 3172 1433 per
3209 1365 3303 1418 Dei
3355 1364 3412 1418 in
3447 1365 3716 1423 homines

2069 1449 2357 1514 studium,
2391 1449 2461 1503 ad
2485 1449 2790 1503 hominum
2818 1465 3019 1504 curam
3040 1449 3713 1525 descendit.Quanquam

2069 1552 2140 1590 ne
2173 1541 2299 1590 tum
2332 1537 2570 1606 quidem
2602 1537 2838 1592 assidue
2869 1538 2924 1591 in
2973 1537 3247 1609 negotiali
3298 1540 3416 1595 vita
3447 1557 3715 1612 perseve-

286 1629 678 1695 rav'igverum
709 1623 964 1680 subinde
1003 1624 1076 1679 ad
1119 1622 1636 1694 contemplativam
1670 1623 2091 1679 revertebatur.
2127 1625 2290 1680 Unde
2321 1631 2379 1680 et
2410 1626 2477 1680 ad
2517 1626 2782 1698 IEgyptia
2820 1641 2952 1680 cum
2987 1626 3278 1682 idolorum
3324 1628 3547 1684 cultum
3582 1631 3714 1686 uni-

286 1732 464 1772 versa
498 1715 746 1770 inducta
793 1718 884 1769 est
921 1711 1261 1781 multitudo,
1317 1712 1441 1768 viro
1498 1711 1596 1767 illo
1649 1717 1854 1768 sancto
1900 1713 1959 1768 in
2001 1719 2198 1769 monte
2229 1731 2360 1769 cum
2397 1715 2510 1770 Deo
2543 1715 2928 1787 colloquente.

357 1809 415 1860 7.
454 1806 731 1862 Τοιοῦτος
763 1800 820 1856 δι
847 1822 931 1864 τις
960 1800 1050 1855 καὶ
1080 1801 1108 1855 ὁ
1141 1798 1357 1868 Ἠλίας,
1387 1801 1479 1854 τὸν
1506 1804 1614 1855 τῶν
1657 1800 1955 1873 ἀνθρώπων

2135 1805 2188 1857 7.
2223 1803 2573 1874 Hujusmodi
2605 1804 2715 1859 iuit
2735 1809 2792 1860 et
2841 1805 3016 1872 Elias,
3051 1805 3358 1862 hominum
3391 1808 3714 1866 tumultum

290 1891 475 1970 ὄχλον
516 1888 960 1964 ἀποδιδράσκων,
991 1889 1083 1944 καὶ
1125 1890 1250 1963 περὶ
1297 1890 1392 1951 τὰς
1442 1888 1670 1964 ἐρημίας
1710 1887 1960 1966 φιλοχω-

292 1989 425 2058 ρῶν.
482 1983 551 2039 Ei
614 1981 796 2036 τοίνυν
858 1985 978 2042 τοῖς
1024 1979 1198 2054 ἁγίοις
1251 1981 1387 2052 μετά
1427 1981 1605 2050 πάσης
1655 1980 1958 2044 εὐπαθείας

288 2077 388 2128 τοῦ
438 2074 781 2145 ἡγεμονικοῦ
835 2069 1080 2124 ἐπονεῖτο
1139 2075 1238 2138 τῆς
1295 2068 1554 2140 ἀληθείας
1612 2071 1647 2138 ὴ
1710 2071 1956 2141 ζήτησις,

287 2167 408 2223 πῶς
445 2160 552 2215 οὐκ
583 2157 785 2235 ἄλογον
813 2158 940 2220 τοὺς
990 2157 1233 2231 καρποὺς
1281 2162 1391 2213 τῶν
1442 2159 1652 2233 μυρίων
1699 2157 1954 2230 καμάτων

289 2253 416 2306 ἄνευ
469 2249 625 2310 τινὸς
683 2246 1059 2322 πραγματείας
1119 2246 1432 2317 ἐπιζητεῖνς
1484 2249 1652 2322 Τήρει
1708 2247 1810 2320 γὰρ
1867 2246 1956 2301 καὶ

287 2339 509 2407 Ἠλίαν,
548 2338 676 2414 μεφ’
706 2339 834 2398 ὅσας
867 2336 1246 2411 ἀναχωρήσεις
1302 2336 1391 2390 καὶ
1434 2335 1667 2410 ἡσυχίας
1715 2335 1804 2389 καὶ
1862 2356 1956 2389 κα-

289 2429 502 2501 μάτους
538 2425 677 2481 ἰδεῖν
707 2425 837 2480 Θεὸν
867 2423 1076 2494 ἠξιώθη
1278 2424 1553 2485 Ὑπόθεσις
1582 2429 1679 2478 τοῦ
1715 2419 1956 2500 βιϐλίου,

285 2521 323 2586 ἡ
353 2517 593 2593 φανερὰ,
627 2514 716 2569 καὶ
749 2512 969 2568 αὐτόθεν
1001 2511 1213 2584 ληπτή.
1249 2510 1471 2581 Ἐπειδὴ
1531 2514 1667 2568 κατά
1724 2513 1957 2587 χρόνους

286 2607 517 2680 γὲγονεν
573 2605 604 2658 ὑ
653 2605 968 2678 προφήτης,
1014 2600 1065 2656 ἄν
1113 2605 1195 2666 οἷς
1246 2601 1566 2656 ἐπλεόνασεν
1597 2604 1632 2671 ἡ
1681 2600 1862 2672 κακία,
1892 2601 1960 2656 τὰ

296 2696 504 2770 μεγέθη
564 2697 678 2748 τῶν
725 2691 1104 2764 ἀποκειμένων
1178 2690 1362 2752 αὐτοῖς
1429 2695 1610 2746 κακῶν
1661 2687 1956 2765 διηγεῖται,

292 2788 382 2840 καὶ
441 2785 546 2852 τήν
604 2781 779 2837 αἰτίαν
830 2788 931 2850 τῆς
984 2779 1152 2854 ὀργῆς
1199 2785 1298 2835 τοῦ
1351 2785 1483 2836 Θεοῦ
1531 2778 1960 2855 προτάσσει,’ίνα

294 2872 376 2934 εἷς
410 2872 708 2945 μετάνοιαν
752 2868 947 2932 αὐτοὺς
984 2867 1244 2943 ἐναγάγῃ.
1299 2872 1524 2943 Πρῶτον
1576 2868 1670 2940 μὲν
1732 2865 1958 2944 ἄρχεται

295 2967 408 3016 τῶν
468 2960 612 3014 κατά
664 2965 767 3027 τῆς
826 2954 1086 3018 Ἰουδαίας
1143 2955 1359 3032 λόγων
1420 2953 1633 3027 ἐπειδὴ,
1683 2957 1820 3011 κατά
1869 2957 1961 3010 τὸν

296 3051 531 3123 Πέτρον,
565 3049 628 3104 Ὁ
676 3047 862 3121 καιρὸς
914 3046 982 3114 ἦν
1026 3049 1122 3100 τοῦ
1167 3044 1418 3118 ἄρξασθαι
1479 3046 1541 3100 τὸ
1617 3049 1790 3120 κρῖμα
1855 3044 1960 3100 ἀπὸ

289 3143 388 3191 τοῦ
454 3133 620 3191 οἴκου
676 3139 777 3189 τοῦ
831 3138 1004 3190 Θεοῦ*
1065 3138 1302 3211 φυσικῶς
1357 3133 1457 3209 γὰρ
1516 3139 1632 3194 τοῖς
1689 3132 1952 3187 οἰκειοτά-
1986 3171 2028 3238 C

521 3223 563 3238 ,ς
833 3222 853 3238 κ
983 3222 994 3238 ,
1221 3223 1246 3238 ο.
1430 3222 1443 3238 .
1537 3224 1549 3238 .
1619 3227 1641 3236 -
1728 3221 1770 3238 ς.

285 3247 408 3287 τοις
463 3223 707 3297 μάλιστα
755 3222 1184 3298 χαλεπαίνομεν,
1217 3223 1343 3277 ὅταν
1401 3222 1476 3284 εἰς
1526 3224 1674 3294 ἡμᾶς
1723 3221 1954 3297 ἐξαμαρ-

283 3317 523 3371 τάνωσι.
584 3313 690 3371 Καὶ
748 3311 802 3367 ἐν
868 3316 949 3384 τῷ
1011 3310 1297 3381 Ἰεζεκιὴλ,
1349 3312 1376 3366 ὁ
1428 3311 1621 3386 Κύριος
1682 3313 1960 3386 προστάσ-

286 3425 402 3460 σων
450 3405 573 3476 (59)
629 3400 954 3470 κολάζεσθαι
1011 3401 1138 3461 τοὺς
1192 3400 1601 3474 ἡμαρτηκότας.
1659 3401 1796 3454 ’Δπὸ
1845 3400 1953 3453 τῶν

283 3493 462 3567 ἁγίων
528 3509 637 3562 μου
678 3489 926 3560 ἀρξασθε,
958 3485 1111 3565 φησί.
1146 3487 1242 3541 Διά
1278 3491 1443 3542 τοῦτο
1493 3487 1598 3541 ἀπὸ
1644 3493 1744 3556 τῆς
1803 3485 1956 3542 ἐκλε-

282 3590 432 3651 κτῆς
473 3583 578 3635 τοῦ
608 3583 742 3635 Θεοῦ
781 3580 968 3654 χώρας
1014 3575 1242 3652 ἤρξατο,
1277 3577 1366 3632 καὶ
1420 3577 1526 3632 ἀπὸ
1579 3585 1681 3647 τῆς
1740 3576 1956 3639 πόλεως

280 3670 334 3726 ἐν
493 3669 563 3724 τὸ
621 3668 993 3740 ἀγιαστήριον,
1053 3665 1410 3742 ἀπαγγᾶλλων
1487 3666 1554 3722 τὰ
1625 3664 1955 3738 ἐπικείμενα,

282 3758 550 3833 δεύτερον
605 3751 950 3824 Βαϐυλῶνος,
988 3755 1103 3810 εἶτα
1136 3758 1234 3824 τῆς
1295 3750 1668 3823 Μωαϐίτιδος,
1698 3756 1810 3810 εἶτα
1857 3763 1956 3810 Δα-

283 3851 538 3921 μασκοῦ.
590 3847 840 3917 πέμπτον
899 3843 1200 3920 Αἰγύπτου,
1260 3845 1371 3899 εἶτα
1416 3847 1514 3914 τῆς
1565 3844 1797 3919 ἆρήμου,
1848 3845 1959 3898 εἶτα

274 3945 382 4007 τῆς
415 3932 765 4008 Ἰδουμαίας,
807 3933 922 3987 εἶτα
976 3939 1076 4002 τῆς
1129 3932 1400 4010 φάραγγος
1462 3933 1627 4000 Σιὼν,
1689 3934 1800 3988 εἶτα
1854 3932 1956 3987 Τύ-

281 4047 412 4101 ρου,
449 4026 570 4080 εἶτα
617 4027 733 4077 τῶν
780 4019 1148 4097 τετραπόδων.
1193 4020 1415 4098 Ἐφεξῆς
1469 4021 1686 4083 τούτοις
1745 4020 1856 4076 ἐστὶ
1893 4021 1958 4076 τὰ

280 4114 417 4189 περὶ
444 4114 513 4168 τὸ
546 4107 1126 4187 τεσσαρεσκαιδέκατον
1178 4108 1298 4171 ἔτος
1351 4113 1453 4175 τῆς
1497 4107 1778 4185 βασιλείας
1809 4111 1958 4180 Ἐζε-

281 4205 418 4258 κίου
447 4201 794 4277 γεγενημωα
819 4218 831 4230 ·
871 4200 987 4270 μεθ’
1017 4197 1050 4252 ’ἀ
1089 4199 1418 4277 προφητεῖαί
1467 4198 1596 4254 εἰσιν
1649 4197 1772 4254 ἄνευ
1809 4199 1956 4260 τινὸς

283 4293 629 4366 προγραφῆς
663 4291 796 4362 (60),
829 4289 977 4358 πάθη
1006 4288 1108 4356 τῆς
1145 4285 1512 4362 Ἰερουσαλὴμ
1551 4289 1640 4343 καὶ
1691 4291 1790 4353 τῆς
1821 4294 1955 4343 ’1ου-

287 4379 451 4444 δαίας
495 4375 1006 4454 προαγγέλλουσαι,
1047 4376 1135 4431 καὶ
1185 4377 1253 4431 τά
1294 4375 1417 4450 περὶ
1465 4381 1574 4430 τῶν
1623 4375 1674 4430 ἐν
1721 4376 1789 4451 τῇ
1839 4373 1959 4431 δια-

291 4474 499 4542 σπορᾷ,
537 4468 628 4521 καὶ
682 4465 805 4541 περὶ
849 4471 950 4534 τῆς
999 4464 1206 4519 τούτων
1253 4461 1540 4533 ἐπανόδου,
1594 4465 1728 4538 μετά
1767 4465 1830 4519 τὸ
1871 4464 1956 4519 ἐκ·

2069 1893 2321 1963 fugiens,
2355 1901 2407 1948 et
2461 1894 2518 1947 in
2574 1894 2825 1949 desertis
2856 1895 3074 1950 versari
3108 1896 3398 1967 gaudens.
3447 1900 3634 1964 Quare
3665 1899 3717 1954 si

2066 1983 2252 2036 sancti
2280 1997 2411 2036 cum
2447 1983 2606 2037 omni
2639 1982 2821 2037 animi
2853 1986 3278 2050 constantia,ad
3315 1987 3716 2059 vestigandam

2064 2071 2366 2125 veritatem
2399 2069 2777 2126 elaborarunt
2808 2088 2822 2138 ;
2853 2089 2924 2125 an
2952 2089 3065 2127 non
3091 2074 3416 2128 absurdum
3438 2081 3527 2130 est
3548 2076 3718 2130 innu-

2067 2159 2439 2214 merabilium
2473 2159 2741 2215 laborum
2766 2162 2990 2215 fructus
3009 2162 3169 2216 nullo
3193 2163 3424 2233 negotio
3449 2163 3594 2218 velle
3619 2181 3713 2219 ac-

2067 2247 2337 2318 quirere?
2368 2248 2588 2302 Etenim
2625 2249 2808 2303 Eliam
2834 2251 2988 2305 383
3020 2251 3427 2320 observa,post
3461 2257 3714 2322 quantos

2067 2342 2580 2406 secessus,quanta
2597 2337 2994 2407 otia,quantos
3011 2339 3604 2407 sudores,promeruit
3631 2341 3712 2393 vi-

2067 2425 2202 2479 dere
2236 2424 2442 2479 Deum.
2477 2428 2899 2496 Argumentum
2951 2426 3130 2497 hujus
3172 2427 3304 2482 libri
3328 2431 3504 2498 patet,
3538 2432 3716 2500 atque

2067 2529 2136 2568 ex
2166 2513 2366 2584 seipse
2390 2513 3018 2585 percipitur.Quoniam
3044 2515 3416 2586 prophetaiis
3438 2517 3714 2588 tempori-

2067 2602 2180 2657 bus
2208 2602 2676 2672 vivebat,quibus
2710 2605 3296 2674 exsuperabantvitia
3321 2623 3333 2662 :
3363 2607 3717 2676 magnitudi-

2069 2707 2203 2746 nem
2239 2691 2531 2746 malorum
2564 2708 2690 2762 quae
2714 2691 2848 2748 illos
2874 2698 3198 2753 manerent.
3245 2695 3503 2765 exponit,
3533 2712 3598 2750 ac
3629 2696 3716 2748 di-

2068 2779 2218 2834 vinae
2258 2779 2356 2833 ira:
2403 2796 2640 2834 causam
2701 2783 2988 2852 proponit,
3051 2787 3116 2835 ut
3171 2798 3269 2835 eos
3319 2788 3587 2853 provocet
3641 2783 3710 2837 ad

2069 2869 2496 2938 pmnitentiam.
2529 2869 2844 2924 Exorditur
2873 2874 3066 2924 autem
3104 2871 3358 2941 primum
3393 2871 3568 2925 abhis
3589 2886 3714 2926 ser-

2069 2956 2365 3025 monibus,
2401 2957 2499 3027 qui
2529 2957 2600 3011 ad
2631 2957 2891 3012 Judaaam
2927 2959 3313 3027 pertinebant.
3342 2959 3715 3029 Quandoqui-

2071 3045 2416 3114 dem,juxta
2448 3045 2705 3110 Petrum,
2743 3047 2968 3116 Tempus
2989 3049 3106 3100 erat
3153 3057 3213 3101 ιιι
3260 3048 3525 3116 inciperet
3555 3047 3711 3114 iudi-

2071 3135 2215 3188 cium
2239 3151 2272 3187 a
2301 3133 2456 3189 domo
2491 3134 2586 3188 Dei
2612 3135 2673 3185 ⁸ο.
2708 3134 2850 3187 Nam
2887 3140 3095 3188 natura
3153 3135 3224 3190 iis
3285 3136 3554 3203 maxime,
3609 3136 3711 3207 qui

2067 3223 2372 3278 nobiscum
2412 3223 2844 3278 necessitudine
2876 3229 3014 3278 sunt
3043 3225 3363 3295 conjuncti,
3398 3241 3711 3280 succense-

2071 3329 2226 3378 mus,
2257 3313 2492 3383 quando
2524 3313 2580 3366 in
2617 3329 2722 3366 nos
2755 3314 3134 3382 peccaverint.
3176 3315 3244 3368 Et
3300 3314 3358 3368 in
3417 3314 3714 3370 Ezechiele

2071 3401 2354 3456 Dominus
2375 3402 2593 3470 jubens
2633 3404 2838 3473 punire
2869 3401 2968 3473 qui
3000 3401 3388 3472 deliquerant,
3424 3403 3461 3455 A
3489 3403 3710 3468 sanctis,

2066 3489 2420 3559 inquit,meis
2449 3490 2679 3559 incipite
2707 3489 2917 3543 “.ldeo
2951 3490 3022 3542 ab
3044 3491 3169 3544 loco
3209 3491 3316 3544 Deo
3351 3488 3575 3544 delecto
3599 3505 3710 3543 cce-

2069 3578 2175 3648 pit,
2206 3588 2378 3648 atque
2427 3577 2498 3632 ab
2525 3593 2593 3632 ea
2613 3577 2845 3632 civitate
2894 3577 2950 3631 in
2983 3594 3097 3647 qua
3139 3579 3541 3632 sanctuarium
3565 3583 3710 3644 erat,

2066 3664 2722 3736 denuntiansquaaipsis
2753 3665 3396 3734 impenderent,deinde
3427 3667 3497 3721 de
3529 3665 3716 3738 Baby-

2066 3759 2219 3820 lone,
2254 3759 2454 3825 postea
2505 3753 2576 3808 de
2636 3753 2970 3814 Moabitide.
3031 3754 3240 3808 deinde
3281 3755 3350 3808 de
3406 3755 3714 3819 Damasco,

2068 3843 2271 3914 quinto
2302 3842 2426 3897 loco
2457 3842 2528 3895 de
2544 3846 2810 3912 IEgypto,
2843 3842 3053 3896 deinde
3103 3843 3174 3896 de
3223 3843 3476 3905 deserto,
3501 3844 3714 3898 deinde

2067 3931 2138 3986 de
2161 3931 2432 3998 ldumaea,
2465 3929 2676 3984 deinde
2699 3930 2769 3984 de
2799 3929 2946 3988 valle
2995 3930 3155 3992 Sion,
3189 3929 3399 3983 deinde
3441 3931 3511 3985 de
3546 3931 3712 4000 Tyre,

2068 4019 2276 4075 deinde
2308 4019 2378 4072 de
2409 4018 2911 4089 quadrupedibus.
2961 4021 3079 4072 Sub
3137 4018 3258 4072 haec
3318 4025 3606 4088 sequntur
3651 4037 3720 4074 ea

2069 4125 2199 4182 qua:
2228 4106 2564 4162 acciderunt
2594 4123 2746 4161 anno
2769 4105 2991 4160 decimo
3011 4111 3217 4177 quarto
3242 4108 3400 4178 regni
3433 4106 3710 4173 Ezechiae;

2069 4201 2201 4269 post
2221 4213 2344 4268 qua:
2377 4194 2692 4267 prophetia:
2711 4195 3088 4265 suntabsque
3106 4194 3225 4248 ullo
3251 4195 3421 4249 titulo
3438 4212 3713 4266 praenun-

2067 4287 2280 4342 tiantes
2313 4284 2466 4340 mala
2489 4283 2875 4344 Hierusalem.
2908 4289 2966 4339 et
2993 4284 3206 4339 Judaaaa
3235 4302 3247 4339 :
3288 4284 3426 4338 item
3483 4302 3575 4339 res
3615 4301 3715 4338 eo-

2068 4391 2199 4431 rum
2235 4376 2334 4445 qui
2358 4377 2557 4428 essent
2579 4372 2636 4426 in
2671 4373 3056 4444 dispersione,
3088 4373 3235 4426 etde
3265 4388 3468 4428 eorum
3503 4374 3715 4440 reditu,

2069 4469 2452 4536 posteaquam
2477 4461 2702 4532 expleta
2734 4465 2888 4515 esset
2918 4461 3205 4515 vindicta:
3242 4461 3379 4516 item
3429 4479 3554 4533 qua:
3589 4478 3717 4531 spe-

289 4541 677 4632 πληρωθῆναι
704 4555 805 4622 τήν
839 4551 1014 4625 δίκην,
1047 4553 1136 4608 καὶ
1165 4553 1232 4608 τὰ
1260 4553 1384 4628 περὶ
1415 4556 1653 4630 Χριστοῦ
1690 4553 1834 4628 πάσῃ
1884 4557 1953 4628 τῇ

2072 4557 2224 4608 ctant
2250 4552 2319 4607 ad
2353 4550 2672 4614 Christum,
2700 4550 2758 4603 in
2784 4550 2940 4604 omni
2975 4549 3278 4621 prephetia
3304 4550 3590 4621 inspersa.
3621 4551 3717 4605 Ni-

290 4644 616 4722 προφητείᾳ
669 4641 1070 4719 ἐνεσπαρμίναυ
1104 4641 1328 4698 ἑκάστου
1383 4647 1491 4697 τῶν
1548 4644 1669 4706 καθ’
1717 4642 1954 4716 ἱστορίαν

287 4736 614 4811 λεγομένων
653 4779 666 4804 ,
722 4731 814 4786 καὶ
893 4731 990 4785 τοῦ
1067 4734 1330 4803 μυστικοῦ
1405 4730 1952 4808 συγκαταπεπλεγμὲ-

287 4847 402 4881 νων
438 4824 583 4896 (61).

372 4997 420 5032 ⁸ο
441 4997 468 5052 Ι
497 4998 656 5052 Patr.
689 5009 768 5064 ιν,
803 4993 891 5048 17.
923 4991 968 5030 δι
1001 4991 1205 5048 Ezech.
1237 5007 1315 5061 ιι,
1349 4993 1405 5048 6.

303 5170 394 5295 ιπξ

377 5305 501 5380 (57)
533 5305 672 5381 Reg.
711 5307 1010 5381 secundus
1043 5305 1637 5381 ῥπήχθηι-Αιίαυεηίο
1673 5310 1804 5381 post
1825 5305 1960 5376 Reg.

300 5375 844 5445 secundusrtoivuv
874 5375 1000 5438 τοὺς
1031 5375 1394 5453 ἀγίοῦξλῧᾶὶῐὶ
1428 5375 1486 5434 ἐι
1515 5381 1630 5434 duo
1661 5375 1758 5432 alii
1791 5375 1962 5448 mss},

301 5460 423 5516 τοῖς
454 5453 661 5528 ἁγίοις.

377 5519 674 5597 (δωτιες.
704 5520 1394 5597 εεουοάιῑβαειέεῃξιώθη.
1433 5520 1653 5597 Ibidem
1687 5521 1840 5597 idem
1868 5519 1970 5597 ορ.

1300 5589 1522 5668 φανερά,
1582 5591 1965 5668 rectius._Alii

310 5670 427 5727 duo
457 5685 605 5726 mss.
631 5682 773 5724 eum
803 5664 976 5721 editis
1005 5663 1071 5722 ut
1127 5665 1188 5721 in
1247 5663 1540 5722 contentu.
1583 5663 1790 5720 Statim
1823 5663 1964 5737 Reg.

307 5587 439 5664 ἀεὶ,
480 5587 571 5653 ’Ἡ
610 5587 991 5666 ὑπόθεσις-τοῦ
1025 5587 1245 5666 βιϐλίου

397 5167 657 5292 56L8eg.
692 5164 1010 5233 secundus,
1042 5159 1332 5218 δείκνυσιν.
1368 5164 1590 5220 Ibidem
1637 5167 1759 5220 tres
1790 5179 1961 5232 mss.,

438 5259 478 5292 υ.
567 5257 661 5292 ττι.

438 5257 534 5310 μεν
567 5257 661 5310 τῃ.

2068 4642 2277 4698 mirum
2296 4639 2756 4710 unumquodque
2783 4639 3124 4710 quodjuxta
3148 4639 3452 4694 historiam
3479 4640 3720 4708 dicitur,

2067 4738 2122 4787 et
2141 4731 2198 4785 id
2232 4729 2386 4801 quod
2423 4728 2731 4800 mysticum
2757 4743 2998 4782 sensum
3023 4727 3224 4792 habet,
3244 4727 3397 4782 inter
3427 4745 3487 4783 se
3505 4743 3721 4782 conne-

2068 4823 2327 4876 ctuntur.

2073 5161 2392 5221 secundus.
2425 5155 2477 5211 ἐν
2511 5157 2594 5217 οἷς
2628 5154 2968 5227 ὲπλεόναξεν.

2143 5234 2254 5303 (59)
2288 5233 2372 5286 Ita
2404 5247 2548 5286 mss.
2581 5235 2723 5284 tres.
2756 5230 2926 5293 Editi,
2953 5229 3297 5300 προτάσσων.

2144 5299 2257 5376 (60)
2286 5305 2423 5374 Reg.
2457 5303 2775 5376 secundus,
2829 5299 3064 5373 γραφῆς.
3129 5306 3244 5358 Hoc
3294 5303 3424 5374 ipso
3485 5301 3540 5356 in
3591 5299 3716 5356 loco

2073 5369 2459 5436 idem'codex,
2495 5369 2811 5446 Ἰδουμαίας
2840 5369 3072 5446 προαγγ.

2144 5449 2258 5519 (61)
2291 5447 2374 5502 Ita
2412 5445 2576 5516 Regii
2605 5442 2832 5519 primus
2864 5442 2922 5498 et
2951 5442 3179 5500 tertius.
3207 5442 3471 5519 Editi,xai
3503 5446 3582 5519 τῷ
3616 5461 3716 5519 pu-

2076 5514 2241 5589 στίκῷ
2266 5514 2914 5592 συγκαταπεπλεγμένων.
2949 5520 3085 5587 Reg.
3120 5517 3434 5580 secundus,
3478 5514 3565 5567 καὶ
3597 5515 3712 5568 τοῦ.

2078 5585 2354 5662 μυστικοῦ
2371 5585 2821 5661 συγκαταπεπλεγ
2830 5585 2921 5659 μιν
2930 5607 3012 5642 ου.
