4134 6212
465 278 581 339 135
1397 274 1802 338 APPENDIX
1844 273 2174 336 OPERUM
2220 271 2289 333 S.
2332 271 2620 335 BASILII
2666 272 2940 336 MAGNI.
3756 271 3872 333 136

533 400 618 465 10.
651 410 713 464 In
743 408 932 463 diebus
986 407 1134 463 Ozia:
1159 409 1213 462 et
1265 407 1516 463 Joatham
1551 414 1604 462 et
1649 405 1830 461 Achaz
1874 409 1929 462 et
1971 405 2076 460 Eu

2293 403 2378 458 10.
2435 403 2523 458 Ἐν
2579 401 2812 474 ἡμέραις
2868 403 3048 471 Ὀζίου
3101 399 3193 456 καὶ
3261 399 3496 475 Ἰωάθαμ
3558 401 3650 457 καὶ
3697 400 3878 477 ’Δχὰζ

460 500 621 555 Chiae.
642 499 897 568 Tempus
920 497 1226 552 observare
1250 511 1484 552 necesse
1508 495 1638 561 fuit,
1663 499 2076 565 utcompertun

2214 491 2305 544 καὶ
2364 490 2642 560 Ἐζεκίου.
2703 491 2767 548 Ἥ
2823 494 2931 545 τῶν
2992 489 3204 567 χρόνων
3265 491 3648 567 παρατήρησις
3702 489 3872 566 ἀναγ-

460 591 635 654 esset,
667 593 801 641 ante
832 592 1120 656 quantum
1153 585 1433 655 temporis
1462 585 1735 656 pradicta
1767 589 1898 654 post
1927 599 2106 652 quau—

459 683 584 730 tum
618 674 897 745 temporis
943 675 1263 739 evenerint,
1311 679 1369 727 et
1419 674 1574 744 quod
1607 673 1705 726 Dei
1741 671 2106 744 providentia

461 765 647 834 magis
686 763 1022 818 exuberavit
1077 768 1206 816 tum
1268 779 1400 816 cum
1459 761 1796 815 exuberavit
1839 761 2100 815 morbus.

459 852 694 906 Plurimi
727 853 883 906 enim
930 852 1132 906 eodem
1189 853 1305 905 fere
1357 857 1618 920 tempore
1669 850 1822 903 inter
1874 865 1936 903 se
1965 866 2101 903 con-

457 947 800 995 currerunt:
834 941 976 995 Osee
1008 940 1064 993 in
1099 941 1306 994 diebus
1339 939 1484 992 Ozias
1517 944 1574 992 et
1616 938 1673 991 in
1706 938 1913 993 diebus
1942 937 2101 991 Jero-

453 1030 624 1084 boam
653 1047 665 1084 :
698 1029 964 1084 Michzeas
997 1028 1054 1082 in
1088 1029 1298 1082 diebus
1328 1027 1598 1081 Joatham
1650 1033 1705 1081 et
1735 1026 1965 1081 Achaz:
1997 1032 2099 1080 So-

457 1118 705 1189 phonias
737 1119 791 1170 in
826 1117 1032 1171 diebus
1064 1115 1236 1171 Josiaa
1270 1115 1371 1169 lilii
1403 1123 1603 1170 Amos.
1637 1114 2097 1185 At.reliquorum

454 1205 720 1261 nonnulli
772 1205 1007 1276 quidem
1061 1204 1496 1276 prophetiarum
1547 1220 1788 1257 suarum
1832 1207 2101 1273 tempora

452 1295 695 1349 minime
726 1296 1140 1363 assignarunt:
1188 1294 1284 1348 alii
1325 1309 1457 1347 vero
1507 1293 1892 1347 Barbarorum
1923 1291 2099 1345 adno-

447 1388 650 1439 tarunt
677 1399 876 1454 regna,
915 1389 978 1436 ut
1008 1400 1134 1453 quas
1159 1385 1356 1437 essent
1379 1381 1566 1452 magis
1592 1386 1749 1447 nota,
1779 1380 1932 1450 quod
1959 1392 2097 1433 tunc

447 1487 645 1527 rerum
678 1471 1024 1542 potirentur.
1051 1475 1289 1543 Aggaeus
1319 1476 1376 1525 et
1405 1469 1732 1535 Zacharias,
1762 1468 2096 1538 Abdiasque

446 1567 503 1618 et
523 1560 776 1631 Nahum,
812 1561 1153 1626 Ambacum,
1177 1561 1353 1614 Jonas
1372 1565 1429 1614 et
1451 1557 1764 1614 Maiachias
1786 1557 1856 1611 de
1881 1562 2095 1625 tempo-

446 1651 612 1705 ribus
636 1649 990 1704 mentionem
1021 1665 1135 1703 non
1161 1649 1344 1703 fecere
1371 1665 1382 1702 :
1409 1649 1526 1702 imo
1548 1647 1744 1717 plures
1768 1662 1839 1700 ne
1861 1653 2090 1716 patrum

445 1740 685 1810 quidem
718 1739 1056 1793 meminere.
1102 1738 1169 1792 Et
1203 1738 1448 1792 fortasse
1488 1735 1594 1802 illi,
1627 1739 1826 1806 utpote
1859 1749 1926 1788 ex
1957 1733 2089 1787 illu-

443 1828 665 1883 stribus
701 1827 962 1897 patribus
985 1825 1240 1890 oriundi,
1267 1830 1536 1896 poterant
1565 1840 1693 1878 esse
1715 1823 2087 1894 acceptiores.

441 1916 547 1983 Qui
581 1917 732 1970 enim
769 1915 1059 1985 sanguine
1093 1919 1231 1969 sunt
1261 1913 1556 1978 clariores,
1602 1912 1635 1966 ii
1671 1912 1951 1982 majorem
1985 1911 2090 1964 im-

438 2009 671 2075 petrant
704 2005 874 2058 [idem
906 2020 918 2057 :
957 2004 1057 2074 qui
1089 2019 1220 2057 vero
1252 2019 1319 2057 ex
1349 2002 1617 2056 obscuris
1648 2007 1704 2055 et
1734 1999 2088 2070 ignobilibus

435 2095 776 2164 parentibus
827 2098 994 2146 erant
1035 2093 1178 2160 nati,
1232 2090 1604 2162 praetermissi
1660 2087 1894 2144 silentio
1926 2096 2081 2143 sunt.

435 2185 608 2237 Amos
641 2188 836 2236 tamen
869 2181 986 2247 ille,
1035 2180 1134 2252 qui
1177 2180 1330 2235 inter
1377 2179 1685 2234 duodecim
1719 2182 2082 2244 numeratur,

436 2287 811 2342 nequaquam
837 2270 998 2324 Isaia:
1023 2274 1186 2340 pater
1208 2273 1314 2323 est.
1342 2268 1540 2338 Neque
1566 2267 1720 2322 enim
1748 2265 2084 2338 pronuntia-

437 2362 513 2415 tio
545 2360 747 2414 eadem
780 2365 891 2425 est,
942 2375 1132 2429 neque
1162 2359 1362 2412 eadem
1415 2357 1574 2411 notio
1607 2355 1742 2410 huic
1792 2355 1914 2410 voci
1948 2355 2084 2410 sub-

425 2449 578 2517 jecta
609 2454 720 2502 est.
753 2447 903 2502 Illud
936 2447 1092 2502 enim
1117 2446 1385 2501 densiore
1410 2445 1618 2516 spiritu
1647 2443 2078 2516 pronuntiatur,

432 2537 542 2592 hoc
573 2536 844 2592 tenuiori.
897 2535 1044 2600 Quin
1077 2536 1256 2590 etiam
1307 2535 1537 2590 diversa
1584 2539 1673 2589 est
1713 2533 2076 2602 significatio.

429 2631 646 2680 Nomen
679 2625 834 2679 enim
864 2623 1049 2695 patris
1073 2623 1233 2678 Isaiae
1256 2629 1313 2678 et
1328 2623 1486 2677 vocis
1507 2621 1830 2693 proprietas
1859 2621 2080 2676 indicat

428 2713 895 2782 firmamentum,
947 2713 1221 2766 virtutem
1267 2717 1325 2766 et
1379 2711 1819 2766 fortitudinem:
1855 2714 1913 2764 at
1945 2726 2076 2764 vero

430 2803 722 2873 prophetae
772 2817 984 2856 nomen
1035 2816 1365 2855 sermonem
1417 2800 1631 2854 durum
1676 2805 1865 2854 sonat.
1899 2802 2075 2853 Porro

428 2889 735 2962 prophetia
765 2889 923 2946 Oscae
958 2889 1105 2944 Isaia
1141 2889 1376 2944 videtur
1423 2904 1552 2943 esse
1583 2887 1915 2958 antiquior;
1951 2904 2076 2958 pro-

428 2985 625 3050 pterea
655 2980 804 3048 quod
838 2979 1057 3033 dictum
1091 2983 1216 3033 est:
1268 2979 1624 3046 Principium
1673 2977 1824 3032 verbi
1855 2977 2078 3032 Domini

424 3067 494 3121 ad
526 3068 738 3122 Osee".
800 3068 1115 3122 Sciendum
1175 3067 1412 3138 quidem
1473 3071 1562 3120 est
1594 3067 1746 3120 hunc
1799 3067 2070 3120 eumdem

2213 579 2359 652 καία,
2418 579 2506 634 ἳνα
2569 583 2733 658 φανῇ,
2791 581 2859 635 τὰ
2909 581 3015 656 πρὸ
3046 581 3218 635 πόσου
3262 581 3468 656 χρόνου
3499 578 3872 655 προρρηθέντα

2217 689 2350 740 μετα
2379 667 2546 723 πόσον
2604 669 2800 743 χρόνον
2829 667 3130 739 ἀπήντησε,
3175 670 3262 724 καὶ
3298 669 3404 739 ὃτι,
3439 666 3525 722 ὅτε
3550 666 3870 723 ἐπλεόνασεν

2223 759 2257 826 ἠ
2310 757 2576 827 ἀσθένεια,
2623 757 3126 833 ὑπερεπερίσσευσεν
3175 759 3210 827 ἡ
3243 757 3387 832 παρὰ
3426 760 3524 811 τοῦ
3571 761 3703 811 Θεοῦ
3747 755 3866 811 ἐπι-

2217 845 2426 919 μέλεια.
2473 843 2681 922 Σχεδὸν
2714 846 2815 921 γὰρ
2859 846 2910 900 οἱ
2941 844 3192 900 πλεῖστοι
3225 842 3558 922 συνέδραμον
3588 843 3866 914 ἀλλήλοις

2209 937 2346 989 κατὰ
2391 935 2479 991 τὸν
2533 935 2756 1010 χρόνον.
2825 936 2983 1003 ⁹Θσηὲ
3027 934 3078 988 ἐν
3129 935 3360 1010 ἡμέραις
3409 933 3614 1002 Ὀζίου,
3665 934 3754 988 καὶ
3810 933 3864 988 ἐν

2209 1025 2442 1098 ἡμέραις
2487 1019 2773 1098 Ἰεροϐοάμ
2822 1028 2956 1098 (77).
3021 1025 3269 1099 Μιχαίας
3319 1024 3369 1077 έν
3427 1024 3659 1095 ἡμέραις
3709 1022 3867 1079 ’1ωά-

2210 1124 2322 1184 θαμ
2368 1112 2454 1166 καὶ
2522 1114 2714 1188 Ἀχάζ·
2782 1117 3048 1190 Σοφονίας
3103 1112 3154 1167 έν
3199 1111 3432 1186 ἡμέραις
3483 1111 3697 1168 Ἰωσίου
3746 1112 3866 1166 υἱοῦ

2209 1201 2415 1271 Ἀμῶς.
2466 1206 2580 1255 Τῶν
2631 1198 2689 1256 δὲ
2732 1199 2944 1256 λοιπῶν
2997 1202 3052 1254 οἱ
3105 1201 3199 1274 μὶν
3253 1199 3506 1275 ἁχρόνως
3554 1200 3860 1273 ἀνέγραψαν

2205 1291 2299 1351 τὰς
2347 1289 2701 1364 προφητείας,
2751 1291 2804 1344 οἳ
2855 1287 2912 1344 δὲ
2941 1291 3036 1352 τὰς
3068 1294 3176 1343 τῶν
3219 1283 3506 1365 βαρϐάρων
3563 1287 3863 1364 βασιλείας,

2207 1378 2282 1441 ὡς
2340 1379 2768 1455 γνωριμωτέρας
2828 1376 2916 1433 διὰ
2968 1379 3030 1433 τὸ
3089 1383 3302 1454 κρατεῖν
3350 1380 3670 1446 τηνικαῦτα,
3731 1397 3867 1450 παρ-

2205 1470 2570 1540 εσημήναντο.
2633 1470 2882 1545 Ἀγγαῖος
2932 1469 3021 1524 καὶ
3071 1467 3368 1544 Ζαχαρίας,
3401 1463 3620 1530 Ἀϐδίας
3658 1488 3717 1522 τε
3746 1469 3864 1541 (78)

2201 1558 2292 1611 καὶ
2341 1557 2553 1630 Ναοὺμ,
2610 1557 2700 1612 καὶ
2762 1552 3123 1630 Ἀμϐακοὺμ,
3186 1559 3369 1620 Ἰωνᾶς
3415 1558 3506 1612 καὶ
3558 1554 3856 1632 Μαλαχίας

2201 1649 2308 1699 τῶν
2357 1645 2572 1721 χρόνων
2627 1645 2724 1700 οὐχ
2771 1645 3141 1718 ἐμνήσθησαν,
3196 1642 3324 1700 ἀλΛ⁹
3355 1641 3480 1700 οὐδὲ
3528 1646 3582 1699 οἱ
3625 1644 3856 1708 πλείους

2204 1735 2470 1811 πατέρων.
2546 1738 2644 1788 Καὶ
2700 1735 2845 1810 τάχα
2900 1736 2951 1789 οἱ
3003 1735 3096 1808 μὲν
3161 1734 3210 1807 ἐξ
3269 1734 3553 1806 ἐπισήμων
3607 1735 3858 1808 πατέρων

2199 1820 2464 1892 ἠδύναντο
2510 1821 2897 1896 εὐπαράδεκτοι
2963 1824 3222 1899 γενέσθαι.
3280 1822 3597 1898 Πιστότεροι
3645 1824 3749 1897 γὰρ
3801 1825 3857 1878 οἱ

2198 1910 2637 1986 γνωριμώτεροι·
2693 1911 2743 1966 oi
2794 1909 2851 1966 δὶ
2897 1913 3126 1984 ἀσήμων
3177 1911 3380 1986 γονέων
3428 1913 3855 1986 παρεσιωπήθη-

2199 2020 2312 2057 σαν.
2361 2001 2441 2058 Οὐ
2477 2001 2582 2073 μὴν
2639 2002 2750 2072 (79)
2804 2001 2961 2063 οὗτος
2997 2003 3202 2074 Ἀμὼς,
3248 2000 3306 2055 6'v
3336 2005 3452 2062 τοῖς
3486 1997 3698 2055 δώδεκα
3728 2021 3853 2055 συν-

2193 2089 2519 2164 τεταγμένον
2587 2085 2830 2165 ἕχομεν,
2882 2092 3062 2164 πατήρ
3123 2089 3233 2143 ἐστι
3291 2093 3386 2143 τοῦ
3437 2089 3675 2143 Ἠσαίου·
3729 2086 3856 2144 οὕτε

2193 2179 2293 2253 γὰρ
2344 2181 2378 2247 ἡ
2425 2178 2727 2254 ἐκφώνησις
2757 2179 2790 2247 ἡ
2826 2177 2984 2249 αὕτη,
3015 2174 3138 2232 οὕτε
3168 2178 3230 2232 τὸ
3265 2177 3366 2232 ὑπὸ
3395 2185 3496 2246 τῆς
3530 2185 3715 2254 φωνῆς
3749 2198 3852 2248 ση-

2198 2267 2549 2338 μαινόμενον’
2601 2267 2661 2320 τὸ
2712 2267 2806 2338 μὲν
2855 2267 2955 2342 γὰρ
2989 2264 3264 2342 δασυτέρῳ
3293 2265 3372 2339 τῷ
3420 2268 3685 2340 πνεύματι
3719 2268 3854 2322 ἀνα-

2192 2359 2470 2432 φωνεῖται,
2518 2355 2580 2408 τὸ
2632 2351 2688 2408 δὲ
2741 2353 3039 2428 ψιλοτέρῳ.
3111 2353 3209 2409 Καὶ
3257 2356 3324 2409 τὰ
3371 2352 3685 2428 δηλούμενα
3729 2353 3846 2411 διά-

2191 2461 2349 2521 φορα⁶
2399 2443 2462 2498 τὸ
2515 2443 2610 2515 μὲν
2663 2443 2764 2517 γὰρ
2822 2447 2919 2497 τοῦ
2978 2443 3182 2516 πατρὸς
3243 2441 3466 2498 Ἠσαίου
3512 2439 3705 2516 ὄνομα,
3753 2443 3848 2499 καὶ

2189 2533 2302 2604 (80)
2343 2531 2407 2585 τὸ
2453 2537 2553 2601 τῆς
2611 2537 2796 2607 φωνῆς
2845 2529 3070 2604 ῒδίωμα,
3125 2532 3411 2608 στερέωσιν
3464 2530 3554 2586 καὶ
3615 2529 3844 2606 δύναμιν

2186 2619 2275 2674 καὶ
2323 2619 2484 2694 ἰσχὺν
2550 2619 2816 2697 έμφαίνειο
2895 2625 2976 2692 τῷ
3038 2617 3095 2675 δὲ
3149 2625 3246 2675 τοῦ
3305 2623 3614 2698 προφήτου,
3675 2618 3843 2699 λόγος

2188 2709 2427 2782 σκληρὸς
2482 2705 2768 2779 δηλοῦται·
2829 2710 2934 2782 πρὸ
2989 2705 3047 2764 δὲ
3093 2713 3188 2764 τοῦ
3242 2709 3468 2766 Ἠσαίου
3499 2704 3671 2764 ἔοικεν
3705 2710 3841 2766 εἶναι

2185 2797 2218 2866 ἠ
2279 2796 2583 2874 προφητεία
2655 2801 2754 2851 τοῦ
2831 2797 3011 2867 Ὠσηὲ,
3075 2793 3163 2851 διὰ
3221 2796 3283 2851 τὸ
3343 2796 3610 2872 εἰρῆσθαι’
3662 2797 3840 2872 Ἀρχὴ

2187 2884 2358 2959 λόγου
2419 2885 2617 2962 Κυρίου
2673 2887 2810 2962 πρὸς
2872 2885 3053 2957 Ὠσηέ.
3112 2884 3386 2942 Γνωπέον
3447 2886 3654 2958 μέντοι,
3697 2881 3780 2940 ὅτι
3814 2887 3842 2940 6

2185 2974 2361 3044 Ὀξίας
2411 2975 2568 3036 οὗτος
2616 2976 2644 3029 6
2689 2975 2851 3036 αὐτὸς
2906 2974 2995 3030 καὶ
3041 2974 3290 3047 Ἀζαρίας
3321 2973 3553 3050 εἷ’ρηταιο
3610 2973 3662 3029 ἐν
3724 2974 3838 3047 (81)

2183 3063 2285 3135 γὰρ
2327 3067 2396 3135 τῇ
2447 3064 2684 3136 προτέρᾳ
2735 3068 2843 3118 τῶν
2896 3061 3392 3138 Παραλειπομένων
3442 3061 3620 3130 Ὀζίας
3681 3061 3834 3138 εἷ’ρηο

424 3156 620 3210 Oziam
654 3156 877 3209 dictum
930 3156 1110 3209 fuisse
1157 3160 1213 3209 et
1241 3153 1528 3208 Azariam.
1589 3155 1649 3208 In
1692 3153 1882 3223 priore
1911 3153 2068 3209 enim

2191 3170 2287 3203 rut.
2343 3149 2396 3204 ἐν
2429 3147 2486 3204 δὲ
2531 3150 2601 3224 τῇ
2635 3148 2855 3225 δευτέρᾳ
2905 3155 3012 3204 τῶν
3045 3148 3344 3205 Βασιλείων
3381 3149 3650 3223 Ἀζαρίας.
3686 3148 3844 3218 Πλὴν

424 3241 905 3311 Paralipomenon
940 3241 1087 3296 libro
1119 3240 1284 3295 Ozias
1321 3246 1412 3295 est
1441 3241 1632 3293 dictus
1661 3256 1674 3305 ;
1722 3239 1778 3291 in
1813 3241 2069 3294 secundo

422 3337 614 3383 autem
649 3332 1006 3400 Regnorum,
1043 3329 1300 3392 Azarias,
1333 3344 1400 3382 ex
1443 3328 1645 3382 eodem
1679 3332 1873 3381 tamen
1909 3333 2069 3398 patre

420 3422 478 3472 et
510 3423 714 3471 matre.
749 3415 1041 3470 Nimirum
1088 3417 1216 3485 ejus
1250 3421 1436 3469 mater
1482 3420 1607 3470 erat
1636 3414 1835 3470 Chalia
1863 3433 1875 3482 ;
1910 3421 2071 3482 pater

419 3510 615 3560 autem
646 3505 935 3559 Amazias.
961 3505 1220 3574 Tempus
1243 3504 1419 3558 etiam
1455 3504 1614 3574 regni
1635 3508 1724 3557 est
1744 3503 2065 3568 idem,anni

419 3592 848 3664 quinquaginta
879 3594 1017 3656 duo,
1073 3591 1504 3662 PrOphetarunt
1553 3597 1748 3645 autem
1799 3592 1908 3646 sub
1938 3591 2069 3647 Ozia

418 3681 621 3752 Isaias,
653 3685 797 3736 Osee
827 3685 882 3736 et
913 3688 1110 3736 Amos.
1139 3680 1246 3734 Sed
1282 3680 1422 3750 quia
1452 3679 1681 3748 legitur,
1721 3681 2066 3751 Principium

417 3772 570 3826 verbi
589 3771 812 3827 Domini
831 3769 900 3825 ad
925 3774 1080 3836 Osee,
1107 3785 1249 3824 num
1274 3768 1501 3840 primus
1523 3769 1822 3823 vaticinari
1847 3769 2065 3842 cmpit?

397 3863 477 3930 βε
507 3858 648 3930 quia
679 3862 856 3914 Amos
876 3864 1008 3913 ante
1029 3859 1176 3912 duos
1197 3874 1384 3912 annos
1408 3863 1577 3912 terra)
1599 3862 1795 3913 motus
1821 3859 2064 3930 prophe-

409 3948 554 4002 tavit
576 3965 588 4015 ;
608 3947 896 4018 numquid
921 3947 1272 4002 vaticinatus
1299 3951 1388 4002 est
1413 3951 1544 4002 ante
1568 3946 1848 4002 visionem
1877 3949 2064 4018 Isaiae,

408 4035 467 4090 in
503 4052 617 4108 qua
647 4034 729 4090 ait
758 4053 771 4092 :
807 4037 868 4090 Et
897 4036 1168 4091 eleuatum
1198 4040 1277 4089 est
1302 4035 1742 4108 superliminare
1763 4035 1807 4070 ’⁷⁸
1828 4039 1853 4088 .9
2049 4040 2052 4044 '

483 4166 527 4200 ⁷⁷
557 4168 688 4221 Ose.
723 4181 764 4232 ι,
799 4167 849 4220 1.
925 4165 968 4199 ⁷⁸
1000 4169 1110 4220 Isa.
1141 4179 1221 4231 v1,
1253 4165 1344 4219 64.

485 4289 596 4354 (77)
629 4288 717 4343 Sic
748 4289 1279 4358 uterqueACombef.
1325 4291 1396 4343 At
1427 4289 1483 4342 in
1535 4287 1707 4358 editis
1737 4290 1791 4342 et
1824 4287 1882 4342 in
1915 4289 2060 4344 duo-

410 4353 522 4413 bus
553 4353 693 4413 mss.
732 4378 830 4427 pro
861 4353 1149 4432 Ἱέροϐοάμ
1207 4360 1418 4432 legitur
1448 4356 1691 4432 ’[ιυάθαν.
1737 4359 2058 4432 aliquanto

414 4435 785 4555 ιίρὲξὺἷυτευε
817 4429 1072 4500 quatuor
1117 4429 1288 4499 mss,
1336 4430 1457 4482 υἱοῦ
1491 4429 1712 4514 Ἀμώς.)
1733 4431 1907 4497 Editi,
1939 4431 2058 4485 υἱοῦ

527 4520 622 4556 ων.

856 4567 1193 4654 ξΑξδίαιεςΔ
1238 4573 1309 4626 At
1341 4589 1482 4654 mss.
1539 4576 1812 4654 quatuor,
1839 4566 2056 4634 Ἀϐδίας

407 4636 680 4717 τε.ἈΙίβι·
708 4643 992 4717 _Comb_ef.,
1045 4636 1261 4697 Ἀϐδίου
1306 4662 1380 4699 τε.
1431 4636 1638 4698 Statim
1674 4636 1812 4717 Reg.
1849 4661 2058 4700 secun-

411 4718 541 4783 dus,
577 4713 674 4768 οὐκ
705 4712 1015 4786 ἐπεμνήσθη
1026 4734 1140 4769 σαν,

457 4781 592 4858 (79)
627 4781 814 4851 Εάἱιί,’
849 4781 910 4840 οὗ
967 4781 1074 4857 μὴν
1128 4781 1271 4841 οὐδέ.
1323 4787 1494 4842 Deest
1541 4781 1668 4840 οὐδέ
1718 4788 1774 4842 in
1809 4791 2061 4860 quatuor

410 4874 562 4912 mss.

482 4928 596 5001 (80)
625 4928 721 4983 Sic
753 4932 996 5001 uterque
1044 4929 1300 4984 Combef.
1349 4932 1406 4983 et
1458 4928 1555 4984 alii
1588 4930 1724 4985 duo.
1757 4929 1930 4997 Editi,
1962 4949 2056 4982 κα·

406 5000 492 5055 τά.
533 5001 776 5055 rectius.

480 5041 1109 5153 lSIYIie‘gTSecundus,
1141 5069 1214 5153 év_
1241 5069 1362 5153 μέν.
1416 5069 1523 5126 Ubi
1553 5071 1907 5152 notandum._
1931 5088 2059 5153 quae

409 5142 668 5197 citantur
697 5142 728 5198 ὁ
762 5144 948 5214 primo
979 5142 1127 5197 libro
1177 5143 1686 5213 Paralipomenon,
1722 5142 1963 5213 reperiri
1998 5143 2056 5196 in

409 5216 665 5269 secundo
697 5231 848 5278 xxvr,
886 5216 934 5269 1.
970 5216 1137 5279 Item,
1169 5231 1295 5284 quis
1327 5215 1583 5268 citantur
1615 5231 1644 5268 e
1677 5215 1822 5268 libro
1855 5229 2062 5268 secun-

408 5287 480 5340 do
517 5288 875 5355 Regnorum,
907 5305 974 5341 ea
1005 5286 1116 5356 legi
1151 5285 1211 5339 in
1244 5292 1451 5356 quarto
1495 5302 1610 5349 xw,
1651 5286 1740 5339 21.
1774 5285 2057 5340 Combefi-

407 5358 534 5412 sius
567 5375 669 5428 pro
729 5375 796 5412 ea
827 5375 944 5428 qua
977 5356 1255 5428 Basiliam
1305 5357 1533 5412 colebat
1564 5357 1954 5428 observantia,
1989 5373 2059 5412 ne

407 5425 720 5504 tantoiviro
771 5425 993 5504 tantum
1051 5425 1668 5504 cqodlpuAp-qvuovixov
1716 5428 2057 5504 ascriberet,

407 5502 681 5555 librarios
713 5517 862 5555 unos
891 5502 1020 5570 ejus
1052 5499 1265 5556 erroris
1296 5499 1621 5555 incusavit:
1657 5501 1754 5554 sed
1788 5516 2056 5570 ego,cum

408 5573 551 5629 satis
583 5574 660 5630 sit
697 5587 985 5638 errorum,
1035 5588 1286 5644 quorum
1336 5588 1452 5629 non
1511 5571 1802 5628 immerito
1832 5571 2058 5628 librarii

2179 3240 2266 3293 καὶ
2300 3238 2504 3314 πατρὸς
2543 3243 2640 3293 τοῦ
2692 3239 2880 3306 αὐτοῦ,
2929 3239 3016 3292 καὶ
3072 3238 3301 3312 μητρός*
3355 3239 3388 3308 ἠ
3448 3237 3542 3310 μὶν
3573 3237 3674 3314 γὰρ
3725 3241 3839 3310 μή-

2176 3346 2279 3400 τηρ
2313 3326 2490 3383 ΧαΛία
2539 3329 2674 3399 (82),
2730 3328 2758 3380 6
2799 3324 2856 3380 δὲ
2899 3328 3081 3400 πατὴρ
3140 3326 3426 3399 Ἀμασίας.
3482 3325 3578 3382 Καὶ
3628 3326 3837 3402 χρόνος

2176 3420 2278 3483 τῆς
2339 3413 2613 3490 βασιλείας
2683 3415 2710 3469 6
2759 3413 2938 3478 αὐτός·
2989 3416 3330 3484 πεντήκοντα
3387 3411 3483 3469 δύο
3544 3413 3637 3483 ἔτη
3694 3418 3830 3489 (83).

2179 3504 2299 3558 Ἐπὶ
2368 3503 2551 3572 ’θζίου
2624 3506 2991 3581 προφήτεῦσεν
3070 3503 3311 3574 Ἠσαίας,
3374 3504 3532 3574 Ὠσηὲ
3586 3502 3674 3558 καὶ
3734 3505 3834 3559 Ἀ-

2180 3593 2319 3666 μώς.
2397 3591 2558 3648 Ἀλλ’
2633 3590 2843 3663 ἐπειδὴ,
2905 3593 3085 3668 Ἀρχή
3165 3589 3337 3668 λόγου
3415 3591 3616 3668 Κυρίου
3691 3592 3832 3668 πρὸς

2173 3682 2358 3751 Ὠσηὲ,
2422 3683 2635 3753 μήποτε
2709 3685 2928 3756 πρῶτος
3004 3678 3204 3756 ἤρξατο
3262 3679 3660 3756 προφητεύειν;
3719 3682 3822 3736 Καὶ

2176 3768 2362 3838 ἐπειδὴ
2399 3771 2426 3824 6
2476 3770 2667 3843 Ἀμὼς
2706 3770 2813 3846 πρὸ
2863 3766 2958 3823 δύο
3007 3769 3138 3824 ἑτῶν
3191 3773 3437 3841 σεισμοῦ,
3475 3771 3687 3840 μήποτε
3716 3769 3827 3842 πρὸ

2172 3860 2274 3928 τὴς
2325 3858 2561 3934 ὁράσεως
2611 3862 2706 3914 τοῦ
2753 3856 3002 3928 Ἠσαίου,
3060 3858 3110 3913 έν
3160 3860 3197 3929 ἦ
3248 3878 3402 3934 φησι·
3459 3857 3557 3912 Καὶ
3607 3857 3822 3934 έπήρθη

2171 3947 2233 4002 τὸ
2267 3947 2562 4024 ὑπέρθυρον
2593 3967 2606 4017 ;

2169 4293 2438 4345 auctores
2465 4290 2666 4346 haberi
2687 4291 2956 4358 debeant,
2984 4289 3138 4346 malo
3161 4289 3396 4362 culpam
3421 4290 3480 4345 in
3508 4289 3833 4362 ipsumiau-

2170 4367 2411 4429 ctorem,
2446 4363 2717 4434 quamiin
2751 4362 3022 4418 librarios
3070 4361 3410 4418 transferre.
3462 4361 3824 4434 Fit‘quidem

2171 4449 2286 4488 non
2321 4431 2481 4497 raro,
2531 4439 2597 4488 ut
2628 4433 2850 4488 librarii
2905 4450 3104 4490 vocem
3155 4451 3334 4490 unam
3397 4449 3500 4505 pro
3527 4431 3641 4488 alia
3670 4432 3822 4505 scri-

2089 4489 2136 4552 D
2168 4505 2348 4559 bant:
2386 4489 2486 4576 sed
2521 4505 2629 4559 hoc
2656 4505 2773 4560 fere
2803 4489 3092 4576 contingit
3118 4489 3267 4570 tum,
3300 4489 3432 4560 cum
3465 4519 3636 4576 voces
3667 4504 3823 4559 inter

2173 4593 2234 4648 se
2256 4575 2479 4631 similes
2503 4581 2642 4632 sunt
2662 4581 2719 4632 et
2741 4577 2945 4632 afﬁnes
2971 4595 2983 4643 ;
3010 4577 3065 4631 id
3091 4579 3245 4648 quod
3271 4577 3364 4632 hic
3383 4575 3823 4632 nullumloeum

2170 4647 2386 4720 habere
2417 4647 2635 4716 vident,
2667 4648 2891 4720 opinor,
2926 4647 3152 4720 omnes.
3189 4649 3405 4704 Ibidem
3438 4648 3667 4703 codices
3701 4653 3826 4720 tres

2169 4719 2310 4775 Duc.
2338 4725 2400 4791 et
2432 4720 2570 4791 Reg.
2607 4717 2814 4776 tertius
2844 4726 2900 4791 et
2931 4719 3093 4791 Colb.
3129 4721 3325 4776 itidem
3349 4721 3585 4788 tertius,
3615 4717 3824 4791 πατρὸς

2170 4737 2310 4775 UUO.
2346 4737 2400 4774 et
2432 4737 2510 4775 ne
2559 4764 2570 4775 .
2607 4737 2814 4776 tertius
2844 4737 2900 4775 ϐῐι
2931 4737 3093 4775 UO”).
3129 4739 3134 4774 l

2168 4789 2479 4866 του-αὐτοῖν.
2515 4737 2686 4866 ﬁdith
2714 4790 2920 4866 πατρὸς
2950 4789 3134 4866 αὐτοῦ.

2241 4863 2351 4942 (82)
2375 4863 2530 4942 Εόίῐί
2557 4869 2614 4942 et
2649 4850 2738 4942 Fr.
2788 4850 2843 4942 et
2879 4850 3383 4942 fingliﬁeuetReg'.
3444 4859 3821 4942 tertius,.Xu-

2170 4929 2282 4986 λία.
2316 4929 2392 4988 At
2422 4950 2556 4989 vero
2589 4934 2645 4986 in
2680 4934 2746 4988 Η.
2785 4939 2841 4989 et
2868 4933 2919 4988 J.
2947 4929 3004 4988 et
3026 4933 3183 4989 Colb.
3218 4929 3389 4988 tertio
3422 4937 3480 4987 et
3503 4932 3654 5001 apud
3685 4935 3826 4986 Pro-

2170 5005 2403 5075 copium
2437 5022 2540 5076 pro
2569 5003 2742 5060 Χαλία
2774 5004 2988 5075 legitur
3044 5003 3248 5070 Χανάα,
3282 5009 3384 5060 aut
3429 5003 3589 5058 Χανᾶ.
3620 5005 3666 5057 Α
3692 5002 3824 5075 qui-

2169 5075 2287 5131 bus
2317 5076 2592 5132 omnihus
2623 5077 2792 5147 longe
2841 5076 3132 5131 dissident
3182 5076 3361 5147 LXX,
3381 5075 3718 5147 apudquos
3746 5075 3824 5130 IV

2170 5147 2310 5221 Reg.
2342 5165 2432 5216 xv,
2467 5150 2520 5212 2,
2571 5118 2793 5203 editufin
2845 5147 3156 5217 invenitur,
3204 5118 3451 5221 Ἱεχλλίοῗ
3467 5144 3520 5217 te
3548 5118 3820 5218 ’ᾖρουσα-

2169 5213 2240 5288 λή
2255 5213 2312 5289 ᾗ.
2349 5213 2643 5276 Hiechelia
2672 5222 2739 5276 de
2761 5221 3086 5278 Jerusalem.

2238 5288 2356 5360 (’83)
2386 5292 2480 5346 Sic
2510 5293 2738 5347 codices
2773 5297 2838 5347 Η.
2873 5297 2926 5346 et
2975 5291 3027 5347 J.
3057 5305 3190 5347 cum
3246 5288 3407 5346 Colb.
3441 5289 3632 5360 tertio.
3667 5288 3823 5360 Edili

2167 5355 2414 5445 ξιᾺίθι
2463 5367 2547 5445 FL
2571 5381 2726 5445 cum-
2759 5363 2897 5445 Reg.
2933 5363 3130 5445 tertio,
3188 5363 3540 5445 πεντηκοστῷ
3584 5355 3821 5434 δευτέρῳ

2167 5425 2294 5506 ἔτει.
2331 5433 2479 5506 Lego
2515 5436 2648 5491 Duc.
2682 5436 2801 5491 Hoc
2842 5425 2976 5506 ipso
3023 5435 3080 5490 in
3115 5425 3241 5490 loco
3302 5425 3621 5506 mss.tres,
3650 5425 3820 5506 πρὸεζ

2168 5505 2457 5580 φήτευσαν.
2492 5507 2642 5563 Editi
2672 5524 2804 5563 cum
2839 5505 2970 5564 aliis
3002 5508 3215 5573 tribus,
3247 5505 3669 5581 προεφήτευσεν.
