4108 6214
385 362 502 424 I39
1321 361 1722 420 APPENDIX
1767 357 2092 419 OPERUM
2139 357 2204 418 S.
2250 359 2534 420 BASILII
2579 359 2851 421 MAGNI.
3684 363 3803 424 HO

455 495 542 552 13,
574 495 742 550 Filios
778 494 1013 565 genuiet
1037 492 1308 563 excitavi,
1328 494 1435 564 ipsi
1462 497 1644 548 autem
1699 498 2034 563 spreverunt
2060 506 2077 558 Α

2215 492 2302 546 13.
2364 491 2523 552 Υἱοὺς
2581 489 2829 566 ἐγέννησα
2911 493 2998 547 καὶ
3076 491 3306 566 ὕψωσα,
3363 491 3518 547 αὐτοὶ
3597 490 3655 548 δέ
3739 515 3800 568 με

381 599 489 640 me.
523 582 567 640 Ο
592 583 854 639 studium
880 597 1016 654 erga
1039 581 1305 638 homines
1329 579 1341 635 l
1364 580 1590 653 Allegat
1610 581 1748 652 jura
1779 596 1888 634 sua
1918 580 2001 634 Do

2172 575 2430 649 ιθέτησαν.
2482 585 2543 634 Ὤ
2604 585 2705 649 τῆς
2770 577 3228 658 φιλανθρωπίαςί
3283 578 3721 656 Δικαιολογεῖται
3769 585 3794 638 6

385 672 604 738 minus,
631 675 694 727 ut
711 676 842 743 post
863 671 1192 727 certissima
1213 674 1579 741 argumenta,
1607 670 1882 726 decernat
1905 685 2007 740 qua

2173 668 2439 737 ιεσπότης,
2466 667 2557 723 ’ίνα
2592 669 2725 741 μετά
2752 669 2846 732 τὰς
2898 667 3199 741 ἀποδείξεις
3255 671 3505 746 ἐπαγάγῃ
3555 671 3622 726 τὰ
3663 672 3795 747 πρὸς

377 762 543 834 justa
571 765 713 817 sunt
769 776 836 815 ac
892 759 1108 815 debita.
1141 760 1310 815 Filios
1362 761 1530 828 genui
1559 762 1610 814 et
1658 758 1920 814 exaltari.
1955 757 1994 810 E

2169 754 2312 826 ἰξίαν.
2365 756 2522 819 Υίοὺς
2575 756 2829 833 ἐγέννησα
2898 759 2986 813 καὶ
3041 759 3249 833 ὕψωσα.
3315 759 3574 822 Σύνθετος
3632 762 3660 816 6
3707 759 3791 815 ἄν·

386 850 584 906 anima
614 852 671 904 et
725 864 962 919 corpore
1006 848 1368 920 compositus
1425 847 1600 902 homo
1632 853 1720 903 est
1752 864 1764 902 :
1800 862 1933 902 caro
1964 860 2008 904 e:

2168 860 2364 921 »ρωπος
2395 844 2454 900 ἐκ
2491 849 2674 921 ψυχῆς
2702 846 2790 901 καὶ
2823 848 3100 919 σώματος’
3133 849 3167 917 ἡ
3219 847 3346 922 σὰρξ
3398 849 3502 903 ἀπὸ
3548 855 3647 918 τῆς
3695 856 3790 925 γῆς

383 943 560 1010 terra,
594 936 792 993 anima
821 935 1072 991 ccelestis
1115 935 1362 992 exsistit.
1393 936 1679 999 Quoniam
1713 937 1892 1008 igitur
1923 940 2005 1013 ips

2174 936 2282 1006 90),
2311 936 2346 1002 ἡ
2396 935 2549 1009 ψυχὴ
2597 934 2842 1008 οὐρανία.
2878 935 3026 992 Ἐπεὶ
3079 935 3169 991 οῦν
3214 935 3350 1008 πρὸς
3399 937 3681 1015 ἀμφότερα
3705 938 3796 992 αὐ-

385 1043 520 1082 cum
552 1029 799 1096 utroque
831 1023 1086 1080 afﬁnitas
1129 1023 1285 1079 inest
1314 1028 1371 1079 et
1414 1025 1702 1097 cognatio,
1746 1043 1938 1083 coram
1964 1029 2002 1083 ii

2168 1027 2225 1094 τῷ
2254 1025 2288 1092 ἡ
2323 1021 2599 1098 συγγένειά
2629 1023 2792 1094 ἐστιν,
2818 1023 2902 1079 ἐπὶ
2936 1030 3043 1080 τῶν
3087 1024 3432 1081 οἰκειοτάτων
3484 1027 3650 1081 αὐτοῦ
3695 1027 3790 1096 τῆν

385 1132 517 1188 quas
550 1114 600 1170 ei
635 1113 890 1168 maxime
935 1112 1170 1185 propria
1218 1115 1378 1183 sunt,
1411 1119 1714 1185 peccatum
1746 1119 2007 1189 coarguit

2168 1110 2412 1188 ὶμαρτίαν
2496 1110 2715 1188 ἐλέγχει
2750 1155 2764 1169 .
2841 1114 2997 1176 Υίοὺς
3075 1113 3328 1191 ἐγέννησα
3401 1115 3490 1170 καὶ
3568 1114 3790 1188 ὕψωσα.

380 1205 551 1260 Filios
596 1203 770 1274 genui
828 1210 879 1258 et
947 1202 1215 1257 exaltari.
1269 1203 1675 1260 Generationis
1725 1205 1854 1261 duae
1906 1223 2002 1278 spe

2171 1201 2414 1262 ἐνέσεως
2459 1197 2578 1272 εἷ’δη
2632 1199 2748 1256 δύο.
2782 1203 2843 1259 Ἡ
2897 1203 3015 1275 μὲν,
3051 1205 3086 1272 ἡ
3131 1204 3267 1257 κατά
3305 1203 3433 1259 Θεὸν
3491 1205 3793 1282 μόρφωσις,

381 1294 502 1349 cies
534 1295 692 1347 sunt.
722 1289 850 1347 Una
875 1289 1135 1362 quidem,
1160 1307 1287 1362 quae
1321 1291 1477 1346 878
1502 1291 1674 1347 fuerit
1702 1295 2003 1351 secundum

2175 1289 2198 1359 ξ
2255 1287 2430 1364 ἔργων
2491 1290 2580 1343 καὶ
2632 1287 2961 1366 παραδοχῆς
3011 1288 3303 1366 δογμάτων
3359 1291 3794 1363 ἐπιτελουμένη·

383 1387 568 1437 Deum
599 1379 808 1447 forma,
866 1395 996 1450 qua:
1046 1396 1115 1434 ex
1164 1380 1466 1451 operibus,
1514 1397 1702 1451 exque
1748 1384 2003 1454 suscepti

2177 1382 2224 1441 ις
2267 1382 2423 1452 γεννᾷ
2470 1375 2685 1440 Παῦλος
2728 1375 2816 1433 διὰ
2863 1383 2960 1433 τοῦ
2991 1378 3346 1456 Εὐαγγελίου,
3397 1380 3488 1435 καὶ
3534 1381 3662 1443 τοὺς
3714 1381 3799 1437 έκ-

385 1471 676 1542 dogmatis
711 1469 1048 1542 perficitur:
1091 1469 1248 1524 hunc
1308 1471 1378 1525 ad
1414 1471 1653 1526 modum
1687 1472 1902 1529 Paulus
1935 1490 2006 1546 pe

2172 1466 2406 1527 εέσοντας
2446 1463 2651 1539 ὠδίνει,
2698 1466 2788 1521 καὶ
2841 1464 3142 1546 διαμορφοῖ
3184 1465 3544 1523 ἀναπλάσσων
3598 1469 3794 1532 αὐτοὺς

385 1557 760 1627 Evangelium
779 1558 907 1629 jam
948 1557 1142 1629 lapsos
1191 1559 1444 1628 parturit
1472 1559 1534 1614 ⁸³,
1568 1561 2007 1633 conﬁguratque

2169 1554 2224 1616 ,lc
2253 1549 2548 1610 εὐσέϐειανο
2588 1557 2622 1625 ἡ
2657 1554 2714 1610 δέ
2740 1555 2823 1618 τίς
2853 1555 3017 1625 ἐστιν,
3052 1559 3087 1627 ἡ
3121 1556 3199 1620 εἲς
3243 1557 3334 1613 τὸν
3389 1558 3508 1634 βίον
3565 1556 3791 1626 εἷ’σοδος,

388 1649 444 1702 et
472 1646 634 1716 ipsos
681 1647 755 1702 ad
804 1645 1082 1717 pietatem
1140 1646 1439 1701 reformat.
1476 1648 1579 1703 Est
1629 1654 1824 1704 autem
1855 1651 2010 1706 altera

2170 1643 2222 1705 ὃς
2273 1644 2356 1713 τὸ,
2399 1643 2549 1714 Αὕτη
2605 1646 2638 1714 ἡ
2694 1639 2887 1719 βίϐλος
2927 1646 3186 1720 γενέσεως
3240 1643 3470 1722 οὐρανοῦ
3526 1649 3615 1701 καὶ
3672 1654 3792 1721 γῆς.

389 1735 680 1808 quaedam,
733 1749 942 1806 nempe
991 1733 1266 1790 introitus
1316 1734 1374 1789 in
1425 1735 1576 1792 hanc
1608 1737 1812 1807 vitam,
1845 1743 1911 1794 ut
1949 1753 2010 1795 es

2171 1732 2488 1809 Αμφοτέρας
2549 1729 2638 1786 οῦν
2697 1734 2882 1796 αὐτοῖς
2934 1736 3191 1812 προφέρει
3225 1737 3357 1808 (91),
3389 1735 3479 1789 καὶ
3529 1732 3793 1806 ὀνειδίζει,

277 1843 280 1856 τ
383 1824 530 1880 illud
555 1841 568 1880 :
601 1825 698 1880 Hic
714 1824 852 1879 liber
877 1824 1245 1894 generationis
1274 1825 1397 1879 caeli
1432 1832 1482 1880 et
1523 1828 1688 1883 terra?
1708 1827 1778 1884 3‘.
1807 1826 1899 1883 Utr

2171 1819 2232 1875 ἷτι
2279 1820 2340 1875 ἑκ
2385 1821 2480 1875 τοῦ
2536 1822 2610 1894 μὴ
2657 1817 2810 1884 ὄντος
2861 1821 2938 1886 εἷς
2983 1823 3190 1897 γένεσιν
3223 1822 3500 1899 ἀχθέντες,
3531 1821 3620 1878 καὶ
3677 1825 3793 1880 κατ’

386 1931 500 1986 que
529 1913 714 1986 igitur
730 1912 1164 1985 generationem
1196 1911 1342 1984 ipsis
1365 1913 1572 1985 objicit
1598 1940 1611 1983 ;
1642 1920 1700 1971 et
1730 1917 2008 1987 exprobra

2170 1909 2330 1965 μῗκόνα
2363 1913 2496 1964 Θεοῦ
2544 1908 2830 1984 γινόμενοι
2870 1915 3058 1980 (τοῦτο
3103 1910 3204 1987 γάρ
3261 1911 3373 1967 ἐστι
3431 1913 3493 1966 τὸ
3540 1912 3629 1967 καὶ
3675 1935 3792 1987 γεν-

386 2003 539 2074 quod
601 2017 670 2058 ex
698 1999 885 2057 nihilo
933 1999 1172 2069 conditi,
1207 2005 1264 2056 et
1294 2002 1362 2056 ad
1397 2003 1497 2058 Dei
1555 2003 1871 2076 imaginem
1905 2006 2008 2060 fact

2172 2000 2377 2070 ιηθῆναι
2407 1997 2496 2053 καὶ
2558 1999 2888 2072 ὑψωθῆναι),
2921 1998 3043 2054 οὕτε
3074 2000 3147 2061 ὡς
3204 1999 3399 2072 Κτίστῃ
3451 2000 3794 2076 ηὐχαριστή-

386 2091 520 2164 (hoc
551 2090 706 2146 enim
747 2094 836 2146 est
865 2089 1090 2162 genitos
1133 2106 1263 2146 esse
1291 2095 1348 2146 et
1394 2091 1720 2166 exaltatos),
1756 2110 1945 2166 neque
1975 2112 2008 2150 u

2176 2109 2274 2143 ἀτε
2317 2088 2450 2161 (92),
2485 2082 2606 2141 οὔτε
2663 2088 2737 2150 ὡς
2777 2089 2941 2164 πατρῖ
2999 2087 3217 2151 ἑαυτοὺς
3275 2089 3616 2161 ὡμοιώσατε’
3652 2088 3798 2145 ἀλλὰ

384 2179 643 2235 Creatori
681 2194 850 2252 egere
869 2179 1111 2250 gratias,
1146 2195 1336 2250 neque
1366 2183 1432 2234 ut
1461 2180 1610 2251 patri
1653 2181 1880 2238 similes
1909 2199 2002 2238 ses

2172 2176 2242 2231 ἱιὰ
2297 2183 2397 2245 τῆς
2453 2176 2587 2250 πρὸς
2644 2177 2704 2230 τὸ
2761 2181 2947 2252 χεῖρον
2983 2183 3193 2251 τροπῆς
3225 2178 3494 2248 ἠθέτησαν
3555 2178 3647 2251 μὶν
3705 2180 3794 2234 τὸν

383 2268 754 2326 exhibuere:
826 2267 925 2322 sed
988 2267 1046 2321 in
1107 2266 1312 2322 vitium
1373 2269 1633 2325 conversi
1693 2287 2005 2342 spreverun

2175 2265 2301 2334 )εὸν,
2335 2264 2539 2339 πατέρα
2595 2261 2653 2318 δὲ
2708 2265 2908 2319 ἑαυτῶν
2967 2264 3226 2336 ἐποίησαν
3260 2268 3374 2339 (93)
3403 2267 3494 2321 τὸν
3538 2261 3797 2322 διάϐολον

384 2357 610 2414 Deum:
667 2355 968 2411 diabolum
1018 2371 1152 2411 vero
1212 2360 1433 2427 patrem
1477 2373 1651 2413 suum
1700 2358 2006 2415 effecerunt

2177 2357 2260 2416 ίᾶς
2319 2353 2417 2429 γὰρ
2473 2354 2501 2408 6
2559 2357 2733 2408 ποιῶν
2791 2355 2889 2423 τήν
2948 2353 3237 2430 ἁμαρτίαν,
3278 2354 3338 2409 ἐκ
3390 2359 3487 2410 τοῦ
3537 2351 3799 2412 διαϐόλου

388 2447 588 2503 Omnis
615 2446 764 2500 enim
796 2445 893 2517 qui
935 2446 1071 2516 facit
1121 2453 1430 2516 peccatum,
1468 2463 1539 2501 ea.
1568 2447 1790 2503 diabolo
1819 2451 2007 2520 genitu

2175 2441 2478 2517 ἐγέννηται’
2510 2441 2600 2496 καὶ
2629 2443 2654 2497 6
2688 2442 2883 2518 Κύριος
2931 2440 2989 2497 δὲ
3023 2448 3139 2505 τοῖς
3186 2444 3647 2516 πονηρευομένοις
3692 2466 3797 2522 φη-

386 2540 468 2591 est
519 2535 584 2589 ⁸⁸.
637 2535 824 2605 Atque
879 2533 1165 2588 Dominus
1221 2533 1347 2604 ipse
1400 2533 1620 2606 iniquis
1653 2536 1768 2592 ait:
1831 2539 1923 2594 Vos
1969 2555 2008 2594 ε.

2172 2553 2229 2586 τιν
2275 2550 2286 2564 ⁸
2344 2536 2522 2604 Ὑμεῖς
2597 2530 2656 2585 ἐκ
2727 2536 2825 2586 τοῦ
2897 2532 3102 2609 πατρὸς
3172 2532 3322 2605 ὑμῶν
3377 2536 3472 2587 τοῦ
3531 2527 3794 2588 διαϐόλου

381 2632 541 2696 patre
567 2628 739 2680 vestro
788 2623 1004 2678 diabolo
1032 2623 1160 2678 estis
1189 2623 1252 2677 ⁸⁸.
1288 2622 1439 2678 Sane
1481 2625 1700 2696 grande
1730 2626 1948 2682 crimen
1983 2645 2003 2682 ε

2176 2620 2280 2678 στέ.
2316 2619 2542 2695 Μεγάλη
2580 2620 2676 2692 μὲν
2708 2618 2797 2674 οῦν
2844 2621 3170 2696 κατηγορία,
3200 2621 3287 2676 καὶ
3344 2622 3435 2676 τὸν
3499 2621 3613 2676 υίὸν
3668 2621 3794 2677 εντα

385 2711 773 2779 insimulatio,
806 2729 938 2767 eum
989 2711 1088 2783 qui
1120 2711 1278 2766 filius
1310 2717 1420 2778 est,
1448 2719 1504 2768 et
1556 2714 1912 2786 corporalem
1949 2733 2007 2772 or

2168 2710 2234 2766 ιαὶ
2285 2717 2385 2779 τῆς
2443 2715 2759 2782 σωματικῆς
2809 2709 3070 2785 γενέσεως
3107 2709 3471 2786 τετυχηκότα,
3502 2709 3790 2784 ἀγνώμονα

384 2806 511 2856 tum
542 2805 892 2856 consecutus
933 2802 1041 2866 est,
1072 2799 1367 2870 ingratum
1411 2816 1538 2856 esse
1568 2817 1704 2874 erga
1737 2819 1911 2859 suum
1933 2821 2006 2877 ge

2165 2799 2277 2852 Livet
2341 2798 2465 2872 περὶ
2528 2799 2620 2852 τὸν
2691 2801 3056 2872 γεννήσαντα’
3117 2797 3396 2875 ἀφορήτου
3469 2794 3527 2853 δὲ
3596 2800 3787 2872 μίσους

385 2890 653 2945 nitorem.
686 2890 971 2945 Caeterum
996 2888 1128 2944 odio
1159 2887 1513 2945 intolerabili
1543 2895 1632 2946 est
1663 2891 1898 2964 dignus,
1932 2910 2007 2965 qu

2161 2887 2291 2957 ἱξιος
2323 2886 2351 2940 6
2380 2887 2470 2941 καὶ
2517 2885 2748 2959 ὑψωθεὶς
2793 2891 2872 2958 τῷ
2915 2888 3029 2960 (94)
3057 2885 3295 2963 γενέσθαι
3343 2891 3448 2942 τῶν
3521 2887 3783 2962 οὐρανίων

383 2995 572 3051 usque
601 2978 745 3034 adeo
777 2976 1088 3045 exaltatus,
1122 2982 1185 3033 ut
1212 2994 1454 3034 consors
1483 2979 1810 3036 caelestium
1845 2982 2005 3038 fieret

2163 2975 2404 3050 ιέτοχος,
2435 2974 2525 3030 καὶ
2573 2973 2713 3048 μηδὲ
2742 2975 2912 3038 οὕτως
2943 2975 3215 3050 ἐπιμένων
3259 2979 3326 3050 τῇ
3371 2976 3507 3052 πρὸς
3555 2977 3645 3031 τὸν
3693 2975 3785 3031 εὖ·

382 3085 488 3125 nec
519 3067 604 3123 sic
634 3071 826 3122 tamen
861 3071 1192 3138 perseverat
1225 3066 1284 3122 in
1331 3066 1614 3124 cbaritate
1643 3085 1782 3140 erga
1815 3071 2004 3127 beneﬁ

968 3071 1192 3123 severat
1225 3066 1284 3122 in
1331 3066 1614 3124 cbaritate
1643 3085 1782 3140 erga
1815 3071 2033 3127 beneﬁ-
2143 3063 2362 3141 εργέτην
2390 3063 2590 3140 ἀγάπῃ·

383 3157 457 3214 cii
490 3157 666 3228 hujus
691 3159 1010 3211 auctorem.

454 3246 540 3300 14.
568 3224 746 3299 Vens.
797 3244 850 3298 3.
899 3243 1166 3315 Cognovit
1215 3245 1305 3299 bos
1340 3260 1705 3313 possessorem
1750 3263 1934 3317 suum,
1980 3227 2076 3305 etl

2214 3244 2300 3298 14.
2347 3242 2519 3316 Ἔγνω
2579 3240 2708 3317 βοῦς
2764 3242 2852 3296 τὸν
2913 3240 3292 3316 κτησάμενον,
3350 3239 3441 3296 καὶ
3508 3237 3631 3308 ὄνος
3683 3245 3784 3312 τὴν

382 3334 575 3390 asinus
619 3346 862 3404 praesepe
907 3330 1123 3386 domini
1162 3333 1288 3387 sui:
1338 3334 1511 3388 Israel
1559 3343 1741 3391 autem
1789 3353 1875 3392 me
1921 3353 2004 3393 nm

2171 3331 2343 3401 ιάτνην
2420 3335 2516 3385 τοῦ
2589 3329 2780 3406 κυρίου
2856 3329 3066 3386 αὐτοῦ·
3126 3329 3346 3407 Ἰσραὴλ
3423 3329 3480 3386 δέ
3557 3352 3620 3405 με
3689 3332 3793 3387 οὐκ

386 3422 656 3492 cognovit,
687 3429 739 3476 et
756 3419 988 3493 populus
1019 3436 1111 3474 me
1135 3435 1245 3476 non
1275 3421 1574 3477 intellexit.
1610 3423 1746 3478 Bovi
1776 3428 1828 3479 et
1863 3425 2008 3480 asini

2171 3423 2255 3488 95)
2289 3414 2447 3497 ἔγνω,
2486 3418 2574 3474 καὶ
2626 3421 2653 3473 6
2700 3417 2833 3481 λαός
2891 3439 2957 3492 με
3014 3418 3075 3474 οὐ
3134 3426 3352 3490 συνῆκε.
3389 3421 3483 3478 Boi
3534 3419 3624 3474 καὶ
3681 3417 3793 3492 ὄνῳ

389 3511 686 3568 confertur
716 3507 814 3563 Dei
865 3512 1248 3578 contemptor.
1285 3509 1771 3582 Quandoquidem
1804 3514 1943 3569 Dum
1973 3517 2011 3570 iv

2172 3507 2479 3584 ·υγκρίνεται
2541 3509 2568 3562 ὁ
2619 3507 2881 3578 ἀθετήσας
2928 3507 3080 3563 Θεόν.
3111 3505 3333 3577 Ἐπειδή
3381 3507 3482 3586 γὰρ
3515 3509 3602 3565 Ἐν
3653 3508 3794 3582 τιμῇ

391 3601 592 3657 honore
618 3601 772 3667 esset,
795 3613 906 3652 non
952 3597 1256 3668 intellexit,
1288 3608 1640 3672 comparatus
1671 3605 1746 3656 est
1767 3603 2013 3673 jumenti

2173 3606 2239 3668 ὃν,
2303 3599 2362 3654 οὐ
2421 3605 2634 3668 συνῆκε,
2694 3592 3153 3672 παρασυνεϐλήθη
3211 3604 3326 3661 τοῖς
3386 3601 3603 3670 κτήνεσι
3673 3604 3795 3662 τοῖς

390 3687 798 3762 insipientibus,
837 3691 908 3757 et,
940 3687 1146 3742 similis
1175 3689 1355 3756 factus
1383 3697 1464 3744 est
1493 3689 1606 3745 illis
1636 3690 1700 3745 ⁸⁷.
1733 3690 1899 3748 Tales
1930 3709 2012 3748 aut

2172 3691 2412 3760 ;νοήτοις,
2471 3689 2557 3743 καὶ
2634 3688 2901 3761 ὡμοιώθη
2987 3685 3190 3752 αὐτοῖς.
3248 3692 3499 3743 Τοιοῦτοι
3730 3686 3794 3742 δέ

387 3785 506 3836 tem
539 3780 677 3835 sunt
699 3776 799 3848 qui
832 3791 944 3831 non
972 3775 1216 3844 ratione,
1246 3777 1348 3832 sed
1379 3775 1620 3833 libidine
1651 3779 1828 3834 vitam
1861 3780 2001 3837 insti

2171 3778 2275 3833 ἰσιν
2308 3779 2359 3832 οἱ
2396 3779 2471 3852 μὴ
2504 3776 2640 3832 κατά
2669 3775 2858 3852 λόγον,
2891 3774 3036 3831 ἀλλά
3078 3777 3215 3831 κατὰ
3257 3777 3426 3841 πάθος
3477 3782 3694 3847 ζῶντες,
3728 3775 3793 3832 ἐκ

385 3871 582 3937 tuunt,
608 3883 722 3938 prae
761 3864 1102 3937 insipientia
1133 3865 1203 3918 ad
1235 3863 1554 3921 belluinam
1571 3867 1752 3923 vitam
1786 3869 2006 3942 abrepti

2164 3874 2238 3938 γῆς
2287 3867 2511 3942 ἀλογίας
2566 3866 2700 3941 πρὸς
2742 3865 2833 3920 τὸν
2886 3862 3138 3936 κτηνώδη
3203 3866 3322 3942 βίον
3363 3866 3786 3944 ὑποφερόμενοι.

384 3959 516 4016 Jam
548 3973 680 4013 vero
711 3955 770 4010 in
797 3953 1177 4026 exprimenda
1210 3953 1622 4022 similitudine,
1656 3974 1724 4012 ea
1755 3959 2006 4014 animalia

2168 3959 2220 4015 Τὰ
2271 3957 2544 4034 σύντροφα
2593 3952 2650 4009 δὲ
2695 3960 2811 4016 τοῖς
2846 3953 3153 4030 ἀνθρώποις
3206 3954 3293 4010 καὶ
3351 3954 3605 4031 γνώριμα
3647 3956 3790 4029 πρὸς

384 4065 512 4120 quae
543 4063 662 4103 una
682 4061 816 4100 cum
848 4043 1191 4100 hominibus
1218 4045 1584 4113 nutriuntur,
1617 4062 1863 4119 quaeque
1895 4052 2006 4103 not:

2165 4047 2235 4116 ἠν
2270 4045 2451 4100 εἲκόνα
2497 4038 2826 4119 παρέλαϐεν,
2852 4040 2944 4096 ⁹ίνα
2990 4042 3399 4118 αἰσχυνώμεθα,
3429 4043 3518 4098 καὶ
3574 4043 3787 4099 τούτων

383 4141 525 4194 sunt
562 4133 906 4205 assumpsit,
941 4137 1003 4187 ut
1034 4133 1256 4204 pudore
1298 4133 1649 4204 afﬁciamur,
1682 4136 1899 4208 quippe
1929 4152 2005 4208 qu

2163 4132 2288 4199 ἷντες
2330 4134 2739 4208 ἀσυνετώτεροι,
2781 4131 2871 4186 καὶ
2918 4128 3059 4204 μηδὲ
3106 4135 3173 4201 ἧς
3221 4133 3367 4208 παρά
3409 4137 3515 4187 τῶν
3567 4133 3785 4209 ἀλόγων

383 4223 734 4296 simusipsis
760 4226 816 4277 et
845 4221 1308 4291 insipientiores,
1331 4226 1388 4277 et
1419 4238 1545 4277 eam
1569 4238 1744 4292 quam
1777 4241 1810 4277 a
1839 4224 2005 4280 bruti:

2167 4224 2343 4285 ὐνοίας
2398 4221 2758 4298 τυγχάνομεν,
2786 4220 2990 4291 ταύτης
3039 4220 3191 4276 αὐτοὶ
3248 4225 3327 4276 τῶ
3359 4223 3600 4277 κτίσαντι
3631 4224 3787 4296 ἡμᾶς

381 4311 781 4368 animantibus
828 4309 1154 4380 accipimus
1199 4309 1681 4380 benevolentiam,
1733 4313 2003 4369 Conditor

2167 4310 2536 4374 ιεταδιδόντες.
2586 4313 2724 4372 Βοῦς
2787 4309 2880 4382 μὲν
2936 4309 3060 4385 γὰρ,
3112 4311 3139 4364 6
3202 4311 3453 4386 συνεργὸς
3510 4313 3644 4382 ἡμῖν
3706 4311 3789 4373 είς

379 4407 580 4459 nostro
615 4401 729 4473 ipsi
762 4399 1008 4454 minime
1039 4399 1454 4469 rependamus.
1488 4401 1600 4455 Bos
1631 4401 1807 4470 enim,
1842 4404 1941 4475 qui
1967 4406 2001 4459 i1

2163 4402 2406 4479 ἐωργίαν
2466 4396 2834 4475 παραδοθεὶς,
2888 4399 2977 4452 καὶ
3049 4405 3234 4477 φωνῆς
3318 4403 3414 4454 τοῦ
3488 4399 3785 4477 τρέφοντος

379 4491 536 4566 agris
585 4488 843 4546 colendis
893 4487 1065 4543 nobis
1116 4488 1350 4558 adjutor
1382 4489 1635 4546 traditus
1685 4496 1794 4560 est,
1829 4509 2001 4549 vocen

2167 4489 2504 4545 παισθάνεται
2535 4533 2547 4556 ,
2596 4485 2684 4541 καί
2759 4487 2849 4541 τὸν
2912 4489 3156 4557 συνήθως
3208 4487 3351 4558 αὐτῷ
3407 4487 3789 4563 προσφέροντα

377 4580 682 4640 nutritoris
731 4577 824 4633 sui
866 4576 1046 4648 novit,
1096 4592 1351 4648 eumque
1410 4578 1509 4650 qui
1559 4578 1668 4634 sibi
1737 4581 1999 4653 pabulun

2164 4581 2228 4649 ἠν
2259 4580 2465 4654 τροφὴν
2499 4575 2862 4654 ἐπιγινώσκεν
2899 4571 3022 4640 ὄνος
3052 4572 3109 4630 δὶ
3140 4575 3458 4649 αὐτομάτως
3505 4575 3591 4630 ἐπὶ
3649 4576 3782 4639 τοὺς

375 4671 580 4728 afferre
608 4667 774 4737 solet,
802 4667 1085 4738 agnoscit.
1110 4666 1323 4722 Asinus
1347 4672 1542 4723 autem
1565 4675 1771 4740 sponte
1802 4676 1997 4729 natura

2160 4672 2229 4738 ’ῆς
2253 4666 2599 4724 καταλύσεως
2631 4666 2878 4736 συνήθεις
2923 4664 3128 4726 τόπσυς
3185 4665 3347 4740 ὁρμᾷ.
3382 4664 3442 4720 Ei
3511 4664 3600 4719 οῦν
3660 4670 3782 4729 τοῖς

373 4761 446 4818 ad
477 4761 762 4815 consueta
782 4755 998 4812 stabuli
1023 4755 1114 4811 sui
1138 4754 1265 4811 loca
1281 4755 1540 4813 festinat.
1565 4757 1726 4822 Quod
1759 4759 1809 4815 si
1831 4759 1987 4816 bruti

2157 4759 2359 4834 [Λόγοις
2407 4755 2640 4825 τοσαύτη
2701 4755 2837 4831 πρὸς
2899 4753 2989 4808 τὸν
3069 4751 3504 4826 ἐπιμελούμενον
3556 4755 3591 4822 ἡ
3651 4774 3779 4808 συν-

371 4846 732 4907 animalibus
751 4847 910 4902 tanta
934 4845 1087 4900 inest
1105 4843 1386 4899 habitudo
1415 4861 1546 4901 cum
1575 4863 1682 4902 suo
1703 4849 1993 4919 provisore

2159 4851 2308 4921 ίθιια,
2343 4845 2506 4901 πόσον
2539 4846 2573 4914 ἡ
2607 4842 2804 4919 λογικὴ
2839 4842 2993 4920 φύσις
3021 4849 3124 4912 τῆς
3155 4842 3288 4918 πρὸν
3319 4843 3410 4897 τὸν
3462 4843 3590 4898 Θεὸν
3634 4843 3781 4917 ἀγά-

440 5019 485 5056 ”
512 5019 697 5076 Galat.
731 5034 807 5088 iv,
840 5017 926 5072 19.
1031 5016 1076 5051 ⁸⁴
1104 5015 1248 5073 Gen.
1281 5032 1336 5084 ν,
1369 5017 1396 5072 1
1433 5034 1446 5087 ;
1482 5034 1543 5085 n,
1577 5020 1630 5074 4.
1706 5021 1751 5055 ⁸³
1779 5025 1805 5076 Ι
1833 5021 2062 5091 Joan,n

1833 5021 2112 5095 Joan,m,
2144 5024 2198 5079 8.
2277 5022 2321 5058 ⁸⁸
2349 5025 2518 5077 Joan.
2546 5035 2672 5085 VIII,
2695 5019 2784 5073 44.
2859 5017 2903 5053 ⁸⁷
2934 5016 3084 5073 Psal.
3119 5033 3311 5088 vam,
3343 5016 3427 5072 13.

439 5189 550 5262 (90)
579 5188 671 5262 Sic
714 5203 857 5243 mss.
885 5189 1155 5262 quatuor.
1202 5189 1371 5262 peest
1416 5192 1514 5255 τῆς
1547 5187 1833 5262 ineditis.
1880 5190 2012 5248 Mox

2156 5208 2220 5248 ur
2265 5191 2461 5259 verba,
2513 5189 2853 5258 ἠθέτησαν...
2902 5184 3184 5262 ἰποίη-σαν.
3231 5186 3348 5242 Ηοο
3380 5185 3508 5260 ipso
3555 5184 3778 5243 inloco

365 5256 512 5319 mss.
533 5256 676 5337 "duo
706 5274 854 5337 cum
893 5256 1158 5337 Eusebio,
1191 5256 1471 5337 ἀμφότερα
1502 5257 1852 5337 αύτὼνηΑίίὶ
1893 5264 1987 5318 du<

1735 5261 1852 5337 Alii
1893 5264 2008 5319 duo
2123 5265 2386 5337 quinque
2424 5256 2594 5328 mea,
2625 5256 2885 5333 στροφῆς.
2919 5259 3095 5337 Εᾴξίῇ,
3127 5264 3357 5337 τροπῇς.

363 5351 515 5409 mss.
531 5331 784 5409 perinde
805 5333 980 5409 atque
1010 5329 1186 5409 editi,
1205 5328 1371 5409 αύτῷ.
1398 5328 1550 5409 Lege
1577 5334 2006 5409 Praeiationem.
2137 5328 2158 5337 ’
2193 5328 2306 5409 (93)
2327 5335 2420 5409 Sic_
2462 5351 2606 5389 mss.
2641 5328 2876 5405 quator.
2917 5328 3093 5402 Editi,
3123 5328 3468 5401 ἐποιήσαντο.
3493 5331 3624 5389 Mox
3649 5329 3772 5387 duo

435 5400 563 5484 (91)?
580 5409 718 5484 Reg.
753 5403 982 5484 primu's
1015 5408 1070 5456 et
1091 5400 1189 5456 alii
1237 5401 1352 5457 duo
1382 5400 1662 5480 προ-φέρει.
1697 5405 1848 5461 Edili
1871 5422 2004 5463 cum

1015 5408 1070 5456 et
1091 5400 1189 5456 alii
1237 5401 1352 5457 duo
1382 5400 1662 5480 προ-φέρει.
1697 5405 1848 5461 Edili
1871 5422 2004 5463 cum
2118 5400 2609 5484 ms§._,:yaytvnrai.

362 5468 1072 5549 Ηόεξιθνίῶξπροσφέρει.
1392 5468 1436 5549 _'
1506 5468 1516 5480 ’
1562 5468 1571 5476 ’

1566 5468 1571 5476 ’
2189 5468 2302 5549 (94)
2322 5468 2412 5533 Ϊιὶι
2440 5468 2582 5533 mss.
2603 5478 2833 5549 quater.
2870 5474 3047 5549 Editi,
3069 5477 3188 5549 τοῦ.

431 5541 542 5638 (92)
583 5541 814 5638 Editinet
860 5541 1126 5638 quatuor;
1145 5541 1816 5638 ω88.,ἠύχριριστησατε‹.
1868 5589 1879 5601 .
1912 5587 1942 5638 1.
1986 5590 2000 5604 .

2185 5541 2509 5638 (οτηβάίιί,
2574 5541 2793 5619 Ἰσραὴλ
2849 5546 2924 5618 μὴ
2986 5541 3042 5599 δὲ
3100 5543 3257 5622 ἔγνω.
3297 5546 3369 5602 At
3417 5561 3562 5603 mss.
3595 5549 3662 5602 ut
3700 5546 3763 5602 in

361 5615 857 5700 ήμοιώσατεκῐῖθε.
884 5615 1224 5700 secundus,
1258 5615 1739 5700 ηὐχαρίστησαν...
1773 5617 1983 5690 ὡμοίωη

781 5634 857 5690 3g.
884 5615 1224 5700 secundus,
1258 5615 1739 5700 ηὐχαρίστησαν...
1773 5617 2000 5690 ὡμοίω-
2110 5615 2403 5700 contentu.

346 5687 475 5748 σαν.
513 5695 579 5746 Et
610 5687 860 5747 fortasse
888 5692 1124 5760 praestat
1153 5687 1238 5744 ita
1257 5687 1377 5760 legi
1398 5687 1470 5745 ob
1493 5705 1561 5746 ea
1581 5706 1709 5762 qua
1739 5687 1968 5763 sequun

1793 5687 1998 5763 :quun-
2181 5695 2294 5766 (96)
2326 5694 2417 5750 Sic
2448 5691 2674 5763 aliquot
2701 5707 2846 5747 mss.
2897 5691 2969 5746 At
3013 5689 3415 5746 ϐάὶῐίτοιοῦτο.
