4108 6214
285 391 392 448 ιιι

1142 382 1555 446 COMMENT.
1592 383 1674 443 IN
1717 379 1993 442 lSAIAM
2035 379 2543 441 PROPHETAM.
2589 378 2762 440 CAP.
2809 379 2862 440 Ι.

3592 383 3711 445 142

280 539 390 588 πης
434 517 500 573 τὸ
555 517 756 590 μέτρον
806 516 1282 585 ἁπαιτηθήσεταις
1343 514 1651 588 Παρατήρει
1705 508 1798 579 δὲ,
1856 508 1937 564 ὅτι

2056 514 2276 582 quanta
2303 510 2633 565 dilectionis
2670 511 2729 564 in
2779 511 2965 566 Deum
3007 527 3284 566 mensura
3345 515 3706 583 reposceuda

285 609 311 662 6
361 609 493 684 βοῦς
521 604 756 661 πλείονα
797 604 898 672 τὴν
948 603 1151 658 σῦνεσιν
1186 598 1334 678 ἔχειν
1383 602 1531 676 παρά
1567 601 1660 655 τὸν
1692 597 1815 653 ὅσον
1854 618 1942 671 με-

2049 604 2200 655 esta
2257 599 2527 654 rationali
2587 599 2848 654 natura?
2905 599 3164 654 Observa
3218 605 3438 666 autem,
3494 602 3699 658 bovem

290 695 655 771 μαρτῦρηται.
705 695 767 751 Ὁ
801 694 896 765 μὲν
945 692 1046 768 γὰρ
1090 691 1251 745 αὐτὸν
1292 686 1429 766 ἔγνω
1459 690 1551 744 τὸν
1600 688 1937 759 κτησάμενον

2056 689 2206 758 iuxta
2223 688 2622 744 testimonium
2641 689 2782 743 illud
2810 690 3088 758 majorem
3107 706 3220 760 prae
3252 691 3416 745 asino
3438 691 3701 748 obtinere

286 788 417 858 (97),
470 785 498 838 6
553 782 611 838 δὲ
655 783 753 851 τὴν
787 782 991 860 φάτνην
1047 781 1232 853 μόνον.
1267 776 1574 841 δεικνύντος
1617 781 1715 832 τοῦ
1746 775 1936 852 λόγου,

284 873 366 928 ὅτι
425 874 487 926 τὸ
559 870 961 947 γαστρίμαργον
1023 872 1160 937 ζῶον
1217 868 1308 922 τὸν
1367 873 1467 936 τῆς
1516 863 1720 935 ἡδονῆς
1772 861 1936 936 μόνον

278 959 534 1038 γνωρίζει
586 959 776 1029 τόπον,
825 959 853 1012 6
899 955 957 1012 δὲ
1003 952 1118 1032 ἔχει
1148 956 1264 1012 τινὰ
1293 956 1383 1010 καὶ
1432 954 1596 1008 αὐτοῦ
1641 957 1737 1008 τοῦ
1765 951 1938 1006 καλοῦ

279 1051 365 1105 καὶ
401 1048 694 1126 ὠφελίμου
747 1047 980 1104 σύνεσιν.
1014 1045 1210 1119 Διόπερ
1251 1045 1327 1107 ὡς
1375 1043 1651 1104 ἀνοικεῖως
1699 1040 1934 1115 ἐχόντων

277 1144 383 1194 τῶν
421 1139 581 1206 ζώων
629 1137 765 1206 πρὸς
797 1132 1042 1204 ἄλληλα,
1092 1133 1144 1188 ἰν
1178 1131 1586 1208 Δευτερονομίῳ
1636 1128 1938 1204 ἀπηγόρευ-

277 1249 361 1281 ται
394 1229 512 1299 (98)
557 1225 837 1302 ἀροτριᾷν.
873 1225 960 1279 Ἐν
1021 1223 1216 1297 μόσχῳ
1271 1220 1360 1275 καὶ
1419 1216 1528 1292 ὄνῳ
1561 1218 1648 1274 ἐπὶ
1692 1219 1753 1272 τὸ
1782 1215 1931 1272 αὐτό*

273 1317 545 1382 τουτέστι,
605 1314 668 1368 τὸ
723 1317 922 1388 γαῦρον
976 1313 1085 1385 (99)
1132 1318 1230 1381 τῆς
1277 1313 1461 1385 ψυχῆς
1489 1309 1578 1363 καὶ
1610 1306 1932 1384 φιλόπονον,

271 1410 348 1477 τῷ
407 1401 702 1482 φιληδὸνῳ
745 1400 835 1456 καί
884 1405 1173 1471 παθητικῷ
1234 1401 1310 1472 μή
1358 1396 1632 1469 συζεύξῃς.
1706 1395 1778 1449 Οὐ
1834 1395 1933 1468 γὰρ

271 1499 380 1549 τῶν
454 1494 602 1567 βοῶν
662 1489 815 1563 μέλει
862 1494 941 1560 τῷ
996 1493 1110 1560 Θεῷ
1160 1487 1306 1544 ἀλλὰ
1379 1484 1448 1541 δι’
1505 1489 1654 1558 ἡμᾶς
1718 1486 1934 1545 πάντως

272 1582 516 1658 ἐγράφη,
575 1578 870 1654 Ἀλλαχοῦ
929 1575 988 1632 δὲ
1045 1577 1211 1633 πάλιν
1258 1575 1934 1648 συνέζευκται.Μακάριος

270 1673 371 1745 γὰρ
437 1671 468 1724 6
528 1668 764 1741 σπείρων
820 1666 908 1720 ἐπὶ
959 1670 1062 1719 πᾶν
1122 1662 1294 1740 ὕδωρ,
1355 1663 1416 1718 οὗ
1479 1665 1608 1739 βοῦς
1662 1662 1751 1717 καὶ
1809 1661 1932 1722 ὄνος

269 1764 453 1815 πατεῖο
515 1755 762 1812 τουτέστι
821 1757 848 1809 6
878 1758 957 1826 τῷ
1006 1751 1300 1826 διδακτικῷ
1358 1752 1511 1828 λόγῳ
1560 1751 1622 1806 τό
1671 1772 1729 1805 τι
1781 1750 1935 1812 φιλό-

267 1869 438 1903 πονον
489 1849 593 1915 τῆς
641 1846 824 1921 ψυχῆς
857 1842 1168 1919 ἐπεγείρων,
1221 1841 1311 1896 καὶ
1341 1842 1403 1896 τὸ
1435 1838 1732 1920 φιλήδονον
1759 1840 1932 1908 αὐτῆς

268 1934 612 2011 θεραπεύων.
644 1936 847 2008 Ὥσπερ
902 1932 1003 2007 γὰρ
1032 1931 1096 1986 τὸ
1147 1935 1283 2000 ζῶον
1334 1930 1730 2006 ἀχθοφορικὸν,
1791 1927 1932 1983 οὕτω

263 2028 356 2080 καὶ
386 2025 457 2079 τὸ
487 2023 884 2095 ἐπιθυμητικὸν
915 2023 1014 2085 τῆς
1044 2023 1228 2095 ψυχῆς
1259 2023 1338 2092 τῷ
1364 2020 1513 2095 βάρει
1537 2024 1636 2088 τῆς
1664 2016 1928 2093 ἁμαρτίας

264 2112 768 2189 καταπεφόρτισται
780 2152 793 2165 .

2047 777 2518 848 intelligentiam.
2554 777 2655 832 Ille
2682 794 2937 848 namque
2975 779 3168 850 ipsum
3203 779 3363 834 novit
3394 795 3698 850 possesso-

2048 883 2170 922 rem
2198 884 2210 920 :
2246 866 2337 920 hic
2369 883 2502 922 vero
2533 883 2791 938 prmsepe
2815 865 3305 922 solum.Ostendit
3327 871 3522 923 autem
3545 867 3695 922 Scri-

2048 961 2220 1028 ptura
2260 955 2476 1010 animal
2510 957 2694 1010 ventri
2740 954 3076 1027 indulgens,
3139 955 3330 1011 solum
3383 972 3698 1028 agnoscere

2047 1043 2364 1114 voluptatis
2387 1043 2722 1099 locum.Bos
2746 1060 2877 1098 vero
2901 1045 3220 1114 quamdam
3251 1046 3442 1116 ipsius
3467 1046 3697 1101 honesti

2046 1138 2220 1204 atque
2251 1132 2410 1187 utilis
2467 1132 2642 1187 habet
2696 1133 3108 1203 cognitionem.
3147 1134 3348 1205 Itaque
3415 1139 3694 1206 tanquam

2047 1221 2194 1276 nihil
2225 1221 2379 1276 inter
2407 1237 2466 1275 se
2488 1221 2789 1276 affinitatis
2821 1221 3076 1276 habeant
3097 1221 3221 1276 hznc
3244 1221 3690 1292 animalia,veti-

2045 1317 2172 1365 tum
2196 1314 2286 1364 est
2307 1311 2364 1363 in
2387 1309 2835 1364 Denteronomio
2858 1327 3021 1365 arare
3045 1312 3103 1366 In
3121 1312 3249 1365 bove
3273 1319 3326 1366 et
3347 1313 3505 1366 asino
3527 1313 3585 1367 in
3609 1313 3694 1368 id-

2045 1401 2222 1470 ipsum
2254 1399 2298 1433 ⁸⁸
2325 1424 2338 1467 ;
2371 1399 2427 1453 id
2463 1403 2704 1465 cst,eam
2737 1398 2916 1453 animi
2940 1403 3182 1469 partem,
3222 1400 3314 1453 cui
3346 1399 3502 1455 inest
3530 1401 3697 1473 vigor

2046 1487 2503 1560 strenuitasque,
2537 1505 2672 1542 cum
2718 1504 2804 1556 ea,
2868 1505 2993 1557 qua:
3035 1487 3441 1559 voluptatibus
3499 1493 3556 1544 et
3614 1490 3695 1544 af-

2045 1577 2297 1632 fectibus
2325 1578 2564 1648 gaudet,
2601 1593 2670 1630 ne
2702 1575 3085 1646 copulaveris.
3123 1575 3248 1630 Non
3278 1575 3434 1631 enim
3468 1579 3539 1631 de
3594 1576 3693 1632 bo-

2044 1665 2155 1720 bus
2189 1681 2331 1719 cura
2361 1670 2450 1719 est
2486 1666 2593 1719 Deo
2626 1665 2706 1720 3°:
2743 1665 2841 1720 sed
2879 1664 3136 1735 profecto
3169 1669 3369 1719 nostra
3401 1681 3579 1720 causa
3633 1663 3692 1719 id

2043 1754 2327 1824 scriptum
2362 1760 2468 1807 est.
2503 1753 2718 1808 Contra
2750 1758 2968 1819 tamen,
3018 1752 3130 1807 alio
3159 1752 3285 1808 loco
3319 1751 3692 1825 copulantur.

2042 1842 2194 1896 388
2219 1845 2413 1896 Beatus
2425 1842 2579 1896 enim
2597 1843 2942 1913 quiseminat
2959 1857 3346 1913 superomnem
3359 1842 3694 1913 aquam,ubi

2045 1934 2134 1987 bos
2154 1935 2208 1986 et
2228 1933 2419 1986 asinus
2448 1932 2621 1987 calcat
2641 1932 2705 1987 θος
2739 1931 2847 1986 hoc
2877 1935 2985 2000 est,
3020 1931 3118 2002 qui
3151 1947 3422 1987 sermone
3452 1931 3523 1986 ad
3586 1932 3688 1986 do-

2040 2019 2288 2074 cendum
2321 2020 2587 2091 apposito
2618 2018 2733 2074 vim
2767 2019 2979 2076 animae
3009 2024 3310 2075 strenuam
3335 2037 3400 2074 ac
3421 2018 3687 2075 laborum

2042 2109 2360 2180 patientem
2393 2107 2732 2178 exsuscitat,
2757 2102 2932 2179 atque
2954 2124 3082 2163 eam
3109 2109 3298 2180 ipsius
3317 2112 3536 2180 partem
3563 2124 3687 2179 quas

267 2203 687 2276 voluptatibus
718 2200 1061 2268 delectatur,
1083 2199 1359 2254 emendat
1389 2214 1454 2254 ac
1485 2196 1736 2253 cohibet.
1770 2196 2273 2260 Quemadmodum
2306 2197 2462 2252 enim
2497 2198 2700 2253 asinus
2733 2196 2951 2252 animal
2977 2201 3066 2252 est
3085 2197 3388 2270 gestandis
3413 2197 3687 2253 oneribus

268 2299 505 2358 natum,
543 2290 630 2347 sic
656 2295 713 2345 et
740 2290 826 2344 vis
856 2290 1070 2344 animae
1101 2290 1524 2358 concupiscens
1546 2285 1767 2358 peccati
1799 2286 2055 2357 pondere
2085 2286 2454 2357 deprimitur.

338 2384 429 2437 15.
487 2380 587 2432 Καὶ
642 2379 773 2452 βοῦς
831 2376 924 2449 μὲν
973 2375 1065 2429 τὸν
1113 2375 1452 2447 κτησάμενον
1497 2371 1656 2449 ἔγνω,
1716 2370 1935 2448 Ἰσραὴλ

270 2468 326 2525 δὲ
379 2489 453 2541 με
511 2467 588 2540 (1)
661 2464 762 2519 οὐκ
815 2459 951 2540 ἔγνω
998 2464 1090 2518 τὸν
1147 2463 1438 2518 κτίσαντα’
1500 2463 1588 2516 καὶ
1661 2457 1786 2523 ὄνος
1834 2461 1932 2529 τὴν

273 2558 483 2634 φάτνην
537 2559 638 2609 τοῦ
680 2553 870 2628 κυρίου
899 2552 1063 2607 αἱ,τοῦ
1093 2551 1316 2626 ἐπέγνω,
1376 2549 1598 2626 Ἰσραὴλ
1657 2547 1714 2604 δέ
1765 2570 1835 2634 με,
1870 2549 1934 2602 οὐ

275 2633 500 2714 συνῆκε.
564 2643 665 2698 Καὶ
725 2642 911 2719 φάτναι
965 2642 1058 2714 μὲν
1115 2639 1348 2710 πολλαὶ,
1399 2639 1524 2695 ἀλλ’
1565 2639 1719 2711 ὅμως
1749 2639 1776 2692 6
1809 2633 1934 2700 ὄνος

273 2742 371 2803 τῆς
413 2737 516 2787 τοῦ
562 2731 902 2803 κεκτημένου
950 2729 1107 2784 αὐτὸν
1138 2731 1341 2806 φάτνης
1374 2728 1472 2783 οὐκ
1501 2725 1930 2804 ἀποσφάλλεται.

273 2822 361 2877 e‘
465 2818 512 2874 δε
605 2822 658 2856 ν»
811 2817 1052 2872 ‘6”
1222 2814 1316 2870 i‘
1398 2815 1593 2871 γε

311 2841 405 2884 εος
500 2837 524 2874 ε
579 2840 681 2889 εις,
736 2839 828 2872 και
917 2839 1187 2890 αγνωμων
1262 2838 1356 2878 αος
1426 2838 1484 2871 πι
1513 2837 1641 2879 τους
1779 2836 1934 2879 οντας

272 2909 431 2974 Θεοῦς
458 2906 872 2965 ἆποπλανὶται.
933 2906 1068 2978 Ἑμέ
1115 2905 1176 2959 οὐ
1233 2912 1448 2974 συνῆκε,
1483 2926 1573 2959 τον
1600 2902 1668 2958 δι’
1700 2903 1931 2978 οὖροινοῦ

268 2997 702 3074 γνωριζόμενον,
768 2994 860 3050 τὸν
932 2991 1020 3048 διὰ
1087 3001 1192 3069 γῆς
1248 2993 1337 3048 καὶ
1392 2992 1668 3062 θαλάσσης
1728 2990 1932 3046 δεικνύ-

273 3107 434 3159 μενον
463 3091 568 3156 (2)·
626 3085 718 3139 τὸν
770 3082 859 3138 διὰ
901 3082 1087 3152 ἡλίου,
1137 3083 1226 3137 καὶ
1282 3079 1540 3152 σελήνης,
1578 3081 1666 3136 τὸν
1703 3079 1792 3135 διὰ
1818 3085 1926 3134 τῶν

270 3176 539 3250 ἆστέρων,
592 3173 681 3227 τὸν
734 3170 824 3227 διὰ
869 3171 1048 3242 πάσης
1102 3177 1202 3240 τῆς
1256 3169 1482 3233 κτίσεως
1508 3170 1927 3242 καταμηνυόμεο

271 3285 390 3322 νον,
433 3262 673 3325 Οῗκιίως
723 3258 780 3315 δὲ
830 3262 900 3333 τῇ
955 3260 1048 3333 μὶν
1105 3263 1202 3315 τοῦ
1263 3260 1391 3335 βοὸς
1446 3258 1610 3314 εἰκόνι
1643 3259 1670 3312 6
1713 3259 1931 3334 Ἰσραὴλ

269 3349 633 3419 ἀποδέδοται,
666 3353 734 3424 τῇ
777 3346 834 3404 δὲ
877 3353 975 3404 τοῦ
1005 3344 1130 3404 ὄνου
1161 3349 1189 3402 6
1221 3346 1410 3409 ἁπλῶς
1443 3346 1597 3409 λαός.
1641 3349 1773 3416 Ὃση
1828 3347 1932 3422 γάρ

273 3441 365 3515 βοὶ
395 3441 540 3514 πρὸς
579 3434 700 3492 ὄνον
729 3440 766 3507 ἡ
801 3434 1057 3514 διαφορά,
1113 3441 1368 3491 τοσοῦτον
1426 3440 1526 3489 τοῦ
1580 3434 1824 3511 Ἰσραὴλ,
1877 3434 1935 3496 ὅς

267 3528 638 3606 ἑρμηνεύεται
673 3527 702 3581 6
732 3527 873 3602 ὁρῶν
907 3525 1054 3598 Θεὸν,
1085 3525 1221 3600 πρὸς
1249 3525 1340 3580 τὸν
1384 3523 1572 3586 ἁπλῶς
1621 3522 1750 3578 λαὸν
1785 3543 1932 3600 χρη-

271 3617 586 3690 ματίζοντα
611 3616 676 3670 τὸ
708 3612 984 3690 διάφορον.

342 3797 439 3851 16.
487 3791 626 3846 Οὐαὶ
681 3787 834 3855 ἔθνος
886 3787 1239 3865 ἁμαρτωλὸν,
1299 3789 1432 3854 λαὸς
1486 3789 1707 3867 πλήρης
1762 3791 1938 3865 ἀμαρ-

269 3888 436 3951 nan,
509 3880 728 3955 σπὲρμα
793 3881 1056 3953 πονηρὸν,
1128 3880 1237 3934 υἱοὶ
1315 3880 1550 3953 ἄνομοιὲ
1610 3882 1801 3942 Ἓθνος
1849 3880 1937 3934 καὶ

274 3971 413 4034 λαὸς
477 3967 780 4044 πολλαχοῦ
839 3965 1276 4042 συνεζευγμένως
1336 3966 1570 4042 λέγεται⁶
1622 3970 1696 4032 ὡς
1746 3970 1806 4023 τὸ
1843 3972 1938 4042 (3).

271 4061 361 4117 Ἐν
430 4057 637 4130 πολλῷ
696 4056 856 4129 ἔθνει,
915 4054 1041 4127 δόξα
1110 4056 1413 4133 βασιλέως
1476 4055 1527 4111 ἐν
1589 4055 1645 4111 δὲ
1703 4056 1941 4132 ἐκλείψει

277 4147 448 4216 λαοῦ,
511 4141 774 4222 συντριὸἠ
835 4143 1112 4200 δυνάστου·
1172 4145 1262 4199 καὶ
1317 4146 1410 4216 τὸ,
1469 4147 1584 4200 Ἵνα
1635 4145 1687 4199 τί
1745 4145 1942 4221 ἐφρύα-

278 4238 368 4307 ξαν
453 4231 611 4305 ἔθνη,
687 4235 776 4288 καὶ
847 4231 974 4288 λαοὶ
1033 4232 1364 4306 ἐμελέτησαν
1442 4232 1604 4304 xcvi;
1681 4234 1818 4289 Νυνὶ
1888 4233 1944 4289 δὶ

280 4327 390 4380 ἀπὸ
446 4329 549 4378 τοῦ
611 4317 760 4386 ἔθνος
821 4324 954 4377 εἶναι
1006 4322 1331 4398 ἁμαρτωλὸν
1360 4321 1671 4398 ἀρξάμενοι,
1703 4325 1837 4378 κατά
1869 4327 1942 4398 (4)

2119 2375 2205 2430 15.
2239 2376 2565 2446 thuidem
2597 2376 2703 2430 bos
2735 2392 2909 2431 suum
2949 2392 3345 2447 possessorem
3384 2375 3688 2447 cognovit;

2046 2463 2223 2518 Israel
2257 2471 2450 2519 autem
2483 2480 2596 2519 non
2630 2465 2901 2535 cognovit
2932 2481 3045 2534 me,
3091 2465 3191 2536 qui
3241 2465 3371 2536 ejus
3427 2463 3693 2520 conditor
3797 2523 3799 2530 η

2044 2561 2279 2620 sum;et
2310 2553 2511 2607 asinus
2545 2569 2801 2624 prasepe
2833 2553 3088 2624 agnovit,
3124 2553 3215 2608 sui
3237 2551 3690 2620 domini;lsrael

2043 2645 2237 2697 autem
2273 2657 2364 2696 me
2395 2657 2509 2696 non
2543 2641 2845 2696 intellexit.
2865 2644 3052 2714 Atque
3076 2642 3262 2698 multa
3287 2642 3522 2714 quidem
3550 2657 3692 2714 prea-

2045 2730 2208 2801 sepia
2239 2734 2396 2800 sunt,
2432 2747 2536 2784 nec
2559 2737 2754 2784 tamen
2815 2731 3016 2786 asinus
3073 2748 3107 2785 a
3167 2731 3258 2786 sui
3328 2729 3688 2802 possessoris

2044 2820 2287 2890 preesepi
2321 2819 2570 2872 aberrat.
2606 2818 2716 2872 Sed
2750 2818 2886 2873 licet
2909 2835 3062 2873 unus
3122 2820 3198 2873 sit
3260 2820 3429 2886 Deus,
3490 2826 3683 2873 tamen

2042 2906 2296 2978 populus
2324 2906 2743 2961 beneﬁciorum
2778 2907 3091 2961 immemor
3123 2915 3251 2978 post
3281 2921 3402 2974 eos,
3433 2906 3532 2978 qui
3566 2922 3683 2961 non

2041 3001 2179 3051 sunt
2210 2996 2312 3063 dii,
2338 2996 2586 3050 deerrat.
2621 2996 2702 3050 Me
2731 3011 2840 3050 non
2871 2996 3174 3066 intellexit,
3235 3012 3410 3068 quem
3469 2994 3681 3050 coelum

2041 3088 2479 3152 commonstrat,
2513 3101 2686 3156 quem
2721 3089 2874 3140 terra
2904 3089 2961 3140 et
2993 3101 3151 3140 mare
3182 3084 3684 3156 declarant,quem

2043 3173 2213 3230 solet
2241 3173 2400 3240 luna,
2430 3173 2611 3228 stellae
2634 3178 2689 3228 et
2738 3190 2942 3229 omnes
3000 3189 3093 3228 res
3137 3178 3343 3230 creatas
3400 3174 3686 3228 indicant.

2043 3267 2219 3318 Porro
2251 3262 2424 3318 Israel
2462 3266 2526 3316 ut
2554 3263 2968 3317 convenienter
3000 3279 3100 3334 per
3157 3263 3320 3319 bovis
3354 3260 3695 3317 similitudi-

2043 3369 2177 3406 nem
2199 3351 2562 3422 exprimitur,
2590 3351 2668 3406 ita
2687 3367 2788 3422 per
2807 3351 2957 3406 asini
2987 3350 3484 3424 comparationem
3547 3350 3690 3407 sim-

2047 3441 2176 3512 plex
2207 3442 2483 3513 pupulas.
2518 3442 2746 3504 Quanta
2779 3456 2914 3510 ergo
2949 3439 3100 3494 inter
3128 3441 3363 3496 asinum
3395 3445 3452 3495 et
3483 3440 3692 3495 bovem

2048 3530 2380 3585 differentia
2400 3534 2511 3596 est,
2535 3533 2698 3584 tanta
2732 3528 3038 3584 intercedit
3067 3528 3493 3585 dissimilitudo
3545 3527 3702 3584 inter

2047 3617 2345 3685 Israelem,
2381 3618 2479 3689 qui
2521 3619 2695 3672 Deum
2730 3618 2923 3673 videns
2951 3617 3389 3690 interpretatur,
3417 3623 3474 3674 et
3519 3633 3700 3690 popu-

2051 3707 2171 3762 lum
2206 3705 2555 3778 simpliciter
2586 3709 3018 3776 nuncupatum.

2121 3797 2206 3849 16.
2239 3794 2417 3848 Vsas.
2453 3795 2504 3848 4.
2543 3799 2646 3851 Va:
2697 3797 2851 3865 genti
2902 3796 3226 3866 peccatrz'ei,
3281 3795 3482 3866 papula
3534 3796 3698 3867 pleno

2047 3885 2303 3954 peccatis,
2336 3884 2556 3948 semini,
2590 3899 2827 3954 nequam
2856 3884 2994 3952 ﬁliis
3037 3885 3323 3938 sceleratis
3359 3883 3370 3937 ι
3431 3883 3584 3939 Gens
3643 3888 3701 3938 et

2053 3970 2304 4044 populus
2336 3971 2679 4042 plerumque
2709 3972 3070 4042 conjunctim
3109 3973 3406 4040 dicuntur,
3440 3977 3580 4043 puta
3614 3974 3696 4027 ειη

2049 4065 2210 4131 gente
2237 4062 2413 4114 multa
2466 4063 2646 4129 gloria
2679 4062 2859 4124 regis:
2896 4063 2954 4114 in
2987 4061 3198 4131 defectu
3239 4071 3424 4115 autem
3481 4061 3696 4132 populi,

2051 4151 2308 4205 contritio
2338 4149 2610 4220 principis
2631 4151 2697 4203 91.
2733 4149 2877 4203 Item
2911 4147 3054 4204 illud
3091 4166 3102 4204 :
3139 4150 3319 4217 Quare
3355 4151 3702 4220 fremuerunt

2055 4242 2241 4307 gentes
2273 4241 2323 4292 et
2347 4238 2542 4309 papulz
2574 4236 2825 4292 meditati
2851 4241 2979 4291 sunt
3001 4238 3203 4293 inania
3223 4239 3301 4292 92‘?
3322 4237 3487 4296 Nunc
3505 4242 3702 4293 autem

2059 4345 2191 4383 cum
2227 4326 2624 4398 cmperitgens
2649 4342 2778 4381 esse
2808 4326 3120 4397 peccatrix,
3174 4331 3413 4398 propter
3471 4325 3706 4382 sceleris

279 4416 384 4481 τὴν
443 4412 496 4467 ἐν
559 4411 803 4484 πονηρίᾳ
854 4407 1079 4482 αὔξησιν
1133 4411 1370 4488 γίνονται
1413 4409 1545 4474 λαὸς
1575 4411 1798 4489 πλήρης
1830 4415 1937 4468 ἀνο-

2057 4432 2432 4489 progressum
2465 4413 2720 4487 populus
2742 4414 3122 4486 iniquitatum
3144 4415 3354 4488 plenus
3373 4419 3706 4484 evaserunt;

287 4507 457 4575 μιῶν,
517 4501 610 4556 καὶ
671 4501 777 4555 ἀπὸ
827 4505 924 4554 τοῦ
976 4500 1191 4575 σπέρμα
1249 4501 1490 4576 πονηρὸν
1542 4501 1697 4572 εἶναι,
1741 4501 1828 4557 ἐπὶ
1884 4504 1947 4558 τὸ

2056 4511 2112 4561 et
2142 4505 2240 4576 qui
2278 4510 2409 4559 ante
2442 4506 2672 4560 fuerant
2701 4520 2903 4560 semen
2931 4521 3208 4576 nequam,
3233 4504 3337 4560 ﬁlii
3368 4505 3555 4576 iniqui
3580 4506 3706 4576 jam

356 4675 404 4710 ⁸³
435 4673 612 4730 Deut.
646 4690 784 4737 xm,
819 4673 905 4728 10.
937 4673 982 4708 ⁸9
1014 4674 1036 4729 Ι
1064 4673 1192 4729 Cor.
1226 4690 1302 4742 Ix,
1334 4673 1388 4728 9.
1421 4675 1466 4710 9°
1495 4675 1606 4730 Isa.
1633 4693 1811 4742 χχχιι,
1842 4677 1930 4731 20.

2056 4677 2208 4731 Prov.
2243 4693 2355 4746 xxv,
2378 4677 2468 4731 28.
2501 4676 2547 4711 ⁹²
2582 4675 2732 4732 Psal.
2766 4692 2832 4741 ιι,
2861 4677 2912 4730 1.

356 4845 473 4916 (97)
504 4845 650 4916 Reg.
671 4843 989 4914 secundus,
1011 4843 1302 4916 κτήσαντει.

361 4914 778 4990 δίο-ωδε.
827 4917 903 4970 At
958 4914 1120 4981 editi,
1183 4914 1234 4967 ἐν
1291 4915 1673 4989 Διυτερονόμῳ
1732 4917 1949 4990 ἀπηγο-

291 4987 533 5060 piﬁcina,
569 4992 864 5060 corrupte.

361 5058 480 5128 (99)
515 5060 613 5112 Ait
640 5057 1082 5114 eruditissimus
1110 5057 1200 5110 vir
1230 5057 1474 5113 Ducazus
1506 5058 1720 5128 legisse
1781 5076 1842 5114 sc
1890 5057 1950 5113 in

284 5127 607 5202 aliquibus
636 5147 778 5186 mss.
810 5135 870 5184 et
907 5129 1062 5200 apud
1113 5128 1486 5202 Procopium,
1545 5127 1776 5202 ἐνεργόν.
1838 5131 1949 5185 Sed

283 5201 711 5270 Combeflsius,
745 5203 917 5256 homo
951 5216 1065 5254 non
1100 5201 1279 5270 plusj

329 5343 389 5398 όν
425 5350 602 5417 putat
629 5345 776 5402 Duc.
806 5359 870 5400 se
900 5343 1135 5416 legisse,
1188 5343 1315 5398 loco
1365 5347 1484 5414 τοῦ,

289 5364 418 5470 ἔξω
443 5422 614 5470 sunt.
647 5415 735 5470 illi
770 5415 881 5470 insi
915 5415 1142 5470 codices
1176 5415 1479 5470 lieaii.auo

297 5559 535 5616 Henrici
567 5577 748 5618 secun

311 5705 686 5780 Pchpium,
712 5721 847 5779 pag.
871 5703 963 5773 40,

1141 5201 1231 5255 lus
1256 5201 1419 5269 justo
1453 5201 1750 5269 credulus,
1783 5217 1851 5257 ea
1881 5203 1954 5258 de

286 5290 356 5347 re
381 5274 664 5347 dubitare
686 5272 1082 5347 videtur,dum
1109 5270 1217 5347 hoc
1242 5270 1366 5329 loco
1394 5273 1475 5328 ita
1503 5271 1953 5347 scripsitz’Eve‘o-

1534 5347 1734 5418 γαῦρον
1740 5387 1758 5418 ,Δ
1817 5345 1956 5401 Utut

333 5415 614 5483 adsunt,
647 5415 735 5472 illi
770 5415 881 5496 ipsi
915 5415 1514 5496 codices_liegii,quos
1544 5415 1792 5496 contulit
1839 5417 1952 5496 pu-

293 5504 743 5560 caeus,quorum
800 5487 1008 5542 rimus
1065 5487 1176 5541 fuit
1223 5487 1514 5544 Francisci
1555 5488 1751 5560 primi,
1809 5487 1956 5544 alter

297 5559 535 5615 Benrici
567 5505 835 5615 secuniii.
868 5561 1208 5615 constanter
1237 5575 1371 5614 cum
1403 5560 1534 5615 aliis
1565 5559 1759 5615 tribus
1809 5576 1952 5615 mss.

300 5565 535 5616 Henrici
567 5565 835 5626 secundi,
868 5565 1208 5615 constanter
1237 5575 1371 5614 cum
1403 5565 1534 5616 aliis
1565 5565 1759 5616 tribus
1809 5576 1952 5615 mss.

300 5636 356 5688 et
379 5648 516 5690 cum
534 5633 714 5719 editis
735 5632 983 5700 habent,
1003 5633 1220 5759 ιςιῦρον.
1248 5632 1386 5720 Scio~
1407 5632 1644 5722 quidem
1668 5631 1781 5705 legi
1800 5632 1955 5716 apud

311 5707 686 5759 Pmcomum.
713 5721 847 5759 nan.
871 5703 963 5759 10.
984 5721 1013 5758 τ
1076 5699 1290 5759 ἔνιογὸν
1320 5723 1421 5759 της
1451 5706 1658 5759 dom/nc.
1691 5719 1796 5759 nec
1843 5704 1955 5759 dif-

984 5699 1047 5759 τὸ
1076 5699 1290 5780 ἆνιργὸν
1320 5699 1658 5780 τῆξψυχῆς,
1691 5699 1796 5761 ιιέο
1835 5699 1955 5760 dif-

2056 4849 2222 4903 fiteor
2253 4864 2381 4902 eam
2412 4847 2723 4903 lectionem
2756 4846 2938 4920 altera
2962 4846 3104 4902 mihi
3138 4847 3318 4903 videri
3341 4851 3706 4920 praestantio-

2060 4935 2181 4974 rem
2220 4937 2232 4973 :
2266 4920 2365 4974 sed
2399 4925 2601 4974 contra
2633 4919 3035 4974 auctoritatem
3073 4919 3406 4976 nostrorum
3441 4938 3585 4977 mss.
3645 4927 3706 4977 et

2060 4993 2351 5046 editorum
2379 4991 2706 5062 quidquam
2731 4991 3046 5045 immutare
3077 5008 3257 5046 ausus
3287 5009 3403 5046 non
3436 5010 3591 5048 sum.

2135 5062 2208 5132 (1)
2243 5065 2326 5117 lta
2356 5079 2500 5117 mss.
2536 5062 2874 5133 nonpauci.
2904 5062 3181 5133 Deestgpe
3227 5063 3287 5117 in
3319 5065 3510 5121 editis.
3575 5065 3708 5120 Mox

2063 5129 2200 5203 Reg;
2234 5135 2555 5199 secundus,
2588 5129 2826 5207 ἐπέγνω,
2849 5130 3034 5207 ῥλλαὸς
3092 5129 3169 5188 δέ.
3224 5135 3492 5207 Subinde
3540 5136 3711 5207 quin-

2065 5221 2175 5276 que
2198 5221 2368 5270 mss.,
2399 5203 2754 5277 κεκτημένου.
2788 5205 2966 5271 Editi,
2993 5205 3358 5277 κτησαμένου.

2134 5277 2210 5347 (2)
2245 5277 2416 5341 Editi,
2451 5273 2846 5348 δεικνυόμενον.
2878 5279 3132 5350 At__mss.
3176 5273 3450 5350 quinque
3509 5273 3714 5331 δεικνύ-

2067 5345 2248 5416 μενον.
2286 5351 2418 5422 Mog
2445 5356 2564 5405 tres
2596 5345 2765 5416 mea,
2794 5351 2900 5401 τῶν
2959 5345 3224 5422 ἄστρων.-
3250 5345 3372 5405 Αιὶἷ
3412 5351 3528 5406 (1υο
3574 5365 3708 5406 eum

2065 5421 2257 5476 editis‘
2283 5417 2539 5493 ἀστέρων.

2135 5493 2213 5562 (3)
2241 5493 2336 5548 Sic
2368 5490 2508 5549 mss.
2545 5493 2820 5564 quinque.
2856 5491 3030 5558 Editi,
3064 5491 3139 5553 ὡς
3171 5490 3220 5544 ἐν
3252 5495 3356 5562 τῷ.

2137 5561 2212 5637 (li)
2246 5565 2383 5636 Reg.
2416 5561 2648 5654 te‘rt’ius,
2684 5562 2841 5654 μετάῖ
2899 5567 3020 5636 post
3049 5561 3468 5654 incretum-tum,
3492 5561 3701 5621 Statim

2064 5633 2386 5705 tres-mest,
2421 5635 2642 5711 πλήρης
2674 5633 2920 5709 ἀνομίας.
3315 5638 3332 5657 ⁸
