4108 6214
342 337 460 397 H3

1276 329 1676 390 APPENDIX
1721 324 2054 388 OPERUM
2097 327 2164 386 S.
2209 326 2492 388 BASILII
2535 327 2813 389 MAGNI.

3631 326 3750 385 144

335 467 472 524 facti
495 468 652 522 sunt.
688 463 759 521 Ut
788 463 947 520 enim
980 462 1080 534 qui
1109 460 1251 516 ﬁtin
1282 461 1497 516 virtute
1529 473 1902 532 progressus,
1953 473 1977 511 ε

2097 453 2340 531 γενέσθαι
2390 457 2498 511 υἱοὶ
2557 454 2770 530 ἄνομοι.
2824 458 2912 520 Ὠς
2963 455 3066 532 γὰρ
3094 458 3128 525 ἡ
3160 455 3279 510 κατ’
3309 454 3502 530 ἀρετὴν
3535 474 3744 528 προκο-

337 555 666 612 minoribus
697 554 768 607 ad
803 553 1030 623 majora
1058 551 1214 622 capit
1233 550 1660 604 incrementum
1681 564 1694 613 ;
1715 547 1792 601 ita
1818 544 1982 600 mali-

335 647 432 702 tias
461 643 692 708 effusio,
726 645 962 712 sumpto
996 657 1030 695 a
1060 639 1388 694 minoribus
1431 637 1620 705 initio,
1654 637 1724 691 ad
1759 635 1982 705 aliquid

334 730 768 790 immedicabile
790 728 1134 784 devolvitur.
1160 727 1336 781 Porro
1361 742 1560 781 semen
1580 725 1732 779 inter
1755 729 1811 778 et
1832 723 1983 779 filios

335 823 493 877 inest
521 821 696 876 etiam
730 817 1054 874 secundum
1086 815 1276 887 ipsam
1312 819 1582 869 naturam
1610 813 1877 884 cognatio
1897 813 1983 866 in-

341 927 484 984 gens
513 914 570 966 et
602 905 1024 964 convenientia.
1060 909 1103 957 Δ
1137 904 1356 958 semine
1376 903 1532 958 enim
1566 903 1636 956 ad
1698 903 1806 956 hoc
1851 917 1978 974 pro-

341 999 604 1070 greditur
627 1000 861 1061 natura,
891 999 957 1048 ut
987 995 1339 1063 generentur
1369 991 1492 1045 filii.
1543 991 1658 1045 Nec
1706 990 1765 1044 id
1812 991 1982 1045 modo

342 1088 668 1143 secundum
699 1082 1131 1156 'generationes
1181 1095 1533 1150 corporeae:
1584 1079 1684 1134 sed
1719 1083 1778 1133 et
1814 1079 1984 1148 juxta

341 1176 548 1232 anima:
578 1188 942 1245 processum,
974 1170 1075 1240 qui
1106 1185 1208 1240 per
1234 1168 1508 1223 doctrinae
1540 1168 1769 1222 semina
1797 1169 1982 1223 effici-

339 1268 437 1319 tur
468 1279 482 1330 ;
514 1259 992 1333 quandoquidem
1015 1258 1114 1330 qui
1147 1257 1473 1312 doctrinam
1501 1273 1868 1327 excepere,eo
1891 1275 1984 1312 us-

340 1369 454 1425 que
483 1350 819 1424 proﬁciunt,
853 1352 918 1403 ut
947 1347 1288 1403 doctoribus
1309 1346 1433 1400 suis
1457 1345 1600 1399 ﬁant
1621 1346 1980 1402 consimiles.

337 1440 638 1496 Etidcirco
671 1437 770 1491 filii
823 1435 1212 1508 appellantur,
1274 1435 1394 1488 sive
1454 1434 1558 1487 ﬁlii
1609 1437 1792 1506 regni,
1845 1451 1979 1489 cum

338 1527 598 1599 suscepti
645 1524 1004 1582 salutaribus
1054 1523 1404 1587 seminibus,
1435 1538 1538 1594 per
1565 1539 1632 1577 ea
1663 1524 1983 1594 perficiun-

336 1622 468 1685 tur;
503 1618 605 1670 aut
633 1613 911 1686 gehennae
942 1610 1068 1680 filii,
1103 1610 1152 1665 si
1186 1611 1258 1664 ob
1291 1626 1620 1681 perversam
1653 1616 1708 1666 et
1763 1611 1981 1682 impro-

339 1706 476 1760 bam
507 1702 833 1759 doctrinam
862 1698 1173 1772 perditioni
1204 1699 1590 1754 destinantur.
1640 1700 1846 1771 Magna
1878 1717 1982 1756 au-

2093 544 2170 612 πή
2222 545 2326 599 ἀπὸ
2371 550 2479 600 τῶν
2531 545 2832 600 ἐλαττόνων
2863 545 2952 599 ἐπὶ
2983 545 3052 600 τὰ
3085 543 3255 617 μείζω
3288 546 3364 617 (5)
3388 550 3488 611 τὴν
3519 539 3740 624 αἷξξησιν

2094 632 2231 707 ἔχει⁸
2266 632 2437 696 οὕτως
2467 636 2502 702 ἡ
2550 641 2650 703 τῆς
2681 635 2868 694 κακίας
2899 632 3056 708 χύσις
3110 632 3215 687 ἀπὸ
3266 637 3373 686 τῶν
3433 629 3746 687 ὑποδεεστέ-

2095 741 2202 795 ρων
2232 726 2340 777 τῶν
2373 722 2423 791 ἐξ
2455 722 2635 796 ἀρχῆς
2668 721 2755 776 ἐπὶ
2800 723 2862 776 τὸ
2893 722 3183 791 ἀνήκεστον
3232 722 3473 796 φέρεται.
3517 721 3742 795 Σπέρμα

2095 809 2152 864 δὲ
2182 812 2319 885 πρὸς
2362 810 2512 874 υἱοὺς
2560 809 2705 865 πολὺ
2753 810 2815 865 τὸ
2847 810 3146 865 ἀκόλουθον
3177 810 3267 864 καὶ
3297 811 3414 864 κατ’
3444 809 3610 878 αὐτὴν
3641 810 3740 878 τὴν

2094 898 2253 976 φύσιν
2300 898 2437 974 ἔχει.
2489 901 2627 954 Ἀπὸ
2674 899 2770 954 τοῦ
2802 898 3112 973 σπέρματος
3154 900 3254 974 γὰρ
3283 898 3359 960 είς
3391 899 3452 953 τὸ
3485 898 3634 962 υἱοὺς
3665 902 3741 972 (6)

2092 989 2334 1062 γενέσθαι
2379 989 2696 1060 προκόπτει,
2758 988 2819 1042 οὐ
2869 988 3029 1060 μόνον
3081 988 3213 1042 κατὰ
3266 987 3362 1049 τὰς
3423 989 3738 1059 σωματικὰς

2092 1078 2344 1151 γενέσεις,
2411 1073 2558 1130 ἀλλὰ
2612 1077 2700 1130 καὶ
2749 1078 2885 1131 κατὰ
2925 1077 3023 1145 τήν
3085 1075 3136 1130 ἐν
3179 1079 3332 1151 ψυχῇ
3388 1073 3628 1148 αὔξησιν,
3679 1075 3737 1130 ἐκ

2090 1170 2196 1219 τῶν
2245 1171 2345 1232 τῆς
2399 1161 2747 1226 διδασκαλίας
2803 1165 3124 1239 σπερμάτων
3176 1163 3252 1224 εἷς
3278 1165 3378 1232 τὴν
3432 1164 3564 1238 πρὸς
3611 1163 3738 1225 τοὺς

2093 1252 2407 1324 διδάξαντας
2447 1251 2766 1325 ὖξομοίωσιν
2820 1259 2948 1307 τῶν
2992 1251 3400 1326 ὑποδεξαμένων
3449 1253 3516 1308 τὰ
3563 1251 3740 1328 διδάγ-

2097 1364 2238 1414 ματα
2293 1341 2732 1418 προκοπτόντων,
2792 1342 2880 1396 καὶ
2936 1339 3024 1396 διὰ
3063 1347 3224 1396 τοῦτο
3255 1343 3384 1396 υἱῶν
3457 1361 3740 1418 χρηματι-

2094 1432 2314 1499 ζόντων,
2374 1429 2498 1499 ἤτοι
2557 1432 2688 1485 υἱῶν
2742 1437 2843 1500 τῆς
2914 1429 3214 1505 βασιλείας,
3248 1431 3372 1485 ὅταν
3401 1431 3467 1485 τὰ
3495 1433 3740 1507 σωτήρια

2092 1517 2368 1591 δεξάμενοι
2427 1521 2508 1593 (7)
2564 1515 2864 1592 σπέρματα,
2918 1521 3031 1574 κατ’
3093 1520 3231 1575 αὐτὰ
3285 1519 3640 1589 τελειοῦνται,
3699 1523 3736 1591 ἢ

2087 1616 2189 1678 τῆς
2217 1609 2436 1684 γεέννης
2488 1610 2643 1678 υἱῶν,
2728 1608 2815 1662 ἐὰν
2867 1607 2927 1662 ἐκ
2981 1613 3234 1682 πονηρῶν
3294 1606 3638 1685 διδαγμάτων
3667 1614 3736 1682 τῇ

2091 1695 2337 1768 ἀπωλείᾳ
2384 1701 2855 1773 προσοικειῶνται.
2889 1696 3114 1772 Μεγάλη
3145 1694 3202 1751 δὲ
3230 1697 3560 1774 κατηγορία,
3603 1696 3733 1752 ὅλον

223 1850 233 1860 ,
341 1798 461 1848 tem
487 1789 822 1862 objurgatio
854 1791 965 1855 est,
999 1791 1183 1843 totam
1210 1791 1442 1859 gentem
1473 1787 1667 1841 vocari
1701 1790 1977 1858 peccatri-

2091 1783 2239 1850 ἔθνος
2296 1786 2620 1862 ἁμαρτωλὸν
2673 1785 3060 1862 χρηματίζειν,
3123 1788 3196 1849 ὡς
3252 1784 3459 1860 μηδένα
3489 1787 3540 1842 ἓν
3590 1787 3737 1860 αὐτῷ

342 1897 492 1949 cem,
529 1896 595 1935 ac
625 1879 675 1934 si
698 1894 770 1934 ne
809 1893 964 1932 unus
990 1877 1228 1948 quidem
1261 1875 1318 1930 in
1350 1874 1480 1946 ipsa
1510 1875 1809 1948 quidpiam
1844 1878 1982 1933 recti

342 1969 534 2040 operis
553 1969 808 2040 patraret
831 1981 843 2020 :
870 1965 1034 2030 item,
1061 1980 1194 2018 cum
1214 1963 1469 2034 populus
1494 1965 1748 2034 peccatis
1776 1965 1984 2035 plenus

341 2057 577 2123 dicitur,
604 2054 775 2126 quasi
812 2052 1041 2108 nullum
1074 2069 1187 2106 non
1223 2068 1408 2123 genus
1437 2052 1771 2123 iniquitatis
1803 2057 1858 2107 et
1887 2055 1983 2108 ﬂa-

340 2145 466 2218 gitii
494 2145 564 2199 ab
596 2144 725 2215 ipso
758 2145 1113 2207 exerceatur,
1149 2141 1290 2195 adeo
1339 2145 1405 2194 ut
1456 2140 1630 2195 etiam
1678 2142 1808 2212 ipsa
1847 2143 1986 2198 vitia

338 2250 539 2290 secum
573 2231 896 2304 pugnantia
925 2234 983 2285 et
1013 2229 1720 2292 contrariainveniantur,
1756 2247 1858 2285 ceu
1893 2232 1982 2286 di-

340 2328 500 2378 ctum
525 2321 937 2391 estzﬂeplezos
995 2321 1150 2374 omni
1206 2318 1513 2390 iniquitate
1567 2318 1630 2373 οδ.
1673 2319 1741 2373 Et
1793 2318 1980 2375 illud:

335 2409 590 2467 Nondum
667 2410 815 2465 enim
861 2409 1126 2478 completa
1169 2413 1298 2461 sunt
1336 2410 1566 2476 peccata
1633 2407 1982 2463 Amorrhaeo-

339 2515 468 2556 rum
496 2500 562 2555 9‘.
588 2497 736 2565 Quin
770 2497 946 2553 etiam
979 2496 1050 2550 ab
1078 2497 1208 2567 ipso
1239 2494 1537 2551 Salvatore
1571 2495 1790 2550 dictum
1853 2502 1979 2552 est:

338 2589 402 2643 Et
430 2604 522 2644 vos
561 2587 780 2658 implete
807 2601 1125 2642 mensuram
1153 2592 1377 2655 patrum
1407 2587 1710 2639 vestrorum
1731 2586 1793 2640 9⁸.

409 2677 563 2732 889
597 2677 683 2730 17.
715 2675 929 2732 Semini
955 2690 1211 2745 nequam.
1243 2672 1563 2739 Zizanium,
1588 2675 1744 2744 quod
1775 2675 1848 2730 ab
1879 2676 1985 2730 ini-

338 2765 492 2820 mico
522 2765 761 2820 homine
792 2779 936 2834 puro
983 2763 1274 2818 frumento
1306 2761 1644 2833 inspersum
1701 2767 1810 2833 est,
1854 2765 1980 2836 jam

337 2854 607 2909 adultum
639 2851 797 2907 ﬁlius
831 2850 1073 2922 iniquus
1094 2849 1300 2916 evasit,
1332 2865 1468 2904 cum
1500 2849 1657 2905 ﬁlius
1680 2851 1757 2905 sit
1789 2854 1981 2924 perdi-

338 2943 538 3013 tionis,
567 2940 845 3012 ﬁliusque
874 2939 1169 3010 gehennae.
1196 2940 1559 3010 Quapropter
1587 2943 1643 2994 et
1673 2941 1983 2996 commise-

338 3030 565 3085 ratione
594 3027 757 3099 digni
790 3031 951 3095 sunt,
981 3025 1081 3097 qui
1111 3042 1245 3081 cum
1276 3031 1476 3081 essent
1513 3026 1619 3081 filii
1675 3028 1980 3099 Altissimi,

336 3117 474 3174 facti
507 3123 648 3172 sunt
678 3115 785 3169 ﬁlii
817 3114 1000 3184 iniqui
1034 3131 1048 3183 ;
1081 3114 1302 3185 quique
1333 3131 1464 3170 cum
1497 3115 1557 3170 in
1604 3119 1981 3187 generatione

335 3204 524 3277 magis
555 3203 751 3259 divina
782 3218 1018 3256 manere
1051 3203 1411 3270 debuissent,
1448 3203 1581 3258 facti
1614 3209 1750 3259 sunt
1780 3221 1976 3262 semen
2013 3183 2055 3251 (ἶ

333 3308 610 3365 nequam.
644 3291 928 3346 Ceterum
963 3291 1280 3344 inveterata
1311 3291 1535 3345 malitia
1580 3292 1653 3347 iis
1712 3294 1813 3364 qui
1869 3297 1984 3366 pri-

332 3397 498 3437 mum
530 3382 660 3452 ipsa
684 3377 883 3434 inferti
915 3383 1074 3445 sunt,
1116 3377 1420 3433 interitum
1480 3380 1653 3450 parit.
1714 3384 1985 3440 Extrema

335 3483 594 3539 namque
618 3464 846 3520 malitia
875 3481 1075 3520 secum
1119 3464 1248 3536 ipsa
1294 3471 1534 3536 pugnat.
1595 3468 1983 3540 Derelz’quistis

335 3558 636 3614 Dominum
691 3558 742 3608 et
797 3555 1063 3608 irritastis
1109 3563 1355 3608 sanctum
1411 3555 1607 3610 Israel.
1678 3558 1979 3621 Quodnam

335 3647 512 3700 datur
532 3645 726 3715 majus
757 3641 989 3696 malitiae
1011 3647 1633 3714 argumentum,quam
1665 3663 1699 3701 a
1721 3648 1869 3703 bono
1889 3650 1983 3704 de-

339 3717 512 3789 iicere
533 3733 560 3787 ?
589 3749 714 3804 quae
735 3731 937 3786 itidem
964 3730 1218 3802 pravitas
1249 3733 1438 3803 major
1465 3749 1641 3804 quam
1672 3735 1888 3792 bonum
1916 3755 1982 3794 ac

341 3823 543 3878 mitem
571 3835 916 3892 exasperare
943 3819 970 3874 ‘2
997 3819 1146 3882 Quin
1177 3825 1233 3874 et
1262 3820 1562 3877 deiisdem
1613 3826 1768 3894 apud
1826 3831 1981 3883 Jere-

330 3911 512 3967 miam
543 3914 961 3981 coarguuntur.
1000 3913 1083 3964 Me
1113 3909 1268 3963 enim
1309 3909 1719 3982 dereliquerunl
1771 3916 1977 3984 fontem

328 4014 492 4071 aqua:
518 4001 660 4055 viva
689 3999 754 4050 οδ.
785 3997 1000 4052 Verum
1035 4013 1135 4068 pro
1168 3997 1395 4052 ratione
1437 4004 1491 4053 et
1525 4002 1698 4055 modo
1729 4002 1977 4074 hujusce

328 4086 672 4144 defectionis
699 4085 1108 4156 unusquisque
1129 4085 1240 4140 sibi
1260 4086 1546 4157 ipse,oum
1579 4095 1973 4150 remuneratio

328 4177 452 4244 fiet,
480 4176 578 4231 iras
609 4188 948 4230 mensuram
982 4174 1265 4229 recondit.
1287 4175 1536 4231 Alienati
1571 4185 1704 4233 sunt
1767 4189 1969 4236 νθινυν-

322 4281 466 4320 sum.
499 4265 617 4319 Hoc
647 4279 715 4319 ex
749 4262 1004 4317 editione
1037 4261 1454 4319 Theodotionis
1487 4267 1823 4337 appositum
1863 4276 1968 4338 est,

325 4355 497 4426 quasi
527 4370 562 4409 a
590 4353 705 4408 Deo
736 4350 1060 4406 abalienari
1092 4353 1348 4420 quodam
1378 4352 1439 4407 in
1469 4354 1674 4409 vitium
1701 4355 1895 4429 lapsu,
1919 4360 1968 4414 si

321 4442 747 4514 interpreteris,
779 4439 932 4494 idem
991 4437 1067 4493 sit
1123 4444 1300 4510 atque
1356 4457 1488 4496 eum
1543 4444 1966 4516 derelinquere.

2089 1877 2406 1952 κατορθοῦν·
2452 1877 2539 1930 καὶ
2603 1873 2733 1930 λαὸν
2773 1874 2961 1950 πλήρη
2997 1877 3297 1948 ἁμαρτιῶν,
3343 1877 3420 1938 ὡς
3466 1880 3568 1930 πᾶν
3596 1873 3735 1937 εἶδος

2091 1965 2318 2038 ἀνομίας
2359 1967 2434 2038 (8)
2479 1961 2881 2034 ἐπιτηδεύεσθαι
2935 1965 3059 2040 παρ’
3110 1963 3308 2032 αὐτῶν,
3344 1962 3491 2019 ἀλλὰ
3534 1965 3623 2018 καὶ
3671 1966 3739 2018 τὰ

2089 2060 2188 2122 τῆς
2248 2053 2436 2115 κακίας
2510 2055 2643 2127 πρὸς
2702 2054 2893 2122 ἑαυτὴν
2951 2051 3324 2126 ἐναντιώματα
3380 2053 3734 2128 εὖρίσκέσθαι,

2090 2143 2266 2203 καθὼς
2346 2138 2584 2216 εἷίρηταιο
2679 2139 3151 2216 Πεπληρωμένους
3237 2141 3414 2211 πάσης
3501 2139 3732 2203 ἀδικίας·

2091 2230 2178 2284 καὶ
2233 2231 2316 2298 τὸ,
2380 2229 2547 2286 Οὔπω
2609 2229 2711 2305 γὰρ
2785 2228 3274 2302 ἀναπεπλήρωνται
3356 2231 3410 2282 αἱ
3477 2229 3736 2304 ἁμαρτίαι

2090 2324 2196 2374 τῶν
2285 2317 2660 2394 Ἀμορραίωνσ
2747 2317 2837 2371 καὶ
2917 2317 3061 2389 παρᾶ
3142 2315 3238 2372 τοῦ
3317 2325 3575 2393 Σωτῆρος
3657 2315 3733 2371 δέ·

2091 2405 2430 2482 Πληρώσατε
2505 2407 2595 2461 καὶ
2676 2406 2832 2479 ὑμεῖς
2906 2407 2969 2460 τὸ
3052 2406 3246 2480 μέτρον
3321 2410 3428 2460 τῶν
3487 2403 3732 2480 πατέρων

2093 2496 2267 2568 ὑμῶν.

2163 2676 2250 2730 17.
2311 2672 2538 2746 Σπέρμα
2583 2671 2843 2746 πονηρόν.
2903 2673 2973 2726 Τὸ
3037 2671 3183 2746 παρὰ
3239 2676 3337 2726 τοῦ
3395 2672 3592 2747 ἐχθροῦ
3647 2673 3737 2727 ἀνι

2093 2763 2314 2838 θρώπου
2368 2765 2448 2832 τῷ
2505 2761 2724 2836 καθαρῷ
2782 2759 2917 2833 σίτῳ
2947 2759 3238 2836 ἐπισπαρὶν
3302 2762 3562 2830 ζιζάνιον,
3595 2762 3624 2816 ὃ
3656 2761 3732 2824 εἷς

2088 2850 2371 2906 τελείωσιν
2417 2848 2570 2904 ἐλθὸν
2620 2849 2734 2910 υἱὸς
2791 2849 2994 2924 ἐγένετο
3045 2850 3271 2921 ἄνομος,
3330 2849 3445 2913 υἱὸς
3505 2849 3578 2904 ὣν
3638 2849 3736 2904 ἀπ-

2091 2938 2291 3001 ωλείας
2340 2938 2429 2993 καὶ
2480 2937 2594 2999 υίὸς
2647 2940 2720 3010 (9)
2771 2936 3010 3012 γεέννης.
3063 2938 3158 2991 Διὰ
3202 2941 3365 2992 τοῦτο
3413 2938 3502 2993 καὶ
3534 2940 3733 3013 θρήνου

2093 3030 2360 3100 ἀξιοῦνται
2418 3027 2493 3094 oi,
2541 3025 2658 3080 ἀντὶ
2689 3030 2784 3080 τοῦ
2815 3025 2922 3080 υἱοὶ
2953 3025 3202 3099 Ὑψίστου
3253 3027 3407 3098 εἶναι,
3439 3027 3549 3082 υἱοὶ
3580 3027 3734 3102 γενό-

2096 3135 2248 3188 μενοι
2278 3110 2495 3186 ἄνομοι,
2543 3113 2632 3167 καὶ
2665 3113 2778 3168 ἀντὶ
2830 3117 2926 3168 τοῦ
2963 3119 3141 3186 μεῖναι
3171 3113 3222 3168 ἐν
3255 3115 3367 3187 (10)
3397 3118 3464 3188 τῇ
3495 3115 3737 3191 θειοτέρα

2090 3206 2354 3281 γεννήσει,
2415 3201 2630 3274 σπέρμα
2673 3203 2955 3278 γενόμενοι
3003 3202 3260 3279 πονηρόν·
3333 3201 3479 3272 πλὴν
3558 3205 3639 3259 δτι
3699 3208 3733 3275 ἡ

2092 3292 2143 3348 ἐν
2205 3290 2310 3346 ἔθει
2377 3291 2615 3363 πονηρία
2673 3290 2844 3345 αὐτῶν
2898 3295 3113 3364 πρῶτον
3161 3295 3267 3345 τῶν
3325 3290 3563 3366 ἐχόντων
3625 3292 3734 3347 ἐστὶ

2093 3381 2387 3459 φθαρτική·
2458 3379 2519 3433 τὸ
2587 3379 2686 3454 γὰρ
2763 3377 2990 3454 ἔχαστον
3046 3377 3096 3433 ἐν
3155 3379 3389 3451 πονηρίᾳ
3454 3381 3544 3435 καὶ
3601 3383 3736 3457 πρὸς

2093 3470 2247 3524 ἑαυτό
2333 3469 2473 3522 ἔστιν
2548 3467 2895 3546 ἀσύμφωνον.
2973 3466 3387 3542 Ἐγκατελίπατε
3453 3472 3568 3544 (11)
3639 3471 3731 3524 τὸν

2091 3557 2309 3630 Κύριον,
2386 3554 2478 3611 καί
2549 3556 2895 3632 παρωξύνατε
2971 3556 3062 3610 τὸν
3122 3557 3270 3633 ἅγιον
3330 3561 3426 3611 τοῦ
3487 3556 3731 3631 Ἰσραήλ.

2090 3648 2179 3708 Τίς
2237 3645 2435 3719 μείζων
2463 3645 2650 3708 κακίας
2678 3641 2972 3717 ἀπόδειξις,
3005 3645 3040 3714 ἢ
3071 3647 3105 3714 ἡ
3139 3649 3234 3699 τοῦ
3275 3646 3478 3721 ἀγαθοῦ
3508 3645 3730 3720 ἐγκατά-

2089 3733 2309 3808 λειψις;
2366 3735 2452 3789 καὶ
2507 3733 2766 3805 πονηρίας
2828 3729 3130 3808 ὑπερϐολὴ,
3187 3734 3250 3788 τὸ
3307 3735 3597 3810 παροξῦναι
3640 3737 3732 3790 τὸν

2087 3825 2286 3899 ἀγαθὸν
2336 3823 2424 3877 καὶ
2477 3828 2648 3896 πρᾶον
2705 3824 2856 3895 (12);
2915 3823 2984 3875 Τὸ
3037 3821 3165 3877 αὐτὸ
3219 3820 3276 3877 δὲ
3331 3823 3595 3898 καὶπαρά
3650 3830 3730 3897 τῷ

2082 3912 2315 3988 Ἱερεμίᾳ
2387 3914 2856 3985 κατηγοροῦνται.
2954 3909 3088 3981 Ἐμὶ
3189 3911 3289 3986 γὰρ
3375 3910 3724 3986 ἐγκατέλιπον

2083 4002 2265 4078 πηγὴν
2325 3998 2517 4061 ὕδατος
2580 4004 2801 4067 ζῶντος.
2852 3999 2998 4053 Κατὰ
3043 3997 3099 4053 δὲ
3143 4000 3244 4068 τὴν
3295 4000 3571 4069 ποσότητα
3625 4008 3727 4070 τῆς

2084 4089 2534 4168 έγκαταλείψεως,
2587 4090 2649 4144 τὸ
2710 4089 2899 4163 μέτρον
2958 4088 3181 4151 ’ἕκαστος
3214 4089 3384 4162 ἑαυτῷ
3416 4093 3727 4167 θησυαρίζει

2081 4184 2178 4249 τῆς
2246 4179 2297 4234 ἐν
2360 4182 2427 4252 τῇ
2497 4174 2844 4232 ἀνταποδόσει
2926 4176 3115 4253 ὀργῆς.
3173 4175 3722 4253 Ἀπελλοτριώθησαν

2081 4269 2157 4332 εἷς
2211 4269 2277 4323 τὰ
2337 4267 2534 4323 ὀπίσω.
2566 4271 2734 4321 Τοῦτο
2768 4265 2872 4320 ἀπὸ
2900 4269 2997 4320 τοῦ
3029 4267 3140 4339 (13)
3173 4263 3535 4330 Θεοδοτίωνος
3565 4289 3731 4344 προσ-

2079 4358 2256 4429 ετέθη,
2308 4356 2474 4411 οἱονεὶ
2525 4355 2786 4430 ἑρμηνεία
2832 4358 2930 4408 τοῦ
2981 4352 3380 4428 ἐγκαταλιπεῖν,
3433 4357 3496 4411 τὸ
3552 4355 3724 4412 ἁπαλ-

2081 4445 2426 4520 λοτριοῦσθαι
2455 4448 2551 4498 τοῦ
2583 4448 2716 4498 Θεοῦ
2749 4440 2837 4496 διὰ
2859 4449 2959 4511 τῆς
2989 4442 3076 4496 ἐπὶ
3132 4442 3193 4496 τὸ
3243 4447 3432 4517 χεῖρον
3461 4445 3721 4500 ἀποπτῶ-

323 4531 829 4596 Quemadmodum
869 4527 1028 4582 enim
1060 4526 1111 4582 is
1142 4529 1239 4598 qui
1272 4531 1343 4584 ad
1379 4532 1791 4599 perfectionem
1833 4553 1969 4591 con-

2091 4555 2234 4595 ιεως.
2301 4535 2501 4607 ’Ὠσπερ
2561 4533 2662 4607 γὰρ
2724 4533 2750 4585 ὁ
2807 4529 3188 4602 τελειούμενος
3245 4536 3362 4592 τοῖς
3422 4530 3722 4605 ἔμπροσθεν

317 4620 527 4688 tendit,
559 4619 618 4674 in
650 4618 942 4674 anteriora
972 4617 1368 4687 progreditur,
1394 4618 1472 4674 ita
1495 4627 1765 4691 peccator
1811 4634 1962 4681 retro

2074 4621 2449 4691 ἐπεκτείνεται,
2527 4620 2698 4682 οὕτως
2775 4620 2802 4673 ὁ
2873 4619 3196 4692 ἁμαρτάνων
3247 4619 3324 4682 εἷς
3378 4621 3441 4674 τὸ
3495 4621 3724 4677 κατόπιν

391 4799 436 4838 σε
465 4803 628 4856 Rom.
660 4818 700 4870 ι,
721 4801 810 4856 25.
843 4803 889 4837 ⁹⁴
916 4802 1058 4857 Gen.
1090 4818 1185 4869 xv,
1219 4802 1305 4855 16.
1337 4801 1381 4836 9⁸
1412 4801 1619 4858 Matth.
1651 4821 1812 4872 χχιιι,
1845 4806 1933 4861 32.
1967 4806 1977 4840 ε

2091 4820 2253 4859 irem.
2284 4820 2348 4874 ιι,
2377 4805 2463 4859 13.

389 4977 461 5050 (5)
494 4979 649 5035 Editi
679 4983 736 5035 et
766 4981 880 5036 duo
903 4997 1071 5050 mss.,
1099 4980 1162 5033 τὸ
1199 4982 1404 5052 μεῖζον.
1440 4980 1548 5036 Alii
1584 4986 1723 5052 tres,
1755 4981 1820 5037 τὰ
1853 4982 1966 5056 μεί-

352 5068 396 5102 ω

321 5052 468 5194 ῗωάδ)
499 5119 819 5178 Colbertini
853 5123 1081 5194 primus
1113 5127 1170 5178 et
1197 5121 1428 5188 tertius,
1461 5122 1595 5186 υἱός.
1631 5126 1782 5180 Editi
1824 5143 1960 5181 cum

313 5191 450 5320 ng.
475 5197 752 5320 stecutndo,
784 5191 915 5255 τοῦς
949 5192 1122 5254 υἱούς.
1157 5194 1319 5265 Regii
1366 5195 1592 5265 primus
1640 5203 1696 5252 et
1755 5200 1961 5254 tertius

313 5281 350 5320 u
408 5281 466 5319 ιιι
526 5283 592 5320 ex
625 5283 681 5320 u.

313 5271 380 5320 ut
408 5271 466 5319 in
498 5271 681 5321 textu.

386 5338 463 5405 (7)
495 5336 634 5410 Reg.
663 5340 982 5410 secundus,
1021 5332 1344 5410 δεξαμένων.
1379 5336 1603 5392 Ibidem
1638 5339 1962 5410 mss.quin-

312 5423 452 5477 que,
482 5404 817 5464 τελειοῦντα.
853 5410 1027 5477 Editi,
1060 5404 1394 5461 τελέιῶνται.

383 5480 456 5550 (8)
479 5479 571 5553 §ic
595 5482 736 5536 editi
765 5499 896 5537 cum
930 5481 1180 5553 duobus
1222 5495 1389 5553 mss._
1412 5477 1514 5532 Alii
1539 5547 1547 5553 _
1577 5483 1716 5548 tres,
1785 5480 1962 5553 ἀμαρ-

308 5545 450 5609 τίαςξ
484 5551 616 5606 Mox
646 5569 790 5608 mss.
823 5555 939 5608 duo
971 5550 1342 5622 ἐναντιώματα
1370 5545 1788 5622 ἐνευρίσκεσθάι.

385 5622 459 5690 (9)
493 5622 578 5678 Ita
607 5624 748 5679 editi
773 5622 834 5680 'et
867 5641 1012 5680 mss.
1043 5621 1329 5678 nonnulli.
1369 5619 1502 5676 Vox'
1532 5621 1648 5683 υἱός
1697 5624 1754 5679 in
1805 5626 1960 5678 utro-

2078 4997 2193 5054 que
2218 4981 2474 5059 meybef.
2504 4982 2688 5037 deest.
2720 4981 2844 5037 Non
2876 4980 3048 5053 longe
3077 4981 3216 5036 hinc
3236 4983 3351 5038 duo
3385 5000 3554 5054 mss.,
3586 4986 3718 5059 θρή-

2070 5051 2193 5114 νους
2221 5051 2513 5121 ἀξιοῦνται.

2144 5120 2441 5195 (10)'Editi
2469 5141 2602 5179 cum
2637 5124 2868 5179 duobus
2894 5139 3065 5190 mss.,
3097 5120 3205 5177 ἐπί.
3267 5123 3380 5178 Alii
3437 5129 3580 5194 tres,
3639 5124 3713 5182 tv.

2072 5196 2187 5285 Nec
2217 5197 2301 5250 ita
2322 5195 2508 5251 multo
2540 5200 2672 5268 post
2703 5212 2848 5250 mss.
2900 5195 3181 5265 quinque,
3241 5200 3480 5269 πρῶτον.
3541 5198 3715 5269 Editi,

2070 5286 2322 5320 ποωτων.

2115 5286 2610 5412 ρῖίῖῖῖοςίὶυιγίι]
2639 5354 2782 5412 mss.
2818 5335 3139 5412 nonnullis,
3174 5334 3567 5412 vapttkinere.

2143 5406 2258 5484 (12)
2295 5406 2542 5484 lt‘a'editi
2574 5414 2630 5464 et
2650 5409 2764 5484 duo
2789 5425 2931 5484 mss.
2966 5407 3074 5484 Alii
3100 5406 3241 5477 tres,
3268 5406 3446 5484 ἅγιον.

2071 5482 2257 5606 D(13)
2289 5481 2383 5535 Sic
2445 5499 2587 5535 mss.
2636 5483 2707 5534 At
2762 5480 2902 5536 editi
2949 5481 3251 5547 omittunt,
3311 5480 3509 5537 Τοῦτο.
3573 5483 3720 5554 Lege

2123 5568 2214 5606 uc.

2123 5568 2214 5606 υο.
