4108 6214
363 404 490 463 145

354 529 680 602 ἀναποδίζει
735 536 875 606 (14),

356 619 455 676 διὰ
485 625 649 676 10610
700 619 1107 694 ἀπολλύμενος.
1145 619 1286 677 Ἰδοὺ
1335 623 1461 698 γὰρ,
1514 623 1673 698 φησὶ,
1707 623 1760 676 οἱ
1823 621 2027 698 μακρύ-

357 730 548 772 νοντες
609 709 836 772 ἑαυτοὺς
893 710 998 765 ἀπὸ
1059 715 1197 780 σοῦ,
1256 709 1637 767 ἀπολοῦνται.
1694 709 1876 772 Οὕτως
1932 707 2026 763 οὖν

366 799 706 873 βιώσωμεν,
769 800 845 860 ὡς
904 796 1179 871 μηδέποτε
1228 801 1299 854 τὰ
1350 797 1691 876 παρελθόντα
1746 800 2028 873 κρείττονα

358 888 504 942 εἶναι
534 893 646 943 τῶν
678 886 1000 961 μελλόντων
1030 887 1065 957 ἢ
1118 893 1227 943 τῶν
1284 887 1672 959 ἐνεστηκότων.
1706 890 1882 945 Τοῦτο
1924 888 2024 963 γὰρ

358 977 457 1031 καὶ
520 977 550 1030 ὁ
613 974 1053 1047 Ἐκκλησιαστήν
1127 977 1481 1054 ἀπαγορεύει·
1542 979 1634 1045 Μὴ
1706 975 1878 1051 tium,
1940 978 2023 1031 ὅτι

351 1063 566 1139 ἡμέραι
626 1064 681 1119 αἱ
738 1066 1000 1141 πρότεραι
1075 1066 1267 1142 ἀγαθαὶ
1340 1066 1479 1135 ἦσαν
1562 1066 1694 1141 ὑπὲρ
1773 1065 1971 1128 ταύτας
2006 1083 2019 1096 ·

353 1152 442 1208 ὅτι
503 1153 608 1209 οὐκ
663 1152 716 1208 ἕν
770 1154 935 1231 σοφίᾳ
1000 1155 1363 1229 ἒπηρώτησας
1419 1154 1543 1230 περὶ
1619 1153 1837 1211 τούτου.
1901 1153 2023 1211 Ἐὰν

347 1243 458 1317 γὰρ
516 1243 574 1296 αἱ
626 1240 968 1317 προάγουσαι
1024 1242 1229 1317 ἡμᾶραι
1277 1240 1527 1315 βελτίους
1560 1241 1662 1297 ὦσι
1721 1248 1829 1298 τῶν
1889 1242 2022 1316 μετὰ

351 1334 558 1399 ταῦτα,
592 1329 922 1406 λεχθήσεται
954 1333 1092 1404 ἡμῖν
1118 1334 1263 1404 (l5)'
1295 1333 1545 1388 Τοσαῦτα
1600 1330 1824 1396 ἐπάθετε
1874 1331 2016 1402 εἰκῆ.

352 1419 802 1494 ἀμαυρουμένων
853 1424 962 1474 τῶν
987 1419 1171 1475 καλῶν
1224 1420 1328 1475 ὑπὸ
1383 1427 1486 1490 τῆς
1515 1420 1566 1475 ἒν
1621 1418 1738 1483 τοῖς
1797 1421 2014 1495 ὕστερον

348 1506 646 1579 ἀμελείας.
700 1508 761 1565 ⁸0
812 1508 913 1584 γὰρ
970 1507 1235 1579 Ἰεζεκιήλ
1266 1530 1451 1586 φησιν.
1479 1510 1568 1566 Ἐν
1616 1514 1695 1582 τῷ
1752 1509 2014 1582 ἀποστρὲ-

343 1598 451 1668 ψαι
512 1592 723 1650 δίκαιον
785 1596 844 1651 ἐκ
898 1603 1001 1666 τῆς
1053 1593 1397 1668 δικαιοσύνης
1452 1597 1640 1667 αὐτοῦ,
1704 1597 1793 1653 καὶ
1851 1605 2016 1667 ποιῆ-

343 1705 438 1739 σαι
496 1681 714 1739 ἀδικίαν
771 1685 910 1740 κατὰ
964 1687 1140 1748 πάσας
1195 1687 1293 1749 τὰς
1352 1686 1584 1760 ἀνομίας
1643 1686 1705 1750 ἃς
1763 1686 2012 1757 ἐποίησεν

341 1772 372 1827 ὁ
432 1770 683 1846 ἄνομος
737 1779 904 1828 πᾶσαι
960 1774 1016 1828 αἱ
1073 1772 1403 1829 δικαιοσύναι
1470 1774 1531 1838 ἃς
1595 1775 1891 1845 ἐποίησεν,
1950 1774 2012 1831 ού

1245 402 1654 465 COMMENT.
1698 404 1776 462 ΙΝ
1822 401 2096 464 ISAIAM
2146 403 2651 466 PROPHETAM.
2699 404 2870 466 CAP.
2915 404 2966 465 Ι.

930 533 1212 609 μακρύνων
1268 533 1454 589 ἑαυτὸν
1508 537 1605 588 106
1668 534 1890 609 Κυρίου,
1938 554 2007 588 κα

2147 537 2351 608 pedem
2374 537 2570 606 refert,
2602 536 2961 593 submovens
2987 551 3115 592 sese
3146 551 3180 590 a
3200 533 3466 600 Domino,
3489 537 3546 590 et
3605 534 3678 591 ob
3726 535 3785 591 id

3671 368 3788 463 iis

2138 626 2405 697 disperit.
2438 628 2568 682 Ecce
2588 627 2768 694 enim,
2802 624 3011 696 inquit,
3044 626 3143 697 qui
3182 625 3445 694 etongant
3490 639 3548 679 se
3618 639 3654 679 a
3708 631 3784 695 te,

2132 714 2398 785 peribunt
2429 715 2491 769 ⁸⁷.
2524 716 2607 770 Ad
2643 716 2800 770 hunc
2824 715 3007 786 igitur
3038 714 3279 769 modum
3304 714 3485 768 vitam
3518 716 3782 768 nostram

2136 803 2546 869 instituamus,
2578 810 2784 873 atquae
2825 803 3254 873 praeterierunt,
3296 817 3601 874 nunquam
3661 816 3782 856 me-

2134 889 2282 946 liora
2311 893 2524 947 futuris
2557 893 2844 947 exsistant
2874 898 2975 946 aut
2995 890 3407 962 praesentibus.
3459 890 3523 944 Id
3583 888 3781 961 ipsum

2133 979 2290 1034 enim
2321 979 3051 1035 interdicitEcclesiastes:
3086 983 3171 1035 Ne
3200 979 3443 1049 dixeris,
3473 980 3616 1050 quia
3668 977 3783 1034 dies

2129 1069 2350 1137 priores
2377 1078 2537 1124 erant
2565 1070 2695 1124 boni
2721 1084 2886 1139 super
2907 1068 3005 1123 hos
3026 1086 3045 1122 :
3076 1069 3208 1139 quia
3234 1084 3353 1122 non
3382 1068 3448 1143 in
3503 1069 3783 1139 sapientia

2127 1155 2492 1228 interrogasti
2519 1157 2593 1212 de
2624 1155 2723 1212 hoc
2750 1156 2815 1210 ⁸⁸.
2848 1156 2907 1211 Si
2940 1156 3098 1211 enim
3131 1156 3255 1211 dies
3312 1154 3536 1226 priores
3585 1162 3782 1227 posts-

2126 1244 2379 1300 rioribus
2402 1250 2542 1301 sunt
2582 1244 2873 1312 meliores,
2898 1244 3127 1300 dicetur
3157 1243 3327 1300 nobis
3356 1259 3369 1297 :
3406 1244 3591 1300 Tanto
3614 1246 3780 1317 passi

2128 1332 2270 1388 estis
2301 1334 2541 1397 frustra,
2573 1333 2867 1404 siquidem
2890 1336 3084 1388 vestra
3104 1333 3261 1387 bona
3287 1348 3463 1403 opera
3481 1349 3595 1403 prie
3627 1334 3781 1390 sub-

2125 1427 2403 1493 sequente
2434 1421 2790 1493 negligentia
2818 1421 2890 1476 ad
2923 1420 3175 1476 nihilum
3207 1421 3440 1476 redacta
3461 1426 3621 1477 sunt.
3681 1423 3778 1478 Ait

2124 1510 2282 1565 enim
2314 1509 2609 1566 Ezechiel:
2641 1512 2828 1566 Justus
2856 1512 2904 1564 si
2923 1510 3188 1566 averterit
3215 1526 3271 1565 se
3299 1527 3332 1564 a
3371 1508 3595 1581 justitia
3651 1527 3773 1583 suo,

2123 1609 2175 1655 et
2201 1599 2398 1671 fecerit
2426 1601 2781 1672 iniquitatem
2809 1599 2971 1666 iuxta
3016 1614 3201 1655 omnes
3253 1599 3591 1669 iniquitates
3643 1616 3777 1670 quas

2121 1691 2251 1761 fecit
2265 1691 2489 1761 iniquus
2510 1709 2529 1744 :
2559 1706 2747 1745 omnes
2762 1689 3006 1761 justitiae
3035 1704 3177 1760 quas
3202 1689 3475 1758 fecit,non
3501 1703 3773 1745 memora-

2123 1779 2335 1833 buntur
2363 1780 2424 1833 in
2442 1778 2634 1834 delicto
2658 1793 2755 1834 suo
2784 1779 2844 1833 in
2865 1780 3017 1849 quod
3044 1778 3338 1849 prolapsus
3355 1782 3456 1845 est,
3487 1784 3537 1832 et
3565 1778 3626 1832 in
3651 1791 3773 1849 pec-

344 1863 428 1935 μὴ
463 1865 826 1935 μνησθῶσιν·
890 1863 942 1917 ἒν
972 1867 1051 1934 τῷ
1109 1865 1221 1937 (16)
1283 1864 1683 1939 παραπτώματι
1737 1865 1901 1920 αὐτοῦ
1961 1865 2007 1936 ᾧ

2120 1870 2257 1924 catis
2284 1870 2400 1923 suis
2431 1884 2550 1941 qua
2576 1869 2843 1940 peccavit,
2867 1868 2928 1923 in
2956 1868 3091 1939 ipsis
3116 1869 3387 1923 morietur
3405 1865 3471 1920 ’9.

342 1949 644 2026 παρᾶπεσε,
677 1950 769 2006 καὶ
802 1951 855 2007 ἓν
883 1955 1003 2013 ταῖς
1033 1950 1323 2033 ἁμαρτίαις
1375 1953 1544 2009 αὐτοῦ
1591 1956 1678 2018 αἷς
1737 1952 2001 2030 ἥμαρτεν,

348 2041 406 2096 δν
442 2039 634 2104 αὐταῖς
662 2040 1033 2104 ἀποθανεῖται.

424 2148 514 2202 18.
564 2145 635 2202 Τί
692 2141 771 2200 ἔτι
820 2146 1095 2222 πληγῆτε,
1173 2146 1551 2221 προστιθάντες
1610 2149 1880 2223 ἀνομίανς
1930 2151 2006 2207 Τὸ

344 2234 655 2309 λεγόμενον
686 2236 937 2291 τοιοῦτόν
996 2236 1129 2291 ἐστι·
1164 2237 1289 2293 Ἐπὶ
1336 2241 1456 2300 ταῖς
1502 2238 1789 2314 ἁμαρτίαις
1852 2240 2004 2313 ὑμῶν

342 2320 629 2378 παιδεύων
691 2325 851 2397 ὑμᾶς,
909 2324 1257 2400 ἐμαστίγουν.
1303 2327 1392 2396 Μὴ
1451 2331 1824 2399 μετανοοῦσιν,
1881 2325 2008 2384 ἀλλ’

340 2408 426 2467 ἔτι
481 2411 945 2488 ὲξαμαρτάνουσιν
1007 2413 1213 2488 ὲπῆγον
1272 2412 1355 2468 ἀεὶ
1394 2417 1485 2468 καὶ
1516 2416 1867 2490 προσετίθουν
1913 2418 2010 2481 τὰς

346 2499 642 2576 μάστιγας,
676 2501 752 2563 ὡς
809 2506 913 2555 πᾶν
968 2502 1134 2575 μέρος
1186 2506 1285 2556 106
1345 2502 1599 2576 σώματος
1645 2505 1750 2559 ἀπὸ
1798 2509 1904 2560 τῶν
1956 2506 2008 2560 δν

340 2589 603 2660 νουθεσίᾳ
670 2585 902 2664 πληγῶν
983 2589 1361 2662 κατειλῆφθαι.
1436 2596 1561 2654 Τοῖς
1647 2593 1740 2665 μὶν
1813 2592 2009 2668 ἲάσιμα

343 2675 755 2752 ἁμαρτάνουσιν
836 2674 1054 2733 ἀπειλεῖ
1129 2678 1158 2732 ὁ
1212 2675 1412 2754 λόγος,
1470 2681 1878 2745 ἐπισκέπτεσθαι
1952 2682 2005 2738 ἂν

346 2761 542 2842 ῥάϐδῳ
574 2766 672 2828 τὰς
703 2766 934 2839 ἀνομίας
986 2767 1189 2838 αὐτῶν,
1220 2768 1309 2823 καὶ
1365 2769 1417 2823 εν
1480 2770 1692 2843 μάστιξι
1741 2772 1837 2836 τὰς
1885 2769 2007 2826 ἀδι-

342 2855 473 2918 κίσς
521 2854 737 2910 αὐτῶν⁸
770 2861 889 2918 τοῖς
939 2854 996 2911 δὲ
1040 2855 1272 2920 ἀνιάτως
1323 2852 1511 2933 ἔχουσι
1573 2857 1756 2935 λέγει·
1802 2860 1872 2918 Τί
1926 2858 2004 2917 ἔτι

343 2941 654 3019 πληγῆτες
698 2944 877 3007 Πάσας
929 2941 1371 3016 διεξεληλυθότες
1416 2946 1509 3009 τὰς
1546 2946 1787 3025 πληγὰς,
1819 2955 2003 3006 πασῶν

348 3035 802 3109 κατεφρονήσατε
856 3037 967 3087 τῶν
1027 3033 1453 3109 ἐπιστρεπτικῶν
1510 3036 1785 3111 μαστίγων
1819 3059 1831 3072 ·
1882 3060 2003 3094 συν·

346 3121 604 3195 τριμμὸς
657 3121 800 3194 ὑμᾶς
847 3120 1018 3195 μένει.
1061 3122 1425 3198 Ἀποροῦντος
1471 3125 1507 3193 ἡ
1557 3126 1712 3203 φωνὴ
1742 3127 1831 3181 καὶ
1871 3127 2005 3183 ἀπο-

343 3210 755 3284 γιγνώσκοντος
784 3212 886 3278 τὴν
919 3207 1233 3285 διόρθωσιν,
1265 3211 1339 3274 ὡς
1379 3212 1431 3267 ἓν
1461 3216 1542 3284 τῷ
1567 3212 1827 3285 Ἰεζεκιήλ
1870 3218 2003 3289 (t7)-

342 3299 411 3355 Ὁ
473 3297 648 3367 ζῆλός
710 3319 816 3371 μου
872 3298 1234 3371 ἀποστήσεται
1294 3297 1400 3354 ἀπὸ
1459 3304 1576 3371 σοῦ,
1608 3302 1697 3357 καὶ
1730 3302 1790 3358 ού
1820 3306 2005 3378 θυμω-

342 3388 595 3460 θήσομαι
677 3387 768 3442 ἐπὶ
842 3387 947 3444 σοί.
1001 3393 1118 3443 Τῶν
1193 3386 1251 3443 δὲ
1323 3395 1719 3464 περιστατικῶς
1776 3389 2007 3467 συμϐαι-

338 3476 558 3530 νόντων
608 3476 732 3530 τινὰ
794 3477 888 3550 μὲν
958 3478 1364 3549 ἁμαρτημάτων
1416 3475 1572 3534 ἕνεκα
1615 3480 1840 3556 γίνεται,
1887 3483 2009 3539 τινὰ

342 3561 406 3619 δὲ
439 3564 523 3626 εἷς
556 3561 847 3641 διόρθωσιν
877 3569 974 3622 106
1014 3562 1186 3634 ἤθους
1237 3570 1347 3622 τῶν
1400 3569 1827 3644 πειραζομᾶνων,
1862 3569 2009 3629 ἅλλά

342 3651 407 3709 δί
442 3654 580 3730 ὑπὶρ
626 3658 725 3709 106
769 3648 1081 3729 ἑκτριϐῆναι
1122 3654 1250 3718 τοὺς
1294 3657 1764 3732 ἀπεγνωσμένους,
1793 3661 1869 3724 ὡς
1915 3660 2004 3717 ἐπὶ

338 3747 447 3798 106
509 3744 737 3816 Φαραώ.
768 3744 994 3806 Τούτοις
1056 3742 1146 3798 οὗν
1201 3744 1274 3806 ὡς
1328 3746 1766 3820 ἀπεγνωσμένοις
1825 3749 2003 3806 οὐκετι

341 3830 588 3908 πληγαὶ,
624 3830 751 3888 οὐδὲ
812 3833 1088 3908 μάστιγες,
1143 3832 1271 3888 ἀλλ’
1323 3834 1624 3911 ἁφανισμὸς
1677 3836 2001 3896 ἀπειλεῖται.

344 3925 506 3976 Πᾶσα
568 3921 784 3999 κειραλή
845 3922 921 3984 εἷς
969 3921 1156 3988 πόνον,
1195 3923 1283 3976 καὶ
1339 3929 1483 3978 πᾶσα
1539 3922 1732 4000 καρδία
1796 3926 1873 3989 εἷς
1912 3925 2004 3982 λύ-

340 4030 485 4079 πην.
547 4010 610 4065 Τί
665 4006 743 4065 ἔτι
791 4009 1078 4085 πληγῆτε,
1136 4007 1211 4066 ὧν
1265 4010 1351 4066 καὶ
1406 4012 1474 4067 τὰ
1522 4014 1748 4085 σώματα
1801 4015 1891 4070 καὶ
1947 4018 2002 4072 αἱ

338 4098 526 4174 ψυχαὶ
564 4098 1136 4175 μεμαστίγωνται,καί’
1173 4096 1420 4173 οὐδαμοῦ
1464 4103 1500 4169 ἡ
1555 4098 1862 4178 διόρθωσις,
1893 4107 2003 4160 πά-

339 4209 448 4258 σης
474 4185 729 4263 κεφαλῆς
756 4185 1092 4262 ὀδυνομὲνης
1122 4187 1213 4243 καὶ
1244 4190 1422 4259 πάσης
1472 4188 1700 4265 καρδίας
1759 4195 2001 4268 σκυθρω-

337 4276 637 4346 πάζούσης
670 4279 827 4350 (18);
861 4276 941 4333 Οὐ
997 4277 1212 4339 πάντως
1266 4278 1329 4333 τὸ
1388 4276 1555 4351 μέλος
1607 4283 1708 4334 106
1747 4283 2001 4353 σώματος
2053 4340 2060 4347 ,

338 4364 491 4443 λέγει
520 4368 628 4436 τήν
658 4363 927 4444 κεφαλὴν,
955 4366 1031 4428 ὡς
1060 4366 1184 4441 περὶ
1214 4365 1381 4435 αὐτὴν
1435 4366 1607 4439 μόνην
1657 4372 1758 4435 τῆς
1804 4367 2003 4442 ὀδύνης

336 4455 773 4529 ἱστηριγμένης,
804 4453 951 4511 ἀλλὰ
977 4460 1129 4510 Πᾶσα
1156 4455 1392 4533 κεφαλὴ,
1425 4454 1542 4510 ἀντὶ
1597 4460 1693 4512 τοῦ
1740 4458 1833 4513 τὸν
1882 4460 2003 4514 καθ’

336 4540 436 4598 ἕνα
464 4541 782 4619 ἄνθρωπον,
810 4543 947 4599 κατὰ
986 4546 1085 4614 τήν
1135 4546 1414 4615 συνήθειαν
1457 4551 1560 4615 τῆς
1609 4551 1846 4623 Γραφῆς.
1896 4548 2003 4603 Λά-

2188 2158 2273 2213 18.
2306 2157 2476 2214 Vans.
2507 2158 2561 2213 5.
2595 2157 2741 2227 Quid
2767 2157 2945 2213 adhuc
2965 2154 3390 2228 percutiamini,
3438 2151 3762 2222 adiicientes

2117 2249 2481 2320 iniquitatem
2504 2251 2531 2301 Ρ
2552 2247 2714 2313 Quod
2748 2246 3081 2312 dicitur,est
3102 2240 3439 2314 bujusmodi
3463 2240 3761 2314 :Flagellis

2113 2352 2215 2393 vos
2254 2337 2570 2403 credebam,
2605 2351 2707 2407 pro
2739 2334 2988 2406 peccatis
3016 2332 3226 2388 vestris
3271 2331 3571 2402 castigans
3624 2346 3754 2388 vos.

2116 2424 2259 2479 Cum
2292 2440 2394 2479 vos
2413 2423 2565 2478 haud
2600 2421 3048 2494 pceniteret,imo
3077 2436 3211 2477 cum
3242 2420 3434 2493 magis
3461 2418 3767 2491 delinque-

2116 2513 2279 2581 retis;
2313 2512 2665 2568 inducebam
2690 2527 2810 2567 sem
2821 2526 2922 2583 per
2937 2515 2995 2566 et
3024 2508 3492 2581 multiplicabam
3514 2507 3769 2581 ﬂagella,

2116 2606 2182 2657 ut
2209 2600 2481 2674 quaelibet
2500 2600 2760 2673 corporis
2785 2616 2921 2672 pars
2965 2597 3154 2671 plagis
3211 2599 3282 2653 ad
3351 2597 3766 2670 corrigendum

2116 2690 2343 2746 idoneis
2375 2689 2720 2762 operiretur.
2764 2688 2949 2754 Certe,
3009 2688 3241 2758 quando
3293 2684 3763 2757 delinquentium

2114 2774 2372 2847 peccatis
2428 2774 2754 2830 remedium
2814 2774 3006 2829 aﬂ'erri
3061 2777 3272 2845 potest,
3351 2772 3766 2826 interminatur

2113 2864 2414 2936 Scriptura
2443 2864 2562 2919 fore
2584 2868 2647 2919 ut
2675 2861 2871 2917 visitet
2893 2860 3178 2917 Dominus
3196 2875 3399 2915 eorum
3417 2858 3763 2929 iniquitates

2114 2952 2173 3007 in
2205 2953 2390 3023 virga,
2424 2956 2481 3006 et
2511 2966 2711 3008 eorum
2737 2950 3064 3022 injustitias
3093 2948 3154 3004 in
3183 2948 3524 3004 verberibus
3553 2948 3571 2981 ί
3598 2972 3613 3016 ;
3659 2949 3761 3004 sed

2114 3041 2207 3096 his
2239 3040 2341 3112 qui
2373 3039 2783 3095 insanabiliter
2798 3042 3181 3110 peccaverunt
3201 3037 3345 3092 dicit
3368 3052 3381 3090 :
3404 3037 3551 3106 Quid
3578 3033 3761 3090 adhuc

2110 3129 2514 3200 percutiami'ni
2530 3128 2558 3183 ?
2578 3127 2809 3199 Experti
2852 3126 3053 3199 plagas
3075 3140 3298 3193 omnes,
3318 3126 3517 3180 omnia
3544 3123 3761 3195 quibus

2120 3218 2389 3290 castigati
2450 3218 2642 3273 fuistis
2694 3216 2924 3288 ﬂagella
2973 3213 3436 3286 contempsistis.
3478 3211 3760 3269 Contritio

2119 3323 2220 3362 vos
2244 3310 2462 3362 manet.
2496 3310 2628 3360 Haec
2665 3320 2775 3360 vox
2815 3308 2907 3360 est
2956 3303 3282 3359 deﬁcientis
3339 3307 3397 3358 et
3452 3302 3525 3357 de
3570 3314 3763 3356 corre-

2116 3395 2307 3451 ctione
2334 3393 2723 3466 desperantis,
2755 3393 3258 3465 quemadmodum
3311 3392 3371 3446 in
3422 3388 3759 3446 Ezechiele:

2116 3485 2277 3540 Zelus
2294 3500 2450 3539 meus
2480 3482 2690 3538 recedet
2710 3499 2742 3538 a
2800 3487 2875 3549 te,
2929 3490 2983 3539 et
3039 3497 3150 3537 non
3204 3482 3419 3536 irascar
3473 3478 3760 3535 adversum

2116 3580 2167 3629 te
2197 3573 2238 3628 2.
2273 3577 2449 3628 Porro
2470 3588 2536 3627 ex
2561 3572 2633 3627 iis
2664 3570 3125 3636 calamitatibus,
3156 3586 3283 3642 qua
3309 3568 3604 3637 eveniunt,
3635 3566 3759 3623 aliis

2116 3662 2353 3734 quidem
2385 3660 2659 3716 accidunt
2689 3661 2760 3715 ad
2792 3659 3093 3730 punienda
3120 3664 3378 3731 peccata,
3408 3656 3533 3712 alias
3556 3658 3626 3712 ad
3640 3672 3761 3713 mo-

2114 3766 2206 3806 res
2227 3766 2430 3806 eorum
2453 3749 2552 3821 qui
2583 3753 2886 3804 tentantur
2914 3747 3329 3815 emendandos,
3379 3746 3505 3801 aliis
3544 3746 3617 3801 ad
3657 3760 3758 3801 eos

2112 3838 2212 3910 qui
2233 3838 2618 3908 desperantur
2641 3836 3000 3903 atterendos,
3022 3838 3089 3889 ut
3116 3834 3175 3890 in
3199 3833 3519 3889 Pharaone.
3553 3834 3757 3903 Itaque

2110 3929 2372 3985 hi3390
2400 3933 2685 4000 tanquam
2718 3926 3044 3998 desperatis
3083 3942 3196 3981 non
3219 3926 3347 3996 jam
3396 3923 3598 3996 plagas
3652 3925 3756 3980 aut

2112 4018 2362 4091 ﬂagella,
2394 4018 2495 4074 sed
2526 4016 2827 4072 interitum
2865 4014 3141 4069 minatur.
3174 4014 3342 4071 Omne
3369 4018 3537 4083 caput
3567 4014 3629 4067 in
3676 4014 3754 4069 la-

2114 4108 2254 4176 bore,
2287 4116 2340 4162 et
2361 4122 2519 4163 omne
2537 4121 2628 4161 cor
2654 4108 2717 4159 in
2744 4105 2995 4159 tristitia.
3019 4102 3180 4168 Quod
3212 4102 3405 4157 adhuc
3462 4101 3752 4176 percutia-

2110 4196 2255 4252 mini
2277 4213 2400 4265 vos,
2422 4209 2671 4265 quorum
2702 4198 2828 4247 tum
2863 4206 3103 4262 corpora
3132 4194 3257 4245 tum
3281 4189 3490 4245 animis
3551 4189 3753 4262 ﬂagris

2109 4287 2345 4344 concisa
2374 4290 2535 4353 sunt,
2567 4300 2673 4340 nec
2700 4286 2901 4339 tamen
2924 4280 3168 4337 correcti
3197 4280 3340 4338 estis
3359 4279 3388 4336 ?
3416 4280 3633 4353 quippe
3665 4297 3759 4337 ca-

2110 4380 2217 4448 put
2251 4390 2425 4430 omne
2444 4373 2642 4430 dolore
2673 4371 2988 4440 cruciatur,
3019 4374 3078 4425 et
3125 4386 3224 4425 cor
3278 4385 3452 4426 omne
3510 4385 3757 4427 mcerore

2111 4464 2386 4520 afﬁcitur.
2422 4462 2680 4519 Profecto
2724 4460 2984 4532 corporis
3031 4458 3364 4515 membrum
3421 4474 3526 4530 per
3581 4462 3758 4530 caput

2112 4569 2230 4608 non
2263 4550 2557 4624 intelligit,
2590 4555 2871 4621 tanquam
2904 4547 3017 4621 ipsi
3069 4547 3179 4604 soli
3216 4546 3498 4603 insideret
3549 4546 3751 4603 dolor:

339 4627 467 4687 δετε
528 4633 646 4706 (19)
699 4633 800 4708 γὰρ
860 4633 1117 4709 ἀπαρχὴν
1162 4637 1351 4726 πάσης
1401 4641 1715 4711 συναγωγῆς
1756 4635 1997 4711 Ἰσραὴλ,

2120 4642 2205 4697 sed
2234 4642 2406 4711 juxta
2434 4640 2748 4710 Scriptum
2775 4636 3284 4702 consuetudinem,
3318 4650 3420 4706 per
3446 4650 3606 4690 omne
3660 4650 3751 4691 ca-

337 4723 482 4777 κατὰ
560 4722 896 4798 συγγενείας,
952 4722 1089 4778 κατὰ
1159 4719 1395 4795 δήμους,
1445 4724 1562 4779 κατ’
1634 4723 1818 4787 οἴκους
1901 4746 2001 4780 πα-

336 4815 541 4887 τριῶν,
599 4812 738 4866 κατὰ
817 4810 1046 4887 ἆριθμὸν
1135 4811 1187 4882 ἐξ
1267 4811 1534 4885 ὀνόματος
1619 4812 1812 4882 αὐτῶν,
1865 4816 2001 4869 κατὰ

337 4900 591 4979 κεφαλήν
652 4899 853 4957 αύτῶν.
895 4898 1120 4969 Ἐπειδή
1172 4901 1276 4976 γὰρ
1335 4899 1464 4956 ὅλον
1510 4902 1574 4957 τὸ
1613 4899 1766 4966 ἔθνος
1824 4904 1999 4977 ἁμαρ-

334 4989 551 5063 τωλὸν,
582 4988 676 5044 καὶ
733 4995 837 5053 πᾶς
881 4990 909 5045 ὁ
967 4987 1101 5052 λαὸς
1146 4989 1372 5066 πλήρης
1413 4990 1677 5065 ἀνομιῶν,
1701 4988 1791 5047 διὰ
1839 4996 1999 5047 τοῦτο

409 5204 453 5239 ’⁷
474 5201 639 5259 Psal.
670 5219 844 5272 Lxxu,
874 5204 966 5259 27.
1044 5203 1293 5263 “Eccle.
1325 5220 1428 5273 vn,
1462 5204 1547 5260 11.
1626 5204 1669 5249 '9
1700 5203 1901 5261 Ezech.
1923 5220 2087 5274 xvm,
2117 5204 2209 5262 24.
2287 5204 2305 5239 ί
2335 5202 2494 5261 Peal.
2528 5204 2905 5276 cxxxvln,23.

404 5411 528 5546 514%
560 5410 715 5494 ΗΘΒ..
736 5410 1054 5481 secundus,
1087 5405 1484 5495 ἀναποδίζεται.
1607 5482 1632 5494 ⁸

433 5484 504 5537 15
560 5483 740 5546 Edm,
774 5480 924 5546 ὑμῖν.
949 5483 1021 5538 At
1050 5498 1308 5546 quinque
1324 5498 1493 5546 mss.,
1521 5480 1629 5546 ἡμι

433 5480 528 5551 15)
560 5480 740 5555 Editi,
774 5480 1308 5555 cuivaAtquinque
1324 5498 1493 5555 mss.,
1521 5480 1679 5553 ἡμῖν.

405 5555 532 5624 (16)
561 5554 744 5620 Editi,
774 5551 904 5608 ἀλλ’
933 5551 987 5608 ἐν
1013 5551 1113 5625 τῷ.
1135 5551 1653 5626 Αϊωθεάιιιὶησυθ
1683 5556 1741 5609 et
1759 5552 1818 5608 in
1851 5567 1990 5609 con-

550 5695 970 5777 Codices_tres,
991 5691 1250 5768 Ἰεεεκιήλ
1282 5713 1467 5771 φησιν.

2103 4734 2228 4802 put,
2260 4725 2683 4799 bomoquilibet
2710 4725 3091 4796 signiﬁcatur.
3122 4725 3363 4795 Accipite
3380 4724 3527 4779 enim
3546 4724 3752 4795 primi-

2108 4818 2218 4873 tias
2248 4818 2427 4872 omnis
2454 4829 2750 4887 synagoga
2780 4813 2976 4881 Israel,
3027 4811 3326 4869 secundum
3370 4813 3742 4881 cognationes,

2107 4905 2407 4961 secundum
2432 4901 2686 4975 populos,
2717 4901 3011 4958 secundum
3042 4901 3227 4957 domos
3275 4902 3611 4973 patriamm,
3661 4915 3753 4957 se-

2108 4992 2349 5049 cundum
2375 5007 2669 5048 numerum
2691 5005 2761 5046 ex
2786 4992 3008 5046 nomine
3050 5005 3259 5057 corum,
3312 4989 3611 5055 secundum
3664 5006 3757 5047 ca-

2981 5202 3228 5260 ‘Eezch.
3287 5220 3404 5275 xvr,
3448 5204 3540 5261 42.

2164 5409 2280 5482 (18)
2327 5409 2477 5484 Editi
2539 5412 2599 5465 et
2645 5409 2781 5484 nduo
2841 5426 2985 5468 mss.
3046 5404 3560 5484 σκυθρωπευούσης.
3632 5408 3749 5464 Alii

2100 5477 2786 5557 ποεέσκυθρωπαζούσης.

2174 5552 2286 5680 (BZ
2315 5551 2416 5609 Sic'
2449 5569 2655 5610 omnes
2682 5553 2865 5610 nostri
2897 5569 3039 5637 mss.
3063 5557 3121 5611 et
3142 5551 3365 5638 Anglic.
3399 5568 3531 5609 cum
3551 5551 3749 5621 editis,

2174 5662 2177 5677 .
2289 5628 2360 5680 X.
2383 5621 2577 5680 λάοετε
2606 5625 2809 5680 ἀργήν.
2843 5624 3053 5680 Sumite
3094 5640 3450 5680 principium.
3497 5623 3749 5680 Vulgata

2101 5621 2360 5692 At‘LXX,
2383 5621 2577 5680 λάοετε
2606 5625 2809 5701 ἀρχήν,
2843 5624 3053 5682 Sumite
3089 5621 3450 5698 principium.
3497 5623 3751 5694 Vulgata

2108 5695 2297 5752 Tollite
2323 5710 2619 5752 summam.

2145 5703 2297 5753 outte
2323 5710 2619 5755 summam.
