4134 6212
343 334 458 397 147

1273 333 1672 395 APPENDIX
1717 334 2043 397 OPERUM
2087 336 2154 397 S.
2200 334 2487 396 BASILII
2532 335 2807 396 MAGNI.

3635 331 3751 392 148

342 471 444 542 put
471 483 657 524 eorum
681 468 724 522 ³.
756 469 899 521 Nam
933 483 1064 521 cum
1109 469 1230 522 tota
1259 482 1403 538 gens
1436 467 1723 538 peccatrix
1761 467 1856 534 sit,
1888 484 1984 538 po-

2116 466 2193 519 ιιαὶ
2225 468 2258 534 ἡ
2308 464 2532 528 κόλασις
2580 465 2668 521 ἐπὶ
2719 466 2922 527 πάντας
2971 460 3184 542 ἔφθασε,
3233 466 3320 520 καὶ
3375 468 3521 519 πᾶσα
3566 461 3762 536 καρδία

345 557 642 630 pulusque
675 556 870 610 omnis
903 554 1157 626 peccatis
1189 555 1417 626 plenus,
1453 556 1524 610 ob
1556 555 1612 609 id
1664 557 1736 611 ad
1795 572 2000 612 omnes

348 645 610 716 pervenit
639 642 1016 715 supplicium,
1051 644 1099 697 ei
1133 660 1304 699 omne
1336 661 1434 699 cor
1464 649 1687 714 mearet,
1721 645 1997 716 quoniam

349 735 408 789 in
441 733 836 806 captivitatem
856 734 926 789 ob
959 737 1195 805 peccata
1237 751 1344 789 sua
1401 735 1690 790 abductus
1745 736 1998 806 populus

349 828 456 878 est.
489 827 666 878 Vens.
690 824 805 878 6.A
837 823 1064 892 pedibus
1105 839 1274 894 usque
1303 823 1373 878 ad
1421 829 1584 896 caput
1640 840 1749 879 non
1805 837 1882 879 est
1938 827 1998 878 in

347 927 407 966 eo
434 913 670 980 sanitas,
701 927 878 983 neque
915 912 1135 980 vulnus,
1168 928 1339 984 neque
1384 914 1543 978 livor,
1603 930 1778 984 neque
1830 914 1998 984 plaga

348 1011 585 1056 tumens.
615 1003 775 1055 Hanc
805 1016 1029 1064 vocem,
1060 1005 1243 1072 caput,
1289 1017 1391 1072 pro
1447 1006 1570 1057 toto
1625 1003 1847 1074 accepit
1894 1001 1998 1058 bo-

347 1088 526 1143 mine.
561 1089 601 1142 A
634 1087 860 1157 pedibus
890 1105 1061 1160 usque
1094 1089 1164 1142 ad
1193 1099 1356 1160 caput
1404 1106 1515 1144 non
1546 1095 1622 1145 est
1673 1092 1734 1144 in
1787 1107 1850 1145 eo
1907 1107 1995 1145 sa-

346 1178 493 1231 nitas
515 1194 533 1231 :
557 1192 732 1247 neque
751 1175 978 1244 vulnus,
1008 1193 1181 1248 neque
1205 1178 1362 1246 livor,
1382 1194 1554 1250 neque
1562 1177 1990 1250 plagatumcns;

349 1271 653 1336 propterea
681 1266 835 1336 quod
862 1266 933 1319 ob
962 1267 1423 1337 unumquodque
1446 1273 1745 1338 peccatum
1772 1267 1996 1322 invecta

348 1357 490 1409 sunt
517 1353 744 1425 ﬂagella
776 1355 844 1409 ab
865 1371 930 1409 eo
964 1354 1061 1424 qui
1096 1354 1359 1426 ipsorum
1386 1372 1586 1411 curam
1613 1356 1990 1427 suscipiebat.

355 1443 594 1511 Deinde,
637 1459 768 1497 cum
799 1442 1035 1513 vulnus,
1069 1444 1471 1498 centinuitatis
1503 1445 1760 1515 corporis
1790 1445 1994 1500 sitdis-

355 1529 848 1598 solutio,discissa
875 1532 933 1586 in
958 1532 1166 1601 exigua
1197 1532 1392 1603 aliqua
1423 1537 1584 1605 parte
1613 1535 1995 1605 connexione,

349 1619 545 1691 sitque
570 1619 715 1674 livor
744 1619 927 1691 plagas
959 1619 1270 1691 vestigium
1305 1622 1899 1688 subcruentum,cum
1925 1640 1994 1678 ex

351 1708 565 1762 duritie
596 1713 653 1762 et
685 1709 997 1779 asperitate
1020 1709 1296 1765 caedentis
1329 1712 1711 1766 contunditur
1758 1729 1993 1784 corpus,

349 1795 578 1867 hocque
604 1796 915 1868 vestigium
941 1798 999 1852 in
1034 1797 1232 1870 aliqua
1260 1805 1420 1870 parte
1450 1799 1810 1871 imprimitur
1833 1818 1991 1867 ;cum

346 1883 550 1939 itidem
581 1883 930 1957 phlegmone
958 1887 1396 1958 tumorignitus
1420 1887 1516 1954 sit,
1549 1889 1783 1960 quando
1831 1891 1987 1944 scili-

349 1979 438 2028 cet
460 1973 737 2029 humores
761 1974 820 2028 in
853 1974 1150 2030 infirmam
1183 1992 1249 2030 ac
1279 1976 1529 2031 debilem
1564 1983 1790 2048 partem
1850 1995 1991 2032 con-

349 2063 564 2129 ﬂuunt,
595 2067 653 2118 et
689 2062 837 2118 male
869 2065 1136 2119 affectam
1196 2063 1386 2120 calore
1443 2071 1662 2120 naturae
1705 2069 1993 2122 contrarie

352 2152 710 2219 accendunt;
746 2151 885 2222 quid
917 2152 987 2207 de
1010 2151 1104 2208 his
1133 2153 1276 2208 dicit
1306 2153 1623 2225 Scriptura,
1647 2155 1748 2226 qui
1778 2155 1881 2210 toti
1905 2155 1992 2211 in-

355 2239 632 2298 ﬁrmitate
665 2259 904 2314 prorsus
934 2244 1182 2314 correpti
1205 2248 1346 2299 sunt
1374 2244 1402 2298 ?
1431 2250 1553 2300 Non
1582 2246 1994 2315 utvulnus,in-

357 2330 504 2401 quit,
538 2346 654 2386 non
689 2336 754 2386 ut
784 2331 951 2400 livor,
983 2349 1098 2388 non
1124 2338 1188 2387 ut
1218 2333 1390 2405 plaga
1421 2339 1691 2391 tumens:
1717 2336 1797 2390 ita
1826 2337 1997 2408 aegri-

353 2419 500 2474 tudo
530 2424 723 2476 vestra
751 2437 851 2476 vos
884 2423 1223 2492 occupavit;
1257 2423 1358 2477 sed
1392 2423 1746 2492 conjunctim
1783 2425 2001 2495 ingruit

354 2507 518 2562 vobis
543 2507 789 2579 malum,
816 2509 898 2564 ita
928 2515 992 2564 ut
1021 2513 1266 2565 confusa
1298 2511 1418 2566 sint
1473 2512 1692 2580 omnia,
1743 2514 2002 2585 adeoque

354 2595 475 2650 sint
504 2596 740 2664 vulnus,
775 2597 938 2668 livor,
972 2602 1026 2653 et
1050 2598 1240 2670 plaga.
1273 2601 1390 2655 Non
1433 2610 1512 2656 est
1557 2602 1832 2672 malagma
1891 2603 1999 2657 im-

349 2701 569 2756 ponere,
600 2703 778 2758 neque
805 2688 1007 2751 oleum,
1039 2704 1213 2759 neque
1259 2689 1588 2760 ligamenta.
1623 2692 2002 2763 Quandoqui-

352 2777 485 2831 dem
509 2775 630 2831 bsec
659 2775 959 2846 aegritudo,
979 2777 1430 2848 vulnere,livore
1445 2796 1509 2834 ac
1542 2779 1710 2852 plaga
1739 2785 2004 2836 tumente

353 2865 517 2937 pejor
544 2869 662 2932 est;
697 2882 810 2920 non
853 2871 942 2921 est
973 2865 1266 2938 malagma
1289 2868 1590 2940 imponere
1623 2876 1905 2941 tanquam
1931 2870 2002 2924 ad

352 2953 610 3026 plagam,
641 2970 830 3025 neque
860 2955 1075 3026 oleum,
1111 2963 1174 3011 ut
1203 2957 1274 3012 ad
1303 2957 1564 3014 vulnera.
1600 2959 1723 3014 Non
1752 2960 2003 3029 jam,in-

352 3045 503 3115 quit,
538 3061 687 3116 opus
717 3049 804 3102 est
837 3046 998 3102 hisce
1031 3047 1345 3104 remediis:
1375 3050 1592 3121 quippe
1623 3051 1847 3121 majora
1869 3055 2007 3106 sunt

356 3138 753 3205 symptomata
783 3152 958 3206 quam
993 3141 1058 3190 ut
1083 3136 1244 3192 hisce
1287 3139 1733 3194 medicamentis
1773 3140 2001 3194 cedant.

2109 552 2352 629 λυπηρὰ,
2385 555 2460 617 είς
2493 554 2879 630 αἰχμαλωσίαν
2913 554 3183 630 ἀγομένου
3215 557 3326 625 (20)
3355 557 3451 608 τοῦ
3491 552 3626 608 λαοῦ
3670 551 3758 607 διὰ

2106 646 2174 699 τὰ
2248 647 2661 721 ἁμαρτήματα.
2716 647 2848 703 ’Λπὸ
2915 643 3101 700 ποδῶν
3177 642 3282 706 ἕως
3360 643 3606 719 κεφαλῆς
3663 643 3760 698 οὐκ

2107 730 2246 788 ἔστιν
2303 733 2354 788 ὲν
2414 735 2562 808 αὖτῷ
2619 734 2949 809 ὁλοκληρία,
3007 733 3129 789 οὔτε
3183 738 3419 808 τραῦμα,
3457 729 3580 787 οὔτε
3639 733 3751 805 μώ-

2108 821 2253 896 λωψ,
2304 819 2426 876 οὗτε
2484 823 2672 898 πληγὴ
2735 821 3164 900 φλεγμαίνουσα.
3226 823 3327 890 Τὸ,
3378 819 3624 899 Κεφαλὴ,
3669 819 3757 875 ἐπὶ

2109 909 2246 964 ὅλου
2287 906 2451 965 ἔλαϐε
2478 915 2574 965 τοῦ
2607 912 2914 987 ἀνθρώπου.
2947 911 3085 968 Ἀπὸ
3131 907 3313 965 ποδῶν
3356 909 3462 972 ἓως
3515 907 3758 986 κεφαλῆς

2107 999 2210 1054 οὐκ
2265 998 2406 1054 ἔστιν
2466 999 2518 1054 ὲν
2573 999 2718 1072 αὐτῷ
2787 997 3118 1073 ὀλοκληρία,
3169 995 3294 1054 οὔτε
3343 1002 3578 1074 τραῦμα,
3633 994 3758 1052 οὔτε

2111 1085 2366 1161 μώλωψ,
2423 1087 2544 1144 οὔτε
2618 1089 2808 1164 πληγή
2870 1087 3316 1167 φλεγμαίνουσα’
3371 1085 3460 1141 διὰ
3524 1087 3619 1148 τὰς
3679 1087 3759 1164 ἐφ’

2106 1177 2313 1250 ἑκάστῳ
2343 1178 2698 1253 ἁμαρτήματι
2749 1183 2894 1250 παρά
2950 1181 3046 1231 τοῦ
3113 1173 3517 1249 ἑπιμελομένου
3574 1175 3751 1230 αὐτῶν

2105 1265 2473 1342 ἐπενεχθείσας
2537 1270 2822 1340 μάστιγας.
2872 1265 3001 1322 Εἶτα
3057 1262 3246 1334 ἐπειδὴ
3320 1267 3533 1338 τραῦμα
3603 1262 3760 1326 λύσις

2103 1353 2216 1409 ἐστὶ
2273 1361 2372 1416 τ’ἳς
2421 1359 2516 1409 τοῦ
2577 1355 2830 1427 σώματος
2892 1353 3194 1428 συνεχείας,
3251 1354 3385 1407 κατὰ
3447 1351 3642 1428 μικρόν
3703 1374 3755 1407 τι

2109 1443 2270 1519 μέρος
2317 1451 2417 1513 τῆς
2471 1444 2762 1518 συναφείας
2800 1441 3179 1512 διακοπείσης’
3210 1441 3300 1496 καὶ
3349 1441 3422 1503 ὡς
3475 1442 3503 1495 6
3541 1438 3758 1516 μώλωψ

2107 1529 2262 1607 ἴχνος
2289 1532 2400 1587 ἐστὶ
2431 1531 2648 1607 πληγῆς
2679 1532 2938 1607 ὕφαιμον,
2972 1530 3295 1595 θλασθὲντος
3352 1533 3450 1584 τοῦ
3503 1530 3758 1602 σώματος

2105 1619 2164 1675 ἐκ
2190 1628 2292 1690 τῆς
2318 1621 2627 1682 ἀντιτυπίας
2659 1625 2756 1675 τοῦ
2786 1618 3116 1691 πλήξαντος,
3151 1620 3240 1674 καὶ
3298 1623 3457 1673 τοῦτο
3519 1615 3577 1673 δὲ
3622 1620 3758 1673 κατά

2101 1729 2154 1762 τι
2207 1711 2371 1784 μέρος
2444 1709 2781 1764 συνίσταται·
2837 1710 2925 1764 καὶ
2979 1712 3013 1778 ἡ
3074 1707 3358 1784 φλεγμονὴ
3428 1704 3592 1781 ὄγκος
3643 1706 3755 1762 ἐστὶ

2103 1796 2386 1874 πυρώδης,
2431 1797 2765 1875 συρρεόντων
2813 1797 2899 1852 ἐπὶ
2947 1798 3011 1852 τὸ
3057 1796 3350 1866 ἀσθενῆσαν
3409 1794 3571 1871 μέρος
3643 1801 3752 1850 τῶν

2107 1887 2304 1963 ὑγρῶν,
2335 1888 2424 1940 καὶ
2471 1890 2538 1960 τῇ
2588 1888 2734 1960 παρά
2777 1887 2932 1962 φύσιν
2996 1885 3260 1961 θερμασίᾳ
3319 1881 3632 1962 φλεγόντων
3687 1884 3752 1939 τὸ

2101 1977 2392 2039 πεπονθόςο
2427 1977 2454 2030 ὁ
2516 1974 2683 2049 λόγος
2736 1975 2788 2030 τί
2847 1996 2978 2052 φησι
3009 1974 3130 2049 περὶ
3161 1979 3267 2028 τῶν
3307 1970 3452 2028 ὅλων
3504 1971 3572 2028 δι’
3615 1971 3751 2028 ὅλου

2101 2065 2171 2140 τῇ
2217 2065 2460 2136 ἀσθενείᾳ
2505 2065 3002 2139 κατειλημμένων;
3046 2068 3168 2122 ’Ὁτι
3231 2064 3338 2139 οὐχ
3386 2064 3461 2126 ὡς
3511 2066 3750 2140 τραῦμα,

2106 2155 2291 2233 φησὶν,
2326 2153 2450 2210 οὗδέ
2481 2156 2554 2217 ὡς
2587 2155 2824 2230 μώλωψ,
2861 2153 2985 2210 οὐδὲ
3013 2155 3089 2216 ὡς
3141 2153 3329 2231 πληγή
3384 2151 3751 2231 φλεγμαίνου-

2108 2266 2192 2313 σα,
2227 2245 2400 2306 οἰὶτως
2435 2245 2584 2317 ὑμῶν
2618 2248 2652 2314 ἡ
2698 2243 2970 2322 ἀρῥωστία
3024 2243 3225 2317 ἥψατο,
3259 2241 3403 2298 ἀλλὰ
3453 2242 3754 2315 ὗνωμίνως

2109 2333 2368 2391 ἐπίκειται
2430 2335 2556 2406 ὑμῖν
2602 2335 2666 2388 τὸ
2713 2335 2904 2404 κακὸν,
2943 2334 3016 2394 ὡς
3071 2334 3243 2388 πάντα
3301 2332 3433 2386 εἶναι
3489 2351 3756 2406 συγκεχυ-

2115 2425 2265 2497 μένα,
2300 2422 2391 2478 καὶ
2422 2427 2638 2497 τραῦμα
2669 2423 2802 2478 εἶναι
2837 2425 2969 2494 (21),
3003 2422 3090 2476 καὶ
3155 2419 3431 2493 μώλωπα,
3479 2418 3566 2474 καὶ
3616 2419 3758 2486 πλη-

2109 2515 2233 2589 γήν.
2295 2511 2406 2566 Οὐκ
2472 2510 2582 2566 ἔστι
2664 2511 2929 2586 μάλαγμα
3005 2512 3288 2579 ἐπιθεῖναι,
3347 2507 3469 2564 οὔτε
3552 2505 3757 2578 ἔλαιον,

2113 2598 2234 2656 οὔτε
2291 2598 2687 2674 καταδέσμους.
2749 2597 2970 2668 Ἐπειδὴ
3035 2601 3166 2676 ὑπὲρ
3224 2603 3440 2674 τραῦμα
3495 2597 3584 2652 καὶ
3639 2595 3760 2670 μώ-

2113 2689 2275 2746 λωπα
2302 2690 2392 2744 καὶ
2421 2689 2648 2764 πληγὴν
2686 2687 3122 2767 φλεγμαίνουσαν
3181 2691 3216 2757 ἡ
3265 2685 3537 2764 ἀρρωστία
3593 2685 3756 2758 ἐστὶν,

2115 2777 2214 2834 οὐκ
2243 2773 2352 2833 ἔστι
2415 2778 2678 2854 μάλαγμα
2727 2777 3012 2847 ἐπιθεῖναι,
3056 2777 3129 2839 ὡς
3175 2776 3312 2852 πρὸς
3356 2776 3455 2844 τὴν
3510 2773 3754 2849 πληγὴν,

2115 2866 2238 2923 οὐδὲ
2269 2865 2452 2922 ἔλαιον
2483 2868 2556 2928 ὡς
2605 2867 2733 2943 τρὸς
2787 2868 2854 2921 τὰ
2909 2866 3211 2942 τραύματα.
3245 2865 3323 2923 Οὖ
3376 2863 3557 2941 χρεία,
3602 2864 3755 2942 φησί,

2113 2965 2214 3028 τῆς
2246 2958 2351 3012 ἀπὸ
2379 2956 2586 3012 τούτων
2641 2956 2892 3031 βοηθείας
2919 2974 2932 2988 ’
2975 2956 3190 3029 μείζονα
3237 2955 3341 3031 γὰρ
3386 2955 3452 3009 τὰ
3500 2953 3758 3027 συμπτώ-

2121 3049 2324 3121 ματαῆ
2372 3047 2510 3103 ὥστε
2565 3047 2786 3108 τούτοις
2843 3044 3109 3101 ἐνδοῦναι.
3153 3045 3443 3121 Τραύματα
3500 3045 3613 3118 (22)
3665 3045 3758 3116 μὲν

2119 3136 2208 3190 οὗν
2265 3135 2374 3190 ἐστι
2431 3136 2498 3190 τὰ
2556 3135 2607 3190 ἂν
2642 3134 2940 3205 Ἐκκλησία
2995 3135 3311 3209 σχίσματα·
3348 3131 3622 3206 μώλωπες
3683 3129 3762 3200 δὶ,

357 3222 560 3291 Itaque
592 3221 832 3276 vulnera
858 3229 998 3278 sunt
1058 3225 1322 3280 Ecclesiae
1377 3227 1735 3281 schismata:
1786 3227 2000 3282 vibices

2116 3226 2170 3279 αἱ
2203 3224 2436 3280 ὕπουλοι
2469 3221 2688 3298 καρδίαι
2715 3242 2728 3256 ο
2763 3222 3042 3300 φλεγμονὴ
3102 3219 3179 3290 δὲ,
3211 3221 3432 3295 ἔπαρσις
3478 3224 3664 3296 ψυχῆς
3715 3220 3768 3291 ἰξ

355 3326 490 3366 vero
523 3311 850 3366 eordasunt
881 3314 1132 3368 subdola
1161 3322 1217 3370 et
1240 3317 1467 3371 fallacia
1491 3333 1504 3373 :
1532 3317 1881 3388 phlegmone
1903 3335 2004 3372 au-

356 3405 472 3456 tem
507 3400 686 3456 animi
720 3407 810 3456 est
839 3400 1030 3470 elatio,
1067 3420 1135 3458 ex
1165 3405 1396 3460 insulsa
1439 3406 1715 3477 opinione
1751 3405 2004 3462 intume-

357 3489 595 3560 scentis,
627 3495 801 3562 atque
832 3490 904 3544 ob
935 3507 1062 3545 eam
1097 3509 1218 3547 rem
1246 3494 1538 3549 eﬁerentis
1569 3510 1696 3550 sese
1729 3496 2008 3551 adversus

357 3577 569 3633 Christi
601 3578 931 3633 scientiam.
966 3580 1144 3635 Porro
1175 3580 1467 3653 malagma
1490 3588 1579 3638 est
1610 3600 1802 3639 sermo
1836 3602 2007 3640 mau-

359 3667 657 3720 suctudini
690 3667 1038 3739 lenitutique
1068 3671 1438 3740 coniunctus,
1475 3673 1576 3743 qui
1609 3690 1790 3728 vanas
1823 3674 2010 3745 depri-

360 3754 468 3809 mit
497 3754 812 3810 elationes:
847 3756 1037 3812 olcum
1071 3775 1225 3827 vero,
1259 3776 1447 3814 sermo
1479 3765 1565 3815 est
1600 3778 1715 3832 quo
1766 3763 2010 3817 fraudu-

358 3842 538 3914 lenta,
561 3844 810 3900 subdola
838 3850 895 3900 et
925 3863 1134 3917 aspera
1163 3847 1434 3903 simulate
1460 3849 1725 3920 falsoque
1761 3849 2011 3922 loquen-

359 3933 509 3989 tium
540 3934 715 3990 verba
736 3933 1038 3991 leniuntur
1061 3952 1193 3992 cum
1229 3936 1633 3994 misericordia
1662 3945 1718 3994 et
1756 3939 2010 3996 commi-

2118 3307 2326 3388 ἀλόγου
2375 3312 2610 3383 οἰήσεως
2661 3311 3144 3388 όγκουμίνης,καὶ
3195 3307 3284 3366 διὰ
3337 3314 3499 3366 τοῦτο
3547 3309 3771 3385 ἐπαιρο-

2124 3401 2283 3474 μένης
2314 3401 2448 3456 κατὰ
2476 3408 2578 3471 τῆς
2606 3401 2861 3475 γνώσεως
2901 3405 2998 3455 τοῦ
3048 3404 3309 3474 Χριστοῦ.
3343 3398 3626 3474 Μάλαγμα
3675 3400 3768 3473 μὲν

2121 3489 2210 3544 οὖν
2255 3490 2395 3545 ἐστιν
2428 3491 2455 3544 6
2493 3489 2626 3563 μετὰ
2671 3490 2980 3564 πραότητος
3029 3488 3118 3544 καὶ
3167 3488 3459 3550 ἐπιεικείας
3503 3509 3769 3542 ταπεινω-

2116 3580 2269 3642 τικὸς
2315 3584 2424 3634 τῶν
2478 3579 2720 3652 ματαίων
2775 3577 3089 3656 φυσιώσεων
3150 3577 3350 3654 λόγος’
3384 3575 3566 3632 ἔλαιον
3622 3574 3699 3646 δὲ,
3733 3575 3762 3632 6

2123 3669 2257 3743 μετὰ
2285 3666 2471 3724 οἴκτου
2502 3669 2591 3724 καὶ
2624 3667 2960 3742 συμπαθείας
2987 3668 3053 3724 τὸ
3093 3663 3319 3744 δολερὸν
3377 3665 3466 3721 καὶ
3527 3665 3763 3721 ὕπουλον

2119 3757 2208 3812 καὶ
2252 3757 2428 3833 τραχὺ
2483 3763 2590 3812 τῶν
2659 3756 2709 3812 ὲν
2747 3756 3023 3832 ὑποκρίσει
3067 3754 3420 3831 ψευδολόγων
3472 3752 3769 3811 καταλεαί-

2119 3867 2247 3901 νων·
2279 3843 2616 3920 κατάδεσμος
2649 3844 2726 3917 δὶ,
2759 3845 2923 3922 λόγος
2955 3847 2984 3901 6
3021 3846 3089 3901 τὰ
3135 3846 3270 3922 πρὸς
3310 3842 3580 3901 διάστασιν
3615 3843 3766 3900 ἐπει-

2119 3937 2325 4012 γόμενα
2357 3941 2697 4012 συγκρατῶν.

360 4022 672 4078 serationc.
701 4022 1104 4096 Ligamentum
1135 4027 1367 4083 tandem
1399 4043 1592 4084 sermo
1627 4032 1735 4095 est,
1795 4046 1943 4100 quos
1975 4027 2151 4084 simul
2183 4044 2250 4084 ea
2280 4043 2405 4098 quae
2438 4027 2510 4082 ad
2543 4025 2975 4084 dissensionem
3003 4025 3384 4093 festinabant,
3429 4027 3774 4081 coercentur

363 4117 422 4168 et
453 4114 798 4170 retinentur.

436 4203 520 4258 19.
562 4206 738 4260 Vens.
763 4207 816 4258 7.
852 4205 1018 4260 Terra
1045 4214 1224 4260 vestra
1256 4205 1491 4276 deserta,
1521 4206 1772 4261 civitates
1816 4215 2010 4263 vestrae

360 4307 631 4347 succensae
659 4293 821 4363 igni;
848 4294 1124 4364 regionem
1157 4297 1392 4348 vestram
1425 4310 1610 4350 coram
1636 4295 1786 4350 vobis
1832 4296 2012 4350 alieni
2043 4319 2048 4323 ·

361 4379 1007 4436 άευοναηιεσιάεδοιαεα
1038 4384 1134 4447 est,
1186 4398 1373 4437 eversa
1425 4399 1458 4436 a
1515 4384 1738 4454 populi:
1786 4383 2007 4440 alienis.

361 4466 844 4538 Quandoquidem
873 4468 1200 4539 desperavit
1221 4469 1291 4523 de
1317 4469 2006 4539 corrcctione,interitum

2191 4203 2283 4262 19.
2351 4204 2430 4277 Ἡ,
2465 4205 2538 4280 γῆ
2591 4204 2742 4277 ὑμῶν
2818 4200 3050 4278 ἔρημος,
3109 4202 3166 4258 αἱ
3204 4201 3394 4264 πόλεις
3454 4201 3606 4276 ὑμῶν
3666 4221 3771 4255 πυ-

2121 4291 2430 4366 ρίκαυστοιο
2476 4293 2575 4362 τὴν
2635 4292 2823 4369 χώραν
2887 4293 3040 4366 ὑμῶν
3097 4290 3327 4348 ἐνώπιον
3388 4291 3540 4365 ὑμῶν
3602 4288 3777 4345 ἄλλό-

2117 4400 2260 4454 τριοι
2346 4380 2713 4436 κατεσθίουσιν
2798 4379 2964 4449 αὐτὴν
3003 4427 3016 4454 ,
3087 4379 3176 4436 καὶ
3261 4381 3557 4454 ἠρήμωται
3641 4399 3778 4434 κατ-

2122 4470 2466 4544 εστραμμὲνη
2529 4469 2633 4525 ὑπὸ
2693 4469 2839 4526 λαῶν
2901 4468 3231 4544 ἀλλοτρίων.
3276 4466 3500 4537 Ἐπειδὴ
3560 4466 3777 4545 ἀπέγνω

362 4531 798 4611 interminatur.
831 4531 1113 4612 Caeterum
1146 4557 1347 4613 istbmc
1374 4564 1631 4629 tempore
1662 4531 1807 4615 ἁιη
1849 4561 2000 4616 Isaia:

2117 4531 2221 4629 τῆς.
2266 4531 2629 4634 διορθώσεως,
2684 4558 2903 4614 ἀπειλεῖ
2955 4560 3050 4616 τὸν
3080 4531 3434 4635 ’ἀφανισμόκ
3486 4531 3687 4611 ίΐαῦτω
3717 4551 3777 4610 δὲ

368 4661 482 4700 non
512 4644 883 4718 contigerunt
911 4661 922 4701 :
949 4647 1050 4702 sed
1085 4647 1282 4702 futura
1303 4649 1469 4719 quasi
1495 4649 1623 4719 jam
1656 4650 1810 4704 facta
1838 4665 2009 4704 enar-

367 4749 497 4788 rare
524 4733 824 4805 Scriptura
861 4732 1030 4799 solet,
1092 4735 1177 4788 uti
1233 4741 1322 4790 est
1376 4734 1563 4790 illud:
1623 4735 1904 4791 Dederunt
1951 4738 2012 4791 in

367 4838 544 4878 arcam
565 4837 743 4878 meam
771 4823 868 4894 fel,
902 4829 955 4878 et
979 4823 1037 4878 in
1059 4825 1160 4879 siti
1187 4840 1306 4879 mea
1330 4828 1661 4895 potaverunt
1691 4841 1776 4880 me
1793 4834 1946 4881 arcto
1967 4827 2010 4882 ‘.

369 4910 672 4967 Enimvero
705 4928 834 4967 cum
869 4917 1026 4968 esset
1047 4912 1159 4968 sibi
1199 4929 1569 4984 persuasum,
1604 4916 1722 4968 fore
1764 4917 1828 4968 ut
1885 4931 2012 4984 quae

367 5000 646 5074 praedicta
677 5001 1224 5075 sunt,contingant;
1252 5006 1528 5074 tanquam
1547 5018 1614 5059 ea
1637 5001 1757 5059 sint
1779 5002 2016 5058 indubi—

435 5155 458 5191 ⁸
486 5160 658 5214 Num.
693 5172 733 5228 ι,
763 5159 816 5214 2.
895 5158 916 5194 ‘
945 5156 1096 5215 Psal.
1129 5172 1320 5226 vani,
1351 5160 1440 5214 22.

439 5313 544 5384 (20)
577 5312 728 5391 ἰᾷᾶὶῑί
757 5317 815 5370 et
844 5315 958 5370 duo
984 5331 1148 5387 mss.,
1181 5313 1468 5391 ἀγομένου.
1503 5314 1614 5370 Alii
1659 5319 1780 5371 tres
1839 5330 2011 5383 mss.,

365 5379 538 5457 ἀπαγό
548 5381 639 5458 μὲν
647 5405 708 5439 ου
717 5427 730 5441 .

440 5455 658 5529 (21)lta
689 5456 847 5529 Regii
883 5458 1110 5529 primus
1136 5463 1191 5513 et
1212 5459 1440 5515 tertius.
1477 5459 1653 5524 Editi,
1714 5457 1791 5528 μὴ
1851 5455 2004 5512 εἶναι.

372 5527 545 5584 Illud;
577 5529 653 5602 μὴ
687 5527 834 5599 εἶναι,
871 5527 1110 5584 Omnino
1131 5531 1295 5586 deest
1325 5532 1383 5586 in
1413 5532 1543 5587 aliis
1573 5527 1764 5586 tribus
1787 5545 1931 5585 mss.

444 5603 557 5675 (22)
608 5603 755 5675 Reg.
789 5603 1132 5675 _secundu_s.
1194 5605 1428 5674 τραῦμα.
1489 5604 1620 5659 Mox
1667 5603 1784 5658 duo
1833 5618 2000 5675 mss.,

373 5665 732 5747 ὀγκουμένηίί
785 5669 1171 5747 ἐπαιρουμὲνη.
1211 5665 1362 5731 Editi
1386 5692 1518 5732 cum
1569 5676 1802 5732 duobus
1867 5665 2001 5731 aliis

2121 4647 2221 4702 οὐκ
2250 4647 2473 4704 ἐπὶτῶν
2515 4649 2731 4724 χρόνων
2773 4645 2996 4706 Ἡσαΐου
3028 4647 3247 4723 γέγονεν
3274 4666 3287 4679 ·
3343 4643 3488 4702 ἀλλὰ
3549 4645 3777 4716 σύνηθες

2120 4740 2188 4810 τῇ
2221 4737 2528 4815 προφητείᾳ
2555 4736 2623 4792 τὰ
2657 4736 2933 4809 μέλλοντα
2962 4738 3203 4811 γίνεσθαι
3231 4736 3304 4798 ὡς
3337 4731 3445 4806 ἤδη
3506 4733 3775 4809 γενόμενα

2124 4825 2325 4900 λέγειν,
2361 4827 2433 4888 ὡς
2491 4827 2572 4894 τὸ,
2616 4823 2862 4882 Ἕδωκαν
2914 4826 2989 4886 είς
3037 4825 3099 4879 τὸ
3157 4825 3355 4900 βρῶμά
3411 4845 3514 4897 μου
3566 4821 3771 4898 χολὴν,

2124 4915 2210 4968 καὶ
2276 4913 2350 4976 tl;
2400 4917 2498 4984 τὴν
2552 4912 2706 4988 δίψαν
2759 4935 2860 4986 μου
2910 4911 3161 4968 ἐπότισάν
3220 4935 3286 4986 με
3339 4907 3482 4983 ὅξος.
3519 4914 3616 4966 Διὰ
3665 4911 3766 4986 γὰρ

2124 5003 2222 5072 τὴν
2257 5003 2344 5058 ἐπὶ
2373 5007 2442 5077 τῇ
2475 4998 2691 5058 ἐκϐάσει
2725 5007 2833 5058 τῶν
2886 5001 3394 5079 προαγορευθέντων
3430 5004 3544 5076 (23)
3585 4998 3778 5056 πεποίο

2126 5330 2266 5370 mss.
2279 5355 2290 5366 .
2327 5312 2732 5387 ὀγκουμένης...
2766 5309 2990 5384 ἐπαιρου
3002 5308 3189 5381 μένης.

2193 5387 2307 5464 (23)
2338 5378 2509 5464 σριιεξ
2532 5378 2784 5464 primus,
2804 5378 3384 5464 ςτξροσιπιγορευθὲντωνζ
3429 5385 3556 5464 μοι
3606 5378 3772 5464 ῼΟΠ).

2119 5446 2350 5524 tertius,
2382 5446 2899 5528 ἐκϐηᾶομένη.’ᾼ1ὶί
2959 5446 3079 5528 duo:
3141 5471 3312 5523 mss.,
3366 5446 3765 5528 ὲκϐῃσρμένην.

2117 5529 2267 5585 Editi
2296 5517 2550 5603 denique
2575 5517 2720 5585 cum
2757 5527 2890 5585 aliis
2946 5526 3179 5584 duobus
3244 5517 3413 5594 mss.,
3459 5517 3766 5595 ιξςϐτλσομι.

2113 5621 2243 5674 νων,
2275 5607 2449 5659 recte.
