4108 6214
356 343 480 402 M9

1183 429 1186 434 _
1239 344 1648 405 COMMENT.
1697 344 1776 403 IN
1819 341 2090 403 ISAIAM
2138 343 2643 405 PROPHETAM.
2688 345 2860 406 CAP.
2908 345 2956 405 Ι.

3666 352 3785 414 150

349 481 540 540 θησιν,
594 473 669 534 ὡς
734 472 1141 549 ἀναυτιρρήτως
1201 468 1748 546 ἐκϐημσομένων,τὸ
1805 468 1978 544 μέλλο

2091 532 2095 540 _
2127 475 2320 528 tenter
2348 476 2915 538 eventura.i‘uturum
2941 492 3075 531 cum
3109 476 3398 547 praeterito
3459 482 3775 540 connectit.

345 559 564 624 ἔσεσθαι
623 565 704 633 τῷ
760 561 1086 638 παρελθόντι
1167 561 1507 618 συνάπτεται.
1572 555 1897 634 Συμϐέϐηκε
1955 556 2012 612 δὶ

2123 561 2294 617 Porro
2327 563 2447 619 baac
2479 565 2852 636 contigerunt
2874 570 2998 621 tum
3031 565 3244 620 cumin
3273 566 3628 638 Babylonem
3681 571 3780 626 ab-

345 655 524 704 ταῦτα
566 649 656 704 ἐπὶ
685 658 788 720 τῆς
851 651 929 713 εἷς
988 646 1288 708 Βαϐυλῶνα
1336 650 1748 726 αἲχμαλωσίας,
1805 651 1903 719 τήν
1953 669 1981 702 τ

2118 651 2277 706 ducti
2309 659 2448 709 sunt
2470 653 3172 726 captivizsiquidemterra
3203 653 3327 711 suis
3359 655 3646 713 exhausta
3686 664 3776 715 est

340 744 446 814 γῆν
505 743 810 804 κενωθῆναι
862 743 968 793 τῶν
1027 739 1356 815 οῗκητόρων,
1398 741 1489 793 καὶ
1540 739 1634 800 τὰς
1683 737 1874 799 πόλεις
1907 735 2008 809 ἐμ-

345 829 693 901 πρησθῆναι,
751 828 843 882 καὶ
906 829 1009 883 ὑπό
1055 833 1160 884 τῶν
1221 829 1279 882 έκ
1327 835 1428 898 τῆς
1475 826 1719 898 Μηδείας
1769 825 2008 881 ἀποστα-

346 914 562 971 λέντων
591 916 828 972 ἐποίκων
851 918 952 986 τὴν
1004 919 1192 993 χώραν
1234 917 1520 989 ὶσθίεσθαι,
1557 915 1864 992 βλεπόντων
1896 917 2002 970 τῶν

340 1004 819 1082 καταλειφθέντων
856 1009 990 1080 (24)·
1040 1008 1128 1061 ὅτε
1179 1006 1268 1061 καὶ
1320 1004 1529 1082 ἐγένετο
1579 1009 1723 1060 πᾶσα
1769 1007 1804 1075 ἡ
1845 1005 2005 1081 χώρα

339 1096 804 1171 κατεστραμμένη
862 1096 963 1150 ὑπὸ
1016 1093 1161 1150 λαῶν
1212 1094 1544 1172 ἀλλοτρίων.
1606 1095 1750 1149 Κατά
1798 1091 1855 1148 δὲ
1909 1093 2003 1154 τὰς

339 1183 694 1260 ὖφηλοτέρας
771 1183 1000 1252 ἐννοίας,
1066 1185 1163 1248 τὰς
1235 1187 1370 1258 ἡμῖν
1429 1178 1878 1259 προσοικειούσας
1935 1183 2002 1236 τὰ

330 1270 574 1327 παλαιά*
624 1274 791 1331 ⁸Ὀταν
836 1274 1157 1348 ἀποστωμεν
1207 1273 1312 1329 ἀπὸ
1361 1278 1492 1329 Θεοῦ
1555 1278 1652 1328 τοῦ
1707 1272 1998 1348 ἡμετέρου,

328 1361 423 1415 καὶ
461 1359 876 1435 διαπετάσωμεν
909 1363 1004 1425 τὰς
1049 1365 1237 1439 χεῖρας
1284 1366 1442 1438 ἡμῶν
1494 1363 1628 1438 πρὸς
1675 1362 1792 1426 θεὸν
1825 1359 1996 1416 ἀλλό-

328 1470 510 1524 τριον,
541 1449 958 1526 παραδιδόμεθα
989 1451 1304 1527 ἀλλοτρίοις
1344 1458 1459 1514 τοῖς
1507 1451 1804 1527 ἐρημοῦσιν
1849 1454 1996 1522 ἡμᾶς

330 1539 422 1592 καὶ
485 1541 975 1620 καταστρέφουσιν.
1038 1543 1245 1612 Ἔξεστι
1316 1541 1416 1618 γὰρ
1501 1543 1772 1616 θεωρῆσαι
1828 1539 1996 1594 πάντα

328 1625 398 1678 τὰ
459 1625 812 1700 ἀπειλημένα
871 1622 1240 1700 συμϐαίνοντα
1294 1633 1410 1690 τοῖς
1469 1626 1886 1702 ἁμαρτάνουσιν.
1934 1633 1994 1681 ἹῙ

323 1720 393 1787 γῆ
432 1715 596 1788 ὑμῶν
627 1712 859 1791 ἕρημος.
911 1722 1018 1787 Γῆν
1053 1715 1351 1793 πολλαχοῦ
1394 1717 1493 1786 τὴν
1552 1718 1736 1791 ψυχὴν
1765 1717 1792 1771 ὁ
1826 1715 1992 1793 λόγος

327 1801 488 1878 λέγει
544 1807 646 1874 τήν
703 1803 1124 1881 ὑποδεχομένην
1181 1808 1248 1861 τὰ
1313 1810 1409 1861 τοῦ
1463 1805 1628 1881 λόγου
1687 1809 1986 1882 σπέρματα,

323 1892 400 1955 ὡς
432 1891 488 1945 ἐν
520 1898 604 1966 τῷ
636 1894 956 1971 Εὐαγγελίῳ
1006 1892 1365 1972 δεδιδάγμεθα
1401 1893 1489 1950 διὰ
1534 1898 1636 1960 τῆς
1665 1891 1986 1966 παραϐολῆς

321 1986 422 2035 τοῦ
451 1981 680 2057 Κυρίου,
714 1984 796 2038 ὅτι
852 1986 922 2039 τὰ
954 1985 1050 2057 μέν
1109 1983 1290 2040 ἔπεσεν
1343 1983 1431 2039 ἐπὶ
1471 1985 1572 2054 τήν
1619 1991 1719 2060 γῆν
1770 1991 1867 2054 τῆν
1891 2005 1985 2039 κα-

318 2068 452 2140 λὴν,
487 2073 592 2140 τήν
641 2069 892 2142 δεκτικήν
957 2073 1292 2148 μαθημάτων
1345 2073 1524 2142 θείων,
1559 2073 1649 2128 καὶ
1688 2074 1826 2148 πρὸς
1853 2094 1984 2150 καρ-

315 2160 595 2236 ποφορίαν
642 2159 877 2226 εὔθετον.
927 2164 1176 2237 Ἐρημος
1235 2160 1312 2231 δὲ,
1342 2165 1376 2231 ἡ
1430 2160 1619 2240 σοφίαν
1650 2164 1726 2235 μή
1758 2155 1980 2238 ἔχουσα,

316 2246 467 2322 μηδὶ
498 2248 694 2324 λόγον,
731 2249 872 2324 μηδὲ
910 2253 1046 2306 κατά
1093 2250 1437 2322 δικαιοσύνην
1493 2252 1705 2328 βιοῦσα,
1757 2249 1896 2325 μηδὲ
1927 2251 1979 2307 ἐν

308 2336 550 2409 ἀληθείᾳ
601 2342 969 2413 πορευομένη.
1029 2342 1096 2397 Αἱ
1152 2340 1342 2402 πόλεις
1401 2341 1551 2414 ὑμῶν
1601 2340 1976 2416 πυρίκαυστοι.

309 2425 489 2488 Πόλις
542 2426 656 2481 ἐστὶ
708 2427 962 2502 σύστημα
1010 2428 1310 2505 ἀνθρώπων
1362 2428 1421 2484 έκ
1472 2427 1746 2506 διαφόρων
1789 2429 1978 2502 ἐπιτη-

309 2511 602 2587 δευμάτων
650 2516 738 2571 ἐπὶ
779 2516 1039 2590 κοινωνίᾳ
1099 2516 1222 2593 βίου
1277 2519 1800 2593 συγκεκροτημένον·
1844 2521 1974 2593 ὅπερ

308 2603 400 2657 Bri
423 2605 488 2659 τὸ
519 2602 744 2674 πολλὴν
787 2603 932 2682 ἔχειν
991 2608 1091 2676 τήν
1125 2606 1174 2662 έν
1225 2611 1341 2669 τοῖς
1393 2602 1574 2683 ἔργοις
1615 2609 1972 2681 ματαιότητα,

310 2691 470 2762 ξύλα,
520 2693 730 2769 χόρτον
783 2697 895 2768 (25)
967 2696 1056 2749 καὶ
1109 2693 1388 2769 καλάμην,
1437 2695 1488 2750 ἓν
1533 2699 1602 2770 τῇ
1651 2697 1834 2771 ἡμέρᾳ
1879 2696 1971 2765 τῆς

310 2781 548 2854 κρίσεως
597 2783 1070 2859 καταπίμπραται,
1119 2785 1206 2838 καὶ
1265 2783 1470 2860 γίνεται
1536 2784 1603 2840 τὰ
1653 2787 1973 2858 συστήματα

313 2874 425 2924 τῶν
459 2866 674 2926 ἀσεϐῶν
729 2873 1086 2948 πυρίκαυστα.
1119 2873 1231 2942 Τὴν
1285 2875 1472 2949 χώραν
1530 2875 1681 2947 ὑμῶν
1737 2875 1967 2930 ἐνώπιον

314 2959 470 3032 ὑμῶν
555 2959 849 3037 ἀλλότριοι
923 2964 1313 3034 κατεσθίουσιν,
1377 2961 1500 3018 ὅταν
1573 2961 1632 3018 ἐκ
1705 2963 1968 3039 προτέρου

2118 739 2580 798 habitatoribus:
2614 743 2881 799 civitates
2916 745 3152 800 fuerunt
3183 744 3305 816 igni
3336 761 3652 817 succensis,
3711 752 3769 804 et

2115 829 2187 882 ab
2220 829 2290 885 iis
2325 831 2424 903 qui
2456 848 2524 886 ex
2553 833 2740 887 Media
2756 832 2920 888 missi
2952 838 3118 888 erant
3140 832 3361 889 colonis
3385 834 3660 891 devorata
3681 852 3764 892 re-

2113 917 2205 987 gio
2236 919 2445 988 est,his
2477 921 2622 992 ipsis
2680 921 2782 992 qui
2844 922 3078 977 fuerant
3117 922 3397 993 derelicti,
3433 923 3490 978 id
3522 940 3764 981 cernen-

2112 1006 2308 1074 tibus;
2343 1008 2545 1064 itidem
2578 1027 2711 1065 cum
2770 1011 2927 1082 regio
2988 1011 3181 1067 omnis
3231 1012 3514 1068 subversa
3542 1016 3632 1069 est
3687 1014 3761 1070 ab

2112 1095 2317 1152 alienis
2345 1097 2598 1169 populis.
2633 1099 2744 1154 Sed
2767 1099 2939 1170 juxta
2969 1099 3372 1157 sublimiorem
3426 1101 3760 1174 intelligen-

2112 1184 2253 1239 tiam
2284 1202 2378 1241 res
2411 1188 2664 1259 antiquae
2689 1189 2858 1244 nobis
2891 1189 3518 1261 adaptantur.Quando
3549 1191 3756 1248 deiici-

2110 1289 2242 1329 mus
2274 1291 2308 1329 a
2336 1275 2452 1331 Deo
2481 1280 2698 1345 nostro,
2733 1293 3063 1348 manusque
3085 1280 3319 1333 nostras
3361 1278 3754 1350 expendimus

2107 1363 2178 1417 ad
2208 1363 2383 1419 deum
2410 1363 2904 1436 alienum,alienis
2922 1367 3022 1438 qui
3056 1384 3162 1422 nos
3181 1367 3491 1423 devastant
3513 1385 3578 1424 ac
3595 1385 3750 1425 ever-
3821 1376 3835 1392 '

2106 1454 2259 1522 tunt,
2290 1455 2603 1510 tradimur.
2646 1455 2792 1510 Nam
2825 1456 3122 1512 advertere
3154 1455 3287 1512 licet
3310 1457 3500 1512 minas
3531 1473 3741 1515 omnes

2107 1539 2358 1597 intentas
2408 1544 2814 1614 peccatoribus
2869 1544 3148 1600 accidere.
3203 1545 3369 1599 Terra
3424 1555 3604 1602 vestra
3651 1547 3743 1603 de-

2100 1638 2268 1684 serta.
2303 1630 2600 1704 Plerisque
2630 1631 2772 1688 locis
2801 1633 3100 1704 Scriptura
3142 1637 3360 1688 terram
3401 1637 3571 1688 vocat
3625 1635 3746 1690 ani-

2103 1735 2260 1774 mam
2292 1720 2518 1777 semina
2542 1721 2696 1776 verbi
2730 1722 3178 1794 suscipientem,
3203 1723 3288 1776 uti
3321 1721 3599 1793 parabole
3636 1723 3739 1780 Do-

2101 1808 2245 1864 mini
2277 1826 2486 1866 sumus
2507 1811 2566 1865 in
2599 1810 2910 1883 Evangelio
2940 1811 3129 1867 edocti
3159 1811 3217 1866 8:
3251 1811 3407 1882 quod
3467 1811 3742 1868 videlicet

2098 1897 2213 1952 alia
2243 1899 2470 1954 semina
2495 1900 2828 1955 ceciderunt
2857 1900 2916 1955 in
2949 1905 3164 1956 terram
3193 1900 3432 1966 bonam,
3460 1899 3736 1956 doctrina)

2096 1984 2303 2040 divinaa
2335 2003 2630 2059 capacem,
2663 1993 2836 2059 atque
2885 1989 2956 2044 ad
2989 1989 3244 2044 fructum
3277 1987 3583 2044 ferendum
3613 1988 3734 2045 ido-

2096 2090 2288 2130 neam.
2321 2079 2394 2132 At
2412 2093 2542 2132 vero
2563 2076 2786 2133 deserta
2818 2094 2885 2133 ea
2910 2081 2998 2133 est
3037 2095 3163 2149 quas
3211 2076 3560 2148 sapientiam
3617 2094 3733 2134 non

2093 2160 2270 2219 habet
2292 2181 2397 2220 nec
2428 2165 2779 2234 doctrinam,
2810 2182 2915 2222 nec
2943 2165 3118 2222 vitam
3147 2165 3403 2222 instituit
3437 2167 3610 2237 juxta
3631 2166 3732 2237 ju-

2090 2251 2334 2322 stitiam,
2371 2270 2559 2325 neque
2589 2253 2646 2309 in
2675 2256 2915 2310 veritate
2944 2254 3498 2312 ambulat.Civitates
3536 2257 3734 2312 vestrae

2089 2341 2218 2412 igni
2243 2358 2529 2398 succensae.
2562 2343 2776 2399 Civitas
2806 2343 3114 2399 hominum
3137 2347 3322 2400 cretus
3339 2347 3521 2410 est,ex
3551 2343 3734 2399 diver-

2087 2431 2168 2485 sis
2201 2433 2461 2488 moribus
2474 2437 2531 2488 et
2559 2432 2846 2489 institutis
2869 2433 2940 2489 ad
2955 2447 3328 2488 communem
3348 2433 3474 2488 vitae
3496 2431 3736 2489 societa-

2086 2521 2204 2574 tem
2237 2521 2545 2591 conﬂatu,
2567 2521 2995 2594 quipropterea
3023 2522 3182 2593 quod
3213 2522 3272 2577 in
3301 2523 3579 2594 operibus
3601 2522 3729 2578 suis

2087 2609 2341 2664 multum
2373 2609 2588 2666 habeat
2607 2610 2906 2680 vanitatis,
2937 2610 3096 2683 ligna
3127 2610 3371 2679 scilicet,
3407 2612 3608 2666 fenum
3667 2614 3725 2665 et

2082 2696 2386 2769 stipulam,
2418 2699 2710 2769 injudicii
2738 2700 2831 2755 die
2863 2700 3247 2770 comburitur,
3277 2705 3452 2771 atque
3499 2699 3588 2754 bas
3614 2699 3726 2754 im-

2082 2786 2315 2858 piorum
2372 2788 2679 2844 societates
2737 2789 2870 2861 igne
2900 2790 3360 2845 succenduntur.
3419 2789 3721 2857 Regionem

2078 2881 2313 2934 vestram
2335 2894 2517 2935 coram
2539 2879 2682 2935 vobis
2705 2880 2884 2934 alieni
2909 2879 3170 2935 devorant
3200 2883 3327 2934 tum
3359 2878 3720 2944 cum,anima

2078 2983 2183 3038 per
2213 2967 2462 3039 priorem
2491 2968 2666 3023 vitam
2697 2972 2753 3023 et
2772 2971 2988 3023 rectam
3047 2968 3256 3040 agendi
3310 2967 3592 3024 rationem
3627 2983 3715 3023 re-

313 3050 440 3124 βίου
469 3050 564 3106 καὶ
597 3049 879 3115 πολιτείας
923 3053 1127 3130 ἀγαθῆς
1155 3053 1598 3130 πεπληρωμένης
1638 3060 1738 3124 τῆς
1787 3062 1969 3132 φυχῆς

2091 3057 2236 3129 pleta
2262 3057 2515 3130 Spiritus
2547 3057 2860 3124 fructibus,
2893 3056 3198 3125 cbaritate,
3260 3056 3498 3129 gaudio,
3552 3073 3716 3130 pace,

309 3145 421 3194 τῶν
454 3145 683 3216 καρπῶν
716 3145 814 3196 τοῦ
847 3141 1178 3216 Πκθεῦματος,
1229 3142 1459 3219 ἀγάπης,
1493 3147 1689 3218 χαρᾶς,
1723 3143 1965 3218 εἰρήνης,

2080 3145 2378 3218 patientia,
2403 3145 2764 3220 benignitate
2783 3146 2826 3212 ⁸,
2857 3145 3232 3202 advenientes
3265 3145 3463 3201 alienae
3495 3146 3720 3219 cogita-

312 3211 721 3304 μακροθυμίας,
783 3211 1185 3307 χρηστότητος,
1263 3211 1606 3294 έπιπεσόντες
1675 3211 1968 3308 ’ἀλλότρίοι

2091 3234 2270 3291 tiones
2293 3235 2575 3308 pristinos
2605 3234 2834 3292 labores
2864 3234 3208 3290 absumunt.
3242 3235 3406 3300 Quod
3438 3235 3489 3290 si
3519 3233 3591 3305 .in
3623 3249 3724 3306 ge-

308 3317 582 3392 λογισμοὶ
632 3320 1066 3377 καταναλίσκουσι
1118 3322 1186 3377 τὰ
1254 3321 1735 3396 προπεπονημένά.
1794 3320 1974 3377 Ἀλλὰ

306 3405 396 3461 ἐὰν
431 3407 525 3461 καὶ
561 3406 611 3463 ἐν
651 3412 723 3482 τῇ
771 3409 957 3484 πράξει
985 3414 1093 3465 τῶν
1123 3410 1258 3466 κατὰ
1311 3411 1404 3465 τὸν
1467 3409 1586 3486 βίον
1634 3410 1698 3466 τὸ
1746 3431 1973 3485 πρακτι-

305 3498 399 3551 κὸν
452 3503 557 3566 τῆς
608 3500 796 3573 ψυχῆς
825 3494 1042 3553 ἔκδοτον
1078 3497 1254 3573 δῶμεν
1289 3497 1596 3573 δαιμονίοις
1627 3497 1975 3576 ἀκαθάρτοις,

304 3586 512 3660 γίνεται
575 3590 610 3657 ἡ
670 3594 739 3662 γῆ
791 3590 952 3660 ἡμῶν
985 3589 1430 3664 κατεστραμμένη
1487 3589 1590 3643 ὑπὸ
1638 3587 1972 3664 ἀλλοτρίων.

306 3681 448 3730 Θεοῦ
510 3678 617 3752 γὰρ
675 3677 970 3753 γεώργιον,
1036 3682 1168 3733 Θεοῦ
1239 3676 1508 3750 οἰκοδομή
1587 3677 1769 3751 ἐσμεν.
1825 3681 1974 3740 ’Έως

307 3764 469 3838 ἐσμὲν
655 3764 915 3839 κλήματα
967 3765 1193 3839 μένοντα
1240 3765 1290 3821 έν
1345 3770 1413 3840 τῇ
1464 3764 1698 3839 ἀμπέλῳ
1740 3771 1819 3839 τῷ
1848 3770 1975 3841 Χρι-

308 3856 442 3926 στῷ,
477 3856 717 3932 φέροντα
744 3853 874 3917 τοὺς
923 3857 1172 3931 καρποὺςΔ
1203 3855 1332 3918 τοὺς
1383 3850 1782 3918 ἐπιϐάλλοντας
1813 3858 1972 3930 ἡμῖν,

186 3990 198 3998 .
305 3945 439 3998 Θεὸν
498 3942 708 4019 ἔχομεν
755 3943 1025 4019 γεωργόν·
1085 3943 1173 4000 ἐὰν
1225 3943 1283 4000 δὲ
1335 3945 1656 4020 ἀποστῶμεν
1702 3951 1802 4014 τῆς
1837 3949 1973 4014 ζωο-

307 4038 480 4088 ποιοῦ
515 4033 699 4108 ῥίζης,
746 4036 847 4102 τῆς
894 4033 971 4095 είς
1018 4034 1250 4109 Χριστὸν
1303 4034 1560 4103 πίστεως,
1590 4034 1974 4108 ξηραινόμενοι

309 4120 645 4198 μλλόμεθα
702 4118 824 4192 ἔξω,
867 4123 957 4176 καὶ
1013 4124 1300 4196 καιόμεθα’
1353 4110 1524 4192 καὶ
1573 4122 1631 4176 ἐκ
1675 4129 1776 4192 τῆς
1824 4119 1972 4177 διδα-

306 4209 543 4272 σκαλίας
571 4208 842 4284 οἰκοδομὴ
877 4214 1060 4285 ἡμῶν,
1093 4211 1238 4287 παρά
1282 4213 1342 4266 τὸ
1394 4213 1630 4281 καθῆκον
1685 4211 1974 4286 βιούντων,

304 4296 915 4378 καταστρέφεται.¹²Εὰν
965 4301 1068 4377 γὰρ
1121 4302 1198 4375 μὴ
1233 4299 1576 4376 ἇπιμένωμεν
1622 4305 1702 4373 τῷ
1734 4300 1973 4374 θεμελίῳ

305 4392 413 4442 τῶν
446 4386 802 4457 ἀποστόλων,
847 4387 1345 4463 ἀποικοδομοῦντις
1396 4389 1463 4444 τὰ
1521 4388 1698 4462 τίμια.
1758 4387 1835 4450 ὡς
1894 4387 1972 4460 μὴ

307 4475 530 4552 ἔχοντες
592 4475 851 4551 θεμέλιον
920 4476 1433 4554 καταῤῥηγνῦμεθα,
1505 4477 1596 4532 καὶ
1652 4476 1853 4553 γίνεται
1911 4473 1972 4530 τὰ

308 4572 518 4640 πτῶμα
548 4569 712 4654 ἡμῶν
750 4567 909 4641 μέγα·
962 4565 1128 4622 οἱονεὶ
1176 4568 1281 4644 γὰρ
1311 4565 1577 4631 κατεσθίει
1617 4565 1972 4654 σωφροσύνην
2005 4589 2052 4654 D

317 4657 412 4727 μὲν
445 4659 480 4725 ἡ
539 4652 794 4724 ἀκολσία,
827 4654 916 4710 καὶ
965 4655 1025 4709 τὸ
1085 4654 1292 4710 ἁπλοῦν
1339 4657 1455 4730 (27)
1503 4654 1554 4710 έν
1605 4653 1886 4728 μεταδόσει
1934 4656 1968 4724 ἡ

309 4743 675 4822 φιλαργυρία,
707 4745 797 4800 καὶ
825 4745 887 4799 τὸ
919 4743 1256 4820 ἀγαπητικὸν
1288 4747 1322 4814 ἡ
1357 4741 1676 4821 φιλεχθρία,
1705 4741 1972 4800 Ἐλεεινὸν

307 4833 399 4888 οὗν
452 4836 559 4902 τήν
624 4833 950 4904 εὐθηνοῦσαν
1026 4837 1092 4908 τῇ
1172 4838 1279 4889 τῶν
1339 4835 1554 4908 ἀγαθῶν
1629 4832 1977 4911 καρποφορίᾳ

305 4927 495 4999 ψυχήν
555 4917 898 4998 κατάϐρωμα
951 4922 1190 5000 γίνεσθαι
1237 4928 1353 4986 τοῖς
1405 4922 1760 4992 ὑπεναντίοις,
1795 4924 1846 4978 οἳ
1879 4923 1976 4978 οὐκ

309 5013 604 5086 ἀρκοῦνται
639 5013 798 5086 ἡμῶν
856 5015 926 5086 τῇ
984 5011 1285 5088 ἐρημώσει,
1338 5012 1426 5068 ἐὰν
1487 5014 1562 5085 μή
1614 5012 1701 5067 καὶ
1749 5013 1846 5082 τὴν
1876 5034 1972 5068 κα-

305 5102 630 5180 ταστροφὴν
680 5101 1050 5178 ἑπαγάγωσιν.
1111 5102 1176 5160 Ἡ
1228 5103 1322 5176 μὲν
1369 5102 1474 5178 γὰρ
1524 5103 1869 5180 καταστροφὴ
1917 5101 1978 5157 ἐκ

2083 3323 2279 3380 rendis
2308 3324 2435 3378 vitae
2467 3323 2737 3396 negotiis,
2771 3327 3040 3396 agentem
3071 3322 3254 3378 animi
3298 3322 3418 3378 vim
3475 3321 3727 3395 impuris

2082 3413 2370 3469 dedamus
2401 3413 2730 3480 dzemoniis,
2761 3417 2918 3468 terra
2951 3415 3152 3468 nostra
3183 3413 3255 3468 ab
3287 3411 3496 3468 alienis
3517 3411 3724 3468 everti-

2083 3505 2199 3572 tur,
2233 3502 2446 3574 quippe
2480 3503 2575 3557 Dei
2610 3499 2986 3574 agricultura,
3013 3500 3111 3556 Dei
3139 3501 3443 3558 tediﬁcatio
3473 3501 3727 3557 sumus".

2083 3590 2351 3658 Quandiu
2385 3607 2596 3646 sumus
2629 3589 2992 3662 palmites-in
3024 3589 3138 3646 vite
3171 3590 3729 3661 manentes,fructus

2083 3680 2185 3752 qui
2216 3697 2322 3735 nos
2351 3681 2616 3748 deceant,
2643 3679 2872 3735 Christo
2906 3679 3425 3736 aﬂ‘erentoszDeum
3444 3678 3732 3735 habemus

2083 3768 2415 3840 agricolam.
2452 3768 2512 3824 Si
2543 3785 2675 3824 vero
2708 3768 3128 3824 desoiverimas
3181 3785 3215 3823 a
3242 3767 3571 3824 vivificante
3631 3785 3726 3823 ra-

2081 3857 2306 3926 dice,ab
2328 3874 2396 3912 ea
2419 3873 2629 3928 nempe
2659 3873 2785 3928 quas
2816 3855 2876 3910 in
2899 3856 3196 3912 Christum
3228 3860 3317 3912 est
3339 3856 3474 3924 ﬁde,
3493 3855 3733 3912 arefacti

2082 3945 2426 4017 projicimur
2455 3945 2630 4011 foras,
2655 3950 2713 4000 et
2743 3945 3166 4000 comburimur.
3183 3948 3374 4016 Atque
3398 3943 3500 4000 illa
3530 3947 3732 4000 nostra

2083 4033 2361 4104 doctrinae
2391 4031 2715 4104 aedificatio,
2750 4033 2800 4090 si
2831 4033 3100 4089 indecore
3133 4033 3404 4101 vivimus,
3437 4033 3732 4090 subverti-

2082 4095 2354 4179 tur.l\lam
2391 4122 2504 4178 nisi
2539 4122 2598 4176 in
2634 4123 3012 4178 fundamento
3043 4121 3443 4193 apostolorum
3472 4136 3732 4193 perseve-

2083 4216 2654 4284 remus,sumptuosa
2677 4211 2922 4267 nidificia
2942 4210 3547 4283 construentes,quasi
3569 4209 3733 4266 nullo

2084 4299 2318 4356 subnixi
2344 4300 2732 4357 fundamento
2765 4299 3339 4371 ruimus,nosterque
3369 4315 3541 4356 casus
3571 4297 3730 4354 haud

2084 4391 2330 4461 exiguus
2362 4393 2471 4446 est.
2507 4389 2736 4445 Etenim
2782 4389 2954 4460 quasi
2995 4389 3234 4445 devorat
3282 4387 3736 4460 intemperantia

2084 4478 2810 4550 temperantiam,avaritia
2834 4477 3246 4534 liberalitatem
3273 4477 3334 4533 in
3365 4477 3540 4533 rebus
3572 4493 3738 4533 com-

2086 4568 2455 4624 municandis
2477 4568 2675 4634 sitam,
2699 4566 2816 4622 odii
2849 4567 3110 4623 studium
3146 4567 3261 4622 vim
3294 4583 3362 4622 ac
3393 4565 3736 4622 facultatem

2081 4656 2591 4729 diligendi.ltaque
2623 4673 2716 4712 res
2745 4661 2835 4712 est
2865 4656 3224 4722 miseranda,
3255 4655 3516 4712 animam
3547 4655 3736 4711 bonos

2089 4746 2314 4801 fructus
2346 4745 2597 4800 ubertim
2623 4744 3447 4816 producentem,inimicorum
3479 4743 3603 4799 ﬁeri
3637 4761 3737 4815 pa-

2087 4835 2318 4905 bulum,
2351 4833 2568 4906 quibus
2601 4850 2714 4889 non
2748 4833 2892 4890 satis
2924 4837 3012 4888 est
3043 4837 3246 4889 nostra
3273 4832 3658 4904 vastitas,nisi
3677 4835 3734 4890 et

2089 4925 2272 4980 ruina:
2304 4927 2514 4979 nostras
2546 4922 2765 4978 fuerint
2793 4927 3080 4978 auctores.
3100 4921 3412 4979 Enimvero
3443 4938 3512 4978 ex
3540 4921 3739 4995 pravis

2089 5013 2455 5070 documentis
2474 5011 2740 5068 nascitur
2770 5010 3172 5076 ruina,eorum
3205 5011 3305 5082 qui
3338 5027 3532 5067 errore
3563 5011 3739 5068 sedu-

2088 5106 2303 5160 cuntur
2332 5103 2484 5158 392
2512 5101 2710 5157 anima
2757 5101 2877 5157 solo
2908 5099 3076 5172 quasi
3100 5100 3553 5158 allisa.Vastatio
3584 5116 3738 5169 vero,

387 5249 410 5284 ⁸
438 5248 654 5305 Matth.
686 5265 811 5317 xm,
843 5248 879 5305 3
907 5264 1073 5322 seqq.
1149 5250 1170 5286 ⁸
1201 5247 1388 5306 Galat.
1421 5265 1476 5318 v,
1506 5248 1598 5305 22.
1674 5249 1696 5282 ’⁷
1729 5250 1751 5304 Ι
1780 5252 1907 5305 Cor.
1931 5265 2019 5321 ιιι,
2049 5249 2104 5303 9.

383 5394 501 5464 (24)
529 5392 706 5466 Editi,
739 5389 1224 5468 καταληφθέντων.
1253 5397 1328 5449 At
1358 5409 1504 5450 mss.
1539 5393 1785 5466 aliquot,
1817 5413 1975 5447 κατα-

315 5464 673 5517 λειιοθὲντων.

317 5479 673 5520 Αειοθεντων.

381 5521 500 5624 ςξξξ
529 5535 818 5624 genuum
851 5553 1021 5624 mss.,
1051 5534 1188 5624 ξηύλα
1216 5534 1306 5624 τεαὶ
1341 5533 1565 5624 χόρτον.

387 5604 504 5679 (26)
535 5609 679 5680 Reg.
700 5609 1034 5680 secundus,
1064 5604 1170 5670 ἕως
1200 5605 1293 5680 μὲν
1321 5604 1626 5680 οὗνξᾲέσμεν.

388 5675 504 5752 527)
532 5675 657 5736 Voi
684 5675 894 5733 ἁπλοῦν
925 5675 1036 5737 hoc
1066 5675 1634 5737 loco'liberalita'tem
1675 5676 1975 5750 significa-

2085 5408 2148 5449 re
2185 5391 2434 5448 videtur.
2468 5396 2582 5447 Nec
2640 5391 2856 5448 desunt
2911 5390 3012 5462 qui
3070 5391 3272 5446 dicant
3298 5405 3496 5446 vocem
3561 5386 3733 5462 ἀπλόέ

2082 5482 2182 5533 της
2215 5481 2314 5533 pro
2348 5462 2731 5520 beneﬁcentia
2758 5461 2986 5534 quoque
3009 5466 3184 5534 atque
3213 5462 3566 5518 liberalitate
3601 5461 3730 5534 poni

2084 5532 2348 5607 Epistola
2377 5536 2637 5592 secunda
2665 5536 2739 5591 ad
2771 5532 3034 5607 Cprinth.
3067 5532 3193 5602 vim,
3222 5536 3278 5602 2,
3308 5538 3366 5589 et
3403 5549 3610 5588 rursus
3667 5532 3727 5585 in

2086 5608 2288 5664 eadem
2314 5623 2394 5679 ιχ,
2428 5608 2490 5663 11
2524 5617 2582 5664 et
2610 5607 2696 5663 13.
