4108 6214
374 258 485 322 {Si

1314 268 1712 330 APPENDIX
1752 265 2078 331 OPERUM
2123 267 2190 328 S.
2235 267 2517 332 BASlLII
2563 271 2839 336 MAGNI.

3661 269 3780 331 152

295 439 306 446 ..
374 389 590 447 civium
622 392 883 463 priorum
914 399 1004 451 est
1049 396 1316 468 privatio.
1359 399 1477 455 Hoc
1509 405 1700 455 autem
1747 399 1910 455 facile
1960 399 2023 453 ﬁt

2146 401 2240 454 τῶν
2272 407 2526 476 πονηρῶν
2560 404 2669 474 (28)
2722 400 3066 478 ὃιδαγμάτ--υν
3119 399 3346 474 γίνεται,
3376 401 3491 453 οἷον
3526 395 3782 476 ἐδαφιζο-

378 479 438 536 in
467 479 729 536 humana
759 485 1137 542 natura.Vide
1159 487 1315 542 enim
1339 488 1485 544 mihi
1509 489 1844 560 quempiam
1862 491 2024 559 juve-

379 585 514 624 nem
548 586 782 642 apuero
811 574 1037 644 pudicis
1090 576 1466 650 honestisque
1499 579 1759 634 moribus
1809 580 2024 634 educa-

379 661 525 726 tum,
561 658 829 717 alacriter
858 668 915 718 et
943 665 1207 720 studiose
1247 667 1318 722 ad
1371 667 1773 738 precationum
1817 668 2022 723 domos

2136 485 2301 557 μένης
2341 496 2440 558 τῆς
2491 493 2674 565 ψυχῆς
2731 495 2838 544 τῶν
2899 487 3426 563 ἁποσφαλλομὲνων·
3461 489 3496 555 ἡ
3561 483 3617 540 δὲ
3649 485 3782 560 ἰρή-

2135 596 2305 644 μωσις
2336 579 2582 652 στέρησίς
2631 579 2741 633 ἐστι
2795 583 2898 633 τῶν
2949 575 3562 649 προπεπολιτευμὲνων.
3608 576 3785 630 Τοῦτο

2133 660 2189 716 δὲ
2223 663 2418 739 ῥᾳδίως
2446 667 2644 742 γίνεται
2679 668 2802 742 περὶ
2850 669 2948 736 τὴν
3001 665 3339 738 ἀνθρωπίνην
3391 667 3600 738 ψυχήν.
3644 665 3788 735 ’Ὀρα

380 747 788 818 prodeuntem,
814 767 917 821 pro
951 767 1057 806 sua
1088 752 1238 807 virili
1273 759 1433 826 parte
1453 755 1799 822 beneﬁcum,
1827 755 2025 810 aeterni

2146 751 2229 827 γάρ
2282 775 2375 824 μοι
2423 755 2538 810 νέον
2596 757 2715 810 τινὰ
2773 755 2830 810 ἐκ
2878 753 3068 816 παιδὸς
3125 755 3498 828 τεθραμμὲνον
3559 751 3610 806 ἓν
3678 753 3784 826 βίῳ

373 833 590 903 judicii
622 851 966 903 memorem,
1001 840 1448 910 amplectentem
1480 842 1760 897 doctrina:
1803 859 2022 897 sermo-

383 937 557 977 nem:
591 923 802 979 deinde
822 924 990 980 illum
1023 929 1327 984 considera
1356 929 1414 984 in
1465 934 1736 1002 stuprum
1787 930 2023 1000 aliquod

382 1009 752 1082 prolapsum,-
777 1015 1074 1084 quomodo
1107 1021 1238 1087 post
1267 1018 2025 1090 pudicitiaajacturam,fru-

388 1101 713 1170 ctuumque
735 1103 1144 1171 vastationem,
1179 1107 1518 1163 omnimoda
1555 1107 1719 1163 illum
1752 1108 2024 1178 deinceps

387 1187 559 1243 ruina
580 1193 815 1244 maneat
840 1190 972 1246 Jam
998 1193 1150 1248 male
1174 1196 1531 1251 conscientia
1563 1214 1674 1252 non
1708 1196 1864 1252 hunc
1887 1195 2028 1251 sinit

387 1275 457 1330 ad
500 1275 854 1347 precationis
893 1278 1088 1336 locum
1137 1283 1446 1354 proﬁcisci,
1497 1285 1715 1356 quippe
1763 1284 2026 1340 ﬁdelium

269 1363 284 1378 ‘
385 1363 588 1418 ordine
642 1381 758 1421 non
817 1369 1130 1427 consistit:
1181 1373 1251 1428 ab
1308 1390 1374 1428 eo
1432 1374 1725 1444 siquidem
1783 1375 2025 1441 excidit;

388 1464 496 1504 nec
528 1455 725 1507 tamen
757 1452 814 1507 in
845 1455 1186 1513 deflentium
1210 1457 1335 1514 loco
1366 1464 1504 1526 stat,
1556 1460 1846 1532 siquidem
1903 1476 2030 1514 eru-

387 1538 748 1596 bescit.Hinc
780 1542 966 1598 oritur
998 1545 1056 1599 in
1089 1548 1424 1616 precatione
1455 1549 1830 1620 segnities,ac
1862 1549 2030 1603 ﬁctas

389 1628 794 1686 excusationes
817 1633 888 1686 ad
922 1632 1302 1705 inquisitores
1326 1619 1612 1693 fallendos
1642 1637 2033 1693 comminisci-

2134 847 2332 913 σεμνῷ,
2396 843 2470 904 εἰς
2527 843 2710 906 οἷ’κους
2761 845 3075 898 ἀπαντῶντα
3104 847 3209 896 τῶν
3257 847 3580 916 προσευχῶν
3615 839 3783 918 φιλο-

2133 929 2337 1000 πόνως,
2378 935 2475 996 τῆς
2528 933 2665 987 κατά
2718 931 2944 1005 δύναμῖν
3001 931 3242 992 εύποιίας
3305 931 3381 1002 μὴ
3454 927 3782 1002 ἀμελοῦντα,

2139 1021 2481 1091 μεμνημένον
2541 1021 2802 1095 κρίματος
2871 1020 3116 1086 αἰωνίου,
3183 1019 3546 1094 ἀντεχόμενον
3616 1016 3788 1093 λόγου

2137 1103 2511 1178 διδασκαλίαις,
2544 1111 2654 1164 εἶτα
2702 1109 3064 1179 ὀλισθήσαντα
3121 1107 3196 1172 εἷς
3223 1109 3323 1176 τὴν
3364 1105 3636 1178 πορνείαν,
3669 1111 3788 1167 πῶς

2139 1195 2271 1268 μετά
2316 1197 2409 1251 τὸν
2458 1198 2756 1276 ἀφανισμὸν
2806 1205 2906 1268 τῆς
2962 1197 3339 1274 σωφροσύνης,
3388 1194 3477 1250 καὶ
3506 1203 3604 1264 τῆν
3657 1193 3788 1269 ἐργί-

2141 1306 2312 1356 μωσιν
2367 1291 2474 1340 τῶν
2528 1292 2773 1360 καρπῶν,
2835 1286 3026 1342 λοιπὸν
3081 1287 3167 1340 καὶ
3227 1287 3262 1354 ἡ
3321 1283 3594 1353 παντελὴς
3638 1283 3789 1353 αύτῷ

2135 1377 2479 1450 καταστροφὴ
2535 1375 2844 1439 ἀκολουθεῖ.
2912 1375 3021 1430 Οὐκ
3071 1376 3183 1450 ἄγει
3238 1371 3295 1428 δὲ
3353 1375 3467 1445 (29)
3528 1372 3686 1428 αὐτὸν
3750 1373 3785 1439 ἡ

2137 1464 2354 1538 πονηρά
2382 1462 2687 1534 συνείδησις
2718 1465 2792 1526 εἷς
2822 1466 2911 1519 τὸν
2942 1465 3108 1519 τόπον
3132 1470 3232 1532 τῆς
3267 1468 3609 1536 προσευχῆς,
3646 1457 3792 1514 διότι

2138 1550 2189 1604 ἐν
2265 1556 2334 1625 τῇ
2403 1554 2546 1623 τάξει
2617 1558 2722 1608 τῶν
2800 1557 3004 1607 πιστῶν
3080 1553 3189 1627 οὐχ
3265 1548 3506 1620 ἕστηκεν·
3580 1549 3793 1620 ἰξὲπεσε

2136 1638 2256 1714 γάρ·
2320 1640 2369 1694 ἰν
2431 1638 2487 1695 Si
2542 1646 2610 1715 τῇ
2666 1647 2772 1696 τῶν
2830 1643 2942 1714 (30)
3005 1639 3414 1696 ὑποκλαιόντων
3467 1637 3628 1713 χώρᾳ
3683 1638 3792 1714 οὐχ

389 1717 508 1771 tur.
542 1716 864 1790 Quispiam,
901 1721 1110 1793 inquit,
1144 1732 1304 1796 urget
1345 1742 1456 1792 me,
1483 1731 1658 1798 atque
1717 1727 1860 1782 adeo
1916 1743 2027 1781 non

2146 1725 2369 1797 ίστάται,
2419 1729 2733 1805 αἰσχύνεται
2792 1732 2918 1805 γάρ.
2979 1731 3246 1786 Ἐντεῦθεν
3307 1727 3464 1789 ὄκνος
3514 1726 3592 1788 εἷς
3650 1746 3789 1799 προσ

392 1804 665 1875 opperior
697 1823 867 1864 caanaa
899 1811 1383 1883 celebrationem;
1416 1820 1472 1871 et
1501 1815 1574 1870 ob
1605 1832 1732 1870 eam
1792 1832 2030 1870 causam

397 1895 532 1946 ante
545 1893 802 1952 ﬁdelium
827 1899 1218 1969 precationem
1233 1920 1439 1959 rursus
1451 1921 1513 1960 se
1525 1903 2034 1976 subducit,quam-

396 1977 540 2036 libet
568 1986 1000 2043 excusationem
1046 1990 1352 2064 efﬁngens.
1410 1994 1628 2048 Deinde
1685 1993 1903 2050 sensim
1961 1994 2034 2048 ob

397 2073 880 2130 consuetudinem
912 2078 1230 2135 meditatur
1259 2082 1636 2152 apostasiam,
1669 2090 1726 2139 et
1764 2085 1835 2138 ad
1893 2083 2032 2138 inte-

394 2171 558 2228 gram
594 2163 977 2232 perditionem
1011 2167 1340 2226 deducitur.
1375 2173 1438 2226 In
1471 2189 1725 2243 summa,
1761 2172 2034 2245 malignis

396 2250 790 2316 potestatibus
821 2255 1112 2326 peculiare
1135 2262 1242 2325 est,
1280 2276 1583 2332 nunquam
1617 2263 1780 2333 prius
1837 2263 1907 2318 ab
1962 2263 2033 2319 iis

392 2338 800 2407 quosjustitise
821 2342 1107 2400 fructibus
1123 2363 1334 2403 vacuos
1359 2349 1719 2405 reddiderint
1741 2352 2031 2418 secedere,

390 2437 566 2492 quam
597 2428 835 2484 eosdam
869 2431 941 2487 iis
971 2433 1070 2503 qui
1100 2433 1253 2491 circa
1283 2438 1678 2508 cognitionem
1728 2447 2036 2494 versantur

393 2513 689 2573 erroribus
720 2517 1064 2576 imbuerint.

465 2709 554 2765 30.
588 2711 762 2772 Vens.
788 2715 840 2770 8.
871 2717 1297 2791 Derclinquetur
1323 2723 1443 2792 ﬁlia
1473 2722 1631 2790 Sion,
1663 2727 1801 2780 sicut
1846 2727 2032 2782 taber-

395 2800 663 2855 naculum
694 2805 759 2858 z'n
787 2805 974 2887 vinea,
1005 2813 1059 2863 et
1088 2811 1227 2865 sicut
1241 2827 1529 2882 pomorum
1556 2815 1802 2870 custodia
1831 2816 1892 2870 in
1939 2831 2033 2870 cu-

394 2892 726 2947 cumerario.
757 2893 1186 2965 Argumentum
1209 2901 1360 2969 justi
1382 2902 1592 2971 judicii
1649 2902 1748 2958 Dei
1803 2903 2036 2959 exhibet

397 2973 683 3033 similium
713 2982 1042 3040 retributio.
1089 2987 1408 3058 Dereliquit
1440 2990 1771 3058 Dominum,
1805 2992 1877 3046 ob
1905 3008 2033 3046 eam

395 3079 630 3151 causam
661 3069 1100 3144 derelinquetur
1129 3075 1250 3131 ﬁlia
1278 3078 1436 3133 Sion.
1462 3079 1640 3134 Suam
1672 3084 1865 3135 tamen
1899 3097 2033 3151 erga

395 3149 557 3207 illam
589 3162 780 3210 servat
807 3126 996 3215 adliuc
1023 3161 1470 3235 benignitatem,
1503 3167 1685 3222 ﬁliam
1746 3126 2030 3240 nominzt,
2061 3126 2106 3196 α

399 3255 606 3296 rursus
637 3241 828 3312 ipsam
858 3250 1167 3318 appellans
1196 3254 1387 3322 priore
1428 3257 1684 3322 nomine,
1718 3259 1871 3327 quod
1900 3265 2033 3312 ante

394 3326 694 3384 obtinebat
715 3346 893 3402 quam
915 3351 978 3389 se
1009 3337 1418 3396 abalienasset.
1442 3326 1864 3413 Derelinquctztr
1890 3347 2035 3400 sicut

393 3414 814 3475 tabernaculum
844 3423 903 3477 in
931 3425 1116 3480 vinea.
1147 3428 1231 3481 Ad
1281 3430 1610 3486 custodiam
1643 3433 1941 3488 fructuum
1973 3435 2034 3488 in

393 3501 576 3559 vineis
626 3509 994 3565 nascentium
1054 3513 1318 3583 ﬁguntur
1374 3521 1642 3575 tentoria.
1700 3521 1843 3577 Cum
1899 3538 2032 3592 ergo

395 3596 563 3646 vinea
592 3596 846 3665 propriis
885 3600 1171 3657 fructibus
1195 3599 1500 3675 exuberat,
1533 3609 1692 3663 omni
1715 3611 1910 3666 studio
1970 3629 2035 3667 ac

397 3678 699 3751 diligentia
719 3691 960 3741 curatur
989 3691 1402 3760 tentorium;ut
1431 3712 1498 3750 ex
1518 3714 1583 3752 eo
1615 3705 1814 3754 custos
1830 3699 2034 3755 sedulo

395 3767 732 3839 prospiciat,
768 3790 858 3844 ne,
883 3777 984 3846 qui
1007 3775 1066 3832 in
1100 3778 1190 3834 via
1212 3787 1582 3854 praetereunt,
1628 3787 1856 3844 fructus
1902 3791 2032 3859 ejus

395 3855 730 3928 decerpant.
764 3864 904 3919 Cum
935 3871 1133 3922 autem
1158 3868 1323 3925 vinea
1345 3871 1712 3931 infructuosa
1739 3855 2034 3945 est,vineaa

394 3946 764 4034 munimenta
787 3960 1212 4026 consequenter
1241 3960 2034 4034 negliguntur.0uamobrem

305 4073 311 4082 .
390 4031 782 4094 lsraeliticum
811 4042 1096 4113 populum
1129 4031 1474 4106 derelictu—m
1508 4051 2032 4126 iriinterminatur,

391 4125 590 4194 utpote
620 4126 721 4198 qui
752 4137 1212 4189 consentaneum
1261 4136 1518 4194 fructum
1550 4158 1663 4196 non
1715 4143 1880 4202 ferat.
1943 4125 2035 4200 Ti-

388 4212 672 4271 mendum
703 4218 901 4288 itaque
932 4221 1103 4276 nobis
1135 4231 1224 4278 est
1255 4242 1326 4280 ne
1357 4227 1700 4285 infructuosi
1737 4233 1946 4304 simus,
1971 4243 2036 4293 ut

389 4315 461 4354 ne
492 4303 591 4358 Dei
623 4303 983 4376 inspectione
1012 4309 1424 4368 destituamur.
1485 4316 1734 4385 Spiritus
1792 4303 2035 4382 sanctus

389 4392 499 4456 est,
531 4391 630 4460 qui
664 4409 768 4448 nos
801 4396 1072 4450 custodit.
1133 4403 1338 4469 Itaque
1363 4419 1497 4456 cum
1552 4407 1750 4463 anima
1811 4411 2036 4470 fructus

2144 1816 2328 1894 φάσεις
2375 1817 2758 1892 πεπλασμένας
2797 1822 2909 1892 (31)
2949 1816 3180 1872 ἐπινοῶν
3238 1819 3373 1892 πρὸς
3414 1816 3542 1878 τοὺς
3596 1815 3789 1884 ἐπιζη-

2142 1909 2381 1968 τοῦντας.
2416 1908 2476 1964 Ὁ
2531 1905 2674 1962 δεῖνά
2733 1929 2819 1980 με,
2871 1906 3052 1984 φησὶν,
3086 1905 3309 1981 ἐπείγει,
3365 1903 3456 1958 καὶ
3510 1903 3607 1958 οὐκ
3658 1905 3787 1957 ἀνα-

2146 1993 2291 2066 μένω
2320 1997 2419 2064 τὴν
2468 1996 2700 2066 σύναξιν’
2746 1997 2831 2050 καὶ
2891 1993 2980 2049 διὰ
3023 1991 3147 2049 τόδε
3193 1993 3356 2048 πάλιν
3409 1992 3517 2067 πρὸ
3545 1999 3644 2060 τῆς
3676 1995 3784 2045 τῶν

2143 2088 2344 2138 πιστῶν
2397 2085 2568 2159 εὐχῆς
2622 2084 2940 2154 ὑπεξῆλθεν,
2974 2081 3083 2138 ὅτι
3130 2079 3190 2136 ἂν
3227 2081 3370 2156 τύχῃ
3413 2079 3786 2152 πλασάμενος.

2143 2174 2274 2230 Εἶτα
2340 2174 2400 2228 ἐκ
2452 2182 2550 2244 τῆς
2580 2174 2714 2229 κατά
2771 2173 2962 2247 μικρὸν
3022 2170 3306 2242 συνηθείας
3367 2167 3569 2243 μελέτη
3637 2169 3788 2237 αύτῷ

2141 2263 2274 2340 πρὸς
2329 2263 2654 2318 ἀποστασίαν
2735 2261 2999 2337 ἐγγίνεται
3078 2264 3209 2331 (32),
3266 2258 3356 2314 καὶ
3404 2257 3479 2320 εἷς
3550 2257 3791 2324 παντελῆ

2142 2351 2415 2407 ἀπώλειαν
2457 2351 2787 2428 περιάγεται.
2845 2349 3096 2408 Καθόλου
3146 2347 3223 2416 δὲ,
3259 2346 3398 2402 ἴδιον
3453 2352 3559 2402 τῶν
3609 2366 3787 2415 πονη-

2142 2446 2251 2516 ρῶν
2285 2439 2582 2514 δυνάμεων.
2620 2442 2756 2514 μετά
2800 2441 2862 2494 τὸ
2905 2438 3148 2516 ἐρήμους
3195 2434 3471 2506 ἀποδεῖξαι
3518 2438 3625 2489 τῶν
3655 2454 3786 2508 καρ-

2141 2535 2256 2601 πῷν
2305 2533 2404 2599 τῆς
2462 2527 2834 2599 δικαιοσύνης,
2897 2530 2972 2601 μὴ
3035 2527 3350 2604 ἀφίστασθαι
3407 2524 3533 2600 πρὶν
3589 2523 3646 2577 ἂν
3696 2521 3788 2576 καὶ

2140 2625 2259 2682 τοῖς
2287 2619 2424 2674 κατά
2450 2620 2550 2688 τὴν
2583 2622 2778 2694 γνῶσιν
2814 2616 3091 2693 σφάλμασι
3123 2609 3517 2689 περιϐάλωσιν.

2210 2731 2298 2784 20.
2376 2726 2961 2804 Ἐγκαταλειφθήσεται
3041 2724 3076 2792 ὴ
3163 2721 3401 2796 θυγάτηρ
3487 2721 3654 2791 Σιὼν,
3709 2719 3786 2782 ὡς

2144 2818 2312 2884 σκηνὴ
2373 2815 2425 2870 ἐν
2505 2813 2807 2884 ἀλπελῶνι,
2884 2813 2973 2867 καὶ
3043 2814 3116 2874 ὡς
3198 2809 3653 2886 ὀπωροφυλάκὶον
3731 2807 3784 2862 ἐν

2143 2907 2453 2979 σικυηράτῳ
2501 2907 2633 2978 (33).
2686 2900 2985 2972 ’Λπόδειξιν
3034 2908 3133 2971 τῆς
3188 2905 3284 2954 τοῦ
3315 2903 3449 2955 Θεοῦ
3485 2895 3786 2971 δικαιοκρι-

2143 2995 2258 3056 σίας
2289 2993 2404 3070 ἔχει
2435 2996 2469 3062 ἡ
2519 2997 2625 3048 τῶν
2676 2993 2881 3064 ὁμοίων
2937 2988 3225 3061 ἀντίδοσις,
3284 2985 3637 3063 Ἐγκατὲλιπε
3679 2989 3789 3058 (34)

2147 3083 2367 3156 Κύριον,
2423 3079 2513 3136 διὰ
2567 3085 2730 3136 τοῦτο
2804 3077 3351 3155 ἐγκαταλειφθήσεται
3429 3077 3464 3146 ἡ
3543 3075 3787 3149 θυγάτηρ

2146 3172 2311 3229 Σιών.
2357 3174 2473 3227 Ἔτι
2524 3168 2582 3225 δὲ
2650 3166 2832 3244 ἔχεται
2875 3175 2974 3236 τῆς
3030 3165 3463 3245 φιλανθρωπίας,
3524 3162 3790 3236 θυγατέρα

2142 3260 2418 3332 ὀνομάζει,
2461 3258 2520 3313 ἐκ
2541 3263 2637 3313 τοῦ
2667 3259 2932 3331 προτέρου
2966 3257 3132 3325 αὐτὴν
3164 3255 3430 3327 ὀνόματος
3481 3251 3787 3319 ἀνακαλῶν,

2144 3347 2317 3424 δεῖχε
2373 3349 2497 3423 πρὶν
2556 3346 3018 3422 ἀλλοτριωθῆναι.
3080 3344 3666 3419 Ἑγκαταλειφθήσεται
3715 3341 3790 3401 ὡς

2144 3444 2316 3506 σκηνῆ
2373 3436 2424 3490 ἐν
2483 3433 2791 3508 ἀμπελῶνι.
2825 3434 2919 3495 Εἰς
2978 3433 3218 3509 φρουρὰν
3271 3436 3380 3486 τῶν
3432 3429 3481 3484 ἐν
3533 3435 3651 3489 ταῖς
3682 3428 3791 3500 ἀμ-

2143 3524 2331 3585 πέλοις
2361 3529 2580 3598 καρπῶν
2632 3524 2687 3577 αἱ
2740 3543 2931 3591 σκηναι
2963 3524 3281 3595 πήγνυνται.
3337 3521 3498 3574 Ὅταν
3558 3518 3652 3590 μὲν
3696 3515 3788 3571 οὖν

2145 3612 2342 3686 εὐθηνῇ
2373 3619 2491 3676 τοῖς
2521 3611 2743 3671 οἰκείοις
2791 3616 3021 3684 καρποῖς
3073 3611 3108 3678 ἣ
3171 3606 3438 3682 ἄμπελος,
3490 3603 3789 3674 σπουδάζε-

2141 3723 2228 3756 ται
2260 3704 2295 3770 ἡ
2347 3702 2543 3773 σκηνή,
2596 3701 2686 3755 καὶ
2735 3701 2915 3770 πάσης
2972 3699 3211 3769 ἀξιοῦται
3264 3695 3597 3770 ἐπιμελείας,
3651 3695 3793 3748 ὥστε

2144 3792 2235 3845 ἀπ’
2265 3791 2434 3859 αὐτῆς
2465 3787 2810 3844 κατοπτεύειν
3005 3789 3097 3842 τὸν
3147 3784 3384 3864 φύλακα,
3421 3786 3634 3858 μήποτε
3661 3801 3792 3856 τρυ-

2144 3884 2314 3953 γῶσιν
2341 3879 2506 3947 αὐτὴν
2559 3879 2611 3932 οἳ
2657 3876 3166 3952 παραπορευόμενοι
3211 3876 3310 3944 τὴν
3358 3871 3507 3930 ὁδὸν.
3539 3874 3703 3930 ’Όταν
3735 3868 3796 3925 δὲ

2145 3966 2383 4042 ἄκαρπος
2438 3966 2494 4041 ᾖ,
2553 3964 2836 4039 ἀμελεῖται
2911 3965 3211 4041 ἀναγκαίως
3261 3970 3364 4033 τῆς
3421 3959 3675 4035 ἁμπᾶλου
3726 3961 3795 4015 τά

2144 4056 2510 4134 φυλακτήρια.
2563 4057 2661 4111 Διά
2700 4059 2861 4110 τοῦτο
2907 4058 3005 4109 τοῦ
3063 4052 3464 4128 Ἰσραηλιτικοῦ
3521 4048 3659 4106 λαοῦ
3695 4049 3797 4117 τὴν

2143 4145 2523 4222 ἐγκατάλειψιν
2593 4144 2826 4212 ἀπειλεῖ,
2893 4144 2969 4206 ὡς
3026 4144 3122 4215 .μή
3195 4144 3674 4218 καρποφοροῦντος
3729 4139 3797 4192 τά

2146 4230 2535 4291 ἐπιϐάλλοντα.
2598 4228 2940 4306 Φοϐηθῶμεν
3019 4231 3108 4286 οὖν
3183 4232 3315 4286 εἶναι
3394 4229 3650 4302 ἄκαρποι,
3715 4229 3792 4299 μὴ

2144 4322 2654 4402 ἐλκαταλειφθῶμεν
2692 4322 2794 4378 ὑπὸ
2840 4323 2940 4390 τῆς
2988 4319 3290 4390 ἐπισκοπῆς
3338 4323 3433 4374 τοῦ
3490 4321 3622 4373 Θεοῦ
3649 4319 3792 4387 (36).

2143 4414 2214 4467 Τὸ
2245 4411 2520 4490 φυλάσσον
2577 4414 2750 4483 ἡμᾶς,
2810 4410 2872 4464 τὸ
2922 4413 3142 4483 Πνεῦμα
3183 4410 3246 4464 τὸ
3277 4408 3430 4484 ἅγιόν
3462 4405 3594 4462 ἐστι.
3627 4406 3792 4462 Ὀταν

392 4478 623 4535 aeternis
645 4482 944 4552 apothecis
978 4485 1184 4554 dignos
1212 4490 1427 4558 profert
1459 4497 1583 4547 tum
1628 4503 1779 4554 astat
1831 4507 2027 4560 custo-

2146 4478 2361 4576 μὲνόὗν
2393 4478 2716 4578 καρποφορῇ
2775 4502 2810 4569 ἡ
2869 4500 3024 4574 ψυχὴ
3055 4478 3177 4569 ἀξια
3215 4478 3336 4553 τῶν,
3378 4496 3614 4552 αἰωνίων
3659 4494 3796 4548 ἀπο-

460 4639 574 4782 (28)
605 4641 689 4697 Ita
715 4657 880 4708 ωδε..
907 4648 1178 4714 quatuor.
1211 4647 1386 4720 Editi,
1413 4659 1737 4730 μοχθηρῶν.

482 4711 573 4782 29)
606 4713 744 4782 Reg.
777 4717 1093 4782 secundus,
1129 4717 1226 4782 μὶν
1256 4720 1377 4782 γάρ.

482 4711 574 4856 29)
606 4713 744 4785 Reg.
777 4711 1093 4787 secundus,
1129 4717 1226 4789 μὶν
1256 4711 1377 4794 γάρξ

485 4785 554 4838 30
601 4785 856 4840 Dubium
890 4805 1004 4842 non
1035 4794 1124 4844 est
1152 4791 1294 4856 quin
1327 4799 1377 4849 [τι

463 4785 574 4856 (30)
601 4785 856 4863 Dubium
890 4805 1004 4842 non
1035 4785 1294 4861 est'quin
1327 4785 1533 4851 horum
1568 4797 2031 4863 Commentario-

389 4868 523 4948 rum
555 4863 780 4948 auctor,
813 4860 952 4915 dum
977 4863 1069 4948 ita
1085 4860 1385 4948 scriberet,
1419 4865 1470 4919 ἐν
1505 4865 1562 4921 δὲ
1590 4874 1657 4943 τῇ
1716 4878 1822 4927 τῶν
1854 4860 2034 4948 ,ete.,

389 4927 464 5018 ad
478 4929 818 5018 antiquum.
838 4931 1185 5018 pmn‘itentim
1215 4927 1458 5018 publica
1491 4927 1669 4999 ritum
1693 4927 2033 5018 respexerit:

386 4995 533 5088 liam
565 4995 718 5088 inter
747 4995 891 5058 alios
923 5003 1110 5088 illius
1138 4995 1358 5076 gradus
1380 5011 1508 5082 ipsa
1537 4995 2034 5088 thqhé'HéiiéHl

384 5073 536 5124 tium
567 5073 739 5129 statio
772 5073 1211 5132 numerabatur.

601 5145 1036 5234 Sic‘glolbertini
1065 5149 1294 5234 primus
1313 5155 1375 5234 et
1403 5156 1610 5212 tertius
1633 5176 1766 5234 cum
1801 5161 2035 5234 Reg.se-

554 5213 558 5215 ~
737 5217 747 5228 ι
785 5218 795 5229 .
1069 5213 1086 5219 '
1339 5223 1372 5236 ,ι
1642 5213 1655 5215 ἡ
1680 5213 1765 5214 ﬁ,"
1801 5213 2008 5234 —'_O'_'

385 5213 601 5304 cunde;
648 5216 798 5304 Ehdltl
856 5234 987 5274 vero
1026 5225 1084 5275 et
1111 5221 1224 5277 duo
1277 5223 1377 5304 alii
1408 5245 1574 5298 mss.,
1628 5230 2029 5304 πεπλασμέναι.

383 5283 507 5367 Yox
535 5285 1089 5377 F'5V1Et¢,.ql1$“mox_
1129 5295 1418 5377 sequitur,
1447 5283 1573 5377 non,
1598 5283 2030 5377 selamﬂc'orp—o:

385 5362 468 5412 ris
498 5365 553 5442 et
583 5362 1153 5442 sanguinis_D_omini
1187 5362 1818 5442 participationem,sed
1845 5362 2030 5434 totam

386 5433 815 5520 mysteriorum.
834 5433 1285 5520 celebrationem
1321 5433 1632 5520 signiﬁcat.
1677 5433 1826 5520 Lege
1882 5433 2026 5507 Duo.

594 5508 687 5599 otta
718 5505 1144 5599 qpi‘nque‘mss.
1177 5511 1250 5563 At
1281 5502 1444 5583 editi,
1475 5516 1715 5599 (γίνεται.

460 5572 570 5645 (33)
594 5576 684 5632 Sic
716 5572 854 5632 editi
883 5572 943 5633 et
976 5581 1090 5634 tres
1124 5595 1406 5650 mss.,nec
1430 5572 1606 5646 aliter
1628 5572 1843 5664 legitur
1873 5590 2028 5664 apud

2151 4666 2287 4722 LXX
2317 4671 2373 4722 et
2402 4665 2555 4736 apud
2581 4661 3265 4736 Procopium.At_legitp_r
3291 4659 3350 4715 in
3383 4657 3789 4736 duobus‘mss.

2150 4745 2206 4794 et
2237 4739 2389 4819 apud
2442 4723 2780 4819 Eusebium;
2814 4723 3144 4819 σικυηλάτῷί
3190 4733 3410 4819 Vocem
3443 4723 3789 4819 .ctxuﬁ‘Zlanv

2149 4798 2288 4866 alibi
2317 4809 2697 4881 reporirijam
2731 4798 3288 4881 dudum'monucrat
3313 4798 3796 4881 Nobili-usaVeolin}

2147 4871 3040 4952 compariasquzeinhunclocum
3074 4878 3358 4952 scripsere
3391 4871 3792 4952 antiquissimi

2146 4957 2267 5008 tres
2285 4943 2886 5024 'interp'retes,horum
2919 4943 3488 5005 Commentariorum
3518 4943 3793 5014 scriptor,

2146 5028 2204 5081 et
2226 5025 2644 5097 Hieronymus.

2215 5096 2328 5167 (34)
2363 5080 2472 5151 Πᾶν
2500 5095 2760 5167 quinque
2815 5107 2958 5167 mss.
3007 5089 3159 5167 Editi
3219 5080 3789 5163 νει-ο,;ἐγκατὲλειπε.

2145 5160 2365 5222 Ιῢῖόθὶῑὶ
2399 5160 2534 5223 ἱνθέ
2548 5160 2686 5221 mss:
2699 5205 2713 5230 ,
2743 5160 3250 5237 καταλειφθῇ-σεται.

2214 5239 2330 5308 (35)
2357 5240 2440 5294 Ita
2473 5239 2704 5293 codices
2735 5230 3016 5308 quinque.
3045 5235 3232 5308 Editi,
3260 5230 3639 5308 κατοπτεῦσαι.

2217 5298 2323 5378 (36)
2356 5298 3018 5382 Apud'Euse‘biumm'pro
3040 5305 3180 5371 illis,
3215 5305 3346 5382 ὑπὸ,
3364 5309 3462 5382 τῆς
3494 5298 3797 5382 ἐπισκοπῆς

2141 5372 2239 5452 τοῦ
2271 5372 2656 5452 ΘέοῦἸθεὶῐυι·
2709 5372 2940 5452 ὑπὸ-τῆξ
2998 5375 3293 5452 ὀργῆς-τοῦ
3323 5378 3488 5452 θιοῧν,
3538 5372 3610 5426 ad
3666 5383 3796 5452 νεῗντ

2141 5450 2396 5518 bum,.’t’e
2425 5442 2754 5509 deseramur
2783 5450 2846 5506 ob
2878 5451 2972 5504 ira
3007 5442 3132 5504 ῡέίζ
3151 5449 3261 5504 Sed
3296 5447 3539 5520 quando
3565 5442 3800 5520 praestet

2140 5512 2317 5580 lectio
2337 5525 2472 5594 alia,
2507 5539 2698 5591 nemo,
2734 5521 3096 5594 opinor,non
3128 5512 3477 5592 videt-Lege
3504 5512 3797 5572 Praefatio-

2140 5609 2299 5668 nem,
2335 5614 2498 5654 nam.
2530 5597 2625 5672 66.
