4134 6212
486 352 600 413 155

1416 350 1822 411 .APPENDIX
1863 347 2189 411 OPERUM
2229 345 2294 406 S.
2342 343 2623 405 BASILII
2672 343 2947 405 MAGNI.

3780 345 3902 406 156

484 483 720 538 ﬂoruit:
755 482 966 537 deinde
996 487 1216 537 statum
1248 482 1415 536 illum
1451 499 1581 536 cum
1608 499 1739 536 vero
1768 499 1830 536 ac
1853 480 2127 537 solidiore

2242 475 2328 530 καὶ
2362 475 2693 550 στερεωτέρᾳ
2737 476 2914 550 τροφῇ
2967 475 3035 547 τῇ
3088 472 3223 527 κατὰ
3273 472 3336 526 τὸ
3382 471 3707 547 Εὖαγγέλιον
3742 471 3900 528 διδα-

485 572 633 637 cibo,
668 571 949 626 nimirum
980 588 1113 626 cum
1148 570 1440 643 Evangelii
1488 571 1755 626 doctrina
1809 574 2131 626 commuta-

484 661 588 716 vit.
621 659 760 715 Sion
792 660 972 731 igitur
1002 660 1460 731 derelinquetur,
1497 661 1722 732 eritque
1755 660 1908 716 sicut
1932 675 2130 730 pomo—

487 765 618 804 rum
649 750 936 817 custodia,
971 766 1075 804 ceu
1109 748 1272 804 locus
1319 766 1433 820 quo
1485 749 1857 804 autumnales
1908 749 2132 802 fructus

487 843 884 893 asservantur.
921 839 1096 893 Poma
1127 842 1321 893 autem
1355 855 1468 893 non
1503 839 1729 894 solidus
1766 843 1823 894 et
1854 843 2131 893 constans

487 928 655 983 cibus
687 932 848 996 sunt,
882 927 982 982 sed
1019 926 1213 982 mollis
1243 933 1300 982 et
1348 928 1544 999 fugax.
1603 928 1763 984 Talis
1814 933 2009 982 autem
2043 927 2133 982 lex

487 1020 632 1083 erat,
667 1032 792 1086 quas
822 1015 1014 1069 cultus
1042 1016 1322 1087 speciem,
1357 1033 1469 1070 non
1496 1017 1684 1088 ipsam
1706 1016 2008 1072 veritatem
2029 1015 2132 1071 ha-

487 1104 680 1170 bebat,
714 1119 899 1174 eoque
945 1103 1243 1176 exemplar
1291 1109 1380 1160 est
1427 1110 1484 1160 et
1533 1107 1740 1162 umbra
1788 1105 2130 1161 cmlestium.

489 1192 634 1257 Quia
662 1209 795 1247 vero
825 1195 1001 1248 vineas
1033 1200 1405 1266 comparatur
1428 1195 1893 1266 uniuscujusque
1915 1195 2130 1263 anima,

488 1286 552 1336 ut
583 1280 641 1334 in
674 1280 900 1353 psalmo
929 1299 942 1336 :
981 1284 1125 1339 Uxor
1153 1292 1246 1338 tua
1266 1285 1408 1339 sicut
1430 1285 1556 1339 vitis
1581 1283 1866 1339 abundans
1891 1285 1966 1339 ‘9:
1993 1284 2130 1338 item

487 1370 770 1426 Dominus
805 1369 920 1426 ait:
954 1373 1061 1442 Ego
1091 1372 1236 1438 vitis,
1273 1389 1366 1428 vos
1392 1373 1653 1443 palmites
1681 1374 1724 1407 ²⁰
1757 1391 1770 1440 ;
1813 1374 2129 1428 verendum

485 1464 578 1515 est
609 1477 679 1516 ne
709 1462 777 1515 ad
811 1477 917 1516 nos
951 1460 1129 1516 etiam
1162 1462 1459 1532 perveniat
1500 1461 1699 1517 isthmc
1731 1462 2129 1527 comminatio,

487 1549 538 1603 si
571 1551 806 1620 quando
836 1567 948 1605 non
983 1551 1222 1605 idoneos
1267 1550 1498 1607 edimus
1549 1552 1795 1607 fructus.
1844 1550 2133 1606 Fortassis

487 1637 642 1692 enim
672 1654 884 1709 corpus
914 1638 1359 1694 tabernaculum
1390 1645 1497 1706 est,
1531 1646 1588 1695 et
1618 1641 1674 1695 in
1708 1656 1822 1712 quo
1841 1639 2132 1696 inhabitat

485 1725 738 1795 Spiritus
769 1731 1030 1782 sanctus.
1074 1729 1154 1781 An
1201 1730 1442 1795 nescitis,
1490 1731 1635 1801 quod
1681 1745 1904 1801 corpora
1952 1733 2130 1784 vestra

486 1815 748 1884 templum
777 1820 906 1870 sunt
935 1816 1244 1873 habitantis
1275 1818 1335 1872 in
1367 1819 1515 1874 vobis
1561 1819 1798 1889 Spiritus
1827 1821 2005 1874 sancti
2033 1820 2078 1854 ²ι
2101 1818 2128 1873 ?

483 1903 698 1958 Anima
727 1920 858 1958 vero
881 1904 1048 1960 vinea
1079 1911 1166 1961 est
1193 1907 1260 1974 ³³,
1291 1924 1324 1962 a
1345 1924 1461 1979 qua
1481 1908 1808 1981 reposcitur
1829 1909 2122 1963 fructuum

485 1991 742 2057 ubertas,
786 1993 1143 2064 plantatione
1194 1996 1542 2068 primigenia
1590 2001 1646 2052 et
1694 1997 1795 2052 Dei
1843 1997 2124 2069 agricola-

482 2079 642 2136 tione
664 2081 876 2153 digna:
903 2083 1120 2154 quippe
1144 2083 1406 2154 plantata
1425 2091 1513 2141 est
1535 2103 1688 2153 vera,
1714 2087 1784 2142 ad
1810 2087 2125 2158 imaginem

484 2170 639 2225 894
668 2170 786 2225 veri
816 2171 917 2226 Dei
950 2171 1204 2228 condita.
1237 2173 1366 2229 Jain
1398 2191 1531 2230 vero
1577 2175 1860 2246 paulatim
1911 2175 2124 2232 excoli-

481 2262 580 2314 tur
603 2259 694 2314 sui
727 2259 1045 2316 conditoris
1077 2262 1460 2333 providentia,
1495 2264 1596 2334 qui
1651 2266 1952 2336 palmitem
2005 2267 2124 2320 fru-

484 2353 644 2403 ctum
678 2349 956 2404 ferentem
987 2356 1219 2422 purgat,
1256 2356 1319 2406 ut
1367 2352 1502 2424 plus
1555 2354 1758 2409 afferat
1806 2355 2030 2410 fructus
2060 2355 2120 2410 ³³.

481 2436 709 2492 Etenim
744 2437 792 2493 si
827 2454 932 2493 nos
965 2439 1365 2496 addixerimus
1397 2441 1665 2511 parandae
1709 2443 1834 2498 vitae
1864 2442 2126 2514 puritati,

483 2525 555 2580 ad
579 2527 988 2597 expurgandas
1011 2527 1190 2582 animi
1215 2529 1681 2600 perturbationes
1702 2535 1852 2586 Deus
1873 2531 1998 2602 ipse
2022 2533 2130 2586 fert

481 2611 784 2683 suppetias
812 2630 826 2679 ;
861 2614 1124 2670 studium
1158 2623 1448 2684 nostrum,
1477 2623 1857 2689 nostramque
1877 2635 2013 2690 erga
2036 2619 2127 2675 bo-

480 2716 623 2754 num
651 2700 1084 2774 honestumque
1106 2707 1554 2776 propensionem
1575 2707 2129 2777 perﬁciens.;Quem-

483 2788 802 2844 admodum
835 2791 1014 2862 igitur
1045 2799 1287 2864 putatur
1316 2795 1473 2864 vitis,
1513 2794 1758 2851 nimium
1811 2797 2126 2852 eluxuriari

481 2877 814 2947 prohibita:
849 2880 934 2934 sic
958 2885 1012 2935 et
1034 2881 1240 2936 animas
1263 2883 1527 2938 studium
1549 2900 1685 2956 erga
1704 2901 1794 2940 res
1818 2903 1996 2941 vanas
2017 2885 2126 2941 cir-

483 2965 898 3034 cumcidimus,
958 2985 1162 3026 omnes
1220 2973 1348 3042 ejus
1403 2973 1521 3027 vim
1575 2990 1640 3028 ac
1685 2973 2022 3030 facultatem
2055 2975 2127 3030 ad

481 3053 710 3110 fructus
742 3057 1027 3112 bonorum
1061 3076 1299 3131 cperam
1325 3063 1732 3133 producendos
1755 3063 2085 3136 colligimus
2113 3082 2126 3132 ;

481 3146 546 3196 ut
576 3159 648 3198 ne
678 3143 991 3200 silvescens
1022 3152 1078 3202 et
1107 3147 1446 3206 eluxurians
1475 3151 1536 3205 in
1569 3150 1675 3206 hoc
1715 3151 2126 3208 ostentationis

2241 563 2437 634 σκαλίᾳ
2465 565 2561 632 τήν
2597 562 2876 618 πὸλιτείαν
2914 559 3382 638 μεταπαρέδωκεν.
3423 561 3896 638 Ἐγκαταλειφοή-

2241 674 2387 708 σεται
2443 651 2598 722 οὗ·ιὴ
2663 653 2824 720 Σιὼν,
2880 651 2968 705 καὶ
3029 651 3104 714 ὡς
3163 650 3650 728 ὀπωροφυλάκιον,
3703 652 3767 705 τὸ
3800 673 3899 727 cpu-

2241 741 2536 813 λακτήριον
2592 748 2694 810 τῆς
2748 741 2990 815 ὀπώρας.
3050 741 3112 795 Ἦ
3171 737 3228 794 δὲ
3290 740 3482 814 ὀπώρα
3531 738 3657 814 οὐχὶ
3705 741 3896 813 στερεὰ

2237 832 2406 905 τροσὴ
2441 831 2531 884 καὶ
2568 831 2820 903 μόνιμος,
2855 828 2979 884 ἀλλ’
3026 826 3211 897 ἁπαλὴ
3268 831 3382 902 (43)
3413 829 3502 883 καὶ
3534 828 3890 905 πρόσκαιρος.

2237 924 2498 983 Τοιοῦτος
2528 918 2584 974 δὲ
2615 920 2642 974 ὁ
2673 919 2865 992 νόμος,
2901 919 3128 992 μίμημα
3159 913 3302 994 ἔχων
3349 916 3623 992 λατρείας,
3659 917 3758 974 οὐκ
3787 919 3892 973 αὖ-

2237 1009 2338 1078 τὴν
2390 1009 2488 1077 τὴν
2549 1007 2828 1079 ἀλήθειαν·
2883 1005 3020 1062 διότι
3086 1005 3396 1081 ὑπόδειγμα
3451 1004 3560 1061 ἐστι
3616 1008 3702 1063 καὶ
3766 1008 3892 1062 σκιὰ

2237 1103 2345 1153 τῶν
2396 1097 2749 1174 ἐπουρανίων.
2809 1095 2959 1152 Ἐπεὶ
3021 1094 3079 1151 δὶ
3134 1097 3223 1152 καὶ
3281 1099 3314 1165 ἡ
3368 1096 3690 1160 καθέκαστον
3733 1099 3887 1173 ψυχὴ

2240 1187 2476 1260 ἀμπέλῳ
2525 1187 2926 1262 παρεικάζεται,
2986 1186 3058 1248 ὡς
3117 1185 3168 1241 ἐν
3215 1182 3442 1258 ψαλμῐξν
3494 1190 3557 1240 Ἠ
3608 1188 3745 1261 γυνή
3792 1207 3889 1240 σου

2241 1279 2316 1339 ὡς
2377 1274 2626 1349 ἄμπελος
2685 1276 3001 1346 εὐθηνοῦονειι⁸
3061 1276 3148 1330 καὶ
3201 1275 3229 1329 ὁ
3285 1277 3506 1351 Κύριος,
3531 1275 3890 1352 Ἐγὼ,φησὶν,

2241 1368 2275 1435 ἡ
2337 1364 2582 1438 ἃμπελος
2627 1409 2640 1435 ,
2706 1365 2861 1437 ὑμεῖς
2930 1365 2996 1418 τά
3047 1362 3327 1437 κλήματα·
3394 1365 3608 1436 μήποτε
3665 1364 3757 1418 καὶ
3815 1364 3892 1425 εἷς

2240 1458 2389 1527 ἡμᾶς
2443 1455 2614 1531 φθάνῃ
2661 1455 2729 1508 τὰ
2779 1453 3128 1525 ἠπειλημένα
3161 1497 3175 1522 ,
3229 1454 3353 1506 ὅταν
3411 1455 3486 1525 μὴ
3539 1450 3893 1525 ἀποδίδωμεν

2238 1544 2366 1607 τοὺς
2424 1539 2820 1604 ἐπιϐάλλοντας
2868 1545 3002 1614 ἡμῖν
3054 1542 3313 1617 καρπούς.
3360 1541 3514 1616 Τάχα
3568 1543 3668 1615 γάρ
3717 1544 3889 1612 σκηνὴ

2244 1633 2336 1706 μὶν
2376 1630 2484 1687 ἔστι
2543 1633 2606 1687 τὸ
2664 1637 2842 1704 σῶμα,
2895 1633 2940 1703 ᾧ
2970 1629 3170 1686 ἐνοικεῖ
3214 1631 3277 1685 τὸ
3328 1633 3549 1704 Πνεῦμα
3597 1631 3659 1684 τὸ
3709 1631 3888 1704 ἅγιον.

2238 1720 2350 1778 Οὐκ
2375 1719 2555 1776 σ’ίδατε
2611 1721 2736 1796 γάρ,
2797 1721 2878 1776 ὅτι
2937 1721 3001 1775 τὰ
3068 1720 3293 1794 σώματα
3348 1720 3500 1792 ὑμῶν
3548 1719 3675 1782 ναὸς
3707 1723 3803 1774 τοῦ
3835 1717 3888 1774 ἐν

2239 1809 2366 1882 ὑμῖν
2420 1809 2576 1884 ἁγίου
2625 1808 2939 1883 Ιῐνεύματός
2995 1807 3137 1864 ἐστιν
3174 1829 3187 1879 ;
3221 1809 3516 1882 Ἀμπελὼν
3551 1805 3607 1863 δὲ
3637 1811 3671 1877 ἡ
3706 1809 3886 1883 ψυχὴ,

2231 1900 2331 1968 τήν
2364 1898 2733 1977 καρποφορίαν
2783 1897 2927 1968 ἀξίαν
2975 1905 3076 1968 τῆς
3128 1897 3179 1968 ἐξ
3211 1899 3389 1972 ἀρχῆς
3419 1895 3637 1969 φυτείας
3664 1897 3754 1950 καὶ
3783 1901 3888 1962 τῆς

2231 1991 2328 2042 τοῦ
2386 1992 2518 2042 Θεοῦ
2592 1987 2861 2063 γεωργίας
2926 1986 3295 2059 ἆπαιτουμένη
3334 2029 3346 2042 .

3405 1984 3700 2064 Ἐφυτεύθη
3773 1985 3878 2061 γάρ

2235 2075 2470 2147 ἀληθινὴ
2527 2077 2643 2131 κατ’
2703 2076 2883 2131 εἰκόνα
2933 2080 3028 2130 τοῦ
3084 2073 3348 2144 ἀληθινοῦ
3407 2079 3539 2129 Θεοῦ
3589 2073 3876 2149 γενομένη·

2234 2171 2552 2242 γεωργεῖται
2604 2164 2661 2220 δὲ
2709 2171 2830 2227 ταῖς
2875 2165 3011 2220 κατᾶ
3056 2166 3220 2238 μέρος
3276 2162 3614 2238 ἐπιμελείαις
3636 2167 3734 2218 τοῦ
3762 2162 3882 2218 κτί-

2236 2276 2445 2322 σαντος,
2481 2257 2540 2316 ὃς
2584 2255 2648 2308 τὸ
2705 2255 2798 2328 μὲν
2846 2257 3225 2332 καρποφοροῦν
3266 2253 3533 2327 καθαίρει,
3577 2251 3667 2307 ἵνα
3697 2251 3888 2308 πλείο-

2233 2365 2298 2398 να
2327 2344 2531 2420 καρπὸν
2561 2342 2722 2418 φέρῃ.
2769 2343 2890 2398 Ἐάν
2931 2343 3031 2419 γάρ
3081 2341 3302 2405 ἑαυτοὺς
3353 2341 3623 2415 ἐπιθῶμεν
3672 2346 3741 2416 τῇ
3793 2363 3890 2396 κα-

2237 2435 2493 2510 θαρότητι
2526 2437 2620 2487 τοῦ
2657 2432 2798 2508 βίου,
2835 2427 3275 2506 συλλαμϐάνεται
3307 2434 3444 2505 ἡμῖν
3476 2433 3612 2507 πρὸς
3642 2433 3741 2502 τὴν
3777 2431 3887 2486 ἀπὸ

2233 2525 2341 2576 τῶν
2395 2523 2576 2576 παθῶν
2627 2523 2880 2597 κάθαρσιν
2935 2522 2962 2575 ὁ
3016 2523 3176 2593 Θεὸς,
3231 2521 3452 2576 τελειῶν
3503 2521 3602 2590 τὴν
3652 2521 3776 2594 περί
3822 2521 3889 2574 τὸ

2235 2610 2434 2685 ἀγαθὸν
2497 2607 2742 2680 σπουδὴν
2799 2610 2888 2665 καὶ
2944 2611 3272 2686 προθυμίαν.
3327 2613 3530 2686 ’Ὠσπερ
3591 2610 3683 2664 οῦν
3745 2608 3882 2664 κλα-

2237 2697 2443 2754 δεύεται
2494 2697 2760 2773 ἄμπελος,
2812 2699 2918 2754 ἀπὸ
2965 2706 3068 2769 τῆς
3113 2698 3164 2753 ἐν
3209 2704 3324 2761 τοῖς
3390 2703 3662 2775 περιττοῖς
3712 2703 3886 2776 φορᾶς

2235 2788 2586 2862 κωλυομένη·
2647 2789 2789 2844 οὕτω
2846 2788 2933 2843 καὶ
2993 2791 3178 2864 ψυχῆς
3232 2790 3331 2858 τήν
3381 2787 3504 2862 περὶ
3556 2787 3624 2843 τὰ
3685 2786 3890 2860 μάταια

2239 2876 2480 2948 σπουδὴν
2511 2878 2910 2954 περικόπτομεν
2939 2880 3076 2951 (44),
3107 2883 3279 2932 πᾶσαν
3314 2877 3486 2946 αὐτῆς
3531 2877 3629 2945 τήν
3656 2873 3888 2949 δύναμιν

2236 2967 2323 3022 ἐπὶ
2353 2969 2451 3037 τήν
2483 2973 2591 3023 τῶν
2615 2965 2922 3023 σπουδαίων
2975 2962 3148 3044 ἔργων
3198 2965 3571 3044 καρποφορίαν
3623 2965 3886 3038 ταμιευό-

2240 3079 2392 3131 μενοι
2423 3059 2622 3131 μήπως
2667 3056 3049 3130 ὑλομανήσασα
3101 3055 3152 3110 ἐν
3185 3060 3264 3127 τῷ
3296 3053 3641 3127 ἐπιδεικτικῷ
3665 3058 3885 3127 κοσμῷ,

2235 3148 2371 3222 πρὸς
2401 3149 2498 3216 τὴν
2531 3151 2637 3200 τῶν
2659 3146 2956 3220 ἀνθρώπων
2980 3143 3254 3213 ἀρέσκειαν
3283 3145 3380 3212 τήν
3410 3143 3547 3213 ὅλην
3573 3145 3766 3208 ἑαυτῆς
3789 3141 3888 3198 δύ-

482 3232 704 3286 mundo
731 3234 803 3287 ad
837 3235 1086 3303 gratiam
1111 3236 1415 3293 hominum
1441 3242 1787 3310 captandam
1811 3259 1982 3296 suam
2005 3258 2126 3296 om-

2242 3221 2396 3308 ναμιν
2423 3233 2712 3309 ἐκκενώσῃ,
2738 3233 2902 3288 οἰονεὶ
2934 3233 3054 3300 περὶ
3082 3231 3266 3310 φύλλα
3285 3231 3374 3287 καὶ
3395 3229 3671 3304 ἓλικας,τὸ
3693 3238 3895 3308 σχῆμα

481 3331 616 3370 nem
639 3317 945 3374 exhauriat
964 3321 1322 3392 facultatem,
1349 3327 1489 3380 dum
1519 3327 1689 3396 quasi
1721 3327 1873 3382 circa
1902 3328 2041 3383 folia
2070 3333 2127 3384 et

2242 3328 2328 3378 τοῦ
2356 3323 2586 3394 κόσμου,
2621 3320 3014 3396 ἀσχοληθεῖσα.
3041 3319 3214 3377 Ἀλλὰ
3233 3321 3322 3376 καὶ
3355 3321 3644 3376 σκάπτεται
3669 3324 3704 3391 ἡ
3727 3323 3890 3398 ψυχὴ

479 3404 804 3475 capreolos,
837 3409 1044 3464 mundi
1093 3411 1314 3468 scilicet
1360 3413 1632 3485 ﬁguram,
1678 3431 1806 3470 sese
1855 3424 2124 3487 occupat.

480 3493 629 3555 Quin
661 3499 718 3548 et
749 3495 1197 3554 circumfoditur
1227 3501 1443 3569 anima,
1478 3520 1543 3558 ac
1566 3509 1776 3558 cuncta
1799 3505 2129 3576 adjacentia

480 3580 551 3635 ad
586 3599 761 3637 suum
796 3584 1221 3643 nutrimentum
1252 3590 1363 3644 sibi
1396 3590 1674 3662 vindicat,
1706 3592 1908 3663 sicque
1939 3595 2009 3649 ad
2037 3611 2127 3648 ex~

481 3669 813 3740 cipiendam
864 3674 1117 3744 Spiritus
1167 3677 1490 3735 doctrinam
1537 3697 1597 3736 se
1646 3681 1775 3753 ipsa
1819 3689 2126 3755 prmparat.

478 3757 986 3822 Quemadmodum
1009 3765 1166 3820 enim
1193 3767 1346 3839 vitis,
1371 3786 1498 3840 quae
1526 3787 1639 3824 non
1666 3771 1907 3841 foditur,
1933 3771 2132 3827 meati-

481 3847 591 3902 bus
622 3848 981 3920 destituitur,
1016 3869 1205 3925 ncque
1236 3873 1303 3912 ex
1333 3875 1487 3929 aqua
1517 3858 1830 3916 utilitatem
1863 3861 1936 3915 ob
1963 3865 2130 3916 terras

482 3935 807 4007 adiacentis
838 3941 1189 3999 densitatem
1241 3946 1433 4018 capit:
1490 3947 1615 4019 pari
1663 3949 1885 4004 ratione
1934 3950 2132 4006 anima

481 4041 608 4096 quae
642 4045 758 4082 non
789 4030 949 4085 exuit
999 4049 1062 4087 se
1108 4033 1202 4089 his
1251 4035 1674 4107 corporalibus,
1717 4055 1964 4110 quaeque
2013 4056 2130 4110 prre

481 4131 684 4172 eorum
719 4119 975 4189 pondere
1005 4121 1248 4178 minime
1272 4125 1541 4196 respirat,
1565 4125 1881 4182 infecunda
1902 4143 2128 4198 perma-

478 4208 599 4272 net,
634 4208 1006 4264 terrenorum
1031 4211 1289 4280 pondere
1309 4213 1620 4284 depressa;
1645 4219 1701 4269 et
1723 4216 1797 4269 ob
1820 4214 1898 4281 id,
1925 4231 2130 4286 super-

483 4305 627 4347 num
659 4294 944 4350 auxilium
977 4313 1093 4353 non
1140 4299 1449 4371 recipiens,
1499 4301 1864 4358 infructuosa
1912 4307 2128 4360 manet.

482 4377 660 4434 Porro
691 4382 762 4436 ab
812 4382 1177 4442 infructuosa
1225 4389 1423 4444 anima
1475 4389 1731 4461 Spiritus
1780 4396 2019 4447 sanctus
2069 4408 2131 4448 se

479 4467 818 4526 submovet:
837 4473 1056 4530 cadunt
1071 4475 1248 4532 etiam
1266 4493 1455 4548 sepes,
1475 4478 1814 4549 angelorum
1828 4480 2128 4552 subsidia;

2233 3413 2408 3467 πάντα
2439 3411 2512 3473 εἰς
2542 3413 2641 3480 τήν
2675 3408 2810 3465 ἰδίαν
2841 3411 3043 3486 τροοὴν
3078 3409 3352 3464 οἰκειοῦσα
3379 3411 3446 3464 τά
3493 3409 3886 3486 παρακείμενα,

2235 3503 2322 3556 καὶ
2357 3500 2755 3573 οὕτωςξέαυτήν
2777 3499 3160 3575 εὖτρεπίζουσα
3175 3499 3311 3575 πρὸς
3331 3500 3429 3569 τήν
3456 3497 3740 3575 ὑποδοχήν
3773 3504 3894 3554 τῶν

2237 3587 2584 3664 διδαγμάτων
2617 3593 2714 3643 τοῦ
2745 3588 3078 3660 Πνεῦματος.
3107 3590 3310 3664 ’Ὠσπερ
3353 3589 3456 3665 γάρ
3498 3589 3572 3662 μὴ
3621 3594 3894 3665 σκαφεῖσα

2237 3677 2484 3752 ἄμπελος
2536 3673 2919 3739 ἀδιάπνευστός
2970 3677 3102 3746 ἐστι,
3151 3678 3240 3732 καὶ
3290 3685 3390 3747 τῆς
3439 3676 3496 3732 ἐκ
3541 3681 3638 3732 τοῦ
3692 3675 3897 3742 ὕδατος

2238 3767 2506 3846 ὡφελείας
2554 3765 2642 3822 διὰ
2685 3770 2786 3838 τήν
2835 3767 3146 3837 πυκνότητα
3198 3773 3298 3836 τῆς
3346 3766 3748 3842 παρακειμένης
3778 3773 3892 3842 γῆς

2240 3855 2604 3918 άνεπίδεκτος⁶
2656 3856 2829 3917 οὕτως
2879 3857 2913 3924 ἡ
2951 3857 3025 3929 μή
3078 3856 3558 3928 ἀποσκευασαμένη
3591 3855 3658 3910 τά
3687 3875 3895 3928 σωμα-

2236 3946 2360 4000 τικά
2389 3947 2566 4021 ψυχὴ,
2616 3944 2704 3999 καὶ
2758 3943 2816 3999 ἐκ
2861 3947 2958 3998 τοῦ
3010 3944 3208 4018 βάρους
3257 3943 3429 3998 αὐτῶν
3491 3942 3896 4014 ἀναπνεύσασα,

2241 4037 2434 4110 ἄγονος
2458 4032 2697 4107 διαμένει
2729 4034 2807 4106 τῷ
2843 4034 3116 4109 βάρειτῶν
3149 4032 3350 4088 ὑλικῶν
3373 4030 3722 4105 πεπιλημένη
3746 4034 3898 4106 (45),

2238 4125 2329 4178 καὶ
2390 4121 2478 4178 διὰ
2533 4127 2691 4178 τοῦτο
2727 4167 2742 4192 ,
2801 4129 2901 4192 τῆς
2980 4123 3180 4188 ἄνωθεν
3243 4124 3318 4196 μή
3398 4117 3902 4196 μεταλαμϐάνουσα

2244 4210 2521 4288 βοηθείας,
2577 4210 2819 4287 ἄκαρπος
2877 4211 3063 4284 μένει.
3123 4214 3236 4280 Τῆς
3296 4208 3354 4266 δὲ
3405 4209 3648 4285 ἀκάρπου
3701 4213 3901 4285 ψυχῆς

2241 4300 2525 4375 ἀφίσταται
2585 4301 2678 4372 μὶν
2733 4300 2796 4354 τὸ
2843 4301 3066 4373 Πνεῦμα
3119 4299 3182 4354 τὸ
3213 4301 3386 4376 ἅγιον·
3423 4299 3679 4354 πίπτουσι
3731 4296 3788 4354 δὲ
3841 4302 3902 4355 οἱ

2242 4390 2515 4466 φραγμοὶ,
2570 4389 2624 4442 αἱ
2666 4393 2773 4443 τῶν
2826 4387 3078 4464 ἀγγέλων
3128 4388 3396 4464 βοήθειαι·
3448 4387 3788 4444 εἰσπίπτουσι
3838 4386 3904 4445 δὲ

2243 4479 2294 4531 οἱ
2324 4477 2462 4548 ξένοι
2498 4477 2548 4531 οἱ
2599 4473 2934 4540 διοδεύοντες
2967 4479 3134 4550 ἡμᾶς,
3169 4478 3223 4531 αἱ
3252 4481 3362 4533 τῶν
3394 4480 3519 4554 περὶ
3546 4479 3644 4548 τήν
3693 4481 3900 4552 γνῶσιν

479 4555 716 4613 irruunt
742 4564 937 4616 autem
962 4563 1255 4635 peregrini
1287 4566 1358 4620 ad
1390 4583 1498 4622 nos
1527 4569 1924 4638 pervadentes,
1957 4570 2129 4625 nimi-

2245 4566 2650 4643 ἁμαρτημάτων
2707 4565 3046 4642 ἐνεργητικαὶ
3131 4563 3408 4640 δυνάμεις·
3470 4567 3539 4622 τὰ
3612 4587 3670 4622 τε
3739 4566 3896 4638 πάθη

481 4661 616 4701 rum
663 4651 982 4718 potestates
1028 4649 1145 4708 illa;
1194 4659 1567 4724 peccatorum
1611 4655 1765 4712 circa
1803 4658 2130 4714 doctrinam

477 4737 937 4793 commissorum
968 4739 1304 4798 effectrices.
1359 4743 1511 4806 Quin
1551 4745 1727 4802 etiam
1781 4748 2132 4820 cupiditates

478 4840 605 4896 qua:
631 4841 759 4881 eam
786 4837 1353 4902 praeoccupaverant,
1377 4833 1565 4890 instar
1580 4835 1704 4892 suis
1721 4837 1891 4892 bruto
1909 4837 2133 4910 impetu

478 4911 780 4983 irruentis,
813 4932 995 4990 seque
1027 4918 1085 4974 in
1119 4919 1294 4977 tetido
1328 4926 1535 4993 putore
1567 4924 1908 4997 voluntatis,
1940 4926 2134 4998 ipsam

2244 4650 2730 4732 προκαταλαϐόντα
2778 4659 2890 4729 (46)
2941 4655 3214 4730 λυμαίνει,
3270 4655 3364 4717 ὑὸς
3426 4653 3580 4726 δίκην
3631 4655 3902 4730 ἀλόγιστα

2244 4748 2550 4822 ὁρμῶντος,
2607 4745 2696 4800 καὶ
2750 4743 3179 4817 καλινδουμένου
3229 4750 3349 4808 ταῖς
3407 4741 3732 4806 δυσωδίαις.
3787 4746 3898 4800 Καὶ

2242 4837 2366 4890 τότε
2395 4832 2703 4907 πληροῦται
2735 4833 2821 4888 ἐπὶ
2870 4835 2968 4902 τήν
3017 4831 3284 4902 τοιαύτην
3332 4835 3517 4908 ψυχὴν
3567 4833 3652 4903 τὸ,
3699 4834 3901 4906 Ἐγκα-

2241 4923 2660 5002 ταλειιρθήσεται
2742 4923 2776 4991 ἠ
2860 4923 3102 4997 θυγάτηρ
3171 4923 3336 4992 Σιὼν,
3426 4923 3499 4984 ὡς
3582 4922 3755 4991 σκηνὴ
3841 4922 3904 4978 ἐν

558 5068 603 5104 ¹⁹
631 5069 788 5125 Psal.
821 5088 1031 5142 cxxvu,
1063 5074 1118 5129 3.
1195 5076 1240 5111 ²⁰
1267 5076 1434 5133 Joan.
1469 5095 1562 5146 xv,
1593 5080 1646 5133 5.
1725 5079 1769 5117 ²¹
1806 5081 1827 5135 Ι
1859 5081 1986 5136 Cor.
2017 5098 2100 5150 v1,

2294 5079 2343 5115 ²²
2371 5081 2589 5134 Jerem.
2624 5094 2684 5148 II,
2715 5077 2806 5133 21.
2884 5076 2929 5111 ³³
2957 5075 3125 5133 Joan.
3155 5093 3250 5144 xv,
3280 5077 3336 5133 2.

694 5243 788 5319 Sic
822 5261 967 5319 mss.
1000 5251 1075 5302 At
1105 5247 1268 5312 editi,
1302 5245 1580 5319 ἁπατηλή,
1625 5253 1916 5319 corrupte.

555 5314 665 5385 (44)
691 5315 1003 5395 Dissident
1033 5319 1186 5374 inter
1225 5336 1288 5395 se
1319 5314 1753 5395 mss.vet:editi.
1803 5314 1970 5395 Regii
2017 5321 2138 5394 pri-

486 5401 620 5467 m'us
652 5391 710 5440 et
739 5391 1039 5446 secundus
1069 5407 1203 5467 cum
1230 5391 1463 5446 duobus
1505 5389 1662 5462 aliis,
1694 5389 1950 5467 ψυχῆςῖ.
1983 5389 2138 5467 πἐρι-

483 5454 856 5541 κόπτομεν...,
913 5461 1349 5541 ταμιευόμενοι..
1407 5467 1546 5541 Reg.
1619 5454 1852 5536 tertius,

485 5529 1000 5620 περικοπτομένη..ξ
1054 5529 1448 5620 ταμιευομένη.
1484 5529 1646 5620 :Reg.
1715 5529 2004 5620 quartus;
2039 5529 2139 5609 ᾧυ-

488 5601 639 5686 χὴ..ἔ
717 5601 1231 5686 περικοπτομένη...
1292 5601 1808 5686 ’ταμιεύει.”Εᾶῖιί
1869 5601 2138 5682 denique.

490 5674 716 5747 ψυχὴ...
747 5693 847 5747 περ
858 5674 1044 5732 ικοπτο
1055 5674 1188 5752 μὲνη
1221 5674 1560 5751 ταμιεύεται.

2316 5249 2431 5321 (45)
2462 5249 2601 5323 Beg.
2634 5247 2934 5323 secundus
2964 5253 3022 5304 et
3063 5248 3181 5304 duo
3236 5245 3335 5303 alii
3395 5264 3565 5323 ms_s.,
3626 5245 3909 5323 ἐπειλημ-

2251 5319 2684 5393 μίνη,⁷ᾀειέηια.
2714 5320 2826 5377 Alii
2869 5321 2986 5376 duo
3036 5336 3181 5376 mss.
3229 5335 3365 5393 cum
3415 5320 3610 5390 editis,
3659 5319 3909 5393 πεπιληο

2251 5390 2716 5476 μίνῃιεὶάξρνσδεα.
2749 5393 3209 5476 Sensu‘seodem
3241 5391 3410 5476 redit.

2321 5455 2434 5536 (46)
2462 5455 2553 5520 Sic
2581 5481 2725 5530 mss,
2753 5481 2874 5522 sex.
2916 5463 3091 5537 Editi
3120 5455 3732 5537 προκαταλαμϐάνοντα.
3768 5465 3907 5522 Sta-

2321 5482 2434 5536 (40)
2462 5482 2553 5520 διῦ
2581 5482 2725 5530 mss,
2753 5482 2874 5522 881.
2916 5482 3068 5521 ωαιῐι
3120 5482 3436 5537 προκαταΑα
3486 5482 3732 5517 οανοντα.
3768 5482 3907 5522 Dia“

2250 5535 2486 5617 tjmhsex
2510 5553 2683 5617 mss,
2708 5534 3099 5617 oppihwoc‘xai
3122 5482 3576 5617 καλιν-δουμέῖου,
3600 5537 3714 5617 nisi
3739 5540 3908 5609 quod

2251 5607 2402 5662 desit
2431 5607 2491 5662 in
2523 5605 2714 5667 tribus
2743 5605 3078 5681 conjunctio
3103 5605 3212 5664 καί.
3259 5605 3430 5677 Editi,
3484 5605 3775 5681 ὀρμῶντοξ
3797 5628 3907 5663 κυ·

2253 5673 2595 5734 λινδομὲνου.

2295 5697 2595 5752 ινοομενου.
