4134 6212
497 357 617 418 163

1430 347 1830 412 ΔΡΡΕΝΒῙΧ
1870 345 2199 409 OPERUM
2243 346 2309 407 S.
2351 344 2632 411 BABILII
2675 349 2954 415 MAGNI.

3784 359 3909 422 161

495 487 553 543 in
586 485 943 559 peregrinos,
975 483 1034 538 hi
1065 497 1200 539 vero
1231 482 1292 537 in
1325 498 1457 538 eum
1481 480 1582 552 qui
1612 480 1669 535 in
1702 477 1939 551 prepria
1959 476 2114 532 venit

2255 472 2434 530 θόντα·
2464 475 2699 534 κάκεῖνοι
2760 482 2858 553 μὶν
2909 481 2986 545 είς
3043 481 3323 560 ἀγγέλους,
3357 485 3504 540 οὗτοι
3559 482 3621 541 δὶ
3675 487 3752 550 είς
3806 490 3904 544 τὸν

497 577 656 631 fuere
686 571 1091 630 contumeliosi
1122 589 1135 628 :
1170 570 1252 625 illi
1286 571 1522 641 quidem
1553 569 1609 623 in
1644 565 1902 639 angelos,
1924 565 1982 621 hi
2004 581 2137 620 vero

497 666 555 720 in
591 665 792 719 Deum.
825 663 1012 726 Quare
1043 660 1370 732 principum
1402 657 1892 714 Sodomiticorum
1925 671 2135 710 nomen

481 755 620 826 jure
651 770 717 809 ac
758 753 962 808 merito
1014 753 1312 806 consecuti
1361 754 1501 805 sunt
1571 754 1840 803 Attamen
1896 747 2046 802 Deus
2077 745 2135 799 in

489 843 650 914 ipsos
684 842 981 898 beneﬁcus
1008 841 1080 895 ad
1116 839 1286 895 utiles
1318 855 1456 894 suos
1484 853 1784 892 sermones
1815 834 2134 890 audiendos

491 932 857 999 adhortatur,
883 928 1285 1001 populumque
1309 927 1399 982 his
1422 926 1786 999 principibus
1808 923 2132 990 subditum,

487 1025 544 1075 et
593 1025 825 1091 propter
875 1018 1200 1089 improbam
1252 1017 1581 1071 doctrinam
1631 1013 1988 1086 appellatum
2020 1011 2131 1067 Go-

489 1109 736 1164 morrhe:
768 1106 1078 1178 populum,
1109 1107 1178 1160 ad
1215 1104 1580 1177 praebendam
1606 1103 1717 1174 legi
1751 1103 2131 1158 attentionem

485 1197 733 1266 inducit,
758 1197 896 1250 dum
925 1194 1332 1250 solertioribus
1357 1192 1713 1265 praecipit,ut
1737 1191 1977 1247 audiant
2005 1207 2018 1257 ;
2044 1190 2132 1244 in-

485 1284 860 1357 sipientibus,
913 1288 979 1338 ut
1029 1283 1372 1348 attendant;
1423 1280 1533 1348 vel,
1567 1285 1633 1335 ut
1673 1279 1916 1335 auribus
1947 1277 2131 1350 perci-

482 1375 666 1448 piant,
702 1373 857 1429 sicut
889 1371 1078 1428 caateri
1112 1370 1477 1443 interpretati
1509 1373 1666 1425 sunt.
1699 1373 1875 1427 Porro
1911 1372 2132 1438 quanta

482 1469 572 1521 est
604 1480 932 1520 sermonem
964 1461 1118 1517 inter
1149 1467 1206 1517 et
1237 1460 1419 1529 legem
1453 1459 1797 1527 differentia,
1828 1464 1988 1514 tanto
2009 1456 2128 1513 dis-

483 1554 726 1610 crimine
757 1552 959 1608 audire
990 1556 1047 1606 ct
1075 1550 1322 1606 auribus
1355 1549 1647 1622 percipere
1678 1550 1831 1605 inter
1864 1563 1925 1604 se
1956 1547 2128 1604 dissi-

483 1642 641 1697 dent.
678 1641 778 1696 Est
804 1640 959 1695 enim
999 1641 1084 1695 lex
1104 1641 1402 1710 justorum
1425 1639 1855 1710 etinjustorum
1889 1637 2125 1709 regula;

483 1747 611 1802 qum
647 1730 882 1800 quidem
916 1729 1142 1800 agenda
1185 1733 1345 1796 sunt,
1388 1729 1704 1799 imperans,
1740 1743 1807 1782 ea
1837 1743 1968 1781 vero
2001 1742 2126 1797 qua:

2250 564 2400 620 Θεόν.
2435 567 2532 621 Διὰ
2557 572 2716 624 τοῦτο
2764 567 2986 634 δικαίως
3038 579 3139 642 τῆς
3192 573 3297 628 τῶν
3357 571 3740 648 Σοδομιτικῶν
3799 578 3902 653 ἀρ-

2248 654 2461 728 χόντων
2517 659 2886 734 προσηγορίας
2943 661 3216 731 ἠξίωνται.
3254 660 3415 720 Ἀλλ’
3459 663 3614 736 ὅμως
3665 665 3898 731 τούτους

2247 740 2540 819 εὐεργετῶν
2574 747 2602 800 6
2631 747 2782 819 Θεὸς,
2817 748 2894 811 εἰς
2943 762 3043 820 την
3080 755 3186 805 τῶν
3232 749 3532 829 ὠφελίμων
3583 752 3748 808 αὐτοῦ
3797 754 3896 810 λό-

2243 852 2352 906 γων
2407 832 2575 903 ἀκοὴν
2634 835 2990 912 προκαλεῖται
3046 841 3209 912 (68)·
3259 840 3350 895 τὸν
3413 838 3469 895 δὲ
3525 842 3628 896 ὑπὸ
3685 842 3892 899 τούτων

2244 919 2548 996 ἀρχόμενον
2609 922 2763 995 λαὸν,
2807 926 2897 980 καὶ
2949 926 3010 982 ἐκ
3055 928 3162 983 τῶν
3228 934 3482 1006 πονηρῶν
3543 928 3892 1007 διδαγμάτων

2245 1009 2526 1086 Γομόρρας
2597 1010 2726 1068 λαὸν
2795 1015 3229 1090 χρηματίζοντα,
3282 1017 3358 1080 είς
3415 1020 3514 1088 τήν
3569 1024 3666 1074 τοῦ
3717 1022 3892 1094 νόμου

2241 1101 2528 1174 προσοχὴν
2585 1100 2933 1179 ἰπιστρέφειο
2983 1110 3101 1166 τοῖς
3161 1105 3256 1179 μὶν
3330 1105 3764 1183 ἐντρεχεστὲροις
3825 1111 3887 1165 τὸ

2243 1187 2464 1242 ἀκοῦσαι
2495 1191 2872 1264 προστάσσων,
2903 1198 3022 1258 τοῖς
3051 1191 3108 1248 δὲ
3146 1195 3418 1260 ἀσυνέτοις
3463 1197 3525 1251 τὸ
3573 1197 3890 1274 προσέχειν,

2240 1275 2275 1344 ἢ
2307 1277 2370 1332 τὸ
2409 1275 2773 1351 ἐνωτίζεσθαᾶ,
2810 1280 2940 1356 ὅπερ
2988 1279 3166 1358 ἕτεροι
3218 1281 3598 1341 ὲκδεδώκασιν.
3645 1289 3778 1356 ’Ὀση
3831 1285 3890 1342 δὲ

2241 1362 2407 1442 λόγου
2439 1367 2578 1442 πρὸς
2606 1369 2776 1443 νόμον
2804 1367 3055 1449 διαφορὰ,
3086 1372 3322 1444 τοσαύτη
3371 1374 3459 1428 καὶ
3515 1378 3618 1429 τοῦ
3675 1375 3889 1431 ἀκούειν

2239 1455 2376 1529 πρὸς
2426 1455 2490 1510 τὸ
2546 1456 2911 1527 ἐνωτίζεσθαι.
2943 1461 3005 1517 Ὀ
3064 1460 3157 1534 μὶν
3199 1461 3301 1536 γὰρ
3350 1461 3522 1534 νόμος
3569 1464 3745 1518 κανὼν
3807 1462 3891 1518 δι-

2237 1544 2406 1598 καίων
2441 1543 2551 1599 ἐστὶ
2610 1547 2700 1601 καὶ
2759 1545 2984 1618 ἀδίκων,
3017 1550 3378 1625 προστατικὸς
3438 1551 3532 1624 μὶν
3588 1551 3661 1606 ὧν
3719 1573 3890 1626 ποιη-

2235 1632 2386 1704 τὲον,
2419 1633 2844 1709 ἀπαγορευτικὸς
2893 1634 2951 1692 δὲ
3002 1638 3076 1692 ὧν
3133 1639 3198 1693 ού
3246 1640 3537 1709 ποιητέον*
3596 1638 3658 1695 οὗ
3713 1640 3892 1715 φυλα-

2237 1721 2421 1784 κτικός
2471 1722 2610 1778 ἐστιν
2659 1725 2686 1778 6
2731 1723 2926 1794 πολὺς,
2959 1725 3056 1780 κᾶν
3098 1728 3162 1782 τὸ
3197 1725 3250 1782 ἐν
3281 1726 3427 1799 αὐτῷ
3459 1731 3570 1801 (69)
3603 1728 3892 1804 ὠφέλιμον

482 1819 726 1876 minime
776 1824 916 1874 sunt
966 1819 1255 1888 facienda,
1308 1818 1663 1890 prohibens:
1715 1834 1890 1888 quam
1937 1821 2122 1872 servat

2237 1809 2424 1885 ἀγνοῇ.
2457 1812 2518 1869 Ὁ
2549 1809 2606 1911 δκὶ
2638 1811 2806 1887 λόγος
2833 1816 2921 1870 καὶ
2975 1822 3078 1884 τῆς
3130 1815 3302 1878 αἰτίας
3349 1814 3492 1872 ἐστὶν
3557 1815 3891 1882 ἀποδοτικὸς

479 1907 712 1981 vulgus,
747 1907 981 1962 tametsi
1015 1908 1142 1977 ejus
1173 1908 1404 1980 ignorat
1437 1906 1771 1962 utilitatem.
1806 1906 2006 1961 Sermo
2030 1921 2128 1959 au-

478 2001 596 2053 tem
631 1996 823 2052 reddit
852 1997 1032 2051 etiam
1066 1996 1373 2065 rationem,
1406 2012 1511 2050 cur
1548 1988 1812 2066 quaedam
1842 1994 1962 2050 sint
1989 2009 2126 2048 con-

477 2087 703 2142 stituta.
740 2087 810 2142 Et
843 2085 1094 2141 maxime
1125 2100 1313 2140 sermo
1356 2088 1571 2152 noster,
1619 2083 1855 2139 sublimi
1889 2083 2124 2154 spirita-

481 2174 636 2246 lique
667 2191 842 2231 sensu
878 2173 1064 2246 legem
1097 2173 1416 2244 explicans,
1449 2173 1606 2228 nuda
1634 2178 1692 2228 et
1725 2172 1893 2244 legali
1925 2172 2125 2226 obser-

477 2264 711 2320 vatione
741 2261 993 2319 nobilior
1022 2266 1106 2317 cst
1135 2278 1200 2316 ac
1241 2261 1626 2333 praestantior.
1679 2262 1898 2316 Audire
1929 2263 2121 2314 autem

482 2358 540 2408 et
566 2352 811 2408 auribus
844 2349 1158 2423 percipere,
1191 2351 1327 2422 quid
1360 2352 1510 2406 inter
1530 2367 1592 2405 se
1614 2351 1893 2405 differunt
1911 2349 1937 2403 ?
1959 2349 2120 2412 Quod

475 2441 680 2497 audire
705 2440 917 2496 mentis
940 2445 1051 2507 est,
1076 2441 1160 2496 uti
1187 2439 1469 2495 Dominus
1493 2439 1732 2505 indicat,
1758 2439 1897 2493 dum
1924 2455 2031 2493 nos
2050 2437 2120 2491 ad

473 2528 762 2584 dictorum
795 2529 1152 2585 sententiam
1182 2529 1358 2600 probe
1378 2527 1819 2599 intelligendam
1850 2527 2123 2583 exstimu-

473 2618 593 2674 lat:
628 2620 740 2688 Qui
787 2618 952 2673 habet
1008 2633 1175 2672 aures
1221 2616 1491 2672 audiendi
1537 2619 1728 2672 audiat
1751 2617 1832 2671 ’7:
1882 2621 1942 2671 at
1987 2632 2121 2671 vero

471 2706 714 2762 auribus
746 2706 1043 2778 percipere
1073 2709 1162 2761 est
1192 2706 1435 2760 auribus
1469 2706 1690 2760 nudum
1732 2705 1994 2777 ingerere
2024 2721 2116 2760 so-

472 2813 635 2851 num.
658 2797 1022 2867 QuaprOpter
1044 2793 1297 2866 populus
1320 2795 1378 2849 in
1402 2794 1590 2849 Exodo
1614 2793 1731 2850 ait:
1758 2793 1954 2848 Omnia
1978 2809 2122 2864 quae-

472 2901 686 2956 cunque
715 2883 924 2940 dixerit
975 2885 1132 2951 Deus,
1175 2885 1464 2954 faciemus,
1501 2887 1551 2938 et
1593 2882 1881 2939 audiemus
1906 2883 1987 2936 3°:
2031 2888 2118 2938 ta-

473 2973 646 3030 metsi
672 2977 1132 3028 consentaneum
1158 2971 1346 3044 magis
1371 2972 1576 3038 fuerat,
1603 2976 1666 3027 ut
1686 2971 1983 3027 dicerent:
2011 2977 2121 3027 Au-

471 3061 707 3118 diamus
739 3066 796 3117 et
816 3060 1119 3116 faciamus.
1152 3060 1414 3116 Profecto
1438 3061 1623 3116 facere
1645 3062 1774 3131 ejus
1794 3059 2007 3132 est,qui
2030 3057 2116 3114 vel

471 3149 845 3207 crassissima
867 3149 942 3205 sit
969 3154 1161 3204 mente
1184 3149 1486 3220 praeditus,
1512 3153 1652 3220 puta
1672 3149 1995 3204 Sabbatum
2019 3150 2115 3204 ob-

2233 1901 2352 1954 καθ’
2381 1901 2441 1968 ἣν
2495 1898 2622 1956 τάδε
2676 1902 2797 1957 τινὰ
2856 1900 3345 1962 διατὲτακται.Καὶ
3409 1905 3646 1978 μάλιστα
3695 1908 3722 1961 ὁ
3771 1911 3891 1982 (70)

2233 1991 2354 2043 καθ’
2399 1992 2546 2063 ἡμᾶς
2579 1989 2762 2067 λόγος,
2799 1990 3027 2065 ὑψηλῶς
3057 1995 3147 2048 τὸν
3179 1993 3350 2067 νόμον
3381 1993 3470 2048 καὶ
3501 2001 3888 2068 πνευματικῶς

2234 2077 2614 2155 ὶξηγούμενος,
2671 2079 2998 2157 τιμιώτερός
3053 2081 3163 2136 ιστι
3249 2088 3348 2152 τῆς
3407 2081 3578 2156 ψιλῆς
3629 2084 3764 2138 κατά
3817 2084 3886 2139 τὸ

2230 2167 2458 2244 γράμμα
2487 2172 2941 2245 παρατηρήσεως.
2981 2168 3043 2223 Τί
3075 2167 3221 2225 δὲτὸ
3273 2170 3486 2226 ἀκούειν
3534 2176 3631 2226 τοῦ
3691 2172 3884 2227 ἐνωτί-

2235 2261 2411 2325 ζεσθαι
2446 2253 2724 2335 διαφέρεις
2759 2261 2882 2314 ’Ότι
2912 2258 2974 2313 τὸ
3010 2259 3103 2332 μὶν
3151 2257 3367 2314 ἀκούειν
3416 2255 3656 2324 διανοίας
3713 2259 3886 2331 ἐστὶν,

2232 2345 2306 2406 ὠς
2336 2341 2496 2410 δηλοῖ
2528 2346 2556 2400 6
2589 2346 2784 2420 Κύριος
2817 2343 3095 2424 διεγείρων
3129 2346 3203 2409 εἷς
3239 2347 3302 2403 τὸ
3333 2351 3565 2411 συνετῶς
3616 2349 3889 2405 κατακού-

2231 2454 2305 2488 ειν
2336 2437 2432 2488 τοῦ
2468 2431 2822 2509 βουλήματος
2881 2439 2988 2490 τῶν
3041 2435 3358 2512 λεγομὲνων
3392 2457 3406 2470 ’
3456 2439 3518 2496 Ὁ
3575 2432 3718 2513 ἔχων
3769 2437 3890 2494 ὦτα

2229 2521 2481 2592 ἀκούειν,
2533 2523 2772 2578 ἀκουέτω
2804 2542 2817 2556 ·
2876 2526 2939 2579 τὸ
2997 2521 3055 2580 δὶ
3122 2524 3504 2596 ἐνωτίζεσθαι,
3555 2525 3719 2600 ψιλὸν
3784 2529 3887 2582 τὸν

2226 2612 2369 2688 ἦχον
2393 2611 2682 2667 ἐντίθεσθαι
2711 2618 2828 2675 τοῖς
2860 2611 2990 2667 ὠσί·
3031 2614 3125 2668 Διὸ
3146 2614 3235 2669 καὶ
3283 2615 3312 2669 6
3353 2614 3484 2676 λαὸς
3531 2613 3584 2670 ἐν
3632 2617 3700 2688 τῇ
3763 2616 3886 2686 Ἐξ-

2227 2699 2338 2773 όδῳ
2370 2699 2542 2779 φησί’
2593 2701 2791 2770 Πάντα,
2826 2701 2926 2756 ὅσα
2969 2701 3057 2756 ἐὰν
3109 2699 3234 2776 εἷ’πῃ
3294 2703 3322 2758 6
3374 2703 3502 2765 Θεὸς
3547 2705 3880 2777 ποιήσομεν,

2223 2790 2314 2845 καὶ
2345 2789 2686 2863 ἀκουσόμεθα
2726 2793 2861 2864 (71).
2898 2789 3152 2866 Καίτοιγε
3192 2789 3621 2868 ἀκολουθότερον
3673 2793 3740 2862 ἦν
3790 2792 3874 2846 εἲ-

2225 2885 2380 2934 πεῖν·
2441 2879 2830 2952 Ἀκουσώμεθα
2884 2880 2975 2934 καὶ
3041 2882 3397 2952 ποιήσωμεν
3460 2878 3605 2936 ἀλλὰ
3657 2881 3721 2936 τὸ
3774 2881 3874 2954 μὶν

2223 2974 2448 3038 ποιῆσαι
2481 2967 2682 3032 παντός
2711 2968 2820 3024 ἐστι
2851 2973 2948 3024 τοῦ
2977 2970 3296 3044 παχυτάτου
3327 2970 3426 3038 τήν
3461 2966 3720 3041 διάνοιαν,
3754 2971 3873 3024 οἷον

2221 3064 2458 3133 τηρῆσαι
2484 3062 2811 3130 σωματικῶς
2855 3058 2916 3112 τὸ
2977 3052 3277 3126 Σάϐϐατον,
3308 3059 3399 3112 καὶ
3431 3058 3723 3133 ἀπέχεσθαι
3753 3061 3871 3132 (72)

2232 3147 2560 3221 βρωμάτων,
2589 3147 2676 3200 καὶ
2710 3151 3018 3221 περιτεμεῖν
3048 3145 3117 3219 τῇ
3147 3143 3335 3220 ὀγδόῃ,
3367 3147 3452 3200 καὶ
3495 3147 3557 3201 τὸ
3613 3147 3731 3222 τρὶς
3777 3151 3879 3201 τοῦ

471 3239 887 3308 servarejuxta
909 3236 1270 3309 corporalem
1286 3238 1626 3304 sensum,ab
1638 3239 1788 3292 escis
1800 3237 2112 3304 abstinere,

2233 3209 2474 3290 ivtauto‘d
2532 3209 2789 3309 όφθῆναι¹
2814 3231 2868 3289 ἐν
2901 3209 3003 3305 ’τῷ
3049 3209 3334 3306 νάᾢδτοῖς,
3366 3231 3422 3288 δὶ
3450 3209 3879 3305 ).ὅγοις’τούτων

473 3328 568 3382 die
598 3330 798 3381 octavo
829 3325 1192 3394 circumcidi,
1227 3331 1397 3396 atque
1427 3330 1515 3380 ter
1542 3324 1601 3378 in
1636 3341 1786 3379 anno
1812 3326 1870 3379 in
1901 3324 2118 3396 templo

472 3416 756 3471 interesse
781 3430 795 3469 :
829 3413 926 3468 sed
953 3413 1163 3468 horum
1192 3413 1446 3468 rationes
1469 3412 1725 3484 assequi,
1750 3413 1808 3467 id
1833 3429 1973 3468 sane
1995 3414 2116 3468 fue-

474 3503 550 3559 rit
579 3501 685 3558 viri
720 3502 956 3574 perfecti
983 3504 1132 3572 jam,
1165 3518 1230 3557 ac
1263 3501 1514 3556 multum
1565 3501 1813 3556 scientia
1843 3502 2115 3573 provecti.

476 3594 695 3648 Ferunt
717 3595 913 3646 autem
939 3589 1089 3645 hanc
1119 3606 1297 3645 unam
1323 3589 1503 3644 fuisse
1526 3605 1918 3661 causam,quze
1944 3589 2119 3661 hujus

473 3678 758 3750 temporis
791 3677 1074 3749 populum
1107 3678 1175 3732 ad
1211 3677 1458 3733 insidiae
1489 3678 1782 3750 propheta;
1807 3679 2120 3735 struendae

471 3765 792 3839 impuleiit.
823 3766 951 3822 Jam
981 3783 1113 3822 vero
1160 3766 1427 3838 nunquid
1460 3767 1589 3822 ideo
1629 3768 1813 3824 vocati
1848 3773 1986 3823 sunt
2017 3770 2118 3824 So-

471 3857 780 3912 domorum
815 3855 1131 3927 principes,
1167 3855 1322 3926 quod
1347 3855 1632 3927 improbis
1664 3857 2119 3929 imperarent,an

470 3944 734 4017 quiaipsi
755 3950 952 4001 essent
974 3943 1224 4015 improbi
1247 3943 1274 3998 ?
1289 3945 1484 4000 Potest
1507 3945 1661 4000 enim
1686 3945 1816 4015 quis
1839 3945 2122 4018 improbis

469 4033 1364 4106 imperans,ipseasubditorum
1392 4035 2118 4106 nequitiaesseimmunis.

470 4124 633 4189 Quod
667 4125 714 4178 si
767 4123 836 4178 de
892 4123 1103 4195 populo
1156 4122 1394 4195 quidem
1446 4123 1810 4190 obticuisset,
1854 4125 2121 4179 fortassis

469 4211 661 4268 locum
710 4211 963 4283 aliquem
1011 4217 1212 4284 posset
1267 4212 1480 4266 habere
1525 4212 1904 4283 ambiguitas.
1955 4214 2120 4267 Nunc

469 4306 664 4355 autem
691 4299 822 4367 quia
847 4301 1099 4371 populus
1115 4305 1357 4354 vocatus
1381 4305 1469 4354 est
1488 4299 1821 4354 Gomorrhaa
1845 4299 2117 4371 populus,

472 4387 723 4458 populus
743 4387 939 4441 minus
956 4404 1131 4458 quam
1151 4387 1338 4457 ipsius
1355 4386 1649 4457 principes
1667 4387 2115 4459 culpandusest:

471 4475 750 4531 nimirum
807 4476 1057 4531 Sodoma
1131 4473 1422 4546 pentapoli
1502 4475 1806 4546 praal‘uisse
1863 4478 2119 4532 ostendit

2227 3319 2528 3390 ἐπιϐαλεῖν,
2560 3326 2660 3376 τοῦ
2685 3320 2898 3377 τελείου
2923 3319 3033 3391 ἤδη
3074 3323 3164 3377 καὶ
3222 3321 3310 3377 ἐπὶ
3357 3321 3502 3378 πολὺ
3551 3318 3881 3394 διαϐεϐηκό-

2225 3431 2318 3473 τος
2348 3415 2416 3484 τῇ
2447 3411 2658 3484 γνώσει.
2692 3409 2832 3464 Φασὶ
2861 3407 2919 3464 δὲ
2953 3409 3080 3482 μίαν
3109 3409 3312 3482 ταύτην
3362 3410 3537 3466 αἰτίαν
3598 3413 3728 3467 εἶναι
3778 3413 3884 3480 τήν

2226 3501 2520 3570 κινήσασαν
2579 3497 2656 3560 είς
2711 3499 2814 3566 τὴν
2872 3498 3008 3554 κατᾶ
3070 3503 3168 3554 τοῦ
3240 3501 3526 3577 προφήτου
3582 3495 3891 3569 ἐπιϐουλὴν

2227 3588 2352 3650 τοὺς
2382 3589 2524 3644 τότε.
2555 3586 2622 3644 0i.
2655 3584 2712 3642 δὲ
2741 3587 3006 3662 ἄρχοντες
3057 3585 3326 3662 Σοδόμων
3384 3587 3612 3663 πότερον
3677 3586 3764 3644 διὰ
3818 3590 3888 3644 τὸ

2227 3682 2484 3753 πονηρῶν
2519 3673 2706 3752 ἄρχειν
2738 3677 3280 3751 προσηγορεύθησαν,
3313 3679 3348 3746 ἢ
3382 3675 3470 3732 διὰ
3523 3677 3586 3732 τὸ
3641 3677 3885 3752 πονηροὶ

2230 3768 2400 3836 sint;
2433 3764 2660 3820 Δύναται
2716 3765 2817 3839 γὰρ
2868 3786 2951 3827 τις
3005 3770 3186 3821 κακῶν
3242 3764 3428 3842 ἅρχων
3492 3764 3654 3828 αὐτὸς
3701 3765 3891 3836 ἀπηλ-

2231 3854 2432 3930 λάχθαι
2459 3861 2558 3923 τῆς
2586 3852 2778 3915 κακίας
2812 3853 2922 3908 τῶν
2954 3853 3304 3929 ἀρχομένων.
3339 3853 3494 3912 Ἀλλ’
3527 3854 3571 3908 εί
3608 3855 3702 3927 μὲν
3751 3856 3886 3931 περὶ

2228 3948 2324 3998 τοῦ
2357 3946 2490 3998 λαοῦ
2513 3943 2872 4013 ἀπεσιωπήθη
2911 3945 3045 4016 (73),
3076 3945 3245 4018 τυχὸν
3274 3941 3333 3998 ἃν
3367 3942 3483 4018 εἶχὲ
3511 3964 3635 3998 τινα
3683 3943 3881 4018 χώραν

2229 4035 2263 4102 ἡ
2318 4027 2671 4110 ἀμφιϐολίασ
2729 4035 2819 4085 νῦν
2890 4028 2948 4086 δὲ
2998 4033 3078 4104 τῷ
3138 4032 3269 4094 λαὸς
3323 4031 3604 4107 Ιόμόῤῥης
3662 4033 3690 4086 6
3743 4030 3885 4095 λαὸς

2230 4121 2544 4193 ὠνομάσθαι
2579 4123 2712 4192 (74),
2743 4121 2806 4174 τὸ
2829 4123 2992 4188 ἧττον
3026 4121 3220 4194 ψεκτὸν
3249 4125 3345 4176 τοῦ
3377 4120 3512 4177 λαοῦ
3559 4122 3706 4195 παρὰ
3749 4121 3884 4184 τοὺς

2230 4208 2500 4284 ἄρχοντας
2526 4209 2722 4276 αὐτῶν,
2753 4213 2849 4263 τοῦ
2881 4208 3053 4283 λόγου
3084 4207 3386 4279 δηλοῦντος
3417 4206 3504 4263 διὰ
3542 4210 3605 4264 τὸ
3647 4213 3890 4284 προκαθ-

2229 4296 2434 4366 ἐζεσθαι
2489 4297 2556 4351 τά
2619 4294 2842 4370 Σόδομα
2911 4304 3011 4366 τῆς
3075 4297 3502 4368 πενταπόλεως,
3561 4299 3652 4352 καὶ
3709 4298 3885 4368 αὐτὴν

2229 4384 2376 4462 ἔχειν
2407 4386 2473 4440 τὰ
2500 4384 2665 4440 οἱονεὶ
2696 4385 2895 4460 ἀρχεῖα
2922 4392 3022 4455 τῆς
3051 4385 3339 4462 πονηρίας,
3364 4387 3454 4442 καὶ
3492 4393 3595 4456 τῆς
3645 4385 3697 4441 ἐν
3751 4391 3867 4442 πᾶσ

2227 4481 2419 4536 κακοῖς
2452 4474 2730 4550 ὑπεροχῆς
2767 4473 3052 4543 ἠξιῶσθαι.
3084 4477 3390 4551 Ἅρχοντας
3441 4472 3498 4529 δὲ
3547 4472 3818 4549 Σοδόμων
3854 4479 3894 4547 ἠ

465 4565 693 4636 Scriptu
705 4563 1113 4635 ra,eamquein
1131 4563 1438 4635 iniquitate
1459 4563 1785 4620 obtinuisse
1799 4565 2114 4637 primatum

2233 4563 2440 4635 ἱστορία
2497 4562 2558 4617 ού
2611 4559 3158 4638 παραδὲδωκεπλὴν
3201 4568 3308 4619 τῶν
3346 4563 3614 4640 βασιλέων
3648 4569 3760 4620 τῶν
3788 4567 3896 4635 ἡτ-

466 4659 524 4710 et
550 4654 622 4710 de
654 4653 929 4708 omnibus
955 4652 1126 4709 malis
1157 4651 1328 4723 longe
1348 4656 1586 4708 caeteros
1618 4669 1949 4725 superasse.
1983 4655 2113 4712 His-

539 4771 583 4807 ³⁷
617 4769 818 4827 Matth.
853 4788 934 4839 XI,
967 4772 1054 4828 15.
1131 4772 1177 4810 ³⁸
1205 4772 1382 4828 Exod.
1416 4788 1570 4842 xxiv,
1602 4772 1655 4827 3.

545 4887 655 4959 (68)
683 4888 832 4964 Editi
882 4892 938 4943 et
993 4893 1112 4945 tres
1162 4905 1332 4959 mss.,
1389 4887 1766 4962 προκαλεῖται.
1823 4891 1936 4949 Alii
1981 4895 2122 4964 duo,

474 4955 889 5034 προσκαλεῖται.

475 5031 660 5157 ξ’(69λ
685 5035 822 5104 Reg.
857 5031 1152 5088 secundus
1183 5037 1240 5087 et
1284 5031 1442 5086 Colb.
1477 5031 1680 5088 itidem
1713 5035 2033 5103 secundus,
2057 5036 2120 5090 τὸ

502 5120 684 5157 αυτου.

502 5120 684 5158 αυτου.

543 5172 656 5244 (70)
684 5175 927 5248 Δι.θεζίίιιι·
949 5175 1270 5248 induobus
1299 5171 1604 5248 mss.,_6'ye.
1640 5175 1858 5248 Ibidem
1897 5177 2122 5248 aliquot

472 5242 645 5315 mss.,
677 5242 921 5317 ὑψηλῶς.
953 5246 1129 5315 Editi,
1183 5242 1426 5372 ὑςίὶηλῶν.
1478 5242 1702 5301 Rursus
1744 5247 1852 5305 hoc
1883 5242 2011 5320 ipse
2056 5249 2117 5304 in

472 5318 595 5372 loco
651 5323 902 5372 quatuor
949 5334 1113 5372 mss..
1171 5338 1226 5372 οι
1273 5319 1341 5372 ἧς
1398 5316 1513 5370 κατ’
1573 5315 1702 5371 αὐτὸ
1753 5319 1815 5372 τὸ
1862 5319 2114 5372 γράμμα.

468 5318 620 5393 loco,
651 5315 902 5393 quatuor
949 5334 1113 5393 ms_s.,
1171 5315 1341 5390 φιλῆς
1398 5316 1513 5370 κατ’
1573 5315 1702 5371 αὐτὸ
1753 5319 1815 5372 τὸ
1862 5315 2114 5393 γράμμα.

471 5392 650 5459 Editi,
671 5387 906 5463 aurita?)
936 5387 1183 5463 γράμμα.

541 5458 654 5537 (7t)
685 5461 837 5537 Editi
869 5466 926 5518 et
949 5458 1114 5537 Colb.
1134 5458 1384 5537 primus
1404 5460 1689 5537 _secunda
1720 5476 1894 5516 manu
1944 5465 1998 5518 et
2030 5478 2114 5537 re-

469 5528 648 5613 centi,
676 5534 978 5613 ποιήσομεν
1007 5528 1485 5613 καὶ-ἀκουσόμεθα,
1517 5535 1574 5586 et
1625 5531 1706 5613 ita
1735 5549 1965 5604 quoque
1993 5534 2115 5613 edi-

468 5612 597 5664 tum
611 5601 944 5678 invenimus
957 5606 1114 5678 apud
1128 5604 1286 5660 LXX.
1303 5601 1485 5678 Atalii
1504 5601 1912 5678 quatuor‘mss.
1926 5649 1939 5674 ,
1955 5607 2115 5677 ποιή-

469 5700 649 5754 σωμεν
678 5678 767 5734 καὶ
823 5675 1204 5752 ἀκουσῶμεθα,
1241 5677 1526 5733 Faciamus
1555 5678 1605 5734 et
1637 5675 1946 5735 audiamus.
1981 5675 2112 5737 Sta-

2222 4654 2519 4726 τηθὶντων.
2553 4651 2650 4707 Διὰ
2700 4650 2880 4726 μέντοι
2923 4653 3014 4709 τὸν
3065 4652 3613 4729 πεπαρῥησιασμὲνον
3657 4653 3888 4710 τούτων

2233 4893 2343 4948 tim
2373 4889 2514 4948 editi
2541 4894 2598 4945 et
2647 4889 2763 4944 duo
2793 4903 2967 4956 mss.,
3014 4885 3371 4958 ἄγουσώμεθα
3417 4886 3506 4942 καὶ
3535 4887 3890 4958 ποιήσωμεν.

2232 4969 2371 5032 Reg.
2406 4961 2655 5034 primus,
2687 4959 3030 5034 ἀκουσόμεθα
3060 4957 3148 5012 καὶ
3172 4957 3508 5034 ποιήσομεν.

2303 5028 2424 5106 (72)
2449 5028 2690 5088 Codices
2721 5028 2952 5106 aliquot
2977 5029 3331 5106 ἀποσχέσθαι.
3372 5028 3599 5106 Ibidem
3625 5028 3902 5106 quinque

2232 5101 2407 5171 mss.,
2433 5105 2770 5178 περιτεμεῖν.
2805 5101 2978 5170 Editi,
3008 5101 3389 5178 Δπερίῖιτξμνξιν.
3421 5101 3901 5178 Nec_ita_multo

2232 5168 2539 5266 post-mss.
2590 5168 2872 5248 quinque,
2924 5168 3134 5228 τούτων
3189 5168 3493 5231 ἐπιϐαλεῖν.
3549 5173 3721 5244 Editi,
3770 5171 3901 5227 ἇπι-

2228 5243 2622 5389 Sai‘7gtlwéditi.
2656 5315 2962 5387 ἐσιωπήθη.
3007 5319 3082 5374 At
3138 5317 3400 5390 quinque
3447 5333 3614 5384 mss.,
3649 5315 3897 5369 ἀπεσιω-

2453 5460 2704 5544 Codices
2739 5465 3011 5544 quatuor,
3060 5457 3122 5514 τό
3171 5455 3303 5544 λαὸς
3329 5455 3637 5544 ,Χομόῤῥας
3673 5458 3715 5544 Ιὁ
3747 5457 3892 5544 λαρς

2226 5526 2559 5606 ὠνόμασται,
2594 5532 2709 5588 nisi
2739 5526 2895 5604 quod
2927 5526 3133 5588 inuno
3163 5538 3297 5657 post
3326 5526 3553 5594 illud,'6
3586 5526 3742 5597 λαός,
3780 5531 3886 5586 ad-

2226 5607 2419 5669 datur,
2452 5603 2777 5674 8M<._Reg.
2810 5605 3128 5672 secundus,
3199 5603 3251 5656 uit
3290 5606 3371 5674 τῷ
3419 5598 3594 5666 λαὸς..
3650 5599 3878 5674 ὠνομά-

2225 5605 2419 5669 datur,
2452 5605 2606 5666 ὅλος.
2639 5609 2777 5677 Reg.
2810 5605 3128 5672 secundus,
3163 5605 3251 5657 διὰ
3290 5606 3371 5674 τῷ
3419 5605 3594 5666 λαὸς..

2224 5679 2365 5736 σθαι.
2399 5677 2574 5748 Editi,
2609 5672 2700 5732 διὰ
2725 5675 2789 5733 τὸ
2818 5674 3020 5739 λαὸς...
3053 5673 3369 5749 ὠνομάσθη.
