4134 6212
225 351 344 411 165

1083 351 1487 414 ΟΟΜΜΕΝΤ.
1533 351 1615 413 ΙΝ
1656 352 1929 414 ISAIAM
1971 354 2490 422 PROPHETAM.
2540 362 2714 424 CAP.
2761 367 2808 426 Ι.

3538 382 3655 441 166

217 485 334 536 τῶν
392 478 729 536 ἀδικούντων
759 476 1010 558 ἔλεγχον,
1041 483 1071 537 ὁ
1103 481 1440 545 ’Λπόστολός
1470 505 1603 561 φησι
1630 483 1752 559 περὶ
1781 488 1872 538 τοῦ

1997 487 2147 542 toria
2159 492 2442 547 autem‘de
2456 493 3063 566 principibusSodomo
3073 521 3198 560 rum
3216 523 3328 562 non
3347 509 3482 566 facit
3496 528 3654 570 men-

216 568 474 627 Ἠσαΐοιν
552 567 881 644 ’Δποτολμᾷ
947 571 1037 625 καὶ
1097 570 1264 646 λέγει.
1324 573 1594 647 Χρήσεται
1641 569 1698 627 δέ
1756 595 1890 629 ποτε

222 660 451 721 τούτοις
495 661 524 714 ὁ
584 657 635 714 ἐν
693 656 957 734 δύγμασιν
1016 659 1183 734 ὑγιὲσι
1242 660 1330 715 καὶ
1385 660 1737 734 ἀνεπιλήπτῳ
1789 663 1889 736 βίῳ

219 750 511 824 τυγχάνων
583 747 719 823 πρὸς
796 745 1064 824 ἄρχοντας
1144 748 1482 820 Ἐκκλησιῶν
1557 751 1887 826 παρανόμως

226 839 484 913 βιοῦντας
518 839 652 910 (75),
706 837 795 891 καὶ
826 834 955 891 λαὸν
988 835 1305 893 ἐκκλίνοντα
1333 839 1422 894 καὶ
1454 839 1692 915 ἀχρείως
1723 838 1884 895 πολι-

219 927 352 981 τευό
361 946 549 998 μενον.

1998 576 2524 644 tionem,898nisi
2541 586 2694 654 quod
2716 603 2918 659 regum
2934 591 3292 650 devictorum
3309 605 3652 658 commemi-

2127 668 2310 759 _At.qui
2327 671 2896 742 prepterlibertatcm
2913 678 3071 734 illam
3089 698 3205 752 qua
3218 685 3654 759 redarguuntur

1997 753 2093 808 isti
2123 755 2327 827 iniqui,
2365 759 2432 812 de
2456 760 2608 816 Isaia
2629 764 2711 817 ait
2739 767 3057 837 Apostolus
3082 771 3128 805 39
3160 789 3172 826 :
3209 753 3461 832 Audet—ct
3489 780 3648 836 dicit.

1998 843 2280 899 Caeterum
2309 847 2360 902 is
2379 850 2548 920 cujus
2563 867 2705 906 sana
2725 859 2812 908 est
2835 856 3102 914 doctrina
3122 865 3178 915 et
3194 865 3309 917 vita
3328 864 3648 939 inculpata,

1999 933 2209 1002 poterit
2231 951 2650 1008 nonnunquam
2672 940 2781 997 hac
2802 948 3153 1016 coarguendi
3177 948 3414 1010 licentia
3449 933 3531 1011 uti
3550 933 3650 1014 ad;

218 1033 440 1072 versus
468 1014 857 1071 Ecclesiarum
887 1014 1179 1087 principes
1209 1015 1386 1071 vitam
1418 1016 1768 1089 ﬂagitiosam
1801 1018 2104 1088 ducentes,
2137 1038 2362 1078 necnon
2395 1026 2676 1083 adversus
2706 1014 2990 1102 populum
3023 1035 3390 1098 aberrantem
3432 1061 3498 1100 ac
3555 1045 3646 1102 in-

221 1105 460 1161 utiliter
487 1108 950 1160 conversantem.

294 1195 388 1248 24.
452 1192 520 1248 Τί
601 1212 693 1264 μοι
769 1189 986 1260 πλῆθος
1052 1195 1161 1246 τῶν
1241 1196 1438 1256 θυσιῶν
1493 1193 1676 1261 eam;
1735 1190 1882 1268 λέγει

220 1281 450 1355 Κύριος.
514 1281 604 1336 Ἔν
659 1283 766 1334 τῶν
826 1277 1155 1357 ὀφειλόντων
1217 1281 1546 1351 ἀκουσθῆναι
1597 1281 1744 1355 παρὰ
1774 1286 1885 1336 τῶν

219 1371 532 1444 ἀρχόντων,
590 1369 676 1422 καὶ
738 1367 883 1442 παρά
937 1372 1033 1423 τοῦ
1091 1367 1226 1424 λαοῦ
1281 1369 1656 1445 φυλαχθῆναι,
1695 1371 1778 1438 τὸ,
1813 1369 1876 1424 Τί

224 1479 319 1531 μοι
396 1456 615 1526 πλῆθος
687 1460 797 1510 τῶν
874 1461 1070 1520 θυσιῶν
1144 1453 1337 1530 ὕμῶν;
1420 1460 1609 1514 Θυσίαι
1665 1453 1874 1514 ἀσεϐῶν

225 1545 519 1622 βδέλυγμα
573 1544 763 1619 Κυρίῳ
805 1547 942 1619 (76).
1001 1547 1127 1609 Ηῶς
1187 1543 1244 1601 δὲ
1302 1543 1391 1602 διὰ
1447 1549 1643 1603 θυσιῶν
1690 1552 1796 1603 τῶν
1830 1546 1882 1602 ἐν

219 1634 429 1706 πλήθει
456 1632 882 1711 προσαγομένων
915 1631 1036 1688 ἄνευ
1077 1634 1372 1710 ἀξιολόγου
1410 1636 1691 1709 μετανοίας
1723 1635 1883 1692 ἐλπί-

227 1731 343 1794 ζετε
397 1724 649 1798 εὑρήσειν
678 1723 800 1777 τινά
829 1721 1210 1798 ἀπολύτρωσιν
1269 1730 1389 1788 ταῖς
1431 1727 1633 1801 ψυχαῖς
1656 1772 1664 1781 .
1688 1727 1880 1798 ὑμῶν;

223 1815 306 1871 Οὐ
350 1813 456 1890 γὰρ
516 1811 569 1866 ἐν
624 1810 816 1885 αἲματι
868 1811 1040 1880 ζώων,
1100 1809 1226 1867 οὐδὲ
1282 1813 1331 1868 ἐν
1393 1819 1620 1892 σφαγαῖς
1681 1808 1883 1868 ἐπιδω-

225 1901 404 1974 μίοις,
462 1899 592 1955 ἀλλ’
641 1900 730 1955 ἐπὶ
773 1898 974 1974 καρδίᾳ
1016 1903 1415 1978 συνετριμμένῃ
1486 1903 1614 1966 Θεὸς
1674 1901 1884 1957 ἱλάσκε-

220 2011 333 2044 ται·
401 1988 568 2044 Θυσία
642 1987 744 2065 γὰρ
822 1993 902 2061 τῷ
967 1993 1082 2062 Θεῷ
1140 1994 1353 2063 πνεῦμα
1404 1992 1879 2068 σνντετριμμὲνον.

219 2081 291 2133 Τὸ
340 2079 478 2133 αὐτὸ
529 2075 585 2132 δὲ
632 2078 720 2131 καί
752 2077 892 2150 πρὸς
930 2077 1056 2141 τοὺς
1091 2078 1143 2133 ἐν
1195 2077 1452 2142 δαπάναις
1490 2081 1583 2153 μὶν
1617 2078 1874 2158 ἀφειδεῖς,
1908 2069 1956 2133 Β

223 2169 300 2241 μή
340 2171 741 2240 μετανοοῦντας
803 2165 860 2220 δὲ
917 2164 1005 2222 διὰ
1047 2171 1156 2222 τῶν
1204 2165 1393 2244 ἔργων,
1456 2168 1683 2243 ἁρμόσει
1732 2167 1880 2243 λέγε-

220 2259 369 2311 σθαιο
431 2255 529 2310 Διά
581 2260 744 2310 τοῦτο
805 2255 932 2332 οὐχὶ
989 2255 1229 2320 καθόλου
1261 2256 1445 2320 θυσίας
1478 2259 1877 2332 παραιτεῖταιὸ

219 2342 416 2420 λόγος,
472 2343 619 2400 ἀλλά
671 2346 768 2407 τὰς
802 2341 1122 2407 Ἰουδαῖκάς.
1155 2345 1219 2400 Τί
1249 2346 1350 2421 γὰρ
1387 2367 1478 2419 μοι
1510 2346 1744 2415 πλῆθος,
1777 2368 1878 2424 φη-

217 2435 290 2504 σὶ,
342 2436 455 2488 τῶν
512 2435 708 2488 θυσιῶν
787 2433 983 2506 ὑμῶν;
1045 2432 1143 2488 Καὶ
1202 2434 1262 2488 τὸ
1319 2436 1412 2508 μὲν
1473 2434 1686 2505 πλῆθος
1743 2434 1876 2489 ἀποο

214 2524 518 2596 πέμπεται,
577 2522 701 2595 μίαν
760 2519 818 2576 δὲ
865 2521 1047 2577 θυσίαν
1109 2522 1375 2593 ἐπιζητεῖ.
1433 2525 1610 2586 Αὐτὸς
1658 2520 1880 2586 ἕκαστος

218 2613 415 2667 ἑαυτὸν
475 2611 794 2688 προσαγὲτω
843 2613 1064 2684 (77)τῷ
1095 2616 1229 2683 Θεῷ,
1264 2616 1537 2686 παριστῶν
1572 2612 1755 2667 ἑαυτὸν
1791 2623 1881 2676 θυ-

223 2703 345 2757 σίαν
383 2706 581 2773 ζῶσαν,
624 2701 911 2777 εὗάρεστον
956 2705 1036 2773 τῷ
1082 2705 1220 2774 Θεῷ,
1254 2698 1345 2755 διὰ
1372 2708 1470 2771 τῆς
1502 2698 1732 2776 λογικῆς
1780 2699 1880 2756 λα-

219 2792 410 2866 τρείας
438 2789 581 2853 θύων
637 2794 718 2861 τῷ
762 2789 878 2861 Θεῷ
904 2789 1086 2853 θυσίαν
1119 2788 1393 2852 αἰνέσεως.
1454 2788 1675 2860 Ἐπειδὴ
1722 2787 1780 2844 δὲ
1817 2791 1879 2845 τὸ

221 2880 444 2948 πλῆθος
471 2883 579 2934 τῶν
620 2878 758 2933 κατά
786 2879 875 2933 τὸν
909 2879 1075 2952 νόμον
1107 2881 1304 2934 θυσιῶν
1356 2880 1429 2941 ὡς
1469 2880 1689 2955 ἀχρεῖον
1725 2874 1876 2934 ἐκδὲ-

226 2965 460 3038 ϐληται,
496 2967 593 3039 μία
621 2967 776 3022 θυσία
820 2965 1162 3043 προσεδέχθη
1211 2967 1294 3022 ἐπ’
1325 2967 1569 3044 ἐσχάτων
1601 2972 1708 3023 τῶν
1743 2968 1876 3023 αἰώ-

216 3079 332 3112 νων
383 3057 463 3118 εἷς
524 3057 773 3126 ἀθέτησιν
822 3077 922 3126 της
974 3056 1241 3133 ἁμαρτίας
1293 3058 1656 3133 ἀνενεχθεῖσα.
1686 3058 1742 3111 Ὀ
1772 3057 1875 3133 γὰρ

218 3147 428 3218 ’Δμνὸς
460 3150 557 3200 τοῦ
589 3149 723 3201 Θεοῦ
769 3147 871 3220 ἦρε
914 3146 1014 3215 τήν
1064 3145 1329 3221 ἁμαρτίαν
1356 3151 1451 3201 τοῦ
1481 3145 1713 3220 κόσμου,
1751 3147 1874 3201 ἑαυ-

213 3235 310 3290 τὸν
359 3233 654 3308 ἀνενεγκὼν
693 3235 1007 3310 προσφορὰν
1065 3234 1155 3289 καὶ
1209 3235 1389 3299 θυσίαν
1432 3236 1508 3300 είς
1557 3235 1734 3310 ὀσμὴν
1785 3236 1873 3290 εύ-

216 3341 412 3386 ωοιας.

282 3503 376 3557 25.
439 3498 670 3575 Πλήρης
729 3497 846 3573 εἶμί
876 3501 1008 3574 (78).
1044 3500 1304 3556 Ἐνταῦοα
1331 3498 1517 3565 καλῶς
1567 3499 1682 3576 ἔχει
1714 3522 1868 3577 περι·

214 3592 501 3666 ορισθῆνιι
545 3591 644 3657 τὴν
704 3590 1031 3663 ἀνάγνωσιν,
1088 3589 1176 3644 καὶ
1211 3589 1318 3645 ἀπὸ
1349 3587 1528 3660 ἄλλης
1561 3590 1741 3666 ἀρχῆς
1775 3591 1868 3666 ἄρ-

209 3681 394 3750 ξασθαι
445 3682 552 3732 τῶν
601 3681 714 3751 (79)
774 3677 916 3748 tam.
978 3678 1051 3736 Τὸ
1087 3679 1181 3752 μὶν
1213 3681 1313 3755 γὰρ
1345 3678 1740 3755 πεπληρῶσθαι
1771 3687 1868 3750 τῆς

211 3767 354 3829 ἰδίας
389 3768 818 3842 μακαριότητος,
870 3767 959 3822 καὶ
1010 3765 1270 3830 ἀνενδεῶς
1322 3763 1466 3844 ἔχειν
1500 3769 1716 3836 ἑαυτοῦ,
1745 3789 1870 3842 πρε-

207 3855 559 3912 πωδέστατον
607 3861 686 3928 τῷ
724 3861 860 3929 Θεῷο
906 3857 967 3911 τὸ
1019 3853 1075 3911 δὶ
1101 3863 1200 3926 τῆς
1249 3857 1355 3911 ἀπὸ
1401 3861 1506 3911 τῶν
1559 3856 1868 3912 ὁλοκαυτω-

208 3951 398 4019 μάτων
451 3945 676 4014 κνίσσης
723 3946 814 4000 καὶ
863 3950 960 4000 τοῦ
993 3945 1220 4020 α’ίματος
1253 3950 1357 4002 τῶν
1391 3947 1745 4024 σφαζομᾶνων
1778 3967 1868 4000 πε-

202 4036 544 4112 πληρῶσθαι
607 4033 809 4110 λέγειν,
863 4034 1074 4108 ἀνάξιον
1124 4041 1220 4090 τοῦ
1274 4039 1428 4092 Θεοῦ.
1485 4034 1717 4110 Ηλήρης
1773 4034 1863 4090 οὖν

201 4124 368 4180 ἐστιν·
430 4124 547 4201 Ἀφ’
606 4123 670 4177 οὗ
725 4128 821 4178 τοῦ
877 4123 1254 4201 πληρώματος
1304 4127 1415 4198 (80)
1464 4127 1627 4198 ἡμεῖς
1673 4126 1866 4188 πάντες

200 4210 511 4286 ἐλάϐομεν,
561 4212 650 4266 καὶ
692 4212 742 4267 ἐν
866 4219 1124 4269 Κατοικεῖ
1174 4220 1279 4269 πᾶν
1327 4214 1389 4269 τὸ
1437 4212 1722 4288 πλήρωμα
1768 4221 1865 4284 τῆς

199 4303 471 4372 θεότητος
531 4306 879 4374 σωματικῶς,
932 4302 1158 4376 Δαίμοσι
1211 4303 1304 4376 μὲν
1351 4303 1454 4378 γὰρ
1507 4305 1618 4376 (81)
1669 4300 1757 4357 διὰ
1801 4302 1864 4356 τὸ

200 4389 512 4465 φιλήδονον
569 4391 659 4445 καὶ
691 4388 924 4462 ἐμπαθὲς
970 4397 1025 4446 αῖ
1059 4392 1233 4456 θυσίαι
1268 4390 1488 4468 φέρουσί
1515 4413 1633 4446 τινα
1666 4388 1864 4460 ἡδονὴν

197 4482 289 4536 καὶ
340 4480 561 4555 χρείαν,
613 4477 1038 4553 ἐκθυμιώμεναι,
1069 4479 1158 4536 διὰ
1204 4489 1303 4552 τῆς
1354 4481 1596 4544 καύσεως
1647 4481 1864 4553 ἐξατμι-

201 4571 442 4642 ζομὲνου
494 4572 593 4622 τοῦ
643 4567 893 4641 α’ίματος,
949 4570 1037 4624 καὶ
1097 4570 1240 4626 οὕτω
1309 4568 1399 4625 διὰ
1452 4577 1554 4641 τῆς
1607 4571 1863 4643 τοιαύτης

2064 1199 2154 1253 24.
2213 1199 2387 1255 Vens.
2446 1204 2531 1258 11.
2595 1206 2734 1274 Quid
2790 1209 2934 1265 mihi
2982 1214 3284 1273 multitudo
3339 1223 3639 1292 sacriﬁcio-

1996 1304 2120 1342 rum
2147 1295 2494 1346 vestrorum?
2525 1294 2666 1349 dicit
2696 1297 2976 1355 Dominus.
3012 1305 3090 1356 Ex
3113 1303 3204 1359 his
3237 1322 3361 1376 quae
3385 1326 3418 1363 a
3474 1312 3642 1382 prin-

1995 1376 2222 1470 cipibus
2255 1377 2578 1437 debuerant
2610 1384 2819 1452 audiri,
2874 1393 2931 1442 et
2971 1406 3004 1444 a
3052 1392 3266 1463 populo
3325 1376 3637 1470 observari,

1995 1465 2104 1521 hoc
2139 1484 2325 1522 unum
2357 1474 2446 1525 est
2477 1487 2489 1526 :
2526 1473 2666 1539 Quid
2694 1475 2838 1530 mihi
2886 1479 3187 1536 multitudo
3243 1465 3640 1556 sacriﬁciorum

1993 1564 2298 1611 vestrorum
2335 1557 2362 1612 ?
2420 1558 2719 1632 Sacriﬁcia
2771 1566 3072 1636 impiorum
3120 1571 3464 1630 abominatio
3510 1585 3640 1634 sunt

1993 1644 2224 1700 Domino
2253 1646 2317 1701 ⁸ο.
2351 1650 2655 1713 Quomodo
2687 1657 2882 1709 autem
2927 1671 3029 1726 per
3085 1658 3356 1717 victimas
3413 1664 3636 1721 affatim

1994 1733 2220 1790 oblatas
2252 1735 2379 1792 sine
2409 1738 2701 1812 condigna
2732 1743 3072 1813 poenitentia
3104 1749 3355 1818 speratis
3385 1768 3484 1808 vos
3516 1754 3642 1824 {ali-

1993 1837 2169 1893 quam
2225 1825 2557 1882 animarum
2613 1833 2939 1888 vestrarum
3001 1835 3458 1908 redemptionem
3514 1858 3645 1899 esse

1993 1917 2369 1970 assecuturos
2399 1916 2426 1970 ‘I
2455 1919 2580 1972 Non
2597 1919 2749 1974 enim
2769 1921 3112 1978 animalium
3137 1928 3644 2004 sanguine,neque

1993 1999 2284 2072 impositis
2316 2020 2427 2058 are
2460 2005 2786 2074 sacrificiis,
2821 2010 2920 2063 sed
2955 2011 3205 2067 contrito
3265 1999 3437 2071 corde
3491 1999 3642 2075 Deus

1990 2088 2256 2160 placatur
2286 2107 2298 2144 :
2331 2092 2624 2164 siquidem
2653 2094 3006 2168 Sacri/icium
3035 2101 3141 2156 Deo
3167 2105 3395 2172 spiritus
3418 2109 3640 2173 ξι·οηίνί-

1991 2178 2214 2233 balatus
2234 2180 2300 2233 ‘1.
2323 2180 2498 2237 Porro
2525 2182 2580 2237 id
2614 2183 2808 2253 ipsum
2843 2203 2954 2242 non
2983 2187 3178 2260 inepte
3195 2193 3424 2249 dicetur
3443 2197 3514 2251 ad
3537 2213 3637 2252 eos

1991 2283 2220 2338 quoque
2251 2269 2643 2341 quiingentes
2673 2273 2972 2344 impensas
3006 2277 3246 2348 faciunt,
3282 2298 3386 2337 nec
3441 2292 3634 2342 lameu

1988 2371 2092 2425 per
2133 2372 2308 2426 opera
2356 2365 2539 2430 agunt
2595 2362 3018 2432 pcenitentiam.
3081 2368 3470 2433 Quamobrem
3519 2390 3633 2430 non

1988 2445 2229 2500 omnino
2253 2445 2554 2518 Scriptura
2587 2450 2776 2520 rejicit
2806 2455 3111 2519 sacriﬁcia,
3145 2459 3243 2512 sed
3280 2463 3506 2516 tantum
3529 2462 3634 2519 Ju-

1991 2531 2174 2589 daica.
2211 2535 2350 2602 Quid
2379 2537 2557 2607 enim,
2589 2537 2820 2610 linquit,
2879 2544 3022 2598 mihi
3075 2546 3368 2604 multitudo
3417 2553 3633 2621 sacriﬁ-

1989 2623 2200 2677 ciorum
2215 2633 2525 2680 vestrorum
2544 2625 2570 2680 ?
2587 2627 2901 2698 thuidem
2930 2634 3276 2702 reprobatur
3291 2637 3630 2709 multitudo;

1990 2727 2168 2765 unam
2200 2727 2334 2766 vero
2367 2713 2614 2783 requirit
2656 2715 2931 2775 hostiam.
2967 2718 3382 2795 Unusquisque
3407 2725 3521 2781 Deo
3547 2728 3631 2782 of-

1990 2799 2137 2854 ferat
2166 2817 2227 2854 se
2262 2800 2406 2872 ipse,
2440 2803 2720 2860 exhibens
2749 2822 2877 2860 sese
2909 2806 3161 2864 hostiam
3194 2811 3502 2883 viventem,
3536 2831 3630 2870 ac-

1988 2893 2212 2960 ceptam
2244 2893 2378 2959 Deo,
2414 2907 2517 2961 per
2546 2893 2888 2949 rationalem
2913 2897 3135 2952 cultum
3159 2899 3274 2954 Deo
3307 2900 3498 2958 laudis
3531 2920 3630 2958 sa-

1987 2976 2270 3032 crificium
2302 2977 2620 3035 immolans
2653 2983 2722 3038 ⁴².
2745 2984 2888 3037 Cum
2921 2991 3118 3040 autem
3151 2987 3432 3057 legalium
3463 2991 3631 3048 vieti-

1986 3081 2216 3120 marum
2243 3067 2559 3123 multitudo
2593 3072 2876 3141 tanquam
2899 3088 3047 3128 vana
3068 3076 3282 3144 rejecta
3313 3077 3628 3151 sit,appro-

1984 3154 2120 3209 bata
2150 3158 2238 3209 est
2267 3159 2324 3210 et
2343 3155 2540 3211 oblata
2563 3156 2782 3229 ultimis
2813 3162 3175 3233 temporibus
3207 3165 3275 3220 ad
3310 3165 3624 3224 delendum

1982 3248 2288 3314 peccatum
2319 3243 2513 3300 hostia
2569 3263 2706 3301 una.
2740 3248 2965 3305 Etenim
2997 3251 3098 3306 Dei
3146 3255 3348 3325 Agnus
3381 3257 3629 3314 abstulit

1987 3332 2189 3386 mundi
2212 3337 2518 3403 peccatum
2538 3335 2600 3401 ‘3,
2627 3351 2690 3390 se
2721 3335 2916 3408 ipsum
2935 3339 3180 3397 oﬂ'erens
3199 3342 3550 3401 oblationem
3569 3350 3628 3402 et

2212 3385 2237 3403 ,ν
2260 3385 2517 3388 Hm"-
2584 3385 2600 3401 ,
2629 3385 2687 3390 --
2721 3385 3038 3408 -,-_----..-

1904 3385 1946 3452 Ο
1987 3421 2238 3476 hostiam
2271 3421 2330 3476 in
2362 3423 2601 3478 odorem
2630 3426 2940 3482 suavitatis
2971 3428 3038 3484 “.

2049 3510 2137 3564 25.
2175 3511 2377 3566 Plenus
2404 3528 2545 3567 sum.
2581 3513 2683 3568 Hic
2734 3515 2838 3570 abs
2868 3533 2926 3572 re
2984 3535 3098 3573 non
3159 3519 3335 3575 fuerit
3390 3522 3628 3580 lectioni

1982 3599 2157 3654 ﬁnem
2198 3598 2523 3672 imponere,
2555 3618 2740 3673 exque
2797 3603 2910 3660 alio
2967 3605 3249 3679 principio
3300 3627 3427 3682 quae
3488 3618 3629 3669 sunt

1981 3688 2258 3758 deinceps
2292 3689 2571 3745 discenda
2603 3691 2896 3748 inchoare.
2931 3695 3112 3750 Deum
3146 3698 3300 3753 enim
3336 3701 3501 3757 decet
3539 3703 3626 3760 vel

1982 3777 2254 3844 maxime,
2287 3794 2395 3833 sua
2425 3778 2664 3849 plenum
2697 3797 2826 3837 esse
2855 3783 3237 3855 beatitudine,
3283 3805 3388 3845 nec
3447 3791 3626 3847 ullius

1981 3870 2188 3936 praeter
2209 3882 2270 3920 se
2293 3883 2459 3936 egere
2485 3885 2498 3922 :
2522 3885 2785 3926 asserere
2810 3877 3004 3926 autem
3029 3872 3225 3943 ipsum
3253 3877 3624 3934 holocausto-

1978 3971 2108 4009 rum
2143 3955 2344 4009 nidore
2375 3959 2427 4010 et
2459 3957 2785 4013 occisarum
2809 3959 3176 4017 victimarum
3201 3964 3487 4036 sanguine
3512 3965 3627 4037 ple-

1977 4060 2116 4098 num
2149 4059 2297 4108 esse,
2335 4049 2441 4100 Deo
2476 4045 2783 4116 indignum
2818 4053 2925 4103 est.
2987 4051 3087 4105 Est
3145 4053 3327 4123 igitur
3393 4053 3623 4126 plenus,

1975 4133 2050 4187 De
2078 4133 2234 4203 cujus
2265 4133 2609 4204 plenitudine
2638 4151 2731 4190 nos
2759 4151 2946 4192 omnes
2992 4141 3302 4211 accepimus
3332 4144 3399 4210 ‘5,
3459 4149 3515 4197 et
3563 4144 3623 4199 in

1977 4238 2090 4292 quo
2121 4221 2407 4277 Inhabitat
2436 4224 2612 4278 omnis
2637 4224 2918 4295 plenitudo
2961 4227 3275 4284 divinitatis
3329 4232 3624 4301 corporali-

1976 4318 2058 4365 ter
2085 4311 2146 4365 ‘5.
2185 4311 2356 4365 Porro
2389 4311 2702 4378 daemones,
2736 4318 2936 4386 utpote
2966 4316 3364 4387 voluptatibus
3396 4320 3621 4377 affecti-

1976 4398 2202 4470 busque
2233 4397 2624 4472 indulgentes,
2657 4418 2725 4456 ex
2755 4403 3009 4460 victimis
3031 4423 3146 4461 non
3179 4405 3323 4462 nihil
3382 4410 3624 4480 capiunt

1975 4486 2291 4558 voluptatis
2311 4503 2374 4542 ac
2388 4487 3022 4564 emolumenti.Quippe
3041 4495 3180 4549 dum
3206 4495 3621 4564 incenduntur,

1974 4577 2218 4647 sanguis
2243 4591 2344 4647 per
2364 4576 2735 4635 adustionem
2757 4583 3108 4639 convertitur
3132 4584 3188 4639 in
3214 4587 3624 4657 vaporem,sic-

200 4657 661 4728 λεπτοποιήσεως
711 4657 787 4720 εἷς
835 4660 935 4727 τὴν
987 4659 1234 4715 σύστασιν
1281 4656 1858 4733 αὖτῶνάναλαμϐανο-

1990 4681 2081 4733 lue
2113 4665 2171 4718 in
2199 4664 2492 4734 ejusmodi
2519 4666 2776 4724 minutas
2799 4673 2991 4740 partes
3013 4671 3395 4742 resolutus,in
3418 4691 3622 4734 eorum

149 4832 161 4845 ,
272 4779 319 4813 ³³
349 4782 526 4833 Rom.
557 4794 614 4845 x,
646 4777 734 4832 20.
841 4775 887 4811 ⁸ο
917 4777 1080 4833 Prov.
1121 4794 1217 4844 xv,
1246 4779 1300 4834 8.

203 4851 248 4884 ⁸³
280 4850 462 4906 Joan.
499 4865 540 4915 ι,
569 4849 654 4904 16.
677 4849 722 4890 ⁴⁶
748 4846 969 4904 Coloss.
1003 4866 1066 4917 II,
1097 4849 1152 4905 9.

271 4969 395 5038 (75)
420 4968 520 5041 _Ita
545 4969 801 5041 quatuor
830 4968 1053 5041 mssIAt
1071 4967 1214 5024 editi
1237 4983 1370 5041 cum
1393 4968 1863 5041 Reg.primo,m-

198 5014 702 5112 ρανομίοῧνταέκαὶ
734 5041 922 5113 nauita;
947 5037 1218 5113 βιοῦντας.
1253 5040 1371 5096 Hoc
1429 5014 1573 5113 lpos;
1615 5042 1677 5097 in
1736 5014 1863 5099 loco

194 5107 355 5184 Regf
380 5112 702 5177 secundus,
746 5107 1111 5184 tantum.

273 5180 392 5257 (76)
423 5184 596 5257 Editi,
622 5180 770 5257 παρά
801 5182 1004 5256 Κυρίῳ.
1030 5184 1202 5240 Deest
1221 5180 1366 5257 παρά
1397 5182 1456 5238 in
1487 5183 1679 5240 tribus
1714 5200 1859 5240 mss.

194 5260 251 5310 et
282 5256 347 5309 in
378 5256 635 5311 editione
668 5256 952 5310 Romana.

265 5328 385 5396 (77)
415 5329 558 5384 Tres
591 5343 762 5395 mss.,
797 5323 1062 5395 ἐπιζητεῖ,
1112 5325 1172 5393 ἦν
1231 5324 1396 5387 αὐτὸς
1446 5321 1670 5387 ἕκαστος
1728 5325 1856 5380 εαυ-

196 5395 289 5450 τὸν
325 5399 609 5484 προσάγει.
644 5398 811 5481 Unus
844 5414 980 5484 1.113.,
1032 5396 1314 5484 RpOO’iY'Et'
1371 5397 1538 5484 alter,
1585 5396 1864 5484 ¹προσοιγοὶς-

199 5491 298 5543 γῃ.
332 5470 448 5528 Sed
477 5470 690 5528 cietera
721 5470 781 5525 in
815 5470 1514 5542 utroque’ms.'leguntur
1539 5470 1688 5526 utin
1723 5470 1859 5527 con-

204 5547 395 5599 testu.

273 5615 385 5686 (78)
417 5613 590 5684 Illud,
633 5609 874 5686 Πλήρης
902 5609 1037 5686 εἰμί,
1066 5611 1163 5686 hic
1193 5617 1250 5669 et
1293 5614 1448 5686 apud
1508 5614 1858 5686 Procopium

203 5684 468 5746 absolute
497 5684 779 5762 ponitur,
803 5698 911 5740 nec
937 5684 1011 5742 ad
1041 5684 1199 5744 aliud
1229 5684 1553 5760 quidquam
1587 5684 1855 5744 refertur.

1407 4780 1448 4814 “
1484 4778 1632 4836 Psal.
1672 4796 1721 4850 L,
1756 4781 1842 4837 19.

1949 4781 1994 4816 δ’
2025 4781 2192 4837 Rom.
2226 4797 2328 4846 χιι,
2363 4781 2414 4837 1.

2517 4783 2562 4817 ⁴³
2594 4783 2760 4840 Joau.
2823 4802 2859 4856 1,
2904 4785 2996 4842 29.
3096 4789 3142 4824 “
3186 4789 3400 4862 Ephes.
3454 4807 3511 4861 ν,
3565 4793 3621 4850 2-

1974 4973 2179 5048 {flentis
2209 4987 2352 5026 sum.
2385 4969 2669 5048 Similiter
2698 4978 2756 5028 et
2786 4973 2844 5048 in
2876 4975 3126 5048 Vulgata
3159 4995 3172 5035 :
3218 4980 3422 5037 Plenus
3475 4999 3620 5040 sum.

1974 5044 2298 5127 {Iolocaust'a
2328 5045 2568 5127 arietum
2605 5083 2617 5097 .
2655 5083 2667 5095 .
2706 5047 2923 5127 ,τιονινιιίτ
2991 5044 3123 5127 Sed
3159 5068 3275 5127 non
3333 5052 3418 5108 ita
3464 5058 3620 5127 apud

1974 5115 2136 5182 LXX,
2175 5114 2272 5198 ubi
2313 5115 2397 5198 sic
2451 5115 2701 5186 legimus
2740 5117 3194 5198 ;.Η.γήρης-εἶμί
3227 5114 3622 5198 ὁλοκαυτιιῖμά-

1971 5206 2079 5240 των
2111 5189 2301 5258 κριῶν
2331 5187 2534 5258 Plenus
2588 5203 2713 5242 sum
2766 5187 3096 5248 holocaustis
3135 5187 3411 5252 arietum.
3473 5187 3619 5255 Ulti-

1973 5275 2132 5314 mam
2165 5259 2313 5313 hanc
2347 5257 2654 5333 lectionem
2689 5262 2746 5333 et
2776 5264 2931 5333 apud
2964 5266 3280 5324 Eusebium
3312 5274 3368 5324 et
3400 5269 3455 5324 in
3504 5271 3615 5327 ali-

1973 5335 2290 5413 quotmss.
2324 5329 2564 5413 reperiri
2598 5329 3261 5413 statimiadnotabimus.

2184 5403 2561 5484 ita-quinque
2594 5419 2735 5458 mss.
2769 5406 2842 5484 At
2871 5407 3034 5484 editi2
3064 5409 3150 5465 τά.

2043 5474 2153 5546 (80)
2184 5471 2738 5547 Εάἰὶῖ,πληρώματος
2771 5474 2953 5534 αὐτοῦ.
2986 5471 3108 5537 Vox
3137 5481 3304 5537 αὐτοῦ
3363 5481 3421 5537 in
3483 5481 3614 5538 aliis

1971 5550 2224 5616 quatuor
2256 5563 2398 5601 mss.
2423 5546 2812 5616 desideratur.

2041 5619 2150 5690 (81)
2176 5617 2408 5691 Δαίμοσι
2439 5615 2532 5690 μὲν
2567 5617 2690 5690 γάρ.
2724 5619 2871 5693 Lege
2898 5622 3324 5681 Praefationem.
