4134 6212
240 372 371 436 {69

1104 365 1516 433 COMMENT.
1557 367 1637 429 IN
1687 365 1955 430 ISAIAM
1998 363 2510 433 PROPHETAM.
2553 369 2728 435 CAP.
2773 371 2823 436 Ι.

3548 379 3668 441 170

250 511 387 581 χῆς,
427 505 501 578 μὴ
557 501 912 580 μεριζόμενον
959 506 1078 564 ταῖς
1121 501 1332 576 γηίναις
1374 501 1686 577 μερίμναις,
1746 499 1912 553 οἱονεὶ

2033 500 2393 571 distractam,
2418 505 2588 576 quasi
2639 522 2742 578 per
2787 507 2983 578 ignem
3016 513 3344 580 purgatam,
3365 513 3424 566 et
3453 526 3579 582 quae
3609 527 3673 569 se

255 593 353 649 διὰ
382 594 550 670 πυρὸς
582 593 918 669 καθαρθάντα
943 593 1033 646 καὶ
1067 586 1292 664 δόκιμον
1321 587 1718 666 ἀποδειχθέντα
1774 586 1905 643 ὅλον

2033 593 2259 661 probam
2291 595 2635 661 ostenderit,
2653 597 2848 652 oil‘erri
2872 597 3017 652 mihi
3049 602 3232 654 totam
3255 599 3448 670 cupio.
3471 599 3670 672 Neque

253 682 505 753 ἐπιζητῶ
529 680 651 755 ἐμοι
684 681 1097 758 ἀναπεμφθῆναι
1123 699 1137 712 '
1171 677 1297 735 οὐδὲ
1342 681 1497 754 στέαρ
1547 679 1721 753 ἀρνῶν
1771 679 1909 732 ἁπο-

254 775 604 834 κνινσοῦσθαι
637 768 767 843 πυρὶ
821 769 958 845 πρὸς
1003 768 1067 823 τὸ
1118 765 1470 840 λεπτότατον,
1502 764 1649 821 ἀλλὰ
1691 765 1908 841 τρόπων

251 858 547 930 ἁπλότητα
599 859 704 913 ἀπὸ
756 865 856 928 τῆς
912 856 1113 913 ἀκάκου
1155 861 1340 932 ψυχῆς
1387 857 1510 930 ἐμοὶ
1536 855 1869 910 ἀνατίθεσθαι
1897 898 1910 910 .

248 949 344 1004 καὶ
380 949 516 1024 οὐχὶ
548 951 688 1021 αἷμα
738 947 952 1023 ταύρων
1004 947 1095 1002 καὶ
1142 948 1360 1022 τράγων
1409 950 1768 1020 προσχεῖσθαι
1800 945 1910 1017 (91)

256 1043 327 1112 τῇ
395 1039 544 1114 βάσει
592 1042 690 1092 τοῦ
739 1039 1164 1113 θυσιαστηρίου·
1209 1033 1354 1090 ἀλλά
1398 1035 1462 1090 τὸ
1521 1033 1914 1106 ἐπιθυμητικὸν

259 1127 350 1182 καὶ
396 1124 682 1200 θυμοειδὲς
712 1129 812 1195 τῆς
855 1129 1040 1200 ψυχῆς
1078 1122 1168 1180 διὰ
1216 1120 1518 1200 φιλοπόνου
1574 1127 1915 1199 προσευχῆς,

260 1217 354 1273 καὶ
411 1219 512 1285 τῆς
574 1215 650 1278 εῗς
705 1217 773 1271 τὰ
843 1215 966 1291 ἅγια
1036 1212 1392 1291 προσεδρείας
1459 1211 1914 1284 ἐξαναλίσκεσθαι.

258 1308 434 1376 Τήρει
468 1303 548 1373 δὲ,
581 1305 664 1360 δτι
697 1304 825 1380 οὐχὶ
859 1309 961 1358 πᾶν
995 1306 1136 1377 αἷμα
1167 1304 1282 1358 εἷπε
1335 1304 1411 1375 μή
1467 1300 1785 1378 βούλεσθαι,
1819 1299 1918 1356 ἀλ-

253 1393 328 1448 λὰ
360 1391 491 1450 τόδε
516 1395 580 1449 τὸ
603 1393 761 1467 αἷμα,
792 1394 856 1448 τὸ
886 1393 946 1448 ἐκ
971 1389 1145 1449 τῶνδε
1172 1396 1279 1447 τῶν
1315 1392 1492 1461 ζώων.
1526 1393 1678 1464 Αἷμα
1725 1389 1828 1466 γὰρ
1857 1389 1920 1444 τὸ

256 1483 343 1539 ἐπ’
402 1483 652 1559 ἐσχάτων
703 1487 811 1537 τῶν
873 1481 1087 1536 αῗώνων
1149 1481 1515 1558 ἐκχυνόμενον
1585 1480 1661 1541 εἷς
1735 1476 1919 1556 ἄφεσιν

260 1575 572 1647 ἁμαρτιῶν,
620 1573 649 1626 ὃ
708 1573 795 1627 καὶ
853 1577 1096 1646 κρεῖττον
1155 1569 1316 1627 λαλεῖ
1363 1571 1510 1644 παρὰ
1550 1569 1612 1624 τὸ
1659 1573 1756 1622 τοῦ
1805 1570 1917 1643 (92)

256 1657 459 1732 Ἅϐελ,
497 1661 596 1717 οὐκ
651 1658 713 1717 ἃν
764 1662 881 1716 εἶπε
925 1662 1000 1734 μὴ
1055 1659 1380 1736 βούλεσθαι·
1415 1657 1561 1714 ἀλλὰ
1606 1657 1924 1732 μετατίθησι

252 1753 353 1814 τὰς
407 1751 598 1812 θυσίας
650 1749 739 1805 ἐπὶ
782 1751 845 1806 τὸ
895 1750 1284 1822 πνευματικὸν,
1317 1745 1504 1818 ἐπειδὴ
1553 1747 1644 1803 καὶ
1696 1745 1925 1823 ίερωσύ-

252 1861 358 1911 νης
420 1841 707 1913 μετάθεσις
763 1838 956 1913 μέλλει
1000 1837 1264 1913 γίνεσθαι.
1297 1838 1358 1895 Εἰ
1412 1837 1516 1913 γὰρ
1575 1841 1921 1912 παραιτεῖται

246 1931 354 1993 τὰς
388 1931 709 2002 σωματικὰς
744 1928 949 1996 Θυσίας,
980 1932 1323 2003 παραιτεῖται
1377 1924 1638 1997 δηλονότι
1685 1925 1777 1981 τὸν
1821 1946 1920 1981 κα·-

247 2018 322 2074 τά
363 2020 538 2091 νόμον
574 2018 857 2094 ἀρχιερια.
891 2023 1016 2080 Πῶς
1047 2017 1148 2092 γὰρ
1196 2014 1532 2071 τελειωθῶσι
1580 2015 1677 2076 τὰς
1729 2020 1918 2091 χεῖρας

256 2108 308 2160 οἱ
366 2107 505 2162 κατὰ
552 2107 721 2180 νόμον
777 2108 1074 2183 ἀρχιερεῖς,
1114 2109 1212 2160 τοῦ
1257 2109 1415 2181 κριοῦ
1455 2111 1556 2174 τῆς
1604 2103 1919 2160 ὁλοκαυτώ-

253 2217 425 2268 σεως,
457 2194 839 2267 ᾧέπετίθεσαν
898 2196 993 2257 τὰς
1050 2200 1259 2271 χεῖρας,
1322 2193 1515 2267 μηκέτι
1567 2193 1920 2268 προσαγομὲο

251 2305 386 2353 νου;
420 2286 542 2346 πῶς
573 2282 632 2341 δὲ
662 2284 1013 2361 ραντισθῶσιν
1044 2285 1096 2338 οἱ
1141 2285 1335 2358 μηκίτι
1395 2280 1483 2338 διὰ
1537 2287 1634 2338 τοῦ
1690 2280 1920 2355 αἵματος
1954 2295 1956 2306 '

256 2373 686 2449 ῥαντιζόμενοι;
739 2370 924 2436 Οὕτως
979 2371 1071 2427 οὗν
1127 2373 1408 2448 ἀμφότερα
1463 2368 1701 2440 ἵσταται,
1759 2373 1848 2426 καὶ
1892 2373 1920 2425 ὁ

250 2465 401 2518 κατὰ
431 2462 673 2521 Μωϋσέα
702 2463 892 2536 νόμος,
923 2463 1013 2516 καὶ
1058 2465 1092 2532 ἡ
1149 2462 1535 2537 παρεισαγωγῆ
1592 2461 1692 2516 τοῦ
1744 2460 1919 2536 κρείτ-

251 2574 444 2616 τονος.
481 2547 874 2613 Ἐκόάλλονται
907 2550 1086 2610 τοίνυν
1115 2551 1166 2609 οἱ
1206 2551 1266 2608 ἐκ
1309 2555 1407 2606 τοῦ
1457 2548 1768 2626 σπέρματος
1799 2551 1922 2605 Ἀα-

252 2638 507 2715 ρὼν,ἳνα
553 2641 583 2696 ὁ
616 2641 754 2696 κατὰ
807 2640 908 2708 τὴν
965 2640 1112 2710 τάξιν
1168 2636 1524 2715 Μελχισεδὲχ
1581 2636 1918 2714 ἀντεισέλθῃ.

252 2730 462 2784 Οὐκέτι
518 2729 575 2784 αἱ
629 2733 727 2785 τοῦ
785 2726 1179 2804 ἐνδελεχισμοῦ
1241 2729 1452 2784 θυσίαιο
1487 2729 1666 2784 οὐκέτι
1719 2729 1774 2783 αἱ
1803 2730 1919 2802 (93)

256 2818 400 2873 κατὰ
445 2819 548 2886 τὴν
607 2819 819 2893 ἡμέραν
860 2822 958 2872 τοῦ
988 2818 1250 2890 ἱλασμοῦε
1283 2815 1464 2874 οὐκέτι
1494 2820 1528 2887 ἡ
1565 2815 1765 2880 σποδὸς
1821 2817 1920 2886 τῆς

258 2905 564 2980 δαμάλεως
592 2905 956 2981 καθαρίζουσα
991 2905 1116 2968 τοὺς
1172 2907 1624 2980 κεκοινωμένους.
1656 2907 1764 2961 Μία
1817 2907 1918 2982 γὰρ

260 2998 449 3064 θυσία,
496 2998 524 3052 ὁ
575 2997 829 3072 Χριστὸς,
859 2995 950 3051 καὶ
1009 2999 1044 3065 ἡ
1102 2997 1219 3051 κατ’
1275 2994 1436 3051 αὐτὸν
1493 2998 1753 3072 νέκρωσις
1808 3000 1917 3050 τῶν

259 3085 463 3159 ἁγίων.
488 3085 586 3149 Εἲς
616 3085 935 3162 ῥαντισμὸς,
964 3086 1027 3139 τὸ
1061 3083 1292 3159 λουτρὸν
1317 3092 1419 3155 τῆς
1467 3085 1880 3162 παλιγγενεσίας
1901 3105 1913 3118 ο

254 3176 321 3229 ’ἐν
352 3173 628 3249 ἁμαρτίας
664 3172 947 3249 λυτήριον,
977 3174 1039 3228 τὸ
1067 3173 1291 3250 ἐκχυθὲν
1328 3175 1459 3251 ὑπὲρ
1487 3181 1588 3244 τῆς
1647 3173 1917 3248 σωτηρίας

2020 695 2306 750 agnorum
2335 683 2567 755 adipem
2596 690 2804 757 excpto
2833 685 2894 741 in
2918 687 3304 744 tenuissimos
3325 688 3560 746 nidores
3583 691 3674 745 fu-

2022 785 2270 842 mosque
2323 771 2444 844 igni
2505 773 2734 842 resolvi,
2782 776 2884 831 sed
2944 792 3173 832 morum
3235 776 3677 849 simplicitatem

2023 859 2453 932 candoremque
2484 861 2625 916 mihi
2661 863 2734 918 ab
2755 863 2953 920 anima
2983 864 3291 922 innocente
3321 866 3677 924 consecrari.

2022 947 2219 1019 Neque
2250 950 2574 1021 expostulo,
2605 964 2669 1006 ut
2699 953 2773 1007 ad
2805 952 3006 1010 altaris
3026 955 3384 1026 crepidinem
3407 956 3680 1014 aﬂ'unda-

2023 1041 2122 1091 tur
2151 1041 2452 1094 taurorum
2481 1045 2582 1095 aut
2612 1040 2909 1096 hircorum
2933 1043 3210 1115 sanguis;
3244 1045 3346 1100 sed
3372 1049 3434 1100 ut
3462 1061 3531 1101 ea
3551 1045 3680 1102 ani-

2027 1142 2133 1180 mas
2167 1143 2298 1196 pars
2347 1127 2407 1182 in
2457 1144 2574 1199 qua
2613 1129 2713 1184 iris
2757 1130 3169 1204 cupiditasque
3215 1133 3529 1203 exsistunt,
3575 1150 3716 1207 per

2028 1219 2326 1271 strenuam
2376 1218 2791 1288 precationem,
2845 1237 2910 1274 ac
2964 1237 3065 1292 per
3109 1227 3578 1293 perseverantem
3617 1223 3680 1280 in

2029 1301 2173 1359 locis
2199 1304 2420 1361 sanctis
2442 1307 2986 1379 commorationem,
3011 1311 3379 1369 absumatur.
3394 1315 3679 1370 Caeterum

2029 1393 2271 1448 observa
2309 1409 2444 1449 eum
2493 1411 2607 1449 non
2663 1396 2882 1452 dixisse
2941 1415 3070 1454 sese
3130 1399 3281 1455 nolle
3333 1400 3682 1472 sanguinem

2031 1481 2370 1552 quemlibet,
2388 1484 2488 1539 sed
2514 1488 2740 1540 certum
2763 1488 3156 1556 quorumdam
3181 1488 3528 1548 animalium
3551 1507 3683 1552 san-

2029 1570 2292 1642 guinem.
2316 1572 2461 1628 Nam
2482 1572 2584 1644 qui
2602 1574 2847 1646 sanguis
2869 1574 2929 1630 in
2953 1575 3046 1634 bis
3067 1576 3291 1636 ultimis
3317 1578 3685 1651 temporibus

2034 1659 2094 1715 in
2117 1659 2524 1718 remissionem
2558 1669 2930 1734 peccatorum
2958 1664 3180 1724 effusus
3211 1670 3320 1734 est,
3343 1666 3445 1738 qui
3476 1671 3533 1724 at
3564 1681 3688 1728 ωο-

2033 1748 2147 1804 lius
2178 1748 2439 1822 loquitur
2468 1767 2644 1822 quam
2676 1753 2922 1825 sanguis
2944 1753 3144 1815 Abelis
3165 1755 3230 1824 5‘,
3254 1755 3412 1816 hunc
3441 1772 3506 1814 se
3536 1755 3691 1814 nolle

2034 1856 2148 1894 non
2179 1839 2370 1896 dixit:
2407 1840 2508 1896 sed
2558 1842 2713 1897 400
2763 1841 2988 1899 hostias
3035 1859 3172 1902 cum
3221 1843 3477 1916 spiritali
3524 1844 3688 1904 cultu

2031 1932 2358 1985 commutat
2391 1946 2404 1985 :
2438 1930 2920 2001 quandoquidem
2960 1931 3162 1994 futura
3192 1936 3318 1989 erat
3366 1933 3659 1994 sacerdoti

2029 2016 2337 2073 translatio
2358 2019 2422 2072 ³⁵.
2446 2018 2699 2086 Etenim,
2721 2019 2771 2075 si
2791 2036 3100 2092 corporeae
3133 2021 3402 2093 repudiat
3432 2022 3677 2090 hostias,

2031 2106 2220 2178 rejicit
2241 2108 2497 2178 profecto
2527 2107 2772 2178 legalem
2806 2108 3165 2180 pontificem.
3192 2110 3495 2174 Quomodo
3525 2110 3684 2168 enim

2031 2195 2336 2268 pontifices
2384 2195 2482 2252 isti
2531 2195 2746 2268 legales
2797 2202 3209 2258 oonseorarent
3267 2215 3477 2266 manus
3516 2216 3682 2268 suae,

2030 2300 2161 2340 cum
2195 2285 2368 2351 aries,
2391 2286 2484 2341 cui
2517 2302 2729 2342 manus
2761 2286 3166 2358 imponebant,
3189 2281 3304 2344 non
3332 2287 3590 2360 amplius
3623 2289 3686 2346 in

2030 2372 2433 2430 holocaustum
2455 2375 2768 2432 oﬁ‘eratur?
2781 2376 3075 2447 quomodo
3087 2393 3223 2434 vero
3237 2381 3691 2448 aspergerentur

2030 2463 2068 2518 ii
2101 2463 2203 2534 qui
2235 2479 2336 2534 per
2367 2463 2719 2536 sangpiaem
2754 2481 2870 2521 non
2894 2464 3149 2537 amplius
3182 2466 3691 2538 purganturi’Hac

2028 2551 2227 2621 itaque
2247 2552 2471 2609 ratione
2494 2557 2611 2608 stat
2633 2558 2974 2626 utrumque,
2995 2560 3121 2614 tum
3145 2555 3238 2614 lex
3260 2553 3540 2624 Moesica,
3561 2559 3689 2619 tum

2031 2639 2288 2696 melioris
2338 2641 2716 2697 introductio.
2747 2642 3157 2702 Excluduntur
3201 2641 3385 2714 igitur
3412 2643 3518 2715 qui
3549 2647 3692 2710 sunt

2028 2746 2096 2786 ex
2124 2730 2367 2786 Aaronis
2398 2729 2622 2786 semine
2653 2730 2909 2800 oriundi,
2937 2736 3004 2788 ut
3032 2732 3163 2788 istis
3191 2733 3472 2796 succedat
3496 2748 3691 2796 sacer-

2028 2819 2134 2874 dos
2163 2819 2492 2874 secundum
2532 2819 2798 2875 ordinem
2851 2819 3279 2882 Melchisedech
3302 2822 3366 2876 “.
3401 2821 3527 2886 Non
3549 2822 3680 2892 jam

2029 2907 2284 2978 amplius
2321 2908 2466 2978 juge
2496 2907 2639 2962 illud
2676 2909 3030 2964 sacrificium
3055 2909 3118 2978 ⁵⁷,
3153 2926 3270 2966 non
3317 2911 3443 2981 jam
3474 2909 3682 2972 hostia

2028 2995 2140 3050 illae
2163 3012 2290 3066 qua
2311 2995 2704 3050 offerebantur
2735 2996 2795 3051 in
2818 2995 2911 3052 die
2941 2997 3399 3069 propitiationis,
3421 3014 3537 3060 non
3562 3013 3686 3061 am-

2030 3084 2183 3156 plius
2203 3085 2350 3140 cinis
2369 3085 2634 3156 juvenes:
2658 3086 2908 3142 mundat
2928 3085 3269 3157 inquinatos
3285 3087 3350 3141 ⁸⁸.
3375 3086 3502 3148 Una
3518 3087 3684 3150 enim

2029 3173 2545 3242 bostia,Christus;
2569 3177 2742 3245 atque
2763 3190 2832 3230 ea
2853 3191 2979 3247 quia
3001 3175 3325 3232 secundum
3348 3175 3546 3248 ipsum
3569 3177 3686 3243 est,

253 3268 363 3319 τοῦ
418 3263 632 3337 κόσμου
690 3265 847 3338 αἷμα.
883 3263 980 3318 Διᾶ
1031 3267 1192 3320 τοῦτο
1254 3265 1432 3328 ἀθετεῖ
1483 3265 1552 3320 τὰ
1597 3268 1808 3340 πρῶτα,
1829 3262 1921 3319 ’ίνα

2033 3267 2372 3318 sanctorum
2431 3263 2826 3320 mortiﬁcatio.
2877 3263 3002 3319 Una
3049 3263 3333 3336 aspersio,
3385 3247 3688 3328 Lavacrum

251 3353 333 3407 τὰ
396 3350 624 3428 δεύτερα
679 3355 871 3426 στήσῃ.
923 3350 1052 3410 Οὐδ’
1108 3351 1167 3407 ἂν
1227 3348 1464 3429 ἔρχησθε
1518 3353 1748 3432 ὀφθῆναί
1809 3375 1924 3426 μοι.

266 3443 412 3497 Ἀπὸ
444 3445 629 3496 κοινοῦ
657 3443 718 3497 τὸ
751 3444 915 3516 (93⁵),
942 3442 1003 3497 οὗ
1040 3439 1337 3518 βούλομαι.
1371 3441 1450 3499 Οὐ
1485 3441 1647 3516 μόνον
1678 3442 1770 3498 τὸν
1801 3443 1925 3519 περὶ

254 3534 472 3586 θυσιῶν
499 3531 670 3604 νόμον
704 3531 902 3601 ἀθετεῖ,
934 3529 1080 3587 ἀλλὰ
1101 3530 1191 3586 καὶ
1221 3532 1314 3586 τὸν
1343 3532 1466 3606 περὶ
1491 3536 1588 3586 τοῦ
1639 3529 1748 3587 δεῖν
1797 3533 1925 3608 ὁρᾶ·-

254 3632 388 3685 σθαι
421 3627 530 3676 πᾶν
564 3620 846 3696 ἀρσενικὸν
873 3622 993 3697 τρὶς
1023 3623 1119 3676 τοῦ
1149 3618 1397 3675 ἐνιαυτοῦ
1423 3619 1653 3677 ἐνώπιον
1694 3623 1920 3695 Κυρίου.

254 3712 412 3767 Ἐπεὶ
460 3708 559 3765 οὖν
593 3709 654 3764 οὐ
688 3705 1102 3782 μετεϐλτ,θησαν
1135 3712 1247 3784 (94)
1278 3710 1384 3765 ἀπὸ
1421 3715 1518 3765 τοῦ
1567 3708 1744 3766 ἄδικοι
1788 3712 1921 3766 εἶναι

256 3802 352 3856 καὶ
387 3799 590 3855 σκολιᾶ
620 3797 766 3875 ἔχειν
808 3800 877 3855 τὰ
920 3795 1231 3870 ἐπιϐούλια,
1273 3795 1518 3873 ἐξέϐαλεν
1565 3801 1756 3863 αὐτοὺς
1811 3806 1919 3858 τῶν

255 3892 462 3945 ἑαυτοῦ
509 3887 832 3967 ὀφθαλμῶν.
887 3888 1194 3966 Ὀφθαλμοὶ
1263 3891 1366 3964 γὰρ
1436 3890 1633 3964 Κυρίου
1693 3890 1779 3946 ἐπὶ
1845 3889 1922 3946 δι-

262 3981 502 4040 καίουςο
563 3979 677 4048 καὶ,
736 3977 1051 4048 Εὐθύτητας
1107 3975 1214 4032 εἶδε
1271 3979 1334 4034 τὸ
1381 3980 1675 4055 πρόσωπον
1733 3980 1917 4038 αὐτοῦ.

261 4069 479 4142 Ὀργήν
511 4063 572 4121 δὶ
596 4067 700 4134 τὴν
732 4065 808 4129 είς
834 4065 1046 4128 οἰκέτας
1076 4066 1321 4140 ἐμφαίνει
1386 4064 1672 4138 δεσπότου,
1700 4069 1762 4123 τὸ
1820 4069 1920 4147 ἀφ-

261 4158 538 4232 αιρεῖσθαι
593 4155 693 4223 τὴν
751 4153 1057 4231 παρβησίαν
1113 4155 1289 4211 αὐτῶν
1348 4159 1448 4225 τῆς
1503 4156 1802 4228 ἐντεύξεως·
1857 4160 1920 4214 τὸ

263 4243 323 4300 εὶ
376 4245 458 4307 εἷς
505 4244 628 4317 τρὶς
653 4244 892 4317 (95)τὴν
949 4242 1075 4318 περὶ
1132 4247 1264 4300 Θεοῦ
1321 4244 1546 4320 θεωρίαν
1600 4246 1923 4302 ἐκτείνεσθαι

264 4332 442 4405 δηλοῖ
494 4334 598 4402 τὴν
645 4332 697 4386 ἐν
747 4329 944 4407 Τριάδι
993 4339 1094 4401 τῆς
1135 4331 1420 4408 θεολογίας
1472 4333 1780 4411 ἐπίγνωσιν.
1826 4337 1924 4391 Διά

258 4425 432 4479 τοῦτο
463 4419 523 4478 δὲ
551 4421 778 4498 ἄῤῥενας
807 4422 882 4484 ὡς
911 4420 1092 4491 ἀξίους
1122 4426 1229 4478 τῶν
1265 4422 1422 4482 θείων
1454 4423 1752 4502 ὀφθαλμῶν
1785 4445 1920 4501 προ-

2037 3351 2520 3424 regenerationis;
2556 3369 2674 3409 una
2713 3353 2933 3424 peccati
2980 3353 3254 3424 expiatio,
3285 3353 3535 3426 sanguis
3581 3369 3688 3424 pro

2038 3441 2243 3497 mundi
2261 3440 2450 3497 salute
2467 3442 2710 3498 effusus.
2728 3441 2811 3497 0b
2834 3441 2889 3496 id
2913 3442 3159 3515 abrogat
3175 3459 3242 3499 ac
3265 3442 3456 3514 rejicit
3476 3441 3688 3515 prima,

2035 3533 2100 3585 ut
2123 3531 2382 3587 secundo
2413 3534 2654 3596 statuat.
2679 3530 2861 3588 Vrsas.
2886 3531 2974 3588 12.
2997 3537 3182 3604 Neque
3209 3533 3471 3601 veniatis,
3494 3537 3556 3587 ut
3585 3548 3691 3604 ap-

2030 3622 2267 3691 pereatz's
2285 3620 2442 3676 mihi.
2470 3621 2549 3675 Ex
2569 3620 2872 3676 communi
2894 3621 3373 3678 subaudiendum
3397 3626 3484 3677 est
3506 3619 3649 3677 illud
3671 3636 3685 3676 :

2033 3712 2194 3768 Nolo.
2217 3712 2340 3769 Non
2374 3713 2558 3785 legem
2590 3712 3060 3786 solum‘vabrogat
3107 3715 3553 3781 sacrificiorum,
3581 3714 3684 3773 sed

2031 3818 2158 3857 eam
2187 3801 2490 3868 rescindit,
2506 3818 2623 3872 qua
2645 3803 2952 3874 oportebat
2973 3802 3370 3859 masculinum
3397 3819 3570 3859 omne
3591 3807 3684 3858 ter

2031 3890 2088 3945 in
2121 3907 2274 3946 anno
2305 3905 2586 3961 apparere
2628 3890 2683 3943 in
2716 3895 3032 3960 conspectu
3084 3891 3338 3947 Domini.
3366 3891 3511 3955 Quia
3540 3905 3678 3962 ergo

2027 3979 2216 4050 iniqui
2254 3994 2383 4034 esse
2423 3994 2536 4034 non
2571 3979 2886 4048 desierant,
2919 3995 3107 4050 neque
3147 3979 3403 4051 obliquis
3433 3979 3678 4037 destite-
3732 4049 3734 4052 ν

2030 4075 2164 4124 rant
2188 4067 2470 4136 consiliis,
2493 4066 2665 4137 ejecit
2702 4084 2801 4122 eos
2831 4068 2904 4123 ab
2935 4067 3121 4123 oculis
3150 4069 3296 4124 suis.
3323 4068 3488 4127 Oculi
3515 4067 3675 4125 enim

2029 4159 2250 4214 Domini
2294 4172 2459 4227 super
2503 4156 2904 4227 justos‘°.Et:
2939 4157 3255 4227 Equitum
3308 4155 3446 4213 vidit
3492 4157 3677 4220 vultus

2027 4249 2146 4315 eius
2165 4247 2229 4301 ⁸ο.
2263 4245 2497 4301 Domini
2553 4250 2750 4301 autem
2799 4245 2858 4300 in
2910 4245 3164 4301 famulos
3220 4245 3307 4301 ira
3359 4245 3677 4314 indicatur,

2030 4353 2164 4393 cum
2198 4335 2269 4390 ab
2300 4334 2447 4407 ipsis
2493 4334 2758 4390 aufertur
2787 4333 3202 4406 interpellandi
3252 4334 3470 4391 ﬁducia
3499 4351 3513 4392 :
3546 4351 3682 4393 cum

2028 4442 2165 4481 vero
2197 4424 2298 4480 Dei
2330 4423 2670 4496 conspectui
2701 4423 3004 4480 masculus
3033 4428 3124 4479 ter
3144 4423 3402 4493 sistitur,
3428 4424 3492 4480 id
3520 4424 3686 4498 agni-

262 4513 556 4586 ετίμησεν,
587 4507 1017 4584 ἐνδεικνύμενος,
1045 4509 1128 4565 ὅτι
1177 4512 1466 4574 συντόνους
1497 4513 1678 4588 ψυχὰς
1708 4515 1922 4590 παγίως

2033 4515 2253 4570 tionem
2294 4513 2500 4567 divinis
2535 4512 2811 4568 doctrinae
2845 4517 2914 4568 ad
2943 4511 3294 4570 Trinitatem
3337 4513 3686 4586 pertinentis

258 4571 367 4657 καὶ.
419 4571 693 4672 κραταιῶς
751 4571 1103 4668 ἐπιτελούσας
1156 4599 1224 4654 τὰ
1274 4571 1538 4675 δόγματα,
1575 4571 1735 4656 ἀλλὰ
1787 4571 1920 4679 οὐχί

2033 4605 2416 4659 demonstrat.
2435 4600 2520 4657 Ob
2554 4601 2664 4657 hoc
2687 4605 2884 4659 autem
2909 4618 3100 4658 mares
3121 4571 3382 4676 praetulit
3401 4606 3685 4678 tanquam

333 4719 384 4753 ⁸⁸
416 4717 592 4790 Hebr.
624 4732 726 4790 ξιι,
754 4717 846 4772 24.
925 4717 968 4751 ⁸⁵
997 4717 1170 4774 Hebr.
1195 4733 1293 4789 vn,
1326 4719 1413 4774 12.
1491 4719 1536 4753 ³⁸
1565 4718 1736 4775 Hebr.
1762 4737 1817 4790 v,
1853 4721 1919 4776 10

2033 4721 2059 4755 ιτ
2093 4723 2235 4774 Dan.
2265 4735 2346 4785 x1,
2379 4717 2468 4772 31.
2543 4717 2588 4752 ⁸⁸
2620 4718 2792 4772 Hebr.
2826 4734 2903 4785 ix,
2937 4719 3024 4773 13.
3100 4718 3145 4754 ⁵ο
3172 4717 3328 4776 Psal.
3357 4734 3564 4786 xum,
3599 4719 3688 4776 16.

263 4792 312 4827 ⁸³
343 4789 509 4844 Psal.
539 4805 596 4857 x,
629 4788 682 4842 8.

266 4906 556 4979 ἀναζητῶ.
590 4903 816 4979 Ibidem
851 4902 997 4974 Reg.
1045 4903 1276 4970 tertius,
1301 4902 1734 4979 ἀναπεμφθέντα.
1767 4905 1928 4963 Colb.

271 4976 604 5048 secundus,
638 4973 1025 5047 ἀναπεφθῆνᾶι,
1056 4978 1338 5048 concoqui.

352 5049 469 5121 (791)
509 5047 595 5103 lta
633 5051 886 5121 quatuor
935 5063 1078 5103 mss.
1123 5047 1262 5120 Reg.
1298 5048 1532 5118 tertius,
1581 5048 1930 5121 προχεῖσθαι.

267 5117 456 5184 Editi,
495 5117 865 5186 προσκεῖσθαι.
1211 5117 1235 5120 “
1520 5117 1523 5118 ’
1883 5183 1887 5186 ,

350 5193 463 5258 ι92)
499 5187 607 5246 Ubi
639 5189 856 5262 legitur
902 5189 961 5244 in
1010 5189 1206 5258 editis,
1239 5188 1385 5262 παρὰ
1407 5187 1493 5254 τύ,
1527 5188 1813 5260 scriptum
1846 5207 1936 5244 re-

269 5264 548 5337 perimus
608 5263 665 5337 in
727 5262 888 5337 Colb.
944 5264 1201 5317 secundo
1259 5267 1317 5337 et
1364 5262 1515 5337 apud
1565 5265 1938 5332 Procopium,

267 5331 425 5410 Ξταρά
454 5333 519 5410 cf)
547 5335 668 5387 τοῦ.
693 5332 806 5393 Alii
838 5333 954 5410 duo
990 5349 1134 5389 mss.
1159 5331 1304 5406 παρᾶ
1330 5335 1448 5388 τοῦ.
1482 5331 1940 5410 Βοςβθςυοουε

271 5401 414 5489 cuin
447 5407 631 5462 altero
663 5423 779 5462 ms.
799 5409 879 5490 get‘
907 5420 1040 5490 cum
1081 5401 1248 5462 sacro
1282 5409 1478 5490 textu,
1495 5401 1642 5490 παρὰ
1667 5402 1781 5490 τόν.
1814 5408 1944 5460 Mox

271 5481 546 5604 quinqdue
590 5494 763 5546 mss.,
790 5473 883 5529 ἐπὶ
920 5475 982 5529 τὸ
1012 5475 1399 5549 πνευματικόν.
1439 5473 1614 5546 Editi,
1641 5475 1732 5530 τὸν
1777 5495 1940 5532 πνευ-

279 5570 452 5604 naan
491 5570 539 5604 ν.

329 5570 539 5606 ατικον.

277 5572 638 5695 μᾝέἷῖίεε.
674 5617 1145 5695 secundus,__1a‘5p
1195 5617 1270 5675 ai.
1304 5619 1454 5695 Mox,
1482 5624 1795 5695 tresgmss.
1817 5616 1943 5695 fuit

275 5689 379 5776 ραν
407 5689 507 5751 τοῦ
537 5689 899 5767 ἱπαστηρίου.
929 5689 1198 5777 Alii
1231 5707 1374 5757 mas.
1405 5694 1466 5756 et
1494 5690 1658 5763 editi,
1687 5693 1787 5748 τοῦ
1816 5689 1948 5746 ἱλα-

559 5823 840 5888 Ρετιοι.
889 5818 1002 5886 Gn.
1039 5818 1232 5884 XXX.

2042 4906 2205 4976 σμοῦ,
2239 4917 2346 4958 nec
2376 4900 2547 4976 aliter
2594 4901 2810 4974 legitur
2851 4903 3023 4959 Levit.
3056 4921 3216 4971 xxm,
3262 4906 3353 4960 27.
3385 4904 3558 4973 Illud,
3587 4901 3698 4960 ἀπὸ

2041 4973 2252 5057 κοινοῦ,
2279 4975 2430 5046 quod
2458 4973 2922 5057 aliquantopost
2945 4977 3237 5057 sequitur,
3256 4976 3478 5034 indicat
3495 4992 3699 5036 vocem

2044 5049 2327 5171 aliibuam,
2360 5063 2429 5101 ex
2459 5048 2606 5100 serie
2636 5048 2918 5126 orationis
2950 5048 3340 5120 supplendam
3372 5065 3524 5106 esse.

2116 5121 2130 5181 (
2175 5121 2254 5181 3‘)
2285 5114 2382 5172 Τό.
2417 5118 2607 5181 Forte,
2635 5135 2754 5172 του.
2785 5118 2942 5173 Eorr.

2116 5121 2254 5189 (93‘)
2285 5121 2382 5172 Τό.
2417 5121 2607 5183 Forte,
2635 5121 2754 5172 τοῦ.
2785 5121 2942 5173 Eorr.

2118 5189 2231 5260 (94)
2263 5188 2418 5243 Editi
2458 5205 2591 5244 cum
2647 5189 2824 5257 Regio
2873 5189 3064 5256 tertio,
3118 5183 3556 5260 μετεϐλήθησαν.
3588 5187 3703 5245 Alii

2116 5279 2167 5311 es
2201 5277 2370 5311 mss..
2423 5253 2920 5311 μεταϐεϐλγίκεσαν-
2958 5261 3097 5311 Reg.
3135 5262 3362 5311 nrimus
3393 5267 3703 5311 utramaue

2050 5267 2167 5316 tres
2201 5277 2370 5324 mss.,
2422 5261 2920 5330 μεταῦεὸλήκεσαν.
2958 5261 3097 5333 Reg.
3135 5262 3362 5332 primus
3393 5267 3703 5332 utramque

2052 5332 2359 5416 lectionem
2393 5332 2830 5416 praeferthhanc
2861 5334 2920 5388 in
2951 5339 3243 5402 contextu,
3268 5333 3429 5390 illam
3461 5333 3520 5388 in
3553 5347 3706 5388 mar-

2051 5410 2207 5478 gine,
2242 5420 2418 5459 manu
2455 5410 2798 5460 recentiore.

2125 5476 2237 5546 (95)
2269 5475 2421 5549 Editi
2452 5493 2586 5549 cum
2632 5478 2822 5533 tribus
2851 5491 3021 5549 mss.,
3050 5473 3194 5549 τρίς.
3227 5474 3338 5549 Alii
3386 5475 3500 5530 duo
3532 5490 3702 5549 m_8_s.,

2051 5543 2227 5626 τρεῖς.
2254 5548 2462 5626 statim
2498 5547 2992 5626 Reg._secundus,
3025 5543 3310 5626 θεολογίας
3339 5549 3569 5626 γνῶσιν.ζ
3588 5543 3704 5626 Nec

2055 5614 2138 5676 ita
2167 5620 2356 5678 multo
2400 5626 2535 5693 post
2564 5614 2824 5694 quinque
2882 5636 3019 5688 ms.,
3070 5614 3499 5691 lv8eixvop'avog.
3528 5614 3703 5690 Editl,

2058 5687 2427 5765 δεικνύμενος.
3616 5751 3622 5759 .
