4100 6220
457 396 565 458 171

1301 455 1304 458 .
1399 389 1794 454 APPENDIX
1836 390 2156 454 OPERUM
2204 391 2269 453 8.
2314 391 2594 452 BASILII
2641 390 2911 453 MAGNI.

3667 377 3904 451 172’

457 527 674 586 divinis
721 527 1131 601 conspectibus
1189 526 1420 600 dignos,
1452 531 1517 581 ut
1567 526 1904 580 ostenderet
1952 524 2106 597 quod

2230 520 2433 586 άπαιιᾶς
2461 521 2548 578 καὶ
2580 521 2841 585 εὐκόλους
2873 522 2961 578 καὶ
2997 517 3430 594 ἐκτιθηλυμὲνας
3462 519 3490 573 ὁ
3538 515 3704 596 λόγος
3756 518 3867 576 ἐπι-

458 617 762 690 Scriptura
805 617 1034 674 animas
1082 619 1418 673 constanter
1445 614 1804 685 viriliterque
1834 614 2112 687 dogmata

456 707 757 781 explentes
777 706 1189 779 requirat,nou
1216 709 1408 761 autem
1434 703 1662 772 molles,
1682 704 2107 760 inconstantes.

457 803 557 855 aut
603 796 990 854 eﬂ‘eminatas.
1014 797 1378 868 Quapropter
1423 793 1521 849 Ter
1577 795 1636 848 in
1693 809 1859 859 anno,
1892 793 2106 864 inquit,

455 885 744 960 apparebit
809 900 971 942 omne
1031 884 1401 940 masculinum
1455 899 1644 938 coram
1700 898 1787 938 me
1810 883 1894 950 ⁶¹;
1954 880 2109 953 quod

454 975 654 1049 ipsum
684 989 918 1046 quoque
943 972 1229 1044 corporali
1260 971 1434 1028 modo
1465 989 1498 1028 a
1529 987 1738 1028 carneo
1765 969 1978 1027 Israele
2009 971 2110 1027 ob-

453 1061 643 1120 latum
673 1061 960 1135 repudiat.

523 1170 615 1225 27.
649 1170 782 1237 Quis
809 1170 963 1224 enim
1009 1169 1299 1240 requisivit
1329 1167 1448 1226 haec
1475 1166 1540 1223 de
1567 1167 1822 1223 manibus
1869 1165 2068 1222 vestris
2087 1169 2112 1219 .9

457 1257 591 1323 Quae
623 1257 744 1313 sint
773 1257 896 1312 hac
927 1257 1251 1330 corporalia
1287 1257 1435 1330 legis
1465 1256 1775 1324 sacriﬁcia,
1803 1255 2108 1328 expressit.

456 1346 756 1404 Iudicatur
781 1345 1055 1402 videlicet
1102 1345 1255 1402 aries
1285 1347 1387 1418 qui
1417 1349 1576 1402 totus
1628 1345 2109 1412 comburebatur,

457 1439 638 1510 adeps
668 1453 976 1509 agnorum,
1001 1442 1302 1492 taurorum
1325 1436 1744 1507 hircorumque
1765 1436 2030 1508 sanguis,
2054 1439 2113 1491 et

457 1527 777 1600 corporalis
807 1527 867 1582 in
898 1524 1184 1599 templum
1209 1542 1513 1594 occursus,
1536 1530 1819 1591 tanquam
1854 1525 1903 1580 si
1927 1523 2112 1580 oculis

455 1615 673 1674 divinis
698 1615 770 1673 ad
789 1615 1110 1672 videndum
1137 1631 1377 1670 accessu
1403 1629 1606 1670 eorum
1629 1630 1779 1686 opus
1801 1618 1978 1682 esset,
2005 1628 2115 1670 nec

456 1706 627 1764 aliter
654 1705 727 1762 ad
766 1704 940 1778 longe
991 1704 1235 1762 dissitos
1287 1702 1675 1776 pervenirent.
1707 1707 1860 1770 Haec,
1896 1701 2110 1774 inquit,

456 1795 684 1868 abjecta
713 1794 855 1850 adeo
886 1797 945 1850 et
971 1797 1206 1850 terrena
1230 1791 1365 1865 quis
1395 1790 1709 1864 exquisivit
1734 1792 1805 1848 de
1835 1791 2112 1847 manibus

2221 616 2390 682 ζητεῖ.
2425 611 2524 667 Διά
2577 616 2760 681 τοῦτο,
2805 610 2936 688 Τρὶς
2982 615 3081 666 τοῦ
3133 609 3396 681 ἐνιαυτοῦ,
3455 607 3638 686 φησὶν,
3698 607 3865 687 ὀφθή-

2219 722 2364 756 σεται
2411 707 2513 756 πᾶν
2565 701 2843 779 ἆρῥενικὸν
2873 699 3102 755 ἐνώπιόν
3139 720 3244 774 μου
3279 718 3292 732 ·
3343 699 3372 753 ’ὀ
3428 699 3516 754 καὶ
3574 696 3704 754 αὐτὸ
3759 719 3865 754 σω-

2223 795 2460 864 ματικῶς
2513 791 2660 868 παρὰ
2707 795 2803 846 τοῦ
2852 791 3108 868 σαρκίνου
3322 786 3544 864 Ἰσραὴλ
3603 787 3864 862 ἀγόμενον

2217 885 2582 957 παραιτεῖται.

2287 1169 2376 1226 27.
2434 1166 2522 1230 Τίς
2583 1167 2685 1243 γὰρ
2761 1166 3046 1238 ἐξεζήτησε
3117 1169 3287 1221 ταῦτα
3361 1163 3421 1220 ἐκ
3499 1169 3607 1220 τῶν
3658 1169 3863 1240 χειρῶν

2221 1259 2371 1331 ὑμῶν
2399 1277 2411 1326 ;
2441 1255 2647 1328 Ἐδειξε
2676 1262 2807 1311 ποῖα
2834 1260 3020 1326 ταῦτα,
3051 1257 3118 1311 τά
3167 1256 3458 1329 σωματικὰ
3516 1258 3613 1309 τοῦ
3668 1254 3864 1329 νόμου,

2218 1348 2310 1402 τὸν
2342 1347 2493 1423 κριὸν
2526 1348 2616 1402 τὸν
2652 1345 3147 1420 ὁλοκαυτούμενον,
3172 1346 3259 1400 καὶ
3306 1345 3369 1400 τὸ
3417 1344 3579 1419 στέαρ
3623 1348 3732 1399 τῶν
3773 1345 3870 1421 ἆρ-

2219 1439 2350 1505 νῶν,
2381 1435 2470 1490 καὶ
2509 1437 2572 1491 τὸ
2603 1437 2740 1508 αἷμα
2764 1440 2871 1490 τῶν
2899 1434 3112 1511 ταύρων
3145 1434 3233 1489 καὶ
3282 1433 3522 1510 τράγων,
3553 1435 3643 1488 καὶ
3680 1434 3744 1488 τὸ
3790 1437 3870 1506 τῷ

2223 1525 2435 1599 σώματι
2495 1525 2727 1596 ἀπαντᾷν
2784 1525 2860 1588 εἷς
2909 1525 3000 1579 τὸν
3059 1523 3202 1595 ναὸν,
3233 1523 3309 1585 ὡς
3338 1527 3444 1577 τῶν
3479 1522 3633 1586 θείων
3665 1521 3871 1600 ὀφθαλ-

2226 1619 2341 1688 μῶν
2398 1619 2809 1691 προσεγγισμοῦ
2868 1611 3136 1688 δεομένων
3197 1611 3271 1674 εἷς
3299 1613 3362 1667 τὸ
3389 1609 3545 1685 ἰδεῖν,
3577 1610 3764 1674 ἄλλως
3814 1609 3874 1668 δὲ

2226 1704 2300 1777 μή
2352 1702 2656 1780 φθανόντων
2702 1701 2790 1758 ἐπὶ
2837 1702 2966 1765 τοὺς
3013 1701 3226 1778 «seem.
3257 1705 3453 1774 Ταῦτα,
3479 1700 3728 1778 φησὶ,τὰ
3775 1698 3873 1756 οὔ-

2219 1814 2298 1848 τω
2343 1793 2570 1847 ταπεινᾶ
2624 1791 2714 1846 καὶ
2763 1793 2930 1868 γήινα
2957 1790 3038 1854 τίς
3071 1790 3385 1862 ἐξεζήτησεν
3419 1789 3480 1844 ἐκ
3529 1793 3638 1845 τῶν
3665 1794 3870 1867 χειρῶν

457 1883 711 1942 vestris?
737 1882 915 1940 Vides
945 1887 1171 1955 quanta
1191 1881 1246 1937 vi
1269 1885 1327 1938 et
1355 1880 1707 1938 necessitate
1743 1884 1998 1936 mentem
2030 1879 2110 1936 le-

2230 1883 2414 1955 ὗμῶνς
2447 1882 2606 1958 Ὁρᾷς
2637 1880 2769 1952 ὅσην
2804 1880 2920 1957 βίαν
2961 1880 3052 1936 καὶ
3102 1879 3341 1955 ἀνάγκην
3388 1877 3576 1955 ἐπάγει
3625 1900 3872 1953 πνευμα-

458 1973 549 2048 gis
579 1971 832 2046 spiritali
862 1972 1118 2044 quodam
1149 1987 1328 2028 sensu
1362 1969 1785 2043 compellamur
1821 1968 2113 2042 interpre-

461 2062 595 2119 tari.
627 2061 686 2117 8i
739 2061 874 2133 quis
927 2060 1086 2118 enim
1129 2061 1305 2116 verba
1353 2059 1500 2132 legis
1553 2059 1902 2114 conﬁteatur
1931 2075 1966 2114 a
1996 2057 2113 2114 Deo

461 2151 699 2225 quidem
731 2167 861 2206 esse
891 2151 1051 2217 data,
1083 2149 1184 2205 sed
1233 2149 1356 2204 haec
1389 2165 1516 2220 quae
1549 2165 1705 2203 nunc
1738 2147 1910 2217 ﬁunt,
1935 2163 1969 2200 a
1998 2145 2114 2200 Deo

460 2257 578 2297 non
628 2238 846 2312 requiri
879 2239 1073 2312 dicat;
1106 2238 1262 2294 clare
1289 2245 1348 2293 et
1378 2239 1506 2293 sine
1556 2236 1674 2292 ulla
1723 2233 2117 2291 controversia

459 2309 1000 2386 mentem'nostram
1025 2328 1096 2384 ad
1115 2326 1480 2400 spiritualem
1510 2326 1657 2399 legis
1674 2322 2115 2396 contemplatio-

459 2434 594 2475 nem
622 2416 885 2474 attollere
923 2433 1029 2473 uos
1060 2415 1241 2488 cogit;
1275 2430 1410 2470 cum
1458 2419 1690 2471 tantum
1737 2431 1852 2470 non
1899 2414 2114 2468 clamet

455 2511 516 2563 et
558 2507 887 2564 obtestatur
919 2523 933 2562 :
965 2504 1399 2561 Miscricordiam
1454 2505 1599 2572 volo,
1629 2512 1682 2559 ct
1729 2519 1842 2558 non
1894 2502 2111 2572 sacri/i-

454 2598 606 2653 cium
634 2597 686 2652 et
721 2596 1012 2651 scientiam
1058 2595 1162 2650 Dei
1207 2595 1386 2664 magis
1438 2608 1604 2665 quam
1648 2591 2026 2648 holocaustum
2044 2591 2110 2647 ".

457 2686 609 2744 401
647 2685 718 2741 Et
751 2701 766 2741 :
825 2683 887 2740 Si
913 2685 1314 2739 annuntiatum
1363 2685 1445 2738 est
1491 2683 1616 2748 tibi,
1648 2683 1831 2751 homo,
1856 2681 1993 2753 quid
2023 2681 2114 2738 bo-

456 2792 613 2844 num,
644 2782 697 2832 ct
723 2774 857 2846 quid
886 2774 1148 2830 Dominus
1178 2774 1394 2843 quaerat
1421 2789 1455 2827 a
1485 2775 1556 2840 to,
1587 2772 1704 2826 nisi
1732 2774 1790 2826 ut
1818 2772 2001 2842 facias
2023 2772 2112 2843 ju-

459 2864 690 2933 dicium,
721 2866 771 2920 et
803 2863 1004 2934 diligas
1031 2861 1499 2925 miscricordiam,
1531 2864 1582 2916 et
1626 2863 1861 2932 paratus
1888 2862 1962 2914 sis
1991 2877 2115 2915 am-

465 2952 666 3009 bulare
719 2967 844 3007 cum
898 2952 1128 3007 Domino
1175 2951 1284 3006 Deo
1330 2952 1422 3006 tuo
1441 2949 1536 3004 ‘3?
1567 2949 1679 3004 Et:
1732 2949 1961 3004 Immola
2010 2950 2116 3005 Deo

460 3041 806 3112 sacriﬁcium
848 3039 1031 3096 laudis
1050 3040 1114 3094 ⁸⁸.
1146 3040 1334 3110 Atque
1364 3037 1558 3094 omnis
1606 3039 1678 3093 de
1726 3037 2030 3092 sacriﬁciis
2061 3041 2118 3092 et

463 3128 824 3187 holocaustis
852 3128 1120 3184 doctrina
1166 3127 1225 3182 in
1278 3127 1371 3182 his
1401 3127 1592 3182 verbis
1622 3143 1746 3196 quae
1778 3126 1851 3180 ad
1885 3125 2116 3180 miseri-

462 3219 720 3275 cordiam
753 3223 810 3273 et
837 3217 1208 3272 dilectionem
1239 3217 1513 3286 attinent,
1539 3214 1821 3271 contineri
1852 3214 2112 3281 videtur;

462 3323 596 3362 cum
628 3306 720 3362 lex
767 3309 889 3361 tota
919 3305 979 3360 in
1009 3305 1103 3360 his
1135 3303 1307 3360 dictis
1355 3304 1698 3359 summatim
1727 3302 2116 3373 comprehen-

467 3394 685 3451 datur:
721 3394 934 3462 Diliges
976 3394 1298 3464 proximum
1335 3395 1494 3447 tuum
1541 3392 1683 3446 sicut
1735 3395 1788 3445 te
1843 3393 2030 3461 ipsum
2050 3391 2115 3445 ⁸⁸.

463 3481 616 3551 Quin
649 3485 706 3538 et
735 3497 806 3539 ea
833 3480 962 3538 loca
991 3497 1119 3552 quae
1150 3481 1222 3536 ad
1247 3480 1373 3536 dies
1404 3480 1585 3535 festos
1617 3483 1905 3550 spectant,
1928 3480 2116 3536 eidem

464 3570 845 3645 expositionis
893 3571 1090 3642 generi
1141 3568 1570 3640 subjicientur;
1605 3568 1686 3624 ita
1715 3573 1780 3623 ut
1807 3574 1865 3624 et
1903 3569 2122 3641 pascha

467 3676 842 3734 nequaquam
868 3675 975 3714 nos
997 3657 1360 3714 celebremus
1381 3673 1393 3712 :
1413 3659 1476 3712 In
1495 3660 1762 3729 fermento
1783 3657 2050 3724 malitiae,
2070 3666 2122 3714 et

465 3749 752 3822 nequitiae,
784 3749 880 3804 sed
908 3750 971 3803 in
999 3747 1213 3819 azymis
1241 3747 1585 3802 sinceritatis
1614 3751 1667 3802 et
1699 3747 1947 3802 veritatis
1967 3748 2031 3802 ⁸⁸.
2063 3748 2122 3803 Si

470 3839 709 3912 quidem
741 3838 813 3894 ad
846 3851 1179 3908 vesperum,
1211 3835 1318 3892 hoc
1365 3839 1473 3906 est,
1505 3835 1564 3890 iu
1615 3838 2124 3893 consummatione

470 3927 670 3986 seculi
699 3944 836 3983 vera
856 3925 958 3981 illa
978 3925 1102 3981 ovis
1123 3925 1386 3980 Christus
1408 3923 1769 3989 immolatur,
1800 3926 1969 3995 cujus
1989 3942 2122 3982 caro

469 4033 601 4074 vere
647 4021 736 4073 est
783 4016 950 4072 cibus
970 4015 1046 4083 ⁶“¹;
1080 4014 1160 4070 ita
1191 4019 1256 4068 ut
1286 4031 1400 4069 non
1452 4013 1786 4069 habitamus
1833 4013 2024 4070 solum
2065 4015 2121 4070 in

469 4103 864 4164 tabernaculis
894 4107 1048 4160 stato
1075 4102 1301 4159 dierum
1345 4119 1612 4170 numero,
1647 4103 1747 4157 sed
1781 4103 1934 4157 omni
1968 4108 2122 4159 tem-

468 4211 607 4269 pore
635 4192 930 4250 iuoolatus
957 4191 1164 4260 nostri,
1188 4207 1382 4246 veram
1413 4189 1818 4261 praestolantes
1849 4191 2119 4261 patriam,

467 4285 641 4354 cujus
693 4281 900 4338 artifex
929 4285 984 4336 et
1014 4279 1282 4336 conditor
1338 4285 1428 4333 est
1482 4278 1635 4333 Deus
1660 4277 1725 4344 ⁸⁸,
1751 4283 1925 4349 atque
1979 4280 2123 4337 adeo

466 4374 850 4427 Pentecosteu
896 4384 1142 4440 agamus
1189 4366 1433 4438 expletis
1481 4371 1704 4437 septem
1739 4365 2119 4424 hebdomadi-

469 4460 582 4515 bus
614 4475 629 4514 :
663 4458 772 4514 hoc
800 4461 909 4528 est,
942 4457 1014 4512 de
1040 4456 1160 4511 vita
1206 4456 1582 4526 desperemus
1623 4458 1906 4526 tauquam
1938 4457 1995 4512 in
2027 4458 2122 4515 die

467 4551 732 4605 extrema
755 4543 1082 4603 constituti.

466 4748 511 4785 ⁸⁷
538 4748 710 4806 Joau.
743 4763 821 4817 vr,
851 4747 943 4803 56.
1017 4744 1062 4780 ⁸³
1093 4743 1261 4801 Hebr.
1296 4760 1375 4810 χι,
1410 4744 1496 4798 10.

542 4871 657 4944 (96)
687 4867 864 4944 Editi,
895 4864 1042 4944 παρὰ
1064 4869 1161 4944 τοῦ
1209 4869 1490 4944 σαρκιικοῦ.
1525 4868 1591 4944 At
1639 4868 1900 4944 quinque
1950 4887 2119 4944 mss.,

467 4937 613 5017 παρὰ
636 4937 736 4995 τοῦ
765 4937 1040 5017 σαρκίνου.
1065 4939 1187 5017 Yox
1213 4937 1358 5012 παρά
1387 4956 1504 4995 non
1538 4937 1724 5017 placet
1743 4937 2118 5017 Cdmbeiisio,

469 5009 575 5088 pro
612 5017 732 5086 qua
777 5009 880 5088 ait
907 5011 1220 5088 legendum
1270 5009 1400 5088 esse
1444 5009 1589 5084 περίο
1625 5013 1757 5088 sed,
1782 5018 1860 5088 ut_
1893 5009 2114 5088 notavi;

465 5084 760 5154 inusfnec
791 5084 954 5151 editi,
990 5099 1095 5138 nec
1125 5100 1267 5138 mss.
1300 5084 1430 5153 ejus
1469 5085 1864 5154 emendationi
1900 5087 2113 5142 favent.

464 5148 782 5230 Aliquanto
814 5148 947 5230 post
977 5155 1116 5227 Reg.
1151 5148 1466 5230 secundus,
1499 5148 1692 5230 ἔδειξεν
1723 5155 1908 5230 ὁποῖα.

534 5223 771 5314 ςφχδίο
801 5223 1089 5300 ciuiuquev
1115 5242 1257 5282 mss.
1289 5226 1461 5295 Editi,
1493 5223 1760 5300 γενόμενα
1807 5223 1892 5296 οὕ,
1925 5226 2112 5304 φησὶν,

885 5365 1254 5444 βιάσεταιι.ῌΑι
1283 5383 1426 5423 mss.
1459 5365 1700 5444 aliquot,
1738 5367 2000 5444 βιάζεται.

683 5435 1220 5528 Εάίιὶ,’άναγγελῶ.
1276 5444 1398 5494 Duo
1454 5435 1596 5520 Ipse.
1655 5435 1945 5514 ἀνάγγὲλῃ.
2000 5440 2110 5496 Alii

534 5530 582 5570 ιε
636 5529 770 5570 cum
822 5510 980 5576 LXX,
1030 5507 1332 5578 ανηγγέλη.
1390 5510 1576 5565 Editis
1635 5511 1787 5566 favet
1843 5511 2110 5578 Vulgata,

1319 5552 1332 5565 ο
1391 5552 1576 5565 “ul-Iv
1636 5552 1787 5566 nunva
1855 5552 1868 5565 ν
1891 5552 2110 5600 uspuvu’

1319 5583 1380 5600 ’ᾼλ
1421 5586 1535 5600 ιη--
1573 5597 1685 5600 .A--,
1856 5599 1859 5600 ν
1995 5585 2084 5600 ιγιν

459 5587 725 5642 Indicabo
754 5585 874 5650 tibi,
905 5599 935 5639 ο
967 5585 1152 5638 homo.
1179 5585 1389 5639 Statim
1418 5586 1539 5638 tres
1571 5597 1720 5639 mss.
1761 5599 1895 5638 cum
1948 5585 2106 5654 LXX,

459 5654 650 5806 $15.6
679 5659 796 5713 τοῦ.
819 5655 944 5712 Duo
974 5653 1074 5710 alii
1099 5670 1270 5724 mss.,
1291 5650 1418 5708 ἀλλ’
1441 5651 1477 5721 ἢ
1507 5649 1590 5707 τό.
1615 5653 1790 5726 Editi,
1812 5653 1958 5728 παρὰ
1987 5659 2108 5729 σοῦ,

527 5747 616 5788 το.

461 5510 582 5570 tres
625 5510 770 5570 cum
822 5510 980 5576 LXX,
1030 5510 1130 5579 ἆνη

441 5587 725 5642 Indicabo
754 5583 874 5650 tibi,
905 5599 935 5639 ο
967 5582 1158 5638 homo;
1179 5582 1389 5639 Statim
1418 5586 1539 5638 tres
1562 5597 1720 5650 mss.
1761 5599 1895 5638 cum

2145 4537 2194 4601 D

539 4677 584 4714 “
615 4674 795 4732 Exod.
826 4689 1030 4742 χχχιιι,
1061 4673 1152 4729 17.
1182 4743 1185 4744 ν
1225 4672 1271 4708 ⁸³
1301 4670 1431 4727 Ose.
1458 4686 1538 4739 v1,
1569 4671 1624 4726 6.
1698 4671 1745 4707 ⁸³
1774 4672 1947 4729 Mich.
1978 4691 2060 4744 vx,
2087 4677 2148 4736 8.

2217 1975 2385 2033 τικῶς
2432 1992 2550 2032 πως
2602 1965 2959 2044 ἐκλαμϐάνειν
3017 1973 3115 2025 τοῦ
3171 1969 3345 2043 νόμου
3395 1970 3458 2024 τὸ
3492 1967 3770 2045 βούλημα.
3805 1967 3876 2025 Et

2221 2060 2325 2136 γὰρ
2365 2060 2510 2136 παρὰ
2557 2058 2691 2114 Θεοῦ
2742 2059 2838 2132 μὲν
2887 2057 3243 2135 ὡμολόγηται
3291 2055 3536 2122 δεδόσθαι
3573 2062 3671 2112 τοῦ
3699 2057 3873 2132 νόμου

2221 2151 2288 2205 τὰ
2338 2149 2576 2225 ῥήματα,
2609 2153 2775 2203 ταῦτα
2819 2146 2876 2204 δὲ
2921 2153 3009 2202 νῦν
3067 2148 3324 2222 γινόμενα
3372 2143 3435 2202 οὗ
3492 2169 3653 2225 φησιν
3709 2147 3872 2219 ἐκζη-

2221 2243 2328 2293 τεῖν
2386 2240 2499 2311 (97)
2554 2239 2582 2290 ὁ
2631 2239 2786 2304 Θεὸς,
2832 2241 3016 2314 σαφῶς
3065 2237 3153 2290 καὶ
3212 2235 3611 2312 ἀναντιῤῥήτως
3660 2237 3875 2311 ἀνάγειν

2222 2330 2382 2400 ἡμῶν
2414 2326 2506 2381 τὸν
2539 2330 2662 2381 νοῦν
2697 2325 2785 2381 ἐπὶ
2809 2328 2910 2395 τήν
2954 2325 3325 2398 πνευματικὴν
3360 2325 3586 2401 θεωρίαν
3635 2325 3731 2380 τοῦ
3779 2324 3880 2380 νό-

2227 2437 2332 2490 μου
2368 2417 2607 2492 βιάζεται
2641 2417 2772 2489 (98)‘
2813 2415 3112 2490 μονονουχὶ
3159 2414 3371 2490 κράζων
3429 2415 3518 2469 καὶ
3577 2412 3878 2492 διαμαρτυ-

2226 2505 2495 2580 ρόμενος·
2542 2501 2736 2560 Ἔλεον
2811 2501 2979 2574 θάλω,
3029 2502 3120 2558 καὶ
3197 2501 3258 2557 οὐ
3336 2503 3561 2558 θυσίαν·
3616 2504 3707 2559 καὶ
3765 2503 3883 2559 ἐπί-

2221 2615 2420 2672 γνωσιν
2481 2597 2614 2649 Θεοῦ
2669 2589 2883 2666 μᾶλλδν
2945 2593 2980 2661 ἢ
3041 2590 3414 2647 ὁλοκαύτωσιν
3451 2612 3464 2627 ·
3516 2593 3605 2648 καὶ
3662 2592 3745 2664 τὸ,
3807 2591 3880 2651 Εἴ

2221 2681 2494 2759 ἀνηγγέλη
2749 2702 2874 2752 σοι,
2932 2680 3216 2758 ἄνθρωπε,
3290 2681 3344 2735 τί
3407 2680 3608 2751 καλὸν,
3655 2681 3746 2736 καὶ
3821 2681 3881 2738 τί

2223 2771 2422 2847 Κύριος
2481 2771 2697 2842 ἐκζητεῖ
2735 2769 2880 2847 παρὰ
2928 2774 3044 2842 σοῦ,
3089 2769 3216 2826 ἀλλ’
3264 2768 3300 2840 ἢ
3339 2769 3404 2827 τὸ
3451 2776 3625 2826 ποιεῖν
3679 2776 3875 2846 κρῖμα,

2223 2862 2308 2918 καὶ
2370 2860 2578 2936 ἀγαπᾷν
2638 2858 2823 2933 ἔλεον,
2881 2858 2970 2914 καὶ
3037 2857 3413 2932 ίτοιμάζεσθαι
3481 2864 3578 2914 τοῦ
3645 2859 3875 2932 πορεύε-

2225 2953 2344 3005 σθαι
2409 2950 2543 3024 μετᾶ
2592 2949 2788 3021 Κυρίου
2863 2953 2964 3003 τοῦ
3022 2953 3155 3004 Θεοῦ
3213 2967 3339 3017 σου;
3398 2948 3486 3004 καὶ
3543 2949 3646 3018 τὸ,
3700 2954 3877 3004 Θῦσον

2223 3043 2301 3111 τῷ
2349 3043 2467 3110 Θεῷ
2521 3038 2704 3092 θυσίαν
2747 3037 3020 3100 αἰνέσεως.
3053 3035 3151 3091 Κόιὶ
3199 3036 3369 3092 ἔοικεν
3420 3039 3448 3092 ὁ
3496 3043 3598 3100 πᾶς
3640 3041 3711 3107 (Η
3743 3039 3873 3114 περὶ

2225 3131 2420 3183 Θυσιῶν
2461 3127 2548 3181 καὶ
2582 3125 3056 3201 ὁλοκαυτωμάτων
3093 3126 3258 3202 λόγος
3309 3127 3361 3181 ἐν
3407 3131 3487 3199 τῷ
3518 3127 3640 3201 περὶ
3685 3125 3878 3191 ἆλὲους

2226 3216 2315 3272 καὶ
2348 3217 2562 3290 ἀγάπης
2615 3215 3035 3291 ὲμπεριὲχεσθαι
3088 3216 3263 3291 Λόγῳο
3296 3216 3412 3271 ἒπεὶ
3443 3216 3532 3270 καὶ
3573 3215 3702 3279 ὅλος
3734 3218 3763 3271 ὁ
3796 3217 3887 3272 νό-

2232 3325 2331 3377 μος
2384 3301 2874 3382 ἀνακεφαλαιοῦται
2933 3305 2984 3359 ὲν
3043 3308 3164 3376 τῷ,
3214 3305 3536 3378 Ἀγαπήσεις
3590 3305 3682 3360 τὸν
3731 3304 3885 3377 πλη-

2229 3393 2343 3448 σίον
2397 3414 2494 3448 σου
2552 3393 2625 3455 ὠς
2681 3393 2925 3449 σεαυτόν.
2977 3392 3076 3448 Καὶ
3136 3395 3165 3448 ὁ
3220 3395 3342 3469 περὶ
3400 3399 3507 3448 τῶν
3561 3395 3761 3469 ἑορτῶν
3823 3393 3887 3451 δὲ

2227 3481 2396 3544 τόπος
2454 3486 2532 3553 τῷ
2582 3481 2730 3554 αὐτῷ
2787 3478 2919 3537 εἴδει
2976 3489 3074 3552 τῆς
3123 3482 3431 3559 ἐξηγήσεως
3481 3483 3884 3558 ὑπαχθήσεταιο

2229 3571 2366 3626 ὥστε
2422 3571 2512 3626 καὶ
2570 3572 2633 3626 τὸ
2687 3573 2766 3645 (2)
2822 3573 3011 3647 πάσχα
3089 3572 3164 3645 μή
3246 3569 3517 3647 ἑορτάζειν
3584 3575 3733 3645 ἡμᾶς
3791 3575 3884 3631 Ἐν

2232 3659 2373 3734 ζύμῃ
2424 3658 2615 3723 κακίας
2668 3659 2758 3714 καὶ
2816 3658 3103 3734 πονηρίας,
3156 3657 3286 3715 ἀλλ’
3343 3660 3394 3714 ἓν
3457 3659 3686 3734 ἀζύμοις
3749 3661 3890 3718 εἶλιο

2231 3748 2465 3823 κρινείας
2544 3747 2633 3802 καὶ
2712 3747 3006 3819 άληθιίας’
3067 3750 3336 3822 θυομένου
3411 3749 3548 3822 πρὸς
3630 3746 3886 3824 ἑσπὲραν,

2230 3836 2501 3892 τουτέστιν
2558 3838 2647 3892 ἐπὶ
2705 3835 2986 3908 συντελείᾳ
3037 3841 3135 3892 τοῦ
3192 3837 3408 3907 αἰῶνος,
3457 3842 3554 3891 τοῦ
3609 3838 3883 3909 ἀληθινοῦ

2231 3921 2510 4001 προϐάτου
2566 3930 2822 4001 Χριστοῦ,
2855 3926 2917 3980 οὗ
2965 3928 2999 3995 ἡ
3049 3925 3175 4001 σὰρξ
3224 3924 3446 3996 ἀληθῶς
3477 3928 3554 3999 (3)
3584 3927 3694 3981 ἔστι
3731 3928 3890 4003 βρῶ-

2233 4035 2336 4078 σιςο
2369 4017 2454 4070 καὶ
2517 4021 2786 4070 κατοικεῖν
2847 4015 2898 4069 ἓν
2959 4020 3182 4085 σκηναῖς
3241 4014 3368 4090 ούχὶ
3412 4017 3605 4070 τακτὸν
3655 4018 3889 4090 ἡμερῶν

2233 4105 2488 4179 ἀριθμὸν,
2551 4103 2696 4159 ἀλλᾶ
2756 4103 2927 4159 πάντα
2999 4104 3093 4159 τὸν
3160 4103 3361 4180 ’χρόνον
3418 4111 3519 4174 τῆς
3591 4105 3892 4182 παροικίας

2232 4195 2414 4265 ἡμῶν,
2447 4193 2806 4266 ἀναμένοντας
2836 4194 2936 4262 τὴν
2979 4193 3246 4264 ἀληθινὴν
3296 4191 3551 4270 πατρίδα,
3579 4197 3646 4264 ἧς
3702 4196 3894 4272 τεχνί-

2228 4302 2329 4351 της
2377 4282 2466 4336 καὶ
2518 4279 2858 4356 δημιουργὸς
2901 4282 2930 4336 ὁ
2969 4282 3120 4354 Θεὸς,
3169 4282 3259 4336 καὶ
3305 4285 3682 4353 πεντηκοστήν
3730 4281 3889 4359 ἄγειν

2233 4370 2368 4425 ἒπτά
2465 4365 2782 4444 ἑϐδομάδων
2871 4368 3314 4443 συντελουμένων
3351 4389 3364 4403 ·
3423 4369 3693 4426 τουτέστιν
3731 4418 3748 4442 ,
3804 4372 3892 4436 ὡς

2230 4461 2286 4625 ἔγ
2526 4460 2730 4536 ἐσχάτῃ
2805 4460 2986 4536 ἡμέρᾳ
3087 4456 3242 4523 ὄντας
3335 4459 3697 4536 ἀπεγνωκέναι
3782 4465 3893 4516 τοῦ

2287 4569 2349 4602 ου
2406 4550 2482 4622 4).

2287 4569 2349 4602 ου
2381 4569 2482 4604 l4).

2231 4678 2278 4714 “
2304 4677 2457 4734 Psal.
2491 4694 2642 4749 χιιι,
2674 4678 2762 4733 14.
2837 4678 2883 4714 ⁸⁵
2910 4677 3113 4736 Matth.
3147 4695 3262 4748 χιχ,
3297 4678 3387 4734 19.
3461 4679 3505 4716 ⁶⁶
3533 4677 3557 4736 Ι
3587 4677 3716 4736 Cor.
3736 4679 3792 4747 5,
3822 4680 3895 4736 8.

2305 4875 2382 4945 (1)
2411 4877 2550 4945 Reg.
2594 4874 2910 4943 secundus,
2941 4875 3153 4930 Ἔοικεν
3201 4877 3306 4935 πᾶς
3353 4872 3402 4930 ὁ.
3437 4873 3656 4930 Ibidem
3704 4890 3892 4946 mss.,

2229 4949 2425 5018 θυσιῶν
2455 4946 2565 4999 καί.
2601 4945 2775 5001 Deest
2802 4946 2890 5000 καί
2932 4947 2988 5002 in
3012 4946 3223 5018 peditis.
3259 4945 3488 5018 Rursus
3516 4946 3625 5002 hoc
3659 4946 3785 5018 ipso
3818 4945 3893 5004 in

2227 5017 2352 5072 loco
2386 5018 2518 5090 Reg.
2554 5018 2871 5094 secundus.
2904 5016 3026 5094 crept
3065 5014 3252 5094 ἐλίουε
3273 5016 3388 5073 Nec
3418 5018 3498 5073 ita
3530 5014 3714 5074 multo
3745 5024 3899 5091 post

2227 5094 2343 5144 tres
2377 5085 2543 5154 mss.,
2570 5085 2805 5158 πλησίον
2841 5085 3066 5159 σου,’ὡς
3097 5087 3304 5144 ἰαυτόν.

2297 5161 2375 5232 (2)
2404 5160 2506 5232 Sic
2532 5157 2681 5216 mss.
2711 5157 2985 5232 quatuor.
3019 5161 3194 5231 Editi,
3236 5161 3310 5220 ὡς
3357 5157 3440 5214 τό.
3475 5160 3611 5232 Reg.
3644 5161 3900 5232 tertius,

2225 5228 2417 5322 asta}
2445 5230 2531 5322 τό.
2561 5228 2874 5304 Aliquanto
2907 5240 3038 5306 post
3078 5228 3216 5306 Reg.
3253 5228 3584 5300 secundus;
3601 5228 3908 5307 συντελείᾲ

2220 5321 2327 5355 των
2364 5321 2600 5358 αιωνων.

2295 5376 2368 5446 (3)
2401 5377 2488 5430 Ita
2518 5375 2832 5431 Colbertini
2864 5375 3001 5431 duo.
3033 5374 3319 5446 Alii_tres_
3360 5390 3501 5430 mss.
3536 5374 3699 5446 Regii
3735 5371 3905 5446 ἄλη-

2223 5443 2534 5518 (Macariis
2561 5451 2644 5501 est
2691 5448 2864 5503 cibus.
2897 5447 3076 5509 Editi,
3125 5443 3410 5514 ἀληθείας.
3444 5446 3576 5518 Mox
3612 5443 3903 5518 interque

2221 5516 2530 5590 Combeﬁsi
2587 5519 2768 5590 codex
2798 5535 2929 5575 cum
2977 5524 3118 5590 Reg.
3168 5519 3449 5585 secundo,
3500 5515 3628 5590 ούχὶ
3680 5515 3900 5590 τακῖτδν

2219 5589 2440 5666 ᾖμερῶν
2481 5588 2734 5666 ἀριθμόν.
2765 5591 2938 5663 Editi,
2983 5587 3113 5665 obii
3159 5592 3366 5644 τακτῶν
3413 5587 3658 5663 ἡμεριῖν,
3704 5587 3904 5666 ἀλλά,

2218 5659 2372 5715 haud
2402 5659 2728 5718 emendate.

2290 5732 2367 5807 (4)
2396 5733 2531 5806 Reg.
2558 5733 2877 5804 secundus,
2905 5731 3000 5791 τὸν
3034 5729 3176 5813 βίον.
