4100 6220
506 380 620 442 m
1448 363 1843 426 APPENDIX
1887 359 2213 427 OPERUM
2257 365 2322 426 s.
2368 364 2655 431 BASILII
2698 365 2948 433 MAGNI
3461 342 3471 352 κ
3801 361 3922 430 ne

507 511 745 588 quando
773 525 904 565 vero
933 507 1161 577 absque
1201 500 1349 568 oleo,
1384 501 1449 554 ut
1475 498 1535 554 in
1578 493 1924 570 zelotypia'“
1961 513 1973 552 :
2009 513 2153 552 non-

2279 497 2550 588 χυθέντος,
2603 502 2735 557 ποτὶ
2784 500 2842 557 δὲ
2882 498 3006 557 ἄνευ
3057 499 3268 568 ἐλαίου,
3317 501 3392 562 ὡς
3423 498 3518 588 £1th
3529 503 3636 588 τῆς
3693 498 3928 571 ζηλοτυ-

509 615 813 675 nunquam
846 598 1058 670 lagana
1086 619 1100 651 :
1135 605 1561 660 nonnunquam
1593 588 1778 660 azymi
1814 603 1996 658 panes
2029 604 2042 642 :
2076 588 2162 641 in.

509 693 743 750 terdum
776 687 902 744 sola
930 689 1058 741 erat
1097 697 1313 745 massa,
1338 679 1584 733 subacta
1626 677 1752 732 oleo
1806 677 2158 747 similagine.

509 783 679 839 Nunc
707 794 842 835 vero
873 771 1255 844 similaginis_‘
1279 769 1439 823 illius
1487 783 1658 822 usum
1693 767 2007 838 abrogans,
2031 766 2160 837 plu-

512 871 726 928 rimam
759 863 1178 924 sacriﬂciorum
1233 861 1454 929 partem
1507 854 1770 909 abolevit.
1808 853 1954 916 Quid
1986 853 2166 924 igitur

513 962 634 1017 hinc
664 959 791 1030 ejus
816 955 973 1010 dicta
995 951 1108 1006 sibi
1129 946 1375 1003 volunt?
1405 944 1567 1009 Quod
1601 943 1736 998 licet
1761 942 1876 997 alia
1899 942 2008 998 sub
2041 958 2162 997 ser-

514 1046 709 1106 monis
737 1042 1037 1101 involucro
1077 1036 1503 1109 signiﬁcentur,
1535 1048 1657 1101 vos,
1691 1036 1886 1086 mente
1930 1030 2162 1103 legisla-

514 1137 660 1196 toris
701 1131 1064 1206 posthabita,
1098 1126 1360 1183 studium
1394 1138 1567 1179 omne
1598 1137 1954 1193 operamque
1985 1121 2043 1174 in
2076 1135 2164 1174 re-

517 1241 651 1282 rum
681 1219 1075 1293 corporalium
1105 1216 1364 1271 vanitate
1393 1211 1632 1285 ponitis.
1667 1210 1980 1282 Oportebat
2011 1210 2167 1264 enim

518 1319 586 1371 ut
637 1313 1002 1369 frumentum
1063 1323 1165 1378 pro
1219 1321 1286 1360 eo
1327 1317 1614 1367 sermone,
1651 1301 1750 1371 qui
1810 1300 1869 1354 in
1924 1299 2170 1355 seminis

519 1404 762 1460 modum
794 1397 1108 1456 animabus
1133 1393 1341 1450 vestris
1373 1391 1672 1455 inseritur,
1688 1389 2052 1461 acciperetis,
2075 1392 2168 1442 ut-

521 1509 636 1567 que
663 1508 736 1548 ex
761 1506 828 1546 eo
885 1487 1187 1543 mundana
1233 1481 1393 1537 omni
1447 1480 1799 1552 cogitatione
1828 1478 2049 1533 nudato
2081 1493 2170 1532 se—

522 1582 782 1640 cundum
815 1594 899 1645 se,
923 1577 982 1631 in
1013 1575 1355 1645 incorporeo
1382 1586 1450 1626 ac
1480 1585 1624 1640 puro
1657 1568 1754 1624 Dei
1786 1567 1949 1623 cultu
1979 1571 2172 1622 utere-

525 1669 694 1728 mini.
717 1671 904 1739 Atque
927 1666 1050 1720 haec
1072 1666 1164 1719 est
1183 1658 1508 1732 spiritualis
1530 1655 2098 1730 similago,videlicet
2124 1655 2174 1710 is

526 1759 628 1833 qui
661 1758 731 1812 de
762 1763 874 1814 Deo
904 1753 1156 1810 habetur
1183 1765 1374 1806 sermo
1407 1765 1440 1803 a
1468 1747 1754 1819 corporali
1787 1743 2176 1833 intelligentia

527 1831 838 1904 discretus.
871 1845 1072 1914 Itaque
1101 1841 1224 1896 haec
1256 1836 1453 1894 simila
1481 1834 1764 1907 corporali
1797 1849 1973 1890 sensu
2005 1831 2176 1887 intel-

527 1938 698 2002 lecta,
721 1940 897 2006 atque
925 1930 1172 1988 Judaico
1205 1943 1366 1983 more
1393 1925 1610 1991 oblata,
1644 1928 1733 1980 est
1761 1938 1976 1978 vanum
2010 1920 2179 1992 quid-

2270 585 2416 650 πίας
2479 587 2680 647 ἄλλοτε
2729 591 2958 667 λάγανα·
3014 588 3217 645 ἄλλοτε
3241 591 3441 664 ἄζυμοι⁸
3501 587 3702 645 ἄλλοτε
3751 589 3921 663 μόνον

2271 676 2516 752 φύραμα,
2583 675 3066 754 ἀναπεποιημένης
3140 677 3311 751 ἐλαίῳ
3379 685 3480 749 τῆς
3557 675 3922 752 σεμιδάλεως.

2274 768 2383 822 Νῦν
2412 767 2614 840 ταύτης
2658 771 2757 838 τήν
2810 773 3010 846 χρῆσιν
3063 766 3398 842 ματαιώσας,
3447 769 3510 823 τὸ
3539 773 3790 847 πκεῖστον
3829 768 3927 841 μέ-

2273 874 2366 930 ρος
2416 861 2524 911 τῶν
2559 859 2754 920 θυσιῶν
2789 855 3062 932 διέγραψε.
3112 857 3178 914 Τί
3225 856 3317 912 οὗν
3352 857 3494 912 ἐστιν
3525 857 3554 912 ὃ
3587 855 3731 932 λέγει
3757 877 3770 927 ;
3795 859 3926 916 ’Ότι

2275 942 2421 998 ἄλλα
2448 950 2544 1000 τοῦ
2576 946 2742 1023 λόγου
2775 946 3181 1020 αἲνισσομένου,
3214 947 3430 1026 ἀφέντες
3447 947 3510 1003 τὸ
3545 945 3807 1023 βούλημα
3827 951 3931 1002 τοῦ

2273 1034 2570 1106 νομοθέτου
2610 1081 2626 1107 ,
2722 1037 2822 1105 τὴν
2917 1042 3086 1091 πᾶσαν
3172 1034 3542 1112 πραγματείαν
3625 1036 3748 1113 περῖ
3822 1037 3931 1106 τήν

2279 1124 2615 1196 ματαιότητα
2695 1131 2804 1181 τῶν
2890 1129 3216 1198 σωματικῶν
3294 1123 3702 1190 ὲπιδείκνυσθε.
3776 1123 3932 1183 Ἔδει

2274 1213 2375 1289 γὰρ
2404 1214 2495 1268 τὸν
2545 1220 2691 1270 σῖτον
2742 1215 2818 1278 εἰς
2844 1216 2935 1271 τὸν
2987 1213 3148 1291 λόγον
3204 1211 3637 1290 μεταλαμϐάνειν
3685 1235 3933 1291 σπερμαο

2275 1307 2442 1364 τικῶς
2503 1304 2656 1376 ὑμῶν
2682 1307 2791 1379 (13)
2844 1304 3153 1380 ἐγκείμενον
3206 1310 3325 1370 ταῖς
3361 1307 3588 1381 ψυχαῖς,
3628 1305 3716 1360 καὶ
3749 1304 3933 1374 πάσης

2277 1391 2440 1444 αὑτὸν
2491 1400 2764 1466 κοσμικῆς
2805 1392 3015 1456 ἐννοίας
3047 1394 3562 1470 ἅπογυμνώσαντας,
3604 1393 3754 1465 αὖτῷ
3786 1399 3936 1469 χρῆ-

2279 1480 2398 1534 σθαι
2447 1482 2565 1534 καθ’
2613 1481 2803 1536 ἑαυτὸν
2857 1480 2910 1537 έν
2969 1485 3039 1557 τῇ
3093 1480 3247 1555 ἀΰλῳ
3293 1483 3383 1537 καὶ
3439 1481 3647 1556 καθαρᾴ
3675 1480 3939 1558 Θεραπεία

2283 1566 2432 1626 Θεοῦ.
2478 1570 2579 1626 Καὶ
2627 1575 2789 1626 τοῦτο
2852 1569 2963 1626 ἐστι
3011 1573 3351 1645 πνευματική
3411 1567 3718 1644 σεμίδαλις,
3765 1569 3942 1644 λόγος

2281 1655 2408 1730 περί
2437 1659 2570 1714 Θεοῦ
2623 1667 2941 1733 σωματικῆς
2978 1659 3186 1725 ἐννοίας
3229 1658 3659 1736 κεχωρισμένος.
3708 1661 3772 1717 Ἡ
3834 1659 3938 1732 μὶν

2286 1747 2380 1802 οὖν
2429 1753 2758 1820 σωματικῶς
2805 1751 3073 1822 νοουμένη
3105 1750 3194 1804 καὶ
3225 1747 3640 1826 προσφερομένη
3673 1749 3808 1803 κατά
3836 1748 3939 1804 τὸν

2287 1833 2583 1892 Ἰουδαϊκὸν
2625 1837 2828 1910 τρόπον
2879 1835 3183 1911 σεμίδαλις,
3245 1837 3470 1911 μάταιον
3499 1857 3512 1870 ·
3573 1837 3636 1893 τὸ
3685 1839 3944 1912 θυμιάμα

2207 1884 2258 1948 Β
2292 1884 2356 1978 ἑὲ
2369 1884 3196 2001 'i3;".;.{is;§.;..1;‘2;;21;,
3245 1884 3466 1998 ἕξρἷῲῗ
3489 1884 3944 2001 manu};

533 2029 668 2084 dam
703 2043 716 2082 :
749 2022 1078 2096 thymiama
1106 2034 1240 2075 vero
1273 2017 1401 2088 jam
1430 2030 1662 2086 quoque
1707 2011 2063 2068 abominatio
2091 2015 2168 2066 est

2287 2017 2366 2085 τῷ
2413 2009 2526 2068 ὄντι
2574 2015 2637 2069 τὸ
2687 2013 2890 2080 οἷέσθαι
2937 2018 3052 2088 (14)
3098 2015 3194 2077 τὰς
3237 2013 3326 2070 διὰ
3369 2016 3685 2093 ὀσφρήσεως
3731 2013 3944 2085 ἡδονὰς

533 2115 803 2173 Domino.
826 2112 972 2168 Nam
1001 2124 1200 2166 revera
1238 2110 1330 2162 est
1373 2103 1676 2176 quidpiam
1725 2100 2096 2166 exsecrabile,
2129 2099 2179 2155 si

533 2221 569 2262 a
600 2206 712 2261 Deo
765 2199 1206 2274 permistionem
1255 2193 1570 2266 quamdam
1623 2190 2017 2263 thymiamatis
2063 2204 2178 2261 quo

532 2309 636 2365 per
665 2291 944 2348 olfactum
991 2285 1351 2356 voluptatem
1395 2285 1739 2352 aucupetur,
1771 2279 2178 2334 existimemus

529 2379 788 2454 praecipi,
818 2393 926 2434 nec
965 2372 1362 2444 intelligamus
1412 2370 1672 2442 corporis
1721 2367 2173 2424 sanctimoniam

526 2487 653 2542 qum
683 2467 868 2525 animi
914 2461 1308 2536 temperantia
1354 2465 1414 2516 et
1459 2459 1730 2514 castitate
1778 2463 2176 2527 comparatur,

524 2557 771 2614 Domino
827 2571 958 2612 esse
1013 2551 1380 2626 thymiama,
1441 2549 1566 2620 pari
1623 2549 1776 2602 inter
1832 2563 1893 2602 se
1948 2551 2174 2616 tempe-

519 2647 747 2704 ratione
812 2661 881 2702 ac
937 2643 1138 2700 sedate
1200 2632 1540 2711 compositis
1608 2637 1818 2692 animae
1884 2635 2171 2707 partibus.

518 2737 685 2793 Sume
735 2735 916 2805 enim,
967 2731 1184 2804 inquit,
1236 2730 1340 2785 tibi
1381 2730 1705 2790 suavitates,
1754 2731 1982 2792 stacten,
2031 2739 2170 2796 ony-

514 2825 645 2896 cha,
695 2823 1002 2896 galbanum
1051 2820 1180 2875 boni
1235 2817 1435 2883 odoris,
1467 2820 1520 2870 et
1577 2815 1701 2870 thus
1745 2812 2082 2882 pellucidum
2107 2812 2173 2866 ⁷⁵³.

523 2914 652 2970 Haec
690 2917 947 2984 quatuor
992 2925 1126 2964 eum
1178 2910 1433 2979 quatuor
1480 2901 1787 2959 elementis
1835 2917 1904 2956 ex
1955 2901 2174 2971 quibus

517 3017 763 3076 corpora
791 3002 1085 3065 constant,
1119 2995 1336 3051 habent
1365 2992 1794 3064 cognationem.
1816 2990 2009 3044 Stacte
2041 2989 2171 3058 qui—

521 3092 655 3147 dem
688 3090 760 3146 ad
791 3104 1005 3160 aquam
1061 3085 1312 3141 refertur
1342 3100 1356 3138 :
1391 3098 1541 3154 onyx
1570 3081 1637 3135 ad
1671 3085 1885 3134 terram
1938 3083 2174 3149 propter

519 3179 895 3236 ariditatem:
929 3175 1246 3248 galbanum
1280 3171 1350 3226 ad
1384 3170 1579 3241 ignem
1615 3171 1846 3239 propter
1877 3166 2169 3221 calorem:

2284 2103 2375 2158 τὸν
2427 2104 2557 2158 Θεὸν
2607 2104 2951 2178 θηρώμενον,
3007 2109 3104 2160 τοῦ
3151 2104 3529 2180 θυμιάρματος
3556 2105 3655 2174 τὴν
3690 2104 3943 2170 σύνθεσιν

2285 2192 2734 2268 προστεταχέναι,
2791 2193 2881 2248 καὶ
2943 2194 3020 2266 μή
3081 2199 3221 2248 νοεῖν
3279 2193 3361 2248 ὅτι
3410 2192 3657 2266 Θυμίαμα
3684 2193 3878 2268 Κυρίῳ
3913 2193 3941 2248 ὁ

2285 2279 2338 2334 έν
2372 2281 2585 2353 σώματι
2631 2281 2919 2358 ἁγιασμὸς,
2972 2283 3073 2338 ὑπὸ
3098 2289 3198 2352 τῆς
3225 2284 3362 2337 κατὰ
3410 2283 3596 2359 ψυχὴν
3649 2282 3948 2361 σωφροσύ-

2282 2391 2381 2439 νης
2410 2369 2855 2444 ἐπιτελούμενος·
2908 2373 3208 2448 ἳσοκρατῶς
3257 2371 3494 2448 ἐχόντων
3547 2373 3633 2427 καὶ
3685 2372 3946 2427 ἀστασιά-

2282 2481 2424 2522 στως
2462 2461 2598 2534 πρὸς
2648 2457 2876 2530 ἄλληλα
2905 2465 3010 2516 τῶν
3047 2466 3228 2536 μερῶν
3257 2467 3357 2531 τῆς
3391 2464 3597 2538 ψυχῆς.
3631 2457 3774 2517 Λάϐε
3803 2462 3937 2538 γὰρ,

2283 2549 2416 2626 φησὶ
2513 2551 2646 2623 (15),
2742 2555 2951 2622 σεαυτῷ
3027 2547 3333 2623 ἡδύσματαο
3410 2547 3665 2619 στακτὴν,
3737 2546 3933 2626 ὄνυχα,

2281 2631 2568 2711 χαλϐάνην
2651 2635 2907 2710 ἠδυσμοῦ
2941 2682 2954 2706 ,
3029 2638 3120 2693 καὶ
3193 2633 3411 2695 λίϐανον
3469 2637 3745 2716 διαφανῆ.
3795 2641 3941 2697 Τέσ-

2283 2745 2418 2797 σαρα
2477 2730 2642 2780 ταῦτα
2706 2727 2843 2801 πρὸς
2898 2727 2968 2781 τὰ
3019 2725 3250 2800 τέσσαρα
3305 2733 3574 2803 στοιχεῖα,
3628 2728 3680 2799 ἐξ
3728 2729 3801 2783 ὦν
3856 2730 3928 2783 τὰ

2282 2813 2510 2885 σώματα
2585 2813 2877 2890 σύγκειται,
2955 2815 3054 2884 τήν
3134 2815 3458 2888 ὁμοιότητα·
3536 2819 3571 2887 ἡ
3655 2819 3747 2891 μὶν
3798 2838 3933 2872 στα-

2280 2902 2381 2970 κτή
2431 2902 2569 2976 πρὸς
2625 2903 2686 2957 τὸ
2739 2900 2907 2976 ὕδωρ·
2969 2905 2997 2959 ὁ
3029 2901 3085 2958 δὲ
3115 2903 3237 2975 ὄνυξ
3263 2902 3354 2960 διὰ
3390 2905 3451 2960 τὸ
3480 2905 3642 2982 ξηρὸν
3669 2907 3804 2983 πρὸς
3829 2909 3938 2975 τήν

2280 2997 2406 3064 γῆν
2457 2994 2492 3060 ἡ
2554 2989 2611 3045 δὲ
2663 2988 2913 3066 χαλϐἀνη
2950 2989 3038 3048 διά
3065 2994 3166 3062 τήν
3201 2994 3512 3067 θερμότητα
3539 2995 3679 3069 πρὸς
3707 2995 3770 3049 τὸ
3799 2999 3938 3070 πῦρ’

2281 3079 2310 3132 ὸ
2357 3076 2414 3133 δὲ
2467 3074 2713 3148 λίϐανος,
2766 3078 2856 3134 διὰ
2899 3081 2962 3135 τὸ
3015 3078 3263 3159 διαφανὲς
3312 3083 3449 3156 πρὸς
3482 3083 3567 3138 τὸν
3601 3083 3750 3159 ἀέρα.
3784 3085 3935 3141 ”Ισον

2283 3165 2382 3222 ἴσω
2435 3171 2547 3239 (16)
2590 3167 2756 3223 ἔσται·
2805 3170 3072 3239 τουτέστι,
3146 3171 3242 3232 τὰς
3302 3169 3362 3226 ἐκ
3411 3168 3731 3246 δυσκρασίας
3776 3195 3940 3248 γινο-

518 3267 660 3324 thus
716 3266 955 3322 tandem
1014 3265 1083 3318 ad
1143 3276 1335 3317 aerem
1399 3261 1634 3331 propter
1688 3254 2166 3326 pelluciditatem.

2284 3257 2445 3329 μένας
2510 3257 2683 3331 ὁρμὰς
2735 3257 2814 3321 εἰς
2853 3258 3140 3332 ἐπιθυμίας
3187 3259 3420 3323 ἀτόπους
3464 3261 3712 3330 κολάζων
3765 3261 3938 3316 ἃπαν-

517 3355 768 3426 Αἲᾳιιαιθ,
798 3353 1007 3425 aequali
1034 3350 1202 3406 erit”
1235 3365 1247 3402 :
1283 3348 1390 3403 hoc
1420 3349 1529 3416 est,
1561 3345 1838 3415 impetus,
1860 3360 1930 3398 ex
1959 3343 2169 3398 intem-

515 3444 675 3516 perie
704 3445 934 3498 coortos
953 3444 1013 3494 et
1031 3438 1090 3492 in
1117 3436 1406 3493 absurdae
1429 3431 1777 3505 cupiditates
1798 3438 2170 3501 erumpentes

514 3533 841 3597 refrenans,
872 3529 942 3584 ad
978 3524 1322 3598 aequabilem
1358 3526 1817 3594 temperaturam
1850 3520 2166 3576 revocabis.

510 3626 583 3680 Et
611 3618 908 3677 cantanda:
958 3632 1028 3672 ea:
1075 3615 1161 3670 his
1207 3613 1471 3668 minutim
1499 3612 1564 3679 ⁷⁸,
1602 3610 1705 3665 hoc
1753 3614 1863 3677 est,
1904 3609 2059 3681 quod
2109 3609 2166 3664 in

514 3711 715 3769 anima
742 3720 1021 3764 carneum
1048 3709 1159 3773 est,
1189 3715 1597 3770 crassumque,
1647 3703 1704 3754 et
1749 3698 2006 3754 materiae
2057 3699 2167 3754 im-

513 3814 797 3862 mersum,
846 3796 1180 3858 destruens,
1228 3791 1287 3846 id
1341 3791 1539 3863 ipsum
1590 3788 1894 3860 spirituale
1941 3789 2167 3844 efﬁcere

511 3887 802 3947 studebis.
834 3887 901 3940 Et
930 3886 1011 3940 ita
1035 3899 1202 3956 panes
1232 3889 1425 3937 contra
1455 3879 1832 3935 testimoni-um
1882 3880 1942 3932 in
1989 3881 2166 3934 taber-

510 3974 741 4046 naculo,
797 3975 955 4030 4οΒ
1015 3975 1162 4028 unde
1216 3973 1553 4026 innotescam
1610 3968 1712 4022 tibi
1765 3966 1892 4021 inde
1913 3966 1976 4020 ⁷⁸.
2017 3969 2163 4023 Cum

512 4066 671 4124 enim
702 4064 837 4138 quis
867 4064 940 4120 ad
983 4061 1296 4134 perfectam
1343 4057 1783 4130 permistionem
1817 4057 2162 4127 pervenerit,

510 4160 571 4212 et
601 4158 888 4212 contusus
921 4151 1125 4216 fuerit;
1162 4154 1287 4204 tum
1322 4147 1536 4218 dignus
1569 4145 1679 4199 erit
1709 4145 1808 4214 qui
1855 4143 1915 4197 in
1963 4148 2166 4199 sancta

511 4244 938 4308 introducatur,
972 4245 1148 4310 atque
1199 4237 1270 4292 ad
1318 4235 1416 4290 Dei
1466 4233 1857 4305 cognitionem
1907 4233 2160 4288 accedat.

508 4335 699 4387 Pones
724 4329 882 4386 enim
927 4344 1018 4393 ea,
1051 4325 1267 4396 inquit,
1301 4322 1501 4377 conira
1547 4320 1976 4387 testimonium,
2011 4323 2162 4378 unde

509 4417 877 4476 innotescam
907 4413 1016 4474 tibi
1056 4413 1211 4468 inde.
1251 4411 1370 4466 Hoc
1400 4414 1595 4465 autem
1634 4407 1995 4479 prohibitum
2029 4410 2160 4477 fuit,

574 4584 620 4622 ¹¹¹
651 4582 830 4641 Num.
861 4597 918 4652 ν,
946 4579 1035 4634 15.
1111 4577 1158 4614 ’³³
1194 4577 1371 4633 Exod.
1403 4593 1527 4645 xm,
1559 4575 1649 4632 34.
1725 4575 1771 4612 ⁷⁸
1797 4575 1943 4632 ibid.
2019 4578 2066 4614 ’³⁸
2093 4577 2239 4636 ibid.

579 4770 697 4843 (13)
724 4769 817 4843 ita
842 4784 994 4843 mss.
1018 4771 1290 4843 quatuor.
1339 4769 1478 4838 Reg.
1513 4764 1956 4843 tertius,_i;pc1iv.
1993 4767 2162 4843 Editi,

511 4838 808 4934 ἡμῖι-’Νθο
835 4841 928 4934 ιιι
951 4838 1142 4934 multa
1175 4845 1305 4934 ρΡὲ
1327 4838 1936 4934 ξιςςηυξιέετξξιξξϋξὶί,
1961 4839 2162 4934 δείξειν

511 4908 662 4986 αὐτῷ
688 4918 1012 4986 κεχρῆσθαι.
1034 4912 1147 4967 Alii
1175 4908 1297 4968 tres
1329 4908 1498 4976 ωδε..
1523 4908 1672 4980 αὐτῷ
1702 4914 1962 4982 χρῆσθαι.
1989 4911 2162 4978 Editi,

511 4985 662 5058 αὖτῷ
691 4985 789 5040 καῖ
814 4989 1076 5058 χρῆσθαι.

584 5050 696 5131 (14)
724 5050 1111 5131 Sic-quinque
1152 5070 1292 5131 mss.
1327 5055 1398 5107 At
1439 5051 1602 5131 editi,
1635 5050 1754 5131 ὄντι
1783 5050 2006 5131 οἲεσθαι.
2038 5056 2164 5108 Mox

512 5121 633 5185 tres
681 5121 1137 5184 ’ω88.’σόνθέσιν
1199 5121 1591 5196 διατεταχέναι.
1648 5123 1757 5177 Alii
1816 5125 1931 5178 duo
1991 5142 2160 5192 mss.,

510 5199 934 5275 προστεταχέναι
946 5240 959 5252 .

581 5273 692 5345 (15)
724 5262 823 5327 Ita‘
858 5287 1001 5345 mss.
1036 5262 1643 5345 ali_quot.__[_)eestfptr,ci
1692 5265 1771 5345 in.
1793 5267 1996 5345 editis:
2031 5267 2158 5345 Sta:

506 5330 615 5399 tim
648 5330 763 5399 duo
796 5359 938 5398 mss.
966 5330 1214 5412 Regii'et
1239 5337 1398 5404 Lxx,
1424 5330 1711 5410 χαλϐάνην
1745 5332 2158 5412 ﬂammans

505 5415 622 5472 duo
651 5413 968 5472 Colbertini
1005 5405 1262 5467 se'cunda
1296 5405 1475 5464 manu
1507 5414 1563 5463 et
1594 5405 1932 5472 recentiore,
1964 5405 2163 5477 ἠδυοσ-

507 5489 633 5560 ροῢι
667 5503 798 5560 qua
837 5502 942 5560 vox
993 5483 1043 5538 si
1079 5499 1214 5560 _non
1265 5482 1492 5547 melior,
1525 5484 1681 5560 certe
1731 5481 2162 5560 significantior

501 5549 611 5618 est.
648 5549 809 5616 H'aud
837 5557 1010 5628 longe
1039 5553 1267 5626 aliquot
1297 5569 1467 5623 mss.,
1492 5549 1559 5604 τὰ
1590 5549 1838 5622 σώματα.
1868 5551 2042 5609 Deest
2074 5570 2161 5608 ar-

502 5629 722 5689 ticulus
753 5632 814 5686 in
839 5627 1040 5687 editis.

577 5703 692 5784 (16)
721 5703 811 5760 Sic
842 5717 987 5760 mss.
1021 5713 1142 5760 sex.
1175 5695 1350 5769 Editi,
1381 5690 1534 5759 ἴσως.
1565 5697 1694 5769 Mox
1728 5693 1906 5752 iidem
1939 5694 2028 5752 illi
2059 5712 2160 5752 sex

2284 3345 2533 3407 ισώσεις,
2599 3346 2700 3400 Καὶ
2760 3347 3049 3423 συγκόψεις
3105 3348 3165 3403 ἐκ
3218 3349 3427 3405 τούτων
3487 3349 3705 3405 λεπτόνσ
3763 3372 3938 3407 τουτ-

2278 3434 2408 3505 έστι,
2458 3437 2818 3507 πνευματικὸν
2855 3443 3081 3506 ποιῆσαι
3132 3435 3549 3513 φιλοπονήσεις,
3601 3438 3932 3518 ἰξαφανίζων

2275 3529 2375 3592 τῆς
2405 3526 2591 3598 ψυχῆς
2619 3525 2682 3578 τὸ
2711 3531 2810 3594 τῆς
2841 3527 3045 3601 σαρχὸς
3075 3525 3226 3602 παχὺ
3256 3527 3346 3581 καὶ
3381 3525 3611 3590 ὑλῶδες.
3647 3529 3748 3585 Καὶ
3781 3530 3930 3586 οὕτω

2277 3612 2460 3681 θήσεις
2511 3610 2762 3667 ἀπέναντι
2835 3619 2932 3668 τοῦ
2990 3616 3287 3691 μαρτυρίου
3332 3613 3385 3671 έν
3442 3623 3510 3686 τῆ
3572 3617 3744 3692 σκηνῇ
3789 3621 3930 3694 (17),

2276 3699 2394 3754 ὅθεν
2429 3701 2816 3776 γνωσθήσομαί
2863 3724 2946 3758 σοι
3014 3703 3235 3761 ἐκεῖθεν.
3275 3707 3440 3763 ’Όταν
3494 3706 3594 3782 γὰρ
3643 3706 3926 3782 έγγένηται

2273 3790 2345 3860 τῇ
2389 3785 2604 3863 ἀκριϐεῖ
2664 3794 2938 3864 κοινωνίᾳ,
2989 3793 3078 3847 καὶ
3145 3793 3553 3865 ἀπολεπτυνθῆ,
3609 3797 3732 3850 τότε
3779 3795 3935 3870 ἄξιός

2275 3878 2385 3933 ἐστι
2433 3878 2768 3957 εἷσφέρεσθαι
2816 3881 2892 3943 εἷς
2936 3883 3003 3936 τὰ
3049 3885 3200 3958 ἅγια,
3248 3884 3335 3938 καὶ
3386 3887 3454 3960 τῇ
3483 3885 3670 3961 γνώσει
3699 3888 3768 3959 τῇ
3799 3888 3932 3964 περὶ

2275 3972 2409 4022 Θεοῦ
2477 3968 2876 4045 προσεγγίζειν.
2937 3973 3137 4041 Θήσεις
3185 3972 3286 4048 γὰρ
3355 3972 3513 4045 αὐτὰ,
3572 3972 3758 4049 φησὶν,
3816 3974 3928 4031 ἀπ-

2274 4055 2448 4111 έναντι
2521 4061 2618 4111 τοῦ
2721 4060 3022 4134 μαρτυρίου
3055 4103 3070 4128 ,
3165 4059 3280 4114 ὅθεν
3363 4061 3754 4136 γνωσθήσομαί
3835 4083 3929 4118 σοι

2274 4147 2486 4201 ἐκεῖθεν.
2542 4146 2612 4200 Τὸ
2662 4144 2719 4201 δὲ
2761 4151 3010 4202 τοιοῦτον
3041 4148 3409 4224 ἀπηγόρευται
3441 4151 3613 4222 ἑαυτῷ
3639 4172 3758 4206 τινα
3794 4173 3928 4207 ποι-

2273 4238 2348 4288 εῖν
2397 4233 2470 4297 είς
2519 4233 2840 4290 ἀπόλαυσιν·
2899 4238 3402 4311 τουτέστιν,γὲαυτῷ
3451 4240 3564 4313 (18)
3606 4239 3927 4319 ἐπιγράφειν

2269 4323 2337 4376 τὰ
2365 4325 2784 4398 κατορθώματα,
2816 4324 2941 4382 ἀλλ’
2975 4325 3061 4380 ἐπὶ
3090 4327 3181 4382 τὸν
3212 4329 3342 4383 Θεὸν
3373 4332 3481 4384 τῶν
3511 4327 3694 4385 καλῶν
3717 4330 3817 4398 τήν
3843 4331 3928 4384 αὶ-

2269 4411 2389 4468 τίαν
2412 4412 2644 4490 ἀνάγειν.
2669 4417 3011 4492 Τοιοῦτογῆν
3032 4415 3279 4492 θυμίαμα
3304 4415 3518 4480 Ηαῢλος
3536 4419 3564 4473 ὁ
3587 4416 3760 4495 λέγων
3782 4421 3928 4494 (19)·

2268 4581 2359 4636 36.
2435 4581 2480 4617 ’⁷³
2508 4582 2650 4638 ibid.

2278 4785 2446 4846 mss.)
2477 4769 2787 4846 Ἠνομένας,
2817 4771 2993 4840 Editi,
3021 4773 3335 4846 γενομένας.

2346 4789 2446 4837 ss.,
2477 4789 2787 4896 Evopsvac,
2821 4789 2993 4840 main,
3021 4789 3335 4846 γενομενας.

2346 4842 2638 4917 (l7)_g_diti
2670 4850 2726 4899 et
2779 4848 2916 4917 Reg.
2951 4847 3184 4913 tertius,
3213 4853 3316 4915 τῆς
3364 4852 3570 4917 σκηνῆς
3593 4851 3695 4916 τῆς
3721 4844 3934 4917 dinei:

2272 4917 2392 4993 γῆς.
2428 4913 2534 4993 Alii
2571 4920 2687 4970 tres
2716 4913 2889 4982 mea;
2908 4923 3011 4986 τῆς
3042 4913 3279 4988 σκηνῆς.
3293 4913 3556 4993 Denique
3584 4913 3701 4976 tres
3723 4913 3829 4978 alii
3856 4929 3930 4980 ut

2273 4992 2333 5038 in
2366 4992 2660 5041 contextu.

2342 5056 2454 5136 (18)
2486 5059 2725 5136 (lodices
2770 5057 3312 5136 tres,_&anyopsurat_
3357 5061 3534 5136 ἑαυτῷ
3579 5081 3698 5115 τινα
3732 5068 3933 5136 ,ποιεῖν

2273 5124 2357 5186 εἷς
2410 5124 3083 5204 ἀπόλαυσινητουτέστιῖ
3257 5129 3323 5200 δὴ
3383 5124 3575 5204 scorti).
3633 5135 3744 5190 Alli
3802 5143 3937 5194 tres

2273 5215 2439 5282 mss,
2493 5200 2903 5282 ὁιπαγορεόεται,
2953 5210 3084 5282 ϐίον
3122 5200 3439 5282 μιηευρηι.
3489 5200 3663 5282 Editi,
3711 5205 3934 5282 ἀπαγο-

2273 5267 2479 5343 ρεύεται
2512 5267 2702 5327 ἑαυτοῦ
2741 5293 2859 5327 τινα
2889 5267 3080 5328 ’ποιεῖν
3113 5267 3436 5343 ἀπόλαιῖσιν,
3466 5267 3740 5330 τουτέοτιν
3790 5267 3931 5332 δαυ-

2267 5343 2368 5411 τῷ.
2403 5344 2559 5399 Colb.
2589 5347 2809 5412 primus
2842 5348 2898 5401 in
2934 5347 3220 5421 margine.
3243 5365 3421 5404 manu
3457 5350 3693 5415 recenti,
3720 5349 3784 5402 οὐ
3819 5346 3936 5421 δεῖ,

2268 5429 2378 5540 son
2415 5426 2622 5486 oportet
2651 5434 2974 5490 quamquam
3020 5419 3131 5475 sibi
3173 5422 3446 5493 praetora
3489 5423 3745 5494 facinora
3795 5419 3933 5479 vin;

2315 5501 2484 5540 mare.

2315 5501 2484 5541 zcare.

2267 5558 2572 5702 “$133.1”
2628 5576 2768 5618 mss'
2811 5561 3076 5634 Plerique
3130 5580 3356 5623 omnes.
3387 5563 3564 5633 Editi,
3613 5563 3642 5617 ὁ
3690 5559 3933 5629 Παῦλος
