4100 6220
185 385 300 444 ΓΠ

1060 380 1468 444 COMMENT.
1516 382 1596 441 IN
1640 379 1916 442 ISAIAM
1959 380 2464 443 PROPHETAM.
2513 383 2683 443 CAP.
2729 382 2776 444 Ι.

3514 384 3630 446 1⁸18

184 516 438 589 Χριστοῦ
499 509 711 567 εὐωδία
771 509 1090 585 ὶσμὲνοκαὶ
1150 509 1355 567 πάλιν·
1390 509 1557 586 Χάρις
1609 512 1688 581 τῷ
1742 511 1858 579 Θεῷ

1981 515 2038 565 ut
2067 526 2139 566 ne
2171 512 2305 584 quis
2329 512 2438 568 sibi
2470 513 2773 586 quidpiam
2807 514 3097 586 ejusmodi
3128 515 3200 571 ad
3240 531 3415 572 usum
3447 532 3622 574 suum

182 607 268 674 τῷ
351 602 596 656 πάντοτε
680 594 1067 676 θριαμϐεύοντι
1140 603 1312 674 ἡμᾶς,
1382 601 1469 654 καὶ
1528 599 1628 668 τήν
1681 598 1856 670 ὀσμὴν

180 693 284 755 τῆς
317 692 594 765 γνώσεως
627 689 800 745 αὐτοῦ
830 692 1145 765 φανεροῦντι
1182 687 1234 744 ἐν
1266 690 1402 763 ἡμῖν
1439 689 1574 762 (20).

1972 600 2320 656 conﬁceret:
2353 601 2461 658 hoc
2491 607 2600 671 est,
2635 619 2704 658 ne
2737 603 2849 658 sibi
2881 603 2992 676 ipsi
3044 602 3322 676 prmolara
3365 604 3626 662 facinora

1972 688 2317 746 adscribet:
2380 692 2479 746 sed
2549 709 2616 747 ea
2672 694 2742 748 ad
2807 698 2986 749 Deum
3033 695 3323 750 bonorum
3381 710 3623 751 causam

178 781 424 837 referat.
457 780 601 836 Tale
625 785 756 836 erat
784 782 1114 854 thymiama
1139 779 1375 851 Paulus,
1409 779 1510 851 qui
1542 777 1804 834 dicebat:
1861 777 2070 832 Christi
2126 779 2304 834 bona:
2327 781 2460 837 odor
2489 797 2676 837 sumus
2705 783 2765 838 ⁷⁸.
2803 784 2873 838 Et
2904 799 3111 839 rursus
3137 799 3150 838 :
3199 784 3394 840 Gratia
3441 792 3625 842 autem

179 873 285 927 Deo
317 873 426 943 qui
451 886 683 939 semper
709 869 1019 941 triumphat
1050 885 1168 937 nos,
1201 874 1255 925 et
1286 869 1510 926 odorem
1535 868 1758 944 notitiae
1785 883 1901 922 sum
1928 867 2254 938 manifestat
2285 871 2342 924 in
2373 872 2528 926 nobis
2553 873 2617 927 ⁷⁷.

250 961 343 1016 3).
379 960 456 1013 Τὸ
489 955 551 1013 δὲ
584 958 895 1032 σωματικὸν
925 957 1192 1030 θυμίαμα,
1218 957 1308 1012 καὶ
1364 961 1484 1018 τοῖς
1536 956 1675 1010 κατά
1729 953 1855 1016 τοὺς

190 1055 486 1122 μυκτῆρας
543 1047 742 1122 πόροις
801 1045 1096 1119 ἰμπῖπτον,
1133 1045 1223 1101 καὶ
1273 1047 1373 1115 τὴν
1423 1043 1670 1114 αἴσθησιν
1725 1063 1858 1116 συγ-

181 1141 400 1207 κινοῦι,
443 1134 743 1213 βδέλυγμα
778 1140 859 1205 τῷ
919 1135 1195 1208 ἀσωμάτῳ
1245 1133 1470 1196 εἰκότως
1526 1132 1855 1205 νενόμισται.

179 1225 520 1299 Νουμηνίας
585 1223 648 1280 δὲ
706 1223 1016 1301 πρεπούσας
1067 1223 1310 1286 αἶωνίοις
1367 1219 1505 1279 ἔτεσι
1554 1222 1700 1297 παρά
1749 1225 1857 1275 τῶν

187 1321 431 1372 συνετῶν
465 1320 715 1378 νοεῖσθαι
749 1316 777 1368 6
810 1312 974 1388 λόγος
1011 1312 1266 1390 βούλεται
1289 1333 1302 1347 ο
1339 1311 1398 1368 οὗ
1455 1314 1557 1382 τῆν
1611 1309 1699 1366 διά
1753 1314 1859 1364 τῶν

185 1405 491 1478 τριάκοντα
526 1405 757 1478 ἡμερῶν
785 1409 889 1472 τῆς
947 1399 1184 1474 σελήνης
1215 1401 1670 1470 ἀπυκατάστασιν,
1705 1400 1862 1454 ἐπικα

184 1489 672 1568 ταλαμϐανούσης
733 1493 825 1546 τὸν
884 1491 1078 1563 ἥλιον,
1109 1492 1198 1547 καὶ
1251 1493 1418 1546 πάλιν
1466 1491 1859 1569 ἀφισταμένης.

185 1582 343 1640 Ἀλλ’
414 1579 618 1651 ἕπειδή
687 1583 749 1639 Ὁ
819 1580 1002 1657 ἄφρων
1074 1581 1148 1643 ὡς
1233 1579 1436 1652 σελήνη
1518 1578 1859 1646 ἀλλοιοῦται,

182 1675 276 1743 τήν
325 1674 479 1745 πρὸς
539 1672 606 1726 τὸ
653 1674 771 1748 φῶς
822 1667 1106 1740 ἐπάνοδον,
1142 1672 1275 1746 ὅπερ
1333 1670 1571 1744 ἐξέλιπεν
1618 1670 1646 1724 6
1678 1667 1859 1745 ἄφρων

181 1765 264 1817 καὶ
300 1763 412 1829 τὴν
445 1758 545 1815 ’διά
581 1761 871 1834 μετανοίας
920 1761 1033 1833 (21)
1083 1759 1160 1822 εἷς
1206 1760 1268 1814 τὸ
1317 1760 1548 1835 ἀρχαῖον
1591 1757 1861 1813 ἀποκατά-

188 1872 374 1906 στασιν
415 1850 624 1926 ἑορτήν
669 1850 920 1925 ἡγεῖσθαι
950 1849 1042 1903 τὸν
1077 1846 1410 1926 φιλάδελφον
1460 1849 1549 1903 καὶ
1599 1853 1854 1920 συμπαθῆ

186 1939 212 1992 6
241 1936 423 2012 λόγος
459 1935 751 2011 βούλεται·
788 1935 957 1990 οἱονεὶ
986 1935 1288 2008 νουμηνίαν
1318 1934 1464 2008 ἄγων
1518 1935 1618 2002 τὴν
1677 1932 1856 2006 ἀρχὴν

183 2031 282 2080 τοῦ
317 2027 372 2080 ἓν
409 2025 560 2104 φωτὶ
595 2025 742 2099 βίου·
776 2021 968 2092 ἐπειδὴ
1001 2021 1210 2094 ἐξέλιπε
1243 2024 1335 2097 μὲν
1366 2024 1428 2078 τὸ
1477 2027 1591 2100 φῶς
1629 2019 1717 2076 διὰ
1759 2021 1855 2088 τὴν

190 2115 267 2176 εἷς
300 2116 369 2169 τὸ
403 2119 606 2189 χεῖρον
655 2113 867 2189 τροπὴν
915 2115 1051 2186 (22),
1085 2109 1526 2188 ἃπαλινδρόμησε
1583 2108 1640 2166 δὲ
1691 2106 1857 2164 πάλιν
1892 2140 1898 2146 -

188 2205 323 2278 πρὸς
391 2203 540 2258 αὑτὸ
592 2199 684 2256 διὰ
738 2208 840 2271 τῆς
901 2199 1254 2279 ἐπιστροφῆς.
1285 2204 1439 2274 Ἑξῆς
1486 2200 1545 2255 ἂν
1595 2196 1679 2270 εἷή
1735 2198 1860 2271 περὶ

190 2298 292 2348 τῶν
329 2291 704 2367 μισουμένων
731 2285 1031 2346 Σαϐϐάτων
1067 2289 1235 2344 εἰπεῖν
1287 2291 1374 2360 τὸ,
1403 2291 1494 2358 Μὴ
1545 2287 1713 2365 αἴρειν
1765 2287 1858 2363 βά-

189 2404 436 2459 σταγμα,
470 2381 571 2437 καὶ
636 2382 713 2453 μὴ
756 2379 1063 2456 ἰξάρχεσθαι
1120 2379 1226 2434 ἀπὸ
1281 2383 1380 2434 τοῦ
1431 2380 1605 2434 τόπου
1660 2377 1857 2432 αὐτοῦ·

187 2473 298 2540 ul,
365 2473 466 2542 Μὴ
532 2469 709 2524 καίειν
766 2474 872 2546 πῦρ
932 2467 986 2524 ἐν
1037 2467 1180 2543 πάσῃ
1230 2467 1300 2544 τῇ
1356 2466 1606 2540 κατοικία
1660 2466 1856 2522 αὐτῶν·

187 2567 356 2616 ταῦτα
413 2562 481 2615 τὸ
545 2557 808 2614 ἀδύνατον
864 2558 940 2620 είς
994 2560 1225 2634 τήρησιν
1257 2557 1345 2613 καὶ
1379 2553 1576 2633 ἀκριϐῆ
1610 2554 1859 2631 φυλακὴν

194 2651 422 2705 αὐτόθεν
486 2648 842 2728 ἐμφαίνοντα,
905 2645 1160 2702 ὑπόδικον
1211 2652 1359 2702 ποιεῖ
1411 2649 1482 2721 τῇ
1524 2645 1728 2721 κατάρᾳ
1768 2644 1860 2698 τὸν

195 2744 548 2814 σωματικῶς
581 2737 870 2793 ἀκούοντα.
904 2738 995 2806 Μὴ
1026 2743 1286 2801 κινεῖσθαι
1334 2738 1436 2812 γὰρ
1483 2737 1588 2791 ἀπὸ
1627 2739 1724 2790 τοῦ
1770 2732 1862 2788 τό·

198 2850 302 2885 που
331 2830 664 2902 ἀμήχανον,
696 2826 786 2882 καὶ
817 2831 920 2882 πᾶν
971 2828 1032 2881 τὸ
1078 2825 1435 2901 ἐπαιρόμενον
1484 2825 1580 2880 κᾶν
1627 2822 1862 2902 ἐλαφρό-

195 2940 361 2974 τατον
462 2919 608 2991 (23),
644 2917 935 2992 βάσταγμα
977 2914 1211 2991 λέγεται,
1245 2916 1357 2970 οἷον
1411 2912 1650 2987 ἱμάτιον,
1682 2912 1717 2982 ἢ
1765 2909 1861 2987 ἅρ-

195 3030 316 3076 τος,
414 3028 468 3062 τι
502 3010 613 3061 τῶν
647 3005 974 3082 ἀναγκαίων.
1003 3001 1174 3062 Ἀλλά
1199 3003 1288 3059 καὶ
1319 3008 1427 3080 πῦρ
1457 3003 1626 3058 καίειν
1673 3001 1736 3056 οὐ
1782 3022 1865 3056 κε-

199 3097 348 3154 λεύει
379 3115 394 3128 ⁶
454 3095 762 3168 τουτέστιν,
813 3095 916 3150 ὑπὸ
971 3098 1078 3149 τῶν
1133 3095 1322 3148 παθῶν
1375 3097 1474 3159 τῆς
1530 3092 1724 3164 σαρκὸς
1784 3091 1860 3164 μὴ

2038 957 2128 1012 30.
2160 962 2233 1012 At
2263 975 2397 1014 vero
2451 959 2780 1030 thymiama
2809 961 3130 1034 corporale,
3183 963 3460 1034 quodque
3517 978 3622 1020 na-

1969 1044 2121 1100 rium
2182 1049 2473 1103 meatibus
2531 1049 2810 1118 illabitur,
2880 1054 2937 1105 et
2981 1067 3223 1107 sensum
3270 1057 3618 1122 commovet,

1969 1136 2344 1207 optimojure
2373 1138 2422 1193 ei
2473 1137 2572 1209 qui
2618 1139 3000 1212 incorporalis
3051 1145 3158 1211 est,
3211 1140 3481 1196 habitum
3529 1147 3621 1198 est

1971 1240 2073 1294 pro
2107 1225 2556 1282 abominatione.
2611 1227 2759 1293 Quin
2791 1234 2849 1284 et
2893 1229 3226 1286 neomenias
3274 1247 3401 1303 quin
3445 1231 3619 1286 annis

1970 1315 2200 1369 mternis
2239 1315 2427 1387 dignae
2460 1317 2600 1383 sint,
2645 1317 2766 1372 vult
2810 1318 3113 1390 Scriptura
3143 1337 3176 1375 a
3228 1319 3619 1389 prudentibus

1971 1402 2241 1474 intelligi,
2267 1421 2376 1458 non
2410 1411 2604 1460 autem
2638 1405 2788 1460 lunae
2819 1407 3125 1463 circuitum
3148 1407 3390 1480 triginta
3408 1408 3615 1465 diebus

1973 1497 2294 1563 peractum,
2326 1509 2458 1547 cum
2504 1495 2838 1564 assequitur
2881 1495 3084 1564 solem,
3116 1500 3173 1552 et
3202 1513 3408 1552 rursus
3456 1513 3518 1552 se
3542 1497 3614 1554 ab

1973 1596 2040 1635 eo
2070 1581 2397 1638 submovet.
2433 1582 2579 1646 Quia
2609 1600 2740 1639 vero
2783 1583 2994 1640 Stultus
3024 1589 3085 1640 ut
3115 1585 3249 1640 luna
3278 1589 3530 1640 mutatur
3544 1585 3612 1653 τε,

1972 1670 2265 1742 signiﬁcat
2293 1672 2590 1741 Scriptura
2634 1672 2792 1728 hunc
2839 1674 2912 1728 ad
2960 1673 3150 1729 lucem
3202 1674 3275 1729 ab
3306 1673 3619 1745 insipiente

1975 1761 2263 1814 desertam
2323 1761 2602 1828 reditum,
2647 1761 2915 1832 hancque
2963 1779 3066 1834 per
3115 1762 3514 1834 paenitentiam
3546 1763 3619 1818 ad

1971 1849 2283 1921 pristinum
2317 1854 2532 1904 statum
2567 1851 3146 1923 redintegrationem,
3169 1852 3221 1908 ei
3244 1853 3346 1925 qui
3368 1853 3617 1908 fratrum

1971 1937 2046 1993 sit
2075 1941 2304 1993 amator
2331 1956 2653 2010 eorumque
2699 1939 2959 1996 dolorem
3010 1941 3222 2010 doleat,
3255 1957 3360 1997 ceu
3400 1941 3614 1998 festum

1970 2028 2125 2082 diem
2157 2044 2305 2096 esse,
2338 2028 2577 2100 perinde
2608 2045 2673 2084 ac
2704 2029 2754 2086 si
2803 2030 3166 2086 neomeniam
3213 2030 3484 2100 celebret,
3526 2031 3615 2086 ni-

1975 2117 2184 2172 mirum
2218 2118 2348 2173 vitze
2378 2117 2434 2172 in
2466 2116 2595 2174 luce
2642 2119 2876 2191 agendis
2927 2119 3302 2191 principium.
3354 2124 3427 2177 At
3451 2125 3616 2194 post-

1973 2223 2149 2278 quam
2179 2206 2400 2262 stultus
2422 2206 2611 2263 lucem
2631 2225 2732 2279 per
2753 2224 2923 2264 suam
2946 2209 3016 2264 ad
3041 2209 3206 2281 pejus
3229 2210 3611 2266 mutationem

1975 2295 2318 2367 dereliquit:
2354 2313 2560 2351 rursus
2589 2312 2692 2367 per
2730 2298 3167 2353 conversionem
3201 2298 3271 2353 ad
3303 2299 3491 2370 ipsam
3524 2315 3620 2354 re-

1975 2385 2176 2440 currit.
2209 2385 2425 2440 Deinde
2471 2383 2615 2439 illud
2665 2385 2736 2440 de
2777 2384 3046 2441 Sabbatis
3076 2387 3208 2442 odio
3239 2387 3457 2443 habitis
3487 2387 3623 2445 licet

1976 2474 2201 2528 dicere:
2244 2474 2326 2528 Ne
2357 2475 2489 2546 quis
2513 2478 2704 2546 portet
2732 2474 3121 2543 sareinam,et
3150 2493 3221 2531 ne
3250 2481 3414 2533 exeat
3433 2494 3468 2533 a
3497 2476 3622 2534 loco
3735 2485 3754 2510 ‘

1971 2581 2078 2619 suo
2100 2564 2176 2618 7°:
2213 2571 2285 2630 et,
2328 2579 2399 2618 ne
2430 2562 2534 2617 ulli
2583 2564 2908 2619 accendant
2939 2566 3128 2637 ignem
3164 2565 3223 2619 in
3256 2566 3418 2620 omni
3450 2566 3622 2622 habi-

1977 2653 2206 2711 tatione
2230 2653 2440 2707 sua”:
2474 2652 2594 2707 haec
2625 2669 2758 2708 cum
2793 2669 2906 2708 non
2942 2652 3172 2726 possint
3217 2653 3536 2721 observari,
3564 2658 3623 2711 et

1971 2744 2166 2795 tamen
2200 2742 2524 2796 secundum
2558 2741 2742 2812 ipsam
2775 2741 3027 2798 litteram
3061 2741 3250 2813 palam
3275 2743 3353 2798 sit
3379 2758 3447 2798 ea
3493 2757 3623 2800 esse
3733 2735 3736 2742 ’

1973 2834 2242 2886 accurate
2287 2830 2666 2896 observanda,
2699 2847 2831 2886 eum
2866 2830 3068 2902 utique
3094 2832 3190 2901 qui
3235 2847 3304 2887 ea
3328 2831 3620 2903 corporali

1974 2935 2150 2974 sensu
2192 2917 2488 2988 intelligit,
2534 2918 2928 2974 maledictioni
2974 2919 3288 2975 obnoxium
3340 2921 3614 2978 reddunt.

1976 3008 2198 3063 Etenim
2235 3008 2356 3063 fieri
2380 3007 2604 3078 nequit,
2639 3011 2703 3062 ut
2732 3008 2864 3080 quis
2894 3024 2925 3063 ο
2953 3007 3078 3063 loco
3109 3025 3215 3064 suo
3249 3025 3363 3065 non
3395 3026 3618 3066 movea-

1974 3101 2106 3153 tur:
2143 3097 2280 3151 item
2317 3113 2490 3153 omne
2518 3096 2574 3151 id
2606 3098 2759 3168 quod
2806 3101 3086 3169 portatur,
3137 3098 3373 3154 tametsi
3419 3101 3510 3154 est
3536 3098 3626 3155 le-

202 3186 616 3266 ἆναφλᾶγεσθαι
645 3186 796 3258 (24)·
833 3185 912 3258 μή
956 3183 1196 3258 ἐπαίρειν
1246 3181 1303 3238 δὲ
1357 3183 1673 3259 βάσταγμα·
1719 3201 1863 3235 τουτ·

1981 3187 2312 3254 vissimum,
2345 3186 2575 3242 sarcina
2622 3186 2856 3255 dicitur,
2905 3186 3156 3258 exempli
3187 3203 3386 3253 causa,
3417 3188 3617 3260 vestis,

204 3278 344 3345 ἐστι,
398 3277 482 3350 μή
546 3279 624 3347 τῷ
682 3275 835 3351 βάρει
892 3279 991 3344 τῆς
1046 3272 1312 3348 ἁμαρτίας
1363 3269 1862 3350 καταφορτίζεσθαι,

198 3367 286 3423 καὶ
343 3373 456 3436 τῆς
515 3363 573 3419 ἐν
624 3369 740 3436 Θεῷ
797 3361 1062 3437 διαμονῆς
1120 3363 1196 3435 μὴ
1242 3360 1610 3436 μεθίστασθαι,
1651 3358 1866 3435 ἑδραῖον

201 3458 446 3530 μένοντα
479 3454 572 3509 καὶ
605 3451 1000 3526 ἀμετακίνητον
1035 3450 1086 3506 ἐν
1124 3455 1194 3525 τῇ
1242 3451 1440 3507 πίστει.
1471 3449 1623 3505 Οὕτω
1673 3447 1729 3504 δὲ
1775 3470 1864 3504 τε-

202 3545 500 3606 λειοῦν-τας
531 3544 599 3598 τὰ
630 3536 1027 3610 Σάϐϐατα,οὖκ
1071 3540 1123 3594 ἐν
1167 3544 1235 3615 τῇ
1283 3544 1390 3596 τῶν
1447 3544 1625 3595 κακῶν
1685 3537 1862 3615 ἀργίᾳ,

201 3633 332 3690 ἀλλ’
365 3633 424 3688 ἐν
454 3636 532 3706 τῇ
565 3634 753 3709 ἀποχῇ
782 3633 889 3687 τῶν
926 3630 1298 3703 καθηκόντων,
1329 3629 1552 3692 εἰκότως
1599 3629 1865 3702 ἀποστρέ-

203 3745 388 3802 aetat,
418 3722 515 3777 καὶ
560 3721 661 3777 οὐκ
714 3722 965 3796 ἀνέχεται
1023 3719 1197 3775 αὐτῶν
1251 3719 1325 3781 ὡς
1374 3716 1864 3792 ψευδῶν.Τοιαῦτα

201 3814 307 3888 γάρ
369 3810 479 3866 εἶσι
541 3812 653 3883 (25)
707 3810 778 3864 τὰ
831 3810 979 3882 παρὰ
1029 3813 1108 3880 τῷ
1155 3810 1416 3884 προφήτῃ
1465 3807 1865 3881 ταλανιζόμενα

207 3896 471 3956 Σάεὸατα
504 3918 520 3932 ⁸
581 3898 714 3954 Οὖαὶ
768 3899 818 3952 οἱ
865 3896 1157 3975 ἐγγίζοντες
1225 3897 1314 3951 καὶ
1391 3898 1443 3952 οἱ
1501 3897 1865 3974 ἐφαπτόμενοι

207 3988 426 4064 ψευδῶν
495 3983 821 4046 Σαὸϐἀτων.
881 3981 1134 4042 Σάϐϐατα
1193 3984 1250 4041 δε
1307 3985 1512 4058 ἀληθῆ,
1565 3989 1600 4057 ἡ
1649 3985 1867 4041 ἀποκει-

213 4082 348 4154 μένη
384 4079 688 4140 ἀνάπαυσις
713 4081 794 4150 τῷ
823 4075 944 4149 λαῷ
971 4081 1067 4131 τοῦ
1095 4079 1230 4132 Θεοῦ
1255 4094 1268 4106 ·
1303 4077 1436 4152 ἅπερ
1478 4072 1566 4130 διὰ
1609 4077 1672 4130 τὸ
1719 4075 1861 4146 ἀλη-

209 4172 333 4234 θινά
382 4168 525 4224 εἶναι
577 4169 827 4244 ἀνέχεται
860 4167 888 4222 6
934 4167 1085 4228 Θεός.
1122 4165 1222 4222 Καὶ
1273 4164 1455 4243 φθάνει
1505 4187 1564 4240 γε
1616 4163 1700 4220 ἐπ’
1728 4164 1865 4220 ἐκεῖ·

209 4281 273 4313 ἐτ
333 4258 403 4313 τὰ
463 4251 726 4312 Σάϐϐατα
801 4262 901 4324 τῆς
962 4255 1334 4324 ἀναπαύσεως,
1391 4255 1517 4329 παρ’
1568 4255 1612 4326 ᾦ
1671 4255 1700 4310 6
1757 4256 1868 4328 ('36)

209 4349 423 4419 κόσμος
453 4345 812 4420 ἐσταύρωται,
845 4344 1082 4406 ἀποστὰς
1116 4340 1374 4414 δηλονότι
1402 4347 1511 4398 τῶν
1567 4348 1866 4416 κοσμικῶν,

211 4439 302 4492 καὶ
357 4435 447 4490 ἐπὶ
511 4435 606 4490 τὸν
669 4430 806 4489 ἴδιον
863 4433 1030 4488 τόπον
1084 4439 1184 4502 τῆς
1212 4435 1581 4505 πνευματικῆς
1628 4431 1870 4487 ἀναπαύ-

1973 3276 2058 3331 vel
2091 3276 2286 3348 panis,
2318 3276 2405 3330 vel
2453 3275 2726 3346 quaelibet
2755 3292 2848 3331 res
2879 3274 3228 3331 necessaria.
3261 3277 3411 3340 Quin
3441 3276 3621 3334 etiam

1973 3366 2154 3436 jubet,
2195 3369 2259 3420 ut
2287 3382 2359 3420 ne
2389 3364 2585 3437 ignem
2617 3366 3035 3421 accenderent:
3088 3365 3195 3420 hoc
3229 3370 3339 3434 est,
3390 3382 3464 3423 ne
3489 3367 3624 3439 quis

1973 3455 2130 3510 sinat
2159 3470 2220 3510 se
2252 3471 2284 3509 a
2328 3454 2522 3510 carnis
2561 3453 2983 3526 cupiditatibus
3032 3455 3233 3510 exuri:
3297 3472 3505 3511 rursus
3553 3471 3624 3512 ne

1973 3543 2107 3614 quis
2136 3544 2301 3599 tollat
2322 3543 2638 3614 sarcinam,
2668 3543 2726 3598 id
2770 3547 2862 3600 est
2892 3548 2956 3598 ut
2985 3559 3056 3599 ne
3102 3545 3358 3616 pondere
3405 3544 3626 3615 peccati

1973 3635 2344 3704 degravetur,
2404 3649 2509 3688 nec
2556 3631 2616 3686 in
2662 3632 2779 3687 Deo
2839 3649 3179 3704 permanere
3220 3633 3622 3706 supersedeat,

1973 3723 2070 3780 sed
2101 3721 2726 3793 ﬁrmusimmotusque
2754 3720 2812 3776 in
2845 3721 2959 3776 fide
2989 3726 3337 3792 perseveret.
3371 3722 3628 3779 Sabbata

1973 3817 2168 3868 autem
2199 3810 2298 3880 qui
2331 3809 2415 3864 sic
2447 3809 2779 3880 perﬁciunt,
2813 3827 2926 3865 non
2959 3813 3026 3866 ut
3057 3809 3129 3865 ab
3169 3810 3454 3883 improbis
3484 3826 3620 3882 ope-

1973 3901 2137 3957 ribus
2186 3897 2492 3963 desistant,
2517 3897 2616 3952 sed
2651 3902 2716 3952 ut
2756 3897 3089 3953 abstineant
3120 3897 3545 3970 disceduntque
3588 3915 3622 3952 a

1973 4006 2080 4046 suo
2111 3987 2324 4053 officio,
2374 3987 2482 4041 bos
2531 3985 2737 4041 merito
2792 3990 3096 4041 aversatur
3143 3990 3314 4057 Deus,
3347 4003 3454 4044 nec
3493 3987 3624 4059 ipsa

1975 4078 2230 4135 Sabbata
2260 4076 2469 4130 tolerat
2499 4080 2778 4146 tanquam
2807 4075 3115 4130 mendacia
3149 4079 3206 4130 et
3233 4074 3400 4130 falsa.
3433 4075 3629 4133 Enim'

1977 4183 2112 4222 vero
2142 4165 2428 4220 deﬂentur
2458 4181 2490 4218 a
2530 4163 2816 4236 propheta
2860 4164 3151 4234 ejusmodi
3202 4163 3458 4222 Sabbata
3489 4183 3506 4222 :
3541 4165 3626 4224 Vas

1978 4258 2074 4329 qui
2103 4257 2549 4326 appropinquant
2577 4261 2633 4308 et
2657 4254 2942 4323 attingunt
2973 4251 3208 4309 Sabbata
3235 4253 3527 4311 mendacia
3542 4254 3585 4292 ⁸³
3611 4255 3624 4311 ί

1980 4343 2248 4416 Seposita
2281 4347 2472 4398 autem
2531 4341 2629 4396 Dei
2658 4341 2872 4412 populo
2917 4340 3151 4407 requies
3198 4341 3451 4398 Sabbata
3495 4357 3633 4400 vera

1980 4438 2140 4502 sunt,
2176 4449 2301 4504 quas
2350 4433 2504 4503 quod
2537 4447 2672 4486 vera
2721 4431 2862 4499 sint,
2913 4435 3080 4502 grata
3125 4430 3302 4488 habet
3347 4431 3524 4490 Deus.
3562 4432 3633 4488 Et

213 4547 350 4588 σεως
381 4525 750 4595 καταντήσας,
781 4521 832 4578 ἰν
884 4523 964 4585 οἷς
1010 4523 1038 4577 6
1083 4521 1374 4597 γενόμενος
1419 4520 1596 4576 οὗκὲτι
1646 4523 1863 4592 κινηθή-

1981 4526 2138 4579 certe
2162 4521 2254 4576 cui
2273 4522 2532 4576 mundus
2553 4520 2865 4575 crucifixus
2885 4520 3048 4589 esl,is
3081 4520 3151 4576 ad
3176 4520 3278 4576 illa
3299 4521 3630 4593 epiritualis

215 4636 360 4670 σεται
410 4613 527 4669 ἀπὸ
564 4616 662 4667 τοῦ
709 4609 849 4667 ἲδίου
900 4610 1094 4682 τόπου,
1152 4609 1387 4685 ἡσυχίας
1439 4611 1527 4665 καὶ
1588 4608 1870 4686 ἀταραξίας

214 4704 335 4778 περὶ
388 4705 494 4771 τὴν
554 4700 875 4756 κατάστασιν
927 4698 1139 4768 ἐκείνην
1199 4697 1579 4774 ὑπαρχούσης.
1611 4701 1709 4752 Καὶ
1763 4703 1869 4776 πῦρ

285 4823 331 4858 ⁷⁸
363 4823 415 4878 ΙΙ
445 4823 583 4879 Cor.
615 4837 680 4890 ιι,
715 4821 800 4877 15.
878 4818 1093 4886 "ibid.
1121 4818 1206 4874 14.

280 4944 402 5013 (20)
437 4940 604 5013 Editi
653 4957 788 4997 cum
846 4939 1036 4996 tribus
1067 4955 1234 5007 mss.,
1268 4935 1321 4992 ἐν
1377 4939 1537 5012 ἡμῖν.
1596 4938 1709 4994 Alii
1755 4942 1876 4995 tres
1983 4936 2071 5013 xui

215 5010 510 5070 omittunt
539 5010 617 5067 ἑν.

283 5087 396 5157 (21)
430 5085 610 5158 Bditi,
630 5079 1101 5158 Δἀλλοιοῦταιτῆν
1127 5080 1264 5153 πρὸς
1292 5080 1373 5158 τὸ,
1391 5077 1494 5141 ἃ)ςέ
1541 5076 1814 5158 φπάνοδον
1846 5079 1874 5132 6

213 5149 422 5240 ξῖρωιὲ,
582 5149 682 5240 τῆν
718 5149 809 5240 δξὰ
837 5149 1181 5240 ἡμετάνοξρνί
1221 5153 1376 5240 quod
1411 5149 1563 5208 cum'
1597 5152 1872 5207 vitiosum

213 5170 422 5240 ἄφρων,
455 5170 551 5210 καί
582 5170 682 5222 τῆν
718 5170 809 5207 οια
857 5170 1164 5237 μετανοιαν·
1221 5170 1376 5276 quoa
1411 5170 1542 5208 cum
1597 5170 1872 5207 vmcsum

213 5237 311 5306 sit.
346 5229 590 5306 putavit
612 5227 1003 5306 Combeﬁsius
1032 5223 1202 5306 illud,
1263 5243 1502 5306 _acppwv,
1535 5239 1872 5306 expuugen-

212 5296 544 5364 dum'esse,
576 5305 863 5371 tanquam
893 5297 1090 5371 inepte
1119 5296 1454 5371 repetitum,
1487 5301 1560 5371 _ct
1591 5296 1873 5371 explendo

215 5377 412 5430 sensui
447 5393 486 5430 a
515 5367 829 5429 Tilma—nno
860 5368 1149 5424 additum.
1198 5369 1307 5423 Sed
1338 5369 1429 5422 vir
1467 5367 1673 5423 doctus
1706 5367 1876 5423 aliter

219 5447 561 5512 indicasset,
586 5445 637 5500 si
666 5443 901 5499 codices
922 5457 1062 5495 suos
1083 5439 1319 5512 legisset
1341 5440 1708 5505 attentius,in
1743 5438 1870 5510 qui-

254 5456 561 5512 :dicasaet,
586 5462 637 5500 ει
666 5456 901 5499 coalces
922 5457 1062 5495 suos
1083 5456 1319 5567 legisset
1341 5456 1708 5505 attenuus,1n
1743 5456 1867 5510 qun-

254 5536 346 5587 ns,
383 5524 444 5575 et
477 5519 537 5572 in
571 5517 706 5572 aliis
741 5519 1015 5587 quatuor,
1047 5513 1129 5587 ita
1181 5512 1392 5587 agitur,
1425 5514 1510 5587 uti
1553 5511 1867 5587 edidimus.

283 5581 397 5663 (22)
429 5589 676 5670 Codices
697 5581 843 5670 tg'es,
856 5581 1154 5670 thxtipm
1196 5581 1392 5670 pinrﬁv:
1442 5584 1568 5670 lege
1607 5582 1718 5670 τάν
1745 5587 1871 5670 Μρχ

221 5653 331 5718 tres
359 5653 529 5729 mss.,
565 5660 688 5730 ἑξῆς
725 5656 808 5713 ἄν.
856 5653 1173 5730 Εᾴἱιῖουςο
1196 5653 1349 5727 Ἠοκ.
1380 5653 1572 5730 tertio,
1605 5653 1654 5727 ἐξ
1685 5653 1753 5721 ἦς
1784 5653 1868 5710 ἄν.

227 5733 483 5795 Subinde
511 5726 845 5800 tre-emas"
875 5726 1054 5809 φίριιν
1107 5726 1413 5806 βάσταγμα.
1448 5726 1668 5789 Ibidem
1699 5742 1871 5798 mss.,

1984 4609 2263 4682 requietis
2293 4610 2540 4664 Sabbata
2572 4609 2855 4681 pervenit,
2881 4625 3014 4664 cum
3043 4627 3077 4664 a
3106 4610 3281 4665 rebus
3312 4611 3630 4668 mundanis

1985 4700 2315 4766 recesserit,
2348 4703 2520 4771 atque
2551 4700 2620 4754 ad
2660 4698 2961 4770 proprium
2995 4699 3148 4754 404
3190 4698 3404 4771 quietis
3433 4700 3626 4757 locum

1284 4818 1328 4853 ⁷⁸
1367 4817 1542 4877 Eccli.
1575 4834 1751 4891 xxvu,
1787 4819 1863 4873 12.

1981 4820 1994 4854 ³
2031 4818 2209 4874 Exod.
2241 4833 2407 4886 xxxv,
2428 4817 2482 4874 3.
2541 4816 2588 4850 ⁸ο
2614 4816 2828 4872 Jercm.
2862 4832 3001 4883 xvu,
3041 4816 3130 4872 27.
3185 4817 3230 4854 "
3261 4821 3444 4876 Amos
3470 4835 3550 4891 vx,
3571 4820 3627 4876 3.

2110 4937 2186 5010 μὴ
2219 4934 2559 5010 ζξέρχεσθαι.
2579 4935 2750 4991 Deest
2778 4932 2865 5010 καί
2895 4934 2953 5010 in
2969 4935 3178 5010 editis.

2076 5004 2167 5081 23)
2190 5004 2282 5064 Sic
2302 5004 2455 5081 mss.
2489 5007 2731 5080 aliquot.
2762 5005 2947 5081 E_diti,_

2080 5075 2170 5166 24)
2203 5081 2286 5166 ita
2315 5075 3442 5166 ουὶοᾳυθἠξδε;,Αῐ.οὰἱῒὶ,ἀναφέρεσθαι,
3472 5083 3630 5166 haud

1984 5148 2160 5226 recte;
2191 5148 2502 5226 Aliquanto
2536 5154 2666 5226 post
2696 5148 3076 5226 aliqui_mss.,
3101 5148 3158 5226 _lv
3177 5148 3248 5226 τῇ
3279 5148 3458 5209 πίστέι
3488 5153 3631 5211 οὕτω

1980 5220 2316 5281 τελοῦντας.-
2331 5224 2503 5279 Deest
2533 5220 2585 5276 ἐν
2620 5223 2676 5276 in
2715 5220 2947 5278 excusis
2980 5223 3168 5279 libris.

2055 5297 2165 5364 (25)
2197 5295 2431 5363 Aliquot
2478 5311 2642 5360 mss.,
2689 5291 2819 5349 ἐστι.
2866 5297 2995 5349 Mox
3042 5295 3286 5351 nonnuli
3339 5312 3508 5362 mss.,
3539 5295 3629 5364 καὶ

1982 5365 2034 5442 gi
2065 5362 2390 5442 tequgm
2424 5366 2474 5442 at
2510 5370 2565 5442 in
2590 5367 2785 5421 editis.
2808 5368 3032 5442 _Statim
3067 5368 3249 5440 aliqui
3283 5385 3450 5436 mss.,
3484 5362 3626 5423 Σάϐ-

1983 5431 2470 5522 ϐαταὴδὶῇἀληθινᾶ
2499 5438 2916 5522 ήὶπροκειμὲνμη,
2947 5431 3223 5522 proposita
3252 5431 3485 5522 requie}.

2056 5511 2167 5583 (26)
2197 5511 2287 5566 Sic
2333 5510 2598 5566 nonnulli
2650 5527 2793 5566 mss.
2838 5510 3093 5583 Abestfé
3124 5512 3196 5567 ab
3240 5510 3432 5568 editis.
3469 5511 3628 5583 Alter

1981 5579 2262 5670 (gemmati,
2294 5583 2440 5657 παρὰ
2482 5583 2530 5637 ὁ.
2585 5588 2701 5639 Hoc
2743 5583 2870 5654 ipso
2921 5582 2981 5637 in
3032 5582 3157 5639 loco
3189 5584 3303 5639 duo
3334 5600 3502 5649 mss.,
3534 5581 3624 5636 καὶ

1979 5671 2236 5715 αποστας.
