4100 6220
210 400 318 462 181

1093 398 1497 464 COMMENT.
1544 400 1622 460 IN
1669 400 1942 464 ISAIAM
1984 402 2492 466 PROPHETAM.
2538 403 2710 467 CAP.
2756 405 2807 466 Ι.

3534 407 3651 472 182

207 531 492 609 στροφαῖς,
526 529 616 586 καὶ
646 533 719 605 τῇ
752 531 892 606 πρὸς
945 528 1072 594 τοὺς
1121 530 1353 606 ὠφελεῖν
1401 529 1731 604 δυναμένους
1763 554 1885 587 συν-

2001 550 2228 608 gressu,
2255 535 2355 608 qui
2388 553 2522 592 cum
2547 537 2638 593 his
2661 537 2760 611 qui
2783 539 3062 611 prodesse
3085 542 3336 611 possunt
3357 538 3644 600 habetur:

208 622 394 693 ουονίᾳ⁹
452 618 597 676 ὥστε
649 620 714 674 τὸ
769 619 908 675 κατᾶ
961 621 1028 674 τὰ
1090 621 1357 696 βρώματα
1408 621 1884 695 παρακολοῦθημα

209 712 347 767 εἶναι
397 717 504 780 τῆς
555 711 860 781 ἀσκήσεως.
915 712 990 765 Τὰ
1044 707 1232 766 πολλὰ
1292 712 1388 785 μὲν
1444 710 1535 766 οὖν
1593 711 1729 767 κατᾶ
1755 716 1880 767 νοῦν

209 802 566 876 ἐνεργοῦντος
621 804 719 855 τοῦ
778 797 1094 869 σπουδαίου,
1123 800 1213 854 καὶ
1263 802 1386 878 περὶ
1437 802 1539 870 τὴν
1585 805 1686 866 τῆς
1738 800 1881 872 ἀλη-

212 891 358 953 θείας
393 892 572 966 θήραν
625 889 1024 964 ἆσχολακότος,
1058 888 1305 966 ὀλιγάκις
1359 887 1414 945 δὲ
1463 889 1602 967 πρός
1631 892 1730 960 τὴν
1760 890 1880 946 ἐπι-

210 979 440 1055 μέλειαν
470 986 576 1050 τῆς
607 979 803 1055 σαρκὸς
849 975 1292 1049 καταϐαίνοντος,
1340 980 1461 1036 τῖτα
1515 981 1648 1054 μετά
1675 980 1737 1035 τὸ
1769 979 1881 1035 λειο

209 1077 518 1144 τουργῆσαι
568 1069 636 1122 τὰ
695 1069 956 1146 ἀναγκαῖα
1004 1073 1083 1141 τῷ
1140 1068 1374 1143 σώματι,
1426 1069 1485 1125 ἐκ
1539 1073 1648 1125 τῶν
1697 1069 1880 1125 ἐπιτυ-

206 1159 430 1236 χόντων
525 1157 998 1235 ἀπραγματεύτως
1070 1155 1453 1232 διαιτώμενον,
1508 1158 1667 1222 εὐθὺς
1745 1159 1882 1214 ἀπο-

204 1247 501 1319 πηδῶντος
549 1253 653 1318 τῆς
701 1246 971 1324 ἀσχολίας
1003 1252 1112 1302 τῶν
1171 1246 1488 1326 ἀνωφελῶν,
1541 1247 1631 1302 καὶ
1665 1247 1740 1310 είς
1779 1249 1877 1318 τὴν

202 1336 640 1414 προηγουμένην
675 1337 867 1392 ἑαυτοῦ
900 1338 1042 1406 ζωὴν
1076 1336 1492 1413 ἀνατρέχοντος.
1525 1338 1588 1395 Ἡ
1629 1336 1733 1412 γὰρ
1764 1358 1878 1392 τοι-

205 1427 339 1495 αύτη
608 1433 779 1481 πᾶσαν
813 1427 1093 1505 ἀφορμὴν,
1141 1423 1213 1480 δι’
1266 1429 1332 1495 ἧς
1376 1425 1625 1502 τρᾶφεται
1651 1427 1713 1481 τὸ
1743 1428 1878 1504 φρό-

202 1537 353 1589 νημα
411 1518 520 1584 τῆς
600 1516 820 1591 σαρκὸς,
888 1513 1106 1587 ίξαίρει,
1164 1514 1238 1576 ὡς
1317 1514 1513 1587 μηκέτι
1585 1512 1880 1570 καταδυνα-

206 1605 410 1662 στεύειν
450 1609 558 1660 τοῦ
606 1605 942 1678 πνεύματος,
1007 1601 1148 1677 μηδὲ
1194 1608 1373 1659 ποιεῖν
1431 1603 1496 1658 τὰ
1547 1604 1722 1658 οίκεῖα
1751 1599 1883 1679 ἔργα

210 1698 304 1765 τῆν
365 1694 572 1768 σάρκα,
605 1691 888 1770 πορνείαν,
941 1691 1293 1768 ἀκαθαρσίαν,
1351 1693 1548 1763 πάθος,
1598 1692 1883 1766 ἐπιθυμίαν

208 1789 406 1857 κακήν.
433 1784 832 1862 Νεκρώσάντες
1047 1782 1136 1838 οὖν
1170 1783 1372 1839 ἑαυτῶν
1412 1782 1478 1837 τὰ
1525 1781 1666 1857 μὲλη
1698 1783 1764 1839 τὰ
1794 1783 1881 1838 ἐπὶ

210 1886 310 1948 τῆς
364 1882 499 1952 γῆς,
562 1878 652 1932 καὶ
708 1875 798 1931 διὰ
874 1874 1052 1950 λόγων
1121 1874 1532 1948 ἐπιπληκτικων
1589 1875 1882 1932 καταπελ-

212 1967 429 2023 λόντων
458 1967 531 2021 τὰ
561 1967 734 2037 πάθη,
766 1965 856 2020 καὶ
911 1962 1004 2020 διὰ
1026 1971 1125 2035 τῆς
1174 1965 1392 2042 ἀποχῆς
1431 1970 1536 2020 τῶν
1576 1965 1881 2042 βρωμάτων

211 2056 609 2129 νηστεύσωμεν
667 2053 918 2126 νηστείαν
997 2051 1189 2124 δεκτήν
1270 2054 1552 2130 είιάρεστον
1628 2059 1708 2127 τῷ
1780 2061 1882 2109 Κυ-

1992 623 2074 680 ita
2107 630 2172 680 ut
2205 625 2325 681 haec
2355 626 2619 682 ciborum
2669 628 3025 684 abstinentia
3073 628 3236 701 pium
3286 629 3415 685 vitae
3460 645 3646 703 genus

1994 715 2326 770 comitetur.
2365 717 2566 787 Itaque
2620 717 2732 771 viri
2791 718 2954 789 probi
3001 721 3091 774 est
3141 717 3328 776 multa
3357 718 3417 775 in
3451 721 3647 777 mente

1991 819 2244 872 versare,
2293 809 2468 877 atque
2521 806 2748 862 veritati
2809 808 3155 880 indagandos
3206 825 3444 882 operam
3485 810 3642 879 dare,

1992 896 2048 948 et
2080 911 2210 949 raro
2243 895 2312 949 ad
2345 895 2538 950 carnis
2582 911 2783 951 curam
2826 897 3219 966 descendere;
3253 899 3464 955 deinde
3493 902 3649 972 post-

1994 999 2170 1054 quam
2196 984 2422 1056 corpori
2447 985 2920 1042 subministravit
2942 987 3271 1044 necessaria
3300 987 3515 1044 vilibus
3537 987 3644 1044 ali-

1995 1072 2208 1128 mentis
2263 1073 2424 1129 nullo
2473 1075 2704 1146 negotio
2762 1077 3042 1147 parandis
3100 1093 3379 1146 vescens;
3433 1093 3645 1152 repen-

1993 1161 2115 1216 tino
2149 1179 2182 1216 a
2227 1179 2424 1218 rerum
2471 1163 2771 1220 inutilium
2820 1165 3204 1238 occupatione
3251 1182 3381 1222 sese
3410 1169 3643 1226 subtra-

1993 1250 2101 1320 hit,
2134 1255 2190 1306 et
2223 1252 2294 1306 ad
2343 1252 2658 1324 pristinum
2713 1253 2843 1310 vitae
2875 1271 3062 1327 genus
3109 1256 3384 1312 occurrit.
3416 1257 3644 1313 Etenim

1993 1339 2103 1395 hoc
2130 1341 2262 1396 vitae
2292 1357 2479 1413 genus
2527 1343 2892 1399 occasionem
2944 1360 3176 1400 omnem
3230 1362 3261 1400 e
3293 1345 3487 1400 medio
3533 1346 3644 1402 tol-
3711 1397 3714 1400 .

1992 1428 2082 1501 lit,
2137 1446 2254 1501 qua
2307 1430 2500 1486 carnis
2543 1432 2700 1489 405
2757 1431 3050 1487 nutriatur
3094 1433 3461 1505 petulantia:
3499 1435 3644 1492 adeo

1992 1525 2059 1573 ut
2114 1536 2227 1574 non
2287 1519 2546 1592 amplius
2602 1520 2660 1575 in
2714 1520 2988 1593 spiritum
3047 1527 3312 1579 exerceat
3370 1523 3640 1598 tyranni-

1993 1608 2151 1675 dem,
2211 1625 2403 1680 neque
2458 1625 2592 1664 caro
2650 1626 2826 1680 opera
2893 1610 3006 1666 sibi
3064 1611 3302 1684 propria
3357 1613 3639 1684 perficiat,

1993 1696 2436 1752 fornicationem
2465 1739 2478 1763 ,
2532 1698 2995 1765 immunditiam,
3047 1699 3376 1766 libidinem,
3425 1717 3642 1758 concu-

1992 1785 2340 1857 piscentiam
2374 1785 2589 1842 malam
2610 1789 2674 1842 '9.
2707 1788 2918 1844 Nostra
2948 1789 3131 1861 igitur
3158 1789 3422 1862 ipsorum
3454 1806 3642 1847 mem-

1998 1873 2103 1928 bra
2152 1891 2279 1945 qua:
2335 1880 2474 1930 sunt
2530 1893 2708 1949 super
2751 1882 2992 1944 terram,
3044 1879 3641 1953 mortiﬁcantes,per-

1997 1978 2110 2034 que
2141 1979 2442 2020 sermones
2487 1965 2913 2038 objurgatorios
2963 1967 3062 2039 qui
3093 1967 3448 2040 cupiditates
3478 1985 3643 2026 coer-

1995 2056 2184 2119 ceant,
2229 2069 2295 2108 ac
2345 2070 2446 2124 per
2495 2054 2758 2110 ciborum
2808 2056 3248 2124 abstinentiam,
3299 2057 3643 2130 jejunemus

215 2145 318 2221 ρίῳ
529 2146 684 2201 Ἔστι
716 2146 813 2217 μὲν
846 2141 938 2198 οὖν
989 2143 1078 2198 καὶ
1129 2146 1164 2213 ἡ
1214 2143 1403 2220 ἀποχή
1432 2145 1541 2199 τῶν
1579 2144 1885 2220 βρωμάτων

1995 2142 2282 2213 jejunium
2344 2144 2592 2200 Domino
2653 2149 2953 2218 acceptum
3013 2151 3385 2220 gratumque.
3439 2149 3640 2204 Enim-

213 2234 506 2302 κωλυτική
556 2239 663 2288 τῶν
715 2232 852 2287 κατὰ
899 2233 1131 2308 γαστέρα
1187 2232 1436 2306 ὀρέξεων,
1479 2232 1570 2287 καὶ
1621 2237 1726 2287 τῶν
1781 2233 1885 2288 ὑπὸ

212 2324 474 2399 γαστέρα.
503 2323 604 2380 Καὶ
633 2323 663 2376 6
694 2321 998 2399 φιλόπονος
1029 2318 1087 2376 δὲ
1134 2320 1432 2398 χρησίμως
1467 2321 1682 2386 τούτοις
1711 2320 1882 2377 ἐνδια-

213 2414 416 2488 τρίψει,
452 2411 604 2488 ἔχων
655 2408 963 2486 ὑπόδειγμα
1189 2411 1282 2466 τὸν
1343 2410 1536 2467 Ἠλίου
1595 2412 1739 2487 βίον,
1792 2412 1883 2467 τὸν

219 2503 495 2575 Μωσέως,
550 2503 644 2557 τὸν
719 2499 947 2574 Δανιὴλ,
1010 2501 1103 2556 τὸν
1158 2500 1431 2570 Ἰωάννου,
1489 2501 1579 2556 καὶ
1631 2502 1722 2556 τὸν
1777 2505 1882 2556 τῶν

227 2596 441 2647 Acir:th
492 2591 683 2666 ἀγίων,
713 2595 809 2644 Ὧν
845 2589 946 2645 οὐκ
998 2589 1067 2658 ἦν
1127 2588 1273 2660 ἄξιος
1332 2591 1361 2644 6
1417 2589 1646 2663 κόσμος,
1705 2589 1758 2644 οἳ
1786 2611 1881 2645 πε-

224 2681 457 2758 ριῆλθον
523 2679 576 2736 ἰν
642 2679 949 2754 μηλωταῖς,
1010 2677 1063 2734 ἐν
1119 2678 1344 2756 αἰγείοις
1401 2677 1682 2755 δέρμασιν,
1735 2680 1885 2734 ὑστε-

222 2771 515 2846 ρούμενοι,
591 2763 936 2842 θλιϐόμενοι,
995 2768 1458 2843 κακουχούμενοι.
1518 2765 1675 2824 Ἀλλ’
1733 2766 1884 2823 οὔπω

218 2864 278 2917 τὸ
312 2860 365 2915 ἰν
395 2861 594 2935 ἀποχῇ
650 2858 956 2935 βρωμάτων
994 2855 1232 2928 εὔτονον,
1267 2859 1447 2914 ἱκανὸν
1477 2857 1551 2920 εἷς
1578 2855 1883 2926 τελείωσιν,

219 2951 307 3007 liv
344 2952 425 3024 μὴ
457 2951 551 3004 καὶ
584 2952 619 3018 ἡ
654 2949 808 3023 ψυχὴ
843 2947 895 3002 ἐν
923 2945 1175 3002 παντελεῖ
1221 2947 1408 3022 ἀποχῇ
1443 2953 1550 3001 τῶν
1579 2947 1882 3025 τρεφόντων

216 3039 412 3096 κακίαν
447 3039 701 3113 ὑπάρχῃ.
732 3039 935 3113 Ὠσπερ
982 3036 1084 3113 γὰρ
1136 3033 1364 3098 διπλοῦς
1420 3037 1448 3091 6
1495 3037 1794 3110 ἅνθρωπος,
1827 3036 1886 3091 ἐκ

214 3135 363 3206 ψυχς
426 3127 697 3189 συνεστὼς
755 3127 848 3181 καὶ
904 3127 1180 3200 σώματος’
1232 3124 1374 3180 οὕτω
1430 3125 1521 3180 καὶ
1577 3126 1632 3180 αἱ
1687 3126 1882 3201 τροφαὶ

215 3217 438 3287 διπλαὶ,
468 3214 820 3288 κατάλληλοι
869 3219 938 3290 τῇ
982 3216 1240 3290 ἓκατέρου
1290 3215 1538 3270 συστάσει
1583 3213 1880 3290 τυγχάνουο

211 3331 326 3378 σαι,
380 3273 742 3382 εόιτονώτερον
792 3273 928 3381 πρὸς
971 3304 1067 3367 τὰς
1119 3273 1322 3368 όίκείας
1365 3303 1631 3381 ἐνεργεῖας
1679 3304 1875 3360 ἀποτεσι
1911 3273 1954 3340 C

209 3399 380 3457 λοῦσι
411 3397 475 3452 τὸ
649 3395 1003 3472 τρεφόμενον.
1053 3396 1254 3468 ’Ὠσπερ
1302 3392 1406 3468 γὰρ
1436 3391 1488 3448 ἐν
1538 3398 1651 3455 τοῖς
1685 3413 1884 3468 γυμνα-

214 3488 433 3550 στικῶς
484 3486 543 3540 αὶ
573 3483 866 3555 ἀθλητικαὶ
921 3484 1116 3559 τροφαὶ
1168 3481 1301 3557 μετὰ
1344 3486 1452 3537 τῶν
1510 3481 1878 3553 καταλλήλων

213 3575 551 3654 γυμνασίων
628 3579 745 3636 τοῖς
824 3574 1038 3647 σώμασι
1087 3573 1514 3648 προσαγόμεναι,
1565 3573 1686 3626 ὅσον
1728 3593 1884 3626 κατα-

215 3671 561 3744 κρατοῦνται
619 3662 724 3719 ὑπὸ
796 3671 898 3733 τῆς
969 3667 1078 3718 τῶν
1151 3663 1500 3741 τρεφομένων
1577 3660 1880 3735 δυνάμεως,

215 3760 488 3814 τοσοῦτον
542 3752 618 3815 είς
667 3751 868 3823 εὐεξίαν
917 3750 1132 3825 μείζονα
1169 3752 1230 3806 τὸ
1281 3755 1439 3823 σῶμα
1471 3749 1761 3824 ἐξαίρουσι,
1791 3750 1882 3805 καὶ

223 3847 525 3922 μροσθήκη
559 3841 727 3897 αὐτοῦ
783 3841 1060 3916 γινόμεναι
1114 3837 1203 3894 διὰ
1254 3843 1352 3894 τοῦ
1549 3839 1623 3902 είς
1654 3841 1754 3909 τὴν
1781 3844 1882 3894 τοῦ

218 3937 493 4008 σώματος
526 3925 1001 4004 ἀναλαμϐάνεσθαι
1059 3927 1330 3984 σύστασιν.
1391 3927 1534 3982 οὕτω
1587 3929 1677 3983 καὶ
1728 3927 1779 3983 ἐν
1814 3932 1882 4002 τῇ

215 4033 321 4096 τῆς
356 4016 636 4083 εὐσεϐείας
681 4020 907 4090 ἀσκήσει
952 4017 1018 4073 τὰ
1061 4021 1163 4084 τῆς
1210 4016 1442 4079 πίστεως
1493 4013 1754 4093 δόγματα,
1793 4015 1882 4071 καὶ

1993 2247 2127 2286 vero
2176 2233 2396 2288 ventris
2451 2237 2508 2288 et
2554 2251 2748 2290 rerum
2808 2252 3186 2293 venerearum
3241 2237 3640 2310 appetentiam

1995 2320 2250 2376 refrenat
2297 2321 2566 2377 ciborum
2614 2323 2992 2381 abstinentia.
3028 2327 3203 2382 Porro
3253 2327 3353 2398 qui
3403 2327 3464 2383 in
3495 2326 3640 2384 tole-

1995 2409 2196 2464 randis
2227 2409 2528 2467 laboribus
2582 2416 2858 2470 strenuus
2905 2418 3016 2481 est,
3048 2415 3107 2470 in
3166 2415 3259 2472 his
3307 2431 3370 2472 se
3423 2415 3645 2473 utiliter

1995 2499 2306 2566 exercebit,
2356 2501 2689 2574 exemplum
2729 2502 2954 2559 habens
3000 2505 3178 2561 vitam
3211 2504 3365 2575 Elim,
3402 2506 3642 2579 Moysis,

1995 2587 2273 2655 Danielis,
2296 2589 2565 2660 Joannis,
2586 2595 2645 2646 et
2668 2591 3024 2665 reliquorum
3054 2603 3412 2666 sanctorum,
3437 2596 3642 2663 Quibus

1993 2692 2102 2731 non
2143 2677 2343 2746 dignus
2373 2687 2493 2734 erat
2521 2681 2789 2748 mundus,
2821 2683 2924 2754 qui
2950 2684 3289 2741 circuierunt
3318 2686 3378 2740 in
3401 2685 3638 2752 metatis,

1994 2766 2054 2821 in
2106 2768 2346 2838 pellibus
2403 2772 2670 2842 caprinis,
2699 2778 2940 2842 egentes,
2969 2775 3298 2842 angustiatz’,
3329 2775 3531 2845 afﬂicti
3573 2774 3637 2829 °°.

1994 2856 2101 2910 Sed
2137 2860 2376 2913 strenua
2395 2857 2802 2916 alimentorum
2829 2860 3186 2917 abstinentia
3205 2861 3360 2917 haud
3386 2861 3530 2919 satis
3550 2866 3642 2918 est

1995 2944 2363 3016 acquirendae
2396 2948 2759 3018 perfectioni,
2792 2949 2905 3004 nisi
2927 2950 3126 3005 anima
3152 2951 3223 3005 ab
3244 2950 3338 3006 his
3369 2968 3496 3022 qua":
3522 2967 3642 3007 ma-

1993 3033 2179 3088 litiam
2212 3034 2504 3104 nutriunt,
2526 3053 2768 3108 prorsus
2789 3037 3100 3094 abstineat.
3133 3038 3640 3104 Quemadmodum

1993 3122 2148 3178 enim
2181 3122 2396 3195 duplex
2419 3128 2506 3179 est
2527 3124 2724 3192 homo,
2749 3130 3028 3182 constans
3059 3126 3258 3182 anima
3278 3131 3336 3182 et
3365 3143 3639 3200 corpore:

1993 3212 2078 3268 ita
2105 3217 2163 3269 et
2187 3213 2451 3285 duplices
2501 3219 2641 3270 sunt
2692 3215 2827 3286 cibi,
2862 3215 2963 3288 qui
3002 3232 3132 3272 cum
3185 3216 3304 3272 sint
3334 3217 3644 3289 utriusque

1991 3302 2334 3358 substantiae
2366 3303 2584 3360 alenda:
2608 3305 2992 3372 accommodi,
3024 3304 3082 3361 id
3110 3306 3262 3377 quod
3287 3305 3383 3362 his
3414 3305 3643 3362 enutri-

1992 3395 2090 3446 tur
2119 3392 2188 3446 ad
2221 3393 2454 3466 propria
2498 3411 2604 3450 sua
2650 3412 2827 3468 opera
2867 3396 3192 3452 exserenda
3236 3394 3492 3452 validius
3524 3395 3641 3451 for-

1991 3480 2230 3552 tiusque
2262 3481 2545 3540 efﬁciunt.
2567 3485 3076 3549 Quemadmodum
3098 3483 3254 3541 enim
3277 3485 3336 3539 in
3367 3484 3643 3540 exercita-

1989 3569 2254 3625 tionibus
2286 3573 2669 3643 gymnasticis
2696 3573 3010 3630 athleticus
3031 3573 3222 3629 victus
3253 3573 3405 3628 inter
3433 3573 3640 3629 idonea

1991 3657 2264 3714 exercitia
2294 3661 2634 3732 corporibus
2665 3662 3171 3730 subministratus,
3197 3664 3418 3734 quanto
3448 3661 3638 3734 magis

1991 3746 2305 3817 subigitur,
2341 3753 2496 3804 lauto
2527 3766 2738 3822 corpus
2770 3751 2842 3806 ad
2881 3749 3342 3824 praestantiorem
3375 3766 3440 3806 ac
3469 3767 3637 3824 vege-

1989 3837 2195 3893 tiorem
2229 3838 2422 3893 evehit
2452 3839 2882 3907 habitudinem,
2906 3841 3076 3912 eique
3098 3841 3164 3895 lit
3194 3841 3472 3906 accessio,
3507 3857 3638 3912 pro-

1992 3927 2346 3998 ptereaquod
2373 3927 2428 3981 in
2454 3929 2715 4000 corporis
2737 3929 3130 3984 substantiam
3153 3931 3414 3984 transeat
3437 3944 3450 3983 :
3479 3928 3563 3983 ita
3583 3932 3644 3984 et

1992 4015 2052 4070 in
2100 4013 2336 4085 pietatis
2385 4016 2796 4072 exercitatione
2846 4017 2979 4072 fidei
3030 4019 3322 4088 dogmata,
3371 4032 3476 4072 nec
3526 4033 3640 4072 non

219 4116 274 4170 οἱ
307 4109 670 4189 διορθωτικοὶ
702 4108 861 4184 λόγοι
883 4112 992 4162 τῶν
1039 4109 1210 4179 ἠθῶν,
1245 4110 1487 4182 συνεχῶς
1535 4105 1884 4183 προσαγόμε-

1995 4118 2296 4160 sermones
2328 4105 2399 4159 ad
2437 4121 2627 4160 mores
2674 4105 3076 4160 emendandos
3117 4103 3332 4173 idonei,
3365 4103 3645 4160 continuo

221 4226 312 4259 νοι
343 4207 416 4277 τῇ
443 4203 628 4277 ψυχῇ,
658 4199 748 4254 καὶ
775 4202 898 4262 ταῖς
944 4195 1080 4252 κατὰ
1130 4196 1325 4273 μικρὸν
1352 4195 1516 4264 αὐτὴν
1550 4197 1885 4272 προσθήκαις

1995 4194 2202 4250 animai
2234 4193 2498 4262 exhibiti,
2534 4199 2711 4267 atque
2744 4193 3026 4266 paulatim
3062 4193 3420 4266 quibusdam
3456 4193 3644 4249 incre-

222 4266 932 4365 τῧξοντες,“δυνατωτὲραν
979 4285 1145 4355 αὐτὴν
1196 4285 1284 4340 καὶ
1334 4284 1773 4363 φιλοπονωτέραν
1808 4285 1884 4347 εἰς

1995 4282 2211 4338 mentis
2234 4283 2424 4354 ipsam
2449 4266 2752 4356 augentes,
2787 4283 3177 4338 robustiorem
3197 4299 3325 4338 eam
3347 4286 3406 4340 et
3423 4281 3486 4339 in
3507 4282 3647 4339 sub-

221 4386 284 4439 τό
319 4382 595 4458 μειζόνων
645 4379 734 4434 καὶ
786 4375 1139 4452 τελειοτὲρων
1192 4379 1300 4429 τῶν
1353 4374 1405 4429 ἂν
1461 4373 1697 4451 δόγμασι
1741 4372 1884 4429 διδα-

1995 4370 2205 4427 eundis
2237 4371 2536 4429 laboribus
2562 4373 2748 4445 magis
2781 4372 3035 4428 alacrem
3058 4373 3348 4440 reddunt;
3373 4375 3440 4429 ut
3469 4373 3650 4444 majo-

220 4475 459 4548 γμάτων
497 4468 845 4545 ἑπορίγεσθαι
873 4464 1388 4543 παρασκευάζουσιν.

1995 4475 2116 4516 rem
2148 4461 2670 4534 perfectioremque
2691 4463 3031 4533 dogmatum
3063 4461 3388 4518 doctrinam
3419 4477 3649 4534 compa-

2002 4551 2105 4603 ret.

2002 4565 2105 4604 Pet.

296 4670 395 4724 32.
430 4664 568 4721 Ἀπὸ
599 4668 700 4732 τῆς
729 4659 820 4716 οὖν
856 4662 967 4734 (40)
1020 4657 1072 4713 ἐν
1124 4663 1202 4731 τῷ
1250 4664 1472 4734 κρυπτῷ
1522 4663 1770 4730 νηστείας
1795 4683 1885 4739 φυ.

2072 4657 2164 4716 32.
2198 4658 2401 4730 Itaque
2428 4676 2460 4714 a
2482 4659 2709 4730 jejunio
2739 4659 2893 4730 quod
2934 4657 2992 4712 in
3023 4655 3248 4714 occulto
3302 4660 3412 4729 est,
3444 4673 3652 4713 caven-

225 4753 464 4814 λακτὲον
521 4755 684 4825 ἡμῖν,
730 4756 832 4821 τῆς
907 4749 1044 4803 κατὰ
1105 4745 1315 4803 δικαίαν
1389 4747 1564 4823 κρίσιν
1621 4755 1885 4824 μισεῖσθαι

2004 4753 2144 4808 dum
2171 4749 2336 4805 nobis
2359 4752 2466 4812 est,
2491 4748 2826 4820 quodjusto
2850 4745 3077 4819 judicio
3098 4745 3316 4802 dicitur
3343 4763 3377 4803 a
3405 4745 3655 4803 Domino

224 4841 547 4922 λεγομινης
581 4841 686 4897 ὑπὸ
713 4843 812 4894 τοῦ
865 4836 1094 4915 Κυρίου,
1140 4835 1264 4914 περὶ
1313 4839 1381 4907 ἧς
1425 4837 1515 4892 καὶ
1547 4838 1575 4892 ὁ
1606 4840 1885 4916 προφήτης

2005 4841 2138 4899 odio
2171 4837 2394 4903 haberi,
2429 4837 2582 4908 quod
2615 4840 2671 4891 et
2690 4834 2980 4909 propheta
3008 4835 3376 4908 deprecatur,
3412 4835 3652 4894 dicens:

227 4934 560 5011 άπῦχεται,
611 4928 812 5005 λέγων’
872 4926 945 4982 Οὖ
1015 4927 1404 5000 λιμοκτονήσει
1465 4925 1666 5004 Κύριος
1717 4930 1885 5007 ψυχὰς

2005 4933 2123 4989 Non
2168 4929 2458 5000 interﬁciat
2511 4929 2662 4998 fame
2712 4926 2982 4982 Dominus
3027 4926 3249 4982 animas
3284 4925 3566 4999 justorum
3584 4926 3648 4982 ἰ.

301 5089 353 5124 ⁸⁸
380 5085 609 5145 Coloes.
646 5101 734 5156 in,
762 5084 818 5140 5.
899 5081 944 5118 ’°
971 5081 1145 5138 Hebr.
1176 5098 1254 5152 ιι,
1287 5082 1379 5152 37,
1409 5083 1500 5138 38.
1575 5083 1616 5120 '1
1651 5083 1815 5140 Prov.
1849 5102 1905 5153 κ,
1938 5084 1992 5141 3.

2005 5257 2178 5326 ptura
2208 5255 2455 5323 utraque
2487 5248 2734 5326 admitti
2757 5252 2969 5326 potest.

2077 5325 2188 5396 (39)
2221 5327 2305 5396 Ita
2333 5315 2434 5379 sex
2483 5338 2628 5377 mss.
2678 5315 2954 5396 At'editi,
2984 5315 3084 5396 16,
3109 5337 3287 5396 sensu
3337 5337 3452 5396 non
3481 5323 3656 5380 dissi-

303 5405 424 5476 (36)
456 5399 566 5456 Ubi
601 5397 856 5476 legimus
885 5395 944 5476 in
978 5393 1231 5451 editione
1252 5395 1460 5463 Paris.,
1492 5399 1572 5467 τῷ
1595 5400 1728 5468 Θεῷ.
1764 5397 1885 5470 legi.

2007 5391 2498 5476 mili;_la_liquant_o
2531 5397 2662 5476 post
2693 5394 2808 5476 duo
2841 5410 3008 5476 mssa,
3040 5391 3090 5446 οἱ
3125 5391 3433 5476 ὀρθωτικοί.

229 5462 425 5532 tui-in
462 5462 1008 5542 ωει,’·ξῷΚυρίφ·,
1114 5539 1123 5542 _
1294 5538 1327 5542 __
1431 5462 1452 5542 ,ν
1545 5462 1554 5467 ⁷
1682 5462 1692 5468 ⁷
1812 5462 1852 5542 ,ν

2018 5540 2026 5542 _
2074 5468 2192 5542 (/10)
2224 5462 2359 5520 ’Δὲτὸ
2409 5462 2712 5542 τῆςὀὖν,-
2742 5470 2853 5542 etc.
2911 5465 3030 5542 Hoc
3081 5462 3200 5542 est,
3263 5465 3591 5542 Cavendum,
3621 5482 3656 5522 α

305 5549 423 5618 (37)
458 5543 636 5611 Editi,
673 5537 1064 5618 ᾧὶιογραμμόν,
1101 5539 1166 5593 At
1187 5538 1328 5609 regii
1358 5538 1586 5610 primus
1608 5543 1664 5595 et
1692 5540 1900 5596 tertius
1997 5537 2215 5618 jejunio
2248 5541 2534 5618 interioris
2563 5537 2822 5618 (laminis,
2854 5553 2886 5591 a
2926 5537 3138 5618 jejunio
3157 5538 3316 5618 .verlgf
3361 5539 3548 5618 divini
3568 5540 3654 5618 to-

310 5605 425 5675 ‘alii
461 5622 585 5672 tres
617 5605 698 5671 uti
731 5605 1141 5683 in'contextp.
1183 5681 1192 5683 Α
1253 5605 1281 5609 ’
1360 5605 1375 5610 ⁷
1498 5681 1524 5683 _
1997 5605 2229 5683 'tz'usque
2254 5611 2492 5667 cwlestis
2536 5605 2838 5667 doctrinae»:
2894 5605 3008 5678 qua
3051 5609 3122 5664 de
3154 5609 3346 5666 inedia
3402 5610 3656 5680 scriptor

2008 5699 2144 5743 mox
2173 5684 2516 5742 disserebat.

305 5259 426 5329 (35)
458 5255 637 5322 Editi,
670 5252 1036 5329 νεκρώσαντα.
1069 5253 1137 5308 At
1183 5252 1445 5324 quinque
1495 5269 1660 5324 mss.,
1692 5253 1895 5330 νεκρώ-

229 5350 453 5390 σαντες.

233 5624 294 5676 et
314 5614 425 5675 alii
461 5622 585 5672 tres
617 5615 698 5671 uti
731 5616 793 5669 in
826 5614 1124 5668 contextu.

309 5693 423 5763 (38)
458 5688 544 5746 Ita
575 5690 834 5820 quatuor
865 5699 1010 5740 mss.
1045 5680 1196 5766 ’ῷᾱὶῐὶ
1226 5697 1362 5738 vero
1392 5686 1449 5738 et
1497 5681 1636 5767 Reg.
1668 5683 1902 5768 tertius,

309 5784 336 5820 ν
365 5763 536 5820 Illum
619 5761 865 5820 minem
913 5770 1097 5820 mam:
1143 5754 1385 5814 alacrem
1429 5755 1697 5820 efﬁciunt.
1747 5756 1900 5814 Son-

235 5754 336 5822 τω
365 5754 536 5821 litum
581 5754 865 5822 ﬂaminem
913 5756 1097 5826 magis
1143 5754 1385 5814 alacrem
1429 5754 1697 5829 efﬁciunt.
1729 5755 1900 5829 ASori-
