4100 6220
229 393 343 454 185

1082 395 1489 459 COMMENT.
1536 399 1616 460 ΙΝ
1660 398 1937 462 ISAIAM
1978 397 2485 462 PROPHETAM.
2532 398 2705 461 CAP.
2750 397 2801 460 l.

3536 385 3654 458 me

221 519 498 580 ταϐαίνων
553 522 611 580 δὶ
656 530 775 589 τοῖς
836 525 1140 601 ἀνθρώποις
1200 524 1505 598 ἐνήστευσε,
1560 525 1770 593 δεικνὺς
1809 531 1891 584 ὅτι

2024 530 2368 602 nominibus,
2393 530 2720 602 jejunabat,
2766 533 2832 586 ut
2879 529 3031 585 hanc
3078 528 3548 586 exercitationem
3598 529 3649 587 ei

222 619 296 685 τῷ
361 614 632 687 μέλλοντι
685 614 826 691 πρὸς
903 614 1030 678 τοὺς
1102 615 1318 690 ἀγῶνας
1390 622 1496 672 τῶν
1574 623 1892 693 πειρασμῶν

225 700 567 766 ἀποδύεσθαι
626 704 897 778 ἀναγκαία
944 707 979 774 ἡ
1056 702 1306 775 ἅσκησος.
1367 708 1551 763 Οἱονεὶ
1607 707 1708 784 γὰρ
1767 729 1898 763 παι-

224 787 473 866 δοτριὸεῖ
531 794 669 867 πρὸς
729 794 832 861 τήν
887 795 1043 864 νὶκην
1101 795 1130 847 ὁ
1173 798 1271 849 τοῦ
1321 796 1577 869 σώματος
1649 797 1898 852 ὑπωπια-

224 881 385 952 σμός.
445 882 575 957 Οὖχ
630 881 776 936 οὕτω
839 883 1024 955 μέντοι
1082 883 1356 958 χρηστέον
1411 889 1480 960 τῇ
1532 886 1711 961 σαρκὶ,
1763 886 1900 941 ὥστε

225 967 548 1044 παραλῦσαι
602 970 775 1040 αὐτῆς
832 971 925 1026 τὸν
984 971 1206 1049 φυσικὺν
1275 972 1436 1028 τόνον
1520 973 1609 1029 διᾶ
1654 976 1756 1044 τήν
1813 972 1897 1032 ἔν·-

224 1057 370 1114 δειαν
434 1062 572 1131 (50),
623 1058 748 1116 οὐδὲ
819 1060 896 1122 εἲς
964 1059 1205 1131 παντελῆ
1269 1063 1549 1138 ἀπραξίαν,
1602 1071 1748 1134 ἦπου
1806 1065 1897 1121 καὶ

225 1148 816 1224 ἆπαρακολουθησίαν,
867 1150 958 1205 τὸν
1005 1154 1130 1206 νοῦν
1179 1151 1282 1206 ὑπὸ
1324 1159 1425 1221 τῆς
1457 1153 1587 1227 ἄγαν
1627 1152 1897 1218 ἰκλύσεως

228 1233 609 1294 ἐκϐιάσασθαι.

292 1331 389 1385 33.
425 1324 660 1395 Ἐπειδὴ
706 1323 767 1382 δὲ
813 1325 1230 1402 ἐκελεύσθημεν,
1289 1329 1556 1406 παρόντος
1609 1336 1712 1387 τοῦ
1757 1352 1898 1406 νυμ-

225 1417 372 1492 φίου,
405 1418 484 1490 μὴ
554 1417 833 1487 νηστεύειν
881 1417 982 1486 τὴν
1010 1418 1115 1473 ἀπὸ
1158 1424 1255 1474 τοῦ
1299 1417 1467 1496 λόγου
1513 1421 1786 1491 νηστείαν,
1823 1423 1899 1484 ὡς

236 1507 312 1578 μὴ
340 1507 706 1583 τρεφομένων
750 1511 832 1578 τῷ
879 1507 1028 1581 ἄρτῳ
1052 1512 1132 1580 τῷ
1187 1507 1240 1581 ἐξ
1299 1507 1531 1585 οὐρανοῦ
1585 1506 1896 1580 καταϐάντι,

224 1595 315 1648 καὶ
379 1594 884 1672 ἀποστρεφομένων
957 1597 1058 1666 τὴν
1138 1597 1342 1673 βρῶσιν
1396 1605 1496 1669 τῆς
1553 1601 1750 1675 σαρκὸς
1801 1603 1900 1655 τοῦ

228 1684 463 1758 Κυρίου,
520 1687 669 1752 ζωῆς
727 1682 888 1739 οὖσαν
938 1683 1135 1755 αἰτίαν,
1188 1689 1286 1757 ιήν
1344 1686 1604 1760 τοιαύδην
1649 1688 1896 1760 νηστείαν

234 1779 412 1846 μισεῖν
475 1774 506 1827 ὁ
569 1773 774 1847 Κύριος
835 1772 1006 1850 λέγει.
1065 1777 1156 1830 Ἓν
1187 1781 1294 1832 τῶν
1359 1777 1705 1852 μισουμένων
1756 1778 1896 1834 ἐστὶν

235 1863 335 1917 ὑπὸ
370 1862 581 1938 Κυρίου
607 1863 697 1918 καὶ
730 1864 766 1932 ἡ
812 1862 998 1939 ἀργία,
1047 1863 1281 1941 ἀπραξία
1332 1887 1417 1928 τις
1467 1866 1601 1922 οὖσα
1631 1871 1738 1922 τῶν
1769 1879 1899 1932 καθ·
1937 1903 1958 1941 κ

235 1952 507 2023 ηκόντων.
571 1951 678 2009 Καὶ
737 1948 882 2008 ἔοικέ
955 1963 1018 2030 γε
1090 1955 1267 2025 πάσης
1337 1955 1540 2030 ἐπρτῆς
1595 1956 1903 2013 ἐπακολού-

241 2051 396 2113 θημα
426 2045 462 2110 ἡ
513 2041 706 2117 ἀργία,
759 2039 852 2096 διὰ
893 2043 958 2098 τὸ
1012 2048 1130 2106 ταῖς
1175 2043 1409 2114 κληταῖς
1437 2049 1788 2121 προσκεῖσθαι
1817 2048 1902 2115 τὸ,

241 2133 351 2184 Η-Ξν
412 2123 580 2203 ἔργον
641 2128 934 2204 λατρευτὸν
993 2131 1054 2186 οὺ
1106 2135 1386 2204 ποιήσετε·
1443 2133 1532 2190 καὶ
1592 2132 1683 2190 διὰ
1736 2136 1798 2190 τὸ
1853 2134 1906 2190 ἰν

235 2223 353 2280 ταῖς
385 2217 610 2292 top-mi:
639 2219 858 2293 σχολὴν
887 2219 994 2275 ἀπὸ
1041 2225 1149 2276 τῶν
1191 2222 1329 2277 κατὰ
1379 2224 1470 2278 τὸν
1525 2224 1644 2299 βίον
1676 2221 1906 2300 ἄγοντας

237 2313 407 2362 πᾶσαν
469 2305 708 2362 ἀτοπίαν
765 2306 1052 2377 ἐπιτελεῖν,
1127 2308 1351 2372 δικαίως
1427 2313 1663 2386 μισητὴν
1711 2313 1902 2389 ἀργίαν

240 2393 380 2471 ἄγειν
414 2395 700 2471 ἐλέγοντο.
729 2401 859 2460 Πῶς
889 2395 946 2452 δὲ
992 2398 1055 2454 οὐ
1109 2401 1338 2472 μισητὸν
1383 2404 1418 2471 ἡ
1467 2401 1646 2478 ἆργία,
1682 2402 1903 2479 μύρμη-

239 2507 326 2549 κος
382 2485 479 2540 καὶ
549 2482 819 2558 μελίσσης
887 2487 1108 2563 χείρονα
1160 2494 1398 2545 ποιοῦσα
1447 2491 1539 2546 τὸν
1599 2493 1907 2568 ἄνθρωπον,

240 2575 293 2635 ὅς
323 2573 516 2648 γεκαὶ
570 2573 624 2644 ἇξ
677 2575 860 2650 ἀρχῆς
913 2576 1195 2648 πλασθεὶς,
1258 2577 1411 2650 ἒτᾶθη
1463 2578 1542 2643 εἰς
1592 2579 1685 2636 τόν
1739 2582 1908 2658 παρά-

243 2661 419 2718 δεισον
475 2663 799 2737 ἐργάζεσθαι
868 2665 959 2720 καὶ
1032 2664 1322 2744 φυλάσσειν
1377 2669 1574 2738 αὖτόνς
1633 2671 1791 2725 Ὥστε
1843 2669 1907 2724 τὸ

240 2757 459 2826 πρῶτον
495 2753 588 2806 καὶ
643 2751 977 2809 οἴκειότατον
1035 2760 1114 2827 τῷ
1143 2756 1415 2831 ἀνθρώπῳ
1455 2760 1591 2832 (51),
1623 2761 1658 2828 ἡ
1691 2758 1814 2834 περὶ
1842 2760 1911 2814 τὰ

240 2840 375 2917 ἔργα
405 2839 651 2908 σπουδὴ,
672 2842 762 2895 καὶ
791 2843 956 2898 οἱονεῖ
1011 2845 1157 2921 παρὰ
1214 2844 1370 2923 φύσιν
1427 2847 1578 2919 αὐτῷ
1633 2849 1669 2917 ἡ
1729 2847 1908 2924 ἀργία,

249 2934 307 2999 ἢν
372 2933 557 3002 μισεῖν
610 2931 753 2985 εἶπεν
787 2933 816 2986 ὁ
869 2931 1086 3007 Κύριος.
1143 2933 1318 2991 Ἀλλᾶ
1371 2940 1488 2998 πῶς
1547 2939 1698 3009 ἡμᾶς
1726 2936 1907 3013 ἀργεῖν

250 3020 514 3093 βούλεται
542 3040 556 3088 ;
588 3019 679 3089 Μὴ
732 3019 1129 3095 ἐργαζομένους
1187 3025 1288 3093 τὴν
1342 3026 1542 3098 βρῶσιν
1592 3027 1689 3094 τὴν
1732 3025 1912 3080 ἄπολ-

245 3109 521 3181 λυμενηνθ
588 3110 666 3181 μή
718 3108 1040 3187 ὀφθαλμοὺς
1095 3110 1266 3189 αἰρειν
1324 3111 1412 3167 ἐπὶ
1459 3113 1527 3168 τὰ
1577 3115 1796 3186 μάταιαο
1833 3119 1909 3189 μὴ

2005 622 2404 678 necessarium
2435 639 2560 677 esse
2589 621 2943 691 ostenderet,
2978 621 3076 692 qui
3109 622 3178 676 ad
3213 636 3430 693 agones
3463 624 3651 677 tenta-

2005 713 2230 768 tionum
2262 712 2641 768 sustinendos
2679 715 2834 767 esset
2857 725 2984 767 sese
3010 717 3312 768 exuturus.
3347 709 3652 766 Enimvero

2007 802 2077 857 ad
2108 800 2413 857 victoriam
2446 817 2555 857 nos
2579 799 2761 856 veluti
2789 799 2984 856 erudit
3014 799 3282 871 corporis.
3324 796 3648 854 afﬂictatio.

2007 879 2280 946 A'ttamen
2313 907 2428 946 non
2463 890 2544 946 ita
2591 889 2876 945 utendum
2925 892 3014 944 est
3061 904 3257 955 carne,
3311 891 3374 942 ut
3421 892 3657 959 propter

2013 980 2271 1035 inediam
2307 979 2600 1035 naturalis
2627 982 2754 1050 ejus
2782 978 2946 1051 vigor
2977 978 3315 1050 frangatur;
3349 992 3538 1048 neque
3556 993 3657 1048 per

2012 1068 2254 1124 nimiam
2291 1067 2654 1124 debilitatem
2688 1085 2754 1123 eo
2787 1068 3096 1138 adigenda,
3127 1070 3192 1120 ut
3222 1081 3465 1138 prorsus
3497 1065 3654 1121 iners

2011 1159 2236 1229 evadat,
2270 1164 2369 1214 aut
2397 1163 2653 1214 mentem
2684 1157 2962 1214 assectari
2998 1173 3111 1212 non
3145 1155 3355 1229 possit.

2079 1335 2168 1390 33.
2201 1335 2312 1390 Sed
2348 1335 2489 1406 quia
2513 1334 2666 1406 jussi
2701 1350 2930 1402 sumus,
2964 1338 3246 1407 praesente
3277 1351 3515 1407 sponso,
3539 1350 3656 1391 ser-

2010 1425 2202 1479 monis
2223 1423 2521 1495 jejunium
2554 1440 2667 1478 non
2694 1423 2966 1494 jejunare
2996 1424 3060 1488 9°,
3084 1439 3218 1478 cum
3239 1428 3380 1478 tunc
3402 1440 3517 1479 non
3540 1440 3656 1480 nu-

2007 1512 2288 1568 triremur
2316 1527 2464 1584 pane
2506 1511 2607 1584 qui
2663 1513 2734 1568 de
2781 1511 2924 1568 cmlo
2970 1511 3293 1578 descendit,
3344 1529 3411 1569 ao
3457 1512 3654 1568 cibum

2009 1603 2204 1658 carnis
2242 1601 2467 1658 Domini
2501 1617 2926 1668 aversaremur,
2970 1617 3097 1673 quae
3143 1605 3234 1656 est
3277 1617 3456 1657 causa
3502 1602 3654 1674 vitae,

2008 1693 2205 1748 odisse
2237 1707 2300 1747 se
2321 1691 2614 1762 ejusmodi
2630 1690 2928 1762 jejunium
2953 1690 3037 1746 ait
3057 1690 3567 1747 Dominus.Unum
3588 1709 3659 1748 ex

2009 1779 2102 1848 iis,
2137 1792 2262 1851 qua
2293 1781 2424 1835 odio
2456 1780 2831 1852 prosequitur
2863 1779 3163 1847 Dominus,
3187 1780 3364 1836 etiam
3387 1779 3656 1837 estiner-

2008 1870 2112 1938 tia,
2136 1887 2262 1942 quae
2288 1885 2489 1925 eorum
2519 1886 2646 1941 quae
2673 1870 2744 1924 ad
2769 1873 3038 1925 nostrum
3063 1869 3320 1926 ofﬁcium
3364 1870 3660 1942 pertinent

2013 1957 2374 2015 intermissio
2405 1959 2671 2031 quaedam
2702 1963 2810 2015 est.
2842 1959 2913 2014 Et
2943 1959 3181 2030 quidem
3215 1961 3400 2015 otium
3423 1975 3658 2016 omnem

2013 2048 2167 2105 diem
2188 2048 2399 2103 festum
2425 2064 2524 2120 seq
2536 2048 2590 2103 ui
2614 2047 2862 2119 videtur,
2887 2047 3017 2104 ideo
3045 2048 3198 2120 quod
3222 2046 3660 2104 celebritatibus

2012 2137 2105 2209 adj
2115 2141 2354 2192 unctum
2379 2137 2456 2192 sit
2475 2136 2616 2192 illud
2636 2154 2649 2192 :
2677 2137 2846 2193 Omne
2864 2153 2996 2205 opus
3015 2138 3221 2193 servile
3243 2153 3354 2193 non
3371 2139 3658 2209 facietis‘;

2014 2225 2150 2281 item
2188 2225 2467 2298 quoniam
2502 2226 2599 2296 qui
2632 2225 2692 2281 in
2726 2225 2890 2281 festis
2921 2242 2952 2282 a
2984 2225 3158 2281 rebus
3181 2226 3252 2280 ad
3275 2225 3448 2280 vitam
3479 2223 3658 2297 perti-

2016 2314 2294 2371 nentibus
2325 2315 2507 2370 otium
2540 2315 2811 2387 agebant,
2844 2315 2984 2369 dum
3019 2313 3162 2369 nihil
3197 2330 3310 2370 non
3335 2311 3658 2370 absurdum

2015 2404 2380 2476 perﬁcerent,
2413 2404 2622 2460 merito
2651 2403 2919 2460 odiosum
2953 2403 3136 2459 otium
3170 2418 3339 2474 agere
3380 2402 3660 2459 diceban-

2013 2496 2132 2549 tur.
2167 2493 2471 2560 Quomodo
2501 2498 2701 2548 autem
2753 2508 2868 2548 non
2919 2492 3051 2548 odio
3112 2492 3448 2547 habendum
3510 2493 3665 2547 esset

2017 2582 2226 2649 otium,
2259 2582 2414 2652 quod
2449 2580 2748 2636 hominem
2783 2581 2966 2638 efﬁcit
2995 2581 3237 2636 formica
3269 2585 3326 2636 ct
3359 2597 3468 2653 ape
3500 2581 3661 2652 pejo-

2017 2686 2164 2739 eem,
2199 2672 2346 2727 407
2383 2671 2482 2743 qui
2514 2678 2711 2726 tamen
2743 2671 2943 2727 statim
2975 2675 3150 2742 atque.
3174 2671 3245 2725 ab
3281 2669 3445 2725 initio
3474 2669 3664 2724 fuerat

2018 2760 2310 2826 conditus,
2345 2760 2570 2831 positus
2600 2765 2688 2816 est
2718 2761 2776 2815 in
2812 2760 3102 2832 paradiso,
3133 2765 3196 2814 ut
3235 2763 3577 2832 operaretur
3605 2763 3664 2813 et

2019 2850 2341 2905 custodiret
2374 2849 2537 2904 illum
2563 2850 2584 2884 ⁸
2610 2849 2638 2903 ?
2667 2851 2856 2913 Quare
2896 2849 3159 2903 studiUm
3208 2847 3268 2902 in
3324 2847 3552 2901 labores
3604 2849 3663 2901 et

2020 2955 2215 3010 opera,
2251 2939 2507 3009 primum
2539 2943 2595 2992 et
2627 2937 2874 2992 maxime
2907 2937 3138 3008 proprie
3173 2935 3396 2991 homini
3456 2951 3662 2990 conve-

2024 3027 2144 3082 nit:
2168 3032 2344 3097 atque
2366 3027 2594 3092 inertia,
2620 3041 2796 3097 quam
2822 3025 3108 3080 Dominus
3131 3025 3324 3080 odisse
3349 3039 3410 3078 se
3434 3022 3664 3090 asserit,

2021 3122 2111 3172 est
2143 3114 2317 3170 veluti
2351 3119 2574 3169 naturae
2608 3115 2800 3186 ipsius
2829 3113 3124 3170 contraria
3181 3114 3466 3169 Caeterum
3517 3127 3667 3182 quo-

241 3200 416 3267 ἀκοήν
486 3198 718 3269 ματαίαν
765 3204 884 3263 τοῖς
940 3200 1040 3255 ὠσὶ
1097 3199 1519 3278 παραδέχεσθαν
1563 3203 1660 3266 τὰς
1718 3209 1908 3280 χεῖρας

2024 3205 2198 3260 modo
2232 3221 2340 3259 nos
2369 3203 2493 3258 vult
2523 3203 2688 3258 otiari
2709 3203 2736 3257 ?
2764 3203 2847 3258 lt'a
2877 3209 2943 3257 ut
2973 3219 3086 3257 non
3121 3217 3433 3274 operemur
3469 3200 3666 3256 cibum

240 3287 593 3349 ἀποσείεσθαι
645 3287 754 3342 ἀπὸ
814 3285 1029 3365 δώρων·
1064 3291 1140 3363 μή
1190 3277 1512 3367 ὀξεῖςῖέχειν
1571 3277 1908 3359 τοὺςήπόδας

2026 3294 2126 3366 qui
2157 3294 2327 3365 perit,
2360 3308 2464 3348 nec
2509 3291 2849 3348 attollamus
2897 3292 3094 3347 oculos
3145 3289 3214 3347 ad
3266 3307 3434 3356 vana,
3486 3303 3672 3361 neque

239 3377 440 3452 ἱκχὲαι
488 3376 654 3448 αἷμα,
683 3375 773 3430 καὶ
829 3377 1004 3456 πάσας
1056 3378 1133 3434 ἐνὶ
1192 3376 1348 3454 λόγῳ
1399 3380 1497 3443 τὰς
1546 3378 1783 3444 σπουδὰς
1819 3382 1915 3447 τὰς

244 3466 381 3541 περὶ
410 3464 474 3519 τὸ
505 3468 667 3538 σῶμα
700 3465 777 3538 μὴ
810 3465 1069 3542 ἐνεργεῖν.

2023 3383 2229 3438 inanes
2254 3381 2484 3438 fabulas
2504 3381 2867 3454 excipiamus
2891 3381 3167 3436 auribus:
3196 3381 3276 3436 ita
3295 3385 3358 3434 ut
3396 3393 3607 3435 manus
3640 3393 3673 3433 a

2022 3471 2368 3528 muneribus
2391 3469 2878 3526 amoveamus:ita
2901 3475 2964 3525 ut
2981 3485 3093 3526 non
3109 3469 3332 3524 veloces
3348 3469 3674 3525 habeamu

238 3558 429 3631 pedes
457 3555 534 3610 ad
565 3555 986 3614 effundendum
1019 3558 1370 3632 sanguinem
1397 3576 1409 3614 :
1435 3565 1491 3616 et
1521 3577 1637 3617 uno
1666 3562 1864 3630 verbo,
1896 3562 1982 3618 sic
2014 3565 2079 3617 ut
2109 3577 2222 3616 non
2256 3577 2430 3616 omne
2473 3564 2736 3616 nostrum
2785 3560 3048 3615 studium
3106 3559 3331 3631 corpori
3362 3557 3672 3631 impenda-

243 3667 410 3707 mus.

312 3743 411 3798 34,
473 3739 671 3795 οὐκέτι
725 3738 912 3807 ἂνὴσω
987 3736 1086 3799 τὰς
1163 3735 1434 3812 ἁμαρτίας
1493 3737 1667 3811 ὑμῶν.
1730 3739 1916 3793 ’Δπει-

248 3830 499 3905 ρηκὸτος
550 3829 707 3903 φωνὴ
750 3827 887 3903 πρὸς
942 3823 1036 3888 τὰς
1093 3831 1338 3901 συνεχεῖς
1395 3825 1483 3881 ἐπὶ
1540 3827 1728 3882 κακίαν
1780 3828 1915 3882 ὁπο-

244 3919 493 3997 στρυφᾶς
549 3918 647 3974 τοῦ
723 3914 1179 3994 εὐεργετουμένω
1255 3918 1392 3988 (52).
1453 3915 1649 3973 Οὐκίτι
1704 3918 1911 3988 ἀνήσω.

245 4007 540 4068 Πολλάκις
598 4003 1092 4081 προσεκαλεσάμην
1151 4005 1225 4066 εἷς
1297 4003 1602 4078 μετάνοιαν.
1667 4003 1914 4076 Ἐδόξατε

247 4095 570 4162 ὑπακούειν,
625 4097 742 4151 εἶτα
793 4091 1324 4168 ἐπαλινὸρομήσατε.
1387 4095 1679 4170 Ἀπογνοὺς
1755 4097 1909 4169 ὑμῶν

243 4195 351 4256 τῆς
411 4187 796 4258 ἆμετανοήτου
845 4180 1094 4258 καρδίας,
1145 4183 1322 4240 οὐκετι
1375 4183 1559 4254 ἀνησῶ
1617 4185 1757 4258 ὑμᾶς
1813 4187 1912 4254 τῆς

248 4273 623 4352 ὀφειλομένης
659 4275 786 4347 ὑμῖν
820 4269 1134 4338 καταδίκης.
1169 4273 1250 4330 Οὐ
1278 4274 1378 4349 γὰρ
1413 4275 1441 4328 ὁ
1481 4273 1670 4346 εἰπὼν,
1703 4276 1912 4350 ’Ἥμαρ-

246 4387 365 4432 τον,
397 4366 514 4419 εἶτα
533 4363 809 4436 ἐπίμένων
855 4365 923 4436 τῇ
975 4361 1233 4438 ἁμαρτίᾳ,
1275 4363 1434 4426 οὗτος
1476 4362 1912 4438 ἐξομολογεῖταν

254 4453 400 4509 ἀλλὰ
430 4455 481 4522 ὁ,
517 4452 654 4508 κατὰ
681 4452 776 4506 τὸν
836 4449 1056 4525 ψαλμὸν
1113 4450 1283 4526 εὑρὼν
1338 4453 1436 4522 τὴν
1495 4450 1763 4526 ἁμαρτίαν
1816 4451 1917 4508 αὐ-

251 4548 371 4613 τοῦ,
404 4542 496 4598 καὶ
548 4543 806 4614 μισήσας.
840 4539 899 4594 Τί
930 4540 1034 4615 γὰρ
1094 4535 1293 4617 ὄφελος
1345 4545 1424 4612 τῷ
1483 4539 1848 4617 ἀῤῥωστοῦντι
1880 4544 1913 4612 ἡ

254 4634 402 4707 παρὰ
431 4635 530 4686 τοῦ
758 4630 946 4705 ἶατροῢ
998 4626 1305 4702 ἐπιμέλεια,
1351 4627 1476 4684 δυαν
1532 4629 1600 4684 τὰ
1653 4629 1920 4705 φθαρτικὰ

1947 4502 1994 4567 D

2097 3740 2189 3794 34.
2221 3741 2336 3795 Νοη
2357 3741 2504 3794 ultra
2533 3739 2812 3794 dimittam
2857 3743 3084 3810 peccata
3134 3741 3334 3794 vestra.
3388 3737 3518 3793 Haec
3565 3751 3672 3792 vox

2024 3832 2115 3884 est
2144 3844 2306 3900 spem
2341 3828 2673 3899 abjicicntis
2704 3829 2774 3882 ob
2807 3827 3115 3884 assiduum
3149 3828 3218 3882 ad
3265 3826 3548 3882 malitiam
3583 3839 3676 3881 re-

2025 3917 2211 3972 ditum
2227 3917 2428 3989 populi
2443 3917 2740 3973 beneﬁciis
2753 3917 3036 3972 cumulati
3049 3916 3182 3972 .Non
3197 3916 3352 3971 ultra
3371 3915 3651 3970 dimittam
3663 3957 3676 3970 .

2027 4006 2272 4062 Invitavi
2293 4023 2396 4060 vos
2427 4005 2625 4061 crebro
2657 4005 2726 4061 ad
2758 4005 3182 4076 pmnitentiam.
3229 4004 3342 4059 Visi
3377 4003 3520 4058 estis
3571 4002 3675 4056 ob-

2025 4100 2369 4167 temperare,
2402 4095 2654 4150 subinde
2683 4095 2794 4150 iter
2822 4099 3076 4149 vestrum
3130 4091 3448 4164 relegistis.
3514 4092 3676 4146 Post-

2027 4202 2204 4258 quam
2232 4201 2330 4240 cor
2356 4188 2618 4239 vestrum
2651 4183 3026 4253 impcsnitens
3059 4199 3150 4236 me
3171 4199 3236 4236 ex
3268 4197 3373 4253 spe
3403 4180 3676 4236 deturba-

2024 4275 2130 4343 vit,
2163 4291 2277 4328 non
2309 4272 2566 4344 amplius
2597 4271 2892 4327 remittam
2923 4271 3088 4326 vobis
3121 4270 3378 4325 debitam
3402 4268 3676 4325 multam.

2027 4364 2338 4420 Enimvero
2369 4361 2468 4434 qui
2501 4361 2662 4431 dicit,
2697 4360 2953 4431 Peccavi,
2985 4365 3043 4416 et
3074 4364 3276 4432 postea
3326 4359 3386 4414 in
3440 4361 3674 4430 peccato

2028 4455 2382 4524 perseverat,
2406 4451 2502 4506 hic
2521 4467 2894 4522 nequaquam
2921 4450 3259 4504 confitetur:
3283 4448 3383 4503 sed
3411 4448 3603 4518 potius
3625 4446 3679 4502 is

2029 4547 2138 4608 est,
2163 4541 2264 4612 qui
2289 4541 2410 4608 ubi,
2447 4541 2609 4609 juxta
2640 4539 2936 4610 psalmum
2957 4539 3000 4608 ⁸,
3032 4542 3337 4609 peccatum
3367 4553 3541 4591 suum
3574 4536 3677 4590 de-

2029 4629 2359 4703 prehendit,
2391 4628 2533 4684 illud
2568 4629 2708 4684 odit.
2743 4626 2890 4692 Quid
2915 4627 3072 4683 enim
3097 4625 3488 4682 emolumenti
3513 4625 3681 4680 effert

328 4824 375 4859 ”
403 4821 617 4879 Matth.
651 4837 733 4889 ix,
765 4820 852 4877 15.
934 4820 952 4857 ¹
986 4819 1165 4876 Levit.
1195 4836 1359 4888 nm,
1389 4821 1445 4876 7.
1519 4821 1542 4856 ²
1569 4823 1710 4878 Gen.
1745 4837 1808 4892 ιι,
1841 4821 1908 4878 15

2024 4825 2028 4854 ι
2060 4818 2212 4876 Psal.
2244 4835 2400 4887 XXXI,
2430 4819 2484 4874 5.

331 5013 445 5085 (50)
479 5011 633 5085 Editi
661 5027 801 5085 pum
830 5011 1027 5085 tribus
1053 5027 1225 5085 mss_.,
1254 5009 1353 5085 τήν
1387 5005 1614 5085 ἔνδειαν.
1643 5010 1758 5066 Alii
1799 5014 1918 5085 tres

256 5077 439 5155 mss,
461 5089 564 5152 τῆς
596 5079 827 5143 ἐνδείας.
863 5083 985 5139 Ηοο
1013 5083 1143 5155 ipso
1177 5077 1233 5138 in
1268 5081 1393 5138 loco
1424 5083 1540 5139 duo
1561 5099 1751 5155 _mss.,
1795 5077 1921 5138 οὐδὶ

258 5153 420 5213 ὥστε.
453 5155 723 5212 Subinde
753 5155 854 5209 ubi
905 5153 1062 5212 recte
1114 5159 1176 5226 et
1209 5155 1516 5211 emendate
1559 5153 1814 5226 legimus
1858 5154 1920 5210 in

261 5228 443 5285 editis
466 5233 524 5283 et
545 5229 605 5283 in
629 5227 894 5299 quinque
918 5244 1088 5294 mea,
1129 5224 1220 5280 τὸν
1251 5229 1400 5299 νοῦν,
1434 5224 1740 5298 perperam
1775 5227 1918 5282 scri-

259 5302 418 5357 bitur
440 5301 500 5354 in
528 5300 716 5355 altero
741 5298 942 5356 codice
962 5298 1390 5355 Combeﬁsiano
1409 5302 1506 5352 τοῦ
1535 5300 1651 5355 νοῦ.
1676 5299 1919 5364 Quando

259 5373 329 5428 de
357 5371 721 5428 Combeﬁsio
752 5371 1124 5443 mentionem,
1145 5370 1488 5438 habuimus,
1521 5375 1719 5443 notam
1740 5387 1918 5443 quam

406 5443 537 5529 loco
585 5441 890 5529 apposuit,
941 5441 1270 5529 exscribere
1317 5459 1432 5527 non
1482 5442 1724 5529 pigebit.
1761 5441 1919 5529 "Ejus

257 5515 442 5598 igitur
473 5515 597 5597 hinc
626 5514 810 5571 sunt:
837 5514 1016 5596 Quam
1035 5516 1345 5570 doctrinam
1367 5516 1428 5595 in
1448 5517 1590 5570 veris
1612 5515 1736 5570 sui:
1750 5515 1922 5596 Asce-

259 5589 390 5643 ticis
420 5590 604 5642 tanta
635 5591 796 5654 urget
827 5587 1092 5652 Bantius,
1125 5590 1184 5658 ut
1213 5600 1264 5641 et
1291 5588 1352 5641 in
1383 5586 1521 5642 tzbro
1564 5591 1641 5641 De
1679 5585 1920 5658 virgini-

259 5665 375 5714 tate
404 5676 418 5712 :
457 5674 582 5716 vere
603 5659 941 5730 mitissima:
969 5657 1363 5730 monachorum
1391 5658 1675 5730 legislator
1703 5660 1754 5713 et
1777 5657 1918 5714 ca:-

264 5734 528 5804 tiutmus,
556 5730 768 5804 ubique
795 5729 887 5787 sui
911 5721 1259 5789 simillimus.
1290 5719 1400 5789 Sed
1434 5719 1535 5802 (iui
1565 5744 1761 5789 veram
1819 5733 1922 5787 Ba-

2031 5011 2147 5070 silii
2181 5008 2509 5066 doctrinam
2542 5012 2918 5079 perspectam,
2963 5006 3178 5062 habere
3217 5004 3486 5079 voluerit,
3511 5003 3683 5079 eisu-

2031 5086 2125 5141 ιον
2155 5099 2313 5148 sum,
2346 5087 2412 5137 ut
2451 5075 2564 5136 non
2596 5075 3115 5135 indiscriminatim
3158 5093 3227 5134 ex
3273 5077 3367 5132 his
3418 5075 3682 5148 fontibus

2030 5147 2387 5224 hauriat.'-—~
2429 5152 2598 5224 Lege,
2647 5156 2712 5206 ut
2776 5151 2835 5206 in
2869 5167 2980 5206 ms.
3027 5151 3364 5218 Combefis.,
3404 5147 3681 5223 ἀπαρακο-

2030 5222 2324 5294 λουθησίαν
2355 5227 2453 5278 τοῦ
2482 5222 2595 5279 νοῦ.
2629 5226 2855 5278 MARAN.

2101 5291 2213 5372 (5t)
2242 5296 2395 5372 Editi
2427 5301 2484 5352 et
2511 5297 2822 5372 duomssn
2854 5296 2935 5364 τῷ
2956 5292 3248 5372 ἀνθράξπῳ.
3270 5291 3383 5372 alii
3407 5296 3678 5362 quatuor,

2026 5359 2135 5427 τῶν
2166 5359 2491 5443 ἀνθρώπων.
2519 5366 2733 5443 Statim
2765 5359 3084 5443 tresjnssi,
3117 5364 3178 5432 ἢν
3201 5359 3317 5443 καί.

2103 5433 2382 5527 (milies-
2446 5441 2703 5527 Primua.
2729 5445 2787 5527 εξ
2823 5437 2988 5527 aditi,
3035 5433 3346 5527 ξδεργέτφυπι
3374 5435 3677 5527 .99'3‘29‘3-

2029 5503 2175 5587 Reg.
2200 5503 2424 5570 tertius
2446 5503 2580 5567 cum
2607 5510 2740 5567 aliis
2763 5503 2984 5573 tribus,
3001 5503 3678 5580 εὐεργέτουμένου,θωοῐι-

2031 5587 2216 5730 άαίὲέ)
2245 5657 2341 5714 Sic
2373 5671 2518 5712 mss.
2553 5652 2796 5726 aliquot.
2830 5651 3002 5708 Deest
3027 5652 3126 5705 τοῦ
3156 5649 3212 5704 in
3246 5645 3441 5705 editis.
