4100 6220
319 1411 326 1416 .
414 1365 808 1436 ctendamque
847 1366 1004 1436 juris
1061 1365 1398 1437 aequitatem
1456 1365 1720 1420 animum
1780 1365 2061 1437 appellat,

411 337 530 402 187
1343 339 1742 403 APPENDIX
1787 337 2112 403 OPERUM
2158 339 2223 402 S.
2267 339 2547 401 BASlLII
2589 338 2866 400 MAGNI.
3704 330 3823 394 188

414 475 628 546 ωετοῐο
660 471 868 528 medici
900 489 1061 544 cura,
1093 474 1330 545 quando
1359 473 1409 528 is
1467 474 1568 546 qui
1620 474 1860 529 adversa
1910 472 2057 528 vale-
2087 531 2090 539 ,

2205 475 2269 539 ἧς
2304 475 2447 540 ζωῆς
2491 470 2520 524 ὁ
2557 468 2780 543 κάμνων
2843 465 3136 542 ἐπιτηδεύῃ
3163 485 3178 537 ;
3207 463 3396 528 Οὕτως
3434 461 3587 519 οόδὶν
3623 456 3826 542 ὄφελος

410 562 616 620 tudine
648 562 1042 631 conflictatur,
1083 579 1202 619 sua:
1229 565 1357 618 vitae
1411 562 1668 618 exitialia
1723 561 2058 634 conquirit?

2205 556 2522 632 δικημάτων
2583 557 3062 634 συγχωρουμένων
3113 561 3194 629 τῷ
3246 553 3324 611 ἔτι
3385 551 3682 621 ἀδικοῦντι,
3731 552 3824 607 καὶ

410 652 502 708 Sic
532 653 628 722 qui
661 651 852 707 adhuc
886 656 1104 724 peccat,
1139 651 1287 708 nihil
1319 652 1368 708 ei
1403 651 1674 707 utilitatis
1724 652 1947 708 accedit
1991 668 2061 706 ex

2205 645 2636 720 κολαστημάτων
2698 647 3003 724 ἀφιεμένων
3058 649 3137 718 τῷ
3205 638 3283 699 ἔτι
3352 639 3823 699 ἀκολασταίνοντι.

408 739 663 813 peccatis
684 740 1054 797 condonatis:
1091 756 1279 813 neque
1315 741 1414 812 qui
1449 741 1720 813 impurus
1748 746 1856 806 est,
1888 740 2059 812 quid-

2205 734 2349 793 me.
2377 740 2494 798 πῶς
2526 735 2728 792 ἀσίεται
2787 739 2974 811 ψυχῆς
3025 734 3432 810 ἁμαρτήματα;
3489 727 3739 788 Ἐπειδὰν
3787 732 3824 800 ἡ

407 845 585 902 quam
617 829 864 901 percipit
895 830 1040 884 lucri
1075 846 1142 884 ex
1174 830 1439 886 remissis
1471 829 1856 902 impudicitiae
1880 828 2056 884 vitiis.

2205 827 2333 900 ρετὴ
2385 827 2697 900 κρατήσασα
2752 832 2854 895 τῆς
2912 827 3120 899 ψυχῆς,
3179 823 3269 878 καὶ
3319 820 3456 893 ὅλην
3506 820 3672 890 αὐτὴν
3704 825 3825 882 τοῖς

413 919 714 987 Quomodo
738 923 937 974 autem
966 919 1175 974 anima:
1201 924 1438 990 peccata
1462 920 1895 974 remittuntur?
1917 920 2058 974 Cum

2205 914 2393 977 ίκείοις
2455 913 2642 990 λόγοις
2704 917 2818 985 (54)
2873 907 3275 980 καταλαϐοῦσα,
3357 905 3625 979 διαϐολὴν
3685 908 3825 984 αὐτῇ

410 1007 680 1064 videlicet
699 1008 886 1063 virtus
907 1008 1116 1063 animae
1138 1008 1459 1073 dominata,
1483 1015 1658 1080 atque
1687 1007 1851 1064 illam
1877 1011 2060 1063 totam

2205 1005 2307 1078 τρὸς
2365 1006 2462 1075 τήν
2526 1004 2764 1059 ἐναντίαν
2813 1001 3048 1058 διάθεσιν
3103 1003 3404 1076 ὶμποιήσῃ·
3461 998 3598 1054 ὥστε
3638 998 3691 1054 ἂν
3728 999 3827 1072 μὶν

415 1097 539 1154 suis
560 1097 931 1153 sermonibus
955 1097 1312 1163 imbuens,et
1333 1099 1389 1153 in
1407 1097 1676 1153 habitum
1700 1098 2060 1154 contrarium

2207 1099 2348 1170 αιρῷ
2376 1091 2690 1164 πλεονεξίας
2739 1091 2998 1155 ἑκουσίως
3057 1092 3230 1167 ὁρμᾷν
3282 1090 3358 1145 ἐνὶ
3413 1090 3516 1158 τήν
3573 1092 3672 1144 τοῦ
3703 1087 3826 1144 ἴσου

416 1186 696 1243 invidiam
728 1191 785 1242 et
814 1187 1011 1242 odium
1038 1187 1291 1242 concitat
1317 1205 1330 1242 :
1360 1189 1503 1244 adeo
1531 1192 1596 1242 ut
1619 1186 1813 1242 oblata
1835 1187 1883 1242 ei
1904 1203 2063 1242 occa-

2207 1186 2361 1258 ιμήν,
2391 1181 2485 1238 κᾶν
2516 1181 2699 1259 ῥᾴδιον
2732 1181 2768 1258 ᾖ
2797 1182 2860 1237 τὸ
2913 1179 3139 1254 ἀδικεῖν,
3186 1177 3282 1236 κᾶν
3491 1177 3826 1254 ἀμάρτυρον,

413 1276 578 1333 sione
609 1275 800 1330 aliena
822 1277 1108 1348 rapiendi,
1138 1277 1287 1330 ultro
1311 1277 1378 1332 ad
1407 1276 1811 1332 honorandam
1837 1275 2061 1348 ample-

2205 1292 2247 1333 »ς
2307 1272 2556 1346 μέγιστον
2606 1270 2769 1325 κακὸν
2850 1269 3194 1348 ἀποφεύγειν·
3268 1269 3410 1322 οὕτω
3490 1265 3830 1340 διακείμενον

2177 1361 2278 1416 ὑπὸ
2304 1367 2402 1430 τῆς
2434 1360 2485 1414 έν
2527 1359 2700 1433 ἑαυτῷ
2745 1356 2925 1431 ἕξεως,
2968 1355 3188 1414 δυνατὸν
3220 1357 3481 1436 ἀφεθῆναι
3527 1360 3635 1412 τῶν
3687 1377 3828 1432 προο

413 1453 643 1510 etiamsi
669 1453 835 1509 facile
855 1452 907 1509 ei
934 1459 1088 1509 esset
1111 1454 1262 1508 hanc
1294 1454 1576 1525 injuriam
1602 1455 2066 1525 facere,eamque

2207 1450 2344 1524 έρων
2369 1446 2742 1521 ἀδικημάτων.
2799 1448 2942 1504 Κατᾶ
2967 1452 3135 1504 ταῦτα
3185 1445 3252 1516 δὴ
3294 1446 3383 1502 καὶ
3423 1448 3458 1515 ἡ
3493 1444 3821 1524 σωφροσύνη

414 1547 616 1615 utpote
646 1542 774 1598 sine
803 1543 1050 1598 testibus
1095 1543 1494 1611 commissam,
1545 1548 1827 1614 tanquam
1879 1541 2063 1598 maxi-

2205 1540 2278 1610 ειν
2327 1538 2416 1594 καὶ
2465 1540 2626 1611 πῆξιν
2683 1537 2926 1594 λαχοῦσα
2983 1537 3035 1593 έν
3079 1541 3148 1611 τῇ
3191 1540 3369 1613 ψυχῇ,
3426 1533 3655 1591 ἀπολύει
3712 1538 3824 1590 τῶν

417 1647 583 1688 mum
615 1630 838 1686 malum
871 1649 904 1687 a
932 1649 994 1687 se
1027 1631 1334 1704 depellere.
1366 1633 1474 1698 Qui
1508 1633 1592 1687 sic
1635 1633 1692 1686 in
1727 1649 1789 1689 se
1821 1632 2065 1688 affectus

2205 1626 2670 1701 ικολαστημάτων.
2704 1628 2971 1703 Σώφρονα
3020 1624 3078 1682 δὶ
3126 1626 3380 1701 λέγομεν,
3433 1623 3541 1700 οὐχ
3569 1625 3614 1696 ᾧ
3644 1623 3832 1697 ἀπεμα

419 1724 512 1777 est
541 1737 574 1774 a
602 1719 898 1792 prioribus
957 1720 1189 1776 delictis
1236 1725 1428 1792 potest
1475 1721 1717 1777 absolvi.
1773 1721 1948 1777 Porro
1993 1721 2064 1775 ad

2205 1717 2445 1787 dvenam
2510 1717 2614 1772 ὑπὸ
2665 1719 2873 1792 γήρως,
2905 1717 2941 1786 ἢ
3000 1715 3187 1786 νύσου,
3220 1715 3255 1784 ἢ
3306 1715 3408 1770 ὑπὸ
3458 1711 3635 1769 ἄλλου
3679 1713 3830 1776 τινὸς

417 1809 578 1865 hunc
609 1810 847 1864 modum
882 1810 1347 1882 temperantiain
1375 1811 1576 1866 anima
1592 1811 1861 1866 habitum
1891 1809 2068 1864 firmi-

2205 1808 2584 1881 ὐμπτώματος
2631 1808 2686 1861 αἱ
2727 1813 2826 1876 τῆς
2877 1804 3174 1868 ἀκολασίας
3225 1804 3448 1880 ὀρέξεις.
3497 1801 3684 1876 Τούτῳ
3720 1804 3827 1878 γάρ

419 1901 714 1967 tatemque
771 1899 1002 1971 adepta,
1054 1899 1568 1972 intemperantiam
1640 1899 2068 1971 libidinemque

2205 1898 2342 1972 ιμὶν
2374 1895 2536 1952 κακία
2597 1895 2908 1973 ἐνυπάρχει·
2967 1897 3002 1965 ἢ
3055 1893 3114 1950 δὶ
3169 1894 3410 1969 ἐνέργεια
3467 1892 3524 1948 ἐκ
3568 1898 3668 1962 τῆς
3711 1895 3827 1946 τῶν

423 1985 720 2060 proﬂigat.
779 1987 998 2043 Verum
1047 1992 1470 2060 temperantem
1529 1989 2066 2060 continentemque,

2205 1985 2418 2063 ηργάνων
2471 1984 2739 2050 ἀσθενείας
2776 1982 3225 2061 παραποδίζεται.
3279 1980 3454 2042 Ἀλλὰ
3499 1979 3826 2060 σωφροσύνη

426 2092 544 2132 non
575 2092 710 2132 eum
741 2077 1014 2145 dicimus,
1050 2077 1108 2132 in
1159 2093 1273 2149 quo
1329 2094 1442 2150 prae
1490 2078 1653 2134 senio
1700 2078 1785 2134 vel
1843 2080 2070 2148 morbo,

2207 2075 2319 2130 στὶν
2401 2073 2615 2145 ἀληθὴς
2695 2073 3094 2147 ἐπιστημονική
3170 2070 3416 2146 δύναμις,
3463 2069 3832 2126 έντυπωθεῖσα

429 2169 534 2223 aut
563 2165 676 2222 alio
707 2167 984 2239 quopiam
1016 2183 1155 2222 casu
1181 2166 1452 2222 exstincti
1499 2167 1617 2222 sint
1665 2167 1928 2224 libidinis
1977 2185 2074 2240 ap-

2205 2167 2248 2238 πῇ
2279 2166 2432 2238 ψτχῇ
2465 2160 2555 2216 διὰ
2600 2164 2819 2239 βάθους,
2851 2162 2939 2217 καὶ
2986 2161 3054 2216 τὰ
3109 2161 3487 2237 ἆνυπάρχοντα
3535 2158 3665 2235 ἴχνη
3716 2161 3830 2213 τῶν

429 2257 670 2328 petitus.
713 2255 858 2312 Huic
889 2257 1047 2312 enim
1077 2255 1294 2311 insidet
1324 2256 1561 2326 quidem
1588 2257 1793 2313 vitium
1836 2257 2029 2330 ipsum
2055 2275 2070 2314 :

2205 2251 2428 2328 ιῖσχρῶν
2477 2253 2794 2325 κινημάτων
2843 2250 3234 2324 δξασανίζουσα.
3285 2253 3378 2323 Τῷ
3423 2248 3594 2311 οὕτως
3645 2246 3833 2303 ἑαυτὸν

430 2345 582 2402 actio
612 2361 747 2401 vera
774 2345 1125 2418 praepeditur
1145 2361 1247 2416 per
1269 2361 1619 2417 organorum
1646 2346 2070 2402 inﬁrmitatem.

2205 2341 2480 2414 ἰωμένῳ,
2541 2339 2630 2396 διά
2685 2345 2780 2396 τοῦ
2837 2337 3236 2414 ἀναλαμϐάνειν
3293 2343 3392 2408 τήν
3463 2337 3704 2394 ἐναντίαν
3763 2339 3836 2410 τῇ

433 2433 544 2489 Sed
578 2435 938 2491 continentia
965 2451 1124 2505 vera,
1155 2440 1245 2494 est
1279 2435 1529 2492 facultas
1559 2436 1911 2508 cognitionis
1943 2453 2076 2491 cono

2205 2433 2533 2506 ἱμαρτητικῇ
2576 2427 2833 2500 διάθεσιν,
2882 2429 2970 2485 καὶ
3011 2431 3046 2500 ἡ
3089 2426 3234 2504 παρᾶ
3279 2435 3377 2497 τῆς
3427 2427 3837 2503 συγχωρήσεώς

2186 2522 2350 2597 χάρις
2379 2518 2684 2597 ὠφέλιμος.
2737 2521 2797 2576 Ὀ
2848 2516 2906 2574 δὲ
2937 2517 3100 2596 λόγος
3150 2518 3375 2574 ἐνταῦθα
3402 2515 3530 2579 τοὺς
3561 2516 3666 2571 ἀπὸ
3696 2512 3842 2570 πολ-

2188 2608 2301 2665 λῶν
2334 2610 2642 2682 πτωμάτων
2702 2605 2977 2672 πολλάκις
3029 2606 3406 2668 διαναστάντας
3457 2605 3516 2660 έκ
3557 2612 3656 2675 τῆς
3701 2603 3846 2659 κατᾶ

2189 2696 2600 2777 φιλανθρωπίαν
2657 2697 3055 2774 χειραγωγίας,
3113 2697 3224 2752 εἶτα
3300 2695 3520 2772 ὕστερον
3575 2694 3677 2749 ὑπὸ
3727 2696 3840 2747 τῶν

2187 2790 2471 2854 ἀσθενειῶν
2524 2787 2909 2863 κρατηθέντας,
2961 2784 3182 2848 ἀπεςλεῐ
3251 2782 3534 2848 παντελῶς
3588 2784 3840 2861 ἀφήσειν.

2187 2879 2446 2936 Ἐνταῦθα
2516 2877 2599 2947 τὸ,
2677 2875 2893 2946 Οὐκέτι,
2954 2870 3181 2954 ἔμφασιν
3250 2877 3385 2948 ἡμῖν
3448 2872 3675 2949 παρέχει
3739 2876 3843 2926 τοῦ

433 2965 850 3025 interminatur
899 2971 1042 3038 fore,
1095 2977 1159 3028 ut
1209 2988 1450 3043 prorsus
1496 2970 1764 3042 repudiet
1808 2986 1929 3040 eos,
1979 2968 2078 3041 qui

2205 2965 2459 3028 πολλάκις
2487 2963 2596 3036 ἤδη
2628 2965 2889 3042 πρότερον
2924 2964 3008 3020 ἐπὶ
3055 2969 3174 3029 τοῖς
3219 2962 3437 3037 ὁμοίοις
3482 2981 3841 3040 συγκεχωρη-

435 3059 752 3128 postquam
783 3075 816 3114 a
847 3059 1051 3116 multis
1081 3061 1317 3117 casibus
1347 3077 1476 3118 sese
1507 3063 1836 3126 erexerunt,
1878 3061 2081 3130 utpote

2205 3055 2356 3113 ιέναι.
2414 3054 2597 3129 Χωρὶς
2679 3055 2780 3130 γὰρ
2856 3060 2956 3124 τῆς
3033 3052 3181 3128 παρὰ
3222 3057 3321 3109 τοῦ
3374 3056 3508 3109 Θεοῦ
3576 3052 3839 3130 ἀτρέσεως,

436 3159 472 3200 a
506 3145 616 3201 Deo
646 3147 720 3202 ob
769 3165 946 3204 suum
993 3149 1052 3204 in
1106 3151 1368 3207 homines
1414 3149 1566 3206 408
1617 3164 1874 3204 amorem
1925 3147 2081 3203 velut

2205 3143 2491 3201 imStSovat
2533 3145 2656 3199 τινὰ
2699 3142 2886 3199 ἑαυτὸν
2930 3147 3011 3216 τῷ
3064 3144 3181 3198 κατ’
3230 3144 3425 3217 ἀρετὴν
3457 3141 3584 3218 βίῳ,
3614 3141 3844 3216 ἀμήχα-

434 3247 615 3289 manu
644 3235 860 3305 educti,
897 3245 1015 3293 tum
1047 3239 1286 3295 demum
1309 3237 1634 3294 infirmitati
1660 3237 2077 3293 succumbunt.

2205 3256 2302 3291 ρον.
2335 3234 2435 3289 Διᾶ
2487 3237 2648 3289 τοῦτο
2704 3234 2732 3288 ὁ
2788 3237 2970 3308 σοφῶς
3023 3234 3184 3306 ἡμῶν
3244 3216 3549 3304 οἷκονομῶν
3598 3229 3842 3304 τὴν

435 2520 702 2590 ciliatrix,
733 2541 860 2596 quae
892 2525 947 2579 in
980 2525 1188 2582 intimo
1221 2527 1426 2583 animae
1477 2541 1708 2581 recessu
1765 2525 2076 2596 impressa,

434 2609 715 2667 intestina
747 2615 1008 2686 turpium
1044 2621 1314 2672 motuum
1342 2615 1588 2685 vestigia
1614 2613 1787 2670 delet.
1823 2614 1930 2678 Qui
1964 2613 2078 2669 sibi

431 2697 518 2756 sic
548 2700 834 2770 medetur,
867 2717 933 2758 eo
964 2705 1119 2774 quod
1153 2704 1420 2760 habitum
1454 2701 1683 2758 atl‘ectui
1720 2703 1792 2757 ad
1840 2717 2078 2773 peccan-

435 2788 576 2844 dum
611 2791 998 2861 propendenti
1033 2793 1388 2848 contrarium
1422 2791 1804 2864 recuperat,ei
1828 2790 1970 2846 utile
1990 2794 2083 2846 est

429 2878 611 2933 veniae
642 2879 860 2935 donum
892 2898 959 2936 ac
990 2882 1379 2939 conducibile.
1432 2883 1558 2937 Haec
1607 2896 1742 2936 vero
1790 2880 2082 2936 sententia

437 3321 568 3378 Haec
596 3339 724 3389 vox,
773 3325 888 3382 Non
937 3329 1192 3398 amplius,
1244 3327 1415 3383 nobis
1462 3326 1684 3382 indicat
1719 3327 1844 3398 jam
1889 3343 2082 3398 erepu-

439 3427 686 3468 numero
717 3413 937 3471 similia
966 3416 1188 3488 ﬂagitia
1218 3417 1382 3488 prius
1415 3416 1599 3472 fuisse
1628 3416 1975 3472 condonata.
1999 3415 2084 3470 Si-

437 3500 679 3572 quidem
713 3502 835 3558 fieri
859 3505 1082 3577 nequit,
1116 3511 1180 3560 ut
1209 3506 1342 3577 quis
1371 3506 1498 3560 sine
1529 3506 1695 3560 venia
1751 3521 1876 3576 qua:
1908 3522 1942 3560 a
1970 3505 2085 3561 Deo

440 3591 814 3663 concedatur,
846 3594 978 3649 vita:
1008 3595 1330 3650 secundum
1376 3594 1654 3649 virtutem
1713 3594 2084 3649 instituendis

443 3693 569 3735 sese
599 3681 794 3736 dedat.
830 3683 1048 3739 Idcirco
1079 3685 1209 3754 ejus
1258 3684 1355 3754 qui
1413 3683 1710 3756 sapienter
1754 3684 1933 3738 vitam
1983 3699 2086 3738 no-

443 3769 625 3824 stram
659 3770 986 3840 dispensat,
1015 3789 1184 3830 mens
1215 3777 1304 3829 est
1333 3772 1748 3845 voluntasque,
1775 3780 1835 3829 ut
1867 3773 1960 3828 his
1989 3771 2086 3842 qui

2195 3325 2365 3395 ζωὴν,
2416 3323 2508 3378 τὸν
2583 3316 2637 3376 ἕν
2692 3343 2830 3377 τισιν
2916 3321 3203 3397 ἁμαρτίαις
3285 3317 3646 3394 ὲξετασθέντά,
3727 3321 3846 3374 εἷτα

2193 3413 2507 3488 ἀνατρέχειν
2542 3409 2629 3467 ὲπῖ
2674 3412 2768 3467 τὸν
2819 3413 2939 3488 ὑγιῆ
2995 3411 3109 3488 βίον
3161 3409 3663 3487 ἐπαγγελλόμενον,
3712 3407 3844 3484 βού-

2193 3500 2583 3574 λεται,πέρατι
2640 3502 2733 3576 μὶν
2786 3501 2985 3578 ὁρίζειν
3029 3502 3097 3556 τὰ
3147 3498 3508 3574 παρελθόντα,
3553 3499 3732 3575 ἀρχὴν
3787 3494 3847 3552 δὶ

2191 3613 2313 3648 τινα
2341 3593 2615 3647 ποιεῖσθαι
2667 3591 2800 3665 μετὰ
2850 3591 2917 3646 τὰ
2973 3589 3361 3667 ἡμαρτημένα,
3402 3588 3568 3644 οἱονεῖ
3627 3585 3717 3642 διὰ
3741 3593 3847 3656 τῆς

2199 3681 2476 3756 μετανοίας
2534 3675 2957 3736 ἀναϐιώσκοντα·
3017 3683 3262 3755 συνεχῶς
3335 3675 3393 3734 δὶ
3463 3682 3630 3734 ταῦτα
3686 3676 3848 3751 έπαγ-

2193 3769 2555 3848 γελλόμενον,
2606 3770 2694 3825 καὶ
2777 3774 3020 3845 συνεχῶς
3078 3768 3254 3824 αὐτῶν
3308 3767 3706 3838 ἀποπίπτοντα,
3767 3766 3844 3828 ὡς

441 3856 503 3912 in
535 3859 790 3930 peccatis
821 3861 1178 3932 quibusdam
1210 3866 1478 3918 versatus
1506 3868 1615 3934 est,
1648 3867 1707 3919 et
1753 3862 1965 3918 deinde
2012 3862 2084 3917 ad

2205 3858 2475 3922 παντελῶς
2508 3858 2666 3914 αὐτὸν
2701 3861 2812 3932 (57)
2843 3856 3257 3935 ἀπεγνωσμένον
3287 3865 3387 3928 τῆς
3428 3855 3848 3934 φιλανθρωπίας

443 3947 737 4004 saniorem
769 3949 898 4005 vita:
946 3951 1231 4007 rationem
1284 3951 1591 4024 pollicetur
1640 3968 1770 4008 sese
1821 3956 2087 4023 receptu-
2196 3947 2448 4005 ίκκλείει.

448 4053 605 4105 rum,
638 4039 811 4095 finem
845 4040 1111 4113 imponat
1142 4041 1475 4115 praeteritis,
1509 4043 1778 4112 factoque
1812 4046 1942 4113 post
1973 4044 2213 4112 peccata
2240 4040 2411 4096 initio
2437 4041 2714 4112 quodam,
2746 4040 2917 4111 quasi
2948 4056 3052 4112 per
3081 4037 3480 4112 paenitentiam
3522 4035 3851 4092 reviviscat.

449 4125 684 4193 Contra,
718 4129 815 4200 qui
847 4130 1047 4186 isthec
1081 4131 1372 4202 promittit
1401 4133 1528 4186 sine
1561 4129 1682 4184 ulla
1710 4129 2169 4198 intermissione,
2201 4134 2259 4186 et
2279 4130 2500 4202 jugiter
2520 4129 2591 4185 ab
2623 4128 2718 4185 his
2747 4128 2981 4198 excidit,
3013 4127 3181 4184 illum
3212 4127 3373 4184 velut
3429 4125 3662 4199 penitus
3711 4125 3855 4181 des-

445 4219 714 4286 peratum
746 4234 781 4272 a
809 4235 918 4273 sua
945 4218 1256 4276 clementia
1283 4218 1556 4274 excludit.

519 4322 609 4376 35.
642 4327 820 4379 Vsas.
853 4323 945 4380 45.
989 4328 1124 4382 Cum
1167 4325 1532 4380 extendcritis
1582 4341 1802 4394 manus,
1852 4329 2090 4380 avertam

2274 4327 2364 4381 35.
2457 4325 2621 4381 Ὅταν
2711 4323 2979 4394 έκτείνητε
3056 4323 3152 4387 τὰς
3232 4328 3444 4400 χεῖρας,
3531 4321 3860 4397 ἀποστρέψω

448 4409 636 4467 oculos
664 4428 812 4468 meo:
844 4430 876 4466 α
906 4414 1077 4470 vobis.
1109 4415 1215 4480 Qui
1261 4413 1452 4484 specie
1497 4419 1671 4468 tenus
1715 4418 1772 4468 et
1819 4413 2090 4469 simulate

2205 4412 2328 4475 τοὺς
2383 4412 2703 4490 ὀφθαλμούς
2749 4434 2854 4487 μου
2909 4413 2998 4490 ἀφ’
3054 4414 3229 4486 ὑμῶν.
3288 4413 3354 4470 Οἱ
3415 4410 3581 4487 μέχρι
3628 4411 3864 4486 σχήμα-

445 4503 637 4567 orant,
669 4517 880 4556 manus
912 4501 1151 4572 quidem
1182 4503 1542 4573 expandunt,
1577 4519 1692 4556 non
1745 4510 1941 4558 tamen
1995 4503 2090 4559 Dei

2205 4521 2295 4564 τος
2352 4501 2790 4578 προσευχόμενοι
2837 4501 2934 4565 τὰς
2989 4503 3083 4576 μὶν
3115 4507 3307 4577 χεῖρας
3364 4500 3678 4567 ἔκτείνουσι,
3724 4500 3860 4565 τοὺς

446 4587 649 4646 oculos
681 4589 897 4646 habent
925 4591 995 4646 ad
1028 4607 1226 4648 eorum
1259 4591 1651 4663 precationem
1673 4591 1950 4648 intentos.
1977 4593 2090 4647 Ca2-

2206 4587 2264 4645 δὲ
2314 4592 2488 4653 θείους
2543 4591 2860 4670 ὀφθαλμοὺς
2937 4587 3330 4654 ἑπιόλέποντας
3396 4593 3572 4647 αὐτῶν
3627 4591 3704 4655 εἷς
3752 4593 3860 4660 τὴν

445 4681 639 4756 terum
672 4678 767 4734 hic
798 4680 1004 4736 orandi
1040 4680 1247 4736 modus
1277 4681 1496 4736 sanctis
1528 4681 1644 4736 fuit
1671 4681 2003 4750 familiaris,
2033 4685 2090 4737 ut

2205 4682 2522 4756 προσευχὴν
2554 4681 2654 4736 οὐκ
2677 4678 2887 4757 ἔχουσι.
2941 4680 3115 4738 Πάλιν
3164 4677 3224 4735 δὶ
3269 4684 3431 4735 τοῦτο
3480 4679 3705 4751 σύνηθες
3734 4684 3862 4742 τοῖς

451 4767 770 4825 didicimus
799 4785 869 4824 ex
898 4768 1113 4825 Davide
1142 4768 1372 4825 dicente
1402 4785 1414 4825 :
1438 4770 1704 4842 Expandi
1721 4771 1791 4826 ad
1817 4773 1870 4828 te
1899 4787 2090 4827 manu:

2205 4768 2381 4846 ἀγίοις
2409 4769 2472 4824 τὸ
2503 4773 2696 4844 σχῇμα
2723 4776 2826 4840 τῆς
2877 4776 3193 4847 προσευχῆς
3267 4769 3344 4834 ὡς
3383 4769 3528 4846 πσρὰ
3556 4763 3722 4824 Δαϐὶδ
3757 4789 3860 4843 με-

521 5036 635 5112 (54)
667 5039 828 5112 Unus
859 5036 1367 5112 e’_Combeiisianis
1412 5037 1737 5112 codicibus,
1758 5109 1766 5112 _
1787 5034 2098 5112 λογισμοῖς.

448 5106 925 5183 Editi'etfeliqui
957 5126 1102 5166 mss.
1139 5106 1352 5183 λόγοις.
1390 5111 1636 5183 Ibidem,
1668 5109 1771 5165 ubi
1793 5106 2011 5182 legitur
2040 5108 2100 5163 in

450 5175 983 5254 ρᾶίιὶεηδιαλᾴϐὴν.
1045 5175 1330 5254 scriptum
1391 5175 1678 5254 reperitur
1735 5183 1795 5236 in
1849 5175 2103 5254 quatuor

450 5247 942 5323 ωεεηδιαϐολήν.
977 5254 1084 5308 Sed
1121 5247 1326 5309 neutra
1355 5247 1473 5308 vox'
1494 5253 1684 5324 placet
1728 5247 2099 5319 Combelisio,

455 5327 796 5381 mavultaue
859 5326 1070 5381 legere.
1121 5321 1414 5381 διαμονήν.
1466 5325 1717 5380 habitum
1777 5326 1998 5381 ﬁrmum
2051 5332 2103 5380 et

455 5327 796 5397 mavultque
859 5326 1070 5398 legere,
1121 5326 1414 5397 διαμονήν,
1466 5326 1717 5380 habitum
1775 5326 1998 5394 ﬁrmum
2051 5332 2103 5380 et

451 5403 808 5455 constantem.
843 5397 1039 5466 Neque
1069 5396 1161 5453 bis
1205 5401 1516 5452 contentus
1573 5401 1683 5463 est,
1733 5398 1832 5452 sed
1887 5398 2104 5468 profert

454 5485 574 5528 non
607 5487 811 5543 pauca,
846 5475 911 5525 ut
937 5485 1064 5543 eam
1099 5471 1455 5543 scripturam
1490 5470 1893 5543 appr_obet._At
1931 5468 2102 5543 nobis

454 5559 549 5598 res
577 5539 723 5600 tanti
752 5559 866 5597 non
899 5541 1147 5611 videtur,
1181 5539 1244 5596 ut
1276 5540 1408 5611 plus
1438 5540 1497 5594 in
1529 5556 1596 5611 ea
1629 5539 1847 5595 laboris
1878 5556 1945 5596 ac
1963 5539 2101 5611 dili-

454 5616 666 5740 gentiae
699 5604 1196 5704 ponam_us.,Alter
1239 5604 1573 5669 Combelisii
1619 5611 1814 5683 codex,
1865 5604 2099 5665 καταϐα-

495 5705 646 5740 ουσα.
677 5679 957 5740 διαϐαλειν
987 5683 1156 5740 αυτὴν
1186 5683 1346 5740 πρός.
1377 5687 1484 5740 etc.
1519 5683 1781 5740 Denlaue
1812 5683 1948 5740 Rea.
2007 5701 2099 5740 se-

415 5729 428 5738 .
456 5679 646 5758 λοῦσα,
677 5679 957 5741 διαϐαλεῖν
987 5682 1156 5752 αὐτὴν
1186 5683 1346 5760 πρός,
1377 5687 1484 5743 etc.
1519 5683 1781 5758 Denique
1799 5679 1948 5758 'Reg.
2007 5701 2102 5742 se-

2212 5039 2465 5105 cundus,
2495 5033 2877 5111 καταϐαλοῦσα
2910 5032 3221 5111 μεταϐολὴν
3255 5035 3416 5111 αὐτῇ,
3447 5041 3560 5111 etc.

2284 5111 2398 5182 (55)
2428 5111 2601 5166 Editi.
2635 5110 2746 5166 καί.
2777 5115 2852 5182 At
2881 5106 2982 5168 sex
3013 5127 3181 5177 mss.,
3212 5106 3332 5165 κᾶν.
3363 5106 3482 5167 Hoc
3503 5109 3631 5182 ipso
3652 5107 3712 5164 in
3735 5107 3870 5168 loco

2213 5181 2328 5260 duo
2375 5181 2544 5250 3188.,
2587 5182 2662 5260 ᾡς
2722 5181 2986 5260 μεγίστων
3049 5185 3228 5236 κακῶν
3290 5181 3594 5260 ἀποφυγήν.
3652 5182 3868 5240 Statim

2212 5253 2352 5325 Reg.
2389 5255 2709 5325 secundus,
2745 5253 2813 5309 ἐν’
2831 5254 2996 5326 αὐτῷ.

2287 5320 2399 5398 (56)
2422 5327 2518 5401 Sic
2543 5320 2844 5401 Atresjmss.
2877 5320 3142 5401 Atediti,
3169 5320 3259 5378 διὰ
3282 5327 3442 5401 τοῦτο
3479 5326 3660 5401 σαφῶς
3711 5323 3868 5401 οἶκο-

2212 5395 2516 5469 νομεῖτόν,
2543 5398 2699 5454 haud
2722 5405 2896 5455 recte.
2932 5395 3152 5455 Ibidem
3175 5397 3338 5471 gravi
3369 5395 3580 5471 mendo
3602 5395 3662 5452 in
3687 5398 3870 5471 editis

2213 5465 2358 5594 cf'in
2391 5465 2509 5526 uno
2541 5472 2738 5528 codice
2769 5465 3206 5529 Combeﬁsiano
3230 5469 3462 5542 legitur,
3482 5465 3678 5523 ἔκτισιν
3696 5468 3869 5543 ἆμαρ.

2213 5560 2242 5594 τ
2271 5561 2377 5594 αις.

2211 5560 2377 5602 τιαις.

2283 5614 2396 5687 (57)
2425 5613 2518 5670 Sic
2549 5629 2692 5672 mss.
2726 5613 2965 5687 aliquot.
2993 5611 3169 5682 Editi,
3198 5609 3393 5670 αὐτῶν.
