4134 6212
315 407 438 470 189

1164 403 1576 466 COMMENT.
1622 405 1701 465 IN
1747 401 2021 465 ISAIAM
2075 403 2578 466 PROPHETAM.
2624 407 2793 468 OAP.
2839 407 2888 468 Ι.

3625 409 3741 471 190

318 540 648 614 μαθήκαμεν
701 535 981 612 λέγοντος·
1045 536 1340 591 Διεπέτασα
1398 537 1535 611 πρὸς
1593 536 1652 590 σὲ
1705 535 1800 598 τὰς
1849 539 1976 610 χεῖ-

2097 553 2238 592 meas
2266 545 2288 580 ι
2319 541 2453 594 :et:
2488 540 2729 596 Elevaiio
2779 556 3048 596 manuum
3086 555 3340 596 mearum
3394 541 3736 613 sacriﬁcium

317 628 418 705 ράς
488 647 614 702 μου·
693 627 805 695 καὶ,
887 627 1150 700 Ἐπαρσις
1224 630 1330 680 τῶν
1395 630 1598 702 χειρῶν
1659 646 1762 698 μου
1822 625 1978 689 θυσία

319 718 602 793 ἐσπερινῆ·
679 716 955 777 Μωυσέως
1021 712 1097 787 δέ,
1149 713 1572 788 πολεμουμένου
1613 719 1709 769 τοῦ
1755 713 1976 790 Ἰσραὴλ

325 808 524 882 μέχρις
566 803 732 874 ἡλίου
782 801 1022 876 δυσμῶν·
1063 802 1117 858 ἐν
1143 807 1212 877 τῇ
1239 802 1447 859 ἐκτάσει
1476 805 1571 868 τὰς
1601 809 1790 879 χεῖρας
1821 801 1977 878 ἔχον-

320 917 435 958 τος.
472 893 578 951 Καὶ
608 893 744 969 πρὸς
775 896 944 946 ταῦτα
971 889 1028 946 δέ
1055 893 1118 946 τὸ
1152 894 1265 966 (58)
1315 890 1700 961 ἀποστολικὸν,
1733 890 1784 946 ἐν
1818 891 1977 946 παντὶ

314 985 476 1056 τόπῳ
525 982 922 1058 προσεύχεσθαι
969 979 1096 1042 τοὺς
1143 978 1361 1055 ἄνδρας,
1431 980 1746 1057 ἐπαίροντας
1798 981 1978 1043 ὁσίους

317 1078 539 1148 χεῖρας.
571 1073 724 1148 Τάχα
776 1067 832 1126 δὲ
883 1091 934 1124 τι
990 1069 1080 1124 καὶ
1145 1069 1435 1146 βαθύτερον
1494 1071 1522 1125 6
1583 1065 1745 1146 λόγος
1799 1090 1977 1145 παρα·

314 1161 510 1233 δηλοῖ”
573 1161 718 1216 ’ὀτιὸ
770 1159 838 1214 τὰ
895 1158 1108 1234 μεγάλα
1163 1158 1253 1213 καὶ
1300 1159 1518 1234 οὐράνια
1548 1161 1635 1214 καὶ
1672 1158 1858 1234 ὑψηλὰ
1887 1159 1978 1231 ἐρ-

311 1251 642 1329 γαζόμενος,
721 1249 855 1303 οἱνεὶ
926 1245 1230 1323 διηρμένην
1298 1243 1444 1324 ἔχων
1519 1251 1618 1318 τήν
1675 1249 1975 1324 πρακτικὴν

318 1338 580 1412 δύναμιν,
615 1337 855 1410 ἐπαίρειν
907 1339 1001 1400 τὰς
1062 1342 1252 1414 χεῖρας
1300 1336 1532 1413 λέγεται·
1596 1339 1623 1392 ὁ
1683 1335 1741 1393 δὲ
1791 1359 1979 1393 ταπει-

313 1430 381 1484 νὰ
425 1427 518 1482 καὶ
586 1429 752 1502 γήινα
822 1425 913 1480 καὶ
981 1430 1050 1500 τῇ
1108 1428 1283 1503 φθορᾷ
1340 1427 1668 1500 ὑποκείμενα
1721 1426 1977 1502 ἐνεργῶν,

314 1515 470 1573 κάτω
498 1515 762 1593 ῥεπούσας
789 1514 879 1570 καὶ
929 1509 1413 1589 καταϐεϐλημένας
1458 1517 1554 1578 τὰς
1613 1521 1804 1592 χεῖρας
1837 1511 1975 1592 ἔχει.

319 1609 508 1665 Τοῦτο
558 1607 646 1660 καὶ
698 1607 734 1675 ἡ
803 1604 942 1659 κατὰ
988 1603 1225 1661 Μωϋσὲα
1280 1605 1684 1682 παραινίσσεται
1743 1605 1977 1680 ἱστορία,

316 1694 408 1752 ὅτι
462 1692 553 1750 διὰ
598 1695 663 1749 τὸ
707 1693 836 1756 τοὺς
890 1690 1300 1769 προκόπτοντος
1362 1695 1438 1767 μὴ
1491 1695 1827 1768 ἐξομαλίζειν
1882 1697 1977 1758 τὰς

312 1784 565 1862 πράξεις,
614 1782 761 1839 ἀλλὰ
809 1783 944 1838 ποτὶ
999 1783 1093 1856 μὶν
1140 1787 1384 1858 κρεῖττον
1448 1785 1620 1859 βιοῦν,
1665 1787 1798 1840 ποτὲ
1826 1781 1883 1839 δὶ
1909 1781 1977 1838 δι’

309 1873 537 1930 ἀτονίαν
610 1871 896 1936 ἐκλύεσθαι
955 1871 1045 1928 καὶ
1117 1871 1493 1949 ἀσθενέστερον
1570 1873 1824 1951 ἐνεργεῖν,
1876 1881 1977 1944 τῆς
2008 1912 2056 1978 Β

322 1961 343 1978 .
384 1963 412 1978 ι.
552 1959 565 1978 ,
928 1959 939 1978 ι
1183 1959 1196 1978 1
1253 1956 1282 1978 ρ
1322 1959 1344 1978 ς
1457 1963 1486 1978 ν
1608 1963 1622 1978 ε
1705 1961 1718 1978 ι
1934 1961 1946 1978 ο

315 1959 660 2036 ἀνθρωπίνης
708 1959 1082 2022 καταστάσεως
1137 1956 1394 2034 σύμϐολα
1448 1963 1513 2031 ἦν
1563 1963 1632 2017 τὰ
1658 1961 1781 2017 τότε
1827 1961 1978 2037 γινό-

322 2071 478 2126 μενα.
536 2049 601 2104 Et
657 2051 754 2124 μὶν
807 2049 913 2125 γὰρ
971 2048 1140 2121 ἐπῆρε
1167 2050 1261 2112 τὰς
1311 2055 1525 2125 χεῖρας,
1572 2049 1813 2126 ἐνίσχυεν
1867 2053 1978 2125 (59)

317 2143 348 2196 6
407 2142 654 2213 Ἰσραήλ·
708 2141 798 2195 ὅτε
824 2137 881 2195 δὲ
908 2141 1114 2210 καθῆκε
1141 2138 1237 2202 τὰς
1270 2145 1480 2216 χεῖρας,
1513 2141 1834 2218 κατίσχυσεν
1868 2144 1984 2216 (60)

319 2228 606 2302 Ἀμαλήκ.
660 2230 963 2301 Τουτὲστι,
1017 2228 1467 2300 καταπιπτούσης
1530 2231 1624 2304 μὲν
1672 2233 1832 2304 ἡμῶν
1880 2237 1980 2301 τῆς

325 2318 628 2395 δραστικῆς
675 2316 982 2392 δυνάμεως,
1044 2317 1226 2394 ΐσχύει
1254 2319 1322 2374 τὰ
1370 2318 1792 2375 ἀντιπαλαίοντα
1821 2322 1978 2393 ἡμῖν.

333 2407 654 2484 ὗψουμένης
685 2405 742 2462 δὲ
769 2408 857 2462 καὶ
891 2405 1267 2483 διαιρυμένης,
1320 2405 1683 2486 δυνατώτερον
1734 2411 1844 2483 (61)
1900 2408 1984 2484 γί-

331 2518 482 2553 νεται
527 2498 590 2552 τὸ
641 2495 948 2570 διορατικὸν
998 2497 1048 2552 ἐν
1098 2499 1258 2570 ἡμῖν,
1304 2496 1434 2573 ὅπερ
1489 2497 1710 2572 Ἰσραὴλ
1743 2497 1982 2573 λέγεται.

336 2590 504 2663 Τήρει
562 2583 639 2658 δὲ,
698 2584 782 2640 ὅτι
840 2584 1064 2651 ἐνταῦθα
1122 2587 1221 2642 οὐκ
1270 2586 1696 2664 εἷ’ρηται,¹Ὀταν
1730 2587 1987 2664 ἐπαίρητε

331 2678 433 2739 τὰς
492 2681 682 2751 χεῖρας
741 2677 874 2748 (62)·
937 2675 1098 2746 ἀλλ’,
1157 2678 1320 2734 Ὃταν
1378 2674 1682 2748 ἐκτείνητε.
1743 2677 1984 2752 Ἐπαίρει

337 2767 436 2839 μὶν
493 2765 594 2841 γὰρ
655 2767 682 2821 6
739 2763 807 2820 τὰ
862 2765 969 2820 ἅνω
1031 2769 1228 2836 ζητῶν,
1288 2765 1504 2820 ἐκτείνει
1549 2765 1790 2837 δέὁτῆς
1818 2767 1892 2828 εἷς
1920 2766 1988 2822 τὰ

333 2854 624 2928 σωματικᾶ
666 2853 921 2930 βοηθείας
964 2851 1334 2927 ἐπιδεόμενος.
1364 2853 1590 2924 Ἐπειδὴ
1625 2853 1682 2910 δέ
1710 2857 1744 2926 ἡ
1777 2850 1986 2919 ἕκτασις

328 2941 606 3004 πολλάκις
656 2941 794 2996 κατὰ
847 2937 1079 2996 διάθεσιν
1126 2941 1272 3016 παρὰ
1323 2946 1431 2996 τῶν
1460 2941 1671 3013 νηπίων
1703 2943 1838 3018 πρὸς
1864 2963 1984 3016 τρο-

334 3030 470 3106 φοὺς
501 3031 538 3099 ἢ
575 3030 818 3104 μητέρας
849 3029 1074 3105 γίνεται,
1118 3027 1326 3092 δεικνὸς
1372 3034 1480 3085 τῶν
1533 3029 1847 3106 εὐχομένων
1895 3032 1986 3086 τὸν

337 3117 646 3188 ἀδιάθετον,
697 3118 795 3173 οὐκ
846 3119 1010 3189 εἶπεν,
1055 3120 1223 3177 ’Ὀταν
1269 3117 1538 3190 ἐκτείνητε
1565 3120 1704 3195 πρὸς
1740 3121 1824 3194 μέ⁶
1859 3120 1984 3176 ἀλλ’

335 3205 532 3269 ἁπλῶς
567 3250 582 3276 ,
634 3209 798 3265 Ὅταν
853 3206 1166 3277 ἐκτείνητε,
1221 3207 1391 3286 φησὶ,
1448 3209 1544 3270 τὰς
1607 3214 1798 3285 χεῖρας
1846 3212 1982 3284 (63),

2085 629 2458 699 vespertinum
2487 630 2526 684 ⁵.
2561 629 2709 697 Quin
2743 629 2919 685 etiam
2951 630 3199 702 Moyses,
3219 629 3432 685 Israele
3455 631 3525 686 ad
3548 647 3736 702 usque

2087 716 2228 772 solis
2262 733 2534 772 occasum
2561 724 2878 790 pugnante,
2905 735 3118 774 manus
3148 718 3738 774 extendebat'.Acce-

2088 805 2175 860 dit
2203 809 2260 860 et
2291 805 2435 860 illud
2473 807 2750 878 Apostoli,
2781 808 2882 879 qui
2913 807 3038 863 vult
3089 809 3245 863 viros
3303 808 3363 862 in
3420 807 3579 864 omni
3612 806 3736 863 loco

2088 909 2274 964 orare,
2337 894 2712 951 sustollentes
2759 913 2938 968 puras
2997 914 3210 952 manus
3238 897 3278 949 ⁸.
3314 897 3482 952 Forte
3539 899 3734 952 autem

2087 982 2378 1038 sententia
2405 983 2610 1039 isthmc
2640 984 2973 1040 abstrusius
3000 983 3282 1056 quiddam
3343 982 3565 1038 indicat
3594 999 3607 1039 :
3640 981 3733 1037 ni-

2088 1070 2302 1127 mirum
2334 1088 2468 1126 cum
2500 1072 2792 1144 quispiam
2825 1089 3039 1144 magna
3068 1072 3442 1143 cmlestiaque
3472 1075 3529 1126 et
3552 1069 3735 1126 subli-

2088 1159 2206 1214 mia
2238 1165 2596 1232 operatur,et
2625 1161 2793 1232 quasi
2818 1162 2933 1216 vim
2955 1161 3162 1233 agendi
3198 1161 3372 1216 habet
3394 1161 3450 1214 in
3483 1159 3736 1215 sublime

2087 1250 2448 1318 erectam,ris
2478 1250 2742 1306 attollere
2776 1269 2988 1308 manus
3004 1251 3253 1319 dicitur;
3286 1250 3386 1323 qui
3418 1254 3611 1306 autem
3632 1249 3732 1306 ab-

2079 1340 2239 1411 jecta
2268 1355 2334 1393 ac
2365 1340 2663 1395 terrestria
2693 1344 2795 1395 aut
2851 1340 3210 1412 corruptioni
3254 1338 3504 1395 obnoxia
3533 1337 3732 1403 efﬁcit,
3777 1403 3788 1416 γ

2087 1428 2180 1484 hic
2211 1445 2422 1484 manus
2453 1429 2616 1484 humi
2651 1435 2950 1502 reptantes
2981 1430 3155 1485 habet
3201 1445 3266 1484 ac
3309 1429 3580 1500 dejectas.
3615 1426 3734 1482 Hoc

2087 1517 2263 1573 etiam
2296 1517 2465 1573 nobis
2497 1519 2692 1573 innuit
2734 1519 2946 1591 Moysis
3007 1517 3286 1586 historia;
3345 1517 3561 1590 quippe
3603 1531 3732 1588 qum

2087 1611 2228 1663 tunc
2260 1606 2497 1674 ﬁebant,
2531 1606 2885 1663 conditionis
2925 1606 3196 1662 humana;
3249 1611 3417 1662 erant
3446 1605 3732 1678 symbols,

2089 1697 2241 1768 quod
2277 1695 2313 1750 ii
2348 1695 2445 1767 qui
2478 1696 2811 1768 proﬁciunt,
2844 1713 2960 1752 non
2993 1695 3116 1768 pari
3178 1695 3402 1750 ratione
3441 1711 3506 1750 ac
3535 1699 3737 1750 tenore

2089 1790 2443 1856 operantur:
2479 1786 2578 1840 sed
2607 1785 2779 1841 modo
2802 1784 3016 1840 melius
3044 1784 3268 1850 vivunt,
3303 1783 3476 1839 modo
3505 1799 3640 1838 vero
3662 1782 3736 1838 ob

2088 1873 2552 1930 imbecillitatem
2591 1874 2964 1946 franguntur,
2986 1890 3245 1945 suasque
3274 1871 3617 1945 languidius
3639 1887 3735 1926 ex-

2087 1967 2293 2019 serunt
2321 1963 2833 2018 actiones.Etenim
2859 1963 2907 2018 si
2940 1963 3167 2036 Moyses
3189 1961 3478 2017 attolleret
3501 1977 3736 2028 manus,

2086 2051 2354 2108 vincebat
2384 2052 2592 2108 Israel:
2633 2054 2868 2125 quando
2898 2068 3032 2108 vero
3063 2069 3162 2108 eas
3193 2051 3560 2117 demittebat,
3592 2067 3737 2122 pras-

2088 2142 2320 2198 valebat
2341 2143 2590 2201 Amalec.
2627 2144 2745 2200 Hoc
2776 2147 2883 2214 est,
2937 2149 3139 2200 nostra
3195 2143 3443 2199 facultas
3497 2146 3739 2198 actuosa

2092 2231 2141 2287 si
2173 2232 2407 2300 quando
2422 2231 2782 2287 faticescitac
2805 2233 3282 2304 prosternitur,in
3301 2248 3406 2287 nos
3423 2229 3739 2304 praevalent

2092 2321 2435 2378 adversarios
2458 2326 2776 2394 potestates
2804 2339 2817 2377 :
2852 2338 2881 2378 e
2905 2321 3217 2391 contrario,
3239 2322 3287 2378 si
3317 2338 3384 2377 ea
3412 2319 3646 2378 sublata
3676 2319 3736 2375 in

2095 2409 2279 2465 altum
2314 2410 2390 2465 sit
2409 2415 2466 2466 et
2495 2415 2706 2478 erecta,
2741 2411 2828 2466 vis
2863 2417 3064 2466 nostra
3088 2411 3340 2477 vivendi,
3387 2427 3514 2482 qua
3561 2408 3736 2465 Israel

2095 2498 2333 2565 dicitur,
2355 2499 2508 2555 vires
2531 2501 2782 2570 majores
2813 2501 3081 2555 resumit.
3115 2501 3374 2556 Observa
3413 2503 3607 2554 autem
3641 2498 3738 2554 hic

2095 2603 2209 2642 non
2243 2603 2372 2644 esse
2393 2589 2784 2656 dictum,Gum
2817 2587 3173 2644 sustuleritis
3202 2605 3411 2643 manus
3438 2587 3738 2653 :sed,Cum

2093 2678 2472 2733 extenderilis.
2505 2678 2805 2750 Siquidem
2838 2678 2938 2750 qui
2969 2678 3179 2750 quaerit
3210 2676 3736 2747 sublimia,sustol-

2093 2766 2161 2821 lit
2191 2784 2204 2821 :
2241 2768 2502 2830 extendit
2523 2785 2674 2836 vero,
2709 2768 2808 2840 qui
2837 2769 2908 2824 ad
2942 2769 3366 2840 comparandas
3395 2783 3486 2821 res
3526 2782 3737 2837 corpo-

2095 2856 2247 2912 rales
2278 2857 2558 2912 auxilium
2584 2862 2770 2930 rogat.
2802 2858 2949 2921 Quia
2978 2874 3112 2912 vero
3171 2856 3420 2911 infantes
3469 2871 3732 2926 saepenu-

2096 2961 2253 3000 mero
2283 2946 2351 3000 ad
2387 2946 2644 3001 nutrices
2676 2950 2733 3001 et
2767 2950 2982 3000 matres
3023 2963 3138 3017 pPZB
3160 2961 3265 3000 suo
3297 2958 3433 3012 erga
3465 2943 3623 3015 ipsas
3649 2942 3734 2996 af-

2095 3033 2244 3089 fectu
2277 3051 2488 3090 manus
2506 3034 3181 3105 extendunt,rogantium
3215 3041 3510 3104 stuporem
3542 3034 3740 3088 osten-

2095 3124 2262 3194 dens,
2286 3141 2398 3179 non
2426 3123 2590 3191 dixit,
2624 3123 2770 3179 Cum
2819 3123 3198 3178 extenderitis
3237 3122 3306 3176 ad
3342 3137 3435 3176 me
3467 3138 3480 3184 ;
3514 3120 3614 3175 sed
3656 3119 3743 3174 ait

2094 3213 2457 3284 simpliciter,
2495 3214 2628 3268 Cum
2660 3213 3506 3276 extenderiiismanus,avertam
3537 3209 3737 3280 oculos,

331 3297 661 3370 ἀποστρέψει)
709 3295 854 3360 ,τοὺς
927 3294 1248 3374 ὀφθαλμούς
1319 3315 1444 3371 μου·
1503 3298 1593 3352 καὶ
1649 3300 1748 3368 τήν
1807 3297 1983 3354 αῗτίαν

2098 3318 2246 3357 meos
2276 3323 2290 3369 ς
2322 3307 2380 3357 et
2410 3302 2692 3358 rationem
2752 3301 3090 3374 subjungit:
3113 3303 3261 3372 Quia
3304 3316 3503 3355 manus
3537 3305 3740 3355 vestra?

335 3385 525 3459 ἐπάγει
559 3428 574 3455 ,
632 3387 751 3443 Ὅτι
821 3385 877 3439 αἱ
943 3389 1127 3461 χεῖρες
1197 3386 1350 3458 ὑμῶν
1406 3389 1504 3440 τοῦ
1555 3384 1790 3461 αἳματος
1841 3388 1986 3460 πλή-

335 3496 474 3550 ρεις.

405 3566 499 3621 36.
559 3563 661 3620 Καὶ
727 3562 812 3617 ἐὰν
887 3561 1207 3633 πληθύνητι
1277 3564 1377 3633 τήν
1447 3561 1651 3637 ὃέησιν,
1725 3565 1828 3621 οὐκ
1880 3565 1987 3621 εἰσ-

336 3653 668 3726 ακούσομαι.
724 3653 786 3706 Οἱ
837 3651 890 3706 ἐν
926 3653 1020 3725 μὶν
1050 3656 1130 3725 τῷ
1161 3653 1267 3727 βίῳ
1297 3651 1465 3726 μηδὲν
1497 3659 1902 3730 κατορθοῦντες,
1935 3655 1986 3710 ἐν

339 3742 398 3800 δὲ
444 3747 517 3817 τῇ
563 3743 856 3818 παρατάσιι
897 3749 1000 3812 τῆς
1045 3751 1362 3818 προσευχῆς
1409 3743 1723 3818 νομίζοντες
1755 3743 1988 3800 δικαιοῦ-

335 3836 500 3901 σθαι,
563 3831 770 3887 τούτων
829 3831 1167 3887 ἆκουέτωσαν
1222 3838 1326 3888 τῶν
1385 3834 1645 3908 ῥημάτων
1677 3878 1690 3893 .
1757 3836 1836 3892 Ού
1885 3836 1987 3911 γὰρ

334 3919 531 3983 ἁπλῶς
587 3923 655 3976 τὰ
705 3921 924 3996 ῥήματα
969 3927 1071 3990 τῆς
1126 3929 1443 3998 προσεκχῆς
1502 3922 1724 4000 ὠφελεῖ,
1758 3923 1904 3980 ἀλλὰ
1927 3925 1989 3978 τὸ

337 4011 475 4086 μετᾶ
523 4013 639 4083 (64)
684 4008 975 4072 σπουδαίας
1026 4007 1313 4075 διαθέσεως
1367 4012 1792 4085 ἀναπέμπεσθαι.
1841 4013 1990 4069 Ἐπεὶ

329 4101 422 4156 καὶ
455 4102 485 4154 6
517 4105 816 4173 Φαρισαῖος
848 4097 1023 4154 ἐδόκει
1082 4099 1380 4170 πληθύνειν
1430 4102 1530 4169 τήν
1574 4097 1778 4171 δέησιν·
1811 4101 1992 4157 Ἀλλά

331 4190 384 4246 τί
442 4209 608 4268 φησιν
657 4190 686 4243 ὁ
736 4187 940 4263 λόγος;
1001 4188 1224 4252 Σταθεὶς
1284 4186 1341 4244 δέ
1398 4196 1427 4244 ὸ
1477 4195 1795 4264 Φαρισαῖος,
1825 4191 1991 4246 ταῦτα

334 4280 473 4354 πρὸς
520 4279 706 4333 ἐαυτὸν
759 4278 1133 4354 προσηύχετο,
1185 4278 1313 4354 οὐχὶ
1346 4279 1481 4354 πρὸς
1506 4279 1598 4334 τὸν
1630 4279 1779 4334 Θεόν·
1831 4279 1990 4334 ἐπαν-

338 4371 545 4444 ήρχετο
599 4367 698 4443 γὰρ
757 4367 893 4441 πρὸς
954 4367 1141 4422 ἑαυτὸν
1199 4369 1336 4441 (65),
1394 4366 1609 4442 ἐπείπερ
1670 4369 1721 4423 ἐν
1755 4367 1993 4444 ἁμαρτίᾳ

336 4464 437 4526 τῆς
501 4456 872 4534 ὑπερηφανίας
931 4456 1157 4532 ἐγίνετο.
1223 4457 1320 4512 Διά
1375 4461 1536 4512 τοῦτο
1592 4457 1681 4512 καὶ
1716 4459 1989 4534 ὸΣωτήρ,

340 4545 792 4622 Προσευχόμενοι
869 4543 947 4613 δὶ,
1027 4546 1186 4620 φησὶ,
1238 4546 1314 4618 μή
1377 4544 1749 4620 βαττολογῆτε
1778 4547 1854 4609 ὡς
1900 4548 1988 4602 καὶ

2095 3393 2367 3463 sanguine
2393 3392 2571 3463 plena
2589 3395 2742 3447 sunt.

2167 3571 2256 3624 36.
2287 3572 2352 3626 Et
2407 3571 2457 3625 si
2510 3569 3018 3641 multiplicaveritis
3074 3569 3571 3640 supplicationem,
3627 3584 3743 3624 non

2096 3660 2417 3716 exaudiam.
2453 3659 2562 3726 Qui
2597 3658 2760 3714 nulla
2788 3658 3003 3713 virtute
3032 3659 3208 3713 vitam
3242 3675 3410 3714 suam
3435 3661 3741 3727 ornarunt,

2097 3747 2482 3804 nihilominus
2503 3751 2699 3803 tamen
2733 3764 2862 3804 sese
2889 3747 3226 3803 existimant
3255 3746 3314 3802 in
3349 3763 3584 3818 precum
3609 3763 3744 3802 sua-

2099 3853 2241 3906 rum,
2267 3836 2631 3908 longitudine
2653 3835 3172 3908 justiflcari,verba
3195 3835 3316 3890 haac
3347 3834 3742 3890 audiant.Non

2099 3925 2255 3982 enim
2289 3941 2527 3996 precum
2558 3925 2734 3980 verba
2765 3924 3112 3996 simpliciter
3142 3924 3362 3994 prolata
3383 3924 3618 3994 juvant,
3640 3923 3740 3978 sed

2099 4013 2149 4070 si
2176 4031 2310 4070 cum
2369 4013 2697 4068 vehementi
2758 4013 2968 4068 affectu
3023 4013 3463 4084 depromuntur.
3511 4011 3658 4065 Nam
3687 4015 3746 4066 et

2099 4102 2428 4159 Pharisaeus
2458 4101 2849 4174 multiplicare
2898 4099 3206 4155 videbatur
3254 4098 3742 4169 deprecationem.

2098 4193 2204 4248 Sed
2243 4191 2382 4263 quid
2425 4191 2507 4246 ait
2565 4188 2912 4261 Scriptura?
2952 4188 3112 4243 Stans
3164 4193 3350 4243 autem
3410 4187 3743 4250 Pharisaeus,

2100 4285 2216 4340 haec
2242 4281 2395 4352 apud
2423 4299 2482 4337 se
2513 4281 2665 4337 409
2700 4281 2964 4348 orabat",
3029 4296 3141 4334 non
3199 4279 3352 4350 apud
3386 4283 3562 4332 Deum
3590 4295 3602 4332 :
3661 4292 3746 4331 re-

2101 4372 2387 4444 spiciebat
2409 4385 2662 4440 namque
2674 4369 2744 4424 ad
2761 4384 2822 4423 se
2843 4367 3361 4440 ipsum,siquidem
3381 4367 3440 4420 in
3456 4365 3746 4436 superbiai

2101 4464 2337 4533 peccato
2365 4459 2733 4515 versabatur.
2784 4461 3150 4528 Quapropter
3202 4460 3258 4510 et
3300 4455 3566 4510 Salvator
3623 4454 3740 4509 ait:

2100 4553 2334 4608 Orontes
2361 4552 2548 4603 autem
2603 4549 2774 4601 nolite
2801 4547 3039 4600 multum
3071 4546 3222 4616 loqui
3277 4546 3423 4599 sicut
3480 4543 3695 4597 ethnici
3726 4559 3740 4596 :

341 4636 391 4692 οἱ
447 4634 671 4698 ἐθνικοί’
734 4631 954 4688 δοκοῦσι
984 4635 1111 4710 γὰρ,
1171 4634 1253 4689 δτι
1313 4633 1365 4688 ἐν
1421 4638 1490 4709 τῇ
1547 4633 1857 4713 πολυλογίᾳ
1894 4637 1983 4691 αύ-

2097 4641 2298 4712 putant
2325 4640 2474 4692 enim
2505 4636 2645 4708 quod
2684 4638 2744 4690 in
2786 4635 3138 4704 multiloquio
3197 4649 3293 4688 suo
3339 4632 3741 4688 exaudiantur.

336 4728 448 4780 τῶν
532 4722 1084 4794 εἰσακουσθήσονται.
1167 4724 1259 4792 Μὴ
1350 4723 1440 4778 οὗν
1512 4725 1825 4798 ὁμοιωθῆτε
1895 4727 1990 4781 αύ-

338 4819 485 4876 τοῖς.
548 4812 636 4867 καὶ
707 4812 792 4882 τὸ,
869 4813 967 4870 Ἐκ
1039 4812 1374 4889 ποΛυλογίας
1604 4814 1708 4870 οὐκ
1763 4814 1988 4894 ὲκῖιδεύξῖι

2100 4728 2278 4784 Nolite
2302 4742 2429 4795 ergo
2458 4724 2767 4780 assimilari
2788 4725 2866 4778 eis
2892 4723 2932 4777 ⁸.
2967 4723 3035 4778 Ει
3063 4720 3206 4777 illud
3243 4737 3255 4775 :
3289 4722 3372 4775 Ea:
3399 4720 3744 4790 multiloquio

2101 4833 2212 4874 non
2230 4815 2459 4887 effugies
2475 4819 2760 4885 peccatum
2787 4811 2827 4866 '.
2860 4810 3101 4882 Oportet
3128 4809 3310 4881 igitur
3363 4823 3619 4880 quaerere
3653 4822 3742 4862 re-

415 4960 438 4993 ⁴
477 4955 911 5030 Psalsnxxxvu,
943 4958 1031 5013 10.
1062 4957 1084 4993 ⁵
1113 4955 1264 5012 Psal.
1296 4972 1422 5027 an,
1451 4958 1503 5012 2.
1537 4956 1584 4992 ι’
1613 4957 1791 5014 Exod.
1822 4975 1983 5030 xvm,

2097 5001 2105 5016 .
2136 4959 2158 4995 ⁵
2190 4955 2386 5013 ITim.
2419 4970 2481 5024 ιι,
2511 4953 2566 5008 8.
2597 4954 2617 4990 ⁷
2645 4953 2782 5009 Luc.
2815 4967 2974 5024 xvm,
3008 4951 3094 5008 11.
3125 4951 3148 4986 ⁸
3205 4949 3410 5007 Matth.
3443 4965 3521 5020 v1,
3549 4950 3607 5017 7,
3639 4947 3692 5004 8.
3725 4947 3747 4983 θ

339 5028 504 5086 Prov.
537 5045 596 5097 ι,
630 5027 722 5083 19.

342 5169 531 5295 δὲ(58)
558 5173 644 5225 Ita
672 5185 774 5226 sex
804 5186 949 5227 mss.
1006 5173 1080 5226 At
1128 5187 1265 5227 vero
1322 5170 1488 5242 editi,
1536 5168 1640 5227 Καὶ
1669 5169 1993 5247 πρόσταγμα

405 5283 527 5386 (59)
551 5311 645 5368 Sic
675 5329 819 5368 mss.
845 5310 1087 5384 aliquot.
1121 5313 1263 5386 Reg.
1334 5313 1562 5386 primus
1620 5330 1753 5370 cum
1791 5313 1988 5383 editis,

341 5383 641 5459 ἐνίσχρσεγο

417 5447 528 5531 (60)
562 5457 702 5531 Mss.
730 5453 1020 5531 nonnulli,
1052 5451 1313 5531 ἐνίσχυεν.

417 5523 539 5596 (61)
566 5527 658 5583 Sic
689 5526 949 5596 quinque
983 5542 1126 5582 mss.
1159 5523 1232 5582 Ᾰι
1262 5527 1424 5592 editi,
1449 5523 1694 5583 δυνατόν.

420 5533 498 5596 (61
566 5533 658 5583 Sic
689 5533 949 5654 quinque
983 5542 1126 5582 mss.
1159 5533 1232 5582 At
1262 5533 1424 5592 editi,
1449 5533 1694 5583 δυνατόν.

420 5533 804 5686 (ῥὲζβάίῐρι
849 5597 1011 5686 Rege
1047 5599 1536 5686 primus,‘x‘sipg'<
1594 5599 1769 5672 ὑμῶν.
1820 5599 1995 5657 Deest

420 5617 531 5671 (οκ)
561 5617 714 5656 nam
745 5617 804 5655 et
850 5617 985 5670 ηοξ.
1047 5617 1296 5669 primus,
1390 5619 1436 5652 ιι
1475 5620 1535 5661 ας

354 5669 604 5755 spolia
627 5669 894 5755 quinque
927 5685 1072 5727 mss.
1101 5676 1158 5728 et
1185 5617 1535 5755 ερυάχὶεὶῗξ.

426 5743 535 5816 (63)
563 5741 941 5803 Εᾶίὶὶοιἰι·θε
973 5758 1145 5817 mss.,
1177 5741 1362 5822 γὲῖρας
1397 5743 1571 5820 ὑμῶν,
1604 5741 1830 5803 Rursus
1888 5743 1991 5802 de-

2099 5175 2190 5228 est
2225 5170 2377 5242 ὑμῶν
2411 5168 2469 5242 in
2503 5167 2635 5224 aliis
2663 5161 2855 5242 tribus
2886 5182 3031 5224 mss.

2172 5236 2611 5313 (64)Ε‹1ἰιίοιισι
2641 5239 2830 5295 tribus
2864 5255 3033 5306 mss.,
3067 5237 3220 5310 μετά.
3276 5236 3386 5313 Alii
3419 5240 3539 5313 tres
3571 5250 3741 5313 mss.,

2097 5304 2568 5384 dn6.Aliquanto
2598 5317 2732 5384 post
2789 5328 2890 5367 sex
2939 5304 3108 5380 mss.,
3171 5308 3384 5370 σταθεὶς
3433 5304 3508 5362 δέ.
3566 5306 3745 5360 Abest

2101 5381 2159 5440 δὲ
2190 5385 2262 5442 ab
2293 5384 2486 5441 editis.

2171 5458 2282 5530 (65)
2313 5456 2464 5513 Editi
2494 5459 2552 5511 et
2581 5458 2702 5510 tres
2733 5470 2901 5523 mss.,
2934 5451 3120 5507 αὐτόν.
3199 5452 3310 5507 Alii
3371 5457 3488 5506 tres
3571 5463 3740 5512 mss.,

2100 5528 2554 5674 ἒαῗέἓῖδοᾴἱοθε
2577 5597 2715 5674 duo,
2739 5594 2798 5649 ἐκ
2819 5592 3162 5674 ⁸πολυλογίας
3195 5591 3271 5651 δέ.
3306 5598 3432 5648 Mox.
3459 5561 3622 5647 Colb:
3652 5603 3740 5644 se-

2101 5665 2358 5742 cundus,
2392 5665 2743 5737 δικαιοσύνην
2774 5665 2960 5722 αὐτοῦ.
