4100 6220
384 377 493 440 191

1339 375 1736 438 APPENDIX
1777 375 2106 439 OPERUM
2151 377 2218 440 S.
2263 377 2546 440 BASILII
2593 377 2866 440 MAGNI.

3675 370 3785 434 192

380 524 568 583 gnum
590 509 712 581 Dei,
743 514 802 566 et
817 508 1139 581 justitiam,
1187 524 1304 565 non
1335 513 1532 565 autem
1589 507 1916 580 corporalia
1971 511 2029 564 et

2145 507 2428 584 ἁμαρτίαν.
2491 509 2618 585 Χρὴ
2692 505 2786 564 οῦν
2861 505 3122 570 αἰτεῖσθαι
3191 504 3290 573 τὴν
3355 497 3633 579 βασιλείαν
3687 505 3785 559 τοῦ

379 603 632 655 terrena.
668 603 805 655 Eam
833 599 906 654 ob
959 615 1199 655 causam
1261 597 1526 670 psalmus
1559 615 1571 654 :
1609 599 1789 655 Unam
1832 599 1971 671 petii
1997 614 2033 652 a

384 689 634 756 Domino,
657 689 798 744 hanc
825 689 1108 761 requiram
1136 705 1158 742 :
1182 694 1241 742 ut
1269 686 1573 743 inhabilem
1622 688 1684 742 in
1737 687 1892 744 domo
1923 687 2030 742 Do-

385 779 552 835 mini.
580 778 646 834 ιο.

456 957 546 1014 37.
580 957 717 1013 Nam
738 973 946 1012 manus
972 965 1161 1012 vestrae
1190 959 1470 1029 sanguine
1511 959 1713 1029 plena}.
1777 956 1919 1027 Hoc?
1941 960 2031 1012 est

384 1063 596 1114 causae,
631 1049 782 1120 quod
815 1050 963 1103 Deus
1001 1048 1202 1104 oculos
1232 1052 1474 1117 avertat,
1507 1065 1641 1104 cum
1665 1047 2032 1104 extenderint

384 1155 617 1208 manus,
653 1138 806 1210 quod
831 1138 960 1209 ipsa
989 1137 1440 1210 supplicationis
1473 1137 1739 1210 symbola
1785 1138 1855 1194 ad
1897 1138 2032 1193 irri-

382 1227 630 1282 tandum
661 1227 831 1282 illum
864 1227 983 1282 sint
1015 1213 1348 1284 occasiones
1429 1228 1928 1293 Quemadmodum
1980 1228 2031 1283 si

387 1315 522 1387 quis
552 1315 828 1371 dilectum
863 1316 1107 1372 alterius
1145 1317 1333 1372 ﬁlium
1366 1318 1662 1380 occiderit.
1696 1333 1761 1372 ac
1819 1333 2032 1372 manus

384 1421 525 1460 suas
555 1403 748 1460 adhuc
778 1421 847 1460 ex
878 1406 1032 1460 caede
1065 1409 1397 1461 cruentatas
1430 1406 1500 1460 ad
1564 1406 1860 1461 infensum
1919 1404 2030 1467 sibi

384 1499 613 1568 patrem
645 1496 1421 1567 exporrigat,dexteramque
1437 1495 1718 1568 efﬂagitet
1737 1494 2027 1559 amicitiae,

387 1588 781 1656 exposcatque
810 1585 1071 1651 veniam;
1107 1600 1301 1640 nonne
1333 1584 1573 1656 sanguis
1618 1584 1721 1638 filii
1752 1583 1810 1637 in
1843 1583 2030 1655 ipsius

383 1664 774 1725 interfectoris
807 1687 980 1725 manu
1016 1688 1307 1743 apparens
1357 1677 1579 1743 patrem
1631 1671 1848 1743 injuria
1884 1671 2031 1726 alfa-

383 1762 546 1815 ctum
577 1759 773 1814 acrius
804 1761 1156 1832 exasperat?
1186 1761 1815 1831 Nuncejusmodisunt
1843 1761 2032 1816 Judae-

387 1864 554 1904 orum
589 1865 828 1920 preces;
863 1850 1157 1921 siquidem
1177 1867 1309 1906 cum
1343 1850 2028 1920 extenduntmanus,ad-

388 1936 638 1992 missum
661 1935 720 1992 in
753 1937 1132 2009 Unigenitum
1157 1938 1368 1994 Filium
1401 1939 1594 1995 scelus
1644 1944 1756 1996 Deo
1788 1943 1845 1994 et
1878 1938 2030 1993 Patri

385 2027 660 2080 revocant
689 2024 748 2079 in
785 2026 1150 2092 memoriam,
1182 2032 1360 2099 atque
1391 2044 1496 2099 per
1529 2026 1794 2099 singulas
1833 2030 2030 2081 exten-

385 2112 582 2169 siones
613 2131 751 2170 suas
769 2115 1032 2186 ipsorum
1057 2131 1267 2172 manus
1293 2116 1579 2188 sanguine
1599 2116 1811 2173 Christi
1828 2116 2031 2187 plenas

386 2204 726 2260 ostendunt.
754 2204 1060 2261 Enimvero
1087 2205 1186 2276 qui
1219 2205 1280 2260 in
1313 2222 1420 2262 sua
1464 2205 1724 2261 caecitate
1768 2219 2030 2277 perseve-

387 2295 542 2358 rant,
576 2293 752 2350 caedis
791 2298 1042 2365 paternae
1073 2298 1212 2350 sunt
1266 2295 1540 2350 heredes.
1592 2295 1828 2366 Sanguis
1883 2295 2032 2349 enim

389 2381 530 2448 eius,
562 2382 858 2455 inquiunt,
880 2399 1047 2453 super
1072 2399 1193 2450 nos,
1241 2387 1294 2439 et
1345 2400 1511 2456 super
1539 2383 1690 2454 ﬁlio:
1718 2388 1932 2440 nostros
1962 2384 2030 2437 ¹¹.

461 2561 550 2616 38.
573 2561 750 2616 Vaas.
807 2563 898 2618 16.
963 2563 1262 2618 Lavamini
1301 2562 1498 2618 mundi
1543 2567 1734 2618 estote.
1790 2561 2035 2616 Videtur

388 2649 822 2721 quodammodo
841 2650 1325 2724 Scriptura,quod
1361 2653 1432 2706 ad
1464 2653 1639 2707 verba
1655 2652 2030 2718 attinet,con-

386 2740 572 2794 tinere
594 2740 1158 2805 contrarietatem,ac
1187 2739 1368 2797 veluti
1393 2741 1678 2796 mendacii
1701 2740 2032 2811 cujuspiam

391 2832 570 2884 Deum
597 2829 997 2885 accusare.Ait
1048 2830 1203 2884 enim
1239 2847 1252 2885 :
1294 2831 1411 2884 Non
1458 2830 1698 2901 amplius
1753 2830 2034 2884 dimittam

385 2926 608 2990 peccata
638 2927 836 2975 vestra.
867 2919 1012 2974 Item
1073 2918 1254 2974 illud:
1287 2919 1349 2974 Si
1391 2920 1900 2991 multiplicaverili:
1939 2917 2033 2974 de-

384 3010 890 3080 precationemmon
911 3008 1210 3065 exaudiam
1228 3008 1511 3064 vos.Nunc
1543 3009 1712 3080 quasi
1733 3007 1819 3062 illi
1836 3011 2034 3063 essent

389 3096 708 3162 sanabiles,
741 3098 1050 3165 Lavamini,
1082 3097 1381 3152 aitmundi
1409 3102 1591 3153 estote.
1641 3097 1930 3152 Nimirum
1971 3096 2031 3151 in

385 3183 784 3253 superioribus
803 3184 1039 3255 quidem
1058 3185 1697 3257 demonstraturlegem
1721 3184 1923 3256 iis,qui
1943 3202 2033 3241 se-

2141 597 2272 652 Θεοῦ
2322 598 2412 652 καὶ
2450 598 2549 667 τήν
2583 594 2950 667 δικαιοσύνην.
3001 591 3147 650 ἀλλὰ
3179 595 3255 667 μὴ
3287 592 3355 648 τὰ
3383 590 3668 666 σωματικὰ
3694 589 3786 646 καὶ

2140 686 2370 763 ἐπίγεια.
2405 689 2511 742 Διὰ
2555 687 2776 760 τοῦτοξὸ
2819 683 3061 760 ψαλμός·
3124 681 3268 740 Μίαν
3319 680 3614 757 ᾐτησάμην
3643 681 3788 754 παρᾶ

2141 776 2365 851 Κυρίου,
2421 775 2620 848 ταύτην
2683 777 2941 847 ζητήσω,
2997 773 3058 828 τὸ
3114 776 3382 828 κατοικεῖν
3447 791 3514 846 με
3555 768 3607 826 ἐν
3653 768 3788 845 οἴκῳ

2139 865 2359 924 Κυρίου.

2209 886 2582 1031 ξ’ῗυοΔὶ-’ζγὰρ
2636 956 2816 1030 χεῖρες
2875 951 3026 1025 ὑμῶν
3059 948 3289 1023 αἵματος
3332 946 3591 1024 πλήρεις.
3619 948 3788 1004 Τοῦτό

2139 1042 2247 1098 ἐστι
2321 1044 2385 1099 τὸ
2462 1040 2630 1097 αῖίειον
2705 1046 2801 1097 τοῦ
2863 1039 3288 1118 ἀποστρέφεσθαι
3364 1039 3492 1102 τοὺς
3575 1035 3785 1116 ὀφθαλ-

2143 1132 2280 1207 μοὺς
2308 1135 2406 1188 τοῦ
2457 1136 2611 1195 Θεοῦ,
2665 1130 2792 1187 ὅταν
2851 1129 3176 1193 ἔκτανθῶσιν
3234 1129 3288 1182 αἱ
3318 1133 3524 1204 χεῖρες,
3555 1124 3790 1182 διότιτά

2137 1229 2237 1292 τῆς
2300 1221 2575 1297 ἱκετηρίας
2629 1215 2882 1294 σύμϐολα
2936 1220 3287 1294 παροξυσμοῦ
3341 1217 3474 1272 εἰσιν
3521 1213 3785 1294 ἀφορμαί.

2139 1314 2341 1387 ’Ὠσπερ
2398 1309 2456 1366 ἂν
2517 1310 2571 1367 εἶ’
2619 1331 2701 1372 τις
2760 1310 2877 1365 υἱόν
2908 1329 3056 1372 τινος
3085 1307 3347 1385 φονεύσας
3377 1305 3677 1383 ἀγαπητὸν,
3710 1299 3788 1360 ἔτι

2139 1399 2459 1477 ᾑμαγμένας
2511 1400 2562 1455 έν
2607 1403 2704 1454 τοῦ
2754 1397 2917 1474 φόνου
2970 1397 3068 1458 τὰς
3110 1415 3300 1472 χειρας
3353 1388 3522 1470 ἔχων,
3577 1393 3789 1469 προτεί-

2138 1513 2222 1546 νοι
2253 1493 2364 1564 (67)
2420 1488 2583 1551 αὐτὰς
2641 1493 2721 1561 τῷ
2749 1486 2910 1562 πατρὶ
2945 1483 3356 1562 χαλεπαίνοντι,
3391 1480 3563 1553 δεξιὰν
3595 1481 3782 1560 φιλίας

2139 1580 2304 1635 αἰτῶν
2337 1624 2352 1649 ,
2410 1578 2500 1634 καὶ
2559 1578 2887 1654 συγγνώμην
2959 1570 3105 1650 ἔχειν
3162 1571 3598 1651 παραιτούμενος
3630 1589 3645 1602 '
3701 1570 3786 1646 ἄρ’

2141 1668 2271 1744 οὐχὶ
2335 1668 2492 1747 φανὲν
2547 1671 2644 1723 τοῦ
2699 1667 2891 1722 τέκνου
2918 1665 2981 1720 τὸ
3012 1666 3149 1738 αἷμα
3177 1661 3230 1718 εν
3261 1665 3330 1736 τῇ
3363 1661 3508 1738 χειρὶ
3539 1663 3636 1716 τοῦ
3662 1681 3790 1715 παι-

2141 1753 2375 1834 δοφόνου
2421 1755 2634 1831 μᾶλλον
2669 1756 2742 1818 είς
2797 1755 2966 1831 ὀργῆν
3026 1753 3116 1808 τὸν
3167 1748 3502 1824 ἠδικημένον
3553 1748 3784 1826 ἐγείρεις

2139 1851 2396 1907 Τοιαῦται
2449 1851 2540 1902 νῦν
2599 1846 2729 1901 εἰσιν
2783 1846 2838 1900 αἱ
2895 1848 3002 1899 τῶν
3071 1839 3351 1900 Ἰουδαίων
3425 1839 3603 1916 εὐχαὶ,
3658 1836 3782 1894 ὅταν

2139 1936 2410 1993 ἐκτείνωσι
2471 1935 2565 1998 τὰς
2621 1940 2833 2012 χεῖρας,
2910 1939 3009 2003 τῆς
3065 1931 3141 1994 εἰς
3198 1931 3287 1986 τὸν
3347 1935 3611 2014 μονογενῆ
3658 1928 3782 1983 Υἱὸν

2140 2027 2406 2102 ἁμαρτίας
2460 2023 2983 2099 ἀναμιμνησκόντων
3054 2022 3145 2076 τὸν
3204 2019 3332 2076 Θεὸν
3403 2019 3488 2074 καὶ
3548 2017 3781 2091 Πατέρα,

2138 2116 2228 2172 καὶ
2285 2117 2404 2180 καθ’
2461 2114 2686 2186 ἑκάστην
2741 2110 2956 2169 ἔκτασιν
3015 2110 3110 2176 τὰς
3178 2114 3369 2186 χεῖρας
3435 2107 3638 2164 ἑαυτῶν
3683 2110 3783 2162 τοῦ

2139 2203 2368 2280 α’ίματος
2443 2202 2540 2259 τοῦ
2616 2204 2850 2278 Χριστοῦ
2922 2199 3157 2276 πλήρεις
3229 2195 3660 2255 ίπιδεικνύντων.
3717 2196 3786 2254 Οἱ

2139 2296 2243 2369 γὰρ
2300 2292 2646 2367 ἐπιμένοντες
2699 2295 2768 2366 τῇ
2825 2290 3101 2366 πωρώσει,
3133 2295 3233 2359 τῆς
3259 2292 3526 2362 πατρικῆς
3569 2305 3790 2363 μιαιφο-

2139 2384 2260 2445 νίας
2289 2381 2633 2458 κληρονόμοι
2669 2381 2998 2457 ὁπάρχουσι.
3019 2379 3091 2432 Τὸ
3119 2377 3220 2454 γὰρ
3249 2378 3387 2450 αἷμα
3411 2375 3596 2447 αὐτοῦ,
3626 2374 3785 2451 φασὶν

2141 2471 2223 2551 ἐφ’
2252 2474 2419 2545 ἡμᾶς,
2452 2472 2542 2526 λαὶ
2571 2469 2660 2525 ἐπὶ
2687 2469 2754 2524 τά
2776 2470 2934 2525 τέκνα
2963 2470 3148 2540 ἡμῶν.

2212 2564 2300 2618 38.
2349 2559 2626 2624 Λούσασθε
2696 2558 2918 2632 καθαροὶ
2997 2557 3108 2631 (68)
3163 2556 3398 2630 γένεσθε.
3459 2557 3618 2609 Δοκεῖ
3671 2573 3790 2615 πως

2142 2649 2450 2722 ἐναντίωμα
2480 2648 2553 2711 ὡς
2581 2648 2717 2725 πρὸς
2761 2647 2825 2702 τὸ
2872 2645 3034 2723 ῥητὸν
3083 2645 3111 2699 ὁ
3143 2642 3304 2719 λόγος
3335 2640 3480 2719 ἔχειν
3503 2643 3592 2698 καὶ
3623 2641 3786 2697 οἱονεὶ

2139 2737 2498 2815 ψευδολογίαν
2527 2737 2650 2793 τινὰ
2675 2741 2770 2792 τοῦ
2797 2739 2929 2792 Θεοῦ
2963 2739 3306 2810 κατηγορεῖν.
3361 2732 3492 2790 Elite
3519 2731 3649 2808 γὰρ,
3701 2731 3785 2786 ὅτι

2141 2828 2335 2887 Οὐκέτι
2391 2828 2577 2898 ἀνήσω
2647 2825 2744 2888 τὰς
2818 2823 3084 2900 ἁμαρτίας
3143 2823 3318 2896 ὑμῶν’
3373 2821 3461 2877 καὶ
3517 2822 3602 2891 τὸ,
3662 2821 3783 2876 Ἐὰν

2140 2916 2458 2989 πληθύνητε
2519 2918 2619 2986 τήν
2679 2912 2902 2986 δέησιν,
2977 2914 3078 2970 οὐκ
3146 2911 3532 2986 εἷσακούσομαι
3607 2911 3785 2985 ὑμῶν.

2140 3010 2252 3066 Νῦν
2309 3009 2383 3070 ὡς
2459 3005 2690 3079 ἶασίμων
2745 2999 2916 3060 ὄντων
2969 3002 3208 3070 έκείνων,
3262 3000 3558 3074 Λούσασθε,
3618 3012 3784 3065 καθα-

2142 3095 2250 3174 ροί,
2303 3095 2459 3174 φησὶ,
2517 3094 2750 3172 γένεσθε.
2806 3095 2929 3151 "Ott
2979 3092 3032 3148 έν
3095 3092 3190 3166 μὶν
3220 3096 3336 3153 τοῖς
3367 3091 3478 3145 ἄνω
3505 3091 3568 3146 τὸ
3596 3086 3790 3145 ἀδύνα-

2136 3207 2230 3242 τον
2269 3189 2367 3240 τοῦ
2405 3185 2580 3258 νόμου
2626 3183 2702 3246 εἷς
2750 3180 3024 3258 σωτηρίαν
3086 3185 3203 3243 τοῖς
3263 3179 3620 3256 βουλομένοις
3666 3179 3788 3234 κατ’

385 3271 644 3326 cundum
677 3272 866 3342 ipsam
886 3272 1077 3330 vivere
1093 3272 1316 3343 volunt,
1350 3274 1599 3328 salutem
1618 3277 1892 3345 praestare
1916 3292 2028 3331 non

2145 3273 2304 3330 αύτὸν
2339 3275 2490 3350 βιοῦν
2525 3271 2906 3348 ἀπελέγχεται·
2952 3269 3005 3327 ἐν
3036 3269 3252 3332 τούτοις
3284 3266 3342 3324 δὲ
3371 3269 3525 3346 ὶτὲρα
3555 3265 3677 3330 ὁδὸς
3709 3267 3787 3330 εἲς

386 3375 559 3432 posse
583 3376 597 3424 ;
617 3360 675 3414 in
708 3360 781 3416 iis
801 3377 938 3416 vero
957 3362 1148 3417 verbis
1165 3361 1342 3418 altera
1374 3363 1445 3417 ad
1470 3361 1717 3418 salutem
1734 3363 1826 3419 via
1842 3369 2030 3420 osten-

388 3447 566 3504 ditur.
599 3449 788 3519 Atque
817 3449 961 3504 illud
995 3451 1232 3522 quidem
1266 3450 1544 3506 sensibile
1592 3450 1736 3522 legis
1769 3452 2033 3509 Mosaicae

386 3535 729 3591 institutum
761 3538 1037 3611 abrogat:
1071 3538 1181 3593 hoc
1209 3554 1343 3592 vero
1365 3538 1492 3592 vitis
1523 3538 1862 3610 evangelica
1885 3557 2030 3613 prae-

390 3629 675 3681 monstrat
704 3627 958 3682 exordia.
989 3628 1049 3682 Si
1077 3628 1318 3682 tuleritis
1346 3628 1611 3698 similam,
1633 3645 1840 3684 vanum
1866 3647 1887 3693 ;
1909 3632 2031 3702 thy-

386 3715 616 3782 miama,
649 3715 988 3772 abominatio
1011 3734 1030 3772 :
1061 3716 1279 3787 adipem
1327 3732 1598 3788 agnorum
1626 3726 1677 3773 et
1706 3721 2033 3788 sanguinem

387 3805 677 3856 taurorum
706 3803 848 3858 nolo.
883 3803 1033 3866 Quid
1073 3818 1210 3874 ergo
1260 3803 1618 3859 fecerimus?
1661 3805 1801 3876 quid
1824 3822 2033 3862 sumus

389 3888 642 3946 oblaturi
663 3890 690 3945 ?
710 3891 860 3947 Num
895 3891 1044 3948 forte
1072 3907 1161 3963 eo,
1218 3893 1370 3964 quod
1404 3892 1730 3964 corporalia
1757 3895 2033 3965 rejiciun-

387 3981 488 4034 tur
511 3979 815 4051 obsequia.
865 3981 934 4036 ad
971 3983 1151 4036 festos
1209 3981 1334 4037 dies
1367 3997 1576 4037 sumus
1605 3983 1935 4054 transituri,
1968 3999 2035 4040 ac

389 4082 494 4138 per
521 4083 620 4124 eos
649 4068 875 4125 cultum
906 4069 1310 4125 exhibebimus
1333 4069 1360 4123 ?
1382 4070 1702 4126 Neomenias
1731 4081 1954 4142 vestras,
1985 4076 2036 4127 et

389 4157 649 4227 Sabbata,
683 4162 734 4213 el
789 4159 934 4214 diem
961 4176 1224 4228 magnam
1264 4175 1374 4214 non
1401 4163 1538 4230 fero.
1563 4162 1648 4214 An
1670 4177 1783 4215 non
1798 4162 2030 4232 jejuna-

393 4246 590 4302 bimus
619 4247 646 4301 ?
677 4248 784 4302 Sed
808 4248 1039 4319 jejunia
1083 4253 1280 4304 vestra
1308 4248 1431 4302 odit
1452 4247 1651 4303 anima
1681 4265 1831 4305 mea.
1881 4250 2036 4305 Reli-

391 4350 576 4405 quum
608 4340 699 4390 est
729 4336 928 4408 igitur,
962 4340 1024 4391 ut
1053 4352 1215 4391 more
1245 4335 1491 4391 Judaico
1523 4337 1946 4408 supplicamus,
1972 4355 2037 4394 ac

391 4423 717 4478 secundum
735 4423 918 4496 legem
941 4440 1140 4496 preces
1161 4424 1535 4480 etl‘undamus
1553 4424 1754 4492 PSed,si
1772 4427 2038 4497 multipli-

388 4513 642 4567 caveritis
668 4514 1144 4584 supplicationem,
1177 4528 1287 4569 non
1307 4512 1608 4568 exaudiam
1628 4529 1719 4570 vos
1740 4531 1762 4577 ;
1784 4519 1834 4570 et
1865 4518 1916 4570 si
1939 4531 2037 4572 ex-

2140 3362 2410 3439 σωτηρίαν
2445 3359 2739 3419 δείκνυται.
2777 3361 3011 3417 Κάκεῖδο
3041 3359 3135 3432 μὶν
3185 3358 3360 3414 ἀθετεῖ
3380 3353 3484 3428 τὴν
3515 3357 3650 3413 κατὰ
3691 3358 3784 3413 τὸν

2143 3453 2417 3513 Μωϋσὲως
2464 3447 2632 3524 νόμον
2679 3449 2942 3520 αἰσθητὴν
3001 3447 3301 3504 πολιτείαν·
3367 3451 3528 3502 τοῦτο
3583 3444 3640 3501 δὲ
3683 3453 3786 3516 τῆς

2143 3538 2495 3618 εύαγγελικῆς
2546 3545 2690 3610 ζωῆς
2721 3539 2814 3601 τὰς
2862 3538 3041 3614 ἀρχὰς
3081 3534 3472 3593 ὑποδείκνυσιν.
3521 3534 3642 3590 Ἐὰν
3691 3539 3785 3611 φέ-

2143 3651 2273 3706 ρητε
2330 3626 2640 3702 σεμίδαλιν,
2701 3626 2925 3701 μάταιον
2958 3646 2970 3659 ·
3034 3624 3304 3700 θυμίαμα,
3365 3621 3662 3701 βδέλυγμα·
3721 3625 3786 3680 τὸ

2143 3720 2300 3795 στέαρ
2350 3722 2458 3773 τῶν
2515 3717 2731 3792 ἀρνῶν,
2787 3716 2850 3771 τὸ
2903 3717 3043 3788 αἷμα
3091 3719 3199 3770 τῶν
3259 3713 3470 3790 ταύρων
3531 3713 3597 3768 ού
3655 3711 3785 3788 βού-

2143 3807 2336 3882 λομαι.
2366 3807 2425 3861 Τί
2482 3805 2572 3862 οῦν
2631 3807 2990 3879 ποιήσωμεν;
3043 3801 3097 3858 τί
3144 3803 3633 3879 προσενέγκωμενς
3689 3803 3786 3872 Μὴ

2140 3898 2306 3974 τάχα,
2365 3894 2453 3952 διὰ
2480 3897 2542 3950 τὸ
2571 3894 2668 3957 τὰς
2699 3892 2889 3956 ὑλικὰς
2917 3893 3283 3971 ἀπεστράφθαι
3315 3894 3429 3967 (69)
3479 3890 3785 3968 θεραπείας,

2142 3987 2229 4042 ἐπὶ
2285 3985 2378 4048 τὰς
2435 3983 2621 4061 ἑορτὰς
2681 3978 3025 4058 μεταϐῶμεν,
3086 3978 3175 4037 διὰ
3227 3979 3432 4037 τούτων
3491 3979 3786 4056 λατρεύσο-

2148 4095 2279 4150 μεε;
2332 4075 2437 4136 Τὰς
2486 4072 2781 4147 νεομηνίας
2837 4073 2989 4146 ὑμῶν
3021 4117 3034 4142 ,
3096 4071 3186 4126 καὶ
3239 4069 3306 4125 τὰ
3365 4063 3638 4136 Σάϐϐατα,
3694 4069 3790 4125 καὶ

2143 4165 2352 4239 ἡμέραν
2414 4159 2656 4238 μεγάλην
2708 4161 2808 4217 ούκ
2863 4161 3156 4236 ἀνέχομαι.
3216 4158 3426 4216 Ούκοῦν
3482 4157 3793 4231 νηστεύσω-

2149 4273 2277 4326 μεν;
2308 4249 2488 4308 Ἀλλᾶ
2543 4251 2639 4315 τὰς
2691 4249 2939 4322 νηστείας
3004 4249 3157 4322 ὑμῶν
3215 4249 3425 4322 μισεῖὴ
3473 4249 3623 4323 ψυχή
3660 4268 3791 4321 μου.

2144 4340 2470 4397 ’Υπόλοιπον
2523 4341 2613 4395 οὖν
2670 4338 2922 4394 ἱκετεύειν
2981 4335 3314 4406 Ἰουδαϊκῶς,
3367 4337 3458 4392 καὶ
3488 4337 3790 4414 προσεύχε-

2146 4430 2265 4482 σθαι
2318 4427 2454 4482 κατὰ
2507 4427 2600 4481 τὸν
2662 4427 2868 4499 νόμον;
2954 4424 3109 4482 Ἀλλ’
3169 4423 3257 4478 ἐὰν
3312 4422 3629 4494 πληθύνητε
3683 4425 3788 4494 τήν

2147 4515 2352 4588 δέησιν,
2420 4514 2519 4570 οὐκ
2600 4515 2985 4587 εἶσακούσομαι
3070 4515 3247 4587 ὑμῶν·
3322 4512 3412 4567 καὶ
3483 4511 3568 4567 ἐὰν
3624 4511 3795 4568 ἐκτεί-

390 4601 679 4657 tenderitis
709 4618 1050 4672 manus,non
1086 4619 1322 4658 moveor
1350 4602 1778 4674 supplicatione
1803 4606 1938 4672 ;sed
1963 4607 2029 4662 ob

2145 4627 2270 4676 νητε
2323 4606 2420 4667 τὰς
2477 4609 2689 4680 χεῖρας,
2747 4602 2808 4659 ού
2870 4601 3227 4675 δυσωποῦμαι
3257 4602 3357 4670 τὴν
3390 4601 3612 4674 ἱκεσίαν,
3643 4599 3790 4658 ἀλλὰ

393 4689 646 4746 effusum
673 4691 1021 4763 sanguinem
1055 4691 1128 4747 ad
1168 4691 1316 4746 iram
1349 4707 1645 4763 provocor.
1679 4693 1827 4759 Quid
1857 4695 2038 4767 igitur

391 4781 556 4836 410
585 4781 756 4837 nobis
780 4782 1110 4836 iaciendum
1134 4785 1223 4836 est
1249 4778 1272 4833 ?
1301 4779 1600 4844 Quomodo
1626 4787 1682 4837 te
1715 4783 2032 4855 pr0pitium

393 4884 602 4927 sumus
632 4870 919 4925 reddituri
937 4870 960 4925 ?
977 4886 1236 4942 quonam
1259 4874 1426 4941 pacto
1439 4871 1786 4942 sanguinem
1809 4873 2032 4930 abster-

391 4957 644 5031 gemus?
672 4960 986 5027 Lavamini,
1016 4958 1212 5015 mundi
1238 4963 1418 5015 estote.
1445 4960 1531 5015 Ita
1562 4965 1672 5031 est,
1716 4961 2031 5033 inquiunt:

387 5049 770 5105 meminimus
799 5049 979 5115 enim,
1012 5049 1152 5121 quid
1183 5049 1253 5104 de
1283 5047 1510 5105 lavacro
1543 5049 1754 5106 dixerit
1785 5053 2032 5124 Moyses.

467 5174 508 5211 ⁸ο
537 5173 693 5230 Psal.
723 5190 878 5240 xxvx,
913 5173 964 5229 4.
999 5174 1041 5210 ίί
1077 5172 1281 5229 Matth.
1314 5188 1488 5243 xxvu,
1510 5174 1601 5231 25.

478 5300 570 5372 67)
603 5299 838 5372 Codices
872 5300 1009 5367 duo,
1041 5294 1406 5372 προτείνοιτο.

605 5371 834 5453 Editiet
864 5371 997 5453 Reg.
1037 5367 1265 5452 tertius,
1325 5367 1588 5453 λούσασθε
1635 5369 1726 5453 καὶ
1784 5370 2028 5453 καθαροί.

384 5442 681 5500 Particula
708 5462 776 5497 κα
809 5445 865 5497 in
892 5442 1026 5497 aliis
1058 5443 1322 5514 quinque
1356 5457 1497 5496 mss.
1532 5442 1922 5499 desideratur.

454 5517 685 5604 (ϐω-[ιιι
716 5515 874 5604 Regii
902 5512 1166 5604 prim‘us',‘
1181 5512 1392 5604 te‘rlips
1414 5518 1470 5594 et
1498 5515 1886 5604 quartusA'lii
1917 5516 2033 5604 ὁμο

2143 4693 2516 4772 παροξύνομαι
2564 4693 2650 4748 ἐπὶ
2699 4698 2780 4766 τῷ
2812 4690 3021 4766 α’ίματι.
3053 4691 3113 4746 Τί
3147 4689 3238 4746 οὖν
3269 4693 3628 4766 ποιήσωμενς
3659 4692 3789 4754 Πῶς

2141 4805 2200 4840 σε
2228 4782 2614 4857 ἶλεωσόμεθαε
2643 4786 2760 4845 πῶς
2806 4803 2868 4836 το
2898 4779 3035 4855 α’ίμα
3062 4779 3436 4855 ἀπονιψόμεθα
3465 4783 3613 4855 (70);
3645 4780 3792 4836 Λού-

2143 4875 2324 4944 σασθε,
2381 4872 2608 4948 καθαροὶ
2660 4871 2891 4947 γένεσθε.
2951 4870 3074 4942 Ναὶ,
3117 4869 3270 4947 φησί’
3307 4871 3631 4944 μεμνήμεθα
3683 4873 3787 4947 γὰρ

2143 4967 2382 5030 Μωϋσῆς
2410 4959 2463 5016 τί
2493 4961 2609 5015 εἰπε
2637 4959 2762 5036 περὶ
2795 4960 3050 5034 λουτροῦ.
3081 4960 3138 5012 Ὀ
3165 4959 3268 5033 γὰρ
3307 4957 3602 5033 ἁψάμενος,
3632 4961 3790 5037 φησὶ,
3841 4975 3856 4986 ·

2143 5053 2290 5113 τινὸς
2316 5053 2424 5106 τῶν
2485 5048 2823 5125 ἀκαθάρτων,
2882 5049 2972 5104 καὶ
3040 5047 3302 5122 μιανθεὶς,
3351 5044 3549 5103 πλυνεῖ
3592 5048 3659 5105 τὰ
3687 5048 3794 5122 ἱμά

2141 5299 2317 5373 Αιιεῑῐ
2333 5317 2508 5373 ωβεη
2539 5295 2909 5373 λατρεύωμεν.

2213 5372 2328 5460 (70)
2361 5367 2534 5460 Egit],
2567 5367 2928 5460 duoviqlopsv‘.
2975 5371 3045 5424 At
3068 5441 3078 5460 '
3103 5368 3560 5460 quinque'msjs”
3595 5369 3790 5460 ἀπονι-

2142 5441 2374 5513 ψόμεθα.
2411 5443 2551 5513 Reg.
2584 5441 2833 5513 primus,
2891 5441 3303 5513 ἀπονιψώμεθα.
3366 5442 3587 5499 Ibidem
3623 5443 3792 5512 editi,

2143 5458 2374 5513 ψομεθα.
2414 5458 2492 5498 ne
2540 5485 2551 5498 .
2625 5458 2833 5508 rimus,
2891 5458 3303 5513 απονιψωμευα.
3366 5458 3587 5499 ιοιαθηι
3623 5458 3790 5512 eain,

2143 5512 2409 5569 λούσασθε
2436 5458 2549 5569 καῆ.
2579 5460 2862 5570 ῧοουιαῐῑι
2893 5511 2982 5567 καί
3013 5513 3218 5570 deesse
3275 5514 3336 5569 in
3394 5514 3598 5571 multis
3641 5531 3790 5572 mss.

387 5584 666 5670 [assulth
695 5584 844 5670 τάχα
861 5584 982 5652 τᾶς,
1010 5592 1098 5641 etc
1129 5584 1280 5670 Editi
1312 5584 1586 5656 denique,
1616 5586 1710 5670 Μὴ
1739 5586 1914 5670 ’τάχα
1933 5584 2029 5670 ,διὰ

2145 5589 2265 5658 jam
2307 5588 2658 5670 notavimus.
2695 5585 3053 5670 Rursusth
3102 5585 3249 5670 ipso,
3286 5585 3346 5669 in
3377 5585 3797 5670 locohquatuor

382 5659 476 5712 τὰς
513 5659 664 5712 ὑλικᾶ

388 5659 476 5721 τὰς
513 5658 702 5720 ὑλικὰς
750 5658 1129 5733 ἀπέστρεπται.
1194 5662 1332 5729 Reg.
1395 5663 1687 5731 corrupte.
1737 5658 1878 5716 Μοί
1919 5659 2032 5718 duo

388 5746 559 5803 mea,
582 5730 995 5806 Αατρεύσωμεν.
1030 5729 1186 5787 Editi
1211 5745 1346 5788 cum
1382 5730 1579 5802 tertio,
1638 5727 2032 5806 λατρεύσομεν,

788 5655 1134 5733 ἆιέςστρεπειὶαιἶ
1169 5662 1332 5733 _Reg.
1390 5655 1687 5733 ,σοι-τυρῷ.
1737 5655 1878 5733 Μαί
1919 5659 2029 5718 duo

2145 5655 2678 5733 insismpepwﬁpeh
2708 5657 2812 5733 γὰρ
2842 5657 2956 5715 καί.
2987 5655 3286 5733 Deestjygip
3317 5656 3379 5714 in
3426 5655 3619 5718 editis.
3651 5659 3791 5720 Μοι

2143 5747 2176 5790 e
2202 5728 2436 5790 duobus
2467 5728 2612 5790 mss.
2644 5728 2846 5790 vocem
2873 5728 3008 5813 φησι
3037 5728 3394 5789 ιάάἱῶωιιε.
