4134 6212
303 393 427 462 193

1169 391 1578 460 COMMENT.
1623 395 1702 460 IN
1748 395 2016 460 ISAIAM
2064 395 2566 462 PROPHE’I‘AM.
2613 397 2759 464 CAP
2828 404 2875 463 Ι.

3609 389 3724 470 194

296 552 417 601 τια,
449 529 537 586 καὶ
581 527 836 584 λούσεται
885 529 947 584 τὸ
997 532 1154 603 σῶμα
1185 527 1466 602 Mannicii
1507 529 1742 604 καθαρὸς
1789 525 1959 585 ἔσται.

2089 531 2184 595 Qui
2219 533 2399 601 enim,
2431 534 2641 606 inquit,
2675 536 2932 604 tetigerit
2980 537 3281 608 quidpiam
3330 555 3530 596 eorum
3592 559 3721 614 qua:

301 618 463 678 Ἀλλ’
495 617 593 674 οὐκ
623 618 758 673 εἶπε
794 617 1074 682 Αούσασθε
1118 617 1197 696 ἐφ’
1232 618 1441 692 ἑκάστῳ
1486 615 1785 692 μολυσμῷ,
1819 615 1966 675 ἀλλᾶ

303 709 582 772 Δοῦσασθε
615 708 780 780 μόνον
840 708 973 779 (⁸11).
1032 707 1126 763 Ἓν
1183 707 1482 782 βάπτισμα,
1533 708 1633 780 μία
1683 707 1964 782 κάθαρσις.

306 800 456 856 Ἐκεῖ
483 795 681 853 πλυνεῖ
708 796 777 851 τὰ
806 795 1018 869 ἱμάτια,
1058 797 1145 850 καὶ
1194 794 1446 851 λούσεται
1495 797 1556 852 τὸ
1600 799 1758 869 σῶμα
1791 793 1963 852 ὕδατι·

310 887 544 951 ἐνταῦθα
575 883 801 964 ἀφέλετε
842 885 936 946 τὰς
985 884 1277 961 πονηρίας,
1327 886 1457 960 οὐχὶ
1504 885 1595 940 τὸν
1637 883 1828 961 ῥύπον,
1861 885 1967 940 ἀπὸ

309 982 422 1032 τῶν
451 979 666 1050 ψυχῶν,
721 973 823 1028 οῦκ
881 973 987 1028 ἀπὸ
1037 977 1146 1028 τῶν
1199 973 1453 1046 ἱματίων,
1491 973 1699 1043 Μηκέτι
1749 993 1970 1048 περιερ-

308 1067 482 1143 γάζου
511 1059 742 1134 λίὸάνην
765 1065 854 1118 καὶ
885 1057 1172 1140 χαλϐάνην
1206 1064 1295 1118 καὶ
1357 1062 1531 1140 ὄνυχα
1578 1064 1666 1119 καὶ
1714 1066 1968 1134 στακτὴν,

312 1155 513 1228 μηκὲτι
571 1154 824 1224 ἀναζήτει
882 1149 1116 1226 δάμαλιν
1178 1146 1416 1228 ἀκριϐῶς
1471 1153 1697 1229 πυρῥᾶν,
1744 1155 1816 1216 ὡς
1863 1175 1970 1226 μη-

309 1241 506 1317 δεμίαν
559 1240 737 1314 ἄλλην
793 1241 916 1299 τινὰ
971 1241 1144 1318 χρόαν
1204 1238 1375 1318 ἔχειν,
1408 1241 1470 1304 ἃς
1517 1248 1664 1318 τρεῖς
1719 1239 1884 1317 μόλις
1943 1245 1971 1298 ὁ

302 1333 526 1406 σύμπας
578 1331 784 1409 χρόνος
831 1337 932 1401 τῆς
986 1338 1224 1406 νομικῆς
1281 1333 1535 1404 Αατρείας
1606 1329 1819 1408 ἤνεγκε.
1875 1333 1966 1402 Μὴ

300 1424 534 1494 νήστευε
591 1418 926 1483 Ἰουδαϊκῶς.
999 1421 1088 1490 Μὴ
1173 1417 1472 1493 ἐμποδίζου
1548 1422 1660 1494 (72)
1745 1420 1797 1476 ἐν
1850 1423 1968 1484 ταῖς

301 1511 540 1590 ἀργίαις.
600 1510 754 1574 Ἐνός
805 1530 891 1564 σοι
948 1508 1107 1586 χρεία
1167 1508 1342 1564 ἁπλοῦ
1393 1510 1481 1564 καὶ
1551 1509 1847 1583 συντόμου,
1906 1511 1968 1566 οὗ

301 1599 465 1657 αὐτοὶ
500 1602 656 1677 ὑμεῖς
711 1599 828 1656 ἱστε
856 1598 1058 1673 κύριοι.
1110 1599 1177 1656 Τί
1225 1597 1315 1654 οὗν
1373 1597 1482 1654 ἐστι
1525 1603 1726 1670 τοῦτο;
1761 1599 1971 1657 Μάθετε

302 1691 481 1751 καλὸν
527 1698 729 1766 ποιεῖν,
787 1691 866 1750 υῦ
913 1691 1192 1754 παντελῶς
1242 1696 1330 1747 νῦν
1393 1693 1629 1757 ἀπειθῶς
1683 1693 1773 1748 καὶ
1806 1693 1968 1747 ἀπαι-

309 1780 520 1846 δεύτως
553 1777 725 1859 ἔχετε.
760 1783 906 1837 Ἐπεὶ
943 1780 1034 1836 οὖν
1067 1777 1317 1837 διδακτὸν
1341 1782 1404 1837 τὸ
1433 1781 1624 1853 καλὸν,
1657 1783 1684 1837 ὁ
1716 1779 1773 1837 δὲ
1801 1781 1970 1855 νόμος

2076 620 3337 697 immundasunt,etpollutusfuerit,invahit
3359 629 3733 702 vestimenta,

2077 718 2133 768 et
2163 713 2672 787 lavabiturcorpus
2695 724 2934 788 aqua,et
2953 719 3235 774 mondum
3263 719 3576 792 erit.Atqui
3610 739 3726 778 non

2079 801 2222 857 dixit
2254 820 2267 857 :
2301 803 2594 859 Lavamini
2627 807 2699 860 ob
2734 823 3207 879 unamquamque
3257 809 3732 879 immunditiam,

2079 893 2180 946 sed
2214 898 2444 948 tantum
2477 895 2780 950 Lavamini.
2819 897 3116 966 Baptisma
3149 915 3481 965 unum,una
3523 917 3732 972 purga-

2080 981 2182 1035 tio.
2238 981 2342 1036 Hic
2384 981 2598 1037 lavabit
2656 983 3025 1050 vestimenta,
3051 991 3106 1039 et
3165 985 3456 1041 lavabitur
3516 1004 3730 1060 corpus

2081 1085 2234 1140 aqua
2267 1070 2434 1125 “zhic
2451 1072 2673 1126 auferte
2701 1073 3140 1142 nequitias,non
3161 1075 3384 1140 sordes,
3417 1076 3489 1130 ab
3512 1075 3732 1132 anima-

2081 1156 2337 1223 bus,non
2361 1176 2393 1212 a
2423 1159 2802 1215 vestimentis.
2829 1160 2953 1216 Non
2985 1161 3240 1233 amplius
3271 1162 3488 1231 thuris,
3527 1164 3733 1236 galba-

2083 1247 2164 1315 ni,
2189 1247 2452 1320 onychis,
2475 1253 2532 1304 et
2562 1251 2810 1306 stractes
2841 1253 3097 1321 satagas,
3122 1267 3238 1306 non
3269 1250 3386 1321 iam
3412 1252 3728 1320 juvencem

2080 1336 2350 1408 inquiras
2380 1353 2624 1409 prorsus
2648 1337 3014 1406 Γαΐου),αάοο
3049 1344 3111 1394 ut
3141 1339 3372 1394 nullum
3405 1340 3588 1396 alium
3624 1342 3728 1396 ha-

2079 1425 2209 1480 beat
2238 1425 2515 1493 colorem,
2547 1425 2750 1498 quales
2780 1434 2896 1481 tres
2919 1433 3106 1482 totum
3139 1429 3332 1484 cultus
3359 1427 3566 1500 legalis
3590 1434 3736 1485 tem-

2082 1532 2191 1586 pus
2223 1515 2315 1570 vix
2347 1515 2591 1571 tulit.Ne
2614 1516 3115 1587 jejunesJudaico
3143 1516 3368 1572 ritu.Ne
3390 1517 3735 1590 teimplices

2081 1605 2139 1659 in
2173 1604 2310 1660 otio.
2339 1609 2414 1660 Re
2448 1622 2563 1660 una
2595 1603 2849 1676 simplici
2889 1621 2957 1661 ao
2987 1605 3405 1676 compendaria
3436 1623 3584 1678 opus
3627 1607 3736 1662 tibi

2079 1698 2325 1764 est,quae
2360 1710 2536 1765 penes
2568 1711 2668 1748 vos
2701 1693 2961 1757 est.Quid
2999 1694 3234 1748 tandem
3269 1697 3355 1749 est
3387 1693 3494 1749 hoc
3515 1695 3730 1762 ?(vans.

2083 1784 2193 1855 17.)
2225 1785 2423 1840 Discite
2455 1784 2654 1839 bonum
2705 1785 2908 1854 facere.
2991 1782 3094 1837 Cui
3148 1789 3432 1855 praecepto
3492 1800 3736 1855 prorsus

313 1874 461 1945 ὑμᾶς
491 1874 604 1945 (73)
637 1871 734 1928 οὐκ
765 1867 996 1941 ἐδίδαξεν
1057 1865 1406 1944 (ἐκϐεϐληται
1458 1871 1559 1947 γὰρ
1604 1871 1768 1926 αὑτοῦ
1799 1872 1873 1934 ὡς
1906 1871 1967 1926 οὐ

2089 1891 2236 1929 nunc
2268 1873 2510 1929 rebelles
2539 1871 3013 1944 estis,ipsiusque
3043 1871 3186 1927 estis
3221 1873 3570 1939 rudes.Quia
3621 1872 3736 1946 igi-

309 1959 458 2017 καλά
511 1961 579 2015 τὰ
633 1957 976 2035 διδάγματα),
1033 1965 1178 2016 πᾶσα
1230 1961 1429 2035 ἀνάγκη
1483 1960 1702 2031 λοιπὸν,
1765 1961 1851 2016 ἐπὶ
1907 1962 1970 2016 τὸ

318 2049 669 2126 εὖαγγελικὸν
723 2046 1100 2106 διδασκαλεῖον
1158 2052 1508 2128 καταφυγεῖν.
1595 2050 1812 2121 Νὸησύν
1874 2073 1967 2123 μοι

311 2139 414 2208 τὴν
448 2135 679 2212 μέθοδον
725 2145 827 2208 τῆς
887 2137 1203 2212 οἰκονομίας
1261 2144 1359 2194 τοῦ
1400 2137 1570 2216 λόγου
1616 2139 1723 2194 ἀπὸ
1758 2137 1971 2195 ὑποδεί-

309 2249 529 2302 γματος
563 2227 835 2303 ιναργοῦς.
867 2230 1044 2284 Ἔστω
1072 2250 1156 2290 τις
1185 2234 1292 2284 τῶν
1325 2225 1649 2284 πολυτελῶν
1673 2230 1760 2284 καὶ
1795 2228 1969 2284 πλου-

313 2317 472 2385 σίων,
505 2316 596 2371 καὶ
625 2316 693 2371 τὰ
734 2318 1233 2393 παρασκευασθέντα
1281 2317 1427 2390 αὐτῷ
1473 2316 1704 2373 ποικίλα
1732 2319 1800 2373 τὰ
1835 2319 1971 2392 πρὸς

312 2409 416 2476 τήν
453 2402 687 2461 δίαιτανο
719 2405 895 2482 ἰχὲτω
949 2403 1006 2461 δὶ
1051 2407 1210 2468 οὗτος
1240 2404 1376 2483 πρὸς
1427 2407 1520 2480 μὲν
1551 2408 1618 2462 τὰ
1648 2405 1818 2462 λοιπὰ
1847 2404 1970 2462 δυσ-

312 2497 579 2570 αρὲο-τως.
631 2496 769 2570 πρὸς
825 2495 880 2550 ’ἐν
931 2492 988 2551 δὲ
1056 2495 1222 2570 μόνον
1285 2493 1632 2567 ἐπιτηδείως*
1685 2497 1796 2552 εἶτα
1856 2496 1974 2559 καθ’

311 2581 542 2639 ’ἑκαστον
574 2583 720 2655 αὐτῷ
765 2588 875 2638 τῶν
925 2579 1250 2656 ἀϐουλήτων
1312 2584 1790 2659 ἀποπεμπομὶνων
1836 2588 1973 2656 (74),

316 2673 393 2735 εἷς
448 2673 685 2747 ἀνὰγκην
740 2671 914 2749 ἀγὲτω
984 2672 1112 2734 τοὺς
1188 2673 1578 2750 θεραπεύοντας
1640 2674 1714 2736 εἷς
1801 2673 1974 2730 ἐκεῖνο

317 2759 497 2817 ὶλθεῖν
556 2763 619 2816 τὸ
683 2763 820 2816 κατὰ
878 2761 1033 2836 φύσιν
1092 2760 1466 2826 λανθανόντως
1523 2762 1973 2836 ἐπιζητούμενον·

318 2850 464 2905 οὕτω
493 2850 584 2906 καὶ
617 2855 708 2904 σῦν
739 2871 953 2906 παντων
987 2850 1176 2926 ἐφεξῆς
1227 2847 1648 2926 ἇκῦεὸλημένων
1677 2857 1783 2908 τῶν
1815 2874 1975 2927 νομι-

319 2944 453 3011 κῶν,
497 2939 794 3014 ἀναγκείως
845 2942 880 3010 ἡ
929 2937 1224 3016 παραδοχή
1280 2946 1376 2997 τοῦ
1434 2939 1768 3018 Εὖαγγελίου
1806 2963 1974 2997 κατα-

318 3031 655 3100 σκευάζεται.
709 3029 1009 3095 Λούσασθε.
1069 3031 1165 3085 Καὶ
1214 3032 1265 3086 τί
1319 3033 1382 3088 τὸ
1435 3030 1666 3110 κέρδος;
1717 3035 1832 3089 Ἵνα
1879 3052 1972 3086 κα·

317 3119 474 3192 θαροὶ
523 3119 769 3196 γὲνησθε.
823 3117 918 3182 Et;
971 3117 1024 3174 τί
1084 3116 1142 3174 δὲ
1192 3121 1354 3197 χρεία
1411 3121 1817 3195 καθαρότητος;
1863 3123 1976 3178 Ἵνα

310 3208 404 3261 τὸν
437 3209 566 3263 Θεὸν
604 3205 776 3280 ἴδητε.
831 3209 954 3283 Ἆρ’
982 3207 1073 3263 οὖν
1134 3208 1342 3287 ἐξαρκεῖ
1400 3209 1732 3284 λουσάμενόν
1787 3230 1854 3283 με
1883 3208 1971 3284 καί

2082 1967 2176 2018 tur
2208 1963 2422 2018 bonum
2452 1963 2718 2016 doctrina
2769 1966 2958 2032 potest
3003 1962 3357 2032 comparari,
3388 1977 3492 2016 nec
3534 1967 3735 2018 tamen

2079 2052 2173 2108 lox
2205 2069 2306 2107 vos
2346 2051 2544 2106 docuit
2573 2051 2732 2122 (nam
2755 2049 3100 2104 documenia
3131 2049 3258 2119 ejus
3290 2054 3574 2123 tauquam
3616 2067 3732 2106 non

2079 2142 2234 2199 bona
2261 2141 2562 2213 repudiata
2579 2142 2893 2210 sunt),tum
2918 2141 3157 2194 demum
3177 2141 3247 2195 ad
3268 2139 3533 2196 scholam
3561 2157 3737 2196 evan-

2078 2231 2320 2304 gelicum
2381 2231 2692 2301 confugere
2741 2245 2976 2284 necesse
3006 2234 3096 2284 est
3131 2229 3395 2284 omnino.
3429 2229 3736 2285 Rationem

2081 2338 2198 2393 qua
2227 2320 2467 2375 verbum
2497 2318 2894 2390 dispensatur,
2950 2335 3020 2373 ex
3047 2317 3200 2374 claro
3230 2317 3521 2389 exemplo,
3550 2317 3728 2374 velim

2084 2408 2464 2465 advertas.Sit
2485 2408 2774 2479 quispiam
2798 2423 3000 2462 eorum
3015 2407 3112 2479 qui
3136 2407 3400 2479 ingentes
3434 2407 3736 2479 impensas

2085 2499 2327 2563 faciunt,
2353 2499 2717 2568 al'lluuntque
2739 2495 2980 2561 divitiis,
3014 2495 3105 2550 cui
3140 2495 3329 2550 multa
3377 2511 3443 2550 ac
3472 2495 3634 2551 varia
3661 2496 3734 2551 ad

2083 2589 2296 2642 victum
2331 2585 2825 2658 apponanturzhio
2855 2590 3074 2652 autem,
3100 2589 3384 2656 quantum
3419 2585 3488 2639 ad
3523 2590 3729 2643 statera

2083 2675 2624 2743 attinet,fastidioso
2648 2674 2725 2728 sit
2747 2674 2964 2740 animo,
2995 2678 3054 2728 et
3078 2690 3212 2729 essa
3243 2674 3414 2729 unica
3437 2675 3720 2730 duntaxat

2085 2763 2389 2821 commode
2424 2762 2934 2818 vescatusrdeinde
2967 2761 3217 2833 singulis
3247 2779 3374 2835 quae
3406 2763 3456 2818 ei
3491 2780 3606 2818 non
3638 2779 3736 2819 sa-

2085 2855 2275 2926 piunt,
2312 2851 2565 2922 rejectis,
2599 2850 2852 2906 famulos
2882 2867 2948 2906 eo
2980 2851 3349 2907 necessitatis
3391 2851 3608 2921 adigat,
3668 2857 3735 2908 ut

2086 2943 2155 2998 ad
2172 2942 2314 2996 illud
2331 2949 2481 3013 quod
2506 2939 2850 2996 naturaliter
2867 2943 2924 2994 et
2945 2939 3169 2994 occulte
3191 2939 3738 3011 oxpetebant,deve-

2087 3030 2550 3086 niant:eumdem
2583 3029 2654 3084 ad
2687 3028 2922 3083 modum
2957 3027 3307 3083 etiamnunc
3330 3028 3607 3083 omnibus
3658 3026 3736 3083 le-

2083 3120 2313 3193 galibus
2343 3117 2546 3173 ordine
2579 3115 3168 3186 rejectis,necessario
3200 3115 3494 3188 Evangelii
3539 3115 3736 3173 aditur

2085 3205 2947 3279 susceptio.Lavamini.Ecquid
2963 3204 3212 3262 lucriPUt
3227 3205 3433 3260 mundi
3450 3206 3738 3276 evadatis,

309 3297 416 3366 τήν
448 3294 526 3351 lvi
556 3273 692 3361 τοῖς⁷
725 3273 1014 3374 προτίροις
1073 3273 1312 3354 λαέόντα
1371 3273 1717 3376 συγχώρησιν
1764 3273 1972 3374 ησυχᾶλ

2089 3297 2230 3361 Quid
2256 3273 2450 3352 autem
2485 3293 2775 3350 munditia
2803 3273 2954 3365 opus
2974 3303 3063 3349 est
3091 3293 3119 3348 ?
3150 3293 3223 3348 Ut
3244 3293 3429 3349 Deum
3453 3273 3726 3350 videatis.

313 3388 466 3455 ζειν;
499 3386 536 3455 ἦ
565 3407 711 3450 τινος
742 3389 831 3442 καὶ
858 3387 1040 3465 ἒτὲροτ
1071 3388 1229 3465 χρεία
1255 3408 1268 3459 ;

391 3658 482 3713 39.
572 3655 826 3733 Ἀφὲλετι
902 3657 996 3720 τὰς
1073 3657 1328 3731 πονηρίας
1409 3659 1514 3714 ἀπὸ
1595 3664 1704 3717 τῶν
1776 3663 1968 3738 ψυχῶν

325 3743 481 3816 ὑμῶν
533 3743 785 3798 ἀπέναντι
859 3751 967 3801 τῶν
1047 3747 1348 3825 ὀφθαλμῶν
1412 3770 1538 3822 μου.
1593 3751 1655 3807 Ἡ
1717 3751 1812 3824 μὲν
1869 3752 1971 3828 γὰρ

321 3829 413 3886 διά
432 3832 675 3908 λουτροῦ
705 3833 960 3910 κάθαρσις
1015 3843 1114 3906 τῆς
1161 3836 1562 3914 φιλανθρωτίας
1612 3837 1845 3915 ἤρτηται
1876 3846 1974 3896 τοῦ

320 3922 619 3976 Δεσπότου·
675 3925 703 3993 ἢ
760 3920 819 3978 δὲ
864 3931 966 3994 τῆς
1041 3925 1308 4000 πονηρίας
1357 3926 1610 3992 ἀπόθεσις
1656 3926 1814 4006 ἔργον
1872 3938 1972 4000 τῆς

317 4013 480 4084 ἡμῶν
512 4011 685 4066 αὐτῶν
744 4011 1058 4087 ἐπιμελείας
1116 4012 1280 4074 ἐστίν.
1326 4018 1442 4074 ’Ίνα
1495 4015 1552 4073 δὲ
1603 4021 1678 4091 μή
1735 4019 1872 4095 μόνῃ
1905 4021 1973 4094 τῇ

317 4101 424 4154 ἀπὸ
455 4104 556 4154 τοῦ
587 4099 821 4176 λουτροῦ
875 4101 1062 4178 χάριτι
1108 4099 1492 4174 ἐπελπίζοντες
1541 4109 1673 4180 (75),
1709 4104 1973 4182 ἄπρακτοι

321 4190 599 4262 μείνωμεν
648 4190 754 4245 ἀπὸ
812 4194 922 4245 τῶν
983 4190 1242 4264 ἐντολῶν,
1277 4190 1365 4248 διὰ
1420 4199 1580 4249 τοῦτο
1632 4193 1974 4252 ἐπισυνάπτει

315 4282 490 4332 πᾶσαν
547 4282 645 4333 τοῦ
695 4279 815 4355 βίου
870 4281 969 4349 τὴν
1029 4284 1364 4358 συναγωγήν·
1429 4281 1688 4362 Ἀφέλετε
1742 4285 1835 4348 τὰς
1873 4306 1973 4341 που

317 4368 508 4440 νηρίας
557 4368 664 4423 ἀπὸ
710 4373 820 4423 τῶν
874 4367 1113 4447 καρδιῶν
1171 4375 1285 4446 (76)
1348 4371 1527 4446 ύμῶο.
1587 4375 1769 4432 Οἱονεῐ
1829 4375 1972 4450 ἐκρι-

319 4456 523 4524 ζώσστε
555 4456 661 4511 ἀπὸ
687 4461 786 4512 τοῦ
832 4459 1164 4534 ἡγεμονικοῦ
1212 4462 1306 4523 τὰς
1346 4461 1598 4539 πονηρὰς
1636 4462 1863 4533 ἐννοίας,
1899 4465 1974 4527 ὡς

319 4545 460 4614 μήτε
483 4541 672 4619 λόγον,
709 4547 848 4618 μήτε
880 4567 931 4602 τι
971 4543 1135 4624 ἔργον
1183 4551 1578 4626 ἀπογεννᾶσθαι
1607 4556 1713 4608 τῶν
1759 4554 1972 4628 μοχθη-

2079 3386 2310 3443 Satisne
2342 3385 2520 3458 igitur
2541 3383 2715 3440 fuerit
2746 3381 3014 3439 ablutum
3039 3398 3133 3437 me
3189 3397 3318 3438 esse
3375 3386 3434 3438 et
3491 3385 3732 3454 accepta

2083 3476 2344 3549 priorum
2377 3473 2726 3530 delictorum
2763 3471 2933 3527 venia
2962 3469 3022 3526 in
3045 3470 3164 3527 otio
3196 3469 3433 3543 degere?
3464 3488 3536 3527 an
3571 3469 3731 3528 aliud

2083 3565 2397 3637 quicquam
2429 3561 2794 3636 requiritur?

2153 3655 2242 3709 39.
2276 3655 2496 3723 Auferte
2523 3653 2772 3707 malitias
2798 3667 2868 3705 ex
2887 3650 3183 3706 animabus
3210 3651 3400 3706 vestris
3447 3650 3514 3704 ab
3562 3651 3736 3707 oculis

2083 3745 2241 3800 meis.
2277 3742 2625 3813 Expurgatio
2658 3739 2894 3811 quidem
2929 3756 3056 3810 quae
3089 3755 3188 3810 per
3215 3738 3510 3794 lavacrum
3561 3740 3642 3809 fit,
3701 3758 3736 3796 α

2089 3831 2312 3889 Domini
2347 3846 2484 3902 erga
2514 3846 2618 3883 nos
2640 3828 3000 3900 benignitate
3022 3828 3438 3899 dependetzsed
3471 3844 3603 3882 cum
3633 3844 3731 3884 ne-

2088 3921 2274 3995 quitia
2303 3916 2696 3990 deponitur,id
2733 3920 2942 3970 ῐιοεῒτίε
2975 3915 3237 3987 ipsorum
3288 3913 3605 3986 diligentia:
3666 3932 3733 3972 ac
3796 3963 3798 3965 ,

2086 4027 2236 4066 ουτ-ιο
2267 4008 2507 4063 effectus
2539 4010 2646 4061 est.
2681 4005 2964 4060 Ceterum
2997 4020 3071 4059 ne
3109 4003 3169 4058 in
3202 4001 3328 4059 sola
3366 4003 3575 4058 lavacri
3602 4020 3730 4076 gra-

2085 4100 2163 4155 tia
2195 4114 2357 4170 spem
2392 4098 2695 4168 ponentes,
2727 4093 3008 4149 mandata
3035 4109 3146 4148 non
3186 4091 3581 4164 perﬁciamus,
3643 4093 3731 4148 id-

2085 4189 2238 4245 circo
2269 4202 2504 4242 omnem
2534 4183 2656 4238 vitae
2692 4183 2974 4238 rationem
3008 4181 3190 4236 simui
3213 4181 3450 4253 jungit:
3512 4182 3736 4254 Auferte

2081 4278 2326 4334 malitias
2357 4291 2426 4330 ex
2450 4273 2706 4330 cordibus
2736 4272 2948 4327 vestris.
2983 4268 3191 4326 Tollite
3238 4267 3396 4324 velut
3449 4269 3732 4328 radicitus

2084 4385 2117 4422 a
2150 4371 2340 4422 mente
2372 4362 2558 4418 malas
2589 4359 2991 4434 cogitationes,
3043 4363 3107 4413 ut
3137 4374 3325 4430 neque
3375 4374 3734 4433 sermonem,

2082 4471 2269 4528 neque
2303 4469 2542 4525 parvum
2566 4449 2749 4506 ullum
2771 4465 2919 4522 opus
2951 4447 3352 4520 ingenerat.Ab
3367 4449 3545 4505 oculis
3575 4452 3732 4507 meis.

2083 4543 2368 4610 Quoniam
2399 4540 2583 4596 multa
2613 4556 2740 4611 quae
2767 4556 2800 4594 a
2820 4538 2948 4593 visa
2977 4537 3155 4609 probe
3183 4536 3453 4594 instituta
3500 4539 3735 4611 proﬁci-

314 4636 449 4706 ρῶν.
486 4633 765 4690 ’Λπὲναντι
811 4639 922 4692 τῶν
969 4636 1269 4715 ὀφθαλμῶν
1306 4624 1454 4713 μμου.
1512 4640 1734 4712 Ἐπειδὴ
1762 4624 1971 4698 πολλὰ

2089 4638 2347 4699 scuntur,
2381 4631 2531 4686 ﬁunt
2560 4630 2631 4685 ab
2656 4628 2730 4684 iis
2766 4628 2862 4699 qui
2897 4644 2929 4682 a
2963 4626 3075 4681 ﬁde
3104 4624 3277 4715 alieni
3335 4632 3498 4696 sunt,
3542 4627 3734 4701 qualis

309 4725 421 4776 τῶν
483 4723 621 4777 κατὰ
678 4723 768 4778 τὸν
821 4722 1116 4781 σπουδαῖον
1179 4727 1296 4804 βίον
1350 4729 1496 4803 παρά
1553 4735 1662 4786 τῶν
1717 4729 1818 4803 ἔξω
1873 4737 1975 4800 τῆς

2089 4729 2178 4783 est
2197 4720 2546 4779 concubitus
2577 4723 2633 4773 et
2659 4716 3024 4790 voluptatum
3069 4713 3395 4787 epularium
3431 4717 3730 4774 abstinen-

312 4810 552 4874 πίστεως
581 4808 976 4883 ιπιτηδεύεται,
1013 4814 1126 4870 οἷον
1180 4817 1366 4893 ἀπογὴ
1424 4823 1532 4873 τῶν
1586 4817 1638 4874 ἐν
1673 4819 1981 4880 συνουσίαις

2091 4816 2190 4883 tia,
2225 4824 2574 4881 morumque
2613 4805 2941 4863 constantia
2990 4809 3048 4860 et
3089 4804 3486 4877 tranquillitas
3519 4821 3533 4862 :
3574 4807 3732 4869 haud

311 4899 400 4952 καὶ
436 4899 746 4973 βρωμάτων
799 4898 1047 4971 ἡδοναῖς,
1103 4904 1192 4959 καὶ
1222 4907 1284 4961 τὸ
1341 4905 1392 4962 ἐν
1427 4905 1550 4977 ἤθει
1601 4908 1852 4974 εὐσταθὲς
1889 4903 1982 4964 καὶ

385 4990 432 5024 ¹²
462 4988 637 5044 Num.
671 5007 788 5058 xxx,
808 4993 864 5048 7.

379 5077 501 5154 ,(71)
535 5075 620 5156 Ita
651 5094 795 5156 mss.
829 5083 969 5136 tres.
1005 5081 1176 5156 Deest
1225 5083 1389 5155 μόνον
1453 5085 1510 5140 in
1560 5087 1735 5142 editis
1793 5094 1851 5145 et
1907 5089 1968 5146 in

315 5146 838 5231 aliisuqui‘bu'sdam
878 5168 1018 5231 mss.
1047 5155 1183 5231 _ll_la
1226 5146 1374 5231 quis
1424 5173 1555 5231 mox
1614 5165 1970 5231 sequuntur,

312 5216 818 5299 gemmeam,
849 5228 984 5299 etc.,
1011 5225 1096 5281 sic
1116 5216 1378 5299 intefligi
1412 5229 1623 5286 debere
1655 5216 1967 5289 videntur-5

315 5293 679 5376 {lic‘aufer're
727 5296 1031 5376 nequitias,
1090 5315 1207 5354 non
1255 5293 1441 5376 sordes
1468 5317 1567 5376 eas
1596 5319 1722 5376 quae
1749 5316 1970 5360 contra-

315 5361 518 5416 buntur
546 5380 620 5418 ex
665 5361 950 5424 contractu
1006 5361 1195 5426 rerum
1248 5361 1688 5431 immundardm.
1784 5376 1970 5434 Cordis

313 5435 590 5490 mascula:
619 5437 825 5503 tollite,
847 5454 955 5492 non
991 5444 1460 5500 vestimentorum.

382 5506 497 5590 (72)
557 5506 655 5590 BH
692 5503 1012 5590 ἒιξςκῼδίζοςο.
1047 5513 1164 5590 Hoc
1209 5522 1318 5584 est,
1372 5516 1510 5590 Cave
1541 5524 1592 5572 te
1621 5517 1868 5588 implices
1910 5520 1970 5574 in

313 5579 592 5658 alio,qu
631 5582 692 5635 in
715 5581 908 5658 diebus
929 5583 1088 5655 festis
1107 5579 1508 5644 observandum
1536 5579 1800 5658 oportuit.
1853 5595 1971 5647 Nec

313 5649 393 5736 ita
420 5649 609 5709 multo
639 5657 773 5726 post
801 5649 1054 5736 quatuor
1083 5658 1452 5736 mest-xpeto:
1483 5649 1662 5736 ἁπλοῦ
1692 5661 1802 5736 καί.
1857 5661 1970 5722 Alii

316 5719 428 5780 duo
455 5739 604 5784 mss.
637 5719 779 5810 cum
810 5719 986 5790 editis
1006 5726 1170 5805 χρεία
1197 5719 1453 5794 «cmi.
1498 5731 1765 5798 Subinde
1825 5719 1968 5807 qus-

2094 4904 2403 4960 contentus
2435 4903 2521 4953 est
2546 4897 2638 4952 bis
2669 4895 2880 4962 verbis,
2905 4893 3126 4965 Auferte
3154 4894 3401 4950 malitias
3433 4912 3447 4964 ;
3489 4897 3587 4953 sed
3641 4901 3736 4954 at-

2081 5084 2215 5135 tuor
2264 5093 2432 5137 mss.,
2488 5075 2670 5143 τοῦτο,
2736 5070 2949 5144 μάθετε.
2982 5068 3158 5140 Editi,
3186 5072 3388 5144 τοῦτο,
3415 5071 3477 5125 τὸ
3513 5073 3728 5144 μαθετε.

2153 5149 2273 5218 (73)
2303 5147 2397 5202 Sic
2428 5152 2546 5200 tres
2574 5141 2948 5200 mss.Atediti
2984 5157 3118 5197 cum
3149 5141 3282 5198 aliis
3311 5141 3544 5202 duobus
3561 5163 3732 5216 mem,

2170 5256 2229 5296 ας

2127 5258 2229 5309 im
3025 5300 3036 5312 .

2151 5308 2265 5378 (74)
2297 5307 2387 5362 sic
2417 5307 2560 5378 Reg.
2618 5306 2868 5378 primus,
2917 5307 3158 5378 Optime.
3194 5303 3348 5360 Editi
3377 5309 3436 5361 et
3465 5307 3729 5378 quinque

2082 5373 2179 5436 alii
2211 5373 2378 5445 mss,
2403 5373 2887 5448 ἀποπεμπόμενος,
2922 5373 3192 5448 pessime.

2153 5451 2268 5524 (75)
2293 5443 2398 5524 Ubi
2427 5449 2493 5524 ing
2519 5443 2749 5524 excusis
2783 5443 3388 5524 Ιϐςίίξιτηέλιπίζοντες,
3445 5447 3730 5504 scribitur

2082 5521 2141 5576 in
2159 5513 2229 5576 ’ω
2243 5513 2348 5587 ἑϐ..
2382 5517 2761 5589 ἐπελπίζοντες
2794 5513 2903 5594 aut
2923 5513 3319 5594 ἐφελπίζοντες.

2153 5594 2273 5669 (76)
2308 5597 2392 5669 Ita
2424 5611 2568 5650 mss.
2599 5588 2744 5648 sex.
3018 5591 3233 5669 ψυχῶν.
3268 5591 3417 5669 Belle
3446 5588 3724 5659 quidem:

2088 5661 2195 5725 sed
2245 5661 2569 5726 reclamant
2598 5671 2819 5721 veteres
2848 5661 3004 5729 libri,
3037 5668 3101 5718 ut
3121 5661 3476 5716 notavimus.
