4100 6220
383 364 498 426 195

1368 351 1759 418 APPENDIX
1800 346 2125 416 OPERUM
2169 350 2232 413 S.
2279 347 2560 412 BASILII
2605 345 2880 413 MAGNI.

3679 343 3800 406 196

384 495 567 553 texuit
596 495 740 550 illud
769 512 780 551 :
810 493 886 550 Ab
914 493 1238 550 oculisweis
1265 508 1279 559 ;
1314 495 1601 562 tanquam
1657 488 1807 545 actio
1867 486 2025 542 nulla

2142 482 2441 559 ἀτάραχον,
2511 481 2609 537 οὐκ
2684 479 2924 558 ἠρκέσθη
2982 477 3062 552 τῷ
3117 476 3309 550 εἰπεῖν,
3387 475 3644 555 Ἀφέλετε
3697 475 3803 540 τὰς

385 586 796 642 convenienter
811 588 989 655 queat
1009 579 1347 654 perﬁci,nisi
1365 595 1495 634 cum
1513 580 1725 650 pietate
1749 595 1875 650 quae
1893 593 2025 649 erga

2141 571 2431 644 πονηρίας,
2518 569 2664 626 ἀλλὰ
2743 570 3047 645 προσέθηκε
3148 567 3232 635 τὸ,
3318 567 3607 622 Ἀπέναντι
3685 569 3799 621 τῶν

382 675 681 731 Christum
715 679 822 742 est,
858 674 1099 728 liat.Aut
1122 669 1399 741 quoniam
1439 674 1609 722 Pater
1637 667 1868 722 videtin
1902 667 2032 722 abs-

383 764 639 824 conditio
666 762 981 830 “,dicitzAb
1002 760 1173 816 oculis
1200 757 1645 822 meie,nimirum
1679 756 1873 812 alocis
1904 772 2031 828 quis

386 861 539 910 Deus
569 854 716 908 411
753 851 1018 906 intuetur
1049 873 1064 917 ;
1100 853 1164 904 ut
1221 864 1337 902 non
1369 847 1543 902 modo
1567 847 1640 900 ob
1699 844 2031 901 actionibus

386 932 708 1006 nequitiam
741 930 1096 997 auferamus,
1130 928 1230 983 sed
1265 927 1439 982 etiam
1469 939 1526 981 a'
1551 925 2027 997 cogitationibus.

385 1024 504 1080 Hoc
535 1027 730 1078 autem
763 1021 828 1075 ﬁt
858 1036 962 1091 per
993 1018 1308 1090 perfectam
1376 1015 1682 1071 caritatem
1739 1031 1804 1070 eo
1871 1014 2028 1086 quod

387 1112 641 1178 Carinas,
669 1111 840 1180 juxta
871 1107 1138 1177 Paulum,
1168 1122 1279 1162 non
1307 1107 1511 1176 cogitat
1540 1103 1845 1176 malumﬁ“.

2144 659 2443 739 ὀφθαλμῶν
2508 683 2634 735 μου,
2696 661 2769 722 ὡς
2829 657 3086 731 οὐδεμιᾶς
3150 657 3395 732 πράξεως
3444 656 3801 726 καθηκόντως

2141 749 2505 806 ἐπιτελεῖσθαι
2540 747 2868 823 δυναμένης,
2901 746 2949 802 εἷ’
2999 748 3074 821 μὴ
3134 746 3267 820 μετᾶ
3321 748 3421 815 τῆς
3453 744 3530 807 εἷς
3561 744 3801 821 Χριστὸν

2141 832 2412 901 εὐσεϐείας
2436 838 2668 915 γίνοιτο.
2723 843 2793 893 ’Ἠ
2850 833 3037 905 ἐπειδὴ
3087 837 3116 891 6
3168 834 3357 911 Ηατὴρ
3417 832 3604 909 βλέπει
3635 832 3686 889 ἐν
3718 838 3804 906 τῷ

2140 930 2384 1001 κρυπτῷ,
2445 927 2720 984 Ἀπένανει
2791 929 2897 980 τῶν
2969 923 3262 998 ὀσθαλμῶν
3342 944 3467 997 μου,
3524 919 3628 977 ἄπὸ
3683 927 3799 977 τῶν

2138 1015 2321 1071 τόπων
2356 1012 2526 1092 λέγει,
2567 1019 2673 1071 τῶν
2704 1014 2808 1070 ὑπὸ
2859 1019 2992 1070 Θεοῦ
3045 1010 3416 1090 βλεπομένων
3447 1009 3539 1066 θίνα
3585 1010 3661 1084 μή
3698 1010 3805 1083 μό-

2140 1125 2228 1160 νον
2264 1105 2368 1159 ἀπὸ
2417 1108 2524 1160 τῶν
2583 1103 2825 1179 πράξεων
2880 1103 3045 1172 αὐτὴν
3107 1099 3472 1178 περιέλωμεν,
3524 1098 3666 1156 ἀλλὰ
3707 1100 3805 1154 καὶ

382 1199 488 1255 ἀπὸ
537 1203 642 1252 τῶν
704 1193 1083 1269 διαλογισμῶν
1133 1197 1302 1248 Τοῦτο
1352 1190 1409 1248 δὶ
1467 1189 1558 1246 διὰ
1605 1195 1706 1260 τῆς
1760 1189 1972 1256 τελείας
2027 1191 2244 1268 ἀγάπης
2320 1194 2674 1270 περιγίνεταιο
2735 1191 2874 1248 διότι
2931 1194 2994 1248 Ἣ
3053 1191 3257 1269 ἀγάπη,
3314 1191 3448 1247 νατὰ
3497 1190 3589 1246 τὸν
3649 1193 3799 1246 Παῦ-

385 1284 508 1357 λον,
541 1287 604 1341 οὐ
636 1283 914 1360 λογίζεται
947 1285 1008 1338 τὸ
1037 1304 1223 1340 κακον.

454 1376 1030 1434 40.νειιε.17.ι)ἰ.ςσίιε
1049 1375 1248 1429 bonum
1261 1373 1777 1442 facere.Enimvero
1791 1371 2032 1428 moralis

383 1465 801 1524 scientiahaud
823 1463 1099 1535 perpicua
1115 1467 1223 1532 est,
1246 1478 1431 1533 neque
1461 1478 1530 1517 ex
1568 1478 1631 1517 se
1662 1461 1890 1516 cunctis
1933 1477 2028 1515 ex-

383 1557 576 1628 posita
596 1559 653 1610 et
674 1552 1192 1625 apertazsiquidem
1212 1552 1364 1606 bona
1377 1551 1562 1606 facere
1576 1567 1678 1622 per
1699 1549 2026 1606 doctrinam

381 1645 852 1700 discimusJuste
873 1639 1408 1712 enim,inquit,quod
1457 1639 1670 1710 justum
1716 1643 1813 1703 est,
1835 1653 2024 1709 perse-

2213 1375 2298 1429 40.
2333 1371 2538 1429 Μάθετε
2567 1369 2735 1428 καλὸν
2794 1377 2992 1428 ποιεῖν.
3045 1370 3121 1429 Οὐ
3180 1371 3283 1445 γάρ
3336 1371 3511 1448 σαφὴς
3544 1370 3572 1423 6
3602 1367 3803 1436 ὴθικὸς

2139 1459 2323 1536 λόγος,
2392 1459 2516 1517 οὐδὲ
2575 1468 2734 1518 πᾶσιν
2801 1461 3022 1516 αὐτόθεν
3083 1459 3391 1534 ἐκκείμενος
3450 1461 3584 1532 (77),
3640 1455 3800 1532 εἴπερ

2139 1547 2388 1606 διδακτόν
2421 1551 2530 1606 ἐστι
2563 1551 2622 1606 τὸ
2655 1556 2829 1606 ποιεῖν
2877 1551 2944 1604 τά
2983 1548 3147 1605 καλά.
3204 1549 3435 1610 Δικαίως
3466 1548 3591 1623 γὰρ,
3641 1545 3798 1623 φησὶ,

2133 1639 2195 1693 τὸ
2253 1637 2457 1694 δίκαιον
2517 1637 2751 1710 διώξεις.
2809 1639 3092 1708 Τουτίστι,
3151 1639 3286 1712 μετὰ
3347 1641 3457 1692 τῶν
3529 1637 3649 1691 πεὸὶ
3711 1629 3801 1688 δι-

380 1734 640 1804 ᾳιιινίδίδ.
680 1733 792 1786 Hoc
821 1735 1071 1800 est,cum
1099 1728 1348 1799 justitize
1377 1728 1751 1784 sermonibus
1795 1728 2024 1796 justam

2141 1729 2424 1798 καιοσόνης
2453 1727 2630 1804 λόγων
2677 1729 2776 1797 τὴν
2835 1726 3044 1783 δικαίαν
3091 1728 3280 1803 πρᾶξιν
3314 1724 3662 1787 έπιτελέσεις.
3695 1724 3796 1785 Ὠς

381 1801 646 1894 perficies
659 1817 1235 1884 actionem.Quemad
1247 1819 1480 1872 modum
1498 1817 1652 1873 enim
1667 1815 1887 1887 aliquid
1901 1831 2025 1871 con-

2141 1816 2241 1891 γάρ
2296 1814 2405 1871 ἔστι
2466 1801 2785 1886 ἐι-ποιῆσαι
2845 1801 3286 1892 ίατρικὸνςάλλ⁹
3345 1815 3444 1870 οὑκ
3501 1814 3790 1888 ἰατρικῶς·

381 1911 474 1967 fici
497 1909 872 1982 potest,quod
897 1907 965 1963 ad
1001 1911 1183 1962 artem
1208 1907 1494 1962 medicam
1529 1908 2026 1978 pertineat,quan-

379 2016 558 2072 quam
590 1998 644 2053 id
671 2014 785 2053 non
804 2012 873 2052 ex
895 1993 1194 2051 medicinae
1222 1993 1441 2068 regulis
1467 1993 2025 2049 conﬁcitur:ratione

380 2085 673 2147 consimili
694 2089 884 2158 potest
904 2084 1039 2156 quis
1062 2082 1610 2154 quidpiamjustum
1634 2079 2028 2146 efﬁcere,licet

385 2173 1192 2246 nonjuste.Exemplicausa,
1228 2171 1351 2243 ipse
1373 2171 1691 2226 herbarum
1742 2187 1885 2225 usus
1935 2173 2026 2224 est

379 2264 681 2338 quidpiam
717 2264 873 2336 quod
905 2263 974 2317 ad
1009 2267 1195 2316 artam
1240 2260 1526 2316 medicam
1563 2259 1814 2332 pertinet
1846 2275 1858 2313 :
1921 2259 2021 2314 sed

379 2354 523 2410 dum
555 2353 778 2424 aliquid
813 2369 881 2408 ex
914 2350 1214 2407 medicinae
1238 2354 1523 2422 praecepto
1547 2349 1760 2420 agitur,
1791 2347 1938 2403 ratio
1967 2351 2025 2402 et

384 2443 699 2500 herbarum
731 2441 934 2508 vim,et
965 2439 1150 2495 morbi
1194 2437 1560 2510 qualitatem,
1595 2442 2022 2508 tempus,men-

379 2549 600 2599 suram,
633 2535 691 2586 et
709 2530 910 2586 utendi
952 2529 1192 2584 modum
1216 2524 1883 2591 considerat.Scientiam
1915 2543 2023 2581 au-

375 2625 494 2678 tem
526 2621 680 2676 inter
711 2624 768 2674 et
797 2635 998 2674 casum
1031 2617 1342 2673 intercedit
1375 2616 1716 2671 discrimen.
1753 2615 1897 2670 Nam
1922 2613 2025 2686 qui

378 2709 705 2766 secundum
737 2712 922 2764 artem
953 2711 1246 2778 operatur,
1280 2706 1483 2761 eadem
1514 2721 1745 2774 semper
1789 2704 2023 2770 efﬁciet,

379 2799 643 2871 quandiu
679 2797 892 2852 rationi
912 2795 1230 2851 adhaeserit
1263 2812 1276 2851 :
1319 2794 1416 2864 qui
1444 2797 1641 2848 autem
1702 2797 1922 2848 temere
1970 2796 2027 2848 et

378 2904 519 2944 casu
552 2886 690 2959 agit,
724 2887 775 2941 ei
809 2902 923 2941 non
955 2901 1188 2956 semper
1243 2881 1637 2939 conducibilia
1667 2897 1728 2936 se
1760 2883 2023 2937 offerent:

382 2978 483 3032 sed
517 2976 563 3031 si
596 2976 766 3030 hodie
796 2974 958 3030 dedit
997 2972 1270 3039 salutem,
1323 2971 1642 3044 aliquando
1675 2988 1776 3043 per
1822 2971 2025 3026 eadem

380 3065 641 3122 remedia
668 3065 844 3120 etiam
879 3079 1081 3119 necem
1115 3061 1332 3117 attulit.
1369 3061 1532 3116 Hunc
1577 3061 1646 3114 ad
1684 3060 1922 3115 modum
1972 3067 2028 3115 et

381 3157 460 3211 rei
494 3153 814 3210 laudabilis
845 3170 912 3208 ac
935 3154 1100 3208 bonae
1120 3151 1391 3207 tractatio
1410 3167 1478 3205 ex
1508 3149 1760 3205 scientiae
1808 3165 2022 3220 prmoe-
2054 3168 2096 3235 ρ

377 3245 492 3314 ptis
520 3243 744 3309 effecta,
778 3240 1140 3312 aequabiliter
1171 3240 1479 3306 exseritur,
1512 3239 1667 3308 quod
1701 3239 1846 3292 ratio
1906 3238 2023 3292 haec

381 3333 544 3386 intus
566 3347 812 3386 manens
844 3329 1093 3395 singulis
1124 3346 1250 3400 quae
1277 3330 1426 3382 fiunt
1459 3342 1716 3399 praesens
1747 3327 1877 3382 erit.
1910 3325 2023 3382 De-

378 3417 563 3474 clarat
594 3424 790 3473 autem
821 3417 876 3472 in
911 3416 1044 3473 aliis
1076 3417 1216 3472 locis
1273 3415 1576 3486 Scriptura
1632 3415 2026 3471 necessariam

375 3523 504 3563 esse
535 3523 732 3562 rerum
765 3505 1126 3577 agendarum
1159 3504 1635 3573 scientiam,dum
1668 3503 2025 3560 dicit:0mnis

2137 1903 2308 1966 οὕτως
2339 1903 2451 1959 ἔστι
2479 1926 2530 1959 τι
2562 1911 2787 1974 ποιῆσαι
2820 1901 3052 1976 δίκαιον,
3109 1903 3201 1959 καὶ
3263 1904 3338 1978 μὴ
3372 1900 3619 1964 δικαίως.
3652 1900 3794 1958 Οῖον

2139 1993 2376 2069 ἰατρικὸν
2413 1994 2532 2066 μὶν,
2575 1992 2710 2064 αὐτή
2756 1997 2790 2063 ἡ
2840 2001 2940 2064 τῆς
2987 1994 3220 2070 βοτάνης
3269 1999 3493 2068 χρῆσις·
3528 1991 3798 2066 ἰατρικῶς

2136 2079 2216 2152 δὲ,
2248 2084 2276 2136 6
2308 2081 2476 2157 λόγος
2521 2083 2612 2138 καὶ
2655 2084 2754 2152 τὴν
2814 2081 3040 2157 δύναμιν
3094 2089 3194 2152 τῆς
3251 2083 3509 2159 βοτάνης,
3561 2081 3646 2135 καὶ
3680 2083 3785 2135 τοῦ

2134 2173 2339 2235 πάθους
2364 2173 2462 2239 τήν
2512 2169 2777 2244 ὶδιότητα,
2810 2172 2900 2227 καὶ
2947 2171 3040 2227 τὺν
3089 2172 3297 2248 καιρὸν,
3346 2171 3436 2224 καὶ
3465 2169 3527 2225 τὸ
3562 2168 3785 2244 μέτρον,

2131 2259 2220 2314 καὶ
2250 2261 2340 2314 τὸν
2370 2259 2572 2335 τρόπον
2629 2265 2728 2335 τῇς
2757 2262 3011 2336 χρήσεως
3070 2260 3494 2334 ἑπεσκεμμένος,
3535 2257 3792 2335 Διαφέρει

2133 2346 2190 2402 δὲ
2240 2349 2302 2402 τὸ
2361 2350 2476 2404 κατ’
2535 2348 2846 2422 ἐπιστήμην
2895 2354 2993 2404 τοῦ
3050 2348 3382 2422 αὐτομάτου.
3441 2349 3500 2405 Ὀ
3550 2349 3642 2422 μὲν
3680 2349 3792 2424 γάρ

2130 2437 2266 2492 κατὰ
2291 2439 2392 2508 τὴν
2417 2438 2619 2513 τέχνην
2667 2443 2863 2507 ποιῶν,
2897 2438 2979 2494 ἀεὶ
3041 2438 3106 2493 τὰ
3157 2438 3289 2493 αὐτὰ
3320 2439 3560 2510 ποιήσει,
3589 2434 3693 2499 ἕως
3726 2442 3794 2492 ἄν

2133 2523 2234 2601 ἔχῃ
2266 2529 2382 2600 (78)
2419 2527 2513 2582 τὸν
2547 2524 2733 2602 λόγον·
2763 2528 2791 2582 6
2833 2525 2890 2582 δὲ
2939 2527 3282 2601 αὐτομάτως,
3315 2526 3413 2582 οὐκ
3462 2526 3544 2582 ἀεὶ
3573 2523 3796 2600 συντρέ-

2134 2634 2306 2690 χοντα
2333 2616 2437 2688 ἓξει
2467 2616 2532 2671 τὰ
2563 2615 2897 2694 ὠφελοῦντα,
2935 2614 3063 2671 ἀλλ’
3116 2616 3161 2672 εἰ
3193 2618 3430 2693 σήμερον
3465 2614 3648 2688 ἔσωσε,
3667 2619 3797 2678 τοῖς

2132 2704 2317 2766 αὐτοῖς
2365 2725 2498 2760 ποτε
2554 2705 2645 2760 καὶ
2699 2702 3020 2783 διέφθειρεν.
3052 2704 3210 2763 Οὕτω
3239 2707 3326 2760 καὶ
3388 2708 3422 2774 ἡ
3476 2709 3572 2760 τοῦ
3611 2702 3793 2759 καλοῦ

2132 2792 2477 2868 πραγματεία
2508 2797 2614 2866 (79)
2646 2795 2763 2848 κατ’
2794 2791 3102 2868 ἐπιστήμην
3151 2794 3508 2870 ἐνεργουμένη
3559 2792 3792 2867 ὁμαλῶς

2133 2879 2477 2947 ἀποδίδοται,
2533 2880 2636 2946 ἕως
2697 2881 2756 2937 ἂν
2815 2881 3039 2938 ἐνοικών
3097 2883 3126 2938 6
3177 2881 3344 2959 λόγος
3386 2883 3542 2944 οὗτος
3573 2883 3787 2955 ἑκάστῳ

2133 2975 2240 3024 τῶν
2273 2971 2610 3048 γιγνομένων
2643 2970 2923 3046 ἐπιστατῇ.
2980 2971 3223 3027 Δείκνυσι
3275 2971 3333 3028 δὲ
3389 2970 3440 3027 ἐν
3486 2971 3679 3034 ἄλλοις
3720 2972 3786 3026 τὸ

2135 3059 2420 3135 ἀναγκαῖον
2475 3063 2575 3129 τῆς
2606 3065 2712 3115 τῶν
2759 3062 3032 3132 ποιητέων
3089 3064 3398 3134 μαθήσεως,
3447 3060 3633 3116 εἷπών·
3669 3064 3783 3123 Ιιᾶς

2135 3147 2192 3210 ὅς
2251 3148 2312 3203 οὐ
2378 3150 2454 3221 μὴ
2519 3151 2661 3223 μάθῃ
2721 3147 3066 3221 δικαιοσύνην
3140 3150 3227 3205 ἰπὶ
3301 3158 3400 3220 τῆς
3472 3157 3574 3227 γῆς
3644 3151 3783 3224 (80),

2134 3235 2392 3307 ἀλήθειαν
2453 3236 2514 3292 οὐ
2577 3240 2652 3311 μή
2714 3241 2954 3309 ποιησει.
3007 3234 3173 3294 Δαϐὶδ
3217 3237 3274 3294 δὲ
3320 3240 3408 3294 καὶ
3461 3240 3552 3294 τὸν
3611 3233 3784 3316 φόϐον

2129 3325 2222 3380 τὸν
2281 3331 2422 3389 θεῖον
2481 3324 2532 3380 έν
2591 3332 2710 3389 τοῖς
2770 3325 3043 3389 διδακτοῖς
3103 3327 3325 3398 τίθεται,
3369 3326 3567 3403 λέγων·
3629 3331 3790 3382 Δεῦτε

2131 3413 2310 3482 τέκνα,
2414 3415 2675 3470 ἀκούσατέ
2776 3437 2903 3490 μου,
3003 3411 3170 3492 φόϐον
3275 3417 3472 3491 Κυρίου
3585 3413 3785 3486 διδάξω

2139 3504 2298 3576 ὑμᾶς.
3871 3506 3879 3511 ’

305 3577 309 3590 ’
374 3599 472 3668 qui
498 3613 608 3652 non
639 3595 903 3652 didicerit
922 3595 1193 3663 iustitiam
1234 3609 1400 3664 super
1447 3598 1677 3660 terram,
1733 3595 2015 3649 veritatem
2061 3609 2170 3650 non
2192 3596 2365 3664 faciet
2413 3595 2477 3648 ¹⁶.
2511 3594 2660 3658 Quid
2713 3599 2770 3650 et
2812 3595 2988 3651 David
3028 3595 3296 3652 timorem
3331 3595 3598 3652 divinum
3629 3595 3787 3652 inter

375 3701 444 3742 ea
473 3701 600 3756 quas
632 3683 780 3739 disci
806 3691 1048 3756 possunt
1074 3682 1335 3752 collocat,
1362 3681 1563 3738 dicens
1589 3699 1600 3737 :
1649 3684 1832 3739 Venite
1885 3683 2011 3752 ﬁlii,
2045 3683 2236 3739 audite
2273 3699 2379 3750 me,
2423 3685 2676 3739 timorem
2705 3685 2928 3740 Domini
2953 3685 3179 3741 docebas
3208 3701 3298 3741 vos
3331 3685 3394 3740 ‘7.
3644 3696 3651 3701 '

450 3775 537 3829 41.
561 3772 1158 3845 Exquirilejudicium.
1193 3772 1405 3828 Christi
1438 3771 1704 3828 videlicet
1735 3789 1748 3839 ;
1811 3788 2022 3828 secun-

377 3863 520 3918 dum
552 3863 702 3934 quod
729 3861 960 3933 judicat
985 3865 1293 3932 nos,atque
1313 3877 1414 3932 pro
1432 3859 1655 3915 meritis
1679 3860 1846 3915 nobis
1870 3877 2026 3916 mer-

376 3953 575 4007 cedem
611 3951 876 4023 rependit
911 3967 924 4005 :
958 3950 1114 4020 quod
1150 3949 1262 4004 nisi
1311 3949 1716 4021 exquiramus,
1748 3948 1857 4004 nisi
1906 3965 2024 4021 prae

375 4039 560 4096 oculis
584 4039 998 4110 habeamus,in
1025 4039 1312 4095 bonorum
1339 4054 1581 4110 operum
1615 4037 2024 4094 exercitatione

373 4146 745 4201 perseverare
776 4146 891 4184 non
925 4127 1576 4200 possumus.Etenim,si
1613 4143 1740 4199 quae
1773 4126 1828 4180 in
1857 4125 2021 4197 judi-

374 4218 462 4273 cio
493 4223 634 4274 sunt
657 4219 985 4281 tremenda,
1015 4216 1187 4272 nobis
1217 4217 1837 4288 praedicanturzeorum
1863 4215 2020 4286 cogi-

2202 3773 2288 3826 41.
2347 3772 2713 3842 Ἐκζητήσατε
2764 3772 2958 3846 κρίσιν.
3027 3771 3151 3842 ἤτοι
3218 3773 3318 3841 τὴν
3368 3775 3465 3826 τοῦ
3521 3776 3781 3846 Χριστοῦ,

2129 3866 2249 3922 καθ’
2280 3859 2344 3928 ἢν
2373 3859 2576 3935 κρίνων
2608 3863 2778 3932 ἡμᾶς,
2834 3858 3167 3916 ἀποδίδωσιν
3194 3864 3329 3934 ἡμῖν
3359 3861 3426 3916 τὰ
3452 3863 3569 3916 κατ’
3605 3861 3780 3934 ἀξίαν,

2130 3947 2196 4017 ἢν
2232 3947 2320 4002 ἐὰν
2357 3950 2432 4021 μὴ
2469 3948 2807 4022 ἑκζητῶμεν,
2863 3948 3005 4023 μηδὲ
3051 3951 3157 4026 πρὸ
3207 3948 3504 4028 ὀφθαλμῶν
3535 3946 3778 4026 ἔχωμεν,

2131 4035 2406 4110 ἐπιμένειν
2437 4041 2506 4110 τῇ
2550 4039 2766 4108 ποιήσει
2816 4042 2930 4092 τῶυ
2981 4037 3164 4093 καλῶν
3209 4037 3269 4093 οὔ
3320 4035 3611 4112 δυνάμεθα.
3645 4045 3781 4094 Παι-

2133 4122 2387 4201 δαγωγὸς
2413 4127 2513 4202 γὰρ
2544 4124 2653 4181 ἐστι
2686 4127 2821 4198 πρὸς
2873 4123 3140 4182 εὐσέϐειαν
3171 4129 3206 4198 ἡ
3257 4124 3435 4182 ἔννοια
3475 4132 3582 4184 τῶν
3617 4150 3785 4200 κεκη-

2134 4213 2410 4291 ρυγμένων
2441 4217 2576 4288 ἡμῖν
2637 4211 2882 4293 φοϐερῶν
2931 4215 2982 4272 ἐν
3037 4221 3106 4291 τῇ
3155 4217 3348 4293 κρίσει.
3398 4219 3464 4272 Ἦ
3497 4216 3578 4272 ὅτι
3610 4217 3788 4273 πάντα

372 4307 515 4361 tatio
549 4306 824 4377 pietatem
884 4305 1072 4360 docet.
1131 4308 1240 4360 Aut
1296 4307 1433 4376 quia
1482 4321 1596 4358 non
1643 4304 2022 4374 expendetur,

2141 4301 2465 4376 ἱξητασμένα
2510 4304 2597 4358 καὶ
2649 4305 2946 4378 κεκριμένα
2995 4308 3105 4378 (81)
3149 4302 3316 4375 ἔσται,
3371 4303 3602 4378 μηδενὸς
3635 4307 3790 4382 ἀκρί-

375 4393 522 4448 nihil
556 4410 670 4448 non
694 4393 1084 4464 judicabitur,
1116 4409 1251 4448 cum
1283 4391 1432 4447 nihil
1464 4399 1696 4446 maneat
1734 4389 2023 4462 injudica-

373 4480 800 4553 tum,nihilque
832 4485 1050 4557 temere
1080 4486 1138 4538 et
1169 4481 1406 4536 fortuito
1429 4481 1674 4536 accidat.
1707 4483 1850 4536 Cum
1891 4497 2026 4537 con-

375 4569 507 4628 silio
539 4570 719 4637 enim,
742 4569 958 4642 inquit,
993 4570 1194 4626 omnia
1223 4569 1312 4625 fac
1346 4568 1406 4624 ίθ.
1431 4567 1520 4635 Ει,
1545 4567 1914 4640 Cogitationes
1921 4571 2024 4643 ju-

2130 4412 2262 4460 τως,
2301 4391 2441 4464 μηδὲ
2492 4392 2568 4454 ὡς
2617 4389 2778 4467 ἔτυχε
2808 4393 3158 4470 γιγνομένου.
3219 4395 3366 4452 Μετὰ
3419 4392 3625 4470 βουλῆς
3655 4397 3786 4472 γάρ,

2133 4481 2286 4558 φησὶ,
2319 4481 2493 4535 πάντα
2537 4480 2678 4536 ποίει
2888 4483 3002 4554 καὶ,
3062 4485 3330 4558 Λογισμοὶ
3389 4481 3608 4540 δικαίων
3661 4485 3789 4560 κρί-

2137 4591 2295 4644 ματα.
2355 4571 2471 4646 Χρὴ
2529 4568 2620 4624 οῦν
2699 4569 2880 4647 ὥσπερ
2961 4569 3218 4643 δικαστὴν
3291 4574 3384 4629 τὸν
3457 4573 3624 4651 λόγον
3679 4575 3784 4645 τὴν

445 4731 490 4767 ί³
513 4729 719 4804 Matth.
751 4747 830 4800 vx,
861 4731 916 4787 6.
994 4731 1038 4765 ¹⁴
1065 4729 1086 4786 Ι
1116 4729 1244 4786 Cor.
1285 4746 1410 4800 xm,
1440 4728 1496 4786 5.
1575 4729 1620 4766 ¹⁸
1682 4729 1849 4787 Deut.
1893 4747 2008 4801 xvx,

2141 4752 2148 4766 ι
2229 4733 2271 4769 ¹⁶
2312 4735 2423 4791 Isa.
2463 4751 2618 4790 xxv1.
2663 4735 2748 4790 10.
2829 4735 2870 4773 ¹¹¹
2910 4734 3064 4792 Psal.
3107 4751 3311 4804 χχχιιι,
3354 4736 3440 4792 12.
3520 4735 3564 4772 ¹⁸
3603 4733 3785 4802 Εοοιίν

382 4819 560 4874 xxxu,
584 4803 675 4857 24.

448 4961 562 5033 (77)
597 4961 742 5036 Editi
777 4967 835 5017 et
858 4961 1000 5036 Beg.
1026 4961 1255 5036 tertius,
1319 4958 1652 5036 ἐγκείμενος.
1712 4959 1824 5036 ᾼΙίἰ
1855 4960 2023 5036 quip-

381 5029 496 5105 quia
511 5029 692 5158 dmi-18.,
725 5029 1057 5106 ἐκκείμενος.
1094 5029 1247 5089 Μοτ
1275 5029 1429 5090 unus
1462 5029 1632 5101 mss.,
1693 5029 1843 5107 ε’ίπερ
1873 5029 2024 5087 ὀιδα

381 5124 508 5158 κτικ
543 5125 591 5158 ν.

381 5125 447 5158 κτ
457 5124 568 5158 ικον
579 5146 591 5159 .

452 5176 565 5247 (78)
595 5175 758 5232 Unus
782 5192 950 5245 mss.,
977 5175 1193 5244 ποιήσει
1227 5174 1302 5236 ὡς
1335 5172 1393 5229 ἂν
1428 5170 1595 5247 ἔχων.

453 5243 568 5320 (79)
599 5243 954 5304 Colberterni
980 5243 1105 5302 duo?
1136 5253 1192 5302 et
1240 5265 1411 5320 unus
1444 5243 1606 5320 Reg,
1639 5243 1853 5318 πρᾶξις.
1914 5245 2024 5300 Alii

382 5317 676 5392 tresmss.
717 5335 852 5392 cum
882 5320 1076 5385 editis,
1107 5317 1474 5392 πραγματεία.
1512 5319 1638 5374 Mox
1669 5317 1821 5372 unus
1857 5335 2023 5386 mss.,

385 5390 461 5451 ὡς
495 5388 554 5443 ἂν
577 5388 802 5444 ἐνοικῶν
835 5390 882 5443 6.

459 5464 572 5534 (80)
606 5459 886 5530 111ιιά,ἐπὶ
915 5466 1016 5528 τῆς
1071 5465 1193 5534 γῆς,
1253 5461 1310 5515 in
1363 5458 1717 5534 quibusdam
1779 5475 1922 5534 mss.
1962 5462 2030 5534 et

385 5526 716 5606 apud'LXX
741 5526 981 5606 ponitur
1011 5526 1140 5603 post
1167 5526 1766 5606 νοοοιῑιίδικαιοσύνην,
1810 5529 1870 5584 in
1911 5530 2031 5606 edi-

386 5600 460 5661 tis
484 5622 618 5662 vero
649 5617 704 5662 et
729 5600 786 5661 i'n
819 5621 934 5662 uno
968 5600 1078 5676 nis.
1101 5609 1237 5676 post,
1278 5604 1521 5660 verbum
1577 5601 1797 5676 ποιήσει
1857 5600 2028 5676 c_ol_lo-

387 5681 574 5734 catur.
609 5678 821 5735 Statim
841 5675 984 5734 editi
1015 5667 1146 5749 cum
1170 5675 1358 5734 tribus
1387 5691 1559 5744 mss.,
1591 5670 1642 5727 ἐν
1699 5667 1819 5734 τοῖς
1873 5667 2026 5727 διδα-

2133 4962 2306 5021 κτοῖς.
2340 4960 2451 5017 Alii
2482 4967 2602 5020 tres
2626 4979 2795 5030 mss.,
2827 4957 2880 5015 ἐν
2913 4967 3029 5024 τοῖς
3061 4960 3418 5025 διδακτικοῖς.

2205 5033 2508 5112 (8l)_p_nu_s
2535 5052 2566 5112 e
2603 5035 3049 5112 Qombeﬁsianis
3074 5042 3131 5092 et
3159 5036 3256 5092 alii
3289 5042 3563 5112 quatuor,
3600 5056 3790 5112 κεκρι-

2139 5102 2290 5180 μένα.
2306 5175 2313 5180 ⁸
2329 5105 2500 5180 ῙῇιῒιὶἰξΔ
2514 5111 2572 5162 et
2603 5108 2740 5178 Reg.
2755 5107 3009 5180 _tertius,
3041 5102 3410 5180 κεκρυμμένα.

2208 5175 2320 5246 (82)
2349 5175 2716 5253 Ita_H_enr.__et
2743 5178 3109 5253 Jecu‘srcum
3140 5175 3276 5253 Reg.
3310 5185 3517 5252 quarto
3547 5186 3604 5236 et
3651 5197 3794 5238 cum

2137 5262 2361 5317 uroque
2420 5248 2763 5304 Colbezlino.
2820 5249 2970 5304 Editi
3001 5267 3136 5305 vero
3175 5248 3253 5306 etv
3279 5248 3458 5308 codex
3529 5253 3619 5308 Fr.
3653 5269 3796 5308 cum

2137 5318 2496 5388 quibusdam
2527 5321 2805 5393 Anglicis,
2839 5340 3011 5373 παντα
3040 5325 3207 5389 ποιεῖ,
3240 5339 3429 5380 omnia
3474 5325 3792 5392 facit.Scri-

2139 5394 2389 5460 ptorem,
2429 5408 2564 5448 cum
2596 5393 2678 5448 ita
2709 5393 2940 5448 locutus
2961 5399 3072 5461 est,
3102 5397 3431 5466 rexpexisse
3466 5395 3537 5449 ad
3561 5395 3662 5451 illa
3689 5396 3792 5451 Ec-

2139 5460 2468 5518 clesiastici.
2491 5463 2654 5518 ’Ἄνευ
2689 5462 2894 5518 ϐουλῆς
2930 5463 3098 5518 μηθὲν
3130 5466 3388 5518 ποιήσῃς.
3420 5482 3552 5518 vere
3583 5474 3639 5518 et
3696 5484 3792 5518 re-

2138 5462 2468 5531 clesiastici,
2491 5463 2654 5518 ”Ανευ
2689 5462 2894 5537 βουλῆς
2930 5463 3098 5535 μηθὲν
3130 5462 3388 5540 ποιήσῃς,
3420 5482 3552 5521 vere
3583 5474 3639 5522 ei.
3696 5484 3792 5524 re-

2138 5537 2229 5615 cte
2253 5533 2598 5618 judicarunt
2629 5535 2959 5618 doctissimi
2985 5538 3110 5618 viri
3137 5538 3381 5618 Ducaaus
3415 5548 3468 5594 et
3490 5540 3790 5618 Combeﬁ-

2139 5605 2286 5660 sius.
2317 5602 2424 5660 Ubi
2455 5607 2780 5663 notandum
2807 5607 2957 5663 hanc
2984 5608 3375 5666 Ecclesiastici
3427 5613 3790 5669 sententiam

2139 5676 2198 5732 in
2232 5675 2474 5750 Vulgata
2496 5678 2612 5754 legi
2641 5694 2816 5751 xxxii,
2847 5680 2939 5746 24,
2971 5682 3127 5753 apud
3163 5681 3301 5740 LXX
3331 5699 3464 5742 vero
3483 5699 3648 5762 xxxv,
3689 5684 3788 5744 24.
