4100 6220
222 326 342 386 197

1087 321 1491 384 COMMENT.
1537 320 1614 382 IN
1659 319 1929 382 ISAIAM
1978 318 2484 383 PROPHETAM.
2533 323 2703 385 CAP.
2752 323 2800 385 Ι.

3528 327 3642 394 198

223 454 490 511 ἀνωτάτω
538 457 728 532 χώραν
787 456 914 531 παρ’
951 455 1086 528 ἡμῖν
1139 451 1405 530 λαχόντα,
1433 449 1630 508 ἕκαστα
1685 448 1885 527 κρίνειν

2033 460 2220 509 torum
2262 455 2549 524 iudicia”.
2605 457 2844 528 Oportet
2913 458 3112 529 itaque
3159 458 3466 531 rationem,
3519 481 3646 536 qua

222 545 314 599 καὶ
379 543 668 615 ξετάζειν,
717 543 785 600 τά
836 564 896 598 τε
951 541 1158 612 λεκτέα,
1217 544 1306 597 καὶ
1363 543 1430 598 τὰ
1480 541 1740 618 πρακτέα,
1799 541 1889 596 καὶ

231 635 344 708 μὴν
397 635 490 689 καὶ
540 639 660 696 ταῖς
719 635 835 707 (83)
903 631 1312 709 συγκαταθέσεσι
1367 635 1473 685 τῶν
1532 630 1890 706 πραγμάτων,

227 723 319 778 καὶ
380 730 504 786 ταῖς
558 722 759 797 ὁρμαῖς
817 729 919 792 τῆς
977 725 1163 797 ψυχῆς
1228 720 1360 794 μετά
1390 715 1648 796 ἀκριϐοῦς
1680 717 1892 795 ἐπικρί-

229 834 373 876 σεως
430 814 739 889 ἔπιτρέπειν
800 814 935 887 (84).
981 815 1154 867 Τοῦτο
1208 811 1309 887 γάρ
1369 809 1508 865 ἐστιν
1567 807 1596 862 δ
1641 829 1803 886 φησιν
1864 809 1893 862 ὁ

231 902 458 965 Παῦλος
493 923 505 934 ·
562 900 625 957 Εἰ
680 900 782 978 γὰρ
841 900 1061 962 ἑαυτοὺς
1121 899 1424 973 ἰκρίνομεν,
1479 897 1579 953 οὐκ
1635 896 1694 950 ἂν
1754 896 1896 972 ἰκρι-

233 993 466 1065 νόμεθα.
525 990 780 1046 Ῥύσασθε
865 987 1246 1062 ἀδικούμενον.
1299 984 1520 1056 Ἐπειδὴ
1608 983 1782 1040 διττὸν
1831 986 1893 1040 τὸ

227 1080 567 1146 ἀδικεῖσθαι’
602 1080 638 1151 ἢ
668 1080 770 1155 γὰρ
801 1077 878 1142 εἰς
917 1080 986 1134 τὰ
1028 1078 1314 1152 σωματικὰ
1362 1073 1674 1132 ἀδικοῦνταί
1730 1095 1894 1145 τινες,

230 1172 408 1227 οἱονεὶ
443 1171 522 1233 εἷς
550 1171 818 1247 χρήματα
846 1167 936 1223 καὶ
964 1169 1033 1223 τὰ
1054 1165 1223 1222 λοιπά
1242 1171 1348 1222 τῶν
1374 1164 1546 1239 ἐκτὸς,
1564 1164 1599 1234 ἢ
1625 1165 1700 1227 εἷς
1729 1164 1894 1234 αὐτὴν

229 1263 330 1331 τήν
375 1263 586 1337 ψυχήν
623 1257 946 1335 ἀδιορίστως
976 1255 1032 1312 δὲ
1061 1257 1504 1334 προστεταγμεθα
1533 1255 1627 1310 τὸν
1679 1251 1898 1309 ἀδικού-

231 1373 403 1424 μενον
467 1349 722 1427 ῥύεσθαι·
757 1347 930 1403 ἱστὲον
992 1347 1073 1401 ὅτι
1131 1345 1388 1409 πλείονός
1445 1343 1603 1418 ἐσμεν
1655 1340 1898 1412 σπουδῆς

230 1446 525 1517 χρεῶσται
554 1443 671 1500 τοῖς
703 1437 778 1500 εἷς
807 1437 874 1492 τὰ
929 1436 1260 1512 καιριώτατα
1313 1434 1739 1509 βλαπτομένοις,
1776 1431 1901 1493 τοὺς

233 1526 841 1589 καταδυναπευθέντας
892 1525 1038 1602 παρὰ
1078 1528 1175 1580 τοῦ
1225 1518 1510 1592 διαϐόλου,
1559 1523 1650 1578 καὶ
1697 1521 1902 1598 αἶχμαυ

236 1620 466 1680 λώντους
502 1621 613 1692 (85)
643 1619 770 1691 παρ’
800 1615 965 1671 αὐτοῦ
995 1615 1399 1692 κατεχομένους
1454 1610 1902 1688 ἀνταιχμαλωτί-

237 1715 357 1780 ζειν
383 1710 538 1784 πάσῃ
570 1703 802 1780 σπουδῇ·
836 1705 926 1761 καὶ
960 1700 1111 1780 ἄγειν
1170 1704 1346 1759 αὐτῶν
1404 1704 1471 1757 τὰ
1525 1703 1775 1776 νοήματα
1831 1699 1906 1763 εἷς

233 1804 344 1872 τὴν
383 1801 632 1869 ὑπακοήν
663 1803 761 1854 τοῦ
793 1801 1049 1876 Χριστοῦ,
1084 1797 1370 1872 Πειρατὲον
1404 1792 1462 1850 δὲ
1496 1793 1584 1849 καὶ
1636 1793 1744 1848 ἀπὸ
1797 1797 1904 1848 τῶν

238 1894 588 1964 σωματικῶν
620 1886 972 1963 ἀδικημάτων
1032 1885 1355 1961 ἐξαιρεῖσθαι
1413 1883 1539 1946 τοὺς
1592 1880 1911 1938 καταδεστὲ-

247 2002 414 2058 ρους,
474 1979 602 2034 ὅταν
684 1976 878 2053 ἅρπαξι
936 1978 1046 2050 (86)
1104 1974 1196 2029 καὶ
1256 1973 1457 2050 βιαίοις
1513 1971 1910 2047 περιπεσόντες,

245 2070 442 2143 ὥσπερ
475 2069 580 2123 ὑπὸ
629 2063 942 2143 χειμάρρου
998 2067 1095 2133 τῆς
1153 2063 1270 2140 βίας
1326 2062 1502 2117 αὐτῶν
1559 2060 1912 2138 παρασύρων-

238 2181 366 2229 ται,
421 2158 519 2220 οὖς
570 2158 694 2232 ἆραι
751 2161 828 2227 μὴ
894 2153 1257 2228 ἐξαρκοῦντες,
1299 2157 1416 2214 τοῖς
1470 2157 1570 2221 τῆς
1627 2150 1914 2225 παρακλήη

238 2269 395 2308 σεως
459 2245 651 2320 λόγοις
708 2245 808 2312 τήν
862 2243 1144 2317 ὑπομονὴν
1203 2241 1387 2302 αὐτοῖς
1457 2245 1564 2295 τῶν
1641 2239 1914 2294 ἐπιπόνων

239 2334 779 2410 παρασκευάζωμεν,
841 2329 1075 2406 μηδενὸς
1147 2331 1243 2404 μὶν
1301 2326 1614 2409 φειδόμενοι
1666 2335 1773 2383 τῶν
1833 2328 1914 2406 ἐφ’

242 2430 396 2501 ἡμῖν
630 2423 1110 2499 ἀποτυγχάνοντεσ
1166 2417 1224 2474 δὲ
1277 2424 1386 2475 τῶν
1443 2419 1581 2474 κατά
1634 2419 1912 2494 πρόθεσιν,

243 2515 342 2572 διὰ
373 2520 508 2592 γοῦν
548 2521 648 2585 τῆς
698 2509 1064 2591 φιλαδελφίας
1104 2510 1167 2566 τὸ
1217 2509 1492 2583 συμπαθὲς
1551 2505 1918 2580 ἐπιδεικνύμε-

247 2627 369 2662 νοι.

338 2875 429 2929 42.
468 2870 694 2944 Κρίνατε
743 2868 985 2946 ὀρφανῷ.
1046 2864 1144 2921 Διὰ
1188 2867 1250 2920 τὸ
1305 2863 1770 2941 εὐκαταφρόνητον
1824 2869 1922 2933 τῆς

262 2963 522 3032 ἡλικίας,
552 2957 678 3013 οὕτε
709 2957 784 3019 εἷς
831 2957 1006 3032 κρίσιν
1061 2956 1274 3030 ἀγαγεῖν
1322 2959 1438 3016 τοῖς
1491 2953 1746 3031 ὀρφανοῖς
1796 2951 1921 3014 τοὺς

259 3048 593 3108 ἀδικοῦντας
651 3044 858 3122 ῥᾴδιον.
905 3045 1127 3123 Κρίνατε
1179 3042 1271 3098 οὖν
1327 3049 1441 3106 τοῖς
1499 3042 1755 3120 ὀρφανοῖς
1806 3045 1924 3103 τοῖς

259 3136 657 3215 ὔστερημίνοις
709 3139 817 3190 τῶν
880 3133 1231 3210 συνηγόρων,
1289 3133 1415 3208 παρ’
1467 3132 1666 3187 ἑαυτῶν
1741 3131 1924 3191 αὑτοῖς

1999 545 2480 615 tanquamjudex
2512 562 2853 616 supremum
2906 547 2966 602 in
2999 548 3168 604 nobis
3202 549 3395 606 locum
3445 554 3652 610 sortita

2001 638 2111 700 est,
2145 633 2378 705 singula
2399 635 2723 705 diiudicare
2746 641 2803 691 et
2833 638 3179 708 expendere,
3208 642 3334 694 tum
3367 655 3495 712 quae
3557 642 3648 697 di-

2001 723 2204 790 cenda,
2242 729 2362 778 tum
2397 740 2524 795 quae
2544 725 2767 796 agenda
2788 731 3139 798 sunt,atque
3169 727 3344 783 etiam
3379 730 3451 784 de
3472 731 3647 787 rebus

2003 812 2478 883 comprobandis,
2512 817 2569 868 et
2600 814 2669 867 de
2695 813 3232 871 vehementioribus
3251 817 3460 873 animae
3480 819 3649 876 moti-

2004 900 2113 955 bus
2145 900 2408 974 diligenti
2432 901 2657 972 judicio
2691 903 2959 974 regendis
2990 905 3300 961 arbitrium
3325 906 3434 962 sibi
3459 909 3650 963 vindi-

2005 1005 2154 1045 care.
2182 990 2298 1045 Hoc
2319 993 2476 1047 enim
2506 997 2595 1046 est
2625 993 2777 1062 quod
2803 992 2885 1048 ait
2913 993 3166 1049 Paulus:
3233 994 3292 1050 Si
3349 999 3498 1052 enim
3554 1013 3654 1054 nos

2006 1082 2563 1153 ipsosjudicaremus,
2597 1099 2705 1139 non
2733 1085 2886 1139 412
2935 1087 3123 1156 utique
3168 1086 3557 1158 judicaremur
3583 1091 3652 1150 ²⁰.

2008 1176 2258 1230 Liberale
2288 1191 2625 1246 oppressum.
2657 1176 2802 1239 Quia
2823 1175 3034 1247 duplex
3064 1182 3152 1233 est
3181 1178 3428 1249 injuria:
3469 1182 3656 1255 aliqui

2007 1263 2163 1318 enim
2196 1263 2280 1318 vel
2313 1263 2370 1318 in
2403 1265 2578 1319 rebus
2601 1265 2916 1335 corporeis,
2953 1271 3091 1338 puta
3125 1267 3180 1321 in
3210 1269 3475 1338 pecuniis
3507 1277 3564 1327 et
3594 1267 3656 1327 in

2010 1351 2252 1424 reliquis
2283 1353 2453 1408 bonis
2485 1353 2738 1409 externis
2755 1354 2917 1408 velin
2942 1355 3069 1426 ipsa
3092 1357 3288 1412 anima
3317 1359 3659 1417 afﬁciuntur

2010 1443 2254 1513 injuria:
2290 1441 2628 1498 indistincte
2650 1444 3027 1513 sumusjussi
3054 1444 3295 1501 liberare
3317 1464 3657 1519 oppresum.

2010 1531 2324 1588 Sciendum
2357 1537 2447 1586 est
2491 1531 2758 1586 studium
2795 1534 2986 1603 majus
3015 1551 3118 1588 nos
3141 1535 3423 1591 adhibere
3447 1537 3659 1596 debere

2013 1624 2072 1676 in
2097 1619 2417 1676 liberandis
2443 1621 2514 1676 iis
2538 1620 2900 1692 quiletaliter
2924 1621 3219 1677 laeduntur
3246 1641 3258 1691 ;
3289 1624 3498 1681 debere
3519 1642 3664 1698 quo-

2015 1727 2128 1782 que
2157 1725 2256 1765 eos
2286 1709 2386 1780 qui
2416 1709 2722 1782 tyrannide
2755 1710 2972 1765 diaboli
3004 1711 3440 1786 opprimuntur,
3486 1719 3545 1770 et
3591 1715 3664 1772 ab

2015 1798 2115 1855 illo
2155 1797 2370 1870 captivi
2403 1798 2763 1868 detinentur,
2801 1804 2999 1855 nostra
3021 1801 3181 1856 omni
3205 1818 3386 1874 opera
3406 1803 3670 1862 vicissim

2018 1889 2078 1944 in
2109 1887 2494 1960 captivitatem
2527 1887 2808 1959 redigere,
2846 1906 3070 1945 necnon
3103 1889 3370 1962 ipsorum
3405 1899 3667 1951 mentem

2021 1975 2235 2032 Christi
2267 1975 2547 2047 obsequio
2587 1976 2895 2046 subjicere.
2927 1978 3299 2034 Tentandum
3329 1986 3523 2038 autem
3555 1985 3668 2055 est,

2025 2071 2087 2121 ut
2117 2065 2156 2120 ii
2186 2065 2285 2137 qui
2317 2064 2670 2120 infirmiores
2703 2071 2863 2134 sunt,
2897 2085 2931 2122 a
2978 2068 3379 2138 corporalibus
3428 2071 3664 2142 injuriis

2023 2155 2377 2220 eximantur,
2406 2171 2539 2209 cum
2575 2155 2852 2210 nimirum
2888 2156 3154 2212 incidunt
3180 2158 3236 2212 in
3258 2175 3495 2230 rapaces
3526 2161 3665 2216 etin

2025 2243 2326 2311 violentos,
2362 2247 2418 2298 et
2448 2244 2519 2298 ab
2552 2243 2813 2314 ipsorum
2847 2243 3100 2301 violenta
3143 2251 3425 2318 tanquam
3457 2264 3491 2303 a
3548 2254 3668 2304 tor-

2025 2338 2188 2389 rente
2218 2333 2571 2387 trabuntur:
2606 2349 2755 2404 quos
2788 2331 3035 2389 liberare
3063 2335 3112 2391 si
3148 2352 3263 2390 non
3322 2353 3668 2408 possumus,

2025 2421 2433 2477 consolatoriis
2463 2421 2654 2476 verbis
2680 2427 2947 2478 auctores
2977 2421 3122 2494 ipsis
3154 2423 3343 2481 simus
3365 2429 3430 2480 ut
3451 2426 3672 2498 patien-

2024 2512 2165 2568 tiam
2191 2511 2250 2565 in
2265 2511 2526 2566 adversis
2547 2519 2794 2578 servent,
2816 2510 2960 2566 nihil
2981 2529 3096 2566 non
3122 2512 3425 2571 molientes
3442 2531 3669 2585 eorum,

2027 2618 2156 2673 quaa
2187 2604 2396 2656 nostrae
2423 2604 2562 2655 sunt
2590 2599 2918 2671 potestatis.
2958 2601 3120 2664 Quod
3155 2601 3205 2656 si
3262 2618 3368 2658 nec
3419 2603 3572 2659 istuc
3603 2620 3672 2660 ex

2027 2694 2157 2746 voto
2191 2689 2360 2744 nobis
2409 2689 2780 2758 successerit,
2812 2693 2968 2745 certe
2997 2706 3066 2744 ex
3124 2691 3382 2747 fraterna
3430 2693 3674 2749 caritate

2029 2777 2542 2833 commiserantem
2575 2776 2838 2832 animum
2872 2779 3278 2834 ostendamus.

2104 2867 2171 2920 42
2198 2865 2449 2922 Judz'cate
2501 2866 2743 2938 pupillo.
2803 2866 3094 2921 Nimirum
3157 2869 3299 2939 quia
3353 2868 3473 2924 haec
3535 2873 3676 2925 tetas

2032 2956 2187 3011 haud
2221 2954 2977 3023 difﬁcultercontemnatur,
3007 2973 3108 3010 nec
3123 2956 3402 3028 orphanis
3421 2957 3585 3013 facile
3599 2958 3680 3015 sit

2033 3062 2152 3115 eos,
2213 3044 2313 3116 qui
2370 3044 2428 3099 in
2490 3060 2552 3099 se
2596 3044 2797 3114 injurii
2847 3049 2986 3099 sunt
3039 3046 3306 3116 patronis
3370 3046 3674 3104 destituti:

2035 3138 2159 3190 cate
2189 3150 2325 3202 ergo
2354 3133 2659 3204 orphanis,
2709 3133 2809 3204 qui
2866 3139 3006 3188 sunt
3062 3133 3325 3204 patronis
3373 3135 3682 3191 destituti:

254 3231 320 3284 τὸ
375 3226 438 3282 ἐκ
486 3230 588 3292 τῆς
643 3224 865 3295 ἡλικίας
943 3221 1118 3278 ἐνδέον
1202 3220 1676 3297 ἀναπληρώσατε⁶
1735 3217 1915 3295 ὥσπερ

2033 3223 2189 3295 quod
2219 3222 2366 3294 ipsis
2397 3221 2547 3278 desit
2575 3239 2679 3293 per
2707 3227 2957 3293 aetatem,
2992 3222 3051 3278 id
3098 3240 3198 3279 vos
3230 3223 3344 3294 ipsi
3395 3224 3688 3296 supplete,

254 3317 409 3394 εχειν
441 3317 509 3371 τὸ
554 3313 823 3390 καύχημα
871 3310 969 3368 τοῦ
1000 3307 1146 3369 Ἰώὸο
1182 3312 1326 3387 Ἐγὼ
1373 3310 1525 3384 ἤμην
1571 3310 1753 3385 πατὴρ
1796 3306 1918 3363 ἀδυ-

256 3407 455 3463 νάτων.
494 3406 728 3475 Μήποτε
776 3400 833 3458 δὶ
881 3400 1388 3478 πνευματικώτερόν
1438 3398 1515 3454 ἐσι
1573 3406 1673 3469 τῆς
1723 3395 1920 3469 λέξεως

256 3496 353 3550 τὸν
385 3497 516 3549 νοῦν
568 3490 950 3568 διηγήσασθαι.
987 3487 1210 3558 Ἐπειδὴ
1258 3493 1370 3544 τῶτ
1418 3487 1495 3550 εἷς
1539 3486 1771 3562 Χριστὸν
1829 3506 1923 3541 πε-

256 3583 636 3639 πιστευκότων
668 3580 758 3636 καὶ
788 3581 887 3649 τὴν
948 3579 1084 3634 κατὰ
1138 3578 1200 3633 τὸ
1255 3573 1590 3654 Εὖαγγέλιον
1643 3574 1922 3632 πολιτείαν

258 3671 661 3745 ἀσπαζομένων
693 3671 880 3745 πατὴρ
913 3667 1125 3745 λέγεται
1154 3667 1181 3722 ὁ
1213 3667 1367 3737 Θεὸς,
1399 3666 1487 3722 ἐάν
1545 3687 1629 3728 τις
1687 3663 1775 3720 διὰ
1825 3671 1926 3734 τῆς

261 3757 624 3839 παραϐάσεως
652 3763 752 3814 τοῦ
783 3759 957 3832 νόμου
988 3755 1386 3833 ἀλλοτριωθεῖς
1423 3759 1520 3810 τοῦ
1569 3759 1722 3827 Θεοῦ,
1757 3753 1924 3809 οἱονεὶ

263 3851 646 3928 ἀπορφανισθῇ
695 3850 806 3922 (88)
854 3850 954 3917 τῆς
999 3845 1258 3923 προνοίας
1308 3844 1493 3911 αὐτοῦ,
1521 3843 1693 3918 κρίσει
1746 3841 1928 3915 δικαίᾳ

263 3943 348 3996 καέ
383 3941 793 4012 ιπιστημονιγῇ
827 3934 905 3999 εἷς
937 3937 1038 4005 τήν
1073 3937 1210 4013 πρὸς
1239 3935 1366 3989 Θεὸν
1429 3933 1704 3988 οἷκείωσιν
1765 3932 1923 3988 αὐτὸν

267 4031 714 4096 ἀποκαταστῆσαι
771 4022 1100 4093 σπούδασον,
1137 4025 1276 4097 μήτε
1319 4020 1552 4096 ἀκρίτως
1600 4025 1925 4098 συγχωρῶν,

272 4123 408 4192 μήτε
440 4116 792 4194 ῃσυμπαθῶς
819 4118 888 4188 τῇ
951 4115 1230 4187 ἀποτομία
1287 4118 1402 4167 κατ’
1430 4112 1594 4167 αὐτοῦ
1647 4111 1926 4188 κεχρημέ-

269 4228 373 4271 νοςθ
409 4205 557 4263 ἀλλὰ
586 4205 676 4260 καὶ
708 4204 927 4280 κρίνατε
955 4202 1102 4274 αὐτῷ
1148 4201 1274 4263 τοὺς
1322 4201 1637 4278 ὠφελίμους
1689 4201 1928 4276 τρόπους

270 4304 367 4364 τῆς
400 4294 694 4368 μετανοίας
757 4293 1138 4366 ὑποτιθὲμενοι
1171 4293 1305 4365 (89).
1342 4291 1438 4345 Καὶ
1497 4287 1684 4360 ἐπειδὴ
1743 4295 1848 4351 πᾶς
1898 4289 1926 4344 ὁ

272 4391 444 4442 ποιῶν
476 4386 576 4454 τὴν
624 4382 893 4460 ἁμαρτίαν
945 4381 996 4437 ἐν
1044 4385 1144 4436 τοῦ
1197 4375 1460 4437 διαϐόλου
1515 4382 1846 4456 γεγὲννηται,
1881 4377 1928 4435 ε⁹ί

350 4560 395 4595 ¹⁹
421 4558 593 4615 Prov.
614 4573 720 4626 xu,
748 4557 805 4612 5.

355 4728 464 4797 (83)
501 4726 665 4782 Unus
695 4723 974 4797 Anglicus
1004 4722 1185 4797 codex
1214 4725 1273 4797 et
1302 4722 1478 4797 Henr.
1512 4737 1647 4777 cum
1680 4725 1930 4792 utroque
1967 4726 2016 4789 ι)

289 4791 622 4856 Colbértino
649 4793 716 4849 τά
741 4791 1036 4850 τέλεκτὲα.
1057 4791 1147 4846 καὶ
1177 4793 1277 4864 μή,
1309 4793 1399 4846 καὶ
1427 4797 1569 4860 ταῖς,
1628 4797 1717 4848 etc
1742 4810 1756 4859 ;

289 4870 523 4926 diauda
550 4871 666 4923 sint
694 4881 820 4938 qua
873 4883 990 4922 non
1038 4865 1292 4938 dicenda.
1354 4864 1938 4938 sit_eruditi_ssimus

290 4943 372 4998 vir
400 4942 648 4997 Ducena
677 4933 856 4995 s'cribi
886 4938 946 4992 in
989 4937 1189 4992 codice
1220 4937 1314 5002 Fr,
1348 4937 1416 5001 1.,
1473 4933 1663 4990 λεκτέα
1705 4936 1765 4990 in
1821 4952 1939 5006 quo

291 5021 482 5069 tamen
535 5009 778 5084 perinde
809 5013 982 5084 atque
1014 5008 1072 5062 in
1119 5007 1531 5084 aliis__duobus
1583 5006 1797 5084 Regiis,
1834 5003 1942 5084 ίδε-

285 5084 427 5152 κτέα,
465 5078 580 5140 ι]οῇ
613 5078 806 5135 λεκτέα
835 5078 948 5153 legi
980 5085 1232 5153 constat.
1258 5079 1404 5135 Hinc
1425 5084 1542 5153 est,
1577 5078 1731 5153 quod
1762 5078 1942 5153 inter-

289 5151 419 5230 pres
448 5161 642 5230 vetns,
676 5153 779 5230 qu_i
809 5168 878 5230 eo_
902 5151 1225 5230 exemplari
1250 5168 1402 5230 usus
1418 5151 1626 5230 fuerat,
1647 5151 1732 5230 ita
1764 5151 1943 5230 inter:

289 5222 553 5302 pretstue
585 5226 664 5302 sit
688 5222 710 5282 Ξ
737 5224 996 5302 Εέτριονει
1020 5237 1172 5302 “qua?
1225 5222 1557 5302 acceptando
1604 5224 1738 5302 sint.
1791 5222 1943 5277 Editi
1972 5245 1990 5262 κ

287 5293 342 5357 ει
374 5317 534 5355 unus
568 5293 860 5353 duntaxat
887 5293 1167 5365 Anglicus
1197 5295 1280 5365 uti
1313 5293 1372 5350 in
1406 5298 1702 5365 contextu.

911 4555 1001 4610 ¹⁰Ι
1029 4554 1157 4611 Cor.
1193 4570 1276 4622 xx,
1309 4553 1402 4623 31,
1477 4552 1522 4589 ²¹
1556 4552 1667 4609 Job
1697 4569 1848 4621 nix,
1881 4553 1968 4609 16.

2027 3313 2171 3369 adeo
2203 3316 2266 3368 ut
2287 3329 2419 3367 cum
2449 3311 2596 3367 Jobo
2625 3311 2695 3367 de
2727 3311 2834 3367 hoc
2856 3311 3094 3384 gloriari
3119 3312 3512 3385 possitiszEgo
3539 3330 3691 3370 eram

2026 3411 2188 3474 pater
2209 3402 2594 3474 impotentium
2615 3401 2682 3455 ²¹.
2708 3403 2788 3456 Ne
2804 3399 2950 3456 forte
2972 3400 3246 3458 dictionis
3264 3418 3478 3458 sensus
3493 3406 3687 3475 potest

2034 3491 2207 3546 modo
2233 3490 2419 3561 magis
2443 3487 2696 3561 spiritali
2717 3488 3012 3560 explicari.
3035 3489 3518 3560 Quandoquidem
3536 3496 3687 3548 Deus

2035 3579 2250 3635 dicitur
2281 3595 2485 3634 eorum
2522 3582 2706 3649 pater,
2729 3578 2829 3648 qui
2863 3577 2920 3632 in
2955 3578 3254 3634 Christum
3287 3579 3683 3648 crediderunt,

2035 3667 2257 3740 quique
2286 3665 2690 3738 evangelicum
2722 3665 3038 3737 amplexati
3068 3672 3207 3722 sunt
3237 3667 3600 3737 institutum,
3635 3668 3686 3725 si

2038 3758 2138 3829 qui
2171 3772 2232 3812 se
2263 3755 2682 3812 abalienaverit
2713 3771 2747 3809 a
2780 3760 2891 3810 Deo
2923 3771 3028 3827 per
3075 3755 3221 3827 legis
3291 3757 3687 3825 violationem,

2035 3851 2132 3902 tan
2143 3861 2317 3918 quam
2332 3845 2575 3900 orbatus
2599 3843 2675 3899 sit
2703 3842 2893 3916 ipsius
2918 3844 3690 3916 providentiajudiciojusto

2035 3942 2092 3992 et
2116 3933 2363 3990 scientia
2402 3932 2649 4005 praedito
2666 3949 2812 3988 nava
2827 3949 3088 4005 operam,
3113 3939 3178 3990 ut
3192 3934 3687 3992 necessitudinem

2037 4041 2170 4081 cum
2203 4024 2319 4080 Deo
2351 4023 2668 4090 instauret;
2704 4039 2806 4078 nec
2839 4022 2988 4078 citra
3011 4022 3305 4094 judicium
3330 4023 3441 4094 ipsi
3492 4023 3687 4079 indul-

2037 4131 2194 4187 geas,
2213 4129 2400 4185 neque
2432 4111 2841 4183 contraipsum
2867 4110 3410 4170 immisericorditer
3435 4112 3681 4168 nimiam

2038 4204 2318 4260 adhibeas
2377 4202 2785 4258 severitatem:
2820 4201 2921 4256 sed
2954 4200 3132 4256 talem
3175 4201 3460 4272 judicate,
3511 4201 3684 4258 utiles

2039 4291 2384 4366 paenitentia
2415 4291 2618 4346 modos
2651 4289 2760 4362 ipsi
2817 4295 3222 4362 suggerentes.
3282 4290 3353 4346 Et
3406 4292 3685 4364 quoniam

2039 4382 2310 4455 quisquis
2341 4380 2825 4452 facitlpeccatum,
2867 4395 2936 4436 ex
2984 4379 3216 4437 diabolo
3274 4383 3448 4438 natus
3502 4384 3588 4438 est
3621 4381 3691 4449 2',

2076 4552 2122 4587 ²²
2155 4551 2176 4606 Ι
2206 4551 2376 4608 Joan.
2410 4568 2493 4620 In,
2523 4551 2579 4606 8.

2117 4720 2696 4870 ἔὲὃῗοῦδῗῖοιὶὶἱῐίε
2719 4794 2775 4846 et
2822 4790 2880 4870 in
2926 4808 3049 4870 ‘un‘o
3099 4793 3358 4870 Combef.
3421 4794 3694 4870 corrupte

2048 4861 2323 4937 legimus,
2355 4861 2632 4937 ἁρπάζειν,
2663 4864 2976 4937 emendate
3006 4866 3067 4921 in
3097 4866 3278 4924 altero
3326 4861 3697 4937 Combelfﬂet

2050 4933 2262 5014 in’altis
2292 4933 2544 5006 quatuor
2576 4934 2878 4990 codicibus
2919 4937 3205 5009 scriptum
3263 4941 3574 5012 reperitur,
3605 4935 3697 5014 ἅρ-

2051 5005 2344 5155 πῗὲἧῆφ
2366 5079 2610 5155 uterque
2641 5076 2898 5132 Combel‘.
2946 5083 3004 5134 et
3061 5079 3160 5136 alii
3218 5087 3489 5155 quatuor.
3546 5081 3700 5138 Editi

2051 5146 2170 5223 τῶν
2196 5146 2339 5223 ἐφ’ςῆ
2350 5150 2463 5218 μων
2475 5189 2487 5201 .

2126 5217 2246 5298 (88)
2269 5217 2412 5298 ῌρε.
2449 5219 2760 5298 secundus,
2796 5217 2907 5272 οἷον
2940 5217 3376 5298 ἀπορφανισθείς.
3411 5226 3541 5281 Mox
3583 5225 3698 5279 duo

2054 5291 2370 5347 Colbertini
2393 5307 2524 5345 cum
2558 5291 2696 5362 Reg.
2754 5291 3058 5360 secundo,'
3094 5291 3280 5352 αὑτὸν.
3315 5297 3694 5362 ἀποκαταστῆ-

384 5372 477 5441 84)
531 5361 1333 5448 Postnverbum'ém-cpémw
1383 5364 1660 5438 suppleas
1719 5366 1920 5436 oporte

2054 5383 2164 5448 ναι.
2201 5363 2347 5448 Editi
2380 5379 2514 5447 c~um
2549 5361 2830 5448 uno,ms.,
2855 5361 3269 5448 “ueremi-laud
3319 5368 3486 5442 longe
3533 5361 3695 5438 editi,

362 5373 477 5496 Ξ84)
531 5373 672 5427 Post
727 5373 972 5423 verbum
1031 5373 1333 5448 ἑπιτρὰπειν
1383 5373 1660 5438 suppleas
1719 5373 1947 5436 oportet

291 5463 355 5511 κρ
383 5464 494 5511 σιν,
524 5449 629 5498 aut
660 5437 1044 5511 δίαιτανηῌαε
1070 5453 1232 5511 enim
1270 5454 1440 5511 voces
1461 5454 1580 5511 non
1623 5452 1754 5511 raro
1807 5452 1947 5506 sup-

293 5501 544 5594 plendas
566 5529 699 5594 esse
716 5501 889 5567 docet
907 5508 1190 5594 Henricus
1213 5509 1546 5594 stepbanns
1566 5509 1627 5594 in
1650 5501 1946 5594 Ίξξιεεαειςο.

2057 5433 2334 5511 ἀποτομία
2351 5436 2426 5511 τῇ
2459 5433 2574 5511 κατ’
2631 5431 2794 5487 αὐτοῦ
2819 5504 2831 5511 _
2852 5439 3020 5511 Deest
3047 5441 3116 5511 τῇ
3151 5442 3208 5497 in
3242 5458 3382 5498 mss.

2132 5504 2429 5579 (89)Colb.
2465 5506 2713 5578 primus,
2775 5504 2922 5577 αὐτῷ
2981 5504 3379 5623 ὑποτιθέμενοι.
3446 5510 3560 5564 Nec
3619 5507 3701 5561 ita

2132 5578 2247 5623 nltn
2279 5583 2547 5623 nnatlmn
2594 5594 2760 5623 manu
2813 5573 3196 5623 διαϐόλοηνςν
3224 5603 3370 5623 υνμνηι
3425 5581 3527 5623 Alii
3583 5580 3701 5623 dun

367 5589 483 5661 (85)
511 5589 748 5652 Auctor,
800 5597 936 5639 cum
995 5581 1276 5638 scriberet
1316 5573 1437 5654 illa,
1493 5579 1584 5634 καὶ
1639 5574 1920 5661 αΐχμαλίο

367 5679 448 5708 uc-
491 5664 628 5708 ειη--
688 5652 1024 5708 respexisse
1077 5653 1310 5708 videtur
1364 5655 1436 5708 ad
1495 5652 1720 5708 dictum
1764 5649 1920 5708 Pauli

2060 5573 2247 5635 multo
2264 5583 2410 5708 (post
2431 5573 2548 5634 tres
2594 5573 2762 5645 mss.,
2813 5573 3076 5634 διαϐόλου
3103 5573 3398 5656 γεγένηται.
3419 5581 3531 5637 Alii
3583 5580 3701 5634 duo

2062 5666 2199 5708 cum
2228 5667 2257 5708 e
2305 5655 2406 5708 itis
2432 5648 2769 5708 γεγέννηται.

296 5649 631 5733 τοὺς,ὀιο.,
688 5649 1024 5730 respexisse
1077 5653 1310 5713 videtur
1364 5649 1436 5711 ad
1495 5649 1950 5722 dictum'Pauli,

2062 5666 2199 5709 cum
2228 5648 2406 5712 editis
2432 5648 2769 5728 γεγέννηται.
