4130 6210
447 390 566 454 303

1393 375 1787 444 APPENDIX
1828 372 2152 443 OPERUM
2198 377 2266 441 S.
2311 379 2595 443 BASILII
2639 373 2910 441 MAGNI.

3741 372 3860 438 90A

444 527 544 578 tnr
573 521 784 576 rubore
813 536 826 575 :
859 518 962 574 illa
989 517 1229 588 quidem
1261 530 1395 570 cum
1418 513 1572 580 nive,
1602 512 1712 568 hoc
1743 527 1894 574 vero
1952 527 2086 566 cum

2217 505 2262 562 Si
2299 507 2547 564 κόκκινον
2601 505 2887 583 βαθύτερόν
2939 504 3050 560 ἐστι
3097 504 3187 560 καὶ
3247 502 3564 573 κατακόρως
3611 502 3859 580 ἐρυθρὸν,

442 610 581 666 lana
609 607 1016 678 cognationem
1041 605 1254 660 habere
1284 607 1575 658 censetur.
1603 603 1802 671 Itaque
1825 615 1957 654 cum
1993 616 2090 653 ru-

447 701 548 755 bro
580 698 772 753 colore
799 699 999 751 nostra
1028 696 1439 763 comparantur
1479 694 1733 761 peccata,
1783 689 1936 759 quod
1967 686 2093 742 ani-

447 804 574 843 mas
596 786 907 858 perimant.
941 784 1007 837 Et
1029 781 1527 851 quemadmodum
1556 777 1612 831 in
1636 777 2092 846 tincturis,quod

450 875 823 932 multotieset
854 889 986 926 cum
1021 868 1204 924 multo
1235 868 1432 923 labore
1463 871 1709 921 tinctum
1737 871 1846 935 est,
1879 867 2094 920 tinctu-

452 981 577 1020 ram
610 963 840 1018 firmius
870 960 1443 1021 inhaerescentem,et
1469 972 1594 1026 qua:
1626 954 1718 1009 vix
1748 954 1864 1010 elui
1897 957 2093 1024 queat,

452 1053 665 1124 excipit
695 1067 709 1106 :
746 1050 899 1120 quod
926 1052 1122 1103 autem
1141 1045 1450 1117 superﬁcie
1478 1051 1650 1100 tenus
1679 1049 1734 1099 et
1765 1044 2097 1115 perfuncto-

450 1141 535 1196 rie
565 1139 886 1195 coloratum
920 1141 1029 1201 est,
1063 1136 1375 1190 tincturam
1410 1150 1537 1204 quae
1597 1132 1850 1188 amoveri
1900 1137 1956 1187 et
1994 1132 2097 1186 ab-

451 1229 628 1300 stergi
663 1227 830 1282 facile
861 1226 1046 1296 possit
1077 1225 1272 1289 habet,
1305 1224 1384 1277 ita
1403 1229 1458 1276 et
1480 1222 1678 1276 anima
1735 1221 1982 1287 imbuta,
2041 1223 2098 1274 et

451 1318 506 1372 in
532 1317 751 1390 peccati
791 1316 930 1370 mali
990 1313 1337 1368 habitudine
1387 1310 1727 1373 constituta,
1777 1309 2096 1379 quamdam

449 1407 670 1479 peccati
702 1403 994 1460 maculam
1026 1402 1121 1457 vix
1150 1399 1455 1456 delebilem
1479 1405 1538 1454 et
1567 1397 2012 1470 quasiinustam
2037 1395 2098 1451 in

450 1513 514 1552 se
543 1493 851 1566 imprimit.
874 1492 1004 1556 Sed,
1028 1491 1169 1545 dum
1201 1489 1398 1543 minus
1424 1492 1482 1543 et
1510 1485 1682 1557 quasi
1729 1487 1792 1540 in
1844 1486 2099 1542 tenuiori

454 1581 764 1654 superﬁcie
791 1580 1037 1635 inhaeret
1087 1576 1264 1642 malo,
1313 1576 1504 1632 colore
1560 1574 1840 1630 debiliore
1886 1575 2102 1630 infecta

456 1676 567 1738 est,
588 1673 861 1741 'itemque
902 1667 1112 1722 leviore
1152 1670 1388 1737 peccato
1441 1664 1786 1730 deformata,
1837 1664 2101 1735 quando-

459 1759 700 1831 quidem
756 1775 859 1829 pro
908 1759 1281 1828 peccatorum
1334 1753 1559 1809 ratione
1589 1753 1723 1824 plus
1764 1757 1868 1808 aut
1901 1752 2100 1808 minus

459 1847 684 1905 accedit
711 1845 943 1902 coloris.
977 1844 1258 1900 Caeterum
1282 1858 1387 1897 cur
1416 1842 1486 1897 ad
1526 1841 1967 1912 exprimendam
2017 1857 2104 1897 re-
2135 1884 2179 1948 Β

460 1953 592 1991 rum
624 1934 890 1990 albarum
922 1932 1370 1988 similitudinem
1402 1930 1501 1986 nix
1530 1935 1586 1985 et
1605 1930 1738 1985 lana
1785 1935 2101 2002 assumpta:

459 2029 639 2082 sunt?
666 2024 828 2088 Quod
860 2022 996 2077 lana
1024 2024 1230 2092 suapte
1260 2024 1472 2075 natura
1503 2018 1636 2074 alba
1661 2036 1794 2074 cum
1826 2019 1987 2087 sit,si
2013 2021 2099 2074 di-

457 2114 704 2186 ligenter
740 2114 1122 2185 praeparatur,
1158 2109 1344 2181 magis
1379 2107 1513 2163 alba
1544 2124 1722 2178 quam
1755 2124 1857 2178 per
1877 2125 1938 2163 se
1954 2115 2098 2176 erat,

455 2202 741 2258 redditur.
773 2201 905 2257 Jam
935 2216 1070 2257 vero
1101 2202 1160 2253 et
1179 2197 1438 2252 hominis
1468 2196 1585 2251 vita
1604 2211 1700 2267 per
1735 2211 1931 2251 rerum
1954 2197 2101 2250 divi-

456 2308 668 2347 narum
701 2290 1141 2345 meditationem
1182 2287 1489 2357 perﬁciens
1537 2291 1755 2340 naturae
1815 2285 2100 2354 subsidia,
2133 2353 2145 2363 υ

458 2382 529 2437 ad
561 2380 883 2435 auctiorem
911 2394 976 2433 ac
999 2377 1185 2432 multo
1204 2376 1651 2431 cumulatiorem
1676 2375 1948 2428 virtutem
1976 2392 2103 2446 pro-

457 2469 620 2541 gredi
651 2472 860 2539 potest.
893 2471 963 2521 Et
992 2469 1147 2520 certe
1179 2465 1296 2530 nix,
1331 2481 1458 2534 qua:
1490 2479 1594 2534 pro
1627 2462 1891 2532 subjecto
1925 2462 2102 2518 habet

459 2573 694 2628 aquam,
728 2556 879 2611 aeris
911 2555 1245 2610 accessione
1277 2551 1585 2607 inalbescit
1622 2556 1768 2614 tum,
1797 2567 1928 2606 cum
1987 2569 2100 2623 pres

457 2652 766 2702 ventorum
781 2641 1057 2698 violentia
1074 2642 1360 2698 humorin
1390 2640 1646 2695 nubibus
1677 2643 1962 2694 contusus
2002 2657 2105 2712 per

459 2732 865 2788 vehementem
889 2735 1112 2784 motum
1137 2731 1193 2782 in
1219 2745 1492 2800 spumam
1525 2728 1950 2795 intumescit,et
1968 2746 2103 2786 cum

461 2838 566 2898 per
594 2821 745 2877 aeris
779 2818 1273 2891 refrigerationem
1308 2819 1667 2875 addensatus
1703 2825 1939 2890 accepta
1969 2837 2105 2875 con-

462 2911 718 2966 cretione
745 2913 803 2965 et
825 2908 1129 2980 gravitate,
1158 2905 1408 2962 naturali
1441 2907 1662 2979 impetu
1694 2910 1968 2966 deorsum
2000 2910 2108 2964 fer-

461 3004 578 3054 tur.
609 2999 774 3053 Hunc
807 2998 878 3051 ad
903 2997 1144 3051 modum
1176 2999 1234 3050 et
1265 2995 1483 3061 anima,
1510 3013 1635 3066 quaa
1683 2999 1981 3053 naturales
2030 2999 2108 3053 l‘a-

2201 597 2263 651 τὸ
2299 599 2392 670 μὲν
2425 598 2561 674 πρὸς
2587 596 2772 673 χιόνα,
2804 596 2867 650 τὸ
2899 593 2956 649 δὲ
3001 595 3138 671 πρὸς
3186 589 3330 669 ἔριον
3364 591 3559 648 λευκὸν
3591 592 3690 661 τὴν
3725 591 3859 646 ἀνα-

2205 685 2398 763 λογίαν
2433 684 2580 764 ἔχειν
2612 686 2820 762 ἐκρίθη.
2877 687 3105 763 Ἐρυθρᾷ
3155 687 3250 758 μὲν
3302 683 3394 740 οὖν
3433 685 3577 760 χρόᾳ
3606 683 3857 758 παρεικά.

2208 783 2386 846 ζονται
2446 778 2499 832 αἱ
2543 775 2799 850 ἁμαρτίαι
2858 772 3158 849 ἡμῶν,διὰ
3211 777 3273 830 τὸ
3327 774 3545 850 φονικαὶ
3605 776 3684 848 (3)
3723 774 3858 828 εἶναι

2204 871 2313 920 τῶν
2345 870 2562 941 ψυχῶν.
2597 867 2696 919 Καὶ
2727 864 2909 938 ὥσπερ
2940 864 2990 918 ἐν
3039 869 3157 926 τοῖς
3207 865 3456 939 βάμμασι
3487 864 3550 919 τὸ
3586 863 3680 937 μὲν
3714 861 3861 918 πολ-

2207 953 2364 1016 λάκις
2409 956 2498 1009 καὶ
2549 953 2864 1032 φιλοπόνως
2917 947 3244 1030 καταϐαφὲν,
3309 951 3688 1027 μονιμωτέραν
3741 971 3861 1013 πως

2205 1045 2294 1099 καὶ
2334 1042 2668 1099 ἀνέκπλυτον
2719 1045 2796 1115 (4)
2853 1043 2952 1110 τὴν
3010 1043 3188 1120 βαφὴν
3245 1039 3624 1119 καταδιχεται,
3684 1041 3746 1096 τὸ
3801 1038 3862 1096 δὲ

2207 1132 2548 1194 ἐπιπολαίως
2602 1135 2690 1187 καὶ
2763 1133 2820 1186 ἐκ
2883 1135 2980 1186 τοῦ
3037 1131 3448 1207 παρατυχόντος
3494 1129 3859 1207 ἐπιχρωσθὲν,

2207 1221 2484 1292 εὐκίνητον
2540 1215 2654 1296 ἔχει
2711 1220 2800 1275 καὶ
2859 1218 3235 1276 εύαπόπλυτον
3283 1221 3386 1288 τὴν
3445 1221 3645 1295 βαφήνο
3717 1218 3862 1273 οὕτω

2206 1313 2296 1365 καὶ
2327 1311 2480 1386 ψυχή
2521 1315 2820 1374 ποιωθεῖσα
2871 1310 2975 1364 ὑπὸ
3027 1316 3127 1379 τῆς
3187 1307 3474 1385 ἁμαρτίας,
3505 1307 3595 1363 καὶ
3654 1307 3705 1363 ἰν
3753 1305 3862 1378 ἕξει

2205 1405 2302 1457 τοῦ
2360 1404 2529 1455 κακοῦ
2585 1401 2874 1476 γενομένη,
2922 1396 3278 1453 δυσέκνιπτον
3336 1399 3427 1452 καὶ
3487 1397 3654 1452 οἱονεὶ
3708 1397 3864 1472 ἔγκε-

2207 1491 2474 1563 καυμὲνον
2531 1489 2622 1543 τὸν
2656 1487 2715 1542 ἐκ
2768 1492 2875 1542 τῶν
2933 1487 3344 1562 ἁμαρτημάτων
3403 1485 3701 1559 ἀνεμάξατο
3733 1491 3865 1541 σπῖο

2209 1579 2329 1636 λον.
2363 1579 2482 1636 Ἐπ’
2513 1575 2734 1634 ἔλαττον
2770 1573 2848 1648 δὲ,
2875 1575 2964 1630 καὶ
3007 1575 3173 1630 οἳονεί
3209 1572 3659 1651 ὶπιπολαιότερον
3691 1595 3866 1651 προσ-

2211 1667 2537 1744 διατρίψασα
2590 1669 2669 1738 τῷ
2718 1669 2891 1737 κακῷ,
2925 1663 3274 1741 ὑδαρέστερον
3334 1663 3589 1740 ἐχρώσθη
3642 1666 3721 1739 (5)
3767 1663 3865 1719 καὶ

2207 1756 2591 1826 κατεσπιλώθη
2641 1760 2720 1827 τῷ
2780 1755 3156 1830 ἁμαρτήματι,
3207 1754 3344 1808 κατὰ
3383 1753 3485 1822 τήν
3535 1757 3642 1808 τῶν
3691 1754 3871 1828 ἆμαρ-

2209 1846 2472 1922 τημάαων
2530 1842 2817 1918 ἀναλογίαν
2876 1843 2964 1898 ἰπὶ
3019 1842 3188 1898 πλέον
3244 1843 3281 1912 ἢ
3339 1841 3422 1896 ἐπ’
3479 1839 3699 1897 ἔλαττον
3757 1848 3865 1912 τῆς

2209 1938 2382 2012 χρόας
2414 1933 2770 2003 ἐπελθούσης.
2821 1933 2918 1986 Διά
2960 1930 3013 1986 τί
3061 1928 3118 1986 δὲ
3165 1935 3270 1985 τῶν
3335 1929 3542 1985 λευκῶν
3577 1931 3717 2006 χιὼν
3767 1931 3864 1986 καὶ

2210 2025 2352 2099 ἔριον
2381 2020 2460 2086 εἵς
2489 2024 2588 2092 τὴν
2635 2021 2816 2076 είκόνα
2861 2019 3228 2098 παρελήφθη,
3288 2021 3407 2074 Ὅτι
3452 2023 3691 2097 φυσικῶς
3735 2029 3868 2075 Λευ-

2210 2117 2302 2170 κὸν
2331 2115 2578 2188 ὑπάρχον
2607 2111 2669 2166 τὺ
2715 2109 2878 2186 ἔριον,
2928 2109 3120 2164 ἑαυτοῦ
3173 2107 3223 2179 ἐξ
3255 2106 3570 2181 ἐπιμελείας
3603 2107 3866 2165 λευκότε-

2212 2224 2303 2280 ρον
2335 2201 2555 2277 γίνεται.
2616 2201 2716 2256 Καὶ
2769 2199 3058 2270 ἀνθρώπου
3113 2197 3291 2252 τοίνυν
3341 2198 3369 2251 ὁ
3423 2196 3537 2259 ϐίος
3581 2198 3676 2259 τὰς
3709 2217 3867 2274 φυσι-

2210 2293 2304 2354 κάς
2333 2290 2583 2369 ἀφορμὰς
2609 2287 2659 2358 ἐξ
2691 2288 2977 2358 ἀσκήσεωσ
3028 2284 3274 2354 τελειῶν,
3323 2285 3411 2340 ἐπὶ
3460 2283 3604 2340 πολὺ
3655 2282 3866 2362 προελ-

2212 2385 2319 2444 θεῖν
2352 2386 2450 2448 τῆς
2500 2379 2695 2452 ἀρετῆς
2740 2373 2982 2431 δύναται.
3035 2375 3136 2431 Καὶ
3182 2376 3218 2442 ἡ
3278 2374 3419 2447 χιὼν
3472 2373 3678 2442 τοίνυν,
3712 2370 3864 2447 ὔδωρ

2213 2467 2344 2523 οὖσα
2367 2472 2445 2538 τῷ
2487 2463 2853 2536 ὑποκειμένῳ,
2903 2467 2971 2537 τῇ
3023 2467 3122 2517 τοῦ
3169 2463 3325 2537 ἀὲρος
3373 2465 3660 2537 προσθήκῃ
3689 2460 3864 2532 λευκὴ

2210 2558 2430 2632 γίνεται,
2465 2554 2590 2610 ὅταν
2625 2553 2684 2608 ἰκ
2731 2559 2829 2621 τῆς
2879 2557 2976 2606 τοῦ
3025 2550 3330 2622 πνεύματος
3383 2549 3501 2626 βίας
3550 2550 3614 2606 τὸ
3653 2551 3704 2606 ἓν
3746 2557 3872 2614 ταῖς

2211 2643 2462 2723 νεφέλαις
2515 2643 2672 2718 ὑγρὸν
2720 2640 3160 2713 ἀνακοπτόμενον
3213 2639 3316 2694 ὑπὸ
3367 2640 3463 2712 μὶν
3491 2646 3594 2709 τῆς
3629 2638 3872 2716 σφοδρᾶς

2211 2737 2478 2804 κινήσεως
2505 2729 2580 2792 είς
2631 2730 2797 2805 ἀφρὸν
2843 2727 3145 2800 ἐξοιδαίνει,
3181 2728 3283 2782 ὑπὸ
3330 2727 3387 2782 δὲ
3423 2735 3525 2797 τῆς
3557 2727 3608 2782 ἐν
3637 2732 3718 2801 τῷ
3749 2729 3869 2804 ἀὲρι

2214 2824 2420 2897 ψύξεως
2481 2817 2954 2894 συμπηγνύμενον,
3021 2816 3269 2871 σύστασιν
3347 2811 3515 2870 λαϐόν
3587 2837 3708 2872 τινα
3773 2817 3870 2873 καὶ

2219 2911 2408 2987 βάρος,
2437 2914 2506 2983 τῇ
2529 2911 2729 2986 φυσικῇ
2765 2906 2906 2982 ῥοπῇ
2967 2905 3180 2984 φέρεται
3230 2906 3365 2981 πρὸς
3411 2905 3475 2958 τὸ
3505 2906 3672 2960 κάτω.
3705 2905 3866 2962 Οὕτω

2214 3001 2513 3074 καὶψυχὴ,
2571 2998 2664 3058 τὰς
2719 2995 2942 3072 φυσικὰς
2993 2994 3243 3072 ἀφορμὰς
3287 2995 3364 3066 (6)
3411 2993 3584 3065 οἰκείᾳ
3611 3015 3668 3048 τε
3694 2994 3871 3067 ἀσκή-

461 3087 712 3143 cultates
742 3091 869 3140 tum
911 3102 1019 3139 sua
1049 3084 1238 3155 ipsius
1263 3100 1458 3154 opera,
1484 3089 1608 3140 tum
1635 3088 1821 3140 sancti
1853 3086 2102 3156 Spiritus

2218 3109 2318 3160 σει,
2373 3088 2464 3142 καὶ
2520 3089 2588 3158 τῇ
2653 3083 2876 3159 βοηθείᾳ
2927 3087 3025 3137 τοῦ
3105 3080 3414 3155 ῐῐνεύματος
3473 3083 3870 3154 συναυξήσασα,

461 3191 568 3245 ope
594 3173 756 3228 auxit
775 3178 832 3228 et
849 3173 1128 3243 provexit,
1154 3173 1210 3225 in
1235 3173 1398 3241 justo
1421 3172 1520 3226 Dei
1543 3173 1766 3242 judicio
1798 3175 2102 3246 splendore

2219 3177 2339 3248 ἀξία
2367 3174 2568 3250 γίνεται
2602 3173 2652 3227 ἐν
2684 3175 2754 3243 τῆ
2801 3169 2981 3240 δικαίᾳ
3027 3175 3123 3225 τοῦ
3163 3175 3298 3226 Θεοῦ
3327 3171 3498 3247 κρίσει
3548 3177 3649 3240 τῆς
3682 3170 3876 3246 χάριτι

461 3278 530 3317 ex
559 3261 661 3316 Dei
691 3259 878 3332 gratia
906 3259 1129 3314 sanctis
1155 3258 1411 3328 praestito
1441 3259 1622 3330 digna
1651 3262 1921 3317 efﬁcitur.

2217 3269 2314 3321 τοῦ
2344 3247 2476 3320 Θῄεοῦ
2509 3259 2810 3335 δεδομένης
2841 3263 2920 3334 (7)
2946 3258 3336 3336 λαμπρότητος
3367 3265 3482 3323 τοῖς
3517 3262 3711 3334 ἁγίοις.

531 3352 617 3405 45.
655 3353 830 3404 Vsas.
862 3349 1120 3414 49,2081
1148 3363 1194 3400 ,ςι
1227 3348 1600 3414 υοὶιιενὶίίεβε
1629 3352 2006 3408 exaudicritz‘s
2025 3368 2113 3408 me

468 3440 608 3497 bona
629 3443 796 3494 terrae
811 3436 1097 3492 comedetis
1126 3437 1200 3488 :si
1218 3439 1403 3490 autem
1419 3438 1909 3510 nolueritis,neque
1937 3457 2110 3496 exau—

467 3528 686 3584 dicritis
713 3543 817 3593 me,
841 3524 1060 3594 glad-ius
1073 3539 1163 3579 vos
1175 3524 1630 3580 devorabitﬂinc
1651 3529 1903 3583 maxime
1919 3533 2112 3584 osten-

471 3617 632 3674 ditur
647 3615 896 3671 liberum
919 3614 1192 3669 humanas
1214 3617 1435 3668 natura:
1455 3614 1958 3672 arbitrium.Enim
1981 3634 2113 3674 vero

474 3707 585 3762 hoc
613 3706 811 3776 ipsum
843 3703 998 3775 quod
1025 3701 1120 3756 hic
1149 3703 1299 3758 416
1337 3703 1631 3771 subditur,
1657 3721 1790 3759 cum
1835 3707 2113 3763 omnibus

477 3793 788 3852 sententiis
801 3791 1093 3864 prioribus
1108 3806 1425 3862 congruere
1436 3793 2116 3865 arbitramur.Etenim,si

476 3880 1091 3951 desciveritis,inquit,
1126 3879 1332 3935 acultu
1354 3881 1454 3950 qui
1485 3889 1566 3936 est
1600 3884 1924 3938 secundum
1961 3884 2111 3940 litte-

472 3990 602 4030 ram
632 3972 1008 4038 occidentem,
1039 3969 1091 4024 si
1121 3968 1224 4023 loti
1256 3969 1503 4037 fueritis,
1563 3975 1620 4024 et
1651 3973 1852 4026 mundi
1901 3973 2110 4044 effecti,

468 4063 742 4133 deinceps
771 4060 898 4116 vitae
930 4057 1215 4113 rationem
1248 4059 1412 4113 vobis
1435 4061 1794 4129 propositam
1848 4078 2110 4118 servave-

465 4151 616 4216 ritis,
649 4148 894 4206 venietis
925 4147 996 4221 ad
1030 4145 1344 4216 judicium,
1379 4146 1439 4200 in
1466 4151 1630 4201 tanta
1653 4153 1708 4202 et
1737 4152 1900 4204 tanta
1927 4150 2107 4206 bono-

463 4256 597 4296 rum
622 4238 790 4310 copia
819 4233 1282 4300 constituemini,
1309 4251 1374 4288 ac
1397 4235 1705 4304 promissis
1728 4239 2110 4307 perfruamini

464 4327 732 4383 deliciis:
767 4325 896 4395 ejus
929 4322 1107 4395 gladii
1141 4321 1241 4393 qui
1276 4324 1342 4375 ad
1379 4323 1741 4392 puniendum
1766 4326 2106 4384 interimen-

464 4417 726 4487 dumque
758 4412 1189 4477 destinabatur,
1219 4411 1497 4480 pabulum
1528 4430 1641 4467 non
1673 4413 1854 4469 eritis.
1883 4417 1951 4471 Et
1981 4417 2104 4488 qui-

463 4505 597 4561 dem
629 4504 722 4568 iis,
756 4501 855 4573 qni
885 4499 1126 4570 indigno
1149 4503 1206 4553 et
1236 4499 1460 4568 abjecto
1494 4502 1664 4556 modo
1685 4503 2102 4570 audiunt,dau-

2291 3357 2379 3410 45.
2440 3350 2539 3405 Καὶ
2593 3349 2681 3405 ἐὰν
2763 3348 2979 3420 θέλητε,
3037 3350 3124 3404 καὶ
3211 3348 3526 3420 εἷσακούητὲ
3603 3370 3730 3423 μου,
3806 3349 3879 3405 τὰ

2222 3442 2393 3519 ἀγαθὰ
2447 3447 2547 3510 τῆς
2605 3447 2712 3514 γῆς
2767 3440 3020 3516 φάγεσθεο
3072 3437 3158 3492 ἐὰν
3211 3435 3269 3492 δι
3317 3441 3392 3512 μὴ
3453 3436 3670 3511 Θὲλητε,
3733 3437 3884 3512 μηδὲ

2221 3528 2573 3599 είσακούσητέ
2656 3547 2782 3600 μου,
2859 3527 3105 3602 μάχαιρα
3191 3527 3330 3599 ὑμᾶς
3405 3523 3706 3583 κατέδεται.
3795 3527 3882 3583 Τὸ

2223 3617 2568 3689 αὐτεξούσιον
2620 3614 2859 3678 ἐντεῦθεν
2902 3619 3176 3689 παριστῶν
3233 3614 3469 3686 μαλιστα
3518 3621 3618 3684 τῆς
3645 3620 3754 3670 τῶν
3781 3615 3879 3670 ἀν-

2224 3710 2456 3784 Θρώπων
2503 3706 2733 3784 φύσεως.
2768 3710 2903 3759 nam
2951 3703 3055 3780 γὰρ
3102 3709 3221 3766 τοῖς
3264 3704 3647 3778 προκειμένοις
3696 3703 3882 3780 ἡγού-

2227 3809 2360 3872 μεθα
2421 3798 2527 3866 τὴν
2606 3794 2895 3870 ἐπαγωγὴν
2967 3791 3166 3862 ταύτην
3247 3793 3528 3867 ἁρμόζειν.
3583 3794 3704 3847 Ἐὰν
3767 3794 3876 3868 γὰρ

2222 3888 2512 3956 ἀποστῆτε,
2573 3883 2728 3960 φησὶ,
2788 3889 2888 3952 τῆς
2945 3880 3083 3936 κατὰ
3148 3881 3211 3936 τὸ
3261 3880 3582 3937 ἀποκτεῖνον
3639 3883 3881 3957 γράμμα

2221 3972 2494 4051 λατρείας,
2526 3973 2611 4027 ἐὰν
2675 3971 2945 4041 λούσησθε
3003 3972 3100 4043 (8),
3159 3970 3250 4024 καὶ
3300 3969 3527 4041 καθαροὶ
3559 3969 3878 4044 γενόμενοι,

2219 4065 2355 4138 πρὸς
2383 4065 2445 4117 τὸ
2491 4061 2678 4139 ἑφεξῆς
2731 4057 2981 4114 ἀποδῶτε
3021 4059 3120 4128 τὴν
3176 4057 3470 4114 ἐκτεθεῖσαν
3530 4059 3654 4132 ὑμῖν
3699 4057 3880 4116 πολι-

2216 4153 2383 4220 τείαν,
2415 4151 2568 4221 ἥξετε
2614 4149 2689 4210 εἰς
2735 4146 2933 4222 κρίσιν,
2993 4145 3045 4202 ἐν
3102 4145 3302 4221 τοσῇδε
3349 4145 3385 4216 ἢ
3432 4145 3632 4220 τοσῇδε
3681 4168 3876 4224 περισ-

2218 4241 2337 4310 σείᾳ
2363 4239 2669 4315 γενήσεσθε,
2719 4235 2810 4290 καί
2861 4242 2963 4306 τῆς
3023 4235 3074 4289 ἐν
3122 4233 3419 4311 ἐπαγγελίᾳ
3467 4242 3676 4314 τρυφῆς
3731 4236 3878 4291 ἀπο-

2217 4325 2440 4382 λαύσετε
2467 4329 2564 4400 (9),
2593 4331 2694 4393 τῆς
2742 4321 3074 4393 κολαπικῆς
3116 4325 3208 4378 καὶ
3259 4330 3559 4400 φθαρτικῆς
3590 4325 3876 4400 μαχαίρας

2214 4411 2550 4491 κατάϐρωμα
2582 4413 2682 4468 οὑκ
2722 4407 2922 4468 ἔσεσθε.
2955 4415 3088 4474 Τοῖς
3145 4413 3237 4484 μὲν
3288 4417 3558 4474 ταπεινῶς
3606 4412 3875 4470 ἀκούουσι

2211 4507 2394 4580 γήιναι
2426 4501 2744 4578 ἐπαγγελίαι
2803 4508 2902 4571 τῆς
2959 4502 3202 4570 ὑπακοῆς
3256 4502 3445 4574 μισθὸς
3491 4499 3718 4557 δίδοται’
3745 4509 3872 4566 τοῖς

459 4599 560 4652 tur
581 4599 822 4648 terrenae
847 4587 1272 4660 promissiones
1297 4587 1353 4641 in
1391 4581 1732 4645 obedientiaa
1757 4595 2102 4650 mercedem:

2217 4592 2269 4649 δὲ
2325 4595 2698 4666 πνευματικῶς
2753 4594 2851 4645 τοῦ
2900 4590 3252 4663 αουλήματος
3309 4592 3408 4659 τῆς
3479 4596 3699 4668 Γραφῆς
3774 4589 3874 4646 ἐπ-

457 4685 682 4748 contra,
716 4680 810 4745 iis,
842 4676 943 4748 qui
963 4673 1306 4746 spiritaliter
1326 4675 1636 4747 Scriptura:
1659 4695 1902 4737 sensum
1928 4699 2100 4738 exau-

528 4843 606 4915 (3)
647 4847 786 4915 Reg.
835 4842 1183 4915 quantuset
1241 4839 1398 4892 Colb.
1462 4842 1756 4898 secundus
1803 4860 1935 4899 cum
1992 4863 2107 4901 uno

456 4909 1012 4987 Cohibef,,'zppvtxal.
1047 4909 1158 4963 Alii
1194 4915 1313 4965 tres
1345 4927 1487 4987 mss.
1523 4915 1867 4987 cumeditis,
1929 4935 2102 4987 φοινι-

455 4985 566 5059 καί·
595 5002 722 5057 quae
747 4981 935 5056 primo
960 4987 1197 5053 aspectu
1226 4981 1440 5059 pusilla
1465 4986 1712 5059 mutatio
1736 4981 1909 5057 quam
1935 4981 2103 5059 longe

456 5053 892 5128 interpretema
923 5071 1098 5110 sensu
1135 5053 1390 5128 auctoris
1442 5053 1768 5128 abduxerit;
1821 5077 1888 5114 ex
1940 5053 2102 5116 illius

456 5125 650 5185 verbis
681 5129 928 5200 perspici
963 5131 1153 5198 potest
1227 5126 1320 5180 Sic
1363 5125 1517 5178 enim
1576 5135 1862 5185 verterat:
1920 5132 2100 5186 Rubro

459 5199 877 5272 quidem’colo’rz'
893 5207 1117 5268 peccata
1138 5208 1323 5251 nostra
1352 5199 1756 5272 conferuntur,
1804 5202 1949 5272 quod
1991 5205 2105 5258 sint

453 5267 620 5328 rubri
638 5273 837 5328 colore:
865 5267 978 5338 pra:
1000 5272 1315 5323 animarum
1344 5267 1491 5338 (sic).

524 5345 602 5413 (4)
633 5345 824 5399 Codex
856 5337 947 5400 Fr.
981 5343 1032 5403 1,
1067 5337 1465 5413 ἀνᾶκπεμπτον,
1504 5356 1617 5393 non
1651 5341 1732 5395 ita
1764 5349 1935 5399 recte.

523 5411 898 5497 ’δίόῆθὲἱὶ
943 5413 1189 5497 primus,
1249 5411 1457 5497 tertius
1509 5416 1865 5497 'ctnqu‘artus.
1909 5421 1991 5497 ‘At
2026 5416 2096 5497 'in

451 5478 626 5562 editis
651 5487 786 5562 et_in
820 5478 1635 5562 Regisecun’do‘pro‘éxpuictlﬁ
1670 5483 1885 5557 legitur
1906 5485 2088 5562 ἐχράν.

453 5556 542 5625 θη.
579 5557 838 5627 Denique
871 5549 1114 5627 uterque
1146 5549 1328 5616 Colb.,
1362 5549 1657 5627 ἐχροάνθη.

520 5628 599 5698 (6)
628 5628 718 5704 Sic
749 5625 949 5704 nostri
1004 5640 1293 5704 sextiles.
1356 5625 1645 5704 Atuediti,
1675 5632 1793 5689 ταῖς
1844 5630 2092 5704 φυσίκαις

447 5694 745 5778 ἀφορμαῖς.
777 5698 1000 5755 Ibidem
1029 5694 1170 5753 editi
1202 5711 1337 5752 cum
1367 5696 1559 5755 tribus
1603 5715 1772 5775 mss.,
1826 5694 2092 5776 συναυξη-

2211 4683 2465 4738 ακούουσι
2496 4684 2607 4755 (10)
2639 4686 2743 4755 γῆς
2774 4678 2950 4744 ἀλαθά
2979 4685 3077 4748 τῆς
3120 4685 3495 4752 πνευματικῆς
3527 4676 3765 4754 λέγεται,
3797 4681 3866 4750 ἢν

2218 4865 2367 4900 σασα.
2397 4845 2657 4903 ΑΙὶί,ἲ.ῐ“88
2689 4859 2854 4911 mss.,
2886 4840 3292 4911 συναυξηθεῖσα.

2283 4919 2360 4986 (7)
2397 4915 2773 4987 Reg.tertius,
2799 4908 2900 4981 τῆς
2926 4908 3153 4987 χάριτος
3179 4919 3280 4987 τῆς
3311 4910 3456 4981 παρὰ
3483 4916 3580 4967 τοῦ
3612 4915 3747 4966 Θεοῦ
3778 4908 3865 4987 δι-

2214 4981 2616 5060 δομξνηςῘᾹίῇᾗ
2651 4986 2765 5040 duo
2823 4981 2968 5054 ms;
2989 4981 3087 5060 τῆς
3145 4985 3378 5060 χάριτος
3435 4988 3724 5060 τοῦ-’Θεοῦ
3781 4981 3865 5060 διο

2213 5053 2468 5141 δομίνης.
2501 5056 2612 5141 Alii
2645 5061 2784 5127 tres,
2816 5061 2915 5141 τῇς
2947 5053 3492 5141 χάριτιιίδίδομὲνῃς.
3525 5056 3865 5141 var-iamia-

2211 5131 2430 5186 ctiones
2464 5134 2697 5185 notasse
2729 5128 3006 5197 contenti,
3031 5128 3190 5184 nihil
3237 5130 3295 5185 in
3327 5129 3493 5202 prius
3539 5129 3714 5184 editis
3745 5128 3864 5186 im-

2210 5202 2589 5257 mutavimus.

2280 5275 2356 5415 (8)
2386 5273 2481 5328 Sic
2506 5289 2650 5328 mss.
2687 5271 2930 5343 aliquot.
2965 5271 3138 5340 Editi,
3170 5267 3456 5324 λούσασθε.

2280 5347 2331 5410 (9
2383 5346 2473 5399 Sic
2504 5351 2622 5400 tres
2656 5360 2798 5415 mss.
2830 5349 2904 5415 At
2932 5343 3107 5398 editio
3125 5348 3326 5399 nostra
3347 5343 3456 5398 Par

2277 5341 2350 5410 (9)
2383 5346 2473 5399 Sic
2504 5351 2622 5400 tres
2656 5341 2804 5398 mss.
2833 5349 2904 5397 At
2932 5343 3107 5398 editio
3125 5348 3326 5399 nostra
3347 5341 3530 5398 Paris.
3559 5358 3694 5398 cum
3719 5341 3860 5399 aliis

2206 5411 2398 5471 tribus
2432 5433 2598 5484 mss.,
2631 5411 2997 5483 ἁπολαύσητε.

2277 5489 2389 5558 (10)
2421 5488 2513 5544 Sic
2546 5482 2685 5558 Reg.
2711 5482 3007 5558 secundus
3065 5489 3141 5558 et_
3186 5487 3428 5558 uterque
3485 5482 3647 5538 Colb.
3695 5483 3862 5541 Editi

2205 5555 2340 5615 vero
2372 5555 2430 5614 et
2460 5559 2555 5614 alii
2585 5555 2700 5614 tres
2737 5575 2908 5625 mss.,
2939 5555 3288 5613 ὑπακούουσι.
3313 5555 3659 5627 “Aliquanto
3719 5561 3864 5627 post

2203 5630 2359 5717 ᾖξε..
2378 5632 2674 5688 secundus
2701 5621 3039 5717 “etute'rque
3067 5627 3257 5717 Galba
3277 5621 3564 5717 ,ἔμψυχος
3619 5621 3856 5717 νοεῗαιιιιιζ

2200 5694 2320 5762 Alii
2343 5707 2464 5764 tres
2496 5720 2668 5774 mss.,
2698 5694 2963 5780 ἔμψυχος·
2980 5701 3168 5776 νοῃτή.
3215 5694 3408 5773 Εάίίὶί
3441 5694 3700 5777 ἔμψοχος
3757 5698 3864 5765 καὶ
