4130 6210
221 456 384 517 205,
1066 445 1469 507 COMMENT.
1515 445 1594 505 IN
1640 445 1911 510 lSAIAM
1955 448 2463 515 PROPHETAM.
2509 457 2681 519 CAP.
2730 460 2775 521 Ι.
3499 460 3620 531 206

224 589 277 642 oi
332 581 762 658 μακαριζόμενοι
840 584 1030 670 πραεῖς
1085 575 1535 651 κληρονομήσειν
1598 574 1870 670 λόγοντειιι.

1986 580 2177 651 diunt,
2210 591 2556 643 acervantur
2575 593 2741 646 terra:
2783 593 3065 665 spiritalis
3088 597 3276 664 bona;
3309 613 3488 670 quam
3520 600 3624 670 qui

223 670 457 743 Ὁμοίως
509 667 601 722 καὶ
645 670 894 741 μάχαιρα
951 664 1200 739 ἔμψυχος
1256 667 1480 732 νοεῖται,
1513 662 1636 737 περὶ
1689 665 1753 731 ἧς
1795 662 1870 718 εἷ’-

225 781 402 837 ρηται,
447 757 531 812 ὅτι
588 755 864 828 ἆμεθύσθη
896 753 1000 808 ἀπὸ
1059 750 1290 825 αἵματος
1343 755 1686 827 τραυματιῶν
1717 769 1730 784 ·
1783 751 1871 806 καὶ

225 848 275 904 ἰν
328 852 405 919 τῷ
465 846 679 921 ούρανῷ
738 844 961 918 φάγεται
1007 841 1158 917 κρία.
1187 841 1266 898 Τὸ
1312 841 1414 917 γὰρ
1463 841 1639 913 στόμα
1669 840 1872 916 Κυρίου

232 935 466 1006 ἆλάλησε
494 938 680 991 ταῦτα.
715 934 880 1008 Τάχα
923 932 985 986 τὸ
1037 935 1254 1004 Πνεῦμα
1307 927 1370 984 τὰ
1403 930 1578 1004 ἅγιον,
1611 931 1673 983 τὸ
1729 930 1873 1006 ἐνερ-

227 1033 394 1101 γῆσαν
425 1029 595 1078 ταῦτα
637 1029 935 1100 γραφῆναι,
967 1020 1142 1093 στόμα
1188 1023 1277 1073 νῦν
1328 1017 1562 1094 εἷ’ρηται,
1611 1019 1757 1094 παρά
1809 1019 1873 1073 τὸ

227 1115 315 1169 καὶ
346 1113 405 1168 ἐκ
455 1111 723 1185 στόματος
777 1115 874 1166 τοῦ
932 1113 1064 1166 Θεοῦ
1113 1106 1362 1183 λέγεσθαι
1421 1105 1871 1182 προεληλυθέναι,

237 1207 392 1258 ’Ὥστε
422 1223 479 1256 σε
515 1202 590 1274 μὴ
622 1202 1105 1278 καταφρονητικῶς
1163 1197 1386 1252 ἀκοῦσαι
1441 1194 1548 1250 τῶν
1608 1195 1874 1265 ἀπειλῶν,

235 1293 294 1347 τὸ
322 1288 548 1364 ἀψευδὶς
590 1289 766 1362 στόμα
821 1285 1228 1362 ἐπεμαρτύρατο
1284 1287 1418 1358 ἡμῖν
1477 1286 1505 1339 ὁ
1555 1282 1716 1359 λόγος
1772 1289 1873 1339 τοῦ

237 1379 449 1453 Κυρίου,
481 1381 544 1434 τὸ
571 1383 739 1433 ταῦτα
769 1376 1042 1446 λαλῆσαν.
1083 1374 1173 1436 Τίς
1204 1371 1262 1428 δὲ
1291 1373 1433 1428 οὕτω
1479 1373 1730 1434 ταπεινὸς
1783 1374 1870 1427 καὶ

232 1471 476 1544 σάρκινος
534 1470 635 1537 τὴν
685 1465 949 1534 διάνοιαν,
1007 1465 1146 1519 ὥστε
1201 1463 1268 1517 τὰ
1314 1463 1391 1525 είς
1448 1459 1715 1516 ἀντίδοσιν
1775 1469 1872 1532 τῆς

234 1558 526 1622 εὐπειθείας
559 1559 674 1628 (11)
707 1555 855 1630 παρὰ
883 1559 976 1609 τοῦ
1036 1554 1238 1629 ἀγαθοῦ
1296 1555 1430 1607 θεοῦ
1484 1550 1878 1624 τεταμιευμὲνα

234 1653 342 1708 τοῖς
398 1647 734 1716 ἀνθρώποις,
795 1645 1061 1719 βρώματα
1108 1643 1243 1696 εἶναι
1295 1639 1576 1713 νομίζειν,
1633 1640 1874 1715 καρποὺς

229 1743 319 1805 τῆς
348 1743 450 1811 γῆς
484 1734 560 1796 εἷς
599 1735 800 1813 φθορὰν
836 1729 1165 1804 δεδομένους
1214 1735 1283 1803 τῇ
1330 1729 1672 1804 ὀιποχρήσει;
1703 1727 1879 1785 Ἀλλά

235 1823 508 1895 δηλονότι,
537 1824 675 1878 κατὰ
701 1824 803 1891 τήν
837 1815 1160 1896 παραϐολήν
1191 1825 1289 1874 τοῦ
1336 1817 1694 1894 Εὐαγγελίου,
1717 1820 1778 1872 τὸ
1825 1817 1877 1872 ἐν

230 1918 294 1986 τῇ
347 1911 499 1986 καλῇ
556 1914 632 1987 γῇ
689 1911 906 1985 σπέρμα
944 1907 1142 1985 καρδία
1196 1908 1308 1964 ἐστὶ
1362 1905 1506 2014 καλὴ
1539 1907 1628 1961 καὶ
1678 1907 1878 1982 ἀγαθὴ,
1909 1951 1956 2014 Β

235 2002 499 2057 ἀκούουσα
525 2006 625 2056 τοῦ
656 1998 854 2074 λόγου,
885 2000 974 2054 καὶ
1006 1999 1311 2073 κατίχουσα
1340 1997 1429 2051 καὶ
1459 2001 1880 2074 καρποφοροῦσα

239 2091 287 2147 ἄν
320 2093 590 2164 ὑπομονῇ.
625 2089 807 2159 ’Ἄξιον
843 2086 934 2142 οῦν
967 2086 1294 2161 ἐπαγγελίας
1326 2089 1480 2157 Θεοῦ,
1514 2088 1549 2154 ἡ
1597 2090 1706 2140 τῶν
1754 2083 1877 2154 ἡδί-

233 2202 364 2236 στων
394 2183 622 2254 καρπῶν
654 2185 753 2248 τῆς
785 2175 1008 2251 καρδίας
1039 2175 1362 2236 ἀπόλαυσις.
1401 2174 1609 2250 Καρποὶ
1642 2173 1699 2228 Si
1752 2194 1879 2247 καρ-

234 2265 361 2337 δίας,
393 2269 454 2324 τὸ
489 2268 543 2322 ἂν
573 2267 775 2343 θεωρίᾳ
812 2269 910 2321 τοῦ
961 2267 1110 2320 θείου
1145 2262 1386 2324 κάλλους
1432 2263 1681 2338 τερπνόν.
1711 2263 1874 2318 Οὗτοι

232 2354 285 2412 δὶ
307 2359 357 2410 οἱ
385 2357 587 2433 γαρποὶ
626 2356 683 2411 ἐκ
711 2362 812 2425 τῆς
837 2354 915 2417 είς
957 2355 1020 2409 τὸ
1061 2357 1282 2425 Πνεῦμα
1329 2356 1532 2426 σπορᾶς
1570 2355 1875 2426 γεωργοῦν-

232 2465 334 2518 ται,
366 2446 709 2522 Θεριζόμενοι
744 2445 819 2506 εἱς
855 2444 999 2513 ζωὴν
1038 2441 1282 2509 αῗώνιον,
1316 2445 1388 2494 ῶν
1434 2441 1462 2495 ὁ
1515 2442 1758 2515 συνάγων
1820 2439 1874 2496 ἐν

235 2534 552 2608 ἀγαλλιάσει
636 2535 706 2590 τὰ
778 2531 1080 2608 δράγματα,
1137 2535 1448 2608 κατατρυφᾷ
1495 2534 1593 2584 τοῦ
1645 2528 1868 2606 Κυρίου,

236 2619 521 2695 λαμϐάνων
552 2625 682 2697 παρ’
712 2623 877 2678 αὐτοῦ
913 2621 981 2676 τὰ
1025 2619 1321 2693 αίτήματα.
1355 2620 1625 2694 Πρότερον
1685 2618 1870 2691 μέντοι

237 2712 449 2781 θελῆσαι
515 2710 621 2777 δεῖ,
653 2712 744 2766 καὶ
799 2711 923 2766 τότε
978 2709 1308 2776 εἰσακοῦσαι,
1355 2705 1448 2762 ’ἱνα
1501 2709 1562 2762 τὸ
1611 2706 1692 2785 ἀφ’
1730 2710 1865 2781 ἡμῖν

236 2800 690 2876 άκατανάγκαστον
877 2799 973 2854 Καὶ
1027 2796 1192 2852 πάλιν
1225 2817 1238 2831 ⁸
1299 2797 1423 2853 Ἐὰν
1496 2798 1572 2870 μὴ
1635 2796 1867 2868 θέλητε,

243 2887 370 2960 μηδὲ
404 2888 766 2960 εἷσακούσητᾶ
828 2909 953 2960 μου.
988 2888 1082 2943 Ἐκ
1116 2890 1213 2940 τοῦ
1273 2886 1349 2958 μὴ
1400 2883 1646 2954 θελῆσαι,
1678 2886 1741 2940 τὸ
1792 2887 1866 2958 μή

239 2977 558 3035 εἰσακοῦσαι.
594 2978 754 3036 Οὕτω
784 2981 928 3032 πᾶσα
958 2974 1318 3052 μακαριότης,
1349 2973 1439 3029 καὶ
1469 2977 1504 3045 ἡ
1537 2974 1590 3030 ἐν
1647 2973 1868 3030 κολάσει

240 3065 286 3121 tv
335 3075 446 3131 τοῖς
511 3067 800 3128 ἐπιπόνοις
853 3063 1092 3140 διαγωγὴ
1144 3063 1203 3118 ἐκ
1257 3068 1353 3118 τοῦ
1401 3063 1647 3141 ἐφ’ὴμῖν
1705 3061 1873 3137 ἤρτη-

237 3175 334 3212 ται.

299 3426 382 3482 46.
415 3430 542 3486 Πῶς
609 3423 817 3499 ἰγένετο
876 3423 1050 3498 πόρνη
1109 3419 1274 3483 πόλις
1331 3422 1496 3490 πιστή
1534 3420 1700 3489 Σιὼν,
1731 3420 1878 3492 πλή-

237 3532 327 3585 ρης
373 3514 648 3586 aptatum;
681 3511 733 3566 ἐν
794 3511 830 3586 ᾖ
889 3507 1206 3581 δικαιοσύνη
1293 3509 1562 3582 ἐκοιμήθη
1615 3509 1667 3564 ἐν
1719 3509 1877 3584 αὐτῇ,

236 3607 314 3656 νῦν
367 3601 421 3658 δὲ
480 3600 760 3681 φονευταί.
821 3600 1170 3672 Θαυμαστική
1219 3601 1253 3668 ἡ
1313 3598 1680 3673 ἒπαπόρησις,
1734 3598 1878 3653 πολὺ

237 3691 292 3745 τὸ
346 3690 686 3762 ἐκπλητικὸν
741 3688 1073 3763 ἐμφαίνουσα
1129 3688 1217 3743 ἐπὶ
1263 3693 1344 3760 τῷ
1386 3685 1696 3764 παραδόξῳ,
1755 3687 1879 3761 περὶ

240 3785 330 3834 τοῦ
356 3782 475 3835 τίνα
504 3779 716 3856 τρόπον
743 3780 780 3848 ἡ
813 3779 978 3846 πιστή
1011 3775 1175 3839 πόλις
1204 3778 1294 3832 καὶ
1351 3775 1574 3852 πλήρης
1628 3776 1878 3850 κρίσεως,

239 3865 287 3921 tv
335 3872 369 3940 ᾗ
427 3867 752 3935 δικαιοσύνη
817 3865 1220 3921 ἐπανεπαύσατο
1279 3869 1429 3939 (12),
1490 3865 1623 3936 αὕτη
1678 3865 1881 3940 ἐγένετο

240 3959 398 4030 πόρνη
433 3960 523 4014 καὶ
557 3961 839 4035 φονευτῶν
870 3957 1214 4030 οίκητήριον.
1249 3959 1372 4017 Πῶς
1401 3955 1502 4030 γὰρ
1561 3957 1623 4010 οὺ
1671 3955 1882 4028 θαύμα-

1980 672 2372 741 praedicantur
2401 677 2595 745 mites,
2651 680 2927 740 dicuntur
2955 701 3085 741 esse
3129 686 3465 742 hareditate
3495 703 3625 759 pos-

1981 762 2200 816 sessuri
2223 763 2286 818 ³⁷.
2311 765 2441 819 Pari
2465 767 2688 824 ratione
2709 769 2939 842 gladius
2962 789 3197 845 quoque
3218 776 3516 831 animatus
3538 775 3628 830 in-

1981 847 2281 919 telligitur,
2314 855 2386 908 de
2417 871 2532 925 quo
2565 856 2786 914 dictum
2829 866 2955 917 est:
3003 864 3330 920 Inebriatus
3374 868 3461 920 est
3489 879 3626 919 san-

1981 938 2156 1008 guine
2188 940 2621 1001 vulneratorum
2647 946 2691 981 ²⁸
2716 965 2729 1015 ;
2765 955 2839 1014 et,
2861 954 2921 1004 In
2947 949 3090 1006 cmlo
3114 953 3383 1008 comedet
3397 968 3622 1008 carnes.

1985 1027 2050 1082 09
2078 1031 2230 1084 enim
2263 1032 2481 1086 Domini
2522 1035 2766 1091 loculum
2799 1043 2876 1092 est
2905 1040 3024 1096 hac
3046 1041 3140 1107 η’,
3179 1041 3464 1098 Fortassis
3497 1042 3626 1113 ipse

1983 1116 2236 1188 Spiritus
2267 1126 2530 1189 sanctus,
2565 1140 2679 1195 quo
2711 1133 2947 1184 auctore
2985 1129 3187 1186 isthasc
3217 1131 3433 1202 scripta
3463 1137 3626 1198 sunt,

1985 1221 2140 1260 nunc
2171 1223 2236 1262 os
2265 1208 2458 1265 dictus
2505 1217 2612 1280 est,
2669 1221 2978 1287 propterea
3029 1219 3183 1289 quod
3215 1219 3389 1274 etiam
3421 1236 3492 1275 ex
3527 1220 3628 1276 Dei

1984 1310 2082 1349 ore
2119 1299 2474 1367 processisse
2504 1300 2738 1356 dicitur.
2789 1309 3010 1375 Itaque,
3045 1323 3115 1361 ne
3145 1312 3209 1362 tu
3241 1307 3344 1362 illa
3382 1308 3627 1364 commi-

1986 1384 2252 1441 nationes
2287 1391 2675 1460 contemptim
2715 1393 2946 1459 audias,
2981 1394 3184 1450 isthmc
3212 1395 3284 1450 ab
3315 1411 3413 1451 ore
3441 1397 3630 1453 veraci

1984 1473 2208 1541 prolata
2240 1477 2421 1530 fuisse
2451 1493 2642 1535 sermo
2657 1481 2882 1535 Domini
2909 1483 3077 1537 nobis
3100 1486 3349 1538 testatus
3374 1483 3632 1548 est.Quis

1985 1571 2178 1620 autem
2211 1565 2408 1619 animo
2434 1570 2523 1620 est
2553 1566 2631 1622 ita
2684 1568 2910 1638 abjecto
2959 1587 3310 1641 carneoque,
3360 1576 3424 1626 ut
3478 1573 3634 1627 bona

1987 1653 2085 1708 illa
2116 1670 2218 1724 pro
2251 1653 2590 1708 obedientia
2623 1658 2861 1726 praemio
2894 1657 3234 1714 hominibus
3257 1664 3509 1726 servata,
3538 1675 3632 1715 es-

1987 1759 2084 1797 cae
2113 1757 2242 1796 esse
2270 1740 2588 1809 existimet;
2614 1743 2893 1800 nimirum
2922 1749 3087 1800 terrea
3103 1745 3353 1814 fructus,
3375 1745 3478 1817 qui
3498 1746 3630 1803 ideo

1987 1829 2107 1885 dati
2138 1835 2300 1896 sunt,
2336 1834 2398 1883 ut
2429 1846 2538 1885 usu
2570 1831 3196 1904 corrumpantur?,Bed
3226 1835 3506 1906 profecto,
3539 1849 3632 1891 se-

1988 1920 2204 1974 cudum
2255 1918 2595 1989 parabolam
2643 1921 3059 1992 evangelicam,
3110 1927 3303 1978 satum
3362 1923 3422 1977 in
3473 1923 3627 1978 bona

1990 2012 2143 2064 terra
2181 2021 2404 2076 semen,
2455 2024 2554 2062 eor
2598 2015 2688 2064 est
2733 2011 2975 2080 probum
3009 2027 3074 2066 ac
3105 2012 3348 2079 bonum,
3381 2011 3631 2068 audiens

1987 2098 2253 2159 verbum,
2287 2095 2552 2166 illudque
2583 2097 2865 2164 retinens,
2897 2105 2956 2154 et
3003 2101 3259 2155 fructum
3291 2099 3540 2156 efferens
3571 2099 3630 2154 in

1987 2185 2271 2258 patientia
2293 2185 2571 2256 9°.Itaque
2601 2203 2693 2242 res
2724 2187 2824 2243 Dei
2849 2188 3235 2259 promissione
3265 2187 3462 2261 digna,
3486 2188 3632 2244 frui-

1985 2275 2068 2330 tio
2100 2278 2187 2330 est
2237 2273 2721 2330 suavissimorum
2773 2275 3071 2332 fructuum
3124 2277 3333 2333 cordis.
3383 2280 3631 2333 Fructus

1985 2369 2182 2418 autem
2211 2361 2402 2417 cordis
2433 2369 2575 2417 sunt
2602 2362 2731 2434 ipsa
2755 2363 3090 2430 obleclatio,
3127 2382 3252 2436 quae
3283 2365 3344 2420 in
3373 2372 3633 2421 contem-

1985 2452 2240 2524 platione
2281 2449 2490 2505 divinas
2524 2451 2939 2522 pulcritudinis
2990 2460 3279 2510 versatur.
3329 2459 3510 2510 Porro
3567 2453 3629 2510 hi

1983 2542 2209 2596 fructus
2238 2555 2307 2594 ex
2328 2539 2554 2594 satione
2597 2555 2725 2610 quis
2756 2541 2812 2594 in
2848 2541 3068 2612 Spiritu
3099 2545 3207 2612 est,
3244 2541 3624 2614 colliguntur,

1981 2628 2236 2684 demessi
2259 2627 2316 2680 in
2351 2627 2527 2682 vitam
2551 2638 2851 2699 sternam,
2884 2645 3134 2700 quorum
3161 2629 3497 2702 manipulos
3518 2629 3624 2702 qui

1981 2715 2242 2787 congerit
2284 2714 2344 2770 in
2389 2714 2796 2784 exsultatione,
2849 2733 2912 2772 se
2960 2716 3211 2774 oblectat
3258 2718 3317 2772 in
3349 2717 3620 2787 Domino,
3720 2725 3722 2736 λ

1979 2815 2113 2854 cum
2145 2796 2328 2867 petita
2357 2796 2428 2850 ab
2465 2795 2593 2867 ipso
2615 2797 2882 2868 accipiat.
2917 2797 3158 2870 Oportet
3186 2797 3420 2869 quidem
3451 2796 3615 2868 prius

1978 2885 2146 2951 velle,
2179 2891 2236 2939 et
2257 2888 2382 2939 tum
2413 2885 2710 2953 exaudire,
2737 2891 2801 2940 ut
2839 2885 2896 2940 id
2930 2887 3084 2958 quod
3117 2887 3173 2942 in
3207 2891 3410 2942 nostra
3433 2887 3618 2942 situm

1979 2981 2068 3031 est
2116 2977 2426 3045 potestate,
2481 2972 2631 3027 nulli
2680 2974 2757 3029 sit
2803 2975 3119 3030 obnoxium
3161 2975 3515 3032 necessitati.
3548 2975 3621 3030 Et

1980 3067 2232 3122 iterum:
2268 3063 2328 3118 Si
2355 3064 2669 3131 nolueritis,
2716 3083 2895 3136 neque
2942 3068 3309 3124 exaudieritis
3350 3084 3454 3123 me.
3487 3067 3622 3122 Ideo

1983 3173 2097 3212 non
2136 3152 2540 3220 exaudierunt,
2596 3155 2749 3225 quod
2801 3154 3137 3212 noluerunt.
3191 3156 3284 3213 Sic
3324 3154 3627 3212 beatitudo

1984 3245 2198 3311 omnis,
2231 3248 2287 3299 et
2316 3260 2442 3315 quae
2475 3243 2534 3299 in
2579 3245 2840 3301 cruciatu
2870 3250 2930 3302 et
2974 3246 3263 3303 molestiis
3301 3245 3633 3302 traducitur

1902 3313 1946 3379 C
1982 3334 2192 3401 vita,_a
2222 3313 2423 3388 nostra
2454 3335 2667 3406 pendet
2705 3335 3024 3392 voluntate.

2058 3423 2146 3478 46.
2170 3421 2347 3477 Vane.
2380 3424 2469 3477 21.
2504 3423 2779 3491 Quomodo
2827 3428 2976 3497 facta
3021 3430 3102 3481 est
3145 3426 3413 3482 meretrix
3439 3425 3636 3480 civitas

1987 3513 2167 3584 ﬁdeli:
2197 3511 2355 3576 Sion,
2385 3511 2561 3583 plena
2601 3514 2842 3584 judicii?
2889 3517 2948 3570 in
2973 3531 3082 3586 qua
3093 3517 3320 3588 justilia
3349 3515 3631 3570 dormivit.

1986 3618 2137 3658 nunc
2203 3610 2386 3657 autem
2445 3602 2749 3658 homicidae.
2802 3603 3166 3660 Percontatio
3221 3602 3632 3660 admirationis

1988 3691 2180 3762 plena,
2212 3689 2510 3762 ingentem
2536 3695 2836 3762 stuporem
2869 3691 3220 3763 ingenerans
3249 3691 3526 3748 inaudita
3547 3691 3630 3748 rei

1989 3795 2204 3836 causa:
2233 3779 2526 3849 quomodo
2556 3779 2758 3835 civitas
2779 3779 2990 3845 fidelis,
3022 3785 3077 3837 et
3097 3780 3310 3852 judicii
3341 3779 3535 3852 plena,
3567 3779 3629 3835 in

1990 3885 2107 3940 qua
2129 3866 2360 3938 justitia
2399 3866 2703 3938 requievit,
2735 3870 2937 3924 eadem
2968 3869 3120 3925 facta
3149 3869 3226 3925 sit
3247 3868 3538 3934 meretrix,
3571 3871 3631 3923 et

1990 3955 2419 4012 homicidarum
2464 3956 2853 4012 domicilium.
2910 3957 3034 4022 Quo
3082 3957 3239 4013 enim
3271 3961 3440 4029 pacto
3469 3955 3629 4012 tristi

239 4066 319 4109 τος
346 4046 490 4118 ἄξιον
522 4046 807 4117 λυπηροῦ,
835 4043 996 4100 πόλιν
1031 4041 1169 4114 ὅλην
1200 4044 1306 4098 ἀπὸ
1329 4051 1429 4113 τῆς
1474 4042 1525 4098 ἐν
1558 4043 1732 4098 πίστει
1781 4064 1875 4098 κα-

1993 4064 2109 4102 non
2141 4049 2298 4101 esset
2319 4044 2709 4100 admiratione
2739 4045 3006 4117 dignum,
3057 4046 3350 4102 civitatem
3379 4049 3564 4101 totam
3597 4060 3635 4100 a

243 4135 524 4207 θαρόττ,τος
576 4135 658 4198 εἷς
715 4134 816 4203 τήν
877 4131 936 4188 ἐκ
989 4131 1239 4204 πορνείας
1285 4131 1610 4204 ἀκαθαρσίαν
1655 4153 1875 4206 μεταπε-

1993 4135 2127 4191 ﬁdei
2144 4133 2395 4207 puritate
2416 4133 2473 4188 in
2495 4135 2682 4206 stupri
2702 4134 3100 4206 impurttatem
3113 4133 3392 4191 incidisse
3406 4133 3434 4190 Ἰ
3453 4149 3636 4205 quan-

241 4229 383 4292 σεῑνς
434 4227 574 4279 ὅπου
633 4243 698 4299 γε
774 4223 865 4276 καί
949 4221 1072 4294 μίαν
1127 4222 1312 4296 ψυχὴν
1370 4222 1475 4276 ἀπὸ
1529 4225 1626 4276 τοῦ
1657 4221 1875 4296 ’παγίως

1997 4224 2310 4295 doquidem
2344 4240 2478 4278 cum
2508 4222 2594 4278 vel
2625 4240 2741 4279 una
2771 4223 2969 4280 anima
2995 4241 3029 4281 a
3077 4223 3352 4279 ﬁrmitate
3383 4221 3517 4278 ﬁdei
3562 4222 3635 4277 ad

244 4313 494 4368 πιστεύειν
549 4313 630 4374 είς
691 4312 792 4379 τήν
854 4309 902 4383 ἐξ
962 4310 1211 4372 ἀπιστίας
1264 4311 1513 4385 πορνείαν
1551 4317 1875 4386 περιτραπῆ·

1995 4312 2366 4368 inﬁdelitatis
2387 4317 2660 4384 stuprum
2687 4313 3010 4384 invertitur,
3038 4313 3094 4368 id
3119 4314 3271 4368 inter
3285 4328 3378 4368 res
3398 4315 3640 4382 stupen-

245 4421 316 4454 ναι
347 4403 476 4474 (13),
514 4406 627 4456 τῶν
663 4395 1004 4475 παραδόξων.
1038 4398 1178 4453 Πότε
1233 4395 1290 4453 δὲ
1349 4403 1510 4453 ταῦτα
1563 4403 1875 4474 κατηγορεῖ·

1997 4403 2103 4457 das
2135 4401 2566 4456 numerandum
2591 4405 2700 4456 est.
2725 4401 3106 4465 Quandonam
3129 4417 3262 4457 vero
3282 4400 3405 4456 haec
3434 4398 3521 4454 illi
3542 4399 3642 4455 ob-

248 4508 345 4559 ται,
439 4491 528 4544 ὅτε
559 4488 791 4561 πονηρά
816 4489 970 4562 γενεά
1016 4487 1107 4542 καὶ
1171 4486 1436 4562 μοιχαλὶς
1473 4487 1761 4562 γενομίνη,
1791 4488 1875 4555 τήι

1989 4491 2301 4563 jiciuntur,
2335 4489 2446 4545 nisi
2480 4494 2606 4545 tum
2639 4506 2773 4545 cum
2831 4490 3127 4562 generatio
3179 4505 3358 4562 prava
3385 4492 3444 4545 et
3471 4487 3642 4545 adul-

253 4574 564 4653 διακύψασαν
622 4578 680 4648 ἒξ
731 4577 964 4652 ούρανοῦ
1005 4576 1096 4631 καὶ
1153 4576 1599 4649 ἀναπαυσαμὲνην
1641 4575 1699 4630 ἐκ
1753 4575 1875 4650 αὐτῇ

1999 4585 2126 4636 tera
2158 4578 2362 4633 effecta
2385 4577 2704 4647 justitiam,
2737 4577 2878 4634 cmlo
2908 4578 3218 4650 dilapsam,
3252 4581 3308 4634 et
3337 4579 3394 4632 in
3425 4594 3488 4632 se
3514 4577 3646 4648 ipsa

251 4663 584 4738 δικειοσύνην
651 4665 966 4744 ἐφόνευσαν,
1029 4668 1124 4720 τὸν
1203 4668 1438 4742 Χριστὸν
1521 4667 1610 4721 καὶ
1696 4666 1875 4741 Κύριοι

1999 4667 2504 4737 conquiescentem
2517 4681 2745 4738 ,nempe
2766 4667 3064 4722 Christum
3083 4671 3141 4722 et
3155 4665 3468 4722 Dominum
3485 4665 3641 4720 416

251 4757 433 4827 ἡμῶη
491 4758 560 4814 ’Ὁ
620 4755 718 4810 καὶ
780 4755 1033 4810 ἐπιτείνει
1115 4755 1179 4810 τὸ
1257 4757 1436 4828 Θαῦμα
1468 4799 1482 4823 ,
1539 4757 1630 4810 καὶ
1707 4761 1875 4828 μεῖζοι

2002 4761 2267 4813 nostrum
2293 4754 2633 4810 interemit?
2653 4759 2769 4810 Hoc
2786 4760 2842 4810 et
2865 4755 3310 4811 admirationem
3331 4759 3524 4826 auget,
3539 4769 3641 4825 pa-

251 4851 379 4898 ποιεῖ
409 4847 469 4900 τὸ
500 4841 840 4920 παράδοξον,
875 4842 920 4897 εἰ
949 4841 1036 4898 ὅτε
1068 4845 1103 4912 ἡ
1147 4840 1463 4913 δικαιοσύνη
1496 4851 1697 4919 παρῆν,
1732 4845 1875 4920 ὑπερ⁴

2001 4847 2400 4915 radoxumque
2417 4843 2609 4898 reddit
2640 4843 2856 4915 majus,
2884 4844 3039 4915 quod
3068 4860 3202 4899 eum
3226 4841 3646 4914 adessetjusti-

254 4929 550 4988 πλεόνασεν
586 4936 622 5003 ἡ
659 4931 899 4988 ἀδικαία.
934 4933 1032 4986 Καὶ
1077 4935 1245 4986 ταῦτα
1293 4931 1487 5002 ἐποίει,
1538 4931 1666 4994 τοὺς
1724 4933 1875 5007 ὑγιεῖ‹

2000 4937 2102 5004 tia,
2137 4940 2263 4989 tum
2293 4931 2477 5002 magis
2509 4933 2825 4988 abundavit
2855 4933 3167 5004 injustitia.
3204 4937 3392 5004 Atque
3414 4932 3536 4987 hac
3561 4931 3646 4988 fa-

256 5022 361 5096 περὶ
390 5025 616 5096 κρίσεως
651 5017 853 5098 λόγους
887 5021 989 5076 οόκ
1018 5022 1303 5097 ἀγνοοῦσα.
1335 5025 1504 5075 Τοῦτο
1545 5021 1646 5097 γάρ
1691 5021 1802 5077 ἐστι
1831 5024 1875 5078 τὲ

2005 5025 2214 5092 ciebat,
2247 5037 2606 5092 quamquam
2641 5039 2818 5077 sanos
2848 5021 2918 5076 de
2943 5021 3168 5091 judicio
3201 5036 3499 5077 sermones
3531 5036 3649 5076 non

255 5111 471 5183 (14-15),
505 5111 742 5187 Πλήρης
777 5109 1029 5184 κρίσεως.
1064 5109 1417 5182 Σημειωτίον
1461 5106 1539 5177 δὶ,
1574 5108 1656 5163 δτι
1710 5113 1875 5188 μήτηί

2011 5112 2337 5185 ignorabat.
2375 5111 2487 5165 Hoc
2517 5110 2673 5165 enim
2706 5116 2919 5166 sonant
2945 5113 3066 5166 haec
3111 5111 3308 5178 verba,
3357 5111 3527 5167 Plena
3558 5109 3652 5178 iu-

317 5219 356 5253 "
383 5220 582 5276 Matth.
618 5237 679 5287 v,
712 5219 764 5274 4.
829 5218 875 5252 ³⁵
905 5217 1022 5273 Jer.
1054 5235 1206 5286 xnvr,
1244 5219 1329 5272 10.
1407 5218 1476 5252 ³⁸·
1520 5217 1632 5274 Isa.
1664 5235 1854 5288 xxxiv,

2016 5221 2061 5260 '9
2096 5224 2229 5273 Luc.
2262 5233 2384 5283 vm,
2421 5219 2504 5273 15.

260 5326 431 5396 νοητή·
468 5325 568 5380 ubi
600 5324 903 5380 credimus
935 5323 1287 5396 particulam
1309 5321 1400 5376 καί
1423 5324 1683 5380 additam
1714 5327 1875 5382 fuisse

2012 5327 2143 5392 bus,
2179 5340 2281 5394 pro
2312 5320 2596 5384 εὐπαθείας
2623 5323 2922 5392 scribitur,
2945 5320 3242 5386 εὐπειθείας
3265 5339 3368 5395 pro
3400 5320 3661 5378 obedien-

261 5395 321 5449 ab
351 5397 564 5470 aliquo,
598 5397 704 5470 qui
739 5395 943 5468 aptam
970 5395 1362 5467 idoneamque
1391 5397 1744 5453 sententiam
1771 5400 1896 5454 effl-
2012 5400 2107 5454 tim
2141 5397 2394 5470 praemio.

266 5480 380 5521 cere
407 5461 597 5525 vellet.
618 5461 635 5470 ’
776 5461 796 5468 ’
1084 5535 1096 5538 _
1216 5536 1225 5538 Α
1264 5461 1283 5467 ”
1454 5535 1463 5538 _
1628 5536 1634 5538 _

2087 5461 2195 5534 (12)»
2227 5465 2477 5538 Uterque
2509 5466 2696 5532 Colb.,
2728 5461 3043 5533 δικαιοσύνη
3077 5464 3440 5538 ἀνεπαύσατο.

325 5538 427 5606 (11)
462 5540 522 5595 ln
567 5538 749 5595 editis
779 5540 1059 5608 corrupte
1083 5535 1388 5608 legebatur
1418 5535 1719 5598 εὐπαθείας·
1752 5541 1867 5596 und

2089 5539 2199 5609 (13)
2230 5535 2398 5593 Οοιὺῖ
2424 5540 2740 5606 secundus,
2773 5537 3214 5609 παρατραπῆναι-.

261 5601 625 5682 Tilmannus:
662 5611 726 5664 In
756 5601 1255 5681 comperisatimiem
1280 5610 1626 5682 felicissimae
1649 5612 1805 5666 illius
1817 5614 1908 5682 ju-
2088 5601 2305 5681 (14ἓ15)
2331 5611 2415 5665 Ita
2446 5611 2708 5682 quinque
2728 5601 2885 5666 'mss.
2929 5601 3104 5666 Deest
3138 5606 3201 5662 τό
3233 5607 3289 5662 in
3320 5603 3494 5662 editis
3515 5608 3574 5661 et
3602 5601 3660 5664 in

267 5680 560 5738 cunditatie.
589 5680 898 5754 Atgsanam
915 5695 1232 5752 veramque
1250 5680 1601 5754 scripturam
1632 5680 1875 5740 exhiben

2020 5686 2158 5754 Reg.
2201 5682 2413 5754 primo.

275 5764 410 5809 unus
436 5751 699 5811 Combef.
732 5758 790 5808 et
806 5751 903 5810 alii
934 5751 1190 5824 quatuor
1211 5768 1356 5810 mss.
1374 5751 1441 5808 in
1477 5753 1695 5827 quibus
1721 5756 1909 5812 omni-

4019 373 4021 404 Ι

4011 410 4016 430 .

4019 559 4025 596 ὲ

4025 645 4027 674 i

4027 716 4029 750 Ι

4027 757 4029 788 l

4035 1081 4037 1112 !

4029 1133 4037 1150 .
