4130 6210
244 341 358 414 ﬁt!

1076 347 1484 412 COMMENT.
1529 347 1606 408 ΙΝ
1656 347 1922 410 ISAIAM
1971 349 2474 413 PROPHETAM.
2520 353 2692 414 CAP.
2740 354 2790 415 Ι.

3520 357 3648 422 210

241 479 380 545 νοίας
411 479 684 557 λαθραίως
715 482 803 536 καὶ
841 477 1208 556 δυσφωράτως
1239 480 1352 553 (23)
1400 478 1856 556 παρακοπτόντων

1996 484 2147 553 quod
2183 484 2480 556 signatum
2538 489 2713 542 fuerit
2744 488 2816 543 ab
2847 487 3149 544 insidiosis
3181 488 3342 558 viris,
3384 493 3484 562 qui
3518 507 3633 565 pm

243 570 290 628 οῖ
313 572 380 626 τὰ
409 569 672 647 ἀλλότρια
699 570 1144 644 νομίσματα,τὴν
1175 573 1272 623 τοῦ
1301 567 1501 645 ἐχθροῦ
1545 570 1759 646 μορφὴν
1791 589 1880 624 πε-

245 662 532 739 ρικείμενα,
588 664 705 721 τοῖς
779 657 1088 735 βασιλικοῖς
1141 659 1437 732 θησαυροῖς
1489 657 1877 733 ἀπεισάγοντες,

240 751 322 806 τόν
375 770 434 804 τε
465 748 628 825 μεγαν
660 747 903 804 πλοῦτον
933 744 1258 822 διὲφθειραν,
1289 748 1379 801 καὶ
1409 741 1748 824 ιρμφιϐολίαν
1778 753 1878 816 τῆς

239 839 463 914 ἆκλογῆς
519 844 638 903 τοῖς
691 836 934 900 πολλοῖς
984 840 1096 910 (24)
1145 836 1482 908 ἐνεποίησαν.
1534 835 1740 912 Ὀλίγοι
1773 837 1877 912 γὰρ

239 930 286 985 οἱ
313 928 525 1002 δόκιμοι
554 933 893 1002 τραπεζῖται.
924 924 1134 1002 Ὁλίγοι
1166 929 1217 980 οἱ
1247 926 1416 982 πάντα
1447 924 1757 998 δοκιμάζειν
1793 923 1880 980 δυ-

241 1018 470 1090 νάμενοι,
520 1017 611 1071 καὶ
661 1017 729 1072 τὰ
780 1017 875 1089 μὶν
924 1014 1067 1070 καλᾶ
1111 1015 1386 1090 κατέχειν,
1429 1011 1622 1070 ἀπὸδὲ
1675 1014 1875 1075 παντὸς

239 1103 401 1168 εἴδους
432 1109 678 1180 πονηροῦ
712 1104 1028 1181 ἀπέχεσθαι.

302 1286 382 1340 48.
439 1283 508 1341 Οἱ
573 1281 822 1354 κάπηλοί
870 1303 966 1337 σου
1031 1278 1284 1358 μίσγουσι
1338 1281 1428 1336 τὸν
1487 1283 1624 1336 οἶνον
1695 1279 1868 1338 ὕδατι.

238 1373 508 1430 Ἀκούσατε
539 1371 633 1445 μὶν
680 1374 770 1426 καὶ
830 1371 997 1446 ψιλοῦ
1051 1375 1148 1426 τοῦ
1206 1369 1450 1446 ῥήματος
1507 1372 1642 1444 (25),
1701 1372 1752 1424 οἳ
1780 1371 1872 1424 τὸν

238 1461 362 1516 οἶνον
394 1458 726 1523 πωλοῦντες·
779 1461 872 1516 κρῖ
917 1461 992 1532 μὴ
1040 1456 1270 1514 δολοῦτε
1296 1461 1398 1528 τὴν
1426 1457 1622 1515 κτίσιν.
1655 1458 1732 1516 Ού
1763 1460 1869 1535 γὰρ

239 1547 412 1604 παιδιᾶ
434 1550 498 1605 τὸ
543 1553 788 1625 πρᾶγμα*
847 1547 993 1605 ἀλλὰ
1039 1549 1204 1604 κακὸν
1251 1549 1348 1616 τῆς
1400 1547 1662 1622 μεγίστης
1701 1568 1868 1618 κατη-

236 1638 402 1713 γορίας
443 1639 777 1710 ἡξιωμίνον.
828 1637 982 1706 Πλὴν
1031 1636 1158 1692 ἀλλ’
1219 1635 1306 1691 ἀπὶ
1357 1634 1450 1691 τὸν
1506 1637 1870 1709 πνευματικὸν

235 1725 340 1781 νοῦν
396 1728 424 1783 δ
477 1727 643 1802 λόγος
691 1726 978 1802 ἐπείγεται.
1037 1725 1201 1788 Οἴνός
1233 1725 1372 1781 ἔστιν
1405 1725 1702 1802 εὐφραίνων
1735 1747 1864 1801 καρ-

1991 590 2098 628 sua
2130 577 2277 630 417
2313 576 2536 630 astutia
2565 578 2815 631 latenter
2842 582 2898 631 et
2954 577 3206 650 quodam
3253 579 3499 636 artiﬁcio
3530 583 3626 637 de-

1988 663 2281 735 prehensa
2317 665 2516 719 difﬁcli
2544 683 2820 720 nummos
2852 666 3216 723 adulterinos
3233 668 3492 723 cudunt:
3526 671 3627 741 qui

1990 748 2178 804 aliena
2209 751 2567 806 numismata
2615 752 2837 806 inimici
2880 755 3125 807 formam
3160 755 3630 813 circumferentia

1987 839 2045 893 in
2083 840 2306 910 regales
2322 840 2628 896 thesauros
2661 844 3346 914 exportant,acingentes
3363 861 3626 900 corrum-

1987 934 2135 1000 punt
2165 929 2418 996 divitias,
2440 934 2497 983 et
2527 929 2586 984 in
2647 946 2824 984 causa
2847 935 2986 985 sunt
3013 948 3118 985 cur
3179 932 3344 986 multi
3379 933 3520 1004 quid
3553 925 3632 990 sit

1985 1016 2342 1088 eligendum,
2367 1019 2655 1074 dubitent.
2717 1021 2890 1074 Pauci
2924 1019 3080 1074 enim
3113 1020 3282 1092 probi
3309 1023 3621 1094 trapezita.

1987 1106 2154 1161 Pauci
2188 1113 2329 1162 sunt
2361 1108 2460 1178 qui
2481 1112 2692 1162 cuncta
2728 1109 2958 1178 possint
3003 1109 3323 1180 explorare,
3378 1112 3627 1169 retinere

1985 1195 2156 1262 bona,
2193 1200 2250 1250 et
2277 1197 2347 1250 ab
2380 1196 2537 1251 omni
2569 1199 2762 1268 specie
2795 1197 2949 1253 mala
2979 1198 3088 1252 sibi
3122 1202 3471 1269 temperare.

1999 1323 2006 1328 η
2053 1285 2141 1339 48.
2177 1285 2455 1356 Caupones
2483 1287 2572 1341 tui
2599 1287 2787 1341 vinum
2815 1303 2958 1358 aqua
2987 1289 3234 1343 miscent.
3269 1289 3480 1345 Audite
3518 1307 3626 1346 nu-

1982 1373 2114 1428 dam
2144 1373 2333 1444 ipsam
2367 1375 2673 1429 verborum
2707 1377 3058 1430 sententiam
3119 1393 3184 1430 ac
3210 1375 3490 1445 litteram,
3519 1378 3621 1449 qui

1977 1463 2229 1518 venditis
2259 1463 2482 1529 vinum,
2515 1467 2571 1518 et
2600 1480 2672 1518 ne
2702 1463 2831 1519 dolo
2853 1463 3004 1519 hanc
3024 1464 3242 1520 vitietis
3267 1469 3614 1523 creaturam.

1979 1555 2090 1607 Res
2111 1552 2267 1606 enim
2303 1551 2404 1605 illa
2427 1567 2540 1605 non
2564 1551 2741 1606 ludus
2773 1556 2882 1616 est,
2919 1553 3018 1606 sed
3055 1551 3276 1606 malum
3304 1555 3615 1624 reprehen-

1978 1640 2142 1695 sione
2168 1639 2422 1694 maxima
2451 1640 3007 1711 dignum.Caaterum
3039 1641 3339 1713 Scriptura
3364 1659 3470 1697 nos
3490 1659 3618 1714 pro-

1978 1733 2170 1782 movet
2198 1731 2265 1783 ad
2295 1728 2618 1800 spiritalem
2664 1744 2928 1784 sensum.
2963 1730 3065 1784 Est
3092 1729 3292 1784 vinum
3317 1729 3617 1786 lmtiﬂcans

235 1813 338 1871 δίαν
391 1815 704 1893 ἀνθρώπου,
756 1817 1002 1870 τουτέστι
1055 1816 1146 1870 τὸν
1173 1818 1300 1870 νοῦν
1329 1815 1420 1870 καὶ
1448 1816 1511 1870 τὸ
1541 1815 1856 1889 ἡγεμονικὸκ

1976 1833 2076 1872 cor
2095 1817 2350 1872 hominis
2377 1818 2442 1886 ³¹,
2474 1817 2530 1871 id
2565 1822 2673 1882 est,
2709 1822 3054 1888 mentem,et
3084 1817 3464 1890 principalem
3493 1819 3617 1875 ani-

231 1911 318 1973 τῆς
345 1907 547 1981 ψυχῆς,
579 1905 650 1960 τᾶ
680 1901 986 1980 διδάγματα
1007 1907 1114 1959 τῶν
1154 1908 1406 1981 Γραφῶν,
1437 1901 1526 1958 διὰ
1553 1902 1663 1958 τῶΛ
1692 1904 1856 1978 ἁγίων

1975 1924 2080 1962 mea
2112 1911 2358 1978 partem,
2384 1923 2516 1961 cum
2551 1907 2775 1962 scilicet
2807 1923 2909 1977 per
2938 1913 3170 1962 sanctos
3227 1908 3523 1979 apostolos
3562 1913 3618 1966 et

234 1992 533 2048 ἀποστόλων
590 1993 682 2048 καὶ
738 1996 1037 2070 προφητῶν
1094 1991 1173 2057 εἷς
1238 1993 1569 2071 εὐφροσύνην
1642 1992 1860 2048 αἰώνιον

234 2081 594 2158 οἱνοχοοῦντος
646 2083 783 2154 ἡμῖν
835 2082 933 2137 τοῦ
985 2081 1321 2154 Πνεύματος.
1362 2084 1536 2156 "Amp
1570 2083 1622 2136 οἱ
1653 2080 1858 2138 πολλοὶ

230 2170 631 2241 καπηλεύοντες,
661 2171 754 2226 τὸν
785 2169 949 2247 λόγον
995 2168 1336 2247 ἰξυδαροῦσιν
1371 2173 1506 2246 (26),
1539 2169 1859 2247 ἰπιμιγνύν-

229 2279 302 2320 τες
321 2261 407 2315 τὸν
438 2260 643 2314 ἑαυτῶν
674 2262 797 2314 νοῦν
831 2253 1148 2321 ἐπιϐλαῦῶς
1202 2264 1321 2321 τοῖς
1350 2259 1629 2314 ἀκούουσι.
1683 2261 1857 2316 Κατα-

231 2348 558 2423 χαριζόμενοι
613 2349 720 2424 γὰρ
769 2347 944 2403 αὐτῶν
1001 2352 1122 2412 ταῖς
1172 2345 1420 2417 ἡδοναῖς,
1478 2349 1568 2403 καὶ
1617 2345 1705 2402 διὰ
1755 2354 1856 2417 τῆς

229 2434 613 2512 χρηστολογίας
669 2435 1080 2506 κολοκεύοντες,
1141 2437 1317 2492 αὐτῶν
1357 2438 1422 2491 τὰ
1451 2439 1596 2505 πάθη
1629 2438 1855 2514 τρεφου-

234 2545 301 2579 σιν
329 2524 399 2588 είς
428 2525 728 2582 ἀπώλειαν⁶
761 2527 823 2581 τὸ
883 2526 1153 2601 αὐστηρὸν
1204 2525 1294 2580 καὶ
1326 2522 1536 2581 ε’ύτονον
1563 2526 1654 2580 καὶ
1711 2525 1852 2604 ὠφε-

233 2610 394 2686 λίμως
449 2614 746 2694 ἐπιστῦφον
801 2619 910 2670 τῶν
968 2619 1190 2692 Γραφῶν
1247 2614 1627 2684 ὖπεκλύοντες,
1672 2615 1859 2693 φιλαν-

235 2703 448 2776 θρωπίας
503 2703 657 2766 τινὰς
715 2700 1094 2775 ἀπαιδεύτους,
1143 2705 1232 2758 καὶ
1271 2705 1646 2780 συγχωρήσαις
1677 2705 1854 2776 ἁμαρ-

233 2793 466 2865 τημάτων
525 2791 787 2869 ἀκρίτους
823 2839 838 2862 ,
895 2791 984 2846 καὶ
1031 2794 1256 2848 τοιαῦτά
1313 2813 1434 2848 τινα
1488 2793 1858 2868 κεχαρισμένα

237 2884 334 2943 τοῖς
383 2879 620 2944 πολλοῖς
677 2880 766 2935 ἐπὶ
807 2884 1156 2958 καταστροφῇ
1187 2885 1292 2935 τῶν
1327 2879 1633 2936 ἀκουόντων
1664 2877 1859 2951 δεξιόν-

232 2988 325 3040 τες,
379 2969 462 3025 ἀπὶ
508 2970 710 3026 πλεῖον
765 2974 875 3026 τῶν
928 2967 1238 3048 φιληδόνων
1295 2971 1392 3034 τὰς
1420 2971 1601 3044 ψυχὰς
1630 2969 1860 3040 ἐκθηλύ-

234 3077 411 3116 νουσιν.

292 3324 370 3380 δ9.
425 3326 488 3380 οἱ
543 3322 812 3400 ἄρχοντίς
874 3345 968 3380 σου
1027 3325 1358 3383 ἀπειθοῦσιν.
1417 3327 1608 3399 Ἡμεῖς
1653 3328 1704 3382 οἱ
1759 3325 1851 3382 κά-

230 3410 402 3487 πηλοι,
432 3415 594 3488 ἡμεῖς
774 3414 866 3468 γαὶ
915 3415 966 3469 οἱ
998 3413 1280 3491 ἄρχοντες,
1315 3417 1366 3470 οἱ
1400 3413 1490 3471 διὰ
1516 3417 1579 3471 τὸ
1611 3417 1847 3480 ἀπειθεῖν

223 3499 300 3555 καὶ
330 3503 401 3574 μὴ
449 3502 720 3558 πιστεύειν
780 3507 990 3579 πρῶτοι
1045 3502 1326 3566 ποιοῦντες
1374 3505 1472 3567 τὰς
1514 3504 1704 3568 πόλεις
1756 3506 1850 3566 τὰς

226 3590 395 3654 πιστὰς
453 3590 812 3665 μεταπίπτειν
871 3591 949 3656 εἰς
1004 3593 1098 3655 τὰς
1146 3593 1419 3670 πορνείας,
1478 3595 1620 3670 Πρὸς
1652 3595 1755 3670 γὰρ
1787 3595 1849 3649 τὸ

227 3682 318 3734 τῶν
361 3681 704 3755 κρατούντων
763 3680 896 3750 ἦθος
953 3681 1284 3748 πλάττεσθαι
1335 3682 1592 3761 πέφυκεν,
1653 3684 1729 3746 ὡς
1783 3684 1851 3737 τὰ

227 3766 407 3838 πολλὶ,
459 3771 524 3826 τὸ
557 3770 893 3847 ἀρχόμενονο
927 3768 1066 3826 ὥστε
1094 3771 1277 3826 ὁποῖοί
1305 3773 1426 3826 ποτ’
1456 3773 1516 3827 ἂν
1550 3774 1603 3828 οἱ
1633 3773 1848 3847 ἄγοντες

231 3857 335 3928 ὦσι,
409 3865 662 3915 τοιοῦτον
747 3859 952 3936 ἀνάγκη
1035 3859 1125 3915 καὶ
1208 3860 1270 3916 τὸ
1354 3861 1618 3936 ἀγόμενον
1694 3862 1847 3919 εἶναι.

229 3944 424 4016 Ἔπειδῆ
608 3949 703 4003 οῦν
735 3969 868 4004 ποτε
895 3954 994 4019 τῆς
1028 3953 1225 4015 πιστῆς
1255 3948 1474 4012 πόλεως
1507 3952 1558 4005 οἱ
1590 3947 1850 4026 ἄρχοντες

226 4035 340 4102 ἦσαν
393 4037 763 4109 ἀπειθοῦντες,
823 4038 1307 4112 συνεξομοιωθεῖσα
1352 4037 1537 4101 αὐτοῖς
1567 4040 1655 4094 καὶ
1686 4041 1720 4110 ἠ
1749 4040 1850 4095 πό-

225 4121 317 4192 λις,
369 4126 680 4202 ἀποθεμένη
739 4127 802 4182 τὸ
861 4127 990 4182 εἶναι
1047 4129 1237 4197 πιστὴ,
1301 4129 1582 4201 μετέπεσεν
1617 4129 1691 4192 είς
1721 4151 1850 4206 πορ-

222 4212 364 4271 νείαν.
411 4217 505 4287 Μὴ
563 4216 855 4292 γενώμεθα
909 4215 1000 4272 καὶ
1059 4219 1169 4290 (29)
1224 4218 1391 4291 ἡμεῖς
1456 4219 1715 4288 ἀπειθεῖς,
1759 4219 1847 4274 καὶ

227 4299 418 4358 ἀπιστία
477 4306 648 4379 ἡμῶν
714 4304 775 4359 ού
857 4304 1146 4382 κυριεύσει.
1225 4307 1292 4363 Οἱ
1366 4306 1627 4383 ἄρχοντες
1697 4308 1846 4382 ὑμῶν

224 4387 495 4448 ἀπειθοῦσι.
579 4391 859 4464 Δηλονότι
936 4399 1052 4466 Θεῷ
1121 4396 1456 4464 ἀπειθοῦσιν,
1514 4394 1846 4462 ἐκκλίνοντες

226 4476 300 4530 ἀπ’
351 4480 534 4551 σύτοῦ,
589 4482 687 4538 καὶ
744 4487 862 4546 τοῖς
919 4479 1358 4556 διατεταγμένοις
1420 4485 1510 4539 ὑπ’
1554 4485 1717 4541 αὐτοῦ
1771 4488 1845 4560 μή

1970 1996 2287 2069 prOphetas
2313 1997 2750 2067 Scripturarum
2783 1997 3268 2064 documenta,ceu
3293 1996 3517 2068 vinum,
3543 2000 3616 2055 ad

1970 2083 2686 2154 mternamjucunditatem
2717 2083 3154 2155 percipiendam
3173 2084 3344 2140 nobis
3365 2086 3617 2157 Spiritus

1969 2171 2246 2228 infundit.
2267 2173 2400 2237 Quae
2431 2171 2572 2225 dum
2605 2176 3012 2242 cauponantur
3036 2171 3228 2239 multi,
3259 2173 3616 2244 Scripturam

1966 2277 2250 2333 aquosam
2274 2262 2527 2315 reddunt
2555 2261 3079 2328 acdilutam,suam
3113 2261 3611 2332 ipsorumiutelli4

1966 2351 2226 2423 gentiam
2259 2350 2328 2421 ad
2363 2349 2695 2404 auditorum
2721 2349 3612 2420 perniciemimmiscentes.Ete-

1966 2439 2111 2506 nim,
2145 2439 2286 2493 dum
2325 2453 2524 2492 eorum
2559 2439 2968 2508 obsequuntur
2987 2437 3614 2510 voluptatibus,scpe'r

1965 2527 2534 2600 blandiloquentiam
2582 2530 2976 2595 assentantur,
3025 2527 3263 2583 illorum
3321 2527 3465 2583 vitia
3505 2545 3610 2582 nu-

1965 2616 2154 2672 triunt
2184 2617 2256 2672 ad
2291 2617 2553 2689 ipsorum
2587 2615 2870 2673 exitium:
2919 2616 3211 2690 siquidem
3241 2616 3610 2672 severitatem

1964 2705 2342 2778 vigoremque
2362 2709 2418 2761 et
2442 2705 2667 2760 frenum
2698 2705 3133 2777 Scripturarum
3154 2704 3374 2760 utiliter’
3391 2705 3608 2760 astrin-

1965 2809 2108 2866 gens
2130 2797 2461 2862 enervante,
2496 2797 2552 2848 ct
2607 2793 2940 2864 imperitam
2973 2794 3287 2865 quamdam
3337 2809 3474 2866 erga
3503 2793 3606 2849 ho-

1967 2882 2155 2938 mines
2187 2882 2637 2954 benignitatem,
2670 2887 2726 2937 et
2753 2882 2985 2937 veniam
3040 2887 3411 2954 peccatorum
3445 2877 3606 2937 nullo

1967 2971 2228 3026 adhibito
2249 2970 2467 3041 judicio
2499 2985 2859 3033 concessam.
2892 2974 2947 3025 et
2975 2970 3090 3025 alia
3121 2971 3178 3025 id
3210 2985 3398 3042 genus
3428 2965 3607 3025 bene-

1967 3059 2099 3116 ficia
2131 3059 2332 3116 multis
2364 3058 2576 3115 collata
2605 3057 2675 3114 ad
2689 3059 3055 3115 audientium
3070 3059 3303 3115 ruinam
3322 3073 3608 3131 exponen-

1964 3149 2540 3222 tes,voluptariorum
2575 3148 2839 3204 animum
2853 3150 3042 3222 magis
3073 3167 3139 3205 ac
3169 3149 3356 3222 magis
3387 3145 3609 3206 effemi-

1884 3215 1928 3281 C
1969 3215 2130 3294 nant.

2033 3327 2119 3383 49.
2153 3328 2326 3384 Vens.
2359 3328 2450 3382 23.
2482 3328 2771 3399 Principes
2800 3328 2886 3383 tui
2927 3326 3191 3398 inﬁdeles.
3215 3326 3333 3381 Nos
3363 3325 3422 3381 hi
3465 3342 3603 3382 cau-

1960 3434 2164 3489 pones,
2198 3434 2305 3473 nos
2336 3422 2394 3472 et
2423 3417 2481 3472 hi
2515 3416 2808 3488 principes
2840 3432 3075 3484 sumus,
3122 3415 3220 3487 qui
3254 3415 3479 3486 priores
3529 3415 3602 3471 ob

1958 3507 2360 3562 infidelitatem
2383 3505 3038 3577 incredulitatemquein
3054 3510 3322 3578 stuprum
3339 3505 3602 3562 civitates

1960 3593 2160 3650 fideles
2190 3592 2888 3664 impellimus.Enimvero
2918 3591 3166 3663 subjecti
3196 3593 3265 3647 ad
3291 3606 3484 3646 mores
3509 3607 3599 3646 eo-

1961 3700 2092 3738 rum
2125 3683 2226 3754 qui
2253 3697 2449 3736 rerum
2483 3680 2806 3752 potiuntur,
2832 3679 3153 3752 plurimum
3187 3697 3316 3736 sese
3365 3681 3596 3738 confor-

1961 3787 2122 3828 mare
2153 3770 2343 3827 solent
2365 3788 2377 3824 :
2399 3769 2483 3824 ita
2515 3773 2578 3823 ut
2609 3768 2812 3840 quales
2847 3769 3084 3824 tandem
3145 3771 3360 3826 fuerint
3396 3771 3597 3831 duces,

1960 3879 2093 3918 eum
2123 3861 2298 3916 etiam
2332 3861 2430 3931 qui
2455 3859 2893 3926 ducitur,talem
2916 3875 3046 3914 esse
3075 3876 3311 3916 necesse
3341 3860 3598 3924 δὴ.οιιο-

1962 3953 2118 4008 niam
2149 3950 2328 4022 igitur
2357 3947 2612 4004 civitatis
2647 3948 2835 4003 fidelis
2856 3949 3148 4020 principes
3205 3954 3372 4005 erant
3418 3964 3603 4019 quan-

1959 4043 2149 4112 doque
2181 4038 2470 4100 inﬁdeles,
2495 4039 2624 4108 ipsa
2669 4039 2845 4091 etiam
2879 4037 3082 4091 civitas
3115 4037 3205 4091 his
3248 4035 3598 4105 assimilata,

1961 4132 2303 4189 fidelitatem
2327 4146 2565 4195 exuens,
2617 4129 2672 4182 in
2707 4133 2977 4199 stuprum
3008 4127 3233 4182 incidit.
3269 4129 3348 4186 Ne
3379 4126 3594 4182 efficia-

1960 4240 2096 4278 mur
2127 4238 2232 4276 nos
2264 4235 2496 4292 quoque
2529 4218 3007 4288 inobsequentes,
3040 4221 3096 4270 et
3145 4218 3200 4273 in
3235 4217 3408 4272 nobis
3439 4217 3595 4272 haud

1960 4309 2365 4368 dominabitur
2395 4307 2656 4378 perfidia.
2694 4306 2976 4375 Principes
3006 4305 3171 4359 vestri
3189 4321 3299 4360 non
3320 4304 3593 4375 obtempe-

1959 4403 2106 4456 rant.
2133 4397 2422 4452 Nimirum
2458 4411 2570 4449 non
2606 4393 2886 4448 obediunt
2909 4393 3045 4455 Deo,
3105 4393 3481 4449 deﬂectentes
3525 4394 3597 4449 ab

1959 4489 2107 4560 ipso,
2141 4491 2196 4542 et
2222 4486 2278 4540 in
2315 4483 2617 4555 przeceptis
2641 4483 2769 4553 ejus
2823 4499 2933 4536 non
2972 4485 3400 4554 permanentes.
3423 4483 3597 4537 Porro

227 4565 537 4639 ιμμὲνοντες.
600 4573 691 4628 Ἐν
755 4569 812 4626 δὲ
859 4577 980 4634 τοῖς
1030 4574 1436 4648 προστάγμασιν
1487 4573 1552 4643 ἦν
1587 4578 1696 4648 (30)
1752 4577 1848 4640 τὰς

1983 4583 2106 4632 nter
2130 4592 2196 4630 ea
2228 4579 2515 4646 praecepta
2547 4571 2689 4626 illud
2726 4575 2869 4638 erat,
2901 4575 2965 4625 ut
2997 4587 3209 4626 manus
3257 4586 3396 4626 suas
3428 4573 3597 4625 excu-

226 4661 390 4729 χεῖρας
447 4659 790 4715 ἀποσείεσθαι
823 4660 928 4715 ἀπὸ
989 4658 1203 4735 δώρων,
1267 4663 1341 4734 μὴ
1393 4662 1701 4738 συντρέχειν
1732 4670 1850 4726 τοῖς

225 4745 542 4803 κλεπτουσιν·
600 4751 655 4804 οἱ
711 4745 770 4804 δὶ
821 4749 924 4805 ὑπὸ
949 4749 1330 4827 φιλαργυρίας,
1365 4750 1597 4829 αἰσχροῦ
1625 4750 1847 4829 κέρδους

224 4830 383 4906 χάριν,
416 4837 676 4893 κοινωνοὶ
710 4853 958 4894 κΑεπτων
990 4838 1260 4914 ίγίνοντο.

282 4957 320 4996 ³¹
347 4959 491 5019 Psal.
525 4979 650 5037 cm,
685 4963 775 5020 15.

283 5081 383 5153 (23)
411 5085 858 5167 UterqueColb.
891 5091 948 5143 et
978 5087 1118 5160 Reg.
1180 5089 1500 5167 secundus,
1561 5087 1840 5167 δυσφορω-

222 5148 390 5233 τάτρς.
431 5148 652 5233 lbidém
678 5163 800 5233 tres
831 5175 997 5225 mss.,
1035 5148 1515 5233 προσκοπτόντων.

413 5231 652 5305 Codices
678 5231 916 5301 aliquot,
932 5235 1057 5305 sok
1081 5226 1339 5305 πολλοῖς.
1405 5234 1579 5305 Deest
1645 5237 1758 5293 τοῖς
1784 5234 1842 5288 in

229 5294 394 5380 editis.
419 5301 579 5380 Quod
612 5294 1062 5380 mox_sequ_itur.
1118 5299 1298 5380 ὀλίγοι
1358 5304 1482 5379 γάρ,
1541 5310 1677 5373 etc.,
1709 5305 1844 5360 illu-

230 5369 424 5424 stratur
451 5374 508 5427 in
539 5375 701 5430 notis
744 5369 956 5429 DucEei.

285 5439 386 5520 (βξ)
416 5443 562 5499 Editi
596 5451 657 5500 et
686 5461 830 5520 mss.
889 5443 1212 5520 nonnullik
1246 5448 1342 5520 τοῦ
1402 5443 1467 5520 ῥή
1479 5465 1669 5518 ματος.
1730 5446 1841 5520 Alii

230 5510 440 5596 quidam
474 5533 644 5586 mss.,
669 5515 762 5570 τοῦ
790 5510 1338 5592 ῥητοῦξΜοκΟοιὺ.
1371 5510 1686 5588 secundus,
1743 5519 1843 5586 τὴν

232 5596 394 5646 κτησιν
403 5625 416 5640 .

293 5653 390 5724 (26)
419 5656 504 5714 Ita
522 5663 768 5731 uterque
809 5657 1070 5718 Combef.
1129 5661 1187 5718 et
1232 5658 1331 5716 alii
1388 5666 1642 5733 quatuor
1699 5677 1842 5718 mss.

1960 4669 2148 4722 terent
2180 4660 2604 4728 amuncribus,
2629 4676 2698 4713 ne
2731 4677 2846 4714 una
2878 4676 3012 4714 cum
3069 4658 3298 4713 furibus
3330 4673 3599 4712 accurre-

1960 4757 2090 4810 rent
2123 4770 2134 4808 :
2161 4751 2219 4807 hi
2249 4767 2384 4805 vero
2417 4749 2489 4804 ob
2523 4747 2848 4814 avaritiam,
2881 4747 3070 4820 turpis
3103 4746 3250 4802 lucri
3281 4746 3490 4818 gratia,
3522 4748 3600 4802 fa-

1957 4844 2034 4899 cti
2065 4845 2207 4898 sunt
2237 4841 2430 4895 furum
2463 4836 2793 4910 participes.

1954 5089 2107 5147 Editi
2136 5104 2292 5152 vero,
2323 5082 2717 5160 ἐξυδραγοῦσιν.

2023 5162 2133 5229 (27)
2164 5153 2416 5230 Uterque
2448 5153 2621 5213 'Colh.
2654 5161 2713 5211 et
2772 5155 2910 5230 Reg.
2957 5153 3277 5219 secundus,
3330 5153 3487 5225 ὑμεῖς
3546 5153 3597 5230 οἱ

1952 5227 2217 5299 κάπηλοι,
2253 5227 2429 5301 ὑμέῑς,
2464 5234 2574 5301 etc,
2633 5230 2728 5301 Vcs
2785 5229 2914 5301 estis
2969 5241 3262 5301 caupones.
3323 5241 3415 5301 vos
3470 5227 3598 5301 estis

1953 5297 2161 5377 quoque
2188 5297 2486 5377 principes:
2521 5299 2737 5377 Yocnla
2758 5298 2844 5377 καί
2880 5301 3042 5353 deest
3100 5298 3158 5352 in
3217 5297 3590 5368 pervulgatis.

2026 5367 2828 5449 (ΞΒ)Ψιθνςιυξοοιιξ-νὲπεὲτ.
2935 5444 2944 5449 ,
3045 5439 3110 5449 ,.

2024 5436 2134 5518 (29)
2167 5436 2457 5501 Particula
2486 5442 2572 5496 καί
2603 5436 2682 5518 :_ib_
2695 5441 2867 5518 editis
2897 5444 2953 5496 et
2982 5458 3016 5496 a
3041 5439 3230 5494 tribus
3261 5436 3591 5493 mss.abest:

1953 5515 2152 5594 sede;
2173 5518 2317 5594 aliis
2347 5517 2535 5594 tribus
2554 5515 2752 5594 addita
2772 5517 2898 5594 est."
2956 5589 2965 5594 _
2997 5583 3006 5593 ι
3244 5584 3253 5594 ,
3299 5580 3308 5591 ,

2025 5591 2136 5661 (30)
2167 5590 2262 5646 Sic
2291 5589 2628 5661 inutroqqe
2656 5586 2971 5642 Combet‘.et
2994 5583 3051 5638 in
3081 5580 3214 5639 aliis
3239 5579 3427 5635 tribus
3444 5593 3589 5633 mas.

1952 5655 2186 5736 legitur.
2219 5660 2391 5729 Editi,
2423 5655 2653 5726 δὲονῆν.
