4130 6210
396 310 510 372 2H

1335 297 1732 362 APPENDIX
1778 292 2104 358 OPEBUM
2150 292 2214 352 Β.
2261 288 2547 351 BASILII
2594 288 2867 351 MAGNI.

3691 294 3810 356 212

470 442 560 496 50.
593 439 756 495 Haud
782 437 954 510 plane
1006 435 1166 492 fures
1224 431 1614 504 intelligendi,
1677 430 1774 501 qui
1824 443 2046 482 marsu-

2228 423 2317 476 50.
2353 420 2431 476 Οὐ
2491 419 2705 481 πάντως
2737 417 2975 482 κλέπτας
3027 419 3248 491 νοητέον
3289 422 3415 484 τοὺς
3453 421 3808 498 βαλαντιοτό-

405 530 502 603 pia
529 527 1014 596 exscindunt,aut
1035 525 1136 596 qui
1166 524 1226 578 in
1260 521 1488 577 balneis
1516 524 1708 574 vestes
1747 519 2045 582 furantur;

407 619 508 675 sed
539 616 733 690 potius
763 615 813 671 si
845 615 943 686 qui
963 629 1096 670 cum
1127 610 1382 684 praefecti
1431 608 1647 664 fuerint
1676 605 2047 670 exercitibus,

408 706 495 764 vel
526 722 656 761 cum
681 705 742 759 in
773 704 1039 759 civitates
1070 717 1136 756 ac
1168 700 1436 755 nationes
1467 696 1806 767 usurparint
1836 691 2049 765 princi-

2161 530 2296 581 μους
2354 508 2599 577 τούτους,
2659 508 2694 577 ἢ
2736 508 2786 562 έν
2836 514 2953 571 τοῖς
3013 508 3273 584 λουτροῖς
3336 509 3809 575 λωποδυτοῦντας·

2159 595 2304 653 ἀλλά
2345 596 2441 652 κᾶν
2499 618 2638 658 τινες
2690 595 3065 672 στρατοπέδων
3119 598 3416 674 ἡγεμονίαν
3451 604 3564 674 (31)
3592 623 3810 657 πιστευ-

2161 689 2363 753 θέντες,
2411 687 2446 754 ἢ
2501 685 2716 740 πόλεων
2773 686 2862 740 καὶ
2919 687 3082 741 ἐθνῶν
3143 687 3319 763 ἀρχάς
3345 686 3813 763 παραλαμϐάνον-

409 799 629 868 patum,
659 793 774 848 alia
794 792 1031 863 quidem
1055 787 1389 844 clanculum
1414 785 1756 856 surripiant,
1786 783 1898 838 alia
1918 797 2052 836 vero

2179 795 2264 842 τες,
2325 776 2392 829 τά
2449 775 2542 847 μὶν
2600 775 2773 868 λάθλρα
2805 776 3159 852 ὑφαιρῶνται,
3216 777 3284 830 τά
3334 774 3391 831 δὲ
3420 775 3664 850 δημοσίᾳ
3697 779 3816 854 βιά-

407 883 464 938 vi
497 886 700 956 aperta
727 879 1078 952 publiceque
1109 876 1381 947 eripiant,
1439 875 1477 928 ii
1531 876 1688 929 fures
1719 877 1876 926 sunt.
1909 871 2051 926 Cum

408 976 603 1027 autem
632 970 680 1024 is
713 970 810 1040 qui
841 969 1093 1023 habetur
1139 963 1406 1020 Ecclesiae
1457 979 1690 1034 praises,
1754 977 1787 1016 a
1833 959 2053 1015 talibus

409 1060 631 1131 aliquid
649 1056 1006 1129 accipit,sive
1035 1055 1104 1110 ad
1141 1069 1280 1109 suos
1312 1051 1568 1123 privatos
1601 1067 1742 1105 usus
1791 1065 1893 1120 per
1922 1063 2054 1118 spe-

409 1150 557 1204 ciem
590 1145 832 1201 honoris
863 1145 936 1199 ad
969 1160 1030 1199 se
1060 1143 1134 1198 ob
1158 1141 1558 1214 praefecturam
1593 1137 1745 1192 418
1767 1137 2058 1208 pertinen-

407 1237 508 1305 tis,
538 1234 659 1290 sive
680 1233 917 1289 nomine
943 1237 1120 1302 atque
1143 1228 1518 1284 simulatione
1550 1243 1744 1282 rerum
1773 1226 1831 1279 in
1867 1222 2058 1279 Eccle-

412 1325 500 1381 sia
525 1323 883 1396 pauperibus
913 1317 1623 1382 distribuendarum,furli
1645 1315 1896 1370 efﬁcitur
1927 1329 2056 1382 par—

414 1413 623 1483 ticeps.
656 1410 948 1465 Nimirum
981 1423 1112 1464 cum
1147 1408 1304 1461 fures
1326 1420 1662 1476 coarguere,
1722 1403 2056 1466 admonere,

415 1504 476 1556 et
503 1501 576 1556 ab
609 1514 676 1554 ea
697 1497 1006 1569 iniquitate
1037 1511 1277 1550 avocare
1305 1493 1635 1559 debuisset;
1668 1493 1794 1563 ipse
1823 1505 2058 1546 manum

416 1587 664 1660 porrigit
692 1586 860 1641 facile
889 1585 958 1640 ad
993 1587 1323 1650 munera,et
1354 1597 1486 1638 eum
1548 1582 1744 1652 ipsum
1786 1579 2063 1652 praedicat

419 1676 861 1746 beatum,quem
882 1673 1073 1744 magis
1087 1676 1424 1744 oportuerat
1441 1686 1506 1725 eo
1521 1669 1708 1740 magis
1725 1668 2060 1737 odisse,quo

417 1764 640 1834 majora
670 1762 918 1816 furatur.
943 1761 1062 1815 Imo
1101 1760 1228 1830 ipse
1285 1757 1454 1812 illum
1494 1755 1716 1826 laudat,
1749 1755 2063 1811 comitatur
2094 1781 2140 1845 Β

419 1850 789 1920 deducitque,
823 1853 880 1905 et
911 1849 983 1904 ad
1018 1849 1170 1904 fores
1225 1863 1466 1903 versans
1522 1863 1620 1901 eas
1677 1845 2066 1917 apprehendit

418 1955 653 2005 manus,
687 1937 903 2009 quibus
935 1935 1205 1992 similiter
1234 1935 1384 1990 clam
1419 1939 1476 1991 et
1518 1933 1749 2006 publice
1797 1935 2066 2002 surrepta

419 2030 560 2082 sunt
588 2025 808 2081 omnia.
842 2025 1019 2080 Plane
1048 2025 1097 2080 si
1122 2024 1243 2078 haec
1268 2023 1621 2094 peragimus,
1666 2021 1808 2077 socii
1866 2023 2063 2075 furum

417 2115 813 2170 nominamur.
875 2116 1225 2185 Quanquam
1285 2128 1522 2167 necesse
1587 2115 1678 2166 est
1725 2128 1830 2165 nos
1881 2110 2064 2164 totius

417 2203 645 2273 mundi,
676 2202 986 2275 ipsiusque
1018 2203 1205 2256 fastus
1245 2199 1703 2271 inaequalitatem
1730 2203 2060 2270 proterere:

418 2308 555 2348 cum
576 2297 774 2347 tamen
804 2291 864 2344 in
894 2289 1293 2345 tribunalibus
1325 2303 1530 2358 parvos
1563 2288 1720 2342 fures
1759 2303 1793 2341 a
1832 2285 2064 2356 magnis

419 2380 660 2452 punitos
687 2375 1241 2444 videmus,famulos
1272 2375 1505 2446 quidem
1527 2375 1660 2429 odio
1685 2374 1972 2430 habemus
1991 2371 2062 2426 ob

424 2469 718 2539 ejusmodi
743 2469 922 2534 furta,
957 2467 1069 2523 hos
1097 2483 1234 2522 vero
1265 2464 1796 2521 admiramur.lllos
1827 2465 2064 2534 quidem

423 2557 562 2630 quia
593 2558 748 2613 fures
779 2561 1318 2624 sunt,aversamur:
1352 2554 1459 2610 hos
1489 2553 1788 2624 vero,quia
1804 2567 1874 2607 ex
1895 2553 2066 2608 furtis

421 2649 742 2717 congerunt
784 2644 1044 2712 divitias,
1101 2642 1336 2698 attoniti
1368 2641 1748 2712 suspicimus.
1800 2641 2066 2704 Quanam

422 2733 538 2790 alia
559 2750 741 2790 causa
769 2736 1172 2805 coarguuntur
1199 2731 1494 2803 principes
1515 2730 1544 2785 ?

489 2825 582 2880 51.
615 2825 913 2895 Diligentu
940 2820 1480 2893 munera.Apposite
1511 2821 2065 2877 admodumdictum

421 2919 510 2970 est
542 2914 880 2983 :Diligentes
943 2928 1217 2968 munera:
1266 2928 1381 2967 non
1433 2916 1653 2978 autem,
1703 2909 2070 2982 Accipientes

423 3020 690 3060 munera.
723 3003 812 3058 Sic
834 3003 988 3059 enim
1022 3018 1149 3074 qua
1179 3017 1248 3056 ex
1277 2999 1454 3056 officii
1481 3000 1705 3055 ratione
1734 2999 1793 3054 in
1825 3000 1954 3054 vitis
1976 3017 2070 3055 so-

423 3092 632 3147 cietate
660 3091 1024 3154 tribuuntur,
1076 3090 1325 3144 fuissent
1353 3089 1703 3159 vituperata.
1738 3088 1872 3153 Sed,
1931 3089 2069 3142 Dili-

423 3183 608 3249 gente:
635 3193 890 3246 munera,
925 3178 1031 3233 hoc
1060 3181 1172 3242 est,
1203 3177 1522 3247 accipiendi
1567 3175 1891 3246 cupiditate
1922 3176 2069 3230 inla-

431 3266 757 3322 bescentes.
789 3269 1200 3336 Coarguuntur
1230 3269 1426 3319 autem
1459 3263 1774 3336 principes,
1808 3265 1964 3334 quod
1989 3264 2072 3318 di-

428 3353 737 3410 lectionem
769 3357 1033 3408 sanctam
1067 3353 1378 3406 effundunt
1406 3352 1560 3407 circa
1588 3351 1710 3406 haec
1741 3352 1987 3406 evanida
2015 3356 2075 3407 et

430 3441 1054 3514 terrestria_Siquidem
1066 3440 1381 3495 Dominum
1397 3441 1578 3495 Deum
1592 3439 1929 3510 oportetdili
1938 3456 2073 3511 gere

433 3547 501 3587 ea
523 3534 650 3585 tota
675 3528 909 3595 virtute,
931 3544 1060 3599 quin
1080 3527 1249 3583 nobis
1283 3529 1433 3583 inest
1461 3528 1530 3582 ad
1555 3527 1941 3600 diligendum.
1976 3528 2072 3582 Di-

433 3617 707 3689 ligendus
729 3617 972 3688 insuper
990 3615 1293 3687 proximus
1317 3632 1329 3671 :
1356 3621 1494 3670 sunt
1523 3632 1754 3687 quoque
1772 3623 1829 3671 et
1849 3617 2073 3672 inimici

432 3705 810 3778 diligendi,ut
830 3703 1018 3760 simus
1049 3705 1312 3776 perlecti,
1331 3705 1636 3760 imitantes
1651 3706 2072 3774 benignitatem

429 3794 617 3852 Patris
648 3795 856 3861 nostri,
898 3793 999 3865 qui
1055 3793 1114 3848 in
1147 3793 1308 3848 caelis
1355 3799 1472 3860 est;
1531 3795 1631 3865 qui
1685 3794 1862 3850 solem
1897 3811 2071 3850 suum

425 3884 567 3942 oriri
593 3883 730 3939 facit
781 3899 958 3954 super
987 3884 1172 3939 bonos
1193 3886 1250 3939 et
1276 3883 1460 3938 malos
1481 3883 1544 3936 ⁸².
1577 3887 1754 3939 Porro
1801 3883 1964 3939 nefas
1987 3888 2076 3939 est

423 3976 482 4030 in
515 3973 632 4029 alia
651 3989 956 4045 perperam
983 3988 1331 4028 consumere
1360 3973 1476 4027 vim
1509 3972 1990 4043 diligendi.Quod
2025 3972 2074 4027 si

426 4064 653 4121 malum
682 4069 792 4134 est,
815 4068 1021 4134 prater
1049 4079 1116 4118 ea
1146 4079 1273 4134 quin
1307 4067 1629 4117 memorata
1654 4067 1815 4129 sunt,
1835 4062 2075 4131 diligere

427 4152 586 4207 aliud
618 4151 888 4223 quidvis:
924 4150 1025 4220 qui
1057 4154 1367 4220 argentum
1419 4149 1620 4204 eodem
1655 4149 1828 4202 modo
1861 4147 2074 4216 diligit,

429 4258 544 4312 quo
572 4240 882 4295 Dominum
922 4240 1106 4294 Deum
1157 4239 1398 4308 diligere
1454 4238 1646 4303 debet,
1695 4237 1974 4292 nimirum
2009 4253 2076 4291 ex

429 4333 551 4384 toto
580 4329 751 4383 corde
781 4344 910 4392 suo,
941 4334 999 4383 et
1027 4343 1097 4382 ex
1127 4332 1249 4381 tota
1280 4327 1477 4382 anima
1509 4343 1636 4395 sua,
1698 4332 1755 4381 et
1809 4344 1875 4382 ex
1925 4331 2075 4383 tota-

437 4419 630 4470 mente
660 4431 769 4470 sua
799 4415 882 4469 3':
916 4413 1012 4468 ille
1056 4430 1197 4468 cum
1251 4413 1495 4468 Domino
1544 4413 1759 4468 servire
1817 4413 2075 4481 deberet,

2163 869 2358 932 ζωνται
2389 865 2522 935 (32).
2559 859 2858 935 Λαμϐἀνων
2889 861 2945 918 δὲ
2995 865 3141 938 παρά
3187 870 3294 919 τῶν
3335 867 3598 922 τοιούτων
3642 869 3670 921 ὁ
3721 888 3816 922 νο-

2166 950 2460 1023 μιζόμενος
2524 951 2712 1026 ἄρχων
2782 958 2884 1021 τῆς
2958 951 3302 1022 Ἐκκλησίας,
3361 951 3486 1022 ἤτοι
3545 954 3621 1015 εἷς
3673 952 3812 1008 ἲδίαν

2162 1038 2327 1093 αύτοῦ
2402 1037 2699 1093 ἀπόλαυσιν
2767 1039 2854 1094 ἐπὶ
2912 1043 3174 1118 προφάσει
3243 1049 3342 1111 τῆς
3401 1038 3816 1113 έπιϐαλλούσης

2165 1128 2314 1199 αύτῷ
2370 1134 2538 1200 τιμῆς
2591 1126 2680 1182 διά
2707 1133 2806 1194 τῆς
2833 1129 3182 1204 προστασίας,
3216 1130 3250 1199 ἢ
3281 1130 3367 1185 ὶπί
3401 1133 3556 1206 Λόγῳ
3585 1139 3686 1201 τῆς
3709 1138 3820 1187 τῶν

2163 1217 2560 1290 πτωχευὸντων
2617 1215 2670 1270 έν
2726 1220 2795 1290 τῇ
2848 1216 3144 1292 Ἐκκλησία
3176 1218 3514 1292 οἰκονομίας,
3546 1221 3818 1283 κοινωνός

2165 1303 2274 1358 ἐστι
2327 1303 2562 1369 κλοπῆςο
2621 1307 2736 1360 ἀντί
2781 1310 2876 1360 τοῦ
2917 1304 3188 1382 έλέγχειν,
3238 1308 3328 1362 καὶ
3384 1311 3675 1380 νουθετεῖν,
3725 1311 3819 1364 καὶ

2165 1392 2390 1470 ἀφιστᾷν
2443 1400 2543 1462 τῆς
2605 1391 2820 1456 ἀδικίας
2866 1395 2992 1457 τοὺς
3051 1393 3406 1465 κλέπτοντας,
3460 1395 3662 1473 ῥᾳδίως
3715 1399 3820 1452 ὑπ-

2168 1483 2311 1556 έχων
2343 1483 2441 1550 τὴν
2487 1487 2649 1557 χεῖρα
2680 1487 2754 1554 -ᾦ
2805 1480 3082 1556 λήμματι,
3141 1483 3230 1538 καὶ
3289 1485 3596 1559 μακαρίζων
3632 1485 3817 1541 αύτόνο

2171 1567 2290 1623 δέον
2339 1571 2602 1642 μειζόνως
2652 1570 2812 1634 αὐτὸς
2863 1577 3059 1644 μισεῖν,
3108 1573 3220 1646 ὅσῳ
3255 1573 3477 1646 μείζονα
3509 1572 3754 1646 κλέπτει,
3791 1574 3823 1628 ὁ

2171 1656 2228 1712 δὲ
2271 1657 2517 1730 ἐπαινοίη
2573 1659 2731 1714 αὐτὸν
2785 1657 3103 1738 δορυφορῶν
3155 1663 3246 1716 καὶ
3296 1662 3694 1737 παραπέμπων,
3727 1662 3824 1717 καὶ

2170 1747 2293 1821 περὶ
2341 1749 2437 1811 τὰς
2485 1747 2646 1824 Θύρας
2692 1750 3078 1824 στρεφόμενος,
3121 1751 3208 1806 καὶ
3252 1755 3360 1805 τῶν
3405 1757 3607 1827 χειρῶν
3648 1751 3822 1806 ἀπτό-

2177 1857 2355 1908 μενος,
2405 1837 2490 1898 αἷς
2534 1839 2707 1892 πάντα
2731 1837 2940 1910 ὁμοίως
2995 1835 3103 1910 ἰδίᾳ
3131 1841 3220 1894 καὶ
3255 1837 3494 1912 δημοσίᾳ
3524 1837 3822 1911 διεκλάπη.

2172 1927 2266 1996 Τῷ
2315 1922 2429 1979 ὄντι
2475 1930 2642 1981 ταῦτα
2687 1931 2990 1998 ποιοῦντες,
3031 1928 3288 1983 κοινωνοὶ
3337 1927 3582 1984 κλεπτῶν
3617 1928 3828 2002 ὀνομα-

2177 2012 2397 2086 ζόμεθα.
2457 2016 2586 2070 Δέον
2636 2021 2959 2070 καταπατεῖν
3017 2019 3165 2089 ἡμᾶς
3217 2019 3317 2086 τήν
3375 2016 3693 2091 ἀνωμαλίαν
3727 2022 3829 2072 τοῦ

2171 2098 2382 2175 κόσμου
2439 2105 2638 2166 παντὸς
2695 2103 2784 2158 καὶ
2843 2109 2950 2160 τῶν
3010 2105 3060 2159 ἐν
3118 2105 3266 2178 αὐτῷ
3323 2111 3646 2177 φαντασιῶν·
3697 2107 3827 2161 ὅταν

2175 2189 2376 2264 ἴδωμεν
2427 2191 2479 2247 ἐν
2539 2198 2654 2254 τοῖς
2709 2190 3082 2267 δικαστηρίοις
3135 2195 3262 2257 τοὺς
3316 2195 3543 2271 μικροὺς
3585 2194 3831 2258 κλέπτας

2175 2281 2277 2334 ὑπὸ
2331 2284 2437 2334 τῶν
2502 2281 2751 2357 μεγάλων
2803 2281 3224 2355 κολαζομένους,
3282 2283 3529 2345 καὶτοὺς
3561 2285 3653 2356 μὲν
3681 2283 3834 2338 οἰκέ-

2170 2390 2264 2430 τας
2325 2374 2590 2442 μισοῦμεν
2649 2368 2738 2424 διά
2791 2375 2980 2438 ταῦτα,
3026 2373 3256 2436 τούτους
3307 2371 3385 2440 δι,
3450 2374 3827 2444 Θαυμάζομεν.

2174 2457 2317 2520 Τοὺς
2379 2459 2474 2530 μὶν
2531 2459 2654 2535 γὰρ,
2716 2461 2796 2514 ὅτι
2826 2459 3054 2515 κλέπται
3089 2461 3244 2527 εἰσὶν,
3275 2460 3664 2535 έκτρεπόμεθα·
3697 2460 3834 2524 τοὺς

2176 2544 2252 2613 δὶ,
2308 2545 2390 2600 ὅτι
2432 2546 2761 2602 πλουτοῦσιν
2797 2547 2856 2603 έκ
2881 2552 2980 2618 τῆς
3014 2547 3256 2620 κλοπῆς,
3282 2548 3727 2623 έκπλησσόμεθα.
3756 2549 3826 2604 Τί

2175 2633 2316 2691 ἄλλο
2348 2641 2772 2712 κατηγοροῦνται
2803 2639 2853 2692 οἱ
2881 2637 3141 2714 ἄρχοντες
3166 2657 3180 2708 ;

2247 2817 2337 2871 51.
2383 2819 2726 2889 ’Δγαπῶντες
2780 2813 2947 2890 δῶρα.
3007 2818 3152 2873 Πάνυ
3211 2811 3450 2892 ἀκριϐῶς
3498 2816 3708 2891 εἷ’ρηται
3741 2818 3830 2885 τὸ,

2178 2904 2246 2960 Oi
2332 2903 2643 2978 ἀγαπῶντες
2713 2902 2882 2978 δῶρα,
2955 2905 3114 2980 ούχὶ,
3198 2900 3581 2979 Ααμϐἀνοντες
3657 2903 3832 2979 δῶρα.

2179 2991 2332 3046 Οὕτω
2384 2993 2486 3067 γάρ
2545 2991 2604 3047 ἂν
2662 2994 2752 3048 καὶ
2807 2995 2875 3048 τὰ
2924 2995 3275 3065 καθηκόντως
3332 2995 3385 3049 ὲν
3423 2999 3544 3056 ταῖς
3571 2999 3669 3049 τοῦ
3707 2995 3833 3070 βίου

2181 3080 2491 3142 κοινωνίαις
2550 3079 2810 3155 διδόμενα
2867 3078 3211 3152 διεϐέϐλητο·
3273 3080 3418 3151 ἀλλ’,
3478 3084 3831 3159 Ἀγαπῶντες

2183 3167 2355 3243 δῶρα,
2407 3172 2650 3224 τουτέστι
2701 3171 3130 3245 προστετηκότες
3186 3175 3253 3245 τῇ
3314 3172 3595 3244 έπιθυμίᾳ,
3625 3175 3695 3245 τῇ
3734 3173 3832 3227 τοῦ

2181 3252 2501 3330 λαμϐάνειν,
2557 3259 2865 3334 Κατηγορία
2917 3257 2974 3314 δὶ
3026 3264 3134 3313 τῶν
3195 3259 3476 3335 ἀρχόντων
3508 3305 3524 3332 ,
3580 3261 3704 3335 περὶ
3764 3263 3832 3316 τά

2181 3346 2388 3420 φθαρτά
2441 3347 2529 3401 καὶ
2585 3347 2654 3401 τά
2707 3349 2869 3422 γήινα
2895 3349 2994 3417 τὴν
3053 3349 3198 3424 ἱεράν
3244 3349 3459 3424 ἀγάπην
3521 3349 3828 3425 ἐκκεχυμέ-

2180 3456 2277 3504 νην
2304 3437 2416 3507 (33)
2447 3431 2610 3510 ἔχειν.
2671 3435 2868 3510 Κύριον
2917 3438 3018 3512 γὰρ
3047 3439 3137 3492 τὸν
3173 3439 3301 3492 Θεὸν
3331 3438 3535 3513 ἀγαπᾷν
3566 3436 3648 3494 δεῖ
3676 3439 3827 3514 πάσῃ

2179 3521 2248 3595 τῇ
2295 3522 2678 3598 δνυπαρχούσῃ
2711 3526 2844 3597 ἡμῖν
2887 3526 3024 3600 πρὸς
3071 3526 3132 3580 τὸ
3189 3527 3393 3600 ἀγαπᾷν
3428 3524 3676 3600 δυνάμει,
3736 3528 3830 3582 καὶ

2181 3610 2390 3685 ἀγαπᾷν
2463 3615 2553 3666 καὶ
2614 3614 2704 3667 τὸν
2779 3612 3038 3684 πλησίον,
3112 3615 3201 3670 καὶ
3277 3617 3482 3692 ἀγαπᾷν
3551 3618 3642 3671 καὶ
3703 3617 3837 3682 τοὺς

2183 3699 2438 3775 ἓχθροὺς,
2491 3699 2582 3755 ’ἱνα
2638 3701 2784 3774 ὦμεν
2816 3701 3042 3772 τέλειοι,
3098 3707 3430 3778 μιμούμενοι
3459 3708 3558 3775 τήν
3591 3706 3836 3781 χρηστό-

2179 3809 2318 3859 τητα
2353 3793 2449 3844 τοῦ
2500 3791 2550 3845 ἓν
2591 3789 2840 3864 οὐρανοῖς
2898 3794 3126 3867 Πατρὸς,
3183 3798 3281 3848 τοῦ
3335 3795 3426 3848 τὸν
3484 3794 3648 3864 ἥλιον
3711 3796 3836 3850 ἑαυ-

2180 3881 2278 3932 τοῦ
2322 3881 2436 3951 (34)
2465 3878 2859 3942 ἀνατέλλοντος
2891 3882 2979 3936 ἒπῖ
3029 3882 3302 3954 πονηροὺς
3334 3885 3422 3938 καὶ
3453 3883 3707 3958 ἀγαθούς.
3743 3883 3841 3947 Εἲς

2183 3964 2325 4020 ἄλλα
2384 3965 2440 4022 δὲ
2493 3971 2591 4036 τήν
2650 3973 2746 4023 τοῦ
2805 3969 3010 4045 ἀγαπᾷν
3057 3968 3283 4044 δύναμιν
3316 3973 3742 4045 παραναλίσκειν
3775 3974 3840 4029 ού

2183 4057 2619 4130 συγκεχώρηται.
2682 4058 2742 4111 Εἰ
2792 4056 2849 4113 δὲ
2873 4059 3113 4134 πονηρόν
3144 4061 3254 4116 ἐστι
3285 4061 3374 4116 καὶ
3406 4060 3586 4116 ὁτιοῦν
3615 4063 3833 4137 ἀγαπᾷν

2182 4144 2327 4218 παρά
2355 4145 2420 4198 τά
2449 4145 2730 4220 εἰρημέναο
2767 4148 2794 4200 ὁ
2823 4149 3043 4222 ἀγαπῶν
3074 4150 3331 4225 ἀργύριον
3366 4150 3561 4218 οὕτως,
3597 4152 3673 4213 ὡς
3708 4153 3840 4228 ἀγα-

2183 4237 2283 4302 πᾷν
2319 4228 2520 4310 ὤφειλε
2553 4237 2744 4308 Κύριον
2773 4236 2864 4291 τὸν
2883 4237 3092 4308 Θεὸν,ἒξ
3124 4237 3261 4307 ὅλης
3288 4247 3386 4309 τῆς
3415 4237 3639 4314 καρδίας
3672 4240 3843 4296 αύτοῦ

2183 4322 2270 4375 καὶ
2293 4323 2342 4390 ἒξ
2374 4322 2509 4392 ὅλης
2538 4331 2637 4392 τῆς
2668 4327 2850 4399 ψυχῆς
2885 4325 3069 4393 αὐτοῦ,
3101 4327 3190 4382 καὶ
3223 4329 3272 4401 ἒξ
3301 4327 3440 4398 ὅλης
3469 4333 3568 4394 τῆς
3597 4327 3842 4392 διανοίας

2187 4411 2406 4478 αύτοῦ,ὁ
2431 4416 2682 4475 τοιοῦτος
2713 4414 2824 4468 ἀντὶ
2855 4419 2951 4468 τοῦ
2980 4412 3254 4471 δουλεύειν
3278 4421 3358 4488 τῷ
3381 4415 3840 4492 Κυρίῳ,δουλεύει

435 4503 614 4560 servit
640 4518 1011 4565 mammonae,
1044 4517 1177 4556 cum
1213 4499 1541 4556 dilectionis
1591 4517 1930 4556 mensuram
1965 4503 2066 4558 Dec

2188 4504 2268 4571 τῷ
2302 4506 2604 4572 μαμμωνᾷ,
2645 4503 2706 4556 τὸ
2736 4507 2813 4573 τῷ
2839 4502 2954 4575 Θεῷ
2985 4504 3341 4580 ὀφειλόμενον
3374 4509 3474 4570 τῆς
3505 4506 3719 4582 ἀγάπης
3754 4509 3846 4580 μέ-

438 4589 693 4646 debitam
725 4589 785 4644 in
819 4594 1128 4659 argentum
1151 4588 1482 4644 transferat.
1510 4589 1729 4644 Idcirco
1752 4590 1996 4644 avaritia
2017 4592 2066 4644 ﬁ1

2187 4608 2313 4662 τρον
2347 4588 2432 4642 ἐπὶ
2486 4590 2548 4643 τὸ
2595 4589 2847 4665 ἀργύριον
2901 4593 3168 4663 μεταθεῖς.
3221 4596 3318 4649 Διά
3361 4599 3522 4649 τοῦτο
3554 4593 3755 4668 γίνεται
3807 4598 3842 4665 ἡ

436 4678 788 4748 idololatria,
824 4678 979 4749 quod
1031 4694 1293 4747 munera,
1327 4694 1452 4747 quae
1512 4677 1757 4734 Domino
1789 4678 1904 4734 Deo
1936 4679 2079 4735 olfe-

435 4771 668 4832 runtur,
702 4768 769 4822 ad
803 4773 1036 4822 terrena
1065 4765 1401 4838 exportarit.
1433 4765 1598 4822 Jussi
1642 4765 1824 4839 igitur
1866 4783 2078 4823 sumus

503 4941 552 4977 ³³
573 4940 779 4997 Matth.
803 4955 858 5006 v,
891 4940 980 4996 45.
1012 4939 1059 4976 ³⁸
1090 4939 1293 4994 Matth.
1327 4955 1467 5010 xxu,
1490 4939 1584 4997 8’7.

503 5113 616 5185 (31)
647 5113 798 5168 Editi
829 5128 965 5168 cum
998 5111 1191 5167 tribus
1215 5127 1384 5179 mss.,
1415 5109 1734 5184 ἡγεμονίας.
1790 5111 1898 5165 Alii
1932 5115 2076 5181 tres,

433 5183 750 5254 ἠγεμονίαν.
1288 5252 1319 5254 η
1446 5252 1460 5254 _
1514 5250 1522 5254 _

509 5204 532 5237 ε
540 5203 638 5240 μον
649 5203 726 5236 ιαν
739 5229 750 5240 .

473 5204 532 5260 γε
540 5203 638 5254 μον
649 5203 726 5236 ιαν
739 5229 750 5240 .

504 5256 616 5346 (3:2)
641 5254 1061 5346 Εάίιίθξωξξ
1081 5252 1372 5346 υρ-ιξιξυιέίτ

439 5320 750 5401 βιάζιύνται.
782 5331 1106 5401 ΜΟΧΑῌἸΘΒ..
1121 5320 1590 5401 ζωὴ-λαμϐάνων
1618 5320 1694 5378 δὲ.
1719 5324 1868 5401 Edlti
1893 5329 1950 5380 et
1980 5323 2080 5401 alii

437 5391 561 5453 duo
583 5416 750 5464 mss.,
782 5391 1046 5468 λαμϐάνει
1081 5391 1444 5468 6t._Subinde
1478 5413 1577 5451 sex
1609 5412 1777 5468 mss.,
1801 5395 1828 5446 6
1861 5393 2078 5464 νομιζό-

441 5488 616 5543 μενος.
651 5465 892 5543 Editi,_6
948 5466 1372 5543 ὀνομαζόμενος,
1429 5471 1525 5540 qui
1547 5465 1873 5543 appellatur
1917 5469 2079 5537 prin—

437 5535 576 5669 ὸῗρε.
623 5542 792 5598 Haud
812 5535 995 5613 longe
1041 5535 1207 5597 (ΞΟΠ).⁷
1231 5535 1480 5612 primus,
1543 5535 1636 5592 Sui
1691 5537 1789 5605 τὴν
1850 5535 2084 5612 προστα-

442 5633 583 5669 σαν.

442 5633 583 5669 σιαν.

1479 5250 1734 5319 ιάζονται.
1794 5252 1905 5306 Alii
1938 5255 2077 5318 duo,

2188 4675 2474 4747 πλεονεξία
2506 4675 2956 4756 εἷδωλολατρεία,
2990 4679 3205 4736 ἐπειδὰν
3259 4683 3325 4737 τά
3381 4684 3566 4760 Κυρίῳ
3613 4687 3694 4755 τῷ
3719 4689 3839 4756 Θεῷ

2187 4766 2602 4843 προσφερόμενα
2659 4764 2808 4843 δῶρα
2867 4767 2954 4824 ἐπὶ
3009 4771 3077 4824 τά
3129 4772 3296 4846 γήινα
3356 4770 3643 4848 μετενέγκῃ
3709 4775 3842 4845 (35).

2262 5111 2370 5182 (33)
2401 5112 2506 5190 Ubi
2541 5117 2815 5190 corrupte
2847 5114 2906 5168 in
2956 5116 3198 5190 excusis
3245 5135 3310 5176 ex
3360 5117 3675 5190 oscitantis
3704 5135 3845 5190 ops-

2189 5199 2384 5265 rarum
2449 5185 2660 5265 legitur
2714 5185 3100 5265 ἐκκαιομένην,
3157 5189 3293 5265 legi
3331 5196 3566 5265 Oportet
3616 5185 3852 5265 ἐκκεχυ-

2191 5251 2380 5381 ἓὲἔέν,
2418 5251 2747 5312 υῐίᾟεὺθοῐ
2777 5251 3310 5331 υῑοιιὶιιιοϐυωῦεἲ.
3344 5251 3402 5318 et
3458 5263 3557 5319 alii
3589 5251 3850 5334 quatuor

2261 5397 2371 5466 (34)
2405 5396 2499 5470 Sic
2528 5400 2708 5453 nostri
2743 5417 2841 5455 sex
2874 5417 3016 5457 mss.
3054 5407 3128 5458 At
3153 5403 3319 5470 editi,
3350 5402 3534 5459 αύτοῦ.

2189 5470 2372 5600 τιὲ35)
2406 5469 2545 5540 Reg.
2581 5473 2876 5528 secundus
2933 5479 2992 5530 et
3022 5481 3262 5547 uterque
3291 5477 3478 5546 Colb.,
3529 5475 3849 5550 μετενέγκας
