4130 6210
426 325 545 386 219

437 567 502 606 sa
514 550 841 608 abalienata
854 556 943 608 est
963 570 996 607 a
1021 557 1291 619 Deo,cum
1308 554 1383 609 ab
1401 569 1467 607 ea
1490 553 1838 608 auferuntur
1856 551 2068 622 iniqui.

436 639 658 694 Idcirco
684 640 946 697 Ecclesiae
978 646 1197 697 statuta
1227 658 1323 697 eos
1353 642 1452 714 qui
1480 642 1539 696 in
1572 640 1883 713 prohibitis
1904 644 2077 713 {pec-

431 728 580 782 catis
611 734 749 782 sunt
778 729 1145 801 deprehensi,
1179 748 1212 785 a
1243 730 1469 801 reliquo
1500 746 1741 801 corpore
1780 737 2071 801 separant,

432 830 505 871 ne
536 815 844 886 paululum
875 816 1141 875 fermenti
1194 818 1669 890 conspersionem
1728 822 1907 873 totam
1950 834 2073 873 cor-

433 910 668 977 rumpat
687 908 749 960 “.
782 908 982 978 Itaque
1014 907 1112 963 Dei
1146 908 1277 962 boni
1310 912 1401 963 est
1431 924 1460 963 e
1493 908 1706 980 populo
1735 906 1938 962 tollere
1968 906 2077 961 ini-

428 1010 595 1066 quos.
623 1000 747 1050 Non
771 998 928 1051 enim
961 997 1145 1069 iniqui
1177 1015 1293 1052 una
1323 1014 1456 1052 cum
1506 996 1723 1052 sanctis
1754 1001 1955 1051 sancta
1992 996 2075 1049 in-

1380 329 1773 393 APPENDIX
1816 329 2141 392 OPERUM
2186 331 2253 391 S.
2297 327 2580 391 BASILII
2622 327 2898 391 MAGNI.

432 460 783 517 beneﬁcium
800 462 1029 530 animas,
1045 479 1171 534 quea
1190 479 1455 535 perverse
1470 461 1910 536 praesidentium
1936 478 2077 517 cau-

2196 460 2553 534 προσάγοντες
2639 456 2823 513 Θυσίαν

3720 321 3895 397 220¹

2905 456 2956 511 ἐν
3046 452 3355 527 δικαιοσύνῃ
3388 492 3402 508 .
3460 449 3565 509 Καὶ
3646 450 3839 529 ἀφελῶ

2187 546 2389 610 πάντας
2449 548 2686 620 ἀνόμους
2745 546 2852 601 ἀπὸ
2910 549 3026 602 σοῦ.
3087 542 3316 620 Μεγάλη
3393 542 3675 616 εὐεργεσία
3733 543 3837 614 ψυ-

2187 641 2289 712 χῇ,
2349 641 2417 709 τῇ
2477 638 2624 710 παρά
2668 637 2768 704 τὴν
2810 633 2985 691 αῗτίαν
3014 635 3128 707 (59)
3153 637 3262 687 τῶν
3292 634 3471 693 κακῶς
3502 632 3837 707 προϊσταμέ-

2182 748 2286 781 νων
2347 724 2425 790 εἴς
2480 729 2613 781 Θεοῦ
2668 724 3033 800 ἀλλοτρίωσιν
3068 720 3478 795 haedoue-9,16
3535 720 3838 797 ἀφαιρεθῆ-

2181 836 2267 870 ναι
2295 814 2462 885 αὐτῆς
2508 814 2636 876 τοὺς
2682 814 2939 887 ἀνόμους.
2972 815 3070 868 Διά
3111 816 3274 866 τοῦτο
3317 810 3406 865 καὶ
3456 810 3507 864 οἱ
3556 808 3680 883 περὶ
3734 809 3838 875 τήν

2185 901 2513 974 Ἐκκλησίαν
2540 902 2701 957 τύποι
2744 902 2874 963 τοὺς
2922 901 2975 957 ἐν
3026 900 3497 975 ἀπηγορευμένοις
3544 897 3844 973 παραπτώ-

2188 1014 2347 1065 ματιν
2406 992 2711 1067 εὑρεθέντας
2763 992 3063 1068 χωρίζουσι
3116 995 3213 1046 τοῦ
3275 988 3475 1044 λοιποῦ
3534 989 3790 1061 σώματος
3824 1034 3838 1059 ,

423 1084 781 1155 gredientur,
842 1084 1136 1155 siquidem
1192 1086 1581 1142 ventilabrum
1642 1092 1733 1141 est
1771 1086 1829 1140 in
1890 1103 2072 1142 manu

2196 1079 2267 1135 [να
2301 1082 2377 1153 μῆ
2431 1083 2600 1156 μικρὰ
2645 1080 2789 1154 ζύμη
2843 1080 2972 1135 ὅλον
3021 1081 3085 1135 τὸ
3132 1078 3353 1157 φύραμα
3407 1075 3646 1151 δολώσῃ.
3679 1079 3844 1131 ’Ὠστε

423 1170 655 1226 Domini
686 1174 748 1225 ιτ.
782 1172 893 1227 Sed
926 1173 1027 1244 qui
1055 1190 1212 1229 nunc
1242 1191 1275 1228 a
1327 1174 1541 1245 populo
1586 1180 1970 1246 segregantur
2011 1181 2076 1229 ut

425 1259 635 1329 iniqui,
669 1277 737 1315 ea
766 1277 893 1332 qum
927 1262 1097 1325 fiunt,
1120 1262 1436 1334 tranquille
1459 1265 1671 1328 ferunt,
1704 1263 1859 1318 haud
1902 1262 2073 1317 intel-

424 1347 673 1419 ligentes
705 1348 905 1404 isthaac
936 1366 1138 1405 eorum
1174 1368 1303 1407 esse
1328 1351 1601 1422 figuram,
1654 1368 1781 1422 quae
1839 1351 1895 1406 in
1956 1356 2071 1405 tre-

428 1437 641 1492 mendo
674 1438 1010 1509 Deijudicio
1041 1445 1320 1495 eventura
1350 1443 1702 1505 sunt.Quam
1737 1446 1931 1496 autem
1954 1440 2073 1495 exi-

423 1525 641 1580 tiosum
676 1526 755 1580 sit
784 1527 1020 1597 iniquos
1054 1529 1125 1583 ab
1157 1545 1359 1598 eaque
1392 1529 1475 1587 eis
1509 1530 1619 1583 fuit
1647 1545 1780 1583 cum
1849 1528 2074 1583 sanctis

424 1612 638 1668 Christi
672 1616 955 1670 membris
995 1617 1272 1672 societate
1295 1634 1406 1674 non
1440 1617 1722 1691 separari.
1761 1616 2072 1689 Apostolus

426 1701 900 1771 declaravit,cum
933 1706 1262 1763 Corinthios
1281 1707 1570 1779 increpuit
1594 1707 1746 1779 quod
1767 1723 1880 1761 non
1897 1705 2074 1762 luxis-

2182 1172 2317 1225 κατὰ
2349 1171 2549 1245 ἀγαθὸν
2582 1170 2710 1225 Θεόν
2744 1170 2855 1225 ἐστι
2882 1170 2947 1224 τὸ
2982 1168 3198 1244 ἀφελεῖν
3233 1168 3477 1240 ἀνόμους
3522 1167 3628 1221 ἀπὸ
3678 1165 3839 1223 λαοῦ.

2184 1260 2257 1313 Οὐ
2287 1260 2390 1335 γὰρ
2423 1261 2475 1315 οἱ
2507 1257 2703 1333 ἄνομοι
2736 1256 3234 1315 συνεισελεύσονται
3262 1262 3380 1318 τοῖς
3420 1256 3599 1330 ἁγίοις
3647 1255 3732 1310 εἲσ
3766 1256 3839 1309 τὰ

2184 1350 2331 1423 ἅγια,
2392 1348 2610 1420 ἐπείπερ
2668 1349 2730 1403 τὸ
2780 1347 2944 1402 πτύον
2999 1347 3049 1402 ἐν
3105 1349 3173 1420 τῇ
3226 1344 3377 1421 χειρῖ
3428 1348 3524 1399 τοῦ
3582 1344 3784 1419 Κυρίου
3821 1387 3835 1399 .

2183 1437 2341 1493 Ἀλλ’
2373 1438 2425 1493 οἱ
2454 1443 2545 1492 νῦν
2578 1438 2651 1499 ὡς
2684 1434 2879 1510 ἄνομοι
2907 1435 3280 1512 χωριζύμενοι
3311 1438 3407 1489 τοῦ
3460 1433 3616 1503 λαοῦ,
3647 1431 3840 1506 πράως

2182 1527 2403 1605 φέρουσι
2460 1527 2528 1580 τὰ
2581 1521 2875 1601 γιγνόμενα
2933 1522 2995 1578 οὐ
3051 1527 3323 1590 νοοῦντες,
3356 1520 3438 1576 ὅτι
3470 1520 3639 1582 τύπος
3666 1524 3837 1575 ταῦτα

2179 1619 2287 1670 τῶν
2317 1614 2368 1669 ἐν
2400 1619 2518 1677 τοῖς
2551 1609 2809 1692 φοϐεροῖς
2838 1614 3067 1689 κρίμασι
3110 1616 3207 1666 τοῦ
3251 1614 3385 1666 Θεοῦ
3427 1610 3832 1685 γενησομινων.

2180 1702 2379 1774 Ἡλίκη
2441 1701 2499 1759 δὶ
2549 1697 2729 1778 βλάϐη
2762 1702 2826 1757 τὸ
2887 1703 2961 1775 μὴ
3021 1702 3360 1779 ἀφαιρεῖσθαι
3410 1697 3539 1762 τοὺς
3592 1698 3834 1770 ἀνόμους

427 1795 650 1853 sent,ut
679 1792 751 1846 ab
775 1792 921 1864 ipsis
951 1795 1356 1867 aufereturqui
1386 1800 1747 1868 perpetraret
1766 1795 1986 1851 malum
2008 1796 2072 1851 ‘3.

2196 1796 2282 1858 τῆς
2340 1793 2474 1865 πρὸς
2529 1794 2597 1847 τὰ
2657 1791 2780 1867 ἅγια
2833 1788 2973 1863 μέλη
3028 1793 3125 1844 τοῦ
3181 1790 3419 1862 Χριστοῦ
3465 1787 3761 1859 ἐπιμιξίας,
3804 1788 3833 1841 6

430 1875 770 1942 ’Δπόστολος
829 1878 1126 1954 ἐδήλωσεν,
1170 1884 1435 1957 ἐπιτιμῶν
1495 1883 1827 1958 Κορινθίοις,
1861 1880 2000 1937 διότι
2057 1884 2157 1939 οὐκ
2211 1883 2529 1954 ἐπένθησαν,
2554 1879 2645 1937 ’ίνα
2684 1882 2879 1956 ἐξαρθῇ
2909 1879 3000 1934 ἀπ’
3029 1878 3205 1933 αὐτῶν
3235 1879 3263 1933 6
3291 1878 3354 1933 τὸ
3383 1877 3624 1952 πονηρὸν
3672 1876 3834 1951 ἔργα·

430 1966 679 2039 σάμενος.

504 2059 594 2114 36.
632 2060 797 2117 Vens.
856 2064 947 2118 26.
988 2065 1054 2119 Et
1109 2066 1397 2122 instituam
1451 2066 1664 2137 judices
1739 2074 1857 2122 tuos
1938 2065 2083 2120 sicut

430 2148 611 2215 prius.
652 2151 841 2213 Quare
874 2151 1112 2207 omissis
1170 2154 1408 2224 regibus
1465 2152 1736 2207 meminit
1785 2151 2079 2222 judicum,

432 2238 665 2295 etiamsi
682 2238 834 2294 inter
848 2255 1010 2311 reges
1024 2240 1291 2296 nonnulli
1306 2241 1702 2313 principatum
1718 2241 1775 2295 in
1797 2239 2080 2312 populum

430 2326 791 2383 obtinuerint
822 2344 955 2382 cum
987 2328 1159 2384 laude
1180 2330 1313 2384 ‘PAn
1344 2330 1621 2400 quoniam
1661 2330 1930 2401 judicum
1983 2331 2082 2384 ad-

432 2415 792 2471 ministratio
825 2414 1062 2473 liberior
1092 2423 1236 2484 erat,
1270 2437 1395 2491 qum
1425 2420 1495 2475 ad
1524 2436 1621 2475 eos
1638 2423 1843 2490 suapte
1871 2422 2082 2474 natura

431 2504 779 2575 pertinebat,
814 2505 968 2576 quod
1004 2508 1255 2578 populus
1296 2509 1422 2564 suis
1480 2512 1777 2577 regeretur
1825 2507 2078 2578 legibus,

437 2597 737 2665 Deumque
760 2593 951 2648 solum
981 2610 1173 2666 regem
1244 2603 1626 2668 agnosceret:
1660 2596 1717 2651 in
1779 2602 2075 2667 posterum

434 2697 569 2736 vero
599 2699 668 2737 ex
699 2682 933 2754 prepria
952 2682 1185 2739 illorum
1215 2685 1542 2741 temeritate
1584 2690 1761 2758 atque
1800 2685 2076 2754 amentia,

432 2769 689 2827 instituti
722 2775 861 2826 sunt
890 2788 1055 2843 reges
1074 2773 1101 2827 ?
1130 2773 1521 2837 Quamobrem
1554 2779 1681 2830 tum
1714 2790 1847 2830 cum
1872 2790 2078 2830 cumu-

434 2859 697 2915 larentur
737 2859 1053 2927 beneﬁciis,
1085 2878 1270 2933 operas
1301 2862 1551 2934 pretium
1599 2868 1723 2919 erat
1778 2864 1939 2936 ipsos
2005 2864 2077 2919 ad

433 2953 651 3004 statum
679 2948 904 3005 felicem
940 2952 1256 3007 reverti.Ea
1271 2953 1342 3007 de
1372 2968 1550 3007 causa
1579 2952 1907 3008 libertatem
1932 2953 2079 3023 ipsis

431 3035 694 3110 largiens
728 3054 840 3094 non
861 3041 1156 3111 reges,sed
1179 3040 1407 3112 judices
1437 3042 1843 3097 institutorum
1878 3058 2079 3098 seesse

2258 2064 2348 2119 56.
2385 2061 2484 2117 Καὶ
2517 2058 2793 2130 ἐπιστήσω
2816 2057 2945 2120 τοὺς
2997 2055 3186 2133 κριτὰς
3245 2076 3340 2110 σου
3397 2056 3471 2117 ὡς
3523 2055 3586 2110 τὸ
3642 2053 3840 2128 πρότε-

2192 2171 2305 2226 ρον.
2340 2151 2437 2205 Διά
2465 2149 2517 2204 τί
2550 2143 2783 2222 ὑπερϐὰς
2806 2147 2933 2209 τοὺς
2978 2144 3244 2223 βασιλεῖς,
3268 2149 3376 2200 τῶν
3425 2148 3624 2220 κριτῶν
3671 2141 3838 2216 ἐμνή-

2188 2241 2287 2309 σθη
2318 2258 2331 2307 ;
2364 2238 2537 2293 καίτοι
2593 2238 2683 2291 καὶ
2743 2235 2794 2291 ἐν
2860 2234 3171 2311 βασιλεῦσιν
3230 2233 3364 2302 ἦσάν
3415 2252 3579 2301 τινες,
3608 2233 3660 2287 οἱ
3687 2230 3843 2286 ἄπαι-

2188 2330 2353 2388 νετῶς
2386 2324 2635 2401 ἄρξαντες
2663 2330 2761 2380 τοῦ
2804 2323 2961 2380 λαοῦ.
2994 2325 3064 2380 "Ii
3095 2322 3177 2378 ὅτι
3210 2325 3245 2392 ἡ
3277 2323 3412 2377 κατὰ
3464 2320 3592 2382 τοὺς
3650 2320 3843 2393 κριτάς

2188 2414 2440 2471 πολιτεία
2470 2413 2892 2490 ἆλευθεριωτὲρα
2922 2413 3012 2485 ἦν,
3040 2414 3175 2467 κατὰ
3217 2410 3372 2489 φύσιν
3434 2411 3624 2471 αὐτοῖς
3673 2409 3846 2481 ὑπάρ-

2189 2524 2364 2579 χουσα
2398 2547 2413 2574 ,
2470 2504 2949 2576 αὐτονομουμένου
3007 2498 3103 2556 τοῦ
3152 2500 3310 2569 λαοῦ,
3340 2500 3431 2554 καὶ
3480 2498 3607 2554 Θεὸν
3668 2496 3838 2569 μόνον

2193 2591 2419 2668 βασιλέα
2448 2590 2845 2666 γνωρίζοντος·
2880 2592 2915 2658 ὴ
2966 2587 3032 2659 δῆ
3080 2593 3188 2644 τῶν
3246 2585 3510 2662 βασιλέων
3568 2585 3838 2640 κατάστα-

2189 2703 2270 2743 σις
2295 2681 2514 2754 ὕστερον
2548 2678 2608 2735 ἐκ
2652 2686 2751 2749 τῆς
2803 2676 2941 2740 ίδίας
2981 2673 3239 2738 ἀϐουλίας
3295 2676 3469 2731 αὐτῶν
3528 2673 3836 2749 ιπεγίνετο.

2187 2769 2335 2827 Ἔδει
2398 2770 2488 2826 οῦν
2548 2770 3030 2847 εὐεργετουμὲνους
3074 2768 3162 2823 ἰπὶ
3208 2770 3309 2837 τὴν
3353 2767 3619 2841 μακαρίαν
3666 2766 3835 2819 κατά-

2188 2882 2371 2917 στασιν
2424 2859 2757 2917 ἐπανελθεῖν.
2809 2860 2908 2915 Διὰ
2961 2862 3122 2914 τοῦτο
3180 2857 3305 2933 οὐχὶ
3371 2855 3638 2932 βασιλεῖς,
3685 2851 3836 2911 ἀλλὰ

2186 2950 2374 3024 κριτὰς
2434 2949 2738 3019 ὖπιστήσειν
2799 2946 3187 3024 ἐπηγγείλατο,
3218 2945 3581 3021 χαριζόμενος
3641 2944 3835 3004 αὐτοῖς

2184 3041 2248 3094 τὸ
2296 3038 2624 3113 ἐλευθέριον.
2685 3037 2763 3095 Οὐ
2840 3038 2941 3113 γὰρ
3019 3036 3087 3104 ἦν
3160 3034 3416 3111 βασιλεὺς
3469 3032 3523 3088 ἐν
3583 3026 3832 3106 Ἰσραὴλ,

436 3126 731 3198 pollicitus
761 3133 867 3183 est.
891 3129 1005 3183 Non
1038 3130 1191 3184 enim
1216 3146 1315 3185 rex
1343 3140 1461 3186 erat
1486 3134 1546 3186 in
1574 3131 1764 3197 Israel,
1788 3131 1879 3187 sed
1908 3148 2075 3187 unus-

2196 3126 2316 3183 ἀλλ’
2370 3125 2594 3189 ἕκαστος
2646 3128 2709 3182 τὸ
2759 3125 2905 3190 εὐθὶς
2975 3127 3085 3199 (60)
3139 3124 3191 3178 ἐν
3272 3121 3581 3201 ὀφθαλμοῖς
3662 3120 3834 3176 αὐτοῦ

440 3219 668 3287 quisque
695 3217 839 3289 quod
864 3223 988 3273 erat
1017 3227 1225 3273 rectum
1253 3221 1313 3273 in
1342 3220 1512 3275 oculis
1542 3221 1676 3287 suis,
1743 3222 1981 3292 faciebat
2014 3222 2078 3277 ‘9.

438 3304 524 3358 An
539 3304 674 3373 quia
695 3321 808 3369 non
826 3306 1081 3376 amplius
1106 3311 1231 3361 erat
1252 3312 1484 3379 tempus
1502 3324 1703 3380 regum
1720 3314 1852 3381 post
1873 3311 2083 3365 adven-

438 3396 563 3446 tum
595 3392 713 3447 veri
738 3392 931 3465 Regis,
964 3394 1091 3449 ideo
1133 3395 1365 3463 judices
1402 3397 1696 3466 prioribus
1754 3398 1910 3453 haud
1969 3399 2080 3453 im-

440 3497 610 3553 pares
634 3481 909 3536 daturum
935 3498 997 3538 se
1016 3483 1330 3552 promisit?
1349 3484 1627 3539 nimirum
1660 3487 1884 3541 Domini
1906 3487 2078 3542 disci-

436 3569 632 3642 pulos,
672 3571 742 3625 de
776 3572 991 3641 quibus
1023 3571 1246 3627 dictum
1278 3578 1399 3629 est:
1457 3573 1719 3630 Sedebitis
1738 3592 1902 3646 super
1947 3576 2081 3631 duo-

433 3658 610 3715 decim
640 3658 876 3730 thronos,
909 3660 1211 3729 iudicantes
1268 3663 1550 3719 duodecim
1600 3665 1775 3719 tribus
1830 3666 1993 3719 Israel
2015 3666 2079 3719 ⁸ο.

503 3756 593 3811 57.
628 3760 693 3813 ει
722 3758 1078 3815 consiliarios
1107 3762 1226 3815 tuos
1252 3762 1474 3816 sicutab
1507 3762 1688 3817 initio.
1714 3762 1943 3817 Rursus
1989 3762 2083 3819 hic

440 3860 642 3903 eorum
667 3846 933 3902 libertate
963 3849 1689 3921 servata,aitpra3biturum
1714 3868 1775 3907 se
1796 3868 1907 3907 non
1943 3870 2083 3923 pra:-

443 3935 593 3990 fectu
604 3936 790 4005 m,sed
804 3935 1539 4010 consiliarium.Proprium
1556 3957 1810 4012 namque
1825 3941 1976 4013 regis
1997 3945 2087 3995 est

444 4024 733 4096 imperare
763 4025 1079 4094 subjectis:
1114 4026 1431 4082 consiliarii
1463 4044 1617 4093 vero,
1653 4029 1818 4083 utilia
1849 4035 1905 4084 et
1943 4046 2083 4084 con-

445 4113 725 4169 ducibilia
754 4115 1104 4185 persuadere
1132 4114 1206 4170 iis
1236 4116 1335 4187 qui
1364 4117 1605 4172 consilio
1634 4122 1895 4173 utuntur.
1937 4118 2084 4173 Nam

443 4203 861 4274 unusquisque
886 4203 1027 4274 quid
1059 4221 1206 4275 opus
1237 4206 1389 4261 422
1413 4207 1491 4260 sit
1519 4206 1855 4278 deceatque,
1891 4224 1993 4278 per
2025 4224 2087 4263 se

441 4292 876 4363 deprehendere
889 4308 1001 4346 non
1017 4294 1615 4364 potest.Quamobrem
1630 4297 1923 4352 beneﬁcus
1938 4296 2086 4352 Deus

442 4378 543 4433 dat
571 4378 956 4449 consiliarios,
978 4397 1092 4436 non
1124 4386 1321 4437 autem
1356 4382 1644 4440 dominos.
1667 4385 1866 4456 Itaque
1887 4386 2085 4457 etqui-

442 4466 587 4523 libet
616 4471 885 4524 nostrum
917 4484 979 4524 se
1001 4486 1116 4525 non
1148 4474 1213 4525 ut
1243 4470 1694 4544 principem,sed
1733 4479 1796 4529 ut
1819 4475 2089 4532 consilia-

447 4556 601 4613 rium
634 4556 845 4629 populo
862 4558 1152 4615 aDomino
1183 4561 1385 4616 datum
1401 4577 1530 4618 esse
1559 4563 1867 4621 existimet.
1889 4565 2091 4638 Itaque

447 4646 743 4719 propheta;
766 4663 990 4715 omnes,
1023 4648 1417 4706 conducibilia
1436 4653 1935 4723 suadentes,fuere
1955 4672 2090 4711 con-

451 4735 680 4806 siliarii,
713 4740 769 4791 et
789 4741 922 4792 ante
950 4753 1048 4792 eos
1069 4740 1506 4811 Moyses.0uare
1537 4741 1778 4813 Deus,in
1811 4745 2091 4816 populum

448 4824 765 4892 beneﬁcus,
799 4826 1093 4897 prioribus
1124 4828 1479 4885 consiliariis
1510 4847 1677 4902 pares
1724 4832 1872 4888 alios
1944 4835 2093 4890 exci-

2191 3216 2385 3274 ἐποίει.
2419 3219 2486 3273 Ἢ
2515 3214 2701 3282 ἐπειδή
2761 3214 2941 3270 οὐκέτι
3002 3212 3269 3289 βασιλέων
3329 3212 3518 3286 καιρὸς
3565 3211 3632 3279 ἦν
3699 3209 3836 3282 μετὰ

2187 3307 2288 3375 τὴν
2317 3303 2613 3378 ἐπιδημίαν
2640 3309 2738 3359 τοῦ
2778 3302 3043 3374 ἀληθινοῦ
3095 3301 3391 3370 Βασιλέως,
3420 3300 3609 3376 κριτὰς
3658 3299 3834 3373 ιπηγ-

2190 3395 2411 3471 γείλατο
2468 3395 2710 3467 παρέξειν
2766 3390 3185 3469 παραπλησίους
3234 3396 3351 3454 τοῖς
3396 3387 3838 3466 πρότερον,τοῦς

2194 3488 2303 3557 (61)
2336 3485 2582 3557 μαθητὰς
2611 3487 2707 3537 τοῦ
2757 3482 2979 3556 Κυρίου,
3009 3482 3133 3556 περὶ
3177 3479 3251 3534 ὧν
3299 3477 3531 3552 εἴρηται,
3559 3478 3640 3533 ὅτι
3696 3484 3835 3539 Καθ-

2190 3576 2349 3645 ήσετε
2377 3572 2463 3628 ἰπὶ
2497 3570 2706 3628 δώδεκα
2733 3572 2977 3646 θρόνους,
2996 3570 3269 3645 κρίνοντες
3293 3569 3387 3631 τὰς
3421 3566 3630 3624 δώδεκα
3659 3566 3835 3645 φυλὰς

2190 3667 2287 3718 τοῦ
2319 3660 2563 3737 Ἰσραήλ.

2261 3764 2351 3818 57.
2404 3761 2505 3817 Καὶ
2556 3759 2682 3822 τοὺς
2747 3754 3095 3832 συμϐούλους
3153 3780 3249 3813 σου
3305 3758 3381 3822 ὠς
3433 3758 3496 3811 τὸ
3551 3755 3834 3831 ἆπαρχῆς.

2194 3849 2367 3908 Πάλιν
2397 3847 2623 3913 ἐνταῦθα
2652 3850 2714 3904 τὸ
2747 3848 3090 3919 αὐτεξούσιον
3122 3848 3314 3910 αὐτοῖς
3366 3844 3670 3915 διασώζων,
3702 3844 3834 3919 οὐχὶ

2190 3942 2281 3994 τὸν
2339 3941 2732 4015 προτάσσοντα,
2790 3936 2936 3992 ἀλλὰ
2990 3938 3080 3992 τὸν
3141 3932 3586 4011 συμϐουλεύοντα
3652 3934 3837 3994 αὐτοῖς

2194 4026 2294 4106 ἔφη
2353 4029 2690 4102 παρέξεσθαι.
2752 4028 3027 4088 Βασιλὲως
3090 4027 3185 4099 μὲν
3241 4026 3341 4100 γὰρ
3394 4022 3553 4094 ἴδιον,
3613 4022 3835 4079 ιπιτάσ-

2196 4138 2305 4172 σειν
2353 4122 2469 4178 τοῖς
2518 4114 2847 4192 ἀρχομίνοις
2876 4135 2889 4147 '
2939 4110 3257 4189 συμϐούλου
3310 4112 3387 4187 δὶ,
3446 4113 3648 4178 πείθειν
3704 4112 3840 4185 ὑπὲρ

2193 4210 2301 4261 τῶν
2353 4205 2735 4283 συμφερόντων
2790 4204 2917 4269 τοὺς
2978 4204 3410 4281 βουλευομὲνους
3458 4205 3591 4278 (62).
3619 4200 3697 4259 Οὐ
3736 4201 3845 4277 γὰρ

2195 4295 2470 4371 αὐτάρκης
2514 4292 2737 4358 ἕκαστος
2779 4296 2866 4373 ἀφ’
2898 4294 3089 4349 ἑαυτοῦ
3134 4293 3394 4369 εὑρίσκειν
3441 4292 3505 4348 τὸ
3552 4289 3692 4346 δίον.
3745 4290 3846 4345 Διὰ

2193 4390 2354 4441 τοῦτο
2387 4384 2675 4461 εὐεργετῶν
2705 4386 2733 4439 6
2764 4385 2894 4446 Θεὸς
2928 4379 3578 4458 συμϐούλους,ἀλλ⁹οὐχὶ
3608 4380 3847 4452 ἰξουσια-

2120 4501 2166 4565 D
2197 4478 2322 4538 στὰς
2376 4473 2616 4565 δίδωσιν.
2861 4473 2953 4565 καὶ
3001 4471 3451 4565 ᾗμξύνῃῖκαστοςᾼ
3486 4473 3562 4545 μὴ
3615 4469 3694 4565 ιύς
3752 4470 3844 4565 ξρ-

2200 4586 2373 4641 χοντα
2427 4564 2633 4635 ἑαυτὸν,
2665 4561 2791 4618 ἀλλ’
2841 4562 2916 4626 ὠς
2964 4556 3275 4635 σύμϐουλον
3319 4561 3465 4636 παρὰ
3511 4558 3710 4633 Κυρίου
3756 4556 3847 4613 δε-

2201 4652 2428 4727 δομένον
2458 4654 2539 4725 τῷ
2565 4651 2682 4725 λαῷ
2712 4651 3031 4727 λογιζὲσθω.
3056 4651 3255 4713 Πάντες
3304 4647 3394 4705 οῦν
3442 4650 3493 4704 οἱ
3541 4655 3845 4725 προφῆται,

2202 4743 2253 4799 οἱ
2308 4744 2375 4797 τὰ
2426 4742 2767 4819 συμφέροντα
2821 4742 3232 4816 παραινὲσαντες
3266 4782 3280 4807 ,
3338 4734 3692 4811 σύμϐουλοι·
3753 4736 3847 4791 καὶ

2201 4834 2307 4907 πρὸ
2364 4831 2576 4887 πάντων
2637 4833 2866 4900 Μωσῆς.
2927 4828 3351 4905 Παραπλησίους
3412 4828 3503 4883 οῦν
3572 4831 3689 4889 τοῖς
3750 4826 3850 4880 ἀπ-

523 4950 567 4985 “
592 4951 613 5006 Ι
643 4948 771 5005 Cor.
798 4967 853 5019 ν,
882 4951 937 5007 6.
1015 4951 1059 4986 ⁸⁷
1087 4951 1271 5008 Matth
1287 4955 1537 5025 {.m,‘12.
1614 4956 1659 4990 ⁴⁸
1690 4959 1713 5012 Ι
1744 4956 1869 5014 Cor.
1902 4976 1960 5028 ν,
1990 4960 2046 5016 2.
2122 4960 2167 4995 ⁴⁰
2196 4959 2388 5017 Judic.
2410 4974 2548 5023 xvu,
2578 4958 2614 5013 6
2642 4982 2656 5026 ;
2686 4957 2910 5025 xn,24.
2986 4957 3032 4992 ‘°
3052 4956 3255 5013 Matth.
3286 4972 3404 5027 xIx,
3433 4954 3525 5010 28.

520 5078 634 5151 (59)
664 5078 771 5155 Pro
802 5078 1037 5155 vulgata
1067 5079 1333 5155 lectione,
1379 5085 1447 5155 τῇ
1500 5082 1668 5155 αἰτίᾳ,
1726 5102 1756 5141 e
1796 5087 2096 5144 codicibus

456 5166 602 5206 mss.
636 5151 926 5205 edendum
952 5154 1309 5220 curavimus,
1338 5151 1437 5221 τὴν
1466 5151 1660 5211 «tua.

526 5222 636 5298 (βίῃ
668 5221 927 5298 Ἕκαστος
957 5222 1019 5275 τὸ
1052 5222 1218 5298 εὐθές.
1253 5231 1362 5280 etc.
1408 5228 1784 5298 Unusquisque
1814 5236 2089 5285 rectum...

454 5294 712 5371 faciebat.
746 5294 830 5371 ita
857 5311 1088 5367 quoque
1116 5296 1175 5349 in
1229 5298 1479 5371 Vulgata
1515 5294 1706 5355 Judic:
1742 5317 1878 5366 xvu,
1937 5302 1990 5371 6,
2037 5309 2095 5356 et

454 5366 709 5443 pingi:
743 5366 1120 5443 Unusquisque
1148 5368 1286 5443 quod
1314 5366 1425 5424 sibi
1481 5376 1728 5443 rectumt
1763 5376 1870 5426 etc.
1926 5366 2089 5443 Apud

454 5435 591 5511 LXX
614 5452 752 5511 vero
779 5435 1295 5511 utroque—inflocio
1355 5456 1458 5511 pro
1515 5458 1651 5498 voce
1704 5439 1926 5503 ἶκαστος
1974 5435 2092 5501 ’νοχ

451 5504 588 5579 ἀνήρ
621 5510 896 5580 ponitur:
929 5504 1068 5638 ἆνῂρ
1097 5510 1159 5565 τὸ
1218 5504 1383 5582 meta,
1447 5516 1557 5568 etc.
1618 5516 1723 5570 Vir
1776 5516 1917 5586 quod
1971 5528 2091 5574 erat

451 5583 679 5636 rectum.
725 5622 739 5635 .
783 5625 796 5637 .
842 5625 854 5638 .
888 5586 1034 5638 fame
1072 5591 1145 5638 at.
1183 5583 1394 5638 Vocem
1429 5588 1740 5638 utramuue
1787 5589 2091 5638 coniunxit

449 5583 679 5660 Lectum.
842 5625 854 5638 .
885 5583 1145 5660 faciebat.
1183 5583 1394 5660 Vocem
1414 5588 1740 5660 utramque
1783 5583 2091 5660 conjunxit

447 5649 1036 5729 Theodoretus,'&v1\p
1063 5649 1287 5718 ἵκαστος
1310 5654 1373 5711 τὸ
1403 5655 1641 5731 ἀρεστόν.

2276 5086 2600 5157 (61)Codex
2630 5086 2721 5142 Fr.
2782 5086 2979 5140 {cum
3023 5084 3221 5157 editis,
3272 5081 3419 5157 παρᾷ
3471 5082 3617 5142 τούς.
3683 5084 3859 5140 Deest

2203 5155 2348 5228 παρά
2380 5158 2438 5212 in
2471 5157 2605 5214 aliis
2635 5161 2890 5228 quatuor
2918 5156 3241 5225 codicibus,
3276 5155 3508 5228 rectius.

2275 5210 2667 5300 (62ii’ariantj
2684 5210 2973 5300 boot—loco,
2996 5210 3129 5282 libri
3157 5210 3400 5283 veteres.
3427 5225 3587 5300 Regii
3620 5224 3858 5296 primus

2201 5304 2259 5355 et
2285 5298 2519 5368 tertius,
2552 5300 2678 5359 τοὺς
2715 5298 3103 5373 βουλομὲνους.
3132 5299 3462 5355 Consiliarii
3489 5305 3567 5352 est
3618 5313 3854 5373 persua-

2201 5374 2332 5428 dere
2360 5374 2680 5429 volentibus.
2713 5369 2821 5427 Alii
2854 5369 2969 5428 duo
3001 5388 3174 5439 mss.,
3200 5386 3449 5441 quorum
3480 5385 3638 5441 unus
3659 5369 3856 5441 prima

2202 5461 2404 5518 manu,
2429 5444 2573 5501 alter
2606 5447 2885 5518 secunda,
2913 5437 3171 5518 perinde;
3190 5437 3256 5498 ut
3311 5441 3475 5511 editi,
3531 5437 3679 5518 τοὺς
3721 5441 3851 5518 βου-

2200 5514 2546 5590 λευομένους.
2582 5517 2739 5590 Colb.
2774 5512 3001 5590 primus
3034 5520 3091 5573 et
3142 5516 3280 5587 Reg.
3341 5514 3658 5587 secundus,
3718 5512 3849 5576 τοὺς

2198 5608 2259 5642 συ
2268 5585 2760 5664 μϐουλευομὲνους.
