4100 6220
228 347 338 407 ill

1074 344 1487 406 COMMENT.
1533 346 1614 407 IN
1658 345 1929 408 ISAIAM
1977 347 2484 410 PROPHETAM.
2531 349 2706 410 CAP.
2751 349 2800 409 Ι.

227 482 407 551 αρχῆς
471 469 810 546 συμϐούλοις
862 475 974 546 (63)
1033 474 1366 544 ἀναστήσειν,
1436 478 1730 552 εὐεργετῶν
1788 476 1878 531 τὸν

1998 483 2260 536 taturum
2294 498 2356 537 se
2402 480 2726 553 pollicetur,
2759 497 2968 554 nempe
3015 480 3312 555 apostolos
3364 485 3422 538 et
3468 497 3648 539 evan-

227 565 378 632 λαὸν,
433 565 465 618 6
515 562 707 638 Κύριος
763 561 1176 639 ἐπαγγέλλεται,
1235 562 1362 626 τοὺς
1430 565 1767 629 ἀποστόλους
1795 567 1884 620 καὶ

230 651 638 728 εύαγγελιστὰς,
673 653 794 715 οἷος
824 649 890 717 ἦν
925 652 953 706 6
1012 651 1228 713 Ηαῦλος
1276 649 1613 726 σύμϐουλος,
1643 656 1671 709 6
1703 652 1885 708 διάκοτ

226 763 318 803 νος
369 749 474 810 τῆς
532 746 742 809 Καινῆς
803 743 1099 811 Διαθήκης,
1159 739 1355 816 λέγων·
1413 743 1639 816 Υνώμην
1691 740 1750 797 δὲ
1805 739 1882 796 δίο

227 829 392 903 Ξωμι,
451 831 524 890 ὡς
571 827 885 900 ἠλεημένος
940 829 1032 884 ὑνὸ
1075 829 1300 904 Κυρίου.
1355 830 1578 906 Μεγάλη
1636 830 1692 886 δι
1736 831 1883 906 εὐερ-

222 919 370 995 γεσία
399 913 726 991 συμϐούλου
758 916 1032 995 φρονίμου
1073 917 1162 972 καὶ
1215 919 1478 982 εύνοῖκῶς
1523 916 1748 996 ἕχοδτος
1780 941 1882 974 πα-

224 1007 437 1083 ρουσία,
497 1005 946 1078 ἆναπληροῦντος
998 1007 1059 1060 τὸ
1131 1009 1230 1070 τῆς
1311 1006 1568 1072 συνέσεως
1627 1007 1882 1063 ἐλλεῖπον

221 1101 332 1150 τῶν
397 1093 842 1170 βουλευομένων.
907 1096 1072 1152 ’Ὁσον
1133 1093 1190 1150 δὲ
1249 1096 1354 1150 ἀπὸ
1408 1103 1507 1166 τῆς
1564 1093 1884 1170 συμϐουλῆς

224 1183 451 1262 ὄφελος,
514 1182 750 1239 δείκνυσι
834 1183 1070 1257 μάλιστα
1122 1183 1381 1255 Μωῦσῆς,
1441 1186 1468 1239 6
1526 1186 1668 1260 πάσῃ
1718 1187 1883 1261 Αὶγυ·

224 1273 401 1328 πτίων
437 1273 605 1350 σοφίᾳ
640 1269 947 1334 παιδευθεὶς
996 1274 1131 1346 (64),
1178 1273 1206 1326 6
1261 1278 1340 1344 τῷ
1387 1279 1503 1346 Θεῷ
1561 1271 1887 1349 διαλεγόμε-

225 1384 336 1428 νος,
371 1362 452 1424 ὡς
485 1359 544 1415 ἃν
576 1361 628 1416 εἷ’
660 1383 743 1422 τις
788 1359 1008 1434 λαλήσῃ
1055 1360 1215 1440 φιλος
1267 1361 1433 1440 φίλῳ.
1491 1363 1668 1425 Οὗτος
1725 1358 1888 1419 ἔλαϐε

223 1452 456 1526 γνώμην
506 1450 655 1525 παρὰ
699 1454 799 1504 τοῦ
855 1452 1115 1525 πενθεροῦ
1167 1451 1331 1506 αὐτοῦ
1373 1453 1580 1528 Ἰοθὼρ,
1627 1451 1764 1507 ὥστε
1792 1474 1885 1507 κα-

220 1546 487 1608 ταστῆσαί
519 1542 637 1612 (65)
685 1538 1025 1614 χιλιάρχους
1071 1539 1160 1594 καὶ
1211 1540 1643 1615 ἑκατοντάρχους
1679 1541 1768 1595 καὶ
1797 1538 1886 1596 δε-

218 1632 470 1704 κάρχοκς
500 1627 590 1682 επὶ
617 1632 700 1700 τῷ
728 1627 930 1702 κρίνειν
974 1627 1066 1682 τὸν
1120 1625 1275 1685 λαὸν.
1311 1630 1409 1682 Καὶ
1460 1624 1624 1684 Δαϐὶδ
1658 1627 1714 1684 δδ
1749 1651 1886 1703 συμ-

222 1713 413 1790 ϐούλῳ
444 1717 726 1792 ἐχρήσατο
755 1721 835 1788 τῷ
879 1716 1073 1783 Χουσὶ,
1109 1714 1178 1771 δι’
1225 1718 1286 1771 οὗ
1313 1714 1620 1773 διεσκέδασε
1651 1738 1884 1794 στρατη-

222 1807 385 1882 γικὴν
447 1807 678 1881 γνώμην
717 1810 835 1911 ,τοῦ
895 1805 1382 1911 ’Λχιτόφελ.”Καὶ
1445 1805 1592 1870 ὅλως
1640 1808 1784 1883 ἱερόν
1831 1829 1884 1862 τι
1919 1846 1966 1911 Β

223 1902 454 1972 πρᾶγμα
512 1898 546 1964 ἠ
603 1889 917 1967 συμϐουλὴ,
968 1895 1194 1970 γνώμης
1239 1891 1452 1968 ἓνωσις,
1499 1897 1711 1972 ἀγάπης
1758 1917 1888 1971 καρ-

227 1987 345 2055 πὸς,
422 1984 928 2062 ταπεινοφροσύνης
1012 1982 1307 2055 ἀπόδειξις.
1388 1983 1702 2056 ’Δλαξονεία
1784 1987 1887 2061 γὰρ

227 2073 402 2145 δεινὴ,
434 2075 499 2129 τὸ
535 2071 771 2146 μηδενὸς
798 2072 1003 2137 οἴεσθαι
1053 2074 1304 2150 χρῄζειν,
1356 2074 1480 2131 ἀλλ’
1511 2076 1684 2148 ἑαυτῷ
1714 2097 1889 2152 προσ-

225 2166 372 2241 (χειν
406 2165 486 2225 ὡς
523 2164 675 2236 μόνῳ
723 2162 788 2217 τὰ
845 2163 1103 2238 κράτιστα
1155 2163 1542 2240 βουλεύσασθαι
1584 2162 1885 2239 δυναμὲνῳ.

224 2256 418 2325 Ἡμεῖς
456 2250 514 2307 δὲ
550 2252 815 2324 όκνοῦμεν
858 2251 1080 2314 ιαυτοὺς
1129 2249 1409 2308 ὶπιδοῦναι
1458 2259 1575 2317 τοῖς
1603 2254 1670 2308 τὰ
1700 2251 1888 2310 δίοντα

227 2341 676 2417 εἶσηγουμὲνοις,
725 2341 815 2395 καὶ
873 2340 1244 2416 αἲσχυνόμεθα
1311 2341 1440 2404 τοὺς
1494 2345 1886 2416 συνετωτέρους

225 2433 390 2503 ἡμῶν
444 2431 586 2484 κατὰ
631 2430 722 2484 τὸν
778 2429 893 2505 βίον
938 2427 1261 2506 ὁμολογεῖν.
1315 2431 1540 2487 Ἔπειτα
1566 2433 1593 2486 6
1633 2432 1727 2487 τὸν
1755 2431 1889 2506 σύμ-

226 2515 430 2574 ϐουλον
475 2518 780 2590 ἀναμένων,
840 2518 928 2573 καὶ
977 2523 1093 2580 τοῖς
1148 2515 1310 2580 ἰδίοις
1362 2516 1652 2594 λογισμοῖς
1697 2521 1887 2596 κάιρὸν

229 2607 472 2675 δίδωσιν,
505 2607 558 2661 ἒν
593 2607 782 2682 χρόνῳ
838 2605 1058 2662 πλείονι
1115 2607 1250 2681 μετὰ
1303 2607 1534 2683 βασάνου
1583 2608 1674 2664 καὶ
1713 2629 1887 2681 προσ-

225 2708 364 2776 οχῆς
397 2698 718 2774 ἀνιχνεῦσαι
751 2700 814 2753 τὸ
845 2695 987 2755 δίον.

291 2881 384 2934 58.
419 2879 524 2932 Καὶ
578 2876 712 2949 μετὰ
764 2877 931 2931 ταῦτα
1149 2876 1402 2950 κληθήσῃ
1460 2877 1622 2940 πόλις
1679 2875 1888 2934 δικαιο-

225 2966 416 3036 σύνης,
484 2963 834 3040 μητρόπολις
892 2966 1059 3033 πιστή
1118 2965 1282 3020 Σιών.
1344 2963 1576 3037 Ἐδειξεν
1624 2966 1698 3028 εἰς
1728 2972 1884 3022 ποῖον

226 3055 610 3131 καταλήγουσι
658 3052 818 3116 τὲλος
871 3055 926 3108 αἱ
982 3053 1120 3108 κατὰ
1179 3054 1342 3128 μέρος
1390 3053 1707 3129 εὐεργεσίαι.
1741 3056 1887 3110 ’Δντὶ

222 3145 322 3218 γὰρ
353 3148 459 3199 τοῦ
487 3148 600 3198 τῶν
659 3146 932 3218 φονευτῶν
987 3143 1120 3197 εἶναι
1151 3137 1334 3214 πόλιν,
1382 3141 1546 3205 πύλις
1606 3141 1887 3198 δικαιοσύ-

1994 567 2265 639 gelistas;
2326 569 2518 640 qualis
2575 569 2948 626 consiliarius
2995 574 3119 626 erat
3176 569 3414 642 Paulus,
3444 571 3646 627 Testa-

1994 657 2177 712 menti
2227 657 2367 714 Novi
2420 659 2788 723 administer,
2821 659 3026 715 dicens
3060 676 3072 714 :
3108 659 3410 714 Consilium
3457 665 3647 714 autem

1993 745 2078 814 do,
2131 750 2402 818 tanquam
2450 747 2889 803 miscricordiam
2944 753 3270 804 consecutus
3325 749 3553 804 Domino
3572 748 3643 803 τί.

1996 833 2206 906 Ingens
2237 841 2432 891 autem
2479 836 2829 891 beneﬁcium
2877 837 3190 908 praesentia
3220 841 3310 892 est
3340 834 3648 908 prudentis

1995 939 2060 977 ac
2091 923 2348 980 benevoli
2390 924 2734 991 consiliarii,
2767 941 2900 981 cum
2936 925 3336 998 intelligentiae
3389 925 3652 997 pruden-

1993 1010 2204 1083 tiazque
2237 1013 2495 1085 inopiam
2543 1013 2600 1068 in
2651 1013 2724 1068 iis
2757 1014 2853 1085 qui
2887 1014 3202 1070 consilium
3233 1014 3475 1086 capiunt
3503 1030 3649 1086 sup-

1996 1099 2170 1172 pleat.
2207 1101 2434 1166 Quanta
2474 1107 2669 1158 autem
2721 1103 2800 1158 sit
2851 1102 3080 1158 consilii
3116 1101 3361 1173 utilitas,
3395 1102 3655 1158 ostendit

1994 1188 2084 1244 vel
2117 1190 2368 1245 maxime
2407 1191 2656 1261 Moyses,
2691 1192 2849 1248 omni
2901 1191 3305 1264 Egyptiorum
3358 1191 3650 1262 sapientia

1997 1278 2264 1334 eruditus
2285 1279 2357 1347 ⁸¹;
2388 1279 2488 1350 qui
2534 1278 2945 1351 alloquebatur
2989 1285 3194 1349 Deum,
3228 1279 3470 1352 perinde
3501 1295 3568 1335 ac
3599 1280 3650 1336 si

1997 1367 2130 1438 quis
2178 1368 2403 1423 amicus
2451 1385 2585 1423 cum
2635 1368 2824 1424 amico
2874 1368 3296 1440 loqueretur”.
3332 1367 3435 1423 Hic
3476 1385 3509 1423 a
3555 1385 3650 1425 so-

1997 1471 2126 1510 cero
2157 1473 2265 1511 suo
2307 1456 2513 1512 Jothor
2561 1456 2781 1528 accepit
2823 1457 3161 1528 consilium,
3195 1458 3275 1512 ita
3320 1462 3385 1510 ut
3431 1457 3649 1512 consti-

1996 1543 2177 1598 tuerit
2205 1545 2494 1614 tribunos,
2525 1545 2900 1601 centuriones
2931 1550 2988 1600 et
3021 1545 3388 1613 decuriones,
3417 1546 3513 1614 qui
3545 1563 3648 1618 po-

1998 1633 2200 1702 pulum
2226 1634 2564 1704 judicarent
2580 1635 2645 1690 5‘.
2670 1633 2818 1698 Quin
2862 1639 2920 1690 et
2959 1633 3136 1689 David
3169 1633 3347 1689 Chusi
3381 1649 3528 1688 usus
3558 1637 3650 1690 est

1997 1721 2353 1790 consiliario,
2377 1739 2479 1794 per
2507 1739 2680 1795 quem
2717 1723 3023 1795 dissipavit
3054 1722 3306 1778 militare
3331 1721 3647 1778 consilium

1996 1810 2341 1883 Achitophel
2364 1811 2427 1866 ⁵⁸.
2453 1812 2521 1866 Et
2563 1812 2621 1866 in
2656 1828 2911 1882 summa,
2937 1829 3103 1867 sacra
3135 1810 3401 1882 quaedam
3435 1827 3528 1866 res
3559 1814 3651 1867 est

1997 1899 2329 1970 consilium,
2363 1899 2724 1955 voluntatum
2784 1905 2874 1956 est
2920 1900 3254 1966 consensio,
3283 1899 3512 1954 fructus
3551 1899 3646 1954 di-

1994 1988 2289 2056 lectionis,
2360 1988 2712 2045 humilitatis
2779 1993 3214 2062 argumentum.
3277 1987 3650 2044 Intoleranda

1999 2093 2253 2148 namque
2284 2079 2620 2149 arrogantia
2659 2082 2766 2148 est,
2799 2077 3138 2133 existimare
3167 2093 3228 2133 se
3259 2075 3480 2132 nullius
3509 2093 3644 2149 ege-

1997 2183 2058 2222 rc
2088 2185 2100 2222 :
2135 2167 2235 2222 sed
2270 2167 2380 2222 sibi
2415 2171 2704 2222 attentum
2737 2183 2865 2223 esse
2889 2167 3060 2238 quasi
3092 2165 3254 2222 solus
3286 2165 3398 2221 sibi
3421 2166 3645 2236 optima

1997 2271 2245 2327 quasque
2293 2255 2480 2327 possit
2531 2255 2799 2310 suadere.
2835 2255 2960 2311 Non
3009 2259 3203 2310 autem
3255 2270 3524 2310 veremur
3571 2252 3646 2310 iis

1997 2345 2096 2416 qui
2128 2345 2198 2399 de
2247 2344 2439 2400 officio
2485 2348 2782 2411 moneant,
2817 2361 2923 2400 nos
2971 2344 3133 2415 ipsos
3184 2343 3494 2414 subjicere,
3525 2341 3643 2398 imo

1995 2434 2176 2506 pudet
2207 2449 2312 2488 nos
2359 2432 2621 2488 confiteri
2668 2431 2802 2488 illos
2831 2432 2888 2486 in
2921 2433 3150 2488 vivendi
3201 2433 3425 2487 ratione
3474 2429 3646 2487 nobis

1996 2538 2126 2579 esse
2157 2522 2586 2594 prudentiores.
2623 2523 2704 2576 Ad
2748 2521 2870 2577 haec
2901 2522 2998 2593 qui
3041 2525 3339 2593 exspectat
3367 2517 3643 2576 consilia-

1997 2612 2174 2678 rium,
2206 2611 2758 2667 ratiocinationibus
2805 2611 2930 2666 suis
2978 2609 3171 2665 locum
3225 2611 3347 2675 dat,
3382 2613 3446 2664 ut
3492 2613 3648 2664 tem-

1996 2717 2134 2772 pore
2164 2699 2514 2755 diuturniori
2563 2715 2632 2754 ea
2681 2715 2806 2770 qua:
2852 2699 3077 2769 decent,
3111 2713 3244 2754 cum
3293 2700 3560 2753 examine
3590 2698 3651 2750 et

1997 2789 2319 2844 attentione
2348 2787 2674 2860 investiget.

2064 2879 2154 2932 58.
2189 2881 2263 2932 Et
2290 2885 2406 2948 post
2452 2876 2573 2933 haec
2619 2875 2898 2932 vocaberis
2925 2877 3119 2931 civitas
3141 2875 3402 2946 justitiae,
3433 2880 3648 2928 metro-

1991 2968 2132 3039 polis
2179 2965 2357 3034 ﬁdelis
2392 2965 2549 3019 Sian.
2582 2963 2791 3019 Docuit
2822 2965 2878 3018 in
2912 2980 3086 3035 quem
3136 2962 3356 3018 exitum
3411 2959 3648 3032 singula

1995 3055 2279 3110 beneficia
2317 3054 2608 3110 desinant.
2638 3051 2782 3107 Nam
2831 3068 2899 3108 ex
2948 3051 3378 3106 homicidarum
3411 3048 3647 3105 civitate

1998 3143 2203 3199 civitas
2251 3143 2349 3198 ﬁet
2397 3141 2662 3213 justitise,
2692 3146 2750 3196 et
2786 3157 2855 3196 ex
2902 3140 3132 3195 civitate
3190 3137 3492 3194 meretrice
3549 3137 3650 3193 fiet

402 3232 498 3286 καὶ
558 3208 682 3286 ἀντὶ.
727 3235 823 3286 τοῦ
883 3231 1062 3307 πόρνη
1093 3230 1283 3300 πόλις,
1317 3208 1688 3308 μητρόπολις·
1723 3253 1883 3287 τουτ-

2001 3231 2340 3305 metropolis
2364 3249 2378 3286 :
2399 3208 2512 3286 hoc
2543 3208 2657 3297 est,
2686 3231 2834 3286 viam
2867 3229 3001 3284 aliis
3031 3229 3210 3283 etiam
3245 3229 3314 3282 ad
3347 3225 3651 3283 continen-

220 3321 357 3390 ἔστι,
391 3321 487 3375 καὶ
518 3318 718 3381 ἄλλαις
753 3321 861 3392 (67)
893 3321 1277 3396 καθηγουμὲνη
1337 3321 1473 3395 πρὸς
1512 3321 1886 3397 σωφροσύνην.

221 3410 325 3466 Καὶ
361 3408 539 3465 πάλιν
570 3409 762 3476 πιστὴ,
813 3407 945 3484 ὅπερ
993 3408 1061 3476 ἧν
1113 3408 1221 3484 πρὸ
1275 3413 1372 3463 τοῦ
1427 3404 1774 3484 βεϐηλῶσθαι
1831 3411 1891 3466 ἰκ

218 3505 317 3567 τῆς
348 3498 637 3570 πορνείας.
691 3498 753 3553 Ἠ
805 3495 896 3550 οὖν
943 3502 1063 3560 τοῖς
1107 3499 1403 3573 πρέπουσιν
1453 3497 1616 3573 ιαυτῇ
1661 3499 1890 3572 κόσμοις

214 3587 644 3658 κεκοσμημένη,
700 3580 1038 3659 συμϐούγοις
1085 3605 1144 3640 τε
1173 3585 1268 3640 καὶ
1319 3591 1551 3662 κριταῖς,
1585 3589 1620 3657 ἠ
1669 3586 1721 3642 ἐν
1755 3593 1888 3663 Χρι-

217 3681 325 3746 στῷ
375 3672 708 3743 Ἐκκλησία,
791 3671 1140 3748 μητρόπολις
1218 3671 1278 3728 ἂν
1354 3675 1714 3750 χρηματίζοι,
1769 3680 1884 3732 οἷον

221 3765 489 3819 ἂποικίασ
537 3763 693 3823 τινὰς
721 3766 820 3816 τοῖ’)
869 3761 1006 3817 κατὰ
1034 3763 1162 3818 Θεὸν
1215 3762 1336 3837 βίου
1365 3770 1490 3838 παρ’
1529 3765 1722 3834 ἑαυτῆς
1753 3765 1887 3820 ἀπο-

223 3853 560 3920 στέλλουσα,
595 3851 745 3907 Μετὰ
786 3851 887 3927 γὰρ
931 3851 1196 3925 κρίματος
1256 3854 1556 3922 σωθήσεται
1605 3856 1640 3923 ἡ
1680 3854 1885 3929 αἱγμα-

220 3940 399 3996 λωσέα
462 3941 662 4009 αὐτῆς,
744 3941 833 3994 καὶ
895 3940 1029 4014 μετὰ
1113 3939 1510 4013 ὲλεημοσύνης.

216 4037 332 4092 τοῖς
368 4029 485 4084 ἄνω
530 4028 658 4102 περὶ
700 4027 987 4102 πολεμίων
1048 4028 1341 4100 αἰσθητῶν,
1377 4028 1502 4085 οὐδὲ
1537 4031 1660 4106 περὶ
1685 4032 1886 4108 αἰχμα-

219 4118 415 4174 λώτων
484 4117 681 4184 εἰπὼν,
729 4119 831 4186 τὴν
884 4117 1310 4172 ἁποαατάστασιν
1365 4117 1533 4188 αὐτῆς
1589 4119 1884 4194 αἰχμαλω-

217 4207 333 4270 σίας
365 4205 562 4284 ἄφεσιν
624 4204 824 4280 λᾶγων,
887 4201 1192 4262 ύποόάλλει
1237 4209 1372 4279 ἡμῖν
1425 4212 1589 4278 νοεῖν,
1647 4210 1720 4271 ὡς
1762 4209 1882 4265 ἐκάο

219 4315 345 4350 στου
402 4297 575 4364 ἡμῶν
635 4293 738 4347 ὑπὸ
786 4294 1051 4366 ἁμαρτίαν
1107 4296 1414 4369 γινομένου,
1477 4293 1599 4350 δταν
1651 4318 1885 4353 κατακυ·

219 4385 528 4458 ριιυθῶμεν
578 4380 684 4436 ὑπὸ
731 4382 828 4436 τοῦ
880 4381 1103 4457 ιχθροῦ.
1167 4382 1332 4438 οἷονεὶ
1393 4380 1606 4457 δέσμιοι
1645 4388 1886 4460 τῆς

220 4472 492 4543 ἁπαρτίας
524 4469 832 4544 γινόμενοι,
865 4470 954 4525 καὶ
1003 4470 1338 4547 ἀπαγόμενοι
1376 4472 1480 4526 ὑπὸ
1510 4477 1606 4527 τοῦ
1638 4481 1883 4549 πονηροῦ

1997 3321 2138 3377 tiam
2171 3319 2674 3377 commonstrabit.
2710 3319 2778 3374 Et
2820 3334 3028 3374 rursus
3076 3315 3265 3372 fidelis
3302 3315 3509 3372 evadet
3540 3331 3553 3370 :
3591 3314 3650 3369 id

1997 3411 2151 3482 quod
2185 3410 2348 3480 prius
2389 3413 2513 3464 erat
2565 3424 2742 3479 quam
2777 3406 3108 3462 meretricio
3137 3420 3311 3476 opere
3359 3402 3648 3460 contami-

1999 3505 2256 3556 naretur.
2292 3501 2492 3570 Itaque
2552 3514 2618 3552 ea
2676 3513 2806 3569 quae
2850 3496 2909 3550 in
2957 3495 3187 3552 Christo
3243 3497 3333 3550 est
3387 3491 3650 3549 Ecclesia

1997 3588 2362 3645 convenienti
2387 3587 2497 3643 sibi
2530 3586 2687 3642 cultu
2722 3587 3032 3652 adornata;
3069 3584 3348 3639 nimirum
3372 3581 3642 3639 consilia-

1997 3678 2100 3733 riis
2139 3683 2196 3733 et
2235 3676 2561 3748 judicibus,
2586 3673 2868 3747 appellari
2918 3671 3258 3744 metropolis
3310 3671 3544 3744 poterit,
3577 3672 3646 3725 ut

1996 3783 2123 3838 quas
2161 3782 2230 3821 ex
2277 3781 2340 3819 se
2387 3763 2564 3819 veluti
2597 3763 2883 3834 quaedam
2934 3761 3038 3815 visa
3085 3760 3410 3816 secundum
3458 3763 3643 3812 Deum

1995 3855 2370 3911 instituenda?
2420 3852 2679 3908 colonias
2723 3850 2972 3906 emittat.
3006 3850 3179 3906 Vens.
3211 3849 3302 3904 27.
3335 3850 3473 3904 Nam
3517 3861 3643 3900 cum

1607 3941 1775 4000 Οὐδὲν
1833 3945 1888 3998 ὲν
1985 3946 2200 4017 judicio
2241 3943 2552 3998 salvabitur
2604 3942 2893 4012 captivitas
2924 3941 3116 4010 ipsius,
3149 3946 3200 3994 et
3245 3954 3365 3992 cum
3423 3936 3647 3992 miseri-

1994 4035 2204 4089 cordia.
2234 4031 2372 4087 Cum
2425 4029 2647 4084 nullam
2707 4029 2762 4082 in
2825 4026 3228 4098 superioribus
3256 4026 3327 4080 de
3385 4025 3643 4084 inimicis

1995 4121 2399 4185 eensibilibue,
2431 4123 2533 4174 aut
2571 4119 2642 4173 de
2695 4115 2940 4188 captivis
2997 4114 3355 4169 mentionem
3416 4115 3635 4183 fecerit,

1995 4216 2052 4268 et
2078 4215 2270 4266 tamen
2305 4225 2436 4263 cum
2471 4208 2600 4274 ejus
2639 4203 3065 4261 restitutionem
3101 4217 3198 4257 ceu
3233 4201 3638 4261 liberationem

1994 4298 2350 4373 captivitatis
2399 4296 2648 4362 nuntiet,
2698 4293 2959 4366 suggerit
3007 4292 3176 4347 nobis
3227 4295 3292 4346 ut
3347 4291 3642 4365 intelliga-

1994 4405 2128 4444 mus
2177 4403 2302 4452 nos,
2339 4400 2693 4457 unoquoque
2740 4387 3004 4438 nostrum
3048 4380 3105 4436 in
3141 4383 3442 4452 peccatum
3491 4380 3642 4437 inci-

1993 4479 2192 4546 dente,
2242 4491 2376 4530 cum
2432 4472 2701 4529 videlicet
2730 4471 3070 4526 dominatur
3120 4469 3290 4524 nobis
3344 4469 3641 4539 inimicus,

223 4561 302 4620 εἰς
330 4562 395 4615 τὸ
431 4563 782 4631 παραστῆσαι
829 4558 898 4614 τὰ
949 4558 1089 4632 μέλη
1149 4562 1311 4632 ἡμῶν
1368 4559 1538 4616 δοῦλα
1563 4565 1630 4636 τῇ
1691 4565 1884 4638 ἀνομίᾳ

1998 4565 2214 4640 peccati
2271 4579 2399 4620 esse
2428 4562 2604 4617 veluti
2637 4577 2834 4616 servos
2863 4564 3040 4630 atque
3070 4576 3103 4613 a
3136 4557 3394 4628 maligno
3444 4557 3643 4613 induci

220 4649 298 4710 ek
329 4650 434 4718 τὴν
465 4647 721 4720 ἀνομίαν.
752 4649 851 4703 Διά
905 4652 1066 4704 τοῦτο
1119 4649 1300 4724 κριταὶ
1342 4649 1608 4718 σώζοντες
1639 4653 1775 4725 (69),
1809 4653 1882 4716 ὡς

1995 4660 2061 4710 ut
2090 4653 2456 4725 praebeamus
2497 4650 2758 4705 membra
2795 4652 2999 4704 nostra
3047 4663 3214 4703 serva
3242 4645 3540 4716 iniquitati
3568 4647 3642 4703 ad

297 4795 340 4834 ⁵⁸
377 4794 402 4850 l
436 4793 572 4850 Cor.
605 4807 708 4857 vu,
740 4792 830 4848 25.
909 4792 954 4827 δ’
982 4796 1106 4848 Act.
1141 4809 1244 4861 vn,
1274 4793 1365 4847 22.
1442 4793 1487 4828 ⁵³
1516 4793 1691 4852 Exod.
1723 4812 1884 4854 xxxii

1998 4800 2044 4854 1.
2121 4797 2166 4832 ⁵⁸
2194 4795 2372 4851 Exod.
2404 4809 2565 4863 xvm,
2592 4793 2684 4858 21,
2715 4791 2805 4845 22.
2880 4790 2924 4826 ⁸⁵
2955 4790 3001 4844 II
3033 4789 3173 4861 Reg.
3204 4804 3341 4858 xvu,
3381 4787 3462 4842 14.

289 4951 407 5026 (63)
438 4950 662 5026 Nostra
708 4949 897 5026 editio
918 4949 1101 5014 Paris,
1129 4966 1262 5006 cum
1304 4950 1500 5026 tribus
1532 4967 1685 5026 mss.
1708 4971 1882 5026 παρα-

215 5015 501 5097 πλησίους
536 5018 647 5097 ὀὖν
702 5025 822 5097 τοῖς
873 5015 1547 5097 ἀπαρχῆςᾼσυμϐοᾼύλοις.
1581 5023 1689 5080 Alii
1739 5015 1879 5097 tres,

213 5089 626 5166 παραπλησίαις
669 5089 785 5166 οὖν,
817 5097 929 5148 etc.
964 5089 1073 5166 Sed
1099 5089 1515 5166 __Combeflsius
1563 5111 1671 5150 suo
1720 5089 1882 5154 more

214 5158 522 5246 emendat,
569 5158 1267 5246 l_egitque,meup6ot5).o_o_¢:
1296 5181 1473 5236 quam
1491 5168 1880 5246 _scripturam

213 5238 406 5294 secuti
455 5241 617 5300 sunt,
650 5235 750 5306 qui
804 5235 1072 5290 ultimam
1123 5235 1438 5292 editionem
1487 5235 1880 5295 Parisiensem

216 5309 633 5364 adornandam
666 5311 972 5362 curarunt.
996 5308 1066 5362 Et
1095 5323 1202 5364 nos
1231 5323 1478 5379 quoque,
1505 5309 1617 5365 nisi
1650 5311 1882 5367 obesset

213 5385 484 5436 veterum
519 5380 807 5435 librorum
841 5379 1182 5450 auctoritas,
1205 5395 1334 5435 eam
1368 5380 1534 5452 sequi
1567 5397 1682 5436 non
1715 5382 1882 5438 dubi-

215 5458 404 5506 tarem
418 5470 508 5507 ue.

284 5525 416 5593 (6-6)
437 5521 589 5593 Editi
633 5537 771 5576 cum
811 5520 1006 5575 tribus
1034 5535 1204 5592 mse.,
1236 5517 1564 5585 παιδευθείς.
1597 5522 1707 5578 Alii
1738 5527 1879 5593 tres,

223 5591 684 5666 πεπαιδευμένος.

294 5667 407 5740 (65)
442 5660 507 5723 In
538 5662 801 5738 vulgatis
847 5660 1019 5719 libris
1063 5661 1273 5734 legitur
1324 5665 1652 5732 καταστῆσαι
1692 5663 1876 5720 αὐτόν’

1992 4955 2094 5012 sed
2125 4970 2232 5010 vox
2262 4950 2420 5006 αὐτόν
2449 4952 2508 5006 in
2542 4949 2893 5017 nostrissex
2931 4964 3077 5004 mss.
3112 4947 3296 5003 deest.
3327 4944 3641 5017 Aliquanto

1992 5031 2299 5101 postmss.
2333 5023 2622 5101 nonnulli,
2655 5013 3229 5101 Guggaultpfxoﬁtoz.
3260 5087 3294 5101 Η
3440 5013 3496 5101 ἠ

2059 5099 2174 5169 (66)
2205 5098 2268 5169 In
2301 5089 2750 5169 quinquemss.‘
2769 5109 2874 5164 pro
2901 5089 3068 5169 egeas
3097 5089 3377 5169 scribitur
3402 5089 3586 5169 τουτο.

2064 5159 2176 5240 ζ67)
2208 5159 2407 5241 Ηῦἴὶῐι
2438 5159 2613 5222 θ’ᾶὶιίε
2644 5159 3126 5241 Ιοείίυιςηᾶλλαις,
3162 5159 3638 5241 sc_riptum.inve-

1992 5232 2189 5296 nimus
2220 5241 2278 5294 in
2311 5239 2573 5311 quinque
2607 5232 2773 5303 mss,
2807 5232 3386 5311 dllqtc-rquglectio
3418 5232 3465 5311 si
3500 5232 3638 5285 reci-

1992 5312 2171 5384 pitur,
2201 5303 2608 5382 subi-ntelligas
2639 5313 2886 5380 oportet,
2934 5303 3110 5366 λαοῖς.
3146 5303 3354 5361 Statim
3394 5308 3637 5437 uterqﬁue

1989 5383 2170 5437 Colb..
2198 5383 2330 5437 timo
2360 5381 2448 5437 ἧς.
2473 5381 2622 5437 auod
2651 5397 2792 5436 eras.
2821 5380 2966 5435 Editi
2991 5383 3048 5434 et
3066 5377 3164 5431 alii
3199 5391 3365 5436 mss.,
3388 5371 3518 5437 ὅπερ
3586 5389 3632 5424 ν.

2031 5383 2170 5446 olb..
2198 5383 2330 5456 ὅπερ
2360 5381 2448 5450 ἧς,
2473 5381 2622 5453 quod
2651 5397 2792 5436 eras.
2821 5381 2966 5435 Editi
2991 5383 3048 5434 et
3066 5381 3164 5431 alii
3199 5391 3365 5436 mss.,
3388 5381 3518 5444 ὅπερ
3545 5381 3632 5437 ην.

2059 5455 2173 5527 (68)
2205 5455 2446 5527 Codices
2493 5449 2875 5527 tres,_8tepuot
2909 5449 3030 5505 ὑπό.
3085 5449 3297 5504 ibidem
3332 5461 3430 5499 sex
3465 5458 3630 5507 mss.,

1987 5523 2290 5606 γινόμενοι.
2325 5523 2920 5606 Εᾶίῐί,γενόμενοι..ω
2992 5596 3003 5606 ι
3044 5597 3054 5606 ι
3110 5605 3115 5606 γ
3196 5586 3286 5606 Λεέ
3321 5601 3443 5606 *μ’
3530 5580 3591 5606 Ἀ

1991 5586 2020 5737 ἐ
2058 5586 2172 5671 (69)
2203 5599 2296 5657 sic
2341 5603 2460 5654 tres
2488 5586 2758 5654 'msszt
2787 5594 2923 5651 editi
2954 5596 3012 5648 et
3044 5597 3160 5646 tres
3190 5586 3290 5644 alii
3321 5601 3494 5650 mss.,
3525 5586 3631 5635 σώ-

2022 5686 2188 5726 ονται.
2793 5713 2798 5720 ,
