4130 6210
434 390 547 448 227

441 610 666 680 partem
701 609 1080 677 usurpatum,
1112 604 1263 658 sicut
1292 603 1349 656 in
1384 602 1592 658 Genesi
1651 600 1888 673 quidem
1913 601 2085 671 juxta

443 694 756 766 Aquilam:
796 696 860 749 Et
907 693 1181 763 plantavit
1225 693 1487 746 Dominus
1547 691 1685 745 Deus
1740 690 1957 745 hortum
2023 691 2084 742 in

441 783 606 839 Edam
634 783 698 836 7°.
730 782 843 836 Sed
875 798 905 837 e
934 779 1226 836 contrario
1257 784 1409 834 terra
1437 779 1689 851 Egypti,
1719 793 1850 832 cum
1879 776 2082 848 culpa-

439 877 622 937 retur,
652 869 945 942 appellata
992 872 1081 922 est
1112 868 1317 922 hortus
1366 867 1621 922 oleribus
1652 866 1934 922 consitus.
1971 865 2083 919 Ite-

441 976 574 1015 rum
609 959 759 1015 horti
792 959 855 1013 lit
887 957 1104 1012 mentio
1136 973 1268 1011 cu'n
1303 955 1854 1028 vituperatione,ubi
1887 952 2083 1009 Achab

440 1048 512 1104 ad
545 1047 914 1102 efﬁciendum
949 1045 1172 1100 olerum
1207 1044 1441 1099 hortum
1465 1043 1865 1099 haereditatem
1887 1041 2080 1097 Nabu-

439 1137 556 1192 thae
594 1134 871 1191 Israelitc'e
904 1134 1345 1206 concupisceret
1373 1134 1440 1187 τί.
1475 1131 1852 1188 Ecclesiastes
1881 1135 2086 1186 contra

437 1241 569 1280 cum
605 1223 778 1278 laude
810 1221 1081 1277 meminit
1111 1222 1283 1289 horti,
1309 1221 1512 1278 dicens
1538 1238 1551 1276 :
1577 1221 1852 1276 Fecimihi
1883 1221 2082 1285 hortos,

436 1317 487 1368 et
515 1313 761 1385 pomaria
792 1313 858 1366 ⁷³.
892 1312 1038 1374 Quin
1074 1311 1249 1366 etiam
1283 1311 1629 1366 benedictus
1660 1314 1749 1366 est
1770 1310 1999 1373 hortus,
2022 1309 2080 1362 in

437 1419 552 1475 quo
580 1402 690 1456 fuit
723 1404 1192 1466 monumentum,
1227 1400 1383 1470 quod
1443 1400 1498 1454 in
1562 1398 1786 1454 Domini
1846 1413 2084 1469 corpore

430 1491 847 1562 temporariam
876 1488 1082 1544 mortis
1141 1487 1639 1559 dispensationem
1689 1487 1934 1560 excepit.
1981 1486 2084 1542 Hic

435 1579 673 1652 quidem
725 1579 786 1632 in
818 1576 1030 1632 malam
1093 1582 1318 1648 partem
1379 1581 1650 1650 acceptus
1697 1581 1806 1647 est,
1861 1581 1924 1632 ut
1981 1575 2080 1648 qui

438 1667 845 1725 confusionem
881 1666 1283 1738 pudoremque
1313 1665 1562 1721 incutiat
1611 1663 2081 1738 concupiscenti-

434 1756 568 1811 bus.
602 1755 670 1809 Et
699 1769 838 1809 sane
861 1753 1094 1808 videtur
1125 1769 1281 1808 nunc
1310 1754 1382 1808 de
1413 1752 1564 1810 lucis
1609 1753 1791 1826 loqui,
1851 1753 1952 1824 qui
2009 1754 2080 1808 ad

431 1845 723 1902 idolorum
756 1850 1028 1900 ornatum
1053 1845 1126 1900 ab
1159 1844 1251 1900 his
1287 1845 1385 1918 qui
1417 1845 1642 1918 decepti
1676 1845 2083 1935 sunt,undeli-
2114 1880 2162 1946 B

434 1936 532 1991 bet
561 1935 942 2007 plantantur:
978 1950 1080 2005 per
1112 1951 1260 2006 quos
1291 1933 1543 2006 intelligi
1602 1938 1832 2007 oportet
1855 1927 2085 1990 'vitiosa

437 2024 635 2081 studia
679 2028 738 2078 et
795 2027 1064 2079 externas
1122 2023 1553 2094 simulationes,
1613 2023 1827 2095 quibus
1887 2027 2087 2078 nostra

435 2113 863 2168 obumbramus
890 2110 1567 2176 vitia.Quemadmodum
1591 2112 1638 2168 si
1677 2113 1807 2181 quis
1837 2128 1897 2167 se
1930 2112 2078 2169 425

431 2202 492 2258 in
523 2200 923 2273 voluptatibus
949 2199 1241 2270 volutans,
1268 2200 1573 2256 simularet
1602 2201 1931 2257 castitatem
1958 2217 1973 2271 ;
2000 2200 2083 2256 vel

434 2289 484 2346 si
517 2289 650 2362 quis
681 2287 1067 2360 pecuniarum
1101 2288 1360 2343 servituti
1414 2287 1810 2360 mancipatus,
1844 2305 2083 2361 magna-

435 2379 636 2435 nimus
667 2377 851 2432 videri
882 2376 1122 2431 studeat
1155 2393 1168 2432 :
1205 2377 1277 2432 ob
1322 2392 1450 2446 qua:
1483 2377 1922 2433 conl’undentur
1941 2395 2081 2434 con—

435 2467 823 2539 cupisccntes,
857 2465 1092 2536 quando
1132 2465 1397 2520 cordium
1447 2469 1784 2522 nostrorum
1839 2466 2084 2523 consilia

437 2554 866 2612 revelabuntur.

507 2643 596 2698 63.
631 2642 808 2696 Vens.
835 2642 1107 2696 30.Erunt
1136 2643 1283 2696 enim
1314 2644 1472 2714 quasi
1492 2644 1830 2700 terebinthus
1853 2661 1972 2718 quae
1986 2646 2084 2699 ab-

428 2733 566 2804 jecit
595 2729 756 2802 folia,
789 2733 841 2784 et
871 2730 1020 2784 velut
1051 2729 1239 2785 hortus
1267 2746 1377 2785 non
1429 2731 1632 2786 habens
1661 2749 1884 2803 aquam.
1921 2734 2082 2799 Quod

435 2821 647 2876 attinet
679 2819 750 2874 ad
783 2819 1036 2874 nativam
1070 2819 1378 2874 verborum
1403 2820 2071 2893 signiﬁcationem,vide-

435 2913 535 2964 tur
563 2909 634 2964 de
667 2907 944 2962 iishortis
993 2907 1170 2963 verba
1217 2907 1426 2977 facere,
1488 2925 1738 2980 quorum
1797 2912 2085 2968 desiderio

437 2997 787 3053 tenebantur
815 2994 913 3049 isti
947 2994 1235 3050 idolorum
1268 2995 1553 3052 cultores:
1591 2997 1869 3054 nimirum
1903 2999 2084 3056 futuri

439 3089 606 3141 erant
634 3083 963 3139 terebintho
997 3085 1122 3138 suis
1152 3083 1301 3140 l'oliis
1331 3085 1582 3156 spoliata
1637 3092 1696 3142 et
1724 3086 1890 3143 horto
1921 3106 2084 3160 aquai

1306 392 1308 394 ’
1385 382 1781 444 APPENDIX
1828 377 2150 443 OPERUM
2196 379 2262 440 S.
2307 376 2590 442 BASlLlI
2633 380 2905 443 MAGNI.

435 520 686 591 piarunt.
719 520 944 572 Nomen
974 514 1128 571 horti
1160 512 1655 586 deprehendimus
1685 512 1746 567 in
1771 513 2082 582 utramque

2196 505 2229 562 ἃ
2306 505 2669 582 ἐπεθύμησαν.
2732 511 3116 589 Ἐπαμφότερα
3200 511 3312 584 (83)

3729 387 3850 446 228

3400 509 3848 587 παραληφθεῖσαν

2190 601 2288 652 τοῦ
2339 599 2519 668 κήπου
2589 600 2689 668 τὴν
2747 601 3120 675 προσηγορίαν
3172 599 3510 675 εὑρίσκομεν,
3542 600 3616 662 ὡς
3647 599 3700 655 ἐν
3751 603 3849 674 μὶν

2191 689 2259 759 τῇ
2303 687 2510 742 Γενὲσει
2557 689 2694 742 κατὰ
2739 689 2830 743 τὸν
2867 686 3098 745 Ἀκύλαν
3131 711 3142 723 ·
3190 689 3289 743 Καὶ
3339 689 3592 768 ἐφύτευσε
3647 689 3849 765 Κύριος

2193 776 2220 829 ὁ
2253 776 2380 837 Θεὸς
2437 783 2612 846 κῆπον
2674 776 2725 831 ἐν
2787 775 2972 850 Ἐδὲμ.
3009 778 3179 832 Πάλιν
3239 776 3296 833 δὲ
3344 781 3379 848 ἡ
3437 785 3504 854 γῆ
3567 779 3851 854 Αἰγύπτου

2193 858 2603 937 διαϐαλλομὲνη
2636 873 2814 935 κῆπος
2861 863 3070 942 εἷ’ρηται
3127 865 3416 942 λαχανίας.
3454 866 3622 923 Πάλιν
3673 870 3849 942 ψεκτὴ

2197 953 2388 1024 μνήμη
2448 955 2649 1023 κήπου,
2698 953 2861 1024 ἡνίκα
2904 950 3114 1030 Ἀχαὰϐ
3175 953 3429 1029 ἐπεθύμει
3485 958 3579 1010 τὸν
3635 955 3846 1033 κλῆρον

2192 1035 2469 1106 Ναϐουθαὶ
2501 1045 2611 1116 (84)
2640 1048 2738 1098 τοῦ
2771 1045 3146 1120 Ἰεζραηλίτου
3175 1052 3356 1114 κῆπον
3389 1044 3646 1120 λαχάνων
3679 1054 3849 1116 ποιῆ-

2191 1151 2297 1187 σαι.
2349 1133 2674 1194 Ἐπαινετῶς
2725 1130 2782 1187 δὲ
2843 1132 3114 1206 μέμνηται
3175 1135 3203 1188 ὁ
3262 1132 3695 1205 Ἐκκλησιαστὴς
3747 1134 3847 1191 λέ-

2189 1238 2330 1294 γων·
2423 1220 2687 1292 Ἐποίησά
2787 1242 2880 1294 μοι
2972 1224 3183 1292 κήπους
3288 1224 3377 1278 καὶ
3461 1221 3847 1299 παραδείσους.

2191 1307 2518 1383 Ηύλόγηται
2551 1307 2607 1363 δὲ
2637 1311 2664 1364 ὁ
2695 1317 2895 1382 κῆπος,
2929 1309 2979 1364 ἐν
3013 1311 3059 1383 ᾧ
3087 1312 3149 1366 τὸ
3191 1318 3400 1385 μνῆμα,
3433 1313 3530 1382 τὴν
3577 1312 3847 1387 πρόσκαι-

2191 1416 2285 1471 ρον
2313 1401 2411 1452 τοῦ
2443 1399 2672 1462 θανάτου
2705 1398 3023 1473 οἰκονομίαν
3055 1397 3447 1474 ὑποδεξάμενον
3495 1400 3546 1455 ἐν
3597 1406 3675 1473 τῷ
3734 1403 3847 1456 σώ-

2195 1507 2322 1559 ματι
2380 1492 2476 1542 τοῦ
2537 1487 2758 1564 Κυρίου.
2805 1489 3060 1543 Ἐνταῦθα
3115 1489 3300 1561 μέντοι
3349 1484 3707 1560 διαϐέϐληται
3767 1491 3848 1553 ὡς

2190 1574 2460 1650 αἰσχύνην
2486 1579 2753 1652 προξενῶν
2805 1581 2924 1639 τοῖς
2977 1576 3396 1650 ἆπιθυμήσασιν.
3430 1579 3529 1636 Καὶ
3589 1577 3731 1634 ἔοικέ
3782 1601 3852 1654 γε

2189 1667 2281 1718 νῦν
2313 1665 2379 1718 τὰ
2408 1661 2548 1735 ἄλση
2583 1663 2756 1740 Αέγειν
2787 1665 2855 1720 τὰ
2880 1670 2998 1727 τοῖς
3033 1662 3290 1729 εῗδώλοις
3317 1665 3393 1728 εἲς
3439 1664 3644 1739 κόσμον
3696 1667 3850 1742 παρὰ

2189 1755 2296 1806 τῶν
2373 1753 2741 1828 ἠπατημένων
2807 1753 3293 1832 περιφυτευόμενα,
3353 1756 3487 1829 ἅπερ
3726 1757 3845 1831 χρὴ

2189 1846 2427 1904 νοεῖσθαι
2477 1842 2572 1904 τὰς
2630 1840 3054 1917 πεπλανημένας
3115 1840 3506 1915 ἐπιτηδεύσεις,
3564 1844 3654 1898 καὶ
3711 1843 3847 1907 τοὺς

2193 1927 2384 2002 ἔξωθεν
2414 1930 2859 2005 σχηματισμοὺς,
2895 1934 2980 1994 οἷς
3019 1932 3088 1986 τὰ
3133 1933 3278 2002 πάθη
3316 1933 3479 2004 ἡμῶν
3529 1929 3846 2002 ἐπισκιάζο-

2196 2039 2314 2091 μεθ.
2348 2022 2478 2075 Οἴον
2509 2017 2564 2073 εἶ’
2592 2041 2676 2082 τις
2709 2019 2760 2074 ἐν
2795 2017 3018 2089 ἡδοναῖς
3058 2017 3508 2093 καλινδούμενος,
3534 2021 3849 2094 σεμνότητα

2191 2106 2617 2183 σχηματίζοιτο,
2649 2108 2740 2162 καὶ
2773 2107 2823 2162 εἷ’
2848 2130 2931 2170 τις
2974 2105 3387 2181 δεδουλωμὲνος
3438 2111 3714 2184 χρήμασι,
3746 2131 3846 2182 με·

2190 2196 2512 2271 γαλόψυχος
2551 2197 2685 2252 εἶναι
2739 2195 2915 2252 δοκεῖν
2968 2195 3302 2267 ἐπιτηδεύοι,
3335 2199 3416 2260 οἷς
3474 2197 3848 2277 ἆπαισχυνθήο

2193 2304 2377 2338 σονται
2404 2285 2456 2338 οἱ
2487 2285 2936 2357 ἰπιθυμήσαντες,
2969 2283 3096 2341 ὅταν
3127 2287 3182 2340 αἱ
3216 2285 3412 2361 βουλαί
3451 2291 3557 2341 τῶν
3602 2285 3846 2363 καρδιῶν

2192 2374 2352 2444 ἡμῶν
2381 2371 2898 2432 ἀποκαλύπτωνται.

2261 2644 2350 2697 63.
2411 2643 2662 2696 Ἔσονται
2727 2641 2829 2714 γὰρ
2901 2639 2976 2702 ὧς
3040 2635 3346 2716 τερέϐινθος
3419 2636 3846 2713 ἀποϐεϐληκυῖα

2191 2729 2257 2784 τὰ
2285 2731 2399 2802 (86)
2428 2728 2632 2807 φύλλα,
2664 2729 2754 2783 καὶ
2806 2727 2880 2790 ὠς
2941 2726 3264 2804 παράδεισος
3331 2727 3476 2804 ὕδωρ
3535 2732 3610 2802 μή
3669 2729 3844 2808 ἔχων.

2191 2819 2279 2880 Ὠς
2339 2819 2434 2891 μὶν
2492 2817 2628 2893 πρὸς
2687 2818 2748 2872 τὸ
2807 2817 2992 2893 ῥητὸν,
3028 2815 3178 2872 δοκεῖ
3214 2819 3338 2894 περὶ
3367 2823 3474 2873 τῶν
3507 2821 3700 2890 κήπων
3745 2821 3841 2877 λέ-

2192 2927 2305 2980 γειν
2360 2911 2468 2961 τῶν
2539 2905 2891 2979 ἐπιθυμητῶν
2963 2911 3082 2970 τοῖς
3160 2904 3654 2985 εἰδωλολατροῦσιν
3692 2955 3706 2981 ,
3755 2911 3842 2965 ὅτι

2193 2997 2568 3075 άτερπὲστεροι
2655 2996 2861 3052 ἔσονται
2919 2993 3200 3072 τερϐίνθου
3277 3001 3681 3073 γυμνωθείσης,
3749 3001 3842 3056 καὶ

2192 3088 2518 3165 παραδείσου
2569 3090 3034 3164 ἀποξηρανθέντος
3094 3089 3196 3144 ὑπὸ
3256 3093 3367 3163 (87)
3411 3091 3688 3166 ἀνυδρίας.
3749 3094 3840 3155 Ὧς

441 3170 688 3244 penuria
703 3170 990 3226 exsiccata
1014 3172 1616 3239 inamceniores.Quod
1643 3181 1837 3230 autem
1861 3181 2085 3247 spectat

2195 3175 2252 3233 δὲ
2306 3179 2441 3254 πρὸς
2494 3179 2584 3232 τὸν
2643 3178 2835 3247 ἠθικὸν
2892 3181 3041 3248 νοῦν,
3099 3176 3182 3232 ὅτι
3234 3179 3284 3232 οἱ
3341 3183 3419 3250 τῷ
3462 3174 3649 3248 ἔξωθεν
3696 3201 3843 3255 σχη-

442 3261 512 3314 ad
543 3275 785 3315 sensum
811 3259 1114 3328 moralem,
1148 3265 1237 3315 est
1265 3261 1576 3331 ejusmodi.
1619 3263 1727 3327 Qui
1763 3280 1865 3334 per
1894 3245 2079 3321 exter-

2196 3245 2452 3340 ματισμῷ
2488 3267 2586 3335 τὴν
2618 3245 2762 3342 παρᾶ
2789 3271 2897 3321 τῶν
2948 3245 3250 3342 ἀνθρώπων
3298 3245 3451 3338 δόξαν
3498 3245 3843 3344 θηρώμενοι,

443 3364 586 3403 num
619 3347 816 3401 fucum
859 3347 1104 3419 gloriam
1161 3354 1532 3420 aucupentur
1588 3351 1661 3404 ab
1720 3351 2080 3426 hominibus,

445 3441 758 3508 postquam
791 3450 857 3489 ea
888 3451 1015 3505 quae
1047 3436 1390 3492 abscondita
1419 3441 1578 3502 sunt,
1599 3444 1813 3496 retecta
1844 3442 2080 3512 fuerint,

442 3539 574 3580 cum
608 3522 826 3577 fuerint
855 3522 1053 3578 omnia
1072 3524 1228 3580 nuda
1251 3529 1306 3580 et
1339 3531 1540 3597 aperta
1563 3527 1628 3593 ⁷⁸,
1680 3545 1786 3584 nec
1808 3531 1934 3600 jam
1967 3532 2085 3589 ulla

442 3611 503 3666 in
537 3612 785 3668 obscuro
822 3611 1121 3667 delituerit
1175 3618 1460 3683 creatura,
1520 3620 1646 3672 tum
1704 3627 2084 3678 evanescente

445 3717 648 3758 eorum
679 3701 1156 3770 errore,deforme
1173 3704 1491 3760 admodum
1522 3708 1920 3778 spectaculum
1933 3727 2084 3783 prae-

440 3787 687 3854 bebunt,
719 3787 800 3842 ita
828 3791 894 3842 ut
922 3788 1032 3856 ipsi
1066 3795 1482 3862 comparentur
1511 3796 1773 3865 quercui.
1811 3799 1896 3852 lta
1927 3799 2079 3856 enim

434 3875 818 3932 reddiderunt
837 3875 933 3931 alii
958 3868 1304 3950 interpretes
1336 3880 1738 3938 terebinthum
1767 3886 2016 3960 :quippe
2029 3892 2086 3944 et

428 3964 491 4020 in
526 3964 738 4021 Genesi
771 3981 1051 4037 quercum
1111 3972 1169 4022 et
1210 3968 1614 4025 terebinthum
1651 3974 1920 4030 eamdem
1955 3992 2084 4032 esse

430 4054 696 4110 arborem
731 4053 1047 4110 didicimus
1077 4055 1344 4112 “Erunt
1372 4057 1555 4129 igitur
1581 4058 1733 4115 foliis
1757 4062 1880 4131 jam
1902 4064 2083 4121 amis-

439 4142 524 4199 sis
547 4142 881 4198 terebintho
911 4142 997 4198 vel
1031 4145 1271 4215 quercui
1304 4147 1802 4221 consimiles,quaa
1833 4151 2080 4223 id,quod

441 4235 613 4286 antea
641 4229 862 4285 latebat
892 4231 1001 4285 sub
1036 4231 1384 4296 l'oliis,sitob
1413 4234 1616 4290 oculos
1643 4237 2077 4307 positura.Nam

434 4319 724 4373 adOrnata
753 4325 840 4373 est
871 4319 1150 4389 spissiora
1183 4320 1451 4376 foliorum
1485 4339 1653 4378 coma
1682 4328 1856 4396 atque
1885 4346 2078 4384 ramo-

433 4421 566 4460 rum
598 4407 726 4474 ejus
752 4406 1039 4476 asperitas
1053 4406 1303 4478 eleganti
1319 4411 1657 4466 earumdem
1672 4412 1862 4471 colore
1883 4424 2079 4476 conte-

430 4489 609 4563 gitur.
636 4491 706 4546 Et
739 4491 1002 4561 quidem,
1033 4492 1247 4565 inquit,
1290 4511 1506 4566 quercu
1559 4498 1866 4569 ejusmodi.
1909 4511 2082 4564 erunt

2197 3357 2328 3430 μετὰ
2373 3357 2471 3425 τὴν
2527 3356 2823 3433 φανὲρωσιν
2895 3359 3003 3410 τῶν
3073 3360 3326 3430 κρυπτῶν
3357 3403 3371 3425 ,
3424 3356 3548 3411 ὅταν
3616 3359 3845 3432 γένηται

2191 3447 2364 3500 πάντα
2393 3445 2575 3519 γυμνά
2603 3444 2691 3498 καὶ
2734 3443 3230 3520 τετραχηλισμένα,
3262 3445 3352 3499 καὶ
3405 3447 3599 3518 μηκὲτι
3645 3446 3682 3521 ᾖ
3732 3469 3844 3520 μη-

2193 3531 2356 3607 δεμία
2403 3531 2575 3594 κτίσις
2629 3533 2856 3606 ἀφανὴς,
2891 3533 3191 3609 ἀωρότερον
3252 3531 3461 3589 ἔσονται
3517 3535 3709 3607 θέαμα,
3740 3543 3845 3606 τῆς

2189 3626 2280 3676 νῦν
2325 3621 2448 3698 περὶ
2495 3620 2686 3682 αύτούς
2733 3621 2943 3691 ἀπάτης
2994 3622 3396 3700 ἀφανισθείσης,
3431 3622 3565 3678 ὥστε
3609 3621 3735 3699 δρυῒ
3777 3627 3841 3680 τὸ

2190 3711 2307 3765 κατ’
2339 3708 2535 3772 αὐτοὺς
2583 3709 3016 3785 παρεικάζεσθαι.
3069 3710 3222 3766 Οὕτω
3263 3713 3365 3788 γὰρ
3413 3713 3465 3766 οἱ
3515 3710 3678 3767 ἄλλοι
3735 3717 3837 3782 τὴν

2190 3793 2495 3875 τερέϐινθον
2556 3795 2935 3871 ἐκδεδώκασιν,
2969 3798 3082 3854 ἐπεὶ
3125 3799 3214 3854 καὶ
3265 3801 3317 3855 ἐν
3364 3804 3434 3874 τῇ
3479 3801 3684 3856 Γενὲσει
3735 3803 3838 3873 τὴν

2191 3888 2359 3958 αὐτὴν
2399 3887 2490 3944 καὶ
2539 3885 2666 3963 δρῦν
2706 3888 2797 3943 καὶ
2840 3883 3146 3962 τερέϐινθον
3201 3890 3615 3964 μεμαθήκαμεν.
3649 3891 3840 3946 Ἔσον-

2188 3998 2275 4032 ται
2307 3975 2397 4031 οὖν
2459 3975 2644 4050 ὅμοιοι
2702 3971 2998 4050 τερεϐίνθῳ
3027 3974 3152 4046 ἤτοι
3213 3974 3529 4052 δρυῖ,μετὰ
3581 3980 3680 4048 τὴν
3737 3986 3843 4050 τῆς

2189 4061 2370 4138 κόμης
2403 4065 2677 4132 ἀπόθεσιν,
2708 4065 2775 4120 τὰ
2807 4064 2909 4118 ὑπὸ
2941 4070 3046 4120 τῶν
3095 4065 3322 4144 φύλλων
3371 4068 3506 4129 τέως
3564 4065 3844 4123 καλυπτό-

2195 4175 2328 4226 μενα
2355 4151 2740 4228 προδεικνύσῃ.
2775 4152 3083 4228 Πυκνοτέρᾳ
3109 4157 3221 4228 (88)
3250 4156 3356 4232 γὰρ
3414 4159 3481 4230 τῇ
3529 4155 3676 4230 κόμῃ
3730 4161 3842 4212 τῶν

2192 4240 2416 4319 φύλλων
2460 4242 2818 4316 κεκόσμηται,
2867 4241 2956 4296 καὶ
3011 4246 3079 4316 τῇ
3134 4242 3194 4298 ἐκ
3238 4243 3447 4299 τούτων
3496 4243 3727 4320 εύχροίᾳ
3781 4245 3846 4300 τὸ

2189 4331 2364 4405 τραχὺ
2417 4335 2522 4385 τῶν
2582 4329 2801 4386 κλάδων
2835 4330 3004 4400 αὐτῆς
3064 4331 3424 4402 συσκιάζεται.
3477 4335 3578 4389 Καὶ
3633 4333 3841 4405 ταύτης

2191 4417 2282 4473 οὖν
2320 4417 2552 4486 ἔσονται,
2611 4418 2796 4493 φησὶν,
2846 4420 3247 4496 ἀτερπίστεροι,
3305 4422 3441 4494 μετὰ
3487 4427 3594 4476 τῶν
3639 4417 3844 4496 βεϐιω-

2194 4507 2367 4581 μίνων
2419 4508 2510 4562 τὸν
2579 4505 2832 4584 ἔλεγχον.
2891 4510 2988 4564 Καὶ
3067 4510 3142 4574 ὡς
3212 4507 3540 4586 παράδεισος
3615 4508 3672 4565 δὶ
3731 4513 3847 4584 (89)

430 4578 847 4634 inammniorss
878 4583 1169 4649 tum,cum
1189 4588 1486 4654 comperta
1505 4585 1717 4641 fuerint
1734 4605 1859 4660 quae
1879 4609 1981 4664 per
1998 4596 2080 4651 vi-

2195 4578 2334 4673 ὕδωρ
2389 4598 2463 4671 μὴ
2518 4578 2986 4672 ἔχωνίίῘόιοῦτ-ος
3039 4595 3086 4652 δ’
3118 4597 3175 4653 ἃν
3231 4578 3316 4669 εἴη
3373 4601 3464 4654 καὶ
3515 4600 3542 4653 ὁ
3594 4578 3844 4674 Ἰσραῆλ,

433 4670 552 4721 tam
567 4682 805 4740 gesseru
817 4670 880 4720 nt
892 4669 973 4722 .Et
993 4684 1125 4724 vero
1141 4671 1288 4725 sicut
1308 4671 1498 4726 hortus
1511 4689 1709 4744 aquam
1724 4692 1832 4733 non
1855 4680 2079 4741 habens.

429 4754 587 4811 Talis
616 4759 673 4811 et
695 4754 900 4826 utique
930 4756 1107 4813 etiam
1141 4759 1314 4814 fuerit
1343 4761 1688 4831 Israel,folia
1717 4767 1953 4836 quidem
1977 4771 2081 4830 ha-

429 4844 575 4900 bens
608 4859 874 4916 peraeque
899 4861 965 4900 ac
1013 4861 1286 4917 quercus,
1320 4847 1468 4921 legis
1495 4850 1765 4910 videlicet
1787 4858 2080 4936 umbram,

2194 4685 2378 4763 φύλλα
2409 4686 2502 4759 μὲν
2538 4682 2682 4761 ἔχων
2715 4686 3120 4762 παραπλησίως
3151 4683 3294 4763 δρυῒ,
3324 4689 3422 4758 τὴν
3456 4687 3514 4743 ἐκ
3541 4692 3640 4742 τοῦ
3671 4689 3845 4762 νόμου

2194 4776 2369 4844 σκιὰν,
2423 4775 2486 4845 ἣν
2540 4769 2807 4830 ἀπέϐαλεν
2865 4774 2956 4849 ἀφ’
3013 4776 3203 4830 ἑαυτοῦ
3260 4775 3311 4831 ἰν
3371 4781 3449 4849 τῷ
3503 4775 3844 4852 πληρώματι

2191 4868 2298 4920 τῶν
2345 4867 2570 4939 καιρῶν.
2605 4864 2703 4919 Καὶ
2748 4862 2822 4924 ὠς
2870 4861 3194 4938 παράδεισος
3241 4868 3640 4942 πεφυτευμένος
3695 4865 3846 4943 παρᾶ

501 5005 549 5040 ⁷ο
577 5008 719 5060 Gen.
745 5021 805 5076 ιι,
837 5005 892 5060 8.
925 5007 966 5043 ’τι
991 5006 1069 5063 ΙΙΙ
1100 5011 1238 5081 Reg.
1268 5026 1382 5066 xxx.
1413 5011 1468 5066 2.
1499 5012 1544 5047 τ’
1575 5014 1760 5071 Eccle.
1797 5033 1860 5089 II,
1890 5021 1944 5075 5.
1978 5023 2023 5058 ⁷³
2054 5023 2097 5080 Η

2195 5041 2226 5078 _-.
2261 5040 2337 5093 ιν,
2375 5022 2458 5077 13.
2491 5021 2537 5057 ⁷⁴
2566 5021 2710 5076 Gen.
2743 5037 2909 5091 xxxv,
2931 5023 3051 5077 4-9.

525 5165 616 5246 _83)
651 5165 1049 5246 ’Ena_uq>6t_spa,
1100 5169 1162 5246 in
1210 5174 1507 5246 utrgmque
1555 5178 1792 5243 partem,
1825 5177 1934 5233 hoc
1964 5185 2075 5246 est,

431 5240 492 5324 ξπ
514 5240 714 5324 ρρηιιτη
743 5243 794 5324 et
822 5240 1052 5324 malum.
1107 5241 1254 5313 Lege
1302 5240 1598 5298 Ducmum.
1657 5240 1787 5300 Mox
1831 5240 2077 5324 uterque

435 5309 712 5382 Colbert.,
735 5310 1062 5382 εὑρήκαμεν.

528 5383 620 5454 84)
652 5375 744 5454 Sic
775 5375 918 5438 mss.
946 5375 1454 5454 nonnullisEditi,
1485 5375 1748 5454 Ναϐουθὲ.

525 5453 615 5524 85)
647 5453 740 5508 Sic
774 5470 915 5510 mss.
950 5458 1218 5526 quatuor.
1248 5453 1509 5526 Editiﬁl.
1544 5457 1669 5526 Mox
1698 5458 1836 5526 Reg.
1863 5475 2076 5518 secun-

438 5522 550 5579 dus
569 5522 669 5601 _'e_t_
691 5530 935 5601 uterque
969 5522 1150 5601 δοίη,
1206 5522 1300 5584 τὰς
1348 5522 1727 5601 πεπλασμένας
1779 5522 2074 5601 ἷπιτηδεύ-

428 5595 719 5656 σεις.Εάὶεί
751 5601 807 5650 et
835 5594 954 5650 tres
979 5594 1078 5648 alii
1109 5611 1250 5650 mss.
1299 5601 1362 5651 ut
1399 5597 1458 5651 in
1491 5594 1782 5656 contextu.

503 5666 616 5740 (86)
648 5667 819 5736 Editi,
865 5664 1032 5718 αὐτοῦ
1096 5663 1182 5721 τά.
1231 5670 1444 5726 Vocem
1503 5667 1668 5725 αὐτοῦ
1725 5671 2070 5754 delevimus,

2186 5180 2472 5236 librorum
2505 5196 2650 5236 mss.
2683 5180 2860 5236 ﬁdem
2894 5183 3102 5239 secuti.

2256 5252 2544 5326 (87)_Editi
2578 5253 2968 5326 cum-duobus
3000 5271 3168 5322 mss.,
3231 5255 3359 5312 ὑπό.
3418 5256 3529 5311 Alii
3582 5260 3845 5326 quatuor

2187 5320 2492 5377 meadné.
2525 5325 2689 5398 Haud
2721 5322 2891 5398 longe
2910 5330 3031 5398 tres
3088 5320 3256 5395 mss.,
3311 5326 3462 5382 οὗτοι
3496 5327 3547 5380 οἱ
3593 5320 3694 5398 «ἰῷ.
3733 5329 3842 5386 Alii

2185 5409 2332 5468 mss.
2364 5410 2500 5468 cum
2527 5395 2726 5468 editis,
2760 5393 2850 5448 δτῐ
2875 5393 2926 5449 oi
2946 5400 3049 5468 τῷ.

2255 5466 2368 5607 (88)
2402 5466 2678 5523 Nonnulli
2701 5483 2871 5537 mss.,
2905 5466 3092 5541 Ηυκνῇ
3121 5487 3200 5524 τε.

2257 5537 2346 5607 (89
2388 5537 2685 5607 Scriptum
2706 5540 2995 5607 reperitur
3024 5541 3083 5596 in
3112 5541 3200 5596 du<

2257 5537 2366 5612 (8_9)
2388 5537 2685 5610 Scriptum
2706 5540 2995 5611 reperitur
3024 5537 3083 5596 in
3112 5541 3344 5598 duobus
3356 5540 3445 5597 vel
3462 5541 3654 5598 tribus
3669 5559 3842 5612 mss.,

2183 5601 2240 5660 δί
2265 5601 2425 5665 ἐὶσίν.
