4100 6220
1425 357 1816 421 APPENDIX
1859 355 2184 418 OPERUM
2223 357 2287 416 S.
2334 356 2609 418 BASILII
2661 357 2929 419 MAGNI.
3767 357 3890 420 236

477 510 545 558 ut
573 516 742 556 mons
767 497 994 554 Domini
1028 512 1208 568 supra
1226 493 1400 550 colles
1421 491 1614 548 clarus
1646 507 1714 546 ao
1764 491 2114 546 manifestus

2243 487 2423 562 (optet)
2493 483 2618 562 ὅρος
2697 487 2925 564 ἐλέχθη.
2992 489 3252 560 Μείζονος
3321 489 3424 565 γὰρ
3509 485 3672 561 δὸξης
3729 491 3896 567 παρὰ

474 590 598 646 ﬂat.
630 587 922 660 Amplioris
952 585 1109 642 enim
1156 583 1345 655 gloriae
1371 597 1494 653 prae
1550 579 1732 651 Moyse
1785 579 1986 649 dignus
2039 580 2119 633 est

2243 578 2468 645 Μωῦσῆν
2551 573 2817 648 ἤξίωται,
2903 577 3133 642 καθόσον
3219 577 3439 650 μείζονα
3511 581 3628 650 (11)
3711 581 3887 654 τιμὴν

473 679 924 749 habitus,quanto
951 674 1275 745 ampliorem
1301 671 1573 726 honorem
1593 669 1754 724 habet
1783 670 1832 724 is
1863 669 1961 740 qui
1987 683 2120 723 eon-

2243 662 2344 740 Ξχει
2399 669 2496 718 τοῦ
2554 664 2730 720 οἴκου·
2765 667 2794 720 ὁ
2853 665 3246 729 κατασκευάσας
3303 666 3506 724 αὐτόν.
3578 669 3744 726 ’Όσον
3827 666 3891 725 δὶ

471 768 676 822 struxit
700 748 941 831 domum,
973 778 1134 835 quam
1167 763 1289 832 ipsa
1315 759 1378 815 ⁸⁸.
1427 759 1656 823 Quanto
1713 773 1922 812 rursus
1979 772 2098 826 prie

2243 753 2430 822 αείζων
2483 757 2580 808 τοῦ
2635 748 2928 827 Ἀϐραάμς
2988 750 3282 832 Ἀϐραὰμ,
3343 757 3548 835 φησὶν,
3607 755 3886 834 ἠγαλλιά-

477 856 730 913 stantior
750 859 1031 924 estquam
1065 849 1354 906 Abraham
1387 847 1511 920 ipse
1545 850 1568 902 Ρ
1598 844 2121 916 Abraham,inquit,

2243 862 2383 911 rat-ro,
2436 838 2529 896 τίνα
2575 839 2670 916 ’ίδῃ
2719 844 2818 912 τήν
2869 843 3075 917 ἡμέραν
3130 848 3230 910 τῆς
3272 845 3758 921 ἐνανθρωπησεως’
3792 849 3889 903 καὶ

478 371 596 431 235

475 945 771 1001 exsultavit
793 952 856 998 ut
888 941 1092 996 videret
1118 941 1265 994 diem
1298 935 1720 992 incarnationis
1746 951 1758 989 :
1787 941 1838 990 et
1865 933 2026 1000 vidit,
2072 937 2124 988 et

476 1036 695 1105 gavisus
719 1034 794 1088 est
809 1031 874 1085 ⁸⁷.
898 1027 1346 1084 EtAbrahamus
1377 1026 1615 1098 quidem
1647 1025 1809 1080 dedit
1839 1022 2122 1078 decimam

478 1117 900 1179 Melchisedech
929 1114 1430 1172 ":Melchisedech
1464 1120 1659 1170 autem
1694 1111 1922 1169 Domini
1947 1117 2122 1184 typus

480 1209 833 1265 erat.Istbseo
863 1205 1217 1278 protulimus
1250 1205 1308 1259 in
1333 1204 1614 1272 medium,
1637 1207 1700 1258 ut
1729 1201 2124 1274 prieslantiam

478 1297 708 1354 Domini
730 1295 1085 1368 corporalem
1107 1291 1742 1351 ostenderemus.Absit
1759 1289 1914 1347 enim
1931 1293 1995 1345 ut
2015 1305 2122 1344 nos

477 1385 724 1460 gloriam
755 1383 1046 1440 divinitati
1078 1382 1387 1450 demus,ob
1405 1397 1680 1452 eam,qua
1702 1381 1875 1437 rebus
1895 1379 2122 1449 subjec-

475 1476 555 1533 tis
585 1478 842 1549 praestat,
873 1471 1304 1529 excellentiam?
1328 1469 1695 1543 Dispensatio
1726 1469 1964 1540 quidem
2022 1484 2126 1523 na-

477 1569 624 1622 turae
645 1565 920 1620 humanae
938 1562 1014 1618 iis
1036 1561 1138 1634 qui
1170 1561 1323 1617 inter
1344 1559 1614 1615 homines
1640 1557 1912 1614 exstitere
1954 1557 2122 1628 justi,

482 1652 778 1712 antecellit
807 1669 822 1708 :
853 1655 1156 1724 peccatum
1173 1649 1332 1705 enim
1355 1648 1518 1704 solus
1543 1663 1660 1703 non
1685 1647 1821 1703 fecit
1842 1648 1887 1682 ⁸³
1909 1663 1923 1715 ;
1944 1646 2124 1717 maje-

2233 927 2360 998 εἶδε,
2419 930 2507 985 καὶ
2549 929 2747 1006 ἐχάρη.
2807 934 2905 987 Καὶ
2963 928 3208 1010 Ἀϐραὰμ
3268 934 3365 1008 μὶν
3425 931 3651 1006 δεκάτην
3712 933 3889 993 ἔδωκε

2230 1025 2310 1092 τῷ
2366 1018 2736 1097 Μελχισεδὲχ·
2800 1020 3154 1099 Μελχισεδὶχ
3206 1020 3263 1078 δὲ
3316 1022 3487 1086 τύπος
3539 1027 3606 1093 ἦν
3643 1030 3741 1080 τοῦ
3773 1027 3888 1082 Κυ-

2234 1109 2352 1183 ρίου
2408 1113 2543 1184 (12).
2598 1114 2793 1180 Ταῦτα,
2837 1108 2930 1166 ’ίνα
2955 1113 3057 1180 τὴν
3089 1114 3405 1185 σωματικὴν
3445 1113 3726 1190 ὑπεροχὴν
3782 1137 3883 1170 πα-

2235 1201 2610 1275 ραστήσωμεν.
2661 1203 2749 1270 Μὴ
2806 1200 3020 1275 γίνοιτο
3071 1203 3172 1278 γὰρ
3220 1204 3370 1274 ἡμᾶς
3398 1203 3499 1272 τὴν
3543 1203 3773 1274 θεότητα
3826 1204 3890 1260 ἐκ

2231 1295 2331 1357 τῆς
2363 1289 2501 1365 πρὸς
2528 1289 2594 1343 τὰ
2634 1286 2806 1344 δοῦλα
2863 1291 3141 1365 ὑπεροχῆς
3190 1288 3470 1361 δοξάζεινί
3524 1293 3584 1350 Ἡ
3632 1295 3725 1366 μὶν
3778 1294 3886 1369 γὰρ

2233 1379 2368 1432 κατὰ
2413 1378 2475 1432 τὸ
2523 1377 2863 1454 ἀνθρώπινον
2912 1378 3221 1454 οῗκονομία,
3266 1381 3395 1455 ὑπὲρ
3428 1379 3554 1444 τοὺς
3586 1381 3637 1437 ἐν
3671 1383 3888 1456 ἀνθρώ-

2235 1487 2360 1530 ποις
2407 1463 2671 1528 δικαίους.
2728 1467 2993 1544 ἁμαρτίαν
3023 1469 3124 1544 γὰρ
3174 1469 3272 1524 οὐκ
3302 1469 3528 1540 ἰποίησε
3561 1471 3745 1544 μόνος’
3781 1476 3889 1537 τῆς

2237 1553 2294 1610 δὲ
2337 1555 2592 1626 θεότητος
2621 1555 2831 1630 ἰπήρθη
2883 1559 2918 1626 ἡ
2973 1555 3418 1635 μεγαλοπρέπεια
3466 1559 3712 1635 ὑπεράνω
3772 1564 3884 1615 τῶν

2237 1642 2502 1720 οὐρανῶν.
2590 1644 2687 1700 Καὶ
2760 1643 2980 1718 ἥξουσιν
3055 1646 3138 1702 ἐπ’
3212 1647 3343 1703 αὐτὸ
3403 1650 3516 1722 (13)
3587 1649 3760 1705 πάντα
3815 1670 3890 1704 τα

483 1749 607 1801 stas
629 1746 825 1800 autem
847 1748 900 1798 et
919 1736 1690 1812 magniﬁcentiadivinitatis
1711 1735 1931 1792 elevata
1947 1751 2124 1808 supra

2243 1730 2384 1804 ἔθνη.
2443 1734 2656 1809 Προϊὼν
2708 1735 2737 1792 ὁ
2795 1733 2957 1810 λόγος
2987 1737 3319 1813 γυμνοτέραν
3354 1736 3589 1815 ἐκφαίνει
3619 1741 3718 1807 τήν
3751 1758 3894 1815 προ-

487 1831 660 1890 caelos
683 1836 792 1888 est.
825 1834 891 1887 Et
918 1832 1137 1886 venient
1154 1827 1226 1883 ad
1248 1843 1370 1884 eum
1387 1843 1570 1883 omnes
1597 1833 1802 1895 gentes.
1826 1824 2124 1881 Sermonis

2243 1823 2494 1926 ρητείοιν,
2538 1824 2654 1926 ’την
2713 1821 3024 1896 συνδρομὴν
3081 1829 3188 1880 τῶν
3245 1824 3411 1890 ἐθνῶν
3456 1827 3558 1896 τὴν
3615 1827 3888 1900 ἐσομένην

487 1936 835 1995 progressus
883 1917 1142 1990 apertius
1198 1915 1415 1988 detegit
1445 1914 1858 1988 prophetiam:
1909 1913 2124 1968 indicat

2243 1911 2326 1968 ἐπὶ
2377 1914 2475 1982 τὴν
2535 1913 2826 1990 ἐπίγνωσιν
2855 1915 2952 1970 τοῦ
2979 1921 3210 1991 Χριστοῦ
3268 1916 3604 1991 ὑποφαίνων.
3661 1920 3889 1991 Ἥξουσι

488 2027 700 2084 nempe
727 2013 930 2081 gentes
956 2007 1028 2062 ad
1077 2005 1290 2062 Christi
1319 2005 1677 2077 agnitionem
1719 2018 2128 2058 concursurae.

486 2099 734 2155 Veniant
762 2099 918 2154 enim
949 2096 1020 2152 ad
1053 2096 1226 2150 ﬁdem
1249 2097 1452 2166 gentes
1483 2109 1686 2148 omnes
1718 2109 1820 2164 per
1858 2090 2130 2162 praedica-

485 2189 706 2244 tionem
737 2190 968 2243 vocatas.
1010 2183 1418 2241 Praedicabimr
1446 2182 1602 2237 enim
1634 2183 1732 2237 hoe
1761 2181 2129 2251 Evangelium

478 2279 544 2335 in
574 2279 828 2334 universo
855 2274 988 2329 urbe
1010 2274 1076 2342 9°;
1109 2277 1166 2328 et
1195 2271 1565 2343 evangelicus
1593 2268 1989 2342 apostolorum
2033 2285 2125 2324 so-

485 2385 597 2424 nus
625 2367 686 2422 in
717 2381 952 2422 omnem
986 2368 1196 2420 terram
1227 2361 1402 2417 exivit
1431 2362 1496 2415 ⁰¹.

552 2477 641 2531 68.
675 2473 847 2529 Vens.
880 2473 931 2528 3.
966 2473 1031 2526 Et
1049 2469 1410 2526 ambulabunt
1442 2467 1656 2540 inquit,
1701 2475 1884 2537 gentes
1913 2467 2124 2523 multa.

466 2553 632 2622 Cave
662 2566 972 2636 praetereas
1001 2560 1128 2616 sine
1147 2559 1267 2614 ullo
1298 2557 1567 2614 examino
1597 2561 1928 2612 accuratam
1950 2555 2129 2626 hujus

486 2651 786 2710 sententia:
817 2648 1289 2722 intelligentiam.
1319 2647 1445 2712 Qua
1475 2646 1701 2702 ratione
1721 2645 1842 2700 illic
1893 2645 2127 2716 quidem

489 2743 711 2799 dictum
741 2744 850 2808 est,
891 2739 1115 2795 Venient
1144 2752 1329 2793 omnes
1365 2736 1499 2804 ;hic
1529 2752 1685 2806 vero,
1743 2734 2126 2804 ambulabunt,

489 2847 607 2888 non
625 2846 848 2896 omnes,
871 2828 994 2900 sed,
1026 2827 1234 2882 multa.
1261 2825 1408 2890 Quia
1436 2842 1543 2881 vox
1574 2824 1694 2893 illa,
1745 2825 1987 2888 venient,
2047 2839 2132 2879 re.

489 2921 676 2978 fertur
695 2919 765 2976 ad
797 2918 973 2973 ﬁdem
1009 2915 1168 2973 ιιιωο
1188 2931 1344 2985 vero,
1369 2915 1674 2982 ambulare,
1707 2915 1776 2970 ad
1809 2914 1935 2969 vita
1961 2913 2127 2968 insti-

488 3013 705 3066 tutum.
738 3006 1028 3072 Quoniam
1059 3005 1237 3076 igitur
1282 3005 1631 3061 confitemur
1677 3018 1882 3058 omnes
1933 3002 2129 3070 tidem,

489 3115 596 3156 nec
623 3108 819 3154 tamen
851 3111 1052 3152 omnes
1089 3096 1260 3166 juxta
1307 3097 1594 3164 praecepta
1631 3091 1879 3147 vivimus
1912 3109 1925 3146 :
1960 3107 2027 3146 ea
2059 3091 2130 3145 de

486 3204 666 3245 causa
692 3188 911 3242 venient
969 3183 1204 3255 quidem
1253 3198 1436 3238 omnes
1487 3185 1719 3250 gentes:
1768 3179 2129 3236 ambulabunt

485 3292 618 3332 vero
638 3275 852 3331 multa.
887 3273 1050 3340 Quod
1077 3276 1271 3327 autem
1296 3271 1561 3338 verbum,
1594 3269 1774 3333 istud,
1820 3269 2127 3336 ambulare,

489 3381 595 3437 pro
651 3363 771 3418 vita
811 3377 939 3433 quis
999 3359 1110 3430 legi
1159 3359 1488 3415 consentiat
1542 3363 1839 3426 sumatur,
1926 3357 2128 3430 liquet.

500 3449 1250 3522 Beati,inquit,immaeulati
1269 3449 1337 3501 ἰη
1354 3449 1575 3517 via,qui
1603 3449 1898 3502 ambutant
1928 3448 1986 3501 in
2019 3447 2136 3517 lege

496 3543 720 3600 Domini
748 3540 814 3595 9’.
849 3539 960 3594 Sed
985 3536 1435 3604 cum,l)ominus
1452 3537 1627 3592 dicat:
1662 3536 1835 3592 Pauci
1867 3541 2007 3591 sunt
2032 3535 2132 3607 qui

488 3630 796 3688 inveniunt
826 3629 978 3684 viam
1011 3627 1076 3695 ⁸³,
1109 3626 1405 3699 quomodo
1437 3642 1542 3680 nos
1573 3630 1776 3698 gentes
1800 3625 2018 3681 multas
2041 3625 2134 3680 di-

485 3709 684 3779 luimus
703 3735 832 3775 esse
849 3715 1288 3772 ambulaturas?
1306 3713 1451 3777 Quia
1471 3718 1674 3786 gentes
1695 3731 1900 3771 omnes
1923 3731 2137 3770 secun-

496 3811 638 3869 dum
653 3807 956 3882 preprium
975 3803 1373 3878 quarumlibet
1385 3803 1648 3875 gentium
1671 3821 1981 3860 numerum
2001 3807 2133 3861 faci-

495 3900 550 3958 le
571 3897 900 3956 enumerari
919 3893 1460 3967 possuntzbomines
1487 3894 1749 3966 vero,qui
1772 3894 1830 3950 in
1861 3898 2136 3967 gentibus

490 3983 1051 4062 sparguntur,multi
1082 3982 1350 4039 sunt.Hic
1371 3981 1550 4054 igitur
1568 3982 1872 4054 Scriptura
1893 3985 1975 4042 ait
1994 4003 2136 4059 gen-

487 4082 578 4135 tes
603 4077 842 4152 quidem
880 4073 1118 4144 multas,
1152 4072 1253 4128 sed
1285 4089 1399 4128 non
1441 4088 1647 4128 omnes
1677 4073 1857 4129 vitam
1897 4091 2137 4150 evange-

486 4167 662 4224 lioam
679 4162 1213 4238 amplccti,etiamsi
1237 4162 1454 4217 Christi
1479 4179 1539 4218 se
1552 4161 1787 4218 nomine
1809 4163 2134 4237 insigniant

485 4273 712 4314 omnes.
735 4255 935 4326 Neque
965 4269 1100 4308 vero
1135 4251 1417 4324 quoniam
1439 4254 1643 4321 gentes
1675 4250 1871 4306 multa:
1921 4271 2131 4311 nume-

481 4343 996 4412 rantur,continuo
1015 4341 1283 4398 homines
1301 4340 1516 4412 singuli
1545 4339 1642 4411 qui
1669 4341 1970 4397 communi
1991 4359 2130 4415 gen-

481 4435 560 4492 tis
589 4432 980 4507 appellatione
1038 4429 1640 4501 comprehenduntur,
1698 4427 1855 4486 hunc
1895 4432 2132 4503 penitus

482 4539 797 4582 numerum
829 4525 1183 4592 sequuntur.
1217 4519 1470 4574 Possunt
1508 4518 1664 4573 enim
1697 4524 1900 4592 gentes
1926 4538 2126 4578 nume-

2239 2003 2342 2078 γὰρ
2385 2001 2654 2074 κληθέντα
2706 2000 2794 2058 διὰ
2857 2009 2953 2059 τοῦ
3000 2003 3351 2082 κηρύγματος
3419 2005 3506 2060 ἐπὶ
3553 2007 3652 2075 τὴν
3701 2007 3887 2062 πίστιν

2237 2094 2410 2147 πάντα
2462 2093 2529 2147 τὰ
2574 2088 2699 2162 ἔθνη
2736 2138 2750 2151 .
2801 2097 3229 2170 Κηρυχθήσεται
3284 2096 3383 2171 γάρ
3440 2096 3503 2150 τὸ
3547 2096 3888 2172 Εὖαγγέλιον

2234 2186 2398 2238 τοῦτο
2447 2181 2500 2236 ἐν
2551 2181 2668 2255 ὅλῳ
2716 2187 2794 2255 τῷ
2849 2185 3041 2256 κόσμῳ
3072 2187 3206 2258 (14)”
3263 2185 3374 2256 καὶ,
3417 2186 3510 2248 Εἰς
3559 2192 3730 2241 πᾶσαν
3779 2189 3884 2257 τήν

2236 2278 2339 2346 γῆν
2392 2270 2611 2342 ἐξῆλθεν
2666 2273 2694 2326 ὁ
2751 2270 3105 2347 εὐαγγελικὸς
3159 2273 3395 2351 φθόγγος
3466 2279 3572 2329 τῶν
3648 2274 3882 2330 ἀποστό-

2238 2360 2373 2419 λων.

2306 2471 2398 2524 68.
2459 2467 2560 2524 Καὶ
2614 2470 3021 2544 πορεύσονται,
3083 2469 3260 2547 φησὶ,
3329 2467 3450 2545 ἔθνη
3505 2469 3709 2527 πολλά.
3769 2473 3882 2541 Τήν

2237 2551 2512 2632 ἀκρίϐειαν
2561 2560 2660 2622 τῆς
2713 2556 2907 2629 λέξεως
2968 2560 3043 2632 μὴ
3094 2557 3454 2636 παραδράμῃς
3486 2555 3882 2626 ἀϐασανίστως.

2239 2650 2361 2708 Πῶς
2428 2645 2479 2700 ἐν
2543 2647 2637 2719 μὲν
2666 2651 2768 2719 τῷ,
2825 2647 3044 2718 Ἣξουσι
3073 2649 3267 2716 πάντα,
3330 2645 3560 2722 εἷ’ρηταιο
3591 2649 3642 2704 ἐν
3677 2647 3732 2704 Si
3772 2655 3879 2722 τῷ,

2239 2735 2622 2808 Ηορεῦσονται,
2683 2736 2866 2791 οὐκέτι
2919 2737 3113 2806 πάντα,
3165 2734 3329 2809 ἀλλὰ,
3372 2736 3592 2808 πολλά;
3642 2741 3763 2796 ’Ὁτι
3822 2740 3890 2794 τὸ

2417 2826 2440 2844 υ
2826 2825 2839 2844 ‘
2959 2829 2985 2840 -ν
3217 2827 3230 2846 Ι

2244 2826 2363 2898 μὲν,
2443 2824 2693 2895 Πξουσιν,
2754 2823 2841 2880 ἐπι
2893 2846 2990 2880 του
3045 2847 3312 2881 πιστευειν
3370 2827 3647 2882 τίτακται⁸
3710 2828 3771 2882 τὸ
3831 2824 3890 2883 δὶ

2239 2913 2580 2990 πορεύεσθαι,
2641 2911 2726 2968 ἐπὶ
2801 2918 2898 2968 τοῦ
2955 2913 3352 2979 πολιτεύεσθαι.
3428 2916 3576 2972 Ἐπεὶ
3636 2914 3725 2970 οῦν
3781 2917 3884 2986 τὴν

2244 3005 2338 3076 μὶν
2392 3001 2569 3058 πίστιν
2627 3001 3011 3078 ὁμολογοῦμεν
3065 3004 3281 3073 πάντες,
3341 3003 3519 3060 οὐκέτι
3571 3003 3626 3060 δὲ
3680 3007 3881 3068 πάντος

2239 3091 2374 3147 κατὰ
2434 3091 2530 3154 τὰς
2605 3090 2831 3154 ἐντολὰς
2907 3089 3308 3167 πολιτευόμεθα
3375 3097 3509 3166 (15),
3587 3091 3674 3149 διὰ
3719 3098 3880 3150 τοῦτο

2238 3182 2459 3252 Ἤξουσι
2494 3181 2588 3254 μὲν
2642 3179 2815 3235 πάντα
2859 3181 2926 3235 τα
2982 3179 3130 3250 ἔθνη·
3186 3181 3542 3254 πορεύσονται
3593 3179 3651 3238 δὶ
3673 3180 3880 3240 πολλά.

2238 3273 2362 3328 Ὅτι
2423 3267 2479 3324 ὃὶ
2535 3269 2598 3323 τὸ
2640 3268 2957 3344 πορεύεσθαι
3014 3269 3102 3325 ἐπὶ
3158 3274 3254 3326 τοῦ
3283 3273 3395 3345 (16)
3448 3272 3597 3348 βιοῦν
3629 3271 3763 3328 κατὰ
3786 3273 3878 3328 τὸν

2239 3359 2408 3433 νόμον
2468 3355 2825 3431 λαμϐάνεταιο
2883 3360 3178 3436 Μακάριοι,
3239 3359 3420 3435 φησιν,
3470 3361 3522 3415 οἱ
3553 3359 3776 3435 ἄμωμοι
3827 3360 3879 3416 ιν

2243 3446 2372 3521 ὁδῷ,
2433 3448 2484 3502 οἱ
2542 3447 2901 3520 πορευόμενοι
2934 3447 2985 3503 ιν
3045 3448 3199 3522 νόμῳ
3257 3449 3481 3524 Κυρίου.
3543 3446 3714 3507 ’Λλλᾶ
3765 3453 3883 3514 πῶς

2240 3540 2336 3592 τοῦ
2369 3535 2571 3611 Κυρίου
2621 3535 2890 3605 εἰπόντος,
2952 3538 3034 3592 ὅτι
3088 3535 3268 3615 ὀλίγοι
3303 3537 3435 3592 εἰσὶν
3459 3539 3518 3593 οἱ
3551 3538 3886 3611 εὑρίσκοντες

2241 3629 2340 3696 τήν
2374 3624 2521 3698 ὁδὸν,
2569 3628 2733 3698 ἡμεῖς
2776 3624 3009 3701 λέγομεν
3051 3621 3170 3696 ἔθνη
3203 3625 3388 3682 πολλὰ
3412 3630 3842 3702 πορευθήσεσθαι
3870 3655 3886 3699 ;

2241 3718 2361 3773 Ὂτι
2414 3716 2589 3770 πάντα
2642 3714 2710 3769 τὰ
2765 3709 2889 3785 ἔθνη
2962 3717 3099 3771 κατὰ
3157 3717 3249 3771 τὸν
3300 3713 3438 3771 ἴδιον
3487 3715 3717 3792 ἀριθμὸν
3774 3722 3882 3774 τῶν

2245 3804 2412 3870 ἐθνῶν
2466 3803 2824 3878 εὖαρίθμητα,
2884 3804 2935 3858 οἱ
2991 3801 3048 3859 δὲ
3095 3802 3147 3859 ἐν
3199 3810 3316 3867 τοῖς
3364 3803 3562 3861 ἔθνεσιν
3608 3803 3883 3880 ἄνθρωποι

2244 3891 2473 3949 πολλοί.
2535 3893 2793 3955 Ἐνταῦθα
2841 3890 2931 3946 οῦν
2995 3893 3023 3947 ὁ
3055 3891 3214 3968 λόγος
3241 3893 3424 3969 φησὶν,
3457 3895 3539 3950 ὅτι
3571 3893 3755 3949 πολλὰ
3787 3898 3882 3968 μὲν

2244 3976 2387 4052 ἔθνη
2419 3979 2554 4036 κατᾶ
2606 3980 2670 4034 τὸ
2728 3978 3059 4056 Εὖαγγὲλιον
3129 3981 3281 4057 βιοῦν
3334 3980 3688 4059 καταδέχεται
3747 3987 3883 4059 (17),

2243 4069 2371 4146 οὐχὶ
2429 4069 2620 4124 πάντα·
2675 4067 2770 4123 κᾶν
2838 4067 3030 4126 πάντες
3091 4070 3312 4133 ἑαυτοὺς
3370 4070 3456 4126 ἐπὶ
3515 4075 3594 4144 τῷ
3653 4068 3881 4145 ὀνόματι

2239 4163 2334 4214 τοῦ
2409 4161 2644 4233 Χριστοῦ
2711 4157 3072 4230 όνομάζωσιν.
3145 4160 3224 4216 Οὐ
3287 4161 3393 4232 μὴν
3449 4159 3632 4230 ἐπειδὴ
3695 4160 3885 4217 πολλᾶ

2241 4247 2645 4321 ἀριθμεῖταιτᾶ
2693 4245 2838 4318 ἔθνη,
2894 4244 3002 4318 ἤδη
3037 4249 3126 4302 καὶ
3180 4249 3231 4303 οἱ
3261 4251 3403 4334 ,καθ’
3461 4247 3553 4304 ἕνα
3581 4249 3884 4324 ἄνθρωποι,

2240 4337 2356 4392 ὅσοι
2387 4340 2454 4411 τῇ
2502 4339 2660 4409 κοινῇ
2714 4336 3063 4413 προσηγορίᾳ
3107 4341 3205 4392 τοῦ
3263 4335 3448 4402 ἔθνους
3493 4338 3884 4414 συμπεριλαμ-

2239 4419 2511 4492 ϐάνονται,
2574 4425 2790 4485 πάντως
2849 4425 3317 4500 ἀκολουθοῦσιτῷ
3359 4427 3596 4504 ἀριθμῷ.
3658 4430 3884 4485 Δῦναται

2241 4514 2335 4588 μὶν
2394 4516 2492 4589 γὰρ
2547 4513 2674 4584 ἔθνη
2729 4514 3072 4587 ἀριθμεῖσθαι
3106 4559 3120 4584 ,
3189 4516 3252 4571 τὸ
3321 4516 3734 4590 Καππαδοκῶν,
3794 4519 3885 4575 καὶ

481 4614 621 4681 rari,
652 4589 1086 4684 Cappadocum,
1147 4611 1248 4665 aut
1296 4606 1655 4676 Galatarum,
1704 4589 2122 4681 hrmenorum,

2243 4603 2513 4674 Γαλατῶν,
2572 4603 2661 4658 καὶ
2721 4602 3048 4678 Ἀρμενίων,
3107 4604 3142 4675 ἢ
3205 4605 3416 4681 Σύρων,
3479 4608 3514 4677 ἢ
3551 4605 3882 4682 Αἲγυπτίων,

479 4705 798 4781 Syriorum,
832 4705 934 4758 aut
961 4699 1385 4774 Egyptiorum,
1419 4697 1523 4767 sic,
1556 4703 1621 4754 ut
1663 4701 1750 4756 tot
1769 4715 1898 4758 esse
1920 4701 2124 4759 dican-

2235 4691 2372 4747 ὥστε
2425 4689 2676 4767 λέγεσθαι
2731 4689 2925 4747 τοσάδε
2979 4693 3111 4748 εἶναι
3155 4689 3283 4763 ῐθνη
3337 4695 3405 4749 τὰ
3463 4696 3804 4772 πορευόμενα
3830 4697 3883 4752 ἰν

546 4839 592 4875 ⁸⁸
632 4836 922 4909 Ηθὶιτηωρ
949 4834 1016 4909 3._
1081 4833 1125 4868 ⁸⁷
1163 4832 1334 4909 ὖοαη.
1367 4848 1493 4909 Vi1_i_,
1525 4832 1614 4909 56.
1667 4833 1735 4909 ,⁸⁸
1768 4833 1923 4909 Gen.
1953 4850 2070 4909 xlv,
2108 4838 2124 4890 Ξ

2276 4835 2370 4891 ⁸⁹Ι
2412 4835 2561 4891 Petr.
2605 4851 2669 4906 ιι,
2692 4835 2783 4889 22.
2861 4836 2906 4871 9°
2980 4834 3191 4892 Matth.
3233 4854 3384 4909 xxiv,
3428 4839 3520 4897 14.
3603 4841 3668 4909 θί,
3729 4841 3883 4898 Psal.

471 4926 636 4978 xvm,
673 4910 729 4966 5.
804 4908 850 4942 θ’
893 4905 1040 4962 Psal.
1081 4921 1278 4973 cxvm,
1313 4905 1362 4958 1.
1441 4905 1485 4938 ⁸³
1523 4904 1726 4960 Matth.
1767 4922 1873 4973 v11,
1906 4907 1994 4961 14.

540 5036 648 5106 (11)
669 5034 925 5108 ΙιλῃεωιΔ
961 5047 1104 5085 mss.
1159 5032 1230 5084 At
1277 5030 1440 5108 editi,
1503 5026 2119 5108 πλείονοςκΔᾼΑΙίίιυαηῐο

2243 5027 2658 5108 πολιτευόμεθα.
2695 5031 2809 5086 Hoc
2840 5048 2912 5108 an
2945 5030 3046 5087 illo
3067 5033 3251 5108 modo
3301 5039 3504 5091 auctor
3550 5035 3882 5108 scripserit,

471 5100 1026 5182 post_ex_aliquib.us
1058 5118 1200 5182 mss.
1223 5102 1477 5182 verbum
1502 5100 1635 5182 φησί
1665 5100 2021 5182 addidimus.

542 5177 655 5250 (12)
692 5178 794 5233 Pro
820 5171 1347 5250 Euptouscriptum
1396 5171 1747 5230 offendimus
1785 5173 1844 5229 in
1903 5174 2114 5246 aliqui-

473 5246 586 5306 bus
617 5246 787 5312 mss..
819 5246 1076 5317 Χριστοῦ.

547 5319 660 5393 (13)
691 5311 947 5393 ιέὁίιίᾼοζ.Δ
970 5333 1114 5393 mss,
1150 5313 1456 5393 nonnulli,
1476 5311 1587 5393 _én_’_
1638 5313 1820 5369 αὐτόν.
1850 5319 1951 5393 _A_t
1972 5321 2113 5393 Reg.

476 5385 807 5464 qu‘artus‘et
831 5389 991 5446 Colb.
1022 5391 1326 5464 primusct
1347 5387 1525 5441 editio
1561 5385 1929 5464 Romanaln’
1960 5385 2112 5458 αὐτό,

476 5457 687 5534 nempe
713 5457 862 5534 ὅρος,
902 5457 1117 5534 regem
1147 5459 1219 5534 ad
1247 5459 1411 5514 illum
1435 5468 1696 5526 montem,
1728 5459 1962 5515 rectius.
1988 5457 2117 5516 Mox

473 5539 593 5591 tres
618 5526 791 5600 iussi,
819 5530 1011 5586 Πολλὰ
1041 5526 1272 5602 προῖών.

570 5607 656 5676 14)
683 5596 875 5661 Nostri
908 5620 1009 5660 sex
1040 5596 1184 5676 mss.
1209 5596 1663 5676 simpliciter,_év
1691 5602 1774 5676 τῷ
1805 5598 2020 5676 κόσμῳ.

570 5609 656 5676 14)
683 5609 875 5661 Nostri
908 5620 1009 5660 sex
1040 5619 1184 5658 mss.
1209 5609 1580 5672 simpliciter,
1611 5609 1663 5652 εν
1694 5609 1774 5672 τῷ
1805 5609 2020 5673 κόσμῳ.

541 5609 657 5758 ί15)
689 5676 839 5736 Editi
869 5693 1000 5734 cum
1023 5675 1216 5732 tribus
1233 5670 1768 5750 ωεε.,πορευόμεθα.
1827 5673 1940 5729 Alii
1971 5680 2113 5743 tres,

506 5797 566 5841 ἠ».

2229 5105 2430 5184 nescio
2465 5103 2704 5184 quidem
2741 5120 2754 5170 ;
2781 5104 2881 5184 sed
2903 5119 3018 5158 non
3049 5104 3426 5178 dubito,quin
3459 5103 3709 5180 utraque
3732 5103 3888 5165 seri;

2225 5180 2398 5249 ptum
2419 5175 2650 5249 admitti
2673 5175 2876 5249 ροβεὲι·

2306 5248 2418 5331 (16)
2451 5247 2556 5303 Pro
2589 5243 2707 5331 illo,
2734 5243 2833 5331 ‘irrl.’
2857 5247 2974 5314 τοῦ,
3009 5246 3301 5320 scriptum
3335 5249 3656 5321 reperimus
3679 5251 3739 5308 in
3779 5251 3891 5308 ali-

2226 5315 2443 5391 quibus
2476 5335 2640 5374 mss..
2665 5317 2748 5372 ἰπὶ
2773 5315 2858 5372 τό.

2297 5391 2411 5461 (l7)
2437 5391 2677 5446 Codices
2708 5393 2982 5462 quatuor,
3014 5387 3383 5462 καταδέεεται.
3419 5393 3536 5450 Νοο
3577 5393 3658 5449 ita
3689 5395 3890 5451 multo

2267 5458 2360 5516 ost
2390 5479 2532 5534 mss.
2562 5458 2839 5534 quatuor,
2873 5458 3393 5534 ὀνομάζωσινζῐῖιάἱῑὶ
3425 5481 3560 5520 cum
3594 5482 3712 5534 uno
3745 5485 3897 5534 ωε..

2259 5532 2611 5604 νομάζουσιν.
2643 5534 2901 5590 Subinde
2942 5532 3168 5606 aliquot
3198 5553 3370 5606 mss.,
3430 5536 3483 5590 οἱ
3512 5537 3634 5600 καθ’
3660 5533 3752 5591 ἕνα
3785 5532 3895 5591 ἂνξ

2224 5603 2473 5679 θρῶπον.
