4130 6210
208 398 301 458 337

1017 395 1418 458 COMMENT.
1467 395 1546 458 IN
1590 394 1859 459 ISAIAM
1905 398 2407 461 PROPHETAM.
2457 400 2628 461 CAP.
2677 402 2753 461 ΙΙ.

3472 402 3592 464 238

207 534 272 600 τῷ
314 525 458 602 νόμῳ
512 526 739 600 Κυρίου’
797 526 860 582 οὗ
921 528 1027 600 μὴν
1084 528 1201 582 καθ’
1223 523 1449 584 ἕκαστον
1506 525 1656 593 ἔθνος
1710 529 1831 594 τοὺς

1952 535 2051 587 tur
2080 536 2300 602 gentes,
2333 549 2461 604 quas
2495 533 2555 588 in
2588 532 2821 588 Domini
2854 531 2978 605 lege
2999 531 3305 589 ambulent
3338 547 3351 589 :
3405 547 3596 606 neque

205 617 682 694 ἐμπεριεχομένους
730 616 1053 688 ἀνθρώπους
1109 619 1415 694 συμφώνως
1464 618 1554 673 τὸν
1605 627 1703 688 τῆς
1733 641 1833 674 πο-

206 706 384 768 λιτείας
427 705 629 760 σκοπὸν
687 703 1106 781 καταδέχεσθαι.
1163 707 1250 769 Ὡς
1309 707 1402 779 μὲν
1461 705 1550 762 οῦν
1608 709 1743 784 πρὸς
1770 708 1836 763 τὰ

203 791 553 869 ἐϐδομήκοντα
599 791 698 848 δύο
755 792 905 865 ἔθνη,
951 796 986 863 ἦ
1045 794 1219 849 ὁπόσα
1280 792 1487 866 δήποτε
1542 797 1678 852 κατά
1733 798 1831 865 τὴν

201 883 494 958 οἰκουμένην
560 885 770 938 ἅπασαν
821 882 1224 957 ἀριθμούμενα,
1280 883 1468 941 πολλᾶ
1513 887 1580 940 τὰ
1612 885 1835 962 πορευό-

203 995 317 1048 μενα
343 975 430 1042 τήν
475 971 528 1028 ἐν
588 977 660 1047 τῇ
696 975 811 1046 ζωῇ
870 971 1111 1049 πορείανο
1147 973 1221 1037 ὡς
1274 970 1332 1028 δὲ
1381 974 1516 1050 πρὸς
1571 975 1661 1029 τὸν
1701 973 1830 1030 ὅλον

195 1069 285 1119 τῶν
315 1062 394 1118 ἰπὶ
440 1069 538 1137 γῆς
574 1061 883 1137 ἀνθρώπων
942 1062 1196 1137 ἀριθμὸν,
1248 1061 1432 1138 ὀλίγοι
1492 1064 1542 1118 οἱ
1583 1065 1831 1137 σωζόμε-

196 1152 442 1207 vei-061w
496 1152 589 1206 καὶ
647 1154 766 1225 (18)
821 1153 884 1206 τὸ
939 1149 1268 1227 Εὐαγγέλιον
1331 1152 1610 1224 ἀληθεύει,
1664 1155 1753 1208 καὶ
1794 1156 1828 1224 ἡ

194 1240 470 1319 προφητεία
519 1239 585 1295 οὐ
642 1240 900 1315 μάχεται.
958 1241 1138 1295 Πάντα
1191 1241 1257 1294 τὰ
1326 1235 1447 1311 ἔθνη
1507 1239 1835 1296 δουλεύσου-

196 1352 263 1385 σιν
291 1330 446 1401 αὐτῷ,
495 1331 943 1404 προσκυνήσουσι
1007 1327 1065 1384 δὲ
1122 1329 1227 1384 ἀπὸ
1283 1332 1398 1403 (19)
1455 1332 1562 1385 τῶν
1607 1330 1834 1387 πολλῶν

197 1419 376 1496 ὀλίγοι·
423 1421 653 1487 Πάντες,
704 1420 890 1497 φησὶν.
952 1421 1004 1474 οἶ
1068 1417 1310 1494 βασιλεῖς
1368 1427 1467 1490 τῆς
1522 1429 1645 1495 γῆς.
1683 1422 1832 1476 Καὶὸ

199 1511 454 1587 Σοφονίας·
486 1510 718 1580 ’Ἡξουσι
748 1513 845 1563 τοῦ
877 1506 1153 1564 δουλεύειν
1185 1509 1331 1582 αὐτῷ
1361 1509 1510 1583 αὖτῷ
1541 1511 1643 1566 ὑπὸ
1677 1513 1830 1588 ζυγὸν

196 1596 288 1655 ἕνα.

254 1691 335 1744 69.
366 1689 462 1743 Καὶ
496 1687 712 1764 ἐροῦσι·
767 1692 925 1742 Δεῦτε
973 1687 1063 1742 καὶ
1113 1683 1401 1762 ἆναϐὧμεν
1460 1688 1536 1751 εἷς
1587 1690 1649 1744 τὸ
1705 1686 1831 1765 ὅρος

197 1782 278 1831 τοῦ
328 1777 540 1851 Κυρίου,
602 1776 701 1831 καὶ
759 1776 838 1838 εἲς
885 1777 976 1831 τὸν
1055 1778 1200 1832 οἶκον
1271 1782 1368 1832 τοῦ
1425 1782 1558 1833 Θεοῦ
1618 1774 1830 1836 Ἰακώϐ.

193 1864 250 1921 Οἱ
275 1865 676 1938 προκόπτοντες
718 1867 788 1937 τῇ
849 1865 1070 1939 γνώσει,
1106 1864 1273 1919 οἱονεῖ
1327 1862 1832 1942 προκαταλαϐόντες

191 1952 248 2006 τὰ
273 1951 396 2022 ἄνω,
451 1951 874 2029 προκαλοῦνται
932 1953 1008 2016 εἰς
1042 1954 1141 2022 τὴν
1194 1953 1386 2028 ὁμοίαν
1442 1956 1652 2019 ἑαυτοῖς
1707 1957 1832 2013 ἀνά-

192 2036 326 2096 ϐασιν
355 2042 478 2105 τοὺς
512 2037 596 2097 ἔτι
657 2040 1189 2117 ἐμφιλοχωροῦντας
1241 2047 1347 2117 (20)
1395 2045 1519 2120 περὶ
1568 2047 1633 2100 τὰ
1661 2048 1829 2118 κάτω,

189 2131 266 2183 καὶ
308 2137 420 2193 ταῖς
465 2137 758 2192 ταπειναῖς
813 2136 912 2186 τοῦ
962 2131 1084 2207 βίου
1140 2133 1427 2208 μερίμναις
1478 2134 1831 2212 προσδιατρί-

188 2213 378 2282 ϐοντος.
411 2221 470 2279 Ὁ
522 2220 876 2296 συνεγερθεὶς
928 2226 1007 2293 τῷ
1049 2227 1284 2296 Χριστῷ,
1333 2224 1422 2277 καὶ
1463 2224 1531 2278 τὰ
1588 2226 1698 2280 ἄνω
1733 2232 1830 2296 ζη-

184 2307 299 2379 τῶν,
332 2307 570 2365 καλείτω
619 2309 752 2371 τοὺς
800 2311 868 2364 τὰ
917 2309 1125 2384 ἐπίγεια
1181 2317 1533 2388 φρονοῦντας,
1565 2315 1652 2368 καὶ
1712 2335 1830 2391 χει-

187 2399 480 2474 ραγωγείτω
525 2399 717 2454 αὐτῶν
765 2399 834 2452 τὰ
883 2401 1132 2472 νοήματα
1186 2401 1326 2477 πρὸς
1383 2402 1449 2457 τὰ
1504 2400 1636 2461 ἄνω.
1679 2405 1829 2461 Ἐπεὶ

189 2483 338 2556 διπλῆ
366 2489 448 2550 τίς
477 2487 626 2544 ἐστιν
661 2490 700 2557 ἡ
732 2489 1019 2561 σωματική
1067 2489 1202 2562 πρὸς
1229 2491 1292 2544 τὸ
1338 2487 1466 2566 ὄρος
1498 2491 1710 2568 σχέσις*
1735 2497 1825 2549 νῦν

193 2576 350 2648 iiin
384 2578 681 2654 ὑπωρειῶν
740 2575 826 2632 ἐπὶ
887 2583 1129 2655 κορυφὴν
1184 2579 1464 2636 ἀνιόντωνο
1514 2586 1604 2637 νῦν
1665 2579 1722 2637 δὲ
1771 2582 1830 2637 ἐκ

187 2672 273 2734 τῆς
321 2667 624 2742 ἀκρωρείας
698 2661 1128 2722 καταϐαινόντων
1203 2667 1286 2724 ἐπὶ
1336 2669 1466 2733 τοὺς
1522 2669 1826 2748 πρόποδας,

188 2755 304 2810 κατὰ
353 2758 448 2825 τὴν
505 2755 780 2834 διάφορον
837 2761 935 2812 τοῦ
991 2757 1246 2831 σώματος
1326 2761 1534 2834 σχέσιν,
1594 2760 1681 2815 καὶ
1729 2767 1829 2831 τῆς

185 2845 291 2916 παρ’
327 2847 484 2918 ἡμῶν
552 2845 836 2920 ἐνεργείας
892 2843 1165 2923 διαφόρως
1222 2846 1640 2922 ἐκτελουμὲνης.
1707 2852 1828 2920 Μή-

187 2951 301 2986 ποτε
323 2930 378 2987 δὲ
405 2935 469 2988 τὸ
528 2932 775 2989 διπλοῦν
827 2938 990 2989 τοῦτο
1043 2938 1152 3008 (21)
1208 2943 1308 3006 τῆς
1366 2934 1604 3000 ἐπινοίας
1641 2939 1730 2993 καὶ
1758 2942 1827 3012 τῇ

184 3019 448 3095 οἰκονομία
501 3027 615 3098 τῇς
679 3018 1104 3098 ἀνθρωπότητος
1161 3024 1478 3103 ἐφαρμόσει,
1519 3027 1656 3083 ὥστε
1684 3034 1826 3083 νοεῖν

183 3110 309 3180 ἡμᾶς
335 3107 461 3186 ὅρος
491 3114 599 3182 τὴν
631 3111 1065 3185 ἐνανθρώπησιν·
1094 3118 1182 3168 νῦν
1228 3115 1322 3188 μὲν
1354 3118 1452 3184 τῆς
1511 3118 1709 3191 σαρκός
1740 3115 1829 3172 διὰ

177 3202 262 3263 τῆς
306 3202 439 3277 πρὸς
502 3203 642 3257 Θεὸν
709 3202 994 3278 συναφείας
1066 3201 1140 3264 εἰς
1199 3203 1418 3279 οὐρανὸν
1493 3206 1824 3281 ὑψουμὲνης,

1945 623 2298 678 429tamen
2319 623 2592 677 concordi
2615 623 2811 678 animo
2831 623 2902 678 ab
2922 622 3264 678 hominibus
3287 637 3436 695 quos
3460 639 3597 680 una-

1947 727 2190 782 quaeque
2221 727 2366 783 gens
2399 710 2826 782 complectitur,
2851 711 3012 766 illam
3044 710 3275 767 vivendi
3310 711 3599 768 rationem

1945 800 2176 855 admitti
2205 801 2518 856 dixeris.Et
2549 816 2680 856 vero
2713 799 2866 871 quod
2900 801 3108 856 attinet
3130 801 3202 856 ad
3223 800 3600 873 septuaginta

1944 888 2090 943 duas
2112 892 2446 960 gentes,aut
2477 893 2764 959 quotquot
2787 892 3173 944 numerantur
3221 905 3324 961 per
3361 888 3596 946 univer-

1944 993 2076 1032 sum
2101 978 2320 1044 urbem,
2356 979 2553 1032 multae
2586 982 2745 1044 sunt,
2791 994 2919 1048 quas
2961 976 3020 1031 in
3081 977 3261 1048 hujus
3318 976 3447 1034 vita:
3503 977 3595 1035 via

1942 1067 2296 1138 gradiuntur
2323 1083 2335 1121 :
2361 1066 2511 1135 quod
2545 1070 2741 1121 autem
2773 1070 2999 1136 spectat
3030 1067 3102 1121 ad
3135 1067 3432 1138 integrum
3483 1066 3592 1123 ho-

1945 1156 2170 1209 minum
2196 1156 2252 1210 in
2273 1158 2426 1210 terra
2447 1154 2762 1210 viventium
2786 1156 3299 1227 numerum,pauci
3325 1159 3464 1211 sunt
3488 1155 3590 1227 qui

1943 1242 2193 1299 salutem
2223 1251 2654 1314 consequantur
2671 1267 2684 1310 ;
2701 1243 2843 1298 adeo
2857 1260 3054 1298 verum
3079 1249 3168 1298 est
3191 1243 3588 1316 Evangelium,

1944 1349 2047 1387 nec
2081 1336 2300 1404 pugnat
2334 1331 2661 1404 prophetia.
2699 1337 2904 1387 Omnes
2941 1335 3124 1403 gentes
3152 1335 3390 1390 servient
3419 1335 3474 1389 ei
3525 1333 3590 1405 9‘,

1944 1421 2276 1478 adorabunt
2306 1438 2439 1477 vero
2469 1438 2499 1476 e
2522 1419 2725 1476 multis
2749 1420 2920 1493 pauci
2950 1438 2961 1476 :
2989 1421 3202 1490 Omnes,
3225 1420 3593 1494 inquit,reges

1944 1515 2105 1565 terrae
2128 1511 2190 1565 ’5.
2230 1510 2293 1565 Et
2331 1509 2690 1582 Sophonias:
2753 1511 2971 1566 Venient
3008 1522 3067 1565 ut
3119 1512 3362 1566 serviant
3389 1511 3442 1567 ei
3495 1512 3594 1568 sub

1933 1601 2079 1672 jugo
2103 1617 2211 1655 imo
2244 1600 2307 1652 9°.

2012 1688 2103 1743 69.
2135 1691 2199 1745 Et
2227 1688 2406 1746 dicent
2440 1704 2451 1744 :
2485 1690 2672 1745 Venite
2695 1691 2768 1758 {et
2821 1687 3177 1744 ascendamus
3235 1689 3305 1744 ad
3359 1697 3598 1746 montem

1946 1779 2190 1845 Domini,
2223 1783 2276 1833 et
2307 1777 2377 1833 ad
2406 1776 2624 1833 domum
2656 1778 2754 1833 Dei
2778 1778 2964 1834 Jacob.
2999 1777 3106 1842 Qui
3151 1777 3210 1833 in
3261 1777 3599 1851 cognitione

1946 1883 2326 1939 progressum
2362 1866 2775 1938 l’aciunt,quasi
2789 1867 2912 1938 jam
2938 1884 3195 1938 superna
3220 1872 3597 1940 occupantes,

1944 1971 2040 2012 eos
2065 1957 2166 2028 qui
2197 1956 2390 2012 adhuc
2413 1956 2586 2011 rebus
2609 1956 2828 2011 infimis
2857 1955 3170 2025 inhaerent,
3203 1961 3379 2028 atque
3400 1956 3594 2014 humi-

1940 2044 2236 2101 libusvitze
2249 2044 2747 2101 sollicitudinibus
2771 2045 3260 2117 immorantur,ad
3282 2063 3594 2103 ascensum

1941 2151 2048 2191 suo
2079 2134 2344 2206 ipsorum
2376 2135 2649 2190 ascensui
2679 2134 2933 2190 similem
2954 2135 3236 2206 ,invitant.
3295 2136 3402 2200 Qui
3459 2151 3594 2194 cum

1942 2223 2170 2279 Christo
2201 2223 2539 2290 resurrexit,
2572 2228 2629 2279 et
2677 2239 2806 2295 qua:
2829 2239 3066 2280 sursum
3099 2228 3238 2280 sunt
3295 2225 3590 2310 quierit”,

1941 2318 2213 2384 provocet
2236 2329 2335 2368 eos
2363 2313 2463 2384 qui
2493 2317 2711 2369 terram
2744 2314 3330 2385 sapiunt,eorumque
3361 2313 3593 2371 animos

1941 2403 2011 2457 ad
2045 2419 2304 2474 superna
2333 2401 2490 2457 velut
2522 2419 2699 2457 manu
2735 2403 2930 2458 ducat.
2955 2405 3098 2458 Cum
3131 2403 3344 2475 duplex
3393 2403 3471 2459 sit
3519 2405 3592 2460 ad

1939 2497 2200 2546 montem
2228 2491 2513 2547 habitudo
2535 2491 2892 2564 corporalis:
2918 2509 3071 2547 nunc
3097 2493 3336 2564 quidem
3364 2509 3398 2549 a
3418 2509 3589 2548 mon-

1940 2581 2018 2636 tis
2050 2580 2346 2637 radicibus
2379 2581 2448 2636 ad
2482 2579 2757 2637 verticem
2775 2580 3135 2650 ascenditur,
3168 2598 3324 2637 nunc
3353 2598 3487 2638 vero
3514 2582 3588 2638 ab

1943 2670 2070 2739 ejus
2094 2670 2308 2727 vertice
2329 2670 2400 2724 ad
2425 2669 2604 2724 imam
2630 2673 2854 2740 partem
2875 2670 3442 2741 descenditurJuxta
3462 2687 3588 2727 cor-

1941 2757 2100 2830 poris
2131 2763 2188 2813 et
2217 2758 2488 2824 actionis,
2521 2774 2698 2830 quam
2734 2774 2840 2813 nos
2890 2758 3046 2813 varie
3075 2758 3460 2825 absolvimus,
3492 2759 3586 2815 di-

1941 2864 2168 2903 versam
2199 2845 2906 2903 habitudinem.Fortasse
2932 2851 3125 2902 autem
3148 2847 3362 2919 duplex
3385 2847 3586 2904 isthieo

1941 2935 2218 3008 allegoria
2247 2952 2314 2990 ac
2341 2934 2733 2990 consideratio
2767 2935 3071 2990 conveniet
3099 2935 3278 2992 etiam
3309 2936 3582 2992 humanas

1941 3029 2163 3080 naturae
2195 3023 2621 3095 dispensationi
2659 3042 2672 3092 ;
2698 3024 2780 3079 ita
2803 3027 2865 3078 ut
2894 3023 3322 3080 humanitatem
3350 3041 3582 3081 assum-

1941 3119 2098 3187 ptain
2121 3118 2375 3169 montem
2396 3129 2525 3170 esse
2546 3112 3105 3184 intelligamus,cum
3123 3129 3254 3169 caro
3286 3131 3388 3186 per
3408 3131 3579 3171 suam

1939 3219 2072 3259 cum
2091 3203 2205 3258 Deo
2228 3201 2702 3273 conjunctionem
2726 3202 2899 3258 modo
2919 3203 2990 3257 ad
3014 3201 3224 3258 coelum
3245 3210 3428 3275 usque
3450 3219 3578 3260 eve-

182 3291 256 3342 νῦν
309 3287 365 3343 δὲ
413 3297 517 3360 τῆς
579 3290 849 3360 θεότητος
900 3288 988 3345 διὰ
1033 3298 1134 3361 τῆς
1192 3293 1326 3367 πρὸς
1380 3293 1442 3348 τὸ
1494 3296 1827 3371 ἀνθρώπινον

1947 3293 2117 3350 hatur
2149 3309 2163 3348 :
2192 3292 2365 3347 modo
2395 3309 2527 3348 vero
2559 3291 2836 3347 divinitas
2862 3295 3059 3364 utpote
3105 3292 3175 3348 ad
3210 3298 3436 3349 natura
3465 3293 3576 3349 hu-

180 3379 448 3442 κοινωνίας
478 3375 1018 3450 ξπικαταϐαινοόσης
1048 3386 1166 3444 τοῖς
1199 3379 1306 3437 ὧδε
1337 3385 1470 3458 (22).

234 3559 318 3614 70.
345 3556 510 3615 Δεῦτε
541 3559 642 3614 καὶ
705 3553 1014 3633 ἀναδῶμεν.
1049 3556 1382 3637 Προσϐὦμεν
1436 3568 1515 3636 τῷ
1564 3563 1682 3639 ὕψει
1726 3575 1826 3637 τῆς

175 3645 468 3723 θεολογίας,
515 3648 634 3703 ἀπὸ
666 3645 766 3702 τοῦ
815 3648 1016 3711 πάθους
1063 3649 1364 3727 ἀρχόμενοι
1416 3656 1548 3727 (23).
1607 3657 1702 3710 Καὶ
1755 3655 1831 3720 εἷς

175 3734 256 3788 τὸν
285 3737 433 3791 οἶκον
490 3741 599 3792 τοῦ
651 3741 791 3792 Θεοῦ
843 3734 1060 3794 Ἰακώϐ.
1111 3740 1398 3817 Ἀνωτέρω
1451 3743 1545 3815 μὲν
1606 3744 1634 3798 ὁ
1683 3745 1832 3809 οἶκος

174 3824 345 3888 ἁπλῶς
402 3823 633 3902 εἴρηται
695 3830 792 3880 τοῦ
869 3825 1021 3898 Θεοῦ,
1095 3827 1319 3893 ἐνταῦθα
1377 3828 1453 3900 δὲ,
1524 3832 1672 3896 οἶκος
1733 3839 1831 3889 τοῦ

170 3916 286 3966 Θεοῦ
314 3912 542 3970 Ἰακώϐ.
597 3914 711 3976 Τίς
769 3913 859 3970 οῦν
913 3919 948 3985 ἡ
982 3916 1164 3987 αἰτίας
1199 3919 1265 3973 Ἢ
1311 3919 1410 3995 γὰρ
1471 3918 1581 3974 bis?
1629 3921 1829 3993 λείπει,

170 4001 198 4067 ἦ
251 4003 474 4058 ἐνταῦθα
537 4002 837 4080 παρέλκει.
898 4004 1056 4061 Ἀλλ’
1133 4004 1287 4062 οὐδὲν
1351 4008 1511 4084 ἀργὸν
1570 4014 1677 4065 τῶν
1735 4017 1832 4066 τοῦ

174 4093 498 4164 Πνεύματος·
540 4093 796 4148 Δείκνυσι
828 4094 932 4169 γὰρ
962 4095 990 4148 ὁ
1050 4091 1232 4170 λόγος,
1267 4095 1348 4151 ὅτι
1399 4098 1452 4151 αἱ
1496 4099 1589 4171 μὲν
1620 4105 1833 4172 πρῶται

172 4179 580 4250 συγκαταθέσεις
638 4181 781 4234 κατὰ
825 4181 924 4243 τὰς
978 4182 1164 4244 κοινὰς
1236 4183 1359 4258 περὶ
1431 4191 1564 4240 Θεοῦ
1617 4189 1834 4264 προλή-

173 4268 274 4332 ψεις
300 4268 572 4341 γίνονται·
609 4269 681 4324 τὸ
729 4266 788 4323 δὲ
815 4264 1031 4344 ἀκριϐὲς
1087 4274 1187 4345 τῇς
1238 4273 1473 4337 πίστεως
1504 4273 1833 4350 τελειοῦται,

169 4357 534 4430 φανουμένης
589 4354 712 4426 ἤδη
761 4356 811 4412 ἐν
870 4363 988 4421 ταῖς
1044 4357 1292 4435 καρδίαις
1333 4367 1440 4416 τῶν
1495 4366 1836 4437 προκοπτόν-

169 4448 260 4497 tiri
288 4445 374 4500 ἰπὶ
410 4448 510 4515 τὴν
547 4451 762 4522 γνῶσιν
794 4454 894 4517 τῆς
945 4445 1217 4519 ἰδιότητος
1267 4453 1376 4524 (24)
1424 4457 1519 4506 τοῦ
1551 4459 1704 4513 Θεοῦ.
1741 4457 1838 4512 Διά

171 4536 312 4589 τοῦτο
339 4541 461 4598 τοῖς
501 4536 607 4609 μὲν
661 4533 1039 4611 εἰσαγομένοις
1091 4536 1167 4600 εἰς
1217 4543 1419 4615 γνῶσιν
1451 4539 1642 4606 ἁπλῶς
1685 4541 1836 4622 εἷ’ρη-

1937 3399 2122 3438 manas
2154 3379 2658 3453 participationem
2684 3397 2812 3436 sese
2858 3381 3196 3454 demittens,
3257 3384 3328 3439 ad
3380 3387 3582 3441 nostra

1936 3471 2268 3527 descendat.

2005 3561 2096 3614 70.
2135 3561 2317 3616 Venite
2339 3566 2388 3615 et
2417 3558 2789 3614 ascendamus.
2826 3559 3190 3615 Accedamus
3231 3560 3301 3615 ad
3357 3559 3582 3616 theolo-

1938 3649 2045 3721 gia:
2079 3648 2399 3721 fastigium,
2443 3652 2679 3720 sumpto
2711 3665 2745 3703 a
2777 3647 3046 3718 passione
3078 3649 3261 3704 initio.
3283 3654 3356 3705 Et
3385 3650 3465 3706 ad
3491 3649 3589 3707 do-

1939 3755 2090 3794 mum
2122 3739 2221 3794 Dei
2247 3737 2428 3794 Jacob.
2461 3737 2742 3808 Superius
2763 3736 3001 3807 quidem
3035 3738 3246 3793 domus
3298 3737 3586 3810 simplici-

1941 3833 2028 3883 ter
2083 3826 2239 3882 dicta
2295 3830 2405 3896 est,
2436 3827 2574 3882 Dei:
2609 3824 2702 3880 hic
2733 3831 2952 3896 autem,
3004 3825 3200 3882 donius
3248 3827 3348 3882 Dei
3399 3827 3584 3882 Iacob.

1941 3916 2086 3982 Quid
2122 3915 2301 3987 igitur
2333 3929 2523 3968 causae
2555 3912 2578 3967 ?
2609 3915 2725 3968 Aut
2756 3912 2914 3968 enim
2945 3913 3064 3969 illic
3088 3931 3195 3970 vox
3226 3913 3345 3968 haec
3405 3914 3547 3970 defit
3577 3930 3592 3970 :

1943 4011 2045 4062 aut
2075 4005 2169 4060 hic
2191 3988 2501 4058 redundat.
2525 4002 2739 4057 Verum
2764 4000 2913 4055 nihil
2945 4003 3200 4057 otiosum
3233 4007 3323 4057 est
3349 4002 3408 4058 in
3468 4003 3598 4075 δρία

1946 4097 2094 4150 ritus
2123 4092 2311 4149 sancti
2345 4088 2832 4147 verbis.Ostendit
2852 4091 3006 4145 enim
3036 4089 3351 4161 Scriptura,
3370 4090 3594 4161 primas

1944 4183 2316 4240 assensiones
2349 4180 2472 4236 iieri
2496 4197 2597 4252 per
2626 4195 2969 4234 communes
3017 4178 3113 4234 Dei
3161 4178 3590 4250 prienotiones:

1945 4273 2142 4346 perﬁci
2174 4288 2307 4328 vero
2322 4270 2555 4343 plenam
2589 4273 2646 4325 et
2675 4267 2964 4340 integram
2992 4268 3190 4336 tidem,
3214 4285 3348 4324 cum
3371 4269 3498 4341 jam
3529 4269 3590 4325 in

1945 4381 2148 4422 eorum
2179 4363 2279 4435 qui
2312 4360 2643 4433 cognitione
2676 4359 2988 4430 proficiunt
3013 4360 3286 4416 cordibus
3332 4361 3593 4434 proprie-

1947 4461 2040 4512 tas
2069 4453 2168 4509 Dei
2201 4451 2514 4524 detegitur.
2540 4451 2903 4521 Quapropter
2933 4449 3004 4506 iis
3056 4450 3293 4521 quidem
3342 4453 3441 4524 qui
3499 4453 3596 4510 in-

1945 4545 2342 4600 troducuntur
2371 4541 2442 4595 ad
2478 4539 2628 4594 hanc
2659 4538 3301 4611 cognitionem,diclum
3335 4545 3424 4596 est
3452 4541 3597 4598 sim-

229 4669 270 4702 “
299 4669 452 4727 Psal.
490 4687 659 4740 mi,
692 4669 778 4724 11.
807 4670 850 4705 ⁸⁵
881 4670 1025 4726 ibid.
1059 4673 1102 4708 κ
1123 4673 1298 4745 Soph.
1334 4692 1420 4744 iii,
1453 4676 1507 4732 9.
1541 4678 1583 4713 ’7
1615 4677 1834 4740 Coloss.
1867 4701 1957 4754 ιιι,
1983 4683 2034 4750 1,
2058 4681 2114 4733 2.

359 4792 448 4847 ita
469 4790 943 4873 erpendaviinus
963 4807 993 4847 e
1016 4793 1376 4873 quibusdam
1411 4801 1627 4855 mss.ln
1662 4802 1829 4873 prius

172 4861 324 4934 editis
358 4865 665 4920 mendose
689 4861 924 4934 legitur,
955 4861 1110 4934 κατά.

176 5004 182 5008 ί
231 4933 335 5002 (19)
369 4935 543 4992 Inter
567 4933 820 4990 voculas
843 4933 1059 5008 illas,8£
1084 4941 1139 4992 et
1169 4935 1644 5005 dn6,adverbium
1668 4943 1833 4999 πάλιν

175 5007 225 5088 ιο
250 5008 439 5062 tribus
470 5007 1267 5088 mss“invenitur.lidox_e_diti
1287 5027 1424 5088 cum
1459 5013 1649 5071 tribus
1669 5034 1834 5088 mss.,

171 5070 570 5154 ἥξουσα-φησί.
606 5075 1037 5154 Βορει-φησί-ίιι
1070 5080 1200 5137 aliis
1233 5081 1431 5154 tribus
1455 5101 1597 5142 mss.

367 5149 908 5238 yterqucrgolblet
941 5151 1079 5224 Reg.
1114 5152 1832 5238 tertiu8,<pi)\oxwao6vrac.

230 5221 827 5318 saetigerae
875 5221 1565 5318 esi-feawdsimai-
1584 5221 1838 5318 ἰεείιυτ

171 5299 433 5364 corrupte
468 5294 532 5348 in
576 5293 840 5360 excusis,
876 5294 1101 5364 Μήποτε
1129 5293 1219 5349 οὖν
1272 5296 1334 5350 τὸ
1367 5294 1595 5353 διπλοῦν
1617 5293 1834 5359 τοῦτου.

229 5362 1016 5436 (22)”φέπικαταοαινούσης
1093 5373 1208 5430 τοῖς
1281 5364 1409 5436 ὧδε,
1494 5372 1572 5426 Ad
1653 5384 1839 5430 nostra

174 5433 645 5517 descendit._Eju§
667 5433 1190 5517 verbinexemplum
1222 5457 1256 5496 a
1284 5433 1569 5499 Thesauri
1602 5453 1837 5503 auctore

174 5508 340 5574 queri
373 5513 554 5565 notat
587 5508 1005 5566 Combeﬂsins.

209 5580 342 5656 ,(23)
373 5576 844 5660 Ριδρὲἀρχὸμιενοι
877 5580 1088 5660 legitur
1115 5581 1176 5638 in
1209 5581 1715 5660 aliquibuspmss,
1741 5584 1836 5660 ἀρ-

175 5642 406 5733 ξάμγόι,
438 5642 735 5723 Ελιιὲῖοὸί
767 5651 890 5708 hinc
919 5642 1011 5708 e'st
1039 5642 1365 5712 sententia:
1401 5656 1479 5712 Ex
1510 5642 1721 5714 humili
1762 5642 1835 5715 ad

172 5719 448 5781 sublimia
477 5723 1042 5782 ascendamus.Hoc
1070 5731 1160 5783 est
1190 5744 1203 5782 :
1234 5728 1282 5782 A
1312 5733 1524 5786 natura
1553 5729 1835 5789 humana.

900 5766 1042 5782 ouvv
1071 5766 1160 5783 νυν
1191 5768 1203 5782 ο
1234 5766 1282 5782 ιιι
1312 5766 1524 5786 nuuulu
1553 5766 1836 5805 uuauuua,

1941 4817 2071 4874 quae
2105 4812 2281 4874 passa
2309 4799 2418 4863 est,
2453 4792 2844 4874 ascendamus
2876 4792 2947 4847 ad
2981 4796 3254 4874 naturam
3311 4792 3596 4874 divinam,

1949 4863 2076 4947 quae
2101 4863 2221 4944 pati
2253 4885 2382 4947 non.
2395 4870 2610 4947 potest.
2641 4868 2891 4947 Mentem
2931 4863 3255 4947 scriptoris.
3288 4863 3598 4947 assecutus

1951 4936 2067 5002 non
2101 4936 2289 4999 fuerat
2321 4936 2691 5003 Tilmannus,
2723 4936 2865 4991 dum
2900 4937 2982 4990 sic
3015 4941 3301 4992 verterat:
3326 4937 3596 4994 Adsubli-

1948 5019 2193 5073 mitatem
2223 5011 2503 5078 iheoloyiw
2542 5007 2985 5078 progrediamur,
3033 5011 3245 5079 sumpto
3289 5010 3512 5067 emordio
3561 5028 3596 5068 α

1949 5103 2160 5159 repress
2172 5088 2294 5140 iane
2313 5081 2790 5159 perturbationum
2818 5080 3012 5133 animi.

2021 5151 2347 5229 (24)_Codek
2378 5153 2554 5229 Er_.__1,
2589 5151 2832 5229 etmlteg.
2895 5154 3142 5229 quartus
3200 5166 3333 5229 cum
3391 5151 3590 5229 editis,

1945 5221 2046 5295 τῆς
2079 5221 2408 5295 ἀιδιότητος.
2443 5223 2590 5295 Hinc
2646 5221 3018 5295 Tilmannus,
3065 5224 3459 5295 sempiterna
3496 5225 3593 5280 Dei

1947 5293 2186 5358 natura}.
2223 5293 2394 5353 Paulo
2421 5294 2631 5348 melius
2661 5293 2808 5349 alter
2838 5293 3158 5366 Conibefet
3187 5293 3590 5366 apographum

1947 5375 2253 5444 Anglicum
2305 5371 2360 5424 in
2411 5366 2697 5444 marg-ine,
2748 5371 2848 5444 τῆς
2911 5364 3221 5444 ἁγιότητος,
3278 5364 3593 5444 sanctitatis

1946 5437 2066 5519 Dei:
2099 5447 2175 5500 At
2206 5437 2591 5519 vetereslibri
2726 5443 2783 5519 et
2813 5437 2867 5492 J.
2919 5443 2978 5517 et
3036 5443 3293 5519 uterque
3335 5437 3494 5493 Colb.
3537 5442 3596 5494 et

1946 5516 2143 5589 ipsum
2177 5507 2923 5603 apographumﬁpglicum
2959 5507 3018 5561 in
3069 5507 3342 5564 contextu
3386 5524 3594 5591 veram

1949 5589 2254 5645 lectionem
2285 5581 2560 5650 ἰοιότητος
2589 5580 2877 5635 illibatam
2908 5583 3232 5636 servarunt.
3252 5577 3465 5650 Addita
3496 5579 3594 5635 lit-

1944 5659 2135 5716 terula
2192 5677 2333 5725 una,
2365 5647 2521 5728 quod
2565 5667 2682 5707 non
2720 5667 2850 5706 raro
2880 5649 3089 5721 evenit,
3121 5647 3474 5708 sententiam
3506 5653 3593 5728 to:

1944 5736 2064 5791 tam
2096 5724 2454 5806 corruperat.
2481 5724 2630 5796 Lege
2659 5727 2954 5778 Ducaium.
