4130 6210
226 351 318 411 9M
1065 352 1472 414 COMMENT.
1517 353 1592 414 IN
1641 356 1912 416 ISAIAM
1954 357 2458 419 ΡιιΟΡυΕΤΑΜ.
2506 358 2674 419 CAP.
2725 357 2802 418 ΙΙ.

3486 357 3604 416 242

227 482 276 538 tu
315 489 409 552 τῆς
463 483 849 556 Ἰερουσαλήμ.
912 485 1010 540 Τὸν
1090 485 1431 561 προφητικὸν
1499 485 1649 562 λίγει
1706 490 1839 561 (31).

1954 491 2223 560 scripta?
2281 495 2346 547 Et
2399 493 2625 547 verbum
2681 508 2751 547 ea:
2802 491 3124 547 Jerusalem.
3195 489 3601 561 PrOphsticum

228 569 379 628 Ἀλλὰ
425 576 705 647 πανταχοῦ
762 580 864 642 τῆς
919 571 1180 636 Ἰουδαίας
1234 573 1539 650 γεγένηται,
1573 575 1670 630 οὐκ
1701 575 1750 631 ἐν
1778 581 1846 651 τῇ

225 659 562 736 Ἰερουσαλὴμ
594 659 652 716 δὲ
687 661 877 735 μόνον,
930 664 1020 717 καὶ
1067 663 1203 718 κατὰ
1262 664 1352 718 τὸν
1408 663 1650 739 Ἰσραήλ·
1705 664 1849 721 ἀλλά

227 751 303 804 καὶ
356 748 406 805 ἐν
455 753 520 822 τῇ
570 749 951 826 αἰχμαλωσίᾳ·
987 753 1076 806 καὶ
1103 752 1154 806 ἐν
1190 756 1402 826 Νινευῇ,
1435 754 1522 807 καὶ
1555 752 1848 829 πολλαχοῦ

225 841 310 907 τῆς
337 843 452 914 γῆς.
509 838 888 915 ’Δγχέσθωσαν
943 841 1038 894 οὖν
1098 842 1201 896 ὑπὸ
1255 849 1354 911 τῆς
1415 841 1696 912 ἀληθείας,
1758 845 1848 897 καὶ

227 925 679 1003 καταδεχέσθωσαν
710 930 808 997 τήν
840 934 936 984 τοῦ
967 929 1165 1005 Κυρίου
1223 931 1556 1002 νομοθεσίαν,
1616 931 1721 986 ἀπὸ
1753 936 1848 986 τοῦ

230 1017 600 1091 σκοπευτηρίου
658 1017 949 1091 γινομίνην
1009 1020 1121 1090 (32)
1174 1017 1279 1072 ἀπὸ
1335 1027 1434 1088 τῆς
1497 1020 1692 1092 σαρκὸς
1745 1027 1845 1088 τῆς

229 1107 492 1180 θεοφόρου,
546 1105 636 1182 ἀφ’
696 1106 764 1175 ἧς
796 1105 1078 1160 ἐπεσκόπει
1111 1109 1176 1161 τὰ
1206 1107 1340 1162 κατὰ
1369 1107 1687 1182 ἀνθρώπους
1718 1109 1850 1182 πρά-

225 1215 400 1270 γματα.
453 1193 548 1248 Καὶ
615 1193 779 1270 λόγος
813 1195 1016 1268 Κυρίου
1084 1196 1190 1250 ἀπὸ
1234 1193 1618 1270 Ἰερουσαλήμ.
1676 1200 1845 1253 Ἐκεῖ-

227 1295 299 1346 θεν
346 1283 442 1357 γαρ
473 1283 770 1356 ἀρξάμενον
804 1284 882 1345 εἰς
913 1284 1086 1339 πάντα
1115 1286 1207 1340 τὸν
1239 1287 1445 1358 κόσμον
1479 1285 1752 1362 ἐπεσπάρη
1785 1289 1846 1342 τὸ

227 1374 470 1447 κήρυγμα.

284 1491 364 1546 73.
415 1489 514 1546 Καὶ
561 1493 736 1564 κρινεῖ
789 1488 892 1544 ἆνᾶ
951 1491 1112 1563 μέσον
1159 1496 1266 1546 τῶν
1322 1491 1510 1556 ἐθνῶν.
1540 1495 1599 1550 Ὀ
1631 1495 1760 1556 Θεὸς
1793 1493 1844 1548 ἐν

227 1577 309 1650 μὶν
338 1583 614 1654 συναγωγῇ
648 1582 786 1642 θεῶν
817 1579 964 1647 στὰς,
1024 1579 1178 1642 θεοὺς
1233 1577 1516 1657 διακρινεῖ
1548 1581 1599 1637 ὲν
1634 1580 1691 1638 δὲ
1727 1589 1846 1645 τοῖς

225 1665 373 1722 ἔθνεσι
416 1673 602 1741 Κρινεῖ
655 1667 755 1722 ἀνὰ
803 1669 965 1742 μέσον
1024 1672 1130 1723 τῶν
1195 1667 1380 1732 ἐθνῶν.
1427 1673 1556 1732 Τοῖς
1609 1673 1702 1742 μὲν
1744 1673 1844 1748 γὰρ

224 1756 374 1830 ἁγίοις
399 1756 460 1810 τὸ
513 1753 880 1832 διακρίνεσθαι
929 1757 1120 1832 πρέπει
1169 1757 1244 1820 εἷς
1290 1759 1388 1826 τήν
1425 1766 1524 1829 τῆς
1557 1759 1704 1830 ἀξίας
1757 1759 1848 1815 αὖ·

1957 580 2199 634 verbum
2235 582 2392 635 dicit.
2428 583 2499 635 At
2529 581 2748 652 ubique
2778 581 2834 634 in
2866 581 3069 636 Judzea
3101 580 3320 635 factum
3351 582 3461 643 est,
3487 595 3602 634 non

1959 673 2153 723 autem
2183 670 2371 724 solum
2408 670 2463 724 in
2509 670 2864 729 Jerusalem.
2915 674 2972 724 et
3020 670 3077 722 in
3128 667 3342 724 Israel:
3394 667 3494 722 sed
3542 667 3604 722 in

1959 758 2297 829 captivitate
2329 759 2525 823 etiam,
2583 759 2758 828 inque
2815 757 3018 812 Ninive
3077 762 3135 812 et
3188 757 3244 811 in
3308 755 3606 828 plerisque
3705 827 3710 834 '

1957 850 2121 900 terra}
2153 845 2316 900 locis.
2350 847 2800 917 Strangulentur
2829 846 3008 917 igitur
3038 863 3070 901 a
3113 846 3375 909 veritate,
3408 844 3604 899 sanci-

1957 939 2198 1005 tamque
2229 953 2261 990 a
2291 936 2530 990 Domino
2563 936 2747 1005 legem
2784 936 3085 1006 recipiant,
3119 951 3248 1006 quae
3289 951 3321 989 e
3364 931 3604 1004 specula

1957 1029 2157 1078 exorta
2184 1030 2292 1093 est,
2328 1039 2535 1095 nempe
2565 1041 2599 1078 a
2630 1041 2804 1079 carne
2851 1024 3033 1078 Deum
3087 1027 3374 1094 gestante,
3424 1038 3453 1076 e
3485 1038 3603 1092 qua

1958 1113 2126 1182 quasi
2157 1130 2187 1167 e
2218 1113 2454 1182 specula
2476 1129 2566 1167 res
2590 1111 2881 1168 humanas
2901 1111 3264 1166 observabat.
3291 1111 3354 1165 Et
3374 1111 3603 1166 verbum

1956 1203 2181 1256 Domini
2208 1217 2277 1255 ex
2303 1203 2641 1258 Jerusalem.
2677 1200 3013 1256 Praedicatio
3045 1200 3200 1255 enim
3232 1201 3406 1254 ducto
3436 1197 3601 1253 illine

1956 1290 2123 1344 initio
2154 1289 2214 1344 in
2245 1307 2478 1345 omnem
2514 1289 2804 1344 mundum
2844 1289 3112 1360 dispersa
3134 1291 3242 1343 est.

2023 1495 2114 1549 73.
2148 1495 2318 1549 Vens.
2367 1495 2418 1548 4.
2469 1493 2531 1548 El
2578 1493 2848 1562 iudicabit
2893 1492 3037 1548 inter
3082 1497 3286 1560 gentes.
3337 1491 3489 1546 Deus
3536 1492 3594 1548 in

1955 1585 2197 1638 deorum
2229 1583 2462 1654 quidem
2489 1598 2788 1654 synagoga
2809 1585 2995 1652 stans,
3017 1582 3155 1636 deos
3180 1579 3597 1650 diiudicabit’;

1956 1673 2054 1727 sed
2090 1672 2148 1726 in
2181 1671 2455 1744 gentibus
2473 1671 2757 1740 judicabil
2790 1673 2938 1726 inter
2961 1678 3166 1742 gentes.
3192 1669 3422 1725 Sanctis
3443 1669 3599 1724 enim

1957 1761 2226 1817 convenit
2255 1760 2312 1815 in
2366 1760 2552 1832 ipsius
2602 1759 2907 1831 dignitatis
2956 1759 3254 1832 agnitione
3306 1755 3599 1813 discerni:

221 1849 301 1899 τοῦ
344 1845 652 1920 ἐπίγνωσιν*
700 1851 821 1908 τοῖς
880 1843 936 1901 δὲ
995 1845 1170 1918 μάτην
1222 1841 1511 1922 βεϐιωκόσι
1557 1849 1620 1902 τὸ
1668 1846 1839 1924 κρίνε·

1954 1849 1993 1904 ii
2024 1867 2156 1906 vero
2190 1849 2289 1921 qui
2321 1866 2530 1905 vanam
2562 1849 2742 1905 vitam
2775 1847 3070 1916 duxerint,
3115 1846 3391 1919 judicari.
3443 1845 3588 1901 431

222 1937 343 1992 σθαι.
392 1937 617 2004 Μήποτε
650 1932 708 1989 δὲ
757 1933 994 1999 ἐντεῦθεν
1035 1932 1300 1990 δείκνυται
1330 1937 1392 1990 τὸ
1423 1933 1679 2012 διάφορον
1710 1938 1837 1992 εἶναι

218 2028 310 2077 τῶν
354 2021 448 2094 ἔξω
659 2031 762 2093 τῆς
795 2019 1066 2086 εὐσεϐείας
1097 2023 1262 2078 ἐθνῶν
1293 2026 1392 2094 τήν
1420 2023 1667 2093 κόλασιν,
1697 2024 1842 2081 ἀλλὰ

222 2113 286 2183 μή
319 2111 433 2184 μίαν
476 2113 569 2167 καὶ
628 2115 726 2183 τὴν
778 2112 966 2182 αὐτήν.
1017 2115 1143 2168 Καθ’
1183 2115 1212 2168 ’ὁ
1263 2115 1360 2187 μὲν
1406 2115 1507 2191 γὰρ
1546 2115 1840 2191 Δὶκπεπτώ-

216 2222 318 2254 κασι
346 2208 440 2271 τῆς
470 2201 818 2276 ἐπιγνώσεως
864 2206 960 2257 τοῦ
1013 2207 1168 2270 Θεοῦ,
1223 2203 1413 2264 πάντες
1460 2187 1702 2278 βασάνων
1750 2204 1839 2258 καὶ

216 2289 460 2344 κολάσεων
513 2290 685 2360 ιῖἰξιοι⁸
743 2291 859 2344 καθ’
903 2292 932 2344 ’ὁ
982 2288 1039 2345 δὲ
1089 2287 1320 2368 διάφορα
1369 2291 1543 2347 αὐτῶν
1596 2293 1662 2347 τὰ
1707 2293 1842 2346 κατὰ

214 2378 290 2431 τὸν
338 2379 448 2453 βίον
505 2376 934 2451 ἐπιτηδεύματα,
996 2378 1047 2433 ἔν
1105 2401 1163 2434 τε
1217 2386 1336 2444 τοῖς
1363 2380 1550 2436 πάθεσι
1593 2389 1694 2450 τῆς
1727 2383 1840 2436 ἀτι-

220 2466 344 2538 μίας,
387 2469 472 2522 καὶ
522 2467 580 2522 ἐν
634 2474 754 2531 ταῖς
799 2467 878 2532 εἲς
904 2467 1030 2531 τοὺς
1057 2467 1292 2539 πλησίον
1325 2470 1636 2544 πονηρίαις,
1672 2468 1840 2526 δεῖται

217 2554 418 2624 κρίσεως
457 2559 600 2611 κατᾶ
644 2561 753 2611 τῶν
812 2555 977 2611 ἐθνῶν
1035 2559 1134 2626 τῆς
1183 2555 1665 2631 διαλαμϐανούσης
1717 2561 1838 2634 περί

215 2648 306 2697 τῶν
332 2645 401 2706 εἷς
447 2645 584 2710 τοὺς
630 2644 799 2708 πὲλας
833 2645 1424 2720 πεπλημμελημὲνων.
1485 2649 1584 2702 Καὶ
1635 2647 1838 2724 ἐλέγξει

218 2731 329 2787 λαὸν
366 2733 558 2792 πολύν.
593 2739 708 2792 Ἵνα
739 2732 882 2811 δείξῃ
932 2738 1067 2809 ἡμῖν
1111 2737 1173 2791 τὸ
1221 2735 1430 2792 δίκαιον
1473 2739 1559 2793 καὶ
1594 2738 1840 2814 ἀναντίρ-

218 2821 360 2896 ῥητον
408 2832 504 2894 τῆς
591 2822 801 2888 δικαίας
863 2825 1086 2900 κρίσεως
1142 2824 1376 2902 ἐπήγαγε
1434 2830 1545 2902 (34)
1599 2827 1683 2898 τὰ,
1743 2828 1839 2882 Καὶ

217 2908 390 2987 ἆλὲγξει
445 2913 578 2969 λαὸν
632 2913 811 2970 πολύν
843 2958 854 2970 .
914 2914 1145 2991 Ἐλέγξω
1202 2917 1303 2992 γάρ
1362 2937 1456 2986 σε,
1518 2917 1691 2992 φησὶ,
1749 2918 1837 2971 καὶ

217 3005 519 3076 παραστήσω
578 3004 720 3058 κατὰ
770 3003 832 3057 τὸ
888 3003 1182 3077 πρόσωπόν
1233 3025 1363 3061 σου.
1426 3006 1686 3062 Ἐνταῦοα
1744 3006 1838 3078 μὲν

217 3087 294 3142 οὖν
342 3091 608 3167 μάρτυρας
651 3097 887 3168 παριστᾷ
935 3093 962 3147 ὁ
1006 3095 1311 3169 κατήγορος
1343 3093 1418 3156 εἷς
1467 3091 1700 3170 ἔλεγχον
1731 3098 1839 3149 τῶν

218 3176 550 3253 ἐγκλημάτων
583 3185 684 3236 τοῦ
727 3181 1227 3257 κατηγορουμένου,
1279 3182 1330 3237 ἐν
1375 3180 1431 3237 δὲ
1459 3188 1538 3256 τῷ
1575 3188 1680 3238 τῶν
1712 3191 1838 3259 κρυὲ

216 3273 342 3322 πτῶν
391 3267 734 3344 δικαστηρίῳ
764 3269 897 3325 αὐτὰ
925 3272 991 3325 τὰ
1019 3273 1314 3348 πράγματα
1343 3275 1478 3345 ἡμῖν
1520 3272 1837 3347 παρίσταται

213 3355 256 3410 ἐν
281 3362 353 3430 τῷ
391 3357 512 3433 ἰδίῳ
565 3361 843 3436 σχήματι,
903 3360 1130 3430 ἑκάστης
1189 3361 1450 3436 ἁμαρτίας
1506 3363 1840 3437 παρισταμὲ-

213 3467 295 3515 νης
338 3455 450 3512 τοῖς
504 3449 915 3523 ἡμαρτηκόσιν.
981 3450 1126 3506 Ἐκεῖ
1185 3451 1280 3522 μὶν
1328 3452 1417 3505 οὗν
1479 3449 1708 3526 ἔλεγχος
1765 3451 1840 3513 είς

214 3534 436 3591 simum
486 3545 590 3608 τῆς
655 3535 1048 3612 δικαιοκρισίας
1079 3534 1582 3614 παραλαμϐάνεται,
1619 3540 1839 3604 ἐνταῦθα

215 3621 264 3677 ει
313 3625 381 3687 εθς
439 3625 738 3702 διόρθωσιν
766 3631 873 3682 τῶν
933 3626 1016 3705 ἐφ’
1047 3630 1128 3690 οἷς
1166 3627 1473 3704 ἐλέγχεται.
1527 3631 1641 3706 Ἐφ’
1673 3631 1718 3701 ᾧ
1747 3631 1839 3684 τὸν

208 3714 449 3785 Τιμόθεον
480 3718 730 3791 χρῆσθαι
759 3717 786 3770 ὁ
839 3715 1177 3781 Ἀπόστολος
1204 3724 1473 3795 παραινεῖ.
1511 3725 1619 3780 Πᾶς
1652 3720 1835 3791 μέντοι

206 3797 432 3879 ἔλεγχος,
490 3806 739 3880 ἐναργῶς
793 3806 1206 3880 καθαπτόμενος
1286 3811 1384 3862 τοῦ
1437 3805 1834 3882 ἐλεγχομένου,

205 3888 419 3966 ἲσχυρῶς
491 3895 662 3949 αὐτὸν
729 3894 1017 3968 βασανίζει,
1077 3897 1341 3968 παριστὰς
1386 3897 1448 3951 τὸ
1501 3896 1692 3972 αἶσχος
1739 3901 1836 3951 τοῦ

206 3979 597 4055 ἁμαρτήματος,
667 3983 805 4039 ὥστε
861 3983 1078 4060 μεγαλα
1138 3985 1429 4061 εὐεργετεῖν
1459 3987 1550 4040 τὸν
1583 3987 1832 4053 ἀναισθη-

207 4073 377 4126 τοῦντα
404 4078 510 4127 τῶν
547 4071 710 4128 ἰδίων
746 4073 1102 4147 πταισμάτων
1135 4077 1247 4148 (35)
1280 4073 1357 4136 εἷς
1409 4076 1510 4142 τὴν
1553 4087 1836 4148 συναισθηο

203 4177 268 4211 σιν
295 4156 428 4235 ἔγων
448 4163 537 4217 καὶ
581 4160 947 4235 μεταμέλειαν
977 4161 1264 4234 ἀληθινήν.
1301 4169 1463 4218 Ποῖον
1495 4164 1598 4240 γὰρ
1620 4170 1834 4241 τραῦμα

203 4255 483 4321 σωματικὸν
516 4255 671 4310 οῧτω
718 4252 967 4331 δριμεῖαν
999 4255 1218 4329 ἂμποιεῖ
1245 4257 1342 4324 τήν
1377 4253 1596 4328 ὀδύνην,
1645 4258 1830 4314 ὁποίαν

208 4335 408 4410 βάσανον
462 4343 694 4417 ἐμποιεῖ
739 4348 807 4418 τῇ
868 4347 1022 4420 ψυχῇ
1082 4344 1250 4421 λόγος
1308 4343 1654 4418 πληκτικὸς,
1707 4350 1833 4402 καθ-

208 4430 490 4502 ικνούμενος
519 4437 623 4489 τοῦ
657 4430 967 4496 συνειδότος
993 4438 1100 4488 τῶν
1134 4433 1476 4510 ἐνεχομένων
1505 4441 1572 4510 τῇ
1603 4437 1834 4513 αἰσχύνῃ

209 4519 296 4572 τῶν
325 4528 498 4585 κακῶς
526 4525 928 4599 πεπραγμένων
963 4525 1074 4595 (36)
1098 4543 1112 4593 ἱ

1953 1941 2061 1995 Sed
2101 1941 2242 1995 forte
2271 1939 2406 1994 hinc
2436 1941 2592 2010 patet
2623 1937 2918 1993 diversum
2955 1953 3104 2008 esse,
3158 1953 3273 1991 non
3325 1951 3508 1991 unum
3543 1938 3600 1990 et

1950 2030 2131 2098 idem,
2165 2027 2464 2082 nationum
2500 2046 2532 2082 a
2582 2027 2794 2100 pietate
2837 2025 3162 2082 alienarum
3211 2023 3590 2097 supplicium.

1950 2119 2247 2183 Quatenus
2279 2117 2434 2170 enim
2467 2135 2497 2171 a
2543 2115 2638 2171 Dei
2687 2115 3020 2187 cognitione
3066 2114 3424 2184 exciderunt,
3475 2117 3592 2165 tor-

1951 2207 2166 2262 mentis
2197 2205 2357 2276 digni
2391 2209 2530 2260 sunt
2562 2221 2627 2259 ac
2659 2205 2847 2276 pmnis
2879 2220 3085 2258 omnes
3112 2221 3124 2258 :
3149 2206 3438 2276 quatenus
3462 2216 3596 2255 vero

1950 2295 2186 2350 illorum
2220 2294 2444 2348 vivendi
2478 2293 2626 2348 ratio
2669 2293 3026 2364 comperitur
3073 2291 3319 2357 diversa,
3369 2291 3490 2344 sive
3538 2290 3596 2344 in

1950 2384 2286 2455 ignominiaa
2319 2381 2765 2454 cupiditatibus,
2791 2381 2913 2435 sive
2936 2379 2992 2435 in
3018 2379 3296 2434 admissis
3319 2380 3600 2434 adversus

1951 2472 2245 2546 proximos
2278 2471 2535 2544 ﬂagitiis,
2569 2488 2720 2543 opus
2754 2475 2843 2525 est
2885 2474 3086 2525 contra
3135 2473 3333 2538 gentes
3381 2467 3599 2538 judicio

1955 2562 2087 2618 Dei:
2141 2562 2197 2616 in
2249 2578 2366 2634 quo
2413 2561 2628 2616 delicta
2677 2564 2878 2615 contra
2929 2558 3226 2630 proximos
3279 2561 3481 2628 parata
3511 2573 3602 2610 ex-

1951 2651 2303 2722 pendentur.
2334 2651 2396 2704 Et
2426 2658 2618 2721 arguet
2645 2648 2912 2720 populum
2958 2647 3217 2701 multum.
3248 2644 3402 2700 Justi
3437 2642 3598 2699 illius

1947 2739 2152 2810 judicii
2176 2739 2512 2810 aequitatem
2537 2735 3008 2806 evidentiamque
3032 2733 3200 2789 nobis
3226 2738 3289 2787 ut
3309 2732 3596 2800 ostendat,

1952 2828 2294 2899 subjunxit:
2342 2828 2405 2881 Et
2456 2831 2658 2899 arguet
2717 2825 2981 2896 populum
3039 2823 3294 2878 multum.
3356 2821 3598 2890 Arguam

1952 2920 2101 2974 enim
2133 2921 2200 2984 le,
2235 2915 2446 2987 inquit,
2479 2919 2530 2970 (ι
2577 2917 2819 2970 statuam
2873 2917 3061 2967 contra
3116 2912 3318 2982 faciem
3375 2915 3527 2966 tuam
3552 2910 3592 2963 ³.

1953 3008 2054 3063 Hic
2083 3006 2264 3078 igitur
2299 3009 2473 3060 testes
2508 3003 2774 3075 producit
2803 3006 3105 3057 accusator
3134 3004 3199 3055 ut
3241 3015 3402 3054 reum
3435 2999 3596 3070 obje-

1952 3096 2059 3151 ctis
2093 3093 2440 3150 criminibus
2483 3091 2806 3154 convincat,
2857 3093 2916 3145 at
2963 3105 3096 3144 vero
3143 3088 3200 3143 in
3251 3087 3350 3143 illo
3399 3103 3594 3143 rerum

1953 3183 2428 3239 absconditarum
2445 3181 2674 3252 judicio
2697 3196 2788 3235 res
2809 3179 2948 3250 ipsis
2970 3177 3142 3234 nobis
3163 3194 3357 3232 coram
3381 3177 3598 3232 sisten-

1953 3279 2051 3330 tur
2089 3273 2148 3328 in
2182 3271 2412 3345 propria
2446 3270 2660 3343 specie,
2695 3267 3174 3342 quandoquidem
3209 3265 3442 3338 singula
3475 3283 3602 3337 pec-

1951 3368 2083 3420 cata
2112 3363 2184 3417 iis
2217 3361 2314 3433 qui
2345 3359 2730 3432 peccaverint,
2765 3357 3034 3429 ponenda
3074 3357 3146 3410 ob
3191 3355 3392 3410 oculos
3442 3358 3597 3410 sunt.

1953 3452 2076 3507 lllic
2107 3451 2286 3524 igitur
2318 3447 2688 3521 reprehensio
2718 3448 2789 3502 ad
2845 3445 3340 3517 comprobandam
3386 3443 3598 3514 judicii

1949 3542 2262 3612 equitatem
2298 3539 2644 3604 adhibetur;
2678 3537 2772 3591 hic
2803 3551 2935 3590 vero
2975 3535 3045 3588 ad
3091 3533 3461 3588 emendanda
3510 3549 3598 3602 ea,

1950 3646 2202 3701 quorum
2235 3627 2425 3700 quivis
2465 3627 2753 3698 arguitur.
2788 3623 3179 3690 Quamobrem
3213 3621 3592 3676 Timotheum

1947 3720 2222 3774 admonet
2258 3715 2564 3788 Apostolus
2592 3717 2633 3780 ‘,
2668 3719 2733 3769 ut
2762 3713 2871 3768 hac
2895 3711 3175 3784 arguendi
3221 3711 3445 3765 ratione
3477 3714 3601 3764 uta-

1946 3813 2062 3863 tur.
2095 3808 2164 3861 Et
2194 3805 2425 3875 quidem
2461 3803 2835 3876 reprehensio
2867 3801 3059 3856 omnis
3105 3798 3296 3872 palam
3329 3815 3460 3852 eum
3494 3797 3597 3869 qui

1948 3895 2396 3969 reprehenditur
2426 3893 2842 3965 perstringens,
2869 3891 3062 3961 ipsum
3088 3888 3458 3943 vehementer
3478 3889 3595 3940 tor-

1947 3993 2107 4060 quet,
2156 4002 2286 4040 cum
2340 3983 2557 4054 peccati
2610 3981 2836 4051 detegat.
2885 3976 3352 4049 turpitudinem:
3404 3973 3485 4029 ita
3532 3977 3597 4029 ut

1945 4095 2077 4135 eum
2117 4078 2215 4150 qui
2257 4074 2417 4131 nullo
2451 4073 2793 4129 delictorum
2831 4085 3071 4125 suorum
3107 4083 3282 4122 sensu
3315 4065 3595 4137 tangeba-

1945 4175 2061 4234 tur,
2096 4185 2209 4222 non
2245 4163 2519 4221 mediocri
2555 4161 2770 4216 efficiat
2801 4157 3126 4224 beneficio;
3161 4156 3379 4228 quippe
3401 4154 3471 4209 ad
3506 4169 3596 4209 eo-

1945 4277 2073 4315 rum
2111 4255 2527 4314 conscientiam
2564 4257 2620 4307 et
2652 4253 2720 4308 ad
2751 4265 2942 4305 verum
2967 4246 3367 4320 pcnnitentiam
3392 4244 3593 4317 ipsum

1944 4350 2216 4405 deducat.
2251 4345 2428 4413 Quale
2459 4344 2611 4398 enim
2647 4339 2906 4411 corporis
2944 4336 3159 4392 vulnus
3211 4340 3366 4393 creat
3399 4351 3593 4391 acrem

1945 4438 2205 4494 dolorem
2262 4433 2576 4506 ejusmodi,
2629 4428 2962 4501 cujusmodi
3013 4427 3337 4483 cruciatum
3387 4424 3596 4482 anime

1947 4529 2096 4599 parit
2130 4542 2322 4581 sermo
2345 4521 2807 4594 objurgatorius,
2831 4535 2965 4574 cum
2989 4533 3192 4574 eorum
3215 4514 3316 4588 qui
3339 4514 3593 4587 turpitu-

203 4609 316 4668 dine
343 4617 396 4669 et
425 4614 749 4687 opprobrio
779 4631 975 4671 rerum
1006 4613 1161 4672 male
1184 4619 1484 4688 gestarum
1517 4621 1886 4688 premuntur,
1921 4615 2338 4673 conscientiam
2373 4608 2757 4685 perstringit?

264 4788 282 4822 ³
310 4791 454 4847 Psal.
490 4809 688 4861 LXXXI,
719 4792 772 4864 1,
803 4792 857 4849 2.
935 4793 957 4826 ⁸
985 4791 1138 4850 Psal.
1169 4809 1318 4862 xux,
1349 4793 1439 4850 21.
1517 4795 1541 4829 ⁸
1569 4794 1614 4851 ΙΙ
1640 4795 1792 4852 Tim.
1827 4812 1905 4868 Iv,
1933 4797 1988 4849 2.

262 4967 362 5036 (31)
408 4970 514 5026 Τὸν
565 4970 919 5048 προφητικὸν
965 4967 1135 5048 λέγει.
1187 4969 1384 5026 Monet
1428 4971 1836 5048 Combelisius,

210 5033 491 5117 hanc'esse
525 5033 981 5117 responsionem
1007 5033 1369 5117 Judteorum,
1411 5059 1583 5117 quam
1619 5033 1838 5100 contini

207 5110 566 5187 gitjlasilius,
601 5110 721 5171 η’οο
755 5115 940 5187 ipsius
973 5114 1172 5170 Basilii
1215 5110 1624 5187 assertionem.

265 5183 479 5262 (3%)b‘ic
509 5205 659 5242 mss.
718 5183 980 5262 plerique
1030 5203 1250 5262 omnes.
1299 5186 1472 5244 Editi.
1517 5184 1834 5262 γενομένην,

212 5247 294 5325 Hic
322 5247 584 5331 imitatus
619 5247 1158 5331 esl'Com'mentat-ii
1183 5263 1386 5331 auctor
1409 5247 1711 5324 Basiliam,
1737 5247 1834 5331 qui

211 5339 256 5375 In
284 5327 567 5406 psalmum
607 5348 700 5385 ιιι
721 5331 866 5385 dixit
886 5338 941 5383 et
962 5330 1086 5406 ipse
1114 5330 1337 5406 U_omini
1364 5349 1621 5406 carnem,
1648 5327 1836 5406 θεοιρό-

213 5399 600 5475 ρῬνοβιιὺζῐιάθ
637 5419 784 5475 φεῦ.
818 5399 1103 5471 nonnulli,
1138 5399 1434 5457 ἐπισκοπεῖ.
1463 5403 1570 5458 Alii
1595 5399 1833 5475 quidam

210 5471 254 5518 οἱ
279 5467 427 5537 editi,
462 5466 781 5528 ἱπεσκόπει.

268 5539 366 5612 (733)
404 5545 484 5597 [ta
515 5562 620 5600 sex
655 5561 802 5600 mss.
839 5542 1060 5599 Vocula
1086 5538 1186 5612 ἔξω
1217 5544 1288 5598 ab
1321 5543 1493 5600 editis
1525 5546 1744 5602 aberat.

274 5611 374 5680 (3i)
405 5616 576 5688 Editi,
611 5614 845 5688 ἆπήγετο
875 5614 988 5671 καί.
1040 5611 1131 5670 At
1162 5632 1304 5688 mss,
1337 5616 1579 5688 aliquot
1613 5619 1719 5688 puti
1775 5619 1832 5672 in

219 5689 485 5745 contextu.
519 5686 747 5747 Statim
776 5688 877 5748 ubi
899 5689 961 5747 in
982 5687 1214 5747 excusis
1234 5686 1468 5760 legitur,
1491 5686 1834 5764 παρίστησιν,

1950 4972 2009 5028 in
2045 4972 2334 5028 veteribus
2367 4967 2586 5025 nostris
2616 4962 2783 5019 libris
2813 4959 3110 5029 scribitur,
3136 4959 3391 5032 παριστᾷ,
3423 4959 3481 5014 et
3509 4957 3594 5015 sic

1951 5044 2322 5114 scripsimus.

2198 5113 2365 5183 Editi.
2427 5107 2562 5183 ὥστε
2623 5102 2770 5183 μάλα
2829 5101 3132 5183 εὐεργετεῖν·
3175 5099 3270 5183 τὸν
3329 5098 3594 5183 ἀναισθηῌτ

1947 5171 2142 5242 τοῦντᾶ
2159 5190 2265 5238 τῶν
2286 5181 2438 5237 ἰδίων
2457 5171 2888 5252 ἁμαρτημάτων.
2917 5171 2979 5227 At
3009 5172 3192 5228 nostri
3213 5190 3313 5252 se);
3339 5189 3482 5252 mss;
3509 5171 3593 5226 uti

1948 5261 2004 5315 in
2041 5264 2333 5314 contextu.
2369 5243 2641 5324 llociip'so
2661 5243 2729 5324 in
2764 5247 2901 5324 loco,
2921 5261 3165 5324 uterque
3185 5245 3345 5300 Colb.
3366 5249 3424 5298 et
3447 5243 3588 5313 Reg.

1948 5331 2263 5394 secundus,
2293 5316 2646 5399 μεταμέλει-αν
2673 5319 2956 5399 ἀληθινήν
2985 5316 3094 5399 Alii
3119 5321 3234 5398 tres
3278 5333 3420 5370 mss.
3451 5330 3586 5369 cum

1947 5404 2141 5468 editis,
2167 5389 2522 5473 μεταμέλειαν
2543 5393 2819 5473 ἀλγειιήν.
2840 5391 2908 5445 ad
2923 5389 3299 5471 pamilentiam
3315 5401 3588 5473 asperam.

2017 5464 2137 5541 (36)
2164 5464 2247 5530 ita
2277 5464 3086 5541 emendandum‘censuimus
3137 5475 3203 5514 ex
3223 5464 3461 5541 ‘nostris
3490 5473 3591 5512 sex

1944 5529 2390 5603 mssxlneditis
2424 5542 2658 5613 legitur,
2713 5529 3086 5613 βεϐιωμὲγων,
3136 5529 3338 5586 eodem
3384 5543 3583 5613 sengu.

1944 5592 2388 5674 ’ῑίὲἇιῖέιῖὀ
2421 5592 2754 5684 ρξέξξὶιὶοὰι
2786 5592 2971 5663 nostri
3001 5592 3100 5660 sea
3130 5617 3296 5669 mss,
3349 5592 3582 5671 μεταϐα-

1948 5688 2084 5747 λεῖν.
2117 5690 2292 5758 Editi,
2327 5678 2710 5761 μεταϐάλλειν.
