4130 6210
483 345 607 404 243

558 479 650 534 74.
684 479 758 533 Et
787 477 1142 550 confringant
1162 476 1374 547 gladios
1403 491 1527 531 suos
1565 477 1624 530 in
1671 480 1882 548 aratra,
1933 487 1985 534 et
2021 477 2140 533 ιηη-
2167 482 2220 548 Α

493 586 615 626 ceas
645 585 774 625 suas
833 569 894 624 in
947 566 1142 638 falces.
1208 567 1308 622 llic
1364 571 1454 622 est
1504 566 1976 640 obiurgationum
2012 567 2143 623 ﬁnis

499 658 794 734 perutilis,
826 659 894 714 ad
923 657 1234 730 pacificum
1268 661 1326 712 et
1349 655 1728 726 tranquillum
1759 662 1975 713 statum
2008 657 2144 713 belli

497 753 788 806 amatores
822 764 885 802 ac
922 746 1283 804 tumultuum
1331 750 1596 801 auctores
1642 747 1978 802 transferre.
2014 747 2141 803 Cui-

500 840 587 895 vis
621 846 814 894 autem
848 840 1213 908 compertum
1244 839 1333 892 est
1377 852 1442 891 ac
1489 840 1881 907 perspectum,
1931 836 2142 892 Christi

499 927 685 1001 legem
719 944 784 982 ac
813 941 1164 995 sermonem,
1197 941 1330 980 cum
1356 923 1515 997 pacis
1538 941 1604 982 ac
1626 925 1946 981 concordia:
1969 942 2148 982 causa

501 1019 577 1073 sit
609 1020 664 1072 et
693 1015 877 1087 origo,
910 1013 984 1070 iis
1010 1013 1110 1085 qui
1165 1015 1334 1086 longe
1380 1017 1437 1069 et
1493 1031 1671 1086 prope
1727 1019 1894 1070 erant
1950 1014 2146 1087 positi,

499 1121 702 1178 pacem
735 1102 1138 1159 annuntiasse.
1174 1105 1375 1175 Itaque
1406 1108 1462 1158 et
1489 1103 1674 1159 Judaei
1708 1108 1765 1159 et
1786 1109 1989 1177 gentes
2011 1104 2147 1160 belli

501 1196 823 1266 deposuere
855 1194 1253 1249 instrumenta
1280 1210 1292 1248 :
1327 1198 1454 1248 tum
1487 1210 1615 1266 quae
1656 1193 1715 1248 in
1747 1209 2063 1266 congressu
2092 1198 2149 1250 et

501 1283 560 1338 in
595 1283 808 1354 pugnis
840 1282 1110 1338 cominus
1142 1281 1478 1338 commissis
1509 1299 1574 1338 ac
1605 1282 1866 1338 statariis
1884 1283 2148 1338 adhiberi

501 1371 717 1442 solent,
749 1389 877 1442 quae
908 1369 1132 1425 vocavit
1180 1370 1464 1442 propheta
1513 1369 1774 1440 gladium
1805 1387 1818 1426 :
1867 1373 1994 1425 tum
2025 1387 2151 1441 quae

505 1464 574 1519 ad
598 1463 914 1518 vindictam
939 1462 1172 1516 eminus
1195 1461 1545 1517 sumendam
1566 1462 1896 1530 cuduntur;
1923 1478 2052 1534 qua:
2073 1461 2153 1517 ait

503 1568 632 1608 esse
662 1552 864 1606 hastas
895 1554 952 1606 et
978 1551 1231 1606 lanceas.
1266 1551 1388 1605 lmo
1419 1550 1539 1606 hinc
1569 1551 2002 1607 ferramentain
2024 1551 2152 1606 ins-

503 1645 801 1695 tramenta
821 1639 1225 1712 agricolationi
1248 1640 1630 1696 accommoda
1654 1656 1687 1695 a
1706 1641 1880 1696 verbo
1904 1641 2059 1713 quod
2081 1640 2154 1695 de

504 1729 828 1785 Jerusalem
861 1745 1161 1801 egressum
1195 1733 1305 1795 est,
1336 1728 1519 1784 voluit
1562 1729 1888 1785 immutari.
1935 1731 2154 1794 Quam-

505 1818 706 1874 obrem
737 1817 1016 1873 exitiosus
1046 1817 1142 1873 ille
1173 1817 1402 1890 gladius
1434 1818 1681 1875 idoneus
1711 1823 1821 1889 est,
1874 1820 1967 1889 qui
2003 1819 2151 1874 vita-

509 1906 590 1962 lia
619 1906 846 1962 semina
875 1907 1186 1962 animabus
1219 1908 1436 1964 ratione
1467 1908 1725 1979 praeditis
1776 1923 1878 1980 per
1922 1907 2154 1977 sapien-

516 1995 661 2050 tiam
693 1995 870 2052 insita
900 2000 1220 2067 praeparet:
1255 1997 1472 2068 quippe
1502 1996 1603 2068 qui
1635 1997 1711 2052 sit
1754 2014 2068 2053 conversus
2097 1997 2158 2052 in

519 2087 796 2150 aratrum,
831 2084 982 2156 quod
1013 2101 1074 2140 ea
1101 2101 1229 2156 quis
1253 2085 1672 2153 obduruerant,
1695 2086 1939 2155 emollit,
1965 2085 2162 2142 avellit

517 2173 742 2244 spinas,
800 2177 857 2230 et
913 2190 980 2229 ea
1036 2173 1251 2245 quibus
1295 2175 1483 2246 gratia
1538 2174 1787 2230 ecelestis
1844 2175 2160 2231 incolumis

517 2265 800 2332 servetur,
836 2265 1088 2332 praestat.
1125 2261 1346 2316 Lancea
1375 2265 1593 2330 autem,
1627 2263 1798 2334 cujus
1819 2266 1906 2318 est
1928 2262 2159 2318 eminus

514 2350 798 2422 impetere
830 2365 894 2404 ac
928 2348 1276 2422 propellere,
1308 2349 1366 2404 in
1399 2349 1455 2404 id
1489 2351 1763 2406 vertenda
1810 2355 1952 2419 erat,
2005 2352 2157 2408 432

512 2439 605 2494 cui
638 2437 792 2494 inest
819 2437 1065 2495 facultas
1096 2437 1365 2494 cominus
1409 2438 1740 2510 colligendi,
1792 2441 2155 2496 societatem-

513 2543 629 2599 que
660 2526 1036 2583 conciliandi.
1087 2527 1233 2583 Nam
1285 2527 1574 2597 ejusmodi
1626 2527 1803 2584 falces
1852 2534 2069 2602 cogunt
2098 2530 2157 2585 in

511 2633 697 2672 unum
717 2617 1004 2688 dispersa,
1025 2619 1078 2671 et
1098 2616 1154 2670 in
1176 2632 1358 2670 unum
1380 2617 1771 2689 eamdemque
1793 2618 2156 2690 manipulum

512 2706 707 2778 spicas
763 2706 1121 2778 astringunt.
1155 2705 1258 2760 Est
1302 2705 1484 2777 igitur
1541 2706 1843 2762 rationalis
1890 2708 2157 2778 quaedam

512 2795 747 2866 messis,
780 2796 850 2850 ad
884 2811 1063 2866 quam
1098 2793 1488 2866 colligendam
1523 2811 1671 2866 opus
1704 2795 1782 2851 sit
1811 2797 2038 2853 idoneis
2067 2798 2158 2852 in-

511 2883 884 2950 strumentis,
920 2884 989 2939 de
1021 2901 1136 2955 qua
1167 2883 1390 2939 dictum
1440 2888 1562 2938 est.
1614 2885 1813 2940 Levate
1858 2889 2038 2941 oculos
2066 2903 2156 2942 vc-

509 2978 671 3040 stros,
704 2977 757 3030 et
788 2972 962 3028 videte
990 2975 1120 3046 quia
1151 2975 1400 3044 regiones
1430 2973 1570 3027 albae
1597 2979 1723 3029 sunt
1747 2974 1786 3028 ⁸.
1837 2975 2019 3030 Nemo
2050 2975 2155 3047 igi-

510 3065 608 3118 tur
633 3061 786 3117 bella
824 3062 1038 3128 sciens,
1081 3063 1151 3117 ad
1207 3061 1358 3116 hanc
1408 3078 1661 3117 messem
1705 3066 1878 3134 aptus
1904 3069 2010 3120 est.
2045 3065 2152 3120 Sed

504 3167 644 3207 suos
675 3150 994 3222 dissipulos
1025 3151 1095 3206 ad
1128 3151 1279 3206 hanc
1310 3154 1563 3223 segetem
1587 3151 1992 3206 demetendam
2016 3152 2156 3208 emi-

1430 343 1829 404 ΑρριςΝυιΧ
1875 343 2195 404 OPERUM
2247 345 2309 405 S.
2357 344 2639 405 BASILlI
2687 343 2956 404 MAGNI.

3780 344 3905 402 244

2320 479 2412 534 74.
2501 478 2598 532 Καὶ
2668 467 2999 552 συγκόψουσι
3075 475 3172 539 τὰς
3240 472 3514 550 μαχαίρας
3581 472 3754 528 αὐτῶν
3824 473 3926 536 εἰς’

2253 563 2474 642 ἄροτρα,
2534 567 2621 622 καὶ
2683 566 2778 628 τὰς
2813 560 3028 636 ζιϐὗνας
3073 563 3247 619 αὐτῶν
3298 562 3374 626 εἷς
3428 561 3684 638 δρέπανα.
3729 563 3903 620 Τοῦτό

2252 653 2361 710 ἐστι
2402 656 2464 710 τὸ
2523 653 2824 731 εὔχρηστον
2877 652 3039 716 τᾶλος
3096 658 3203 708 τῶν
3246 652 3516 729 ἐλέγχων,
3572 647 3900 725 μεταϐαλεῖν

2253 746 2386 822 πρὸς
2459 745 2738 818 είρηνικήν
2805 745 3124 799 κατάστασιν
3171 742 3298 805 τοὺς
3349 741 3763 820 φιλοπολέμους
3809 744 3899 797 καὶ

2251 832 2609 912 ταραχώδεις.
2646 832 2823 904 Δῆλον
2877 830 2934 887 δὲ
2988 833 3168 900 παντὶ,
3229 832 3311 887 ὅτι
3373 834 3401 887 ὁ
3460 834 3696 906 Χριστοῦ
3726 833 3902 904 νόμος

2254 925 2486 1000 καὶ
2543 922 2726 999 λόγος,
2771 922 2833 977 τὸ
2884 919 3154 996 εἴρηνικὸν
3205 921 3295 976 καὶ
3343 917 3673 994 συμϐατικὸν
3729 917 3901 996 ἔχων

2256 1013 2474 1088 εἰρήνην
2536 1011 2759 1088 ἐκήρυξε
2786 1017 2902 1074 τοῖς
2959 1011 3164 1084 μακρὰν
3218 1011 3303 1065 καὶ
3353 1015 3472 1072 τοῖς
3527 1009 3708 1086 ἐγγύς·
3768 1010 3907 1064 ὥστε

2256 1102 2345 1158 καὶ
2387 1099 2514 1163 τοὺς
2561 1097 2852 1162 Ἰουδαίους
2902 1101 2988 1154 καὶ
3039 1097 3165 1160 τοὺς
3211 1097 3260 1171 ἐξ
3309 1098 3474 1153 ἐθνῶν
3512 1099 3909 1170 καταθεμένους

2255 1191 2322 1246 τὰ
2374 1188 2800 1264 πολεμιστήρια,
2863 1189 2929 1242 τά
2973 1209 3031 1243 τε
3070 1188 3202 1264 πρὸς
3257 1188 3356 1256 τὴν
3405 1186 3464 1242 ἐκ
3505 1192 3601 1241 τοῦ
3649 1189 3906 1263 σύνεγγυς

2258 1279 2312 1336 ἐν
2358 1285 2474 1342 τοῖς
2521 1279 2787 1348 συστάδην
2839 1276 3150 1352 γινομένοις
3199 1279 3312 1350 (38)
3357 1277 3527 1351 ἀγῶσι
3578 1274 3908 1350 συμπλοκὴν

2260 1371 2413 1424 ἅτινα
2462 1370 2575 1423 εἶπε
2638 1368 2934 1444 μάχαιραν,
2984 1367 3073 1422 καὶ
3121 1366 3185 1420 τὰ
3224 1366 3360 1441 πρὸς
3408 1365 3611 1438 ἄμυναν
3668 1367 3768 1436 τὴν
3826 1363 3915 1420 διὰ

2263 1462 2476 1532 μακροῦ
2531 1455 3005 1532 παρεσκευασμένα
3041 1503 3056 1526 ,
3118 1457 3269 1510 ἅτινα
3353 1455 3484 1509 εἶναι
3554 1453 3756 1530 δόρατα
3821 1457 3910 1510 γαὶ

2264 1543 2480 1618 ζιϐόνας
2550 1566 2701 1626 φησι·
2752 1551 2920 1601 ταῦτα
2971 1547 3083 1619 (39)
3134 1542 3191 1599 δὲ
3257 1543 3332 1606 εἷς
3377 1544 3445 1599 τὰ
3497 1551 3598 1614 τῆς
3647 1544 3916 1620 γεωργίας

2263 1634 2522 1714 ἰργαλεῖα
2567 1637 2973 1711 μετασκευάζειν
3013 1634 3106 1690 τὸν
3153 1633 3316 1710 λόγον
3357 1634 3447 1689 τὸν
3499 1633 3551 1688 ἐν
3579 1641 3677 1704 τῆς
3709 1635 3913 1708 Ἰερου-

2264 1724 2474 1799 σαλὴμ,
2537 1725 2673 1780 ὥστε
2735 1727 2836 1794 τήν
2897 1724 3196 1802 φθαρτικὴν
3257 1722 3530 1798 μάχαιραν
3581 1724 3914 1798 σπερμάτων

2267 1819 2572 1886 ζωοποιῶν,
2626 1818 2732 1870 τῶν
2767 1812 2826 1868 ἐκ
2853 1820 2954 1883 τῆς
3004 1812 3191 1886 σοφίας
3242 1811 3604 1888 ἐγγινομὲνων
3655 1817 3780 1874 ταῖς
3811 1810 3919 1868 λο-

2265 1909 2445 1981 γικαῖς
2494 1907 2720 1979 ψυχαῖς,
2771 1903 2898 1957 εἶναι
2953 1903 3476 1977 παρασκευαστικήνο
3537 1899 3768 1976 ἄροτρον
3822 1923 3919 1980 γε-

2265 1995 2500 2067 νομένην
2578 1991 2850 2048 ἁπαλῦνον
2921 1991 2986 2046 τὰ
3057 1989 3439 2067 πεπωρωμὲνα
3493 1994 3622 2065 (40),
3682 1990 3918 2055 ἀκάνθας

2269 2082 2583 2156 ἀνατρέπον,
2642 2080 2892 2157 οὐρανίας
2923 2082 3150 2156 χάριτος
3179 2078 3566 2156 φυλακτηρίων
3603 2081 3714 2153 (41)
3745 2101 3916 2149 ποιη-

2265 2174 2439 2229 τικόν.
2498 2173 2562 2228 Ἡ
2595 2168 2652 2226 δὲ
2703 2166 2918 2240 ζιϐόνη,
2947 2170 3008 2224 τὸ
3034 2168 3312 2246 πόῤῥωθεν
3365 2169 3774 2238 κατακοντίζον,
3821 2169 3917 2224 καὶ

2269 2258 2655 2332 ἀπωθούμενον
2703 2257 2780 2321 εἷς
2826 2259 2888 2312 τὸ
2937 2258 3248 2312 συνακτικδν
3308 2257 3368 2312 ἑκ
3390 2262 3486 2313 τοῦ
3513 2257 3790 2334 σύνεγγυς,
3821 2259 3915 2313 καὶ

2267 2348 2554 2410 κοινωνίας
2613 2345 2916 2403 συνδετικόν
2956 2391 2969 2406 .
3029 2349 3288 2404 Τοιαῦται
3348 2348 3451 2422 γὰρ
3512 2348 3566 2402 αἱ
3633 2345 3921 2420 δρεπάνω,

2267 2442 2587 2514 συνάγουσαι
2644 2439 2712 2492 τὰ
2765 2434 3218 2512 διεσκορπισμένα
3253 2479 3266 2506 ,
3343 2437 3433 2492 καὶ
3493 2435 3569 2498 είς
3620 2436 3918 2491 κοινωνίαν

2269 2525 2579 2604 δράγματος
2643 2524 2952 2581 συνδὲουσαι
2985 2526 3110 2588 τοὺς
3168 2527 3463 2601 ἀστάχυας.
3505 2527 3684 2580 Ἔστιν
3719 2524 3810 2580 οῦν
3865 2546 3923 2580 τι

2265 2617 2354 2671 καὶ
2408 2613 2630 2691 λογικὸν
2665 2615 2836 2692 θὲρος,
2889 2614 2965 2678 εἷς
2996 2617 3024 2671 ’ὀ
3055 2615 3214 2692 χρεία
3243 2620 3348 2670 τῶν
3400 2612 3722 2686 ἰπιτηδείων
3758 2613 3928 2691 ὀργά-

2265 2726 2392 2773 νων,
2439 2706 2559 2779 περὶ
2613 2705 2674 2760 οὗ
2724 2704 2933 2781 εἴρηται
2985 2703 3088 2773 ὅτι,
3123 2703 3386 2777 Ἐπάρατε
3413 2703 3542 2766 τοὺς
3594 2703 3923 2781 ὀφθαλμοὺς

2272 2795 2446 2867 ὑμῶν,
2505 2795 2594 2849 καὶ
2638 2791 2785 2848 *ίδετε
2833 2791 2914 2848 ὅτι
2962 2794 3016 2847 αἱ
3070 2798 3250 2869 χῶραι
3309 2791 3496 2848 λευκαί
3530 2792 3684 2849 εἰσιν.
3718 2789 3923 2855 Οὐδεὶς

2268 2884 2359 2937 οῦν
2393 2882 2768 2956 πολεμοποιὸς
2797 2883 2934 2956 πρὸς
2961 2883 3051 2936 τὸν
3088 2883 3341 2956 θερισμὸν
3372 2879 3706 2952 ἐπιτήδειος.
3740 2880 3928 2938 Ἀλλὰ

2265 2971 2392 3033 τοὺς
2426 2969 2596 3034 ἰδίους
2651 2973 2896 3044 μαθητὰς
2955 2971 3090 3045 πρὸς
3130 2972 3222 3026 τὸν
3276 2972 3531 3045 θερισμὸν
3576 2975 3767 3026 τοῦτον
3813 2971 3926 3026 ἀπ-

2267 3060 2494 3132 έστειλε,
2548 3061 2672 3135 περὶ
2718 3062 2791 3114 ὧν
2833 3060 2921 3115 καὶ
2965 3063 3130 3118 εἶπεν.
3164 3062 3224 3118 Ὁ
3285 3061 3380 3134 μὶν
3409 3061 3666 3136 θερισμὸς
3717 3057 3925 3129 πολὺς,

2265 3151 2315 3204 οἱ
2362 3148 2419 3205 δὲ
2463 3149 2679 3226 ἐργάται
2733 3149 2931 3225 ὀλίγοι.
3005 3149 3232 3212 Τούτοις
3304 3149 3394 3204 οὖν
3444 3155 3560 3212 τοῖς
3621 3151 3922 3225 θερισταῖς,

504 3238 603 3308 sit,
637 3239 708 3294 de
738 3239 956 3308 quibus
995 3239 1118 3294 ait:
1164 3239 1358 3294 Messis
1400 3240 1618 3310 quidem
1665 3240 1864 3311 multa,
1914 3241 2153 3312 operarii

2269 3235 2355 3294 διὰ
2382 3239 2444 3294 τὸ
2480 3240 2554 3311 μή
2589 3237 2732 3315 ἔχειν
2787 3237 3036 3312 πολεμου
3095 3235 3330 3316 ὄργανον
3385 3237 3436 3294 ἐν
3483 3243 3602 3300 ταῖς
3642 3235 3927 3315 καρδίαις,

503 3331 698 3382 autem
726 3328 959 3398 pauci“.
1013 3327 1210 3398 Itaque
1260 3327 1601 3397 hujusmodi
1649 3329 2036 3400 messoribus,
2090 3335 2156 3388 ut

501 3418 634 3487 pote
665 3415 1132 3470 instrumentum
1165 3415 1302 3470 belli
1333 3416 1390 3470 in
1427 3416 1701 3472 cordibus
1733 3418 1859 3473 suis
1906 3436 2021 3475 non
2055 3436 2153 3493 ge-

504 3503 821 3574 stantibus,
855 3507 1203 3575 potestatem
1235 3504 1396 3560 dedit
1425 3505 1702 3560 afferendi
1735 3522 1935 3578 pacem
1967 3508 2154 3564 domi-

504 3593 640 3659 bus,
668 3609 817 3664 quas
847 3597 1046 3649 essent
1077 3593 1404 3665 ingressuri
1436 3595 1474 3648 ⁷.

576 3682 666 3737 75.
700 3683 765 3737 Et
794 3697 902 3737 non
933 3683 1160 3754 accipiet
1206 3699 1335 3754 gens
1385 3691 1573 3739 contra
1623 3685 1864 3756 gentem]
1880 3685 2152 3757 gladium.

509 3770 775 3835 Quandiu
810 3770 1047 3843 quidem
1079 3771 1268 3826 instar
1300 3771 1452 3844 ignis
1489 3773 1791 3828 desaaviret
1843 3778 2154 3832 mundanae

509 3858 807 3931 sapientiae
838 3875 1052 3926 sermo,
1085 3864 1287 3932 gentes
1311 3861 1369 3916 in
1394 3878 1456 3918 se
1478 3861 1723 3918 invicem
1746 3863 2152 3938 insurgebant,

510 3947 727 4020 quippe
779 3964 910 4020 quas
959 3951 1250 4006 sermonis
1300 3950 1560 4022 gladium
1611 3951 1776 4008 valde
1823 3960 2154 4022 exacutum,

510 4053 762 4110 eumque
795 4038 1174 4095 meditatione
1203 4055 1267 4095 ac
1303 4057 1494 4096 rerum
1529 4041 1918 4112 probabilium
1964 4045 2156 4114 specie

509 4125 830 4200 fulgentem
856 4128 914 4182 in
937 4128 1259 4184 seinvicem
1294 4128 1730 4201 distringerent.
1762 4132 1869 4186 Sed
1903 4133 2002 4186 ubi
2038 4133 2153 4204 pri-

514 4232 678 4271 mum
711 4216 945 4271 advenit
975 4235 1084 4289 pax
1115 4220 1314 4271 nostra
1342 4219 1381 4285 ⁸,
1417 4218 1650 4289 Deoque
1689 4217 1875 4289 gloria
1903 4219 1959 4275 in
1993 4221 2154 4278 altis-

509 4302 700 4368 simis,
734 4309 792 4358 et
821 4304 879 4358 in
913 4311 1068 4359 terra
1091 4322 1200 4376 pax
1223 4305 1558 4360 annuntiari
1580 4305 1753 4376 coepit
1773 4307 1957 4376 9,;tum
1983 4325 2155 4364 omne

508 4389 687 4444 simul
708 4392 1078 4446 mendacium
1097 4393 1308 4448 veritas
1328 4395 1394 4448 ad
1415 4392 1716 4449 silentium
1741 4395 1982 4467 redegit.
2008 4399 2154 4463 Que-

506 4479 889 4535 madmodum
924 4480 1103 4547 enim,
1134 4481 1331 4552 aquila
1360 4481 1630 4537 alicunde
1669 4483 1727 4538 in
1775 4490 2151 4557 conspectum

507 4566 764 4639 desuper
793 4567 1079 4640 veniente,
1110 4569 1302 4625 avium
1335 4568 1666 4642 loquacium
1710 4571 2025 4644 garrulitas
2052 4575 2148 4631 de-

506 4660 743 4728 repente
793 4657 1093 4723 conticuit,
1149 4658 1232 4714 ita
1285 4675 1398 4714 non
1450 4657 1710 4731 amplius
1761 4659 1858 4715 alii
1900 4659 2147 4718 aliorum

575 4807 598 4841 δ
624 4798 795 4855 Joan.
830 4815 903 4868 ιν,
935 4799 1024 4855 35.

574 4958 685 5102 (37)
717 4959 812 5014 Sic
844 4975 986 5016 mss.
1015 4965 1284 5030 quatuor.
1319 4961 1470 5016 Editi
1514 4964 1569 5016 et
1615 4978 1769 5018 unus
1803 4979 1948 5018 mss.
1980 4960 2068 5015 καὶ
2101 4962 2149 5019 ὁ.

599 5031 870 5102 38)7Editi
905 5039 962 5088 et
992 5034 1107 5087 duo
1146 5049 1288 5089 mss.
1337 5030 1667 5102 γενομένοις.
1721 5032 1831 5089 Alii
1877 5043 2149 5102 quatuor,

599 5031 870 5118 38)‘Editi
905 5039 962 5088 et
992 5034 1107 5087 duo
1146 5049 1288 5089 mss.
1337 5030 1667 5108 γενομένοις.
1721 5032 1831 5089 Alii
1877 5043 2150 5106 quatuor,

545 5121 832 5173 ινομενοις.

502 5122 832 5175 γινομενοις.

573 5174 687 5244 (39)
721 5175 805 5229 Ita
849 5173 1028 5228 nostri
1079 5191 1178 5230 sex
1234 5191 1376 5230 mss.
1428 5177 1500 5230 At
1557 5176 1720 5242 editi,
1773 5173 1989 5236 ταύτας.
2023 5175 2153 5232 Mox

501 5245 679 5320 iidem
731 5244 818 5299 illi
874 5262 973 5299 sex
1032 5263 1199 5314 11168.,
1265 5247 1693 5319 μετασκευάζειν.
1755 5247 1928 5318 Editi,
1989 5267 2149 5320 μετα-

505 5315 802 5372 σκευάσειν.

576 5389 686 5460 (40)
720 5388 976 5512 Uterque
1007 5388 1164 5443 Colb.
1210 5393 1263 5443 et
1307 5404 1428 5459 reg.
1480 5393 1726 5460 quartus
1758 5404 1891 5442 cum
1919 5389 2150 5445 duobus

576 5461 832 5512 icazanis.
903 5463 1174 5512 ποπΛῦνον
1227 5460 1291 5512 τὰ
1322 5461 1718 5512 πεπωοωυιὲνα.
1762 5459 1925 5512 Unus
1971 5462 2149 5512 codex

507 5459 832 5526 Daceanis,
865 5459 1174 5513 ἀποπλῦνον
1227 5460 1291 5512 τὰ
1322 5459 1718 5531 πεπωρωμὲνα.
1762 5459 1925 5515 Unus
1971 5462 2150 5516 codex

506 5533 858 5606 (lambebat
887 5531 1112 5606 Anglic.
1137 5549 1262 5606 una
1294 5551 1424 5588 cum
1458 5533 1652 5604 editis,
1703 5531 1768 5606 τᾲ
1819 5533 2144 5606 πεπυρωμέ-

510 5623 592 5675 να,
641 5602 1017 5676 baudrecte.
1069 5603 1489 5676 lbidemgtres.
1528 5602 1694 5676 mss,
1743 5602 2145 5676 dxivOacidva-

515 5694 682 5734 σπων.
711 5674 823 5732 Alii
860 5679 978 5732 tres
1009 5691 1140 5732 cum
1173 5674 1365 5747 editis,
1395 5674 1596 5740 ἀκάνθα
1641 5674 1954 5752 ἀνατρεπον,
1986 5675 2145 5734 haud

2263 3325 2431 3383 ἔδωκε
2459 3325 2686 3400 δύναμιν
2716 3331 2812 3383 τοῦ
2845 3327 3123 3403 ἐναφιάναι
3157 3330 3270 3403 (42)
3319 3329 3535 3403 εἰρήνην
3566 3333 3686 3393 τοῖς
3715 3325 3920 3400 οἴκοις,

2263 3415 2338 3480 είς
2372 3416 2462 3479 οὕς
2495 3414 2553 3471 ἂν
2583 3413 2919 3474 εἰσέλθωσιν.

2333 3686 2423 3742 75.
2483 3686 2582 3740 Καὶ
2658 3684 2719 3740 οὗ
2772 3682 3005 3759 λήψεται
3063 3684 3210 3748 ἔθνος
3269 3686 3351 3742 ἐπ’
3403 3681 3548 3750 ἔθνος
3605 3688 3926 3764 μάχαιραν.

2261 3775 2405 3836 Ἕως
2459 3774 2551 3848 μὶν
2603 3774 2880 3850 ἐνηργεῖτο
2924 3772 3199 3850 διαπύρως
3248 3777 3275 3830 ὁ
3331 3782 3430 3845 τῆς
3456 3773 3553 3830 τοῦ
3585 3775 3795 3850 κόσμου
3833 3799 3928 3834 σο-

2264 3865 2389 3942 φίας
2442 3863 2623 3938 λόγος,
2659 3861 2924 3935 ἀλλήλων
2983 3865 3049 3920 τὰ
3103 3862 3230 3936 ἵθνη
3262 3866 3739 3935 κατεπανίσταντο,
3775 3889 3924 3944 σφο-

2265 3950 2406 4028 δρῶς
2484 3951 2834 4025 ἡκονημένην
2915 3956 2983 4027 τῇ
3059 3951 3259 4028 μελέτῃ
3310 3955 3398 4009 καὶ
3461 3959 3527 4028 τῇ
3585 3955 3922 4026 πιθανότητι

2265 4037 2588 4096 στίλϐουσαν
2637 4045 2734 4096 τοῦ
2792 4038 2963 4116 λόγου
3007 4043 3105 4111 τήν
3164 4045 3439 4118 μάχαιραν
3487 4042 3761 4115 ἀλλήλοις
3792 4044 3923 4100 ἀντ-

2265 4129 2629 4205 επιφὲροντες.
2689 4128 2912 4200 Ἐπειδή
2947 4127 3004 4185 δὲ
3035 4129 3198 4199 ἦλθεν
3230 4135 3263 4201 ἡ
3325 4135 3440 4203 (43)
3472 4133 3662 4207 εἰρήνη
3722 4137 3939 4207 ἡμωνι

2262 4219 2352 4274 καὶ
2383 4218 2693 4294 κατηγγέλη
2759 4216 2884 4290 δόξα
2935 4219 2987 4274 ἐν
3024 4219 3266 4295 ὑψίστοις
3314 4227 3451 4293 Θεῷ,
3509 4222 3600 4277 καὶ
3662 4221 3751 4277 ἐπὶ
3812 4225 3927 4299 γῆς

2264 4308 2475 4383 εἰρήνη,
2509 4308 2645 4362 ἅπαν
2682 4309 2822 4381 ὁμοῦ
2865 4309 2925 4363 τὸ
2967 4306 3162 4382 ψεῦδος
3194 4313 3260 4384 τῇ
3302 4308 3532 4383 ἀληθείᾳ
3594 4312 3923 4384 ὑπεσιώπη-

2264 4415 2372 4452 σεν.
2425 4397 2624 4468 Ὥσπερ
2658 4396 2856 4471 ὀρνέων
2906 4393 3092 4451 λάλων
3146 4395 3490 4476 πολυφωνία·
3539 4399 3752 4476 ἀθρόως
3782 4422 3926 4457 κατα

2264 4484 2520 4558 εσιγάσοη
2558 4529 2572 4553 ,
2633 4485 2789 4538 ἀετοῦ
2837 4495 2998 4548 ποθεν
3047 4483 3229 4548 αὐτοῖς
3285 4485 3630 4565 ἐπιφανέντος
3685 4488 3922 4554 ἄνωθενο

2183 4595 2228 4661 D
2263 4573 2445 4627 οὐκετι
2474 4570 2600 4634 τοὺς
2631 4571 2895 4643 ἀλλήλων
2923 4568 3328 4630 καταῦἀλλουσι
3363 4573 3588 4652 λόγους·
3624 4579 3651 4632 ὁ
3685 4579 3805 4652 μὲν,
3837 4583 3924 4653 μὴ

2262 4663 2393 4717 εἶναι
2438 4663 2692 4738 πρόνοιαν
2718 4662 2780 4716 τὸ
2811 4663 3082 4738 παράπαν,
3118 4665 3145 4718 ὁ
3196 4661 3252 4719 δὲ
3303 4663 3466 4742 μέχρι
3504 4667 3742 4739 σελήνης
3774 4689 3930 4745 προ-

1102 4801 1123 4835 ⁸
1155 4800 1291 4856 Luc.
1326 4818 1384 4870 x,
1415 4801 1468 4856 2.
1547 4801 1566 4837 ⁷
1608 4801 1815 4858 Matth.
1843 4820 1898 4871 x,
1941 4804 2027 4859 12.
2104 4805 2125 4839 ⁸

2269 4821 2368 4862 tes.
2401 4805 2471 4873 Il,
2507 4805 2593 4861 14.
2672 4806 2693 4840 ⁰
2723 4809 2859 4861 Luc.
2897 4822 2959 4876 ιι,
2994 4805 3080 4864 14.

2264 4962 2535 5019 dissimili
2565 4979 2767 5017 sensu.

2333 5035 2447 5105 (41)
2482 5035 2626 5116 Editi
2662 5039 2719 5116 ent
2747 5033 3134 5116 vetereslibri
3181 5036 3246 5116 Ii.
3290 5041 3347 5116 et
3395 5041 3448 5093 J.
3493 5043 3551 5116 et
3597 5039 3758 5116 Colb.
3792 5046 3933 5116 pri-

2264 5102 2398 5188 mus
2432 5102 2846 5188 φυλακτήριον.
2880 5109 2950 5161 At
2979 5107 3257 5188 Codgx__F.
3292 5114 3348 5165 et
3379 5111 3607 5188 Anglic.
3655 5119 3714 5188 et
3745 5102 3929 5188 llisgii

2262 5178 2476 5260 tertius
2504 5183 2561 5260 et
2611 5178 2855 5260 quartus
2900 5195 3033 5260 cum
3085 5178 3599 5260 C‘olblsecun‘dot
3626 5178 3928 5260 φυλακτῇ-

2262 5248 2417 5320 ρίων,
2451 5248 2968 5334 τοοιθ.’.ᾼ)ξηυαηίο
2999 5256 3131 5334 post
3160 5252 3299 5334 editi
3343 5271 3474 5310 cum
3508 5248 3700 5313 tribus
3735 5248 3933 5334 mssi,

2261 5320 2598 5378 συνακτικόν.
2631 5323 2743 5377 Alii
2765 5320 2901 5389 tres,
2931 5320 3261 5379 συνεκτικόν.

2329 5393 2443 5464 (42)
2473 5393 2634 5470 Colb.
2684 5394 3076 5470 ρι’ἱηὶυεμτοῦ
3129 5392 3430 5470 ἐπαφιέναι.
3480 5401 3608 5470 Mox
3654 5405 3937 5470 quatuor

2261 5463 2432 5536 mea,
2483 5463 2815 5527 εἰσέλθωσιν.
2873 5465 2975 5520 Alii
3027 5467 3143 5521 duo
3191 5463 3254 5523 et
3293 5469 3456 5536 editi,
3497 5463 3755 5532 ἕλθωσίν,
3799 5474 3937 5535 Nec

2257 5533 2339 5591 ita
2364 5537 2556 5609 multo
2588 5545 2719 5608 post
2753 5540 2867 5593 duo
2901 5537 3239 5609 Colbertini,
3274 5533 3725 5600 κατεπάνίστατο.

2331 5607 2441 5678 (43)
2473 5608 2557 5665 Ita
2591 5607 2850 5682 quinque
2881 5625 3024 5666 mss.
3058 5607 3233 5668 Deest
3280 5612 3565 5670 articulus
3617 5615 3677 5672 in
3713 5617 3933 5678 editis.
