4100 6220
269 394 370 451 M9

1125 389 1529 451 COMMENT.
1576 390 1651 450 ΙΝ
1698 389 1969 451 ΙδΑΙΛΜ
2018 389 2520 452 PllOPllE'l‘AM.
2567 387 2737 450 CAP.
2783 387 2860 448 ll.

3549 389 3669 450 250

270 521 468 594 λύψατο
500 518 774 583 πολλάκις
803 519 933 584 τοὺς
958 518 1300 600 ὀφθαλμούς.
1331 521 1392 576 Τί
1422 519 1780 594 ἐλεεινότερον
1813 525 1908 576 τοῦ

2023 523 2279 595 obteget.
2299 522 2447 586 Quid
2473 521 2659 594 magis
2683 521 3087 577 miserandum
3111 537 3287 593 quam
3305 520 3418 578 hoc
3437 521 3666 578 vivendi

267 610 510 666 τοιούτου
562 609 705 685 βίου,
755 611 927 666 πάντα
975 609 1314 684 ὑποπτεύειν,
1367 612 1468 666 ὑπὸ
1537 610 1750 666 πάντων
1812 611 1907 684 ἰμ-

268 697 592 769 ποδίζεσθαι,
627 697 748 754 δέον
782 699 1116 774 πανταχόθεν
1167 701 1333 754 αὑτοῦ
1379 701 1476 769 τὴν
1536 701 1721 776 ψυχὴν
1775 700 1912 774 πρὸς

269 791 387 844 Θεὸν
419 787 698 863 ιπανάγειν
751 791 904 860 (62);
938 789 1104 846 ’Ὀταν
1159 785 1274 861 ἴδῃς
1323 785 1536 862 ὄρνιθας
1586 787 1909 861 διαπετομέ-

269 899 382 938 νους
413 877 505 930 τὸν
551 877 702 948 ἀὲρα,
749 878 824 949 μή
875 881 942 931 τα
994 879 1254 952 σχήματα
1302 882 1408 932 τῶν
1454 879 1706 948 πτήσεων
1757 898 1910 952 περι-

271 967 508 1040 εργάζου,
554 965 598 1020 εἰ
645 964 884 1027 κύκλους
934 967 1064 1038 ὑπὲρ
1124 965 1370 1040 κεφαλῆς
1428 970 1589 1040 ἡμῶν
1646 967 1908 1042 περιγράο

268 1075 471 1134 φουσιν,
504 1053 540 1122 ἦ
574 1055 986 1126 ἀντιπρόσωποι
1035 1056 1308 1132 φέρονται,
1342 1055 1375 1124 ἢ
1421 1055 1480 1110 ἐκ
1516 1061 1624 1110 τῶν
1683 1057 1907 1112 κατόπιν

267 1143 602 1221 ἰφίπτανται,
635 1143 670 1212 ἢ
711 1145 849 1218 πρὸς
895 1145 962 1199 τὰ
1010 1143 1221 1219 πλάγια
1275 1140 1677 1218 μεταϐαίνουσι.
1734 1151 1912 1202 Ταῦτα

268 1231 600 1300 καταλιπὼν,
632 1237 730 1287 τοῦ
791 1239 1141 1310 Δημιουργοῦ
1195 1235 1293 1302 τήν
1352 1234 1433 1289 ἐπ’
1473 1236 1659 1297 αὐτοῖς
1721 1236 1908 1314 σοφίαν

266 1323 348 1376 καὶ
379 1319 748 1393 διακόσμησιν
783 1323 1057 1395 θαύμασον
1089 1343 1100 1355 '
1130 1328 1247 1386 πῶς
1303 1325 1466 1398 βάρος
1523 1329 1780 1380 τοσοῦτον
1841 1322 1913 1379 δι’

266 1409 411 1484 ἀέρος
443 1410 688 1486 φέρεται·
722 1415 840 1472 πῶς
871 1413 906 1480 ἡ
940 1412 1123 1482 ἅπαλή
1181 1417 1277 1466 τοῦ
1334 1412 1490 1486 ἀὲρος
1529 1413 1686 1487 φύσις
1717 1410 1912 1489 ὄχημα

271 1501 464 1574 γίνεται
495 1502 580 1570 τῷ
607 1503 808 1572 πτερῷ
841 1504 959 1562 πῶς
998 1503 1066 1574 τῇ
1127 1501 1221 1573 μὶν
1284 1501 1490 1556 ἐκτάσει
1536 1507 1644 1556 τῶν
1697 1508 1908 1579 πτερῶν

267 1587 622 1662 ἐπινήχονται
667 1592 747 1660 τῷ
789 1587 927 1662 ἀέρι,
958 1593 1027 1662 τῇ
1077 1585 1135 1644 δὶ
1173 1589 1307 1663 ούρᾷ
1362 1591 1475 1644 οἷον
1507 1588 1764 1664 πηδαλίῳ
1810 1593 1908 1662 τήν

265 1683 454 1745 πτῆσιν
491 1677 702 1730 ἑαυτῶν
737 1677 1090 1732 ἀπευθύνουσι
1115 1697 1127 1710 °
1161 1683 1280 1740 πῶς
1329 1680 1429 1734 ὅσα
1481 1677 1714 1756 βαδίζειν
1770 1680 1910 1736 ἰστὶν

263 1762 630 1834 ἀνεπιτήδεια,
663 1769 741 1838 τῷ
768 1771 952 1840 πτερῷ
977 1768 1076 1836 τήν
1113 1767 1301 1843 χρείαν
1331 1773 1438 1823 τῶν
1470 1765 1655 1824 ποδῶν
1697 1769 1910 1841 ἐκπλη-

263 1855 541 1958 ροῖίρσα
570 1857 827 1958 μηκτικά
881 1857 1016 1928 (63),
1042 1857 1168 1958 νδσα
1225 1857 1546 1932 ἁρπακτικά,
1601 1860 1908 1935 πρέπουσαν
1946 1895 1987 1958 Β

262 1948 334 2015 τῷ
373 1942 476 2017 βίῳ
521 1943 623 2012 τὴν
674 1947 1006 2015 κατασκευὴν
1039 1942 1154 2021 ἔχει
1186 1949 1299 2020 (64)
1339 1951 1437 2002 τοῦ
1489 1948 1762 2020 σώματος.
1788 1954 1912 2015 Τοῖς

268 2031 353 2104 μὲν
380 2033 483 2108 γὰρ
544 2030 749 2108 ὄργανα
799 2035 936 2108 πρὸς
989 2037 1088 2104 τήν
1135 2038 1402 2111 ἁρπαγὴν,
1436 2039 1486 2092 οἱ
1543 2033 1759 2113 ὄνυχες·
1790 2045 1906 2103 τοῖς

265 2118 314 2175 δὲ
343 2121 511 2176 οἱονεὶ
546 2127 726 2178 κῶπαι
760 2125 813 2178 οἱ
858 2125 1047 2197 ὑμίνες
1095 2125 1197 2180 εἰσί
1244 2130 1352 2181 τῶν
1403 2124 1610 2182 ποδῶν·
1644 2126 1782 2184 ὥστε
1830 2134 1910 2201 τῷ

261 2210 441 2265 πλάτει
475 2218 584 2280 τῆς
619 2212 830 2287 βάσεως
860 2213 988 2288 ῥᾷον
1021 2211 1331 2278 διηθεῖσθαι
1377 2215 1440 2270 τὸ
1471 2213 1614 2290 ὕδωρ
1645 2218 1782 2272 κατά
1807 2218 1906 2286 τήν

260 2299 478 2369 κίνησιν.
513 2301 692 2357 Πάντα
721 2302 875 2376 γᾶμει
905 2309 1007 2372 τῆς
1033 2302 1222 2381 σοφίας
1261 2308 1357 2358 τοῦ
1401 2309 1534 2360 Θεοῦ
1562 2325 1575 2340 ο
1609 2307 1781 2360 πάντα
1806 2307 1907 2382 γὰρ

262 2388 307 2443 ἂν
356 2389 528 2465 σοφίᾳ
585 2389 863 2460 ἐποίησεν.
897 2393 958 2449 Ὁ
1017 2389 1074 2446 δὶ
1125 2393 1491 2469 μικρόψυχος,
1545 2394 1633 2450 καὶ
1685 2398 1908 2450 ταπεινά

266 2483 466 2554 φρονῶν
506 2480 642 2551 (65),
673 2478 766 2541 τὰς
798 2484 904 2534 τῶν
937 2479 1150 2556 ἀλόγων
1181 2484 1424 2552 κινήσεις
1454 2488 1533 2554 τῷ
1567 2481 1690 2556 ἰδίῳ
1720 2489 1908 2556 σκοπῷ

271 2567 625 2641 συναρμόζειν
685 2568 1013 2643 ἰπιχειρῶν,
1068 2569 1384 2626 καταλιπὼν
1445 2573 1596 2640 Θεὸν,
1657 2570 1907 2645 δαίμοσιν

270 2650 586 2718 ιπιεούλοις
635 2654 853 2712 ἔκδοτον
901 2655 1102 2714 ἔδωκεν
1265 2661 1451 2716 ἑαυτὸν
1472 2707 1486 2732 ,
1521 2663 1572 2716 οἳ
1593 2665 1671 2734 τῷ
1689 2669 1902 2737 κρατεῖν

265 2749 351 2797 τοῦ
403 2745 571 2817 ἀὲρος
617 2743 724 2800 ὧδε
769 2748 857 2801 καὶ
911 2745 1016 2802 ῶδε
1083 2747 1325 2826 στρέφειν
1389 2749 1724 2813 ἐπινοοῦντες
1775 2751 1903 2814 τοὺς

261 2829 484 2907 ὄρνιθας,
523 2834 888 2909 ἀθεράπευτον
927 2838 1026 2905 τήν
1069 2837 1277 2904 ἀπάτην
1319 2844 1426 2893 τῶν
1472 2839 1718 2911 ἀνοήτων
1775 2863 1902 2895 συν-

263 2922 459 2996 έχουσι.
531 2920 715 2978 Ταῦτα
774 2923 824 2977 εἴ
893 2927 981 2979 καί
1054 2921 1590 3004 παρεκϐατικώτερον
1668 2928 1903 3004 εἶ’ρηται,

264 3010 377 3066 ἀλλ’
407 3011 514 3066 οὐκ
545 3012 843 3087 ἀχρήστως
872 3014 899 3068 ὁ
931 3012 1100 3090 λόγος
1125 3019 1194 3090 τῇ
1225 3014 1284 3072 ἐκ
1305 3022 1402 3071 τοῦ
1453 3017 1620 3094 ῥητοῦ
1677 3019 1900 3096 ἀφορμῆ

265 3099 332 3162 εἷς
358 3099 654 3174 θεραπείαν
683 3106 790 3156 τῶν
823 3103 1066 3174 ἀνοήτων
1105 3103 1399 3180 ὶχρήσατο.
1436 3106 1787 3180 Σημειωτέον
1847 3107 1904 3165 δὲ

258 3188 332 3243 ετι
355 3191 444 3244 τὸν
478 3187 861 3264 κληδονισμὸν
899 3189 1032 3247 ἴδιον
1054 3191 1390 3268 ἐπιτήδευμα
1408 3200 1516 3250 τῶν
1533 3195 1898 3252 Φυλιστιαίων

2019 629 2226 686 genus,
2262 629 2372 682 quo
2404 611 2552 666 nihil
2584 629 2698 668 non
2739 616 3080 682 suspectum
3112 610 3384 678 habetur,
3416 616 3670 682 suntque

2019 703 2220 757 omnia
2278 701 2723 772 impedimento,
2773 717 2906 756 cum
2959 701 3156 771 potius
3206 701 3466 755 animam
3499 718 3667 758 suam

2021 791 2320 847 undelibet
2349 791 2418 846 ad
2455 795 2632 846 Deum
2662 790 2938 844 reducere
2968 790 3250 845 deberet?
3279 789 3426 846 Cum
3455 789 3669 847 videris

2019 897 2153 937 aves
2186 896 2284 950 per
2316 897 2506 936 aerem
2540 879 2820 946 volantes,
2856 895 2926 934 ne
2959 878 3251 934 curiosius
3283 878 3511 934 volatus
3542 896 3665 934 mo-

2019 971 2159 1026 dum
2194 971 2598 1040 rationemque
2629 967 2933 1040 explores:
2971 985 3109 1022 num
3146 967 3370 1023 scilicet
3415 967 3667 1025 circulos

2020 1045 2197 1130 super
2228 1064 2404 1128 caput
2435 1064 2702 1113 nostrum
2755 1056 3128 1112 describant:
3165 1073 3236 1111 an
3270 1057 3327 1110 in
3359 1057 3664 1112 obversam

2019 1149 2228 1204 faciem
2260 1149 2782 1215 ferantur;utrum
2835 1163 2868 1200 a
2923 1153 3084 1215 tergo
3141 1143 3433 1220 advolent,
3488 1161 3561 1200 an
3609 1145 3666 1200 in

2020 1237 2325 1308 obliquum
2375 1236 2700 1291 deﬂectant.
2757 1235 2856 1289 llis
2909 1233 3170 1301 omissis,
3224 1233 3569 1288 renitentem
3607 1233 3661 1288 in

2019 1327 2166 1398 ipsis
2186 1325 2516 1382 Conditoris
2539 1323 2886 1394 sapientiam
2910 1323 3455 1393 ordinationemque
3485 1321 3664 1377 admi-

2019 1432 2184 1470 rare:
2219 1414 2319 1485 qui
2352 1415 2452 1468 fiat
2484 1419 2548 1468 ut
2579 1411 2762 1468 moles
2809 1416 2975 1466 tanta
3024 1427 3124 1481 per
3179 1427 3367 1465 aerem
3401 1413 3657 1467 feratur:

2019 1504 2310 1574 quomodo
2344 1502 2570 1574 liquida
2619 1500 2771 1556 aeris
2816 1506 3026 1555 natura
3054 1499 3261 1571 pennis
3294 1500 3395 1555 fiat
3428 1499 3662 1556 vehicu-

2020 1593 2181 1650 lum:
2215 1593 2510 1664 quomodo
2539 1607 2730 1646 aerem
2763 1594 2999 1645 tranent
3046 1588 3234 1660 passis
3281 1587 3392 1644 alis
3420 1605 3434 1655 ;
3475 1591 3663 1646 cauda

2018 1700 2152 1740 vero
2183 1684 2349 1754 quasi
2407 1679 2803 1752 gubernaculo
2835 1680 3095 1734 volatum
3149 1694 3325 1734 suum
3367 1677 3660 1750 dirigant;

2020 1789 2136 1844 qua
2166 1773 2391 1828 ratione
2420 1786 2783 1842 quaecunque
2840 1776 2910 1824 ad
2963 1767 3352 1823 incedendum
3381 1783 3494 1822 non
3527 1774 3667 1822 sunt

2020 1862 2262 1929 idoneae,
2294 1862 2476 1918 vicem
2504 1860 2719 1932 pedum
2741 1857 2848 1914 alis
2871 1859 2997 1913 suis
3019 1855 3352 1929 suppleant.
3380 1856 3662 1920 Quaaoun-

2018 1969 2133 2025 que
2163 1968 2296 2008 aves
2327 1957 2466 2007 sunt
2497 1948 2794 2018 natatiles,
2828 1963 3193 2020 quacunque
3227 1951 3365 2000 sunt
3397 1961 3660 2017 rapaces,

2018 2043 2237 2100 εοτιὶιω
2267 2046 2407 2098 sunt
2436 2039 2693 2112 corporis
2723 2037 3200 2094 constitutionem
3235 2034 3362 2090 vita
3395 2052 3512 2091 suae
3545 2035 3663 2091 ido-

2017 2146 2186 2185 neam
2216 2134 2391 2201 atque
2420 2126 2881 2183 convenientem.
2916 2123 3054 2179 Aliis
3086 2123 3323 2196 quidem
3354 2125 3494 2178 data
3524 2129 3665 2179 sunt

2017 2220 2411 2276 instrumenta
2446 2217 2658 2288 rapinae
2707 2215 3102 2280 accommoda,
3137 2230 3364 2285 ungues
3396 2212 3659 2269 scilicet:

2017 2309 2076 2364 in
2109 2308 2240 2364 aliis
2283 2323 2416 2362 vero
2449 2305 2623 2361 veluti
2657 2320 2952 2360 remorum
2987 2302 3110 2358 loco
3140 2303 3511 2373 reperiuntur
3559 2319 3660 2374 pe-

2017 2400 2158 2454 dum
2191 2397 2581 2464 membranei;
2617 2400 2679 2450 ut
2737 2411 2839 2466 per
2897 2392 3226 2464 plantarum
3287 2391 3659 2449 latitudinem

2008 2489 2180 2558 juxta
2201 2487 2440 2542 modum
2465 2485 2818 2556 impressum
2844 2500 2997 2554 aqua
3019 2481 3246 2538 facilius
3266 2479 3657 2552 propulsetur.

2014 2574 2170 2630 Nihil
2224 2591 2338 2629 non
2394 2578 2482 2629 est
2535 2572 2770 2643 plenum
2830 2571 2930 2626 Dei
2990 2569 3316 2641 sapientia:
3364 2568 3657 2640 siquidem

2015 2663 2211 2720 omnia
2242 2663 2300 2719 in
2332 2662 2619 2735 sapientia
2649 2662 2781 2716 fecit
2805 2662 2868 2716 ¹⁵.
2891 2659 2997 2726 Qui
3022 2666 3214 2715 tamen
3243 2658 3401 2730 parvi
3423 2663 3511 2714 est
3533 2659 3658 2712 ani-

2015 2753 2116 2822 mi,
2149 2753 2364 2824 quique
2395 2752 2619 2820 abjecta
2653 2756 2711 2805 et
2757 2749 3004 2804 humilia
3056 2748 3229 2818 sapit,
3261 2747 3654 2802 animantium

2013 2848 2210 2897 motus
2239 2842 2308 2895 ad
2334 2857 2507 2895 suum
2533 2838 2898 2911 pr0positum
2922 2836 3363 2891 accommodare
3396 2833 3654 2902 molitur,

2011 2947 2078 2988 ac
2100 2937 2212 2987 Deo
2233 2929 2507 2986 derelicto
2538 2928 2840 2984 insidiosis
2860 2927 3224 2982 daemonibus
3255 2924 3653 2996 mancipatum

2011 3037 2074 3077 se
2123 3026 2358 3091 praestat
2403 3024 2461 3074 et
2508 3011 2845 3074 addictum:
2896 3016 2996 3088 qui
3047 3032 3179 3070 cum
3210 3015 3267 3069 in
3300 3031 3430 3070 aere
3461 3013 3654 3069 domi-

2009 3115 2248 3176 nentur,
2287 3108 2621 3164 volucribus
2665 3111 2728 3162 ut
2758 3106 2873 3161 huc
2902 3111 2960 3161 et
2987 3103 3127 3160 illuc
3158 3121 3220 3159 se
3251 3103 3657 3171 circumagant

2012 3202 2279 3253 auctores
2309 3201 2471 3261 sunt,
2504 3195 2842 3265 faciuntque
2865 3199 2926 3248 ut
2948 3209 3110 3248 error
3139 3191 3544 3262 insipientium
3569 3207 3660 3246 sa-

256 3280 288 3345 ὴ
345 3279 538 3356 Γραιφή
596 3277 959 3353 παραδίδωσι,
1015 3284 1257 3338 τουτέστι
1313 3289 1420 3339 τῶν
1477 3286 1851 3342 Παλαιπινῶν
1887 3306 1900 3319 ⁸

2021 3287 2143 3343 nari
2167 3304 2280 3343 non
2307 3285 2862 3358 possit.Quanquam
2889 3281 3020 3354 plus
3037 3297 3201 3351 aequo
3219 3281 3520 3351 digressus
3543 3279 3665 3334 haec

257 3367 482 3430 τούτους
517 3369 626 3444 γὰρ
656 3369 744 3423 καὶ
783 3371 982 3443 μόνους
1011 3369 1365 3450 ἀλλοφύλους
1421 3368 1540 3438 ἔθος
1594 3376 1732 3450 αὐτῇ
1791 3375 1910 3431 ὀνο-

263 3457 458 3528 μάζειν.
527 3460 738 3534 Ὠσπερ
807 3459 912 3536 γάρ
967 3458 1234 3517 Χαλδαῖοι
1299 3462 1760 3538 γενεθλιαλογίαν,
1818 3465 1910 3519 καὶ

259 3545 551 3621 Αἰγύπτιοι
614 3548 948 3624 φαρμακείας
1017 3551 1105 3605 καὶ
1179 3549 1468 3620 ἐπαοιδὰς,
1522 3553 1612 3607 καὶ
1697 3559 1908 3627 Κρῆτες

257 3632 632 3705 οίωνιστικτςν·
670 3636 792 3691 οὕτε
821 3636 910 3691 καὶ
943 3639 994 3693 οἱ
1027 3637 1334 3718 ἀλλόφυλοι
1391 3641 1479 3696 τὸν
1534 3639 1907 3715 κληδονισμὸν

267 3720 580 3780 lamin-:10.
616 3725 758 3800 Πρὸς
789 3725 880 3781 οὖν
911 3727 979 3781 αά
1003 3725 1120 3782 ῗδια
1167 3729 1362 3798 ἑαυτῆς
1420 3730 1558 3784 κακά
1612 3729 1909 3800 ἐπανῆλθεν

257 3814 289 3879 ἡ
319 3814 512 3888 χώρα,
550 3812 816 3888 γενομένη
850 3816 924 3878 ὡς
956 3817 1017 3870 τὸ
1049 3817 1325 3894 ἀπαρχῆς.

2021 3375 2214 3443 retuli,
2257 3392 2324 3431 ea
2354 3380 2574 3438 tamen,
2618 3371 2922 3428 occasione
2967 3389 3033 3426 cx
3079 3369 3274 3425 allatis
3304 3375 3558 3440 arrepta,
3592 3369 3662 3423 ad

2021 3463 2311 3520 medelam
2346 3461 2760 3534 insipientibus
2805 3459 3199 3516 adhibendam
3231 3473 3346 3512 non
3377 3455 3667 3512 inutiliter

2021 3553 2281 3610 oratione
2311 3551 2593 3623 complexi
2622 3566 2852 3604 sumus.
2886 3547 3315 3603 Advertendum
3349 3549 3545 3600 autem
3577 3551 3664 3600 est

2023 3642 2178 3714 quod
2229 3640 2530 3712 Scriptura
2574 3640 2767 3694 tradat
2824 3635 3240 3692 divinationem
3289 3632 3663 3698 Pbilistbaais,

2025 3731 2132 3787 hoc
2183 3734 2291 3796 est,
2339 3728 2686 3796 Palaestinis,
2740 3725 3031 3799 peculiare
3090 3723 3435 3780 exercitium
3495 3739 3664 3791 csse;

2021 3821 2172 3876 solet
2193 3819 2347 3875 enim
2373 3819 2548 3874 hosce
2570 3817 2724 3874 solos
2751 3818 3053 3872 nominare
3075 3814 3667 3885 alienigenas.Quem-

258 3904 580 3959 admodum
615 3906 772 3960 enim
813 3906 1065 3962 Chaldaei
1116 3909 1546 3981 praedictionem
1596 3914 1651 3966 et
1691 3911 2050 3967 notationem
2095 3909 2380 3980 cujusque
2428 3906 2554 3962 vita:
2597 3923 2665 3961 ex
2717 3905 2894 3961 natali
2945 3905 3057 3974 die,
3105 3901 3352 3974 [Egyptii
3390 3901 3666 3956 veneficia

257 3995 307 4046 et
333 3991 805 4064 incantamenta,
837 3996 1034 4052 Cretes
1063 3998 1408 4070 auspicandi
1443 4005 1664 4056 artem:
1700 4000 1782 4056 ita
1828 4004 1885 4055 et
1934 3997 2212 4072 allophyli
2262 3995 2682 4052 divinationem
2726 3993 2837 4050 sibi
2886 3991 3256 4065 peculiariter
3279 3987 3664 4044 vindicarunt.

262 4081 453 4153 itaque
492 4084 565 4137 ad
596 4083 752 4138 mala
782 4083 894 4139 sibi
926 4088 1162 4158 propria
1193 4087 1342 4143 redit
1371 4089 1528 4161 regio
1561 4089 1681 4160 illa,
1715 4090 1784 4146 ad
1818 4093 2040 4145 statum
2071 4086 2385 4161 pristinum
2420 4086 2669 4141 redacta.

320 4171 408 4225 79.
447 4171 559 4225 Καὶ
622 4169 780 4226 τέκνα
823 4171 1011 4228 πολλὰ
1064 4171 1354 4253 ἀλλόφυλα
1414 4175 1643 4252 ἐγενήθη
1698 4180 1809 4251 (67)
1861 4175 1912 4231 ἐν

259 4255 421 4330 αὐτῇ.
490 4260 661 4316 ’Ὸταν
713 4259 879 4323 πόλις
916 4305 929 4329 ,
990 4259 1081 4333 ἔθη
1135 4265 1397 4340 μοχθηρά
1453 4263 1860 4341 παραδεξαμένη
1895 4312 1910 4338 ,

256 4347 365 4398 κατ’
393 4347 539 4402 αὐτὰ
604 4349 756 4421 βιοῦν
811 4345 1025 4421 ἕληται,
1086 4357 1202 4415 τοῖς
1257 4352 1653 4429 ἐπιγινομένοις
1709 4355 1909 4410 λοιπὸν

263 4433 436 4510 ὥσπερ
473 4436 650 4509 νόμος
681 4438 887 4514 γίνεται
917 4441 980 4494 τὸ
1021 4445 1127 4496 τῶν
1178 4442 1423 4517 πατέρων
1469 4442 1789 4518 ἁμάρτημα,
1821 4445 1910 4498 καὶ

260 4524 410 4585 εὐθὺς
443 4524 503 4580 ἐκ
537 4525 804 4602 γενέσεως
833 4526 1123 4603 ἀλλόφυλά
1163 4530 1273 4586 ἆστι
1329 4531 1397 4587 τὰ
1447 4533 1623 4604 τέκνα,
1654 4533 1756 4589 ὑπὸ
1812 4541 1912 4605 τῆς

2095 4178 2246 4234 435
2283 4176 2374 4231 79.
2407 4177 2482 4230 Et
2511 4175 2623 4238 rilz'z'
2664 4170 2836 4227 multi
2888 4171 3225 4240 alienigena:
3268 4169 3408 4239 facti
3447 4167 3665 4221 suntin

2021 4284 2109 4325 ea.
2171 4267 2315 4322 Cum
2375 4263 2687 4320 sceleratos
2737 4277 2928 4316 mores
2977 4258 3180 4313 civitas
3237 4262 3326 4312 est
3377 4253 3667 4326 amplexa,

2020 4355 2262 4426 vultque
2293 4353 2616 4410 secundum
2661 4367 2759 4406 eos
2803 4349 2982 4404 vitam
3027 4345 3373 4411 instituere;
3407 4349 3665 4415 postmo4

2021 4447 2160 4502 dum
2191 4449 2500 4518 parentum
2532 4441 2822 4514 ﬂagitium
2843 4444 3118 4508 tanquam
3167 4436 3257 4491 lex
3289 4435 3359 4490 ad
3395 4437 3662 4505 posteros

2019 4535 2252 4601 transit,
2283 4535 2602 4605 statimque
2635 4531 2706 4586 ab
2737 4530 2864 4602 ipso
2897 4526 3074 4583 natali
3101 4526 3200 4581 lilii
3227 4527 3376 4580 fiunt
3395 4522 3666 4594 alienige-

257 4621 491 4688 πονηρᾶς
527 4617 759 4691 ἀγωγῆς
786 4617 1224 4694 ἀλλοτριούμενα
1269 4625 1366 4677 τοῦ
1425 4621 1560 4677 λαοῦ
1606 4627 1702 4678 τοῦ
1750 4628 1903 4682 Θεοῦ.

2021 4643 2122 4694 naa,
2155 4625 2227 4679 ob
2258 4622 2587 4695 improbam
2617 4620 2748 4675 vita:
2780 4617 3066 4674 rationem
3118 4612 3353 4670 alienati
3385 4629 3418 4667 a
3450 4609 3664 4684 populo

259 4700 398 4758 ἐπεὶ
459 4702 519 4760 δι
576 4707 669 4760 καὶ
729 4707 782 4760 οἱ
838 4709 1039 4783 καρποὶ
1097 4713 1196 4776 τῆς
1238 4714 1422 4786 ψυχῆς
1447 4712 1607 4766 τὲκνα
1633 4710 1910 4778 πολλάκις

257 4789 526 4867 λέγονται,
562 4791 710 4849 εἷ’ποι
737 4793 798 4850 ἄν
817 4816 902 4859 τις
929 4798 1020 4852 τὸν
1052 4799 1198 4876 παρὰ
1225 4797 1287 4855 τὰ
1323 4797 1585 4875 βούλημα
1611 4807 1713 4872 τῆς
1765 4801 1906 4865 θείας

323 4986 371 5022 ¹⁸
401 4988 561 5046 Psal.
597 5006 721 5060 cm,
742 4991 834 5047 24.

477 5205 655 5289 ﬂgiti,
686 5206 1060 5289 ἐπαναγαγεῖν.
1110 5212 1184 5289 ᾼι
1223 5229 1380 5289 _I_nss.
1435 5230 1556 5284 sex,
1607 5215 1906 5289 ἐπανάγειν.

260 5273 660 5358 διαξξιωρριξ).
695 5273 952 5358 prim_us,'
980 5280 1055 5342 εἷς
1087 5281 1178 5358 τᾷν
1212 5282 1358 5358 ἀέρα.

328 5347 439 5438 ςθ3)
478 5349 626 5405 Editi
659 5347 792 5438 cum
829 5347 969 5424 Reg.
1013 5354 1202 5420 tertio,
1246 5347 1434 5426 vigwcai.
1484 5357 1596 5413 Alii
1648 5359 1912 5431 quinque

261 5430 426 5489 11158.,
460 5430 713 5489 νηκτικά.

473 5488 590 5574 alii
615 5510 786 5574 mssz,
819 5492 1025 5568 ἐπίχει·
1060 5496 1156 5552 alii
1188 5514 1331 5574 cum?
1354 5498 1547 5571 editis,
1581 5493 1720 5574 ἔχει.

325 5505 442 5627 μή)
473 5505 581 5548 Ain
615 5510 786 5564 mss.,
819 5505 1025 5568 επεχει·
1060 5505 1156 5552 alii
1188 5514 1320 5553 cum
1354 5515 1407 5554 ec

347 5561 445 5702 65g
476 5563 634 5649 Colb:
671 5565 1407 5648 primus,.ta1rewocppov6)v.

331 5632 424 5699 (06
481 5636 628 5692 Editi
679 5653 813 5693 cum
870 5639 1058 5696 tribus
1114 5658 1282 5702 mss..
1344 5640 1407 5696 ἔτι

331 5632 445 5702 (66)
671 5632 813 5693 cum
832 5706 846 5711 Α
870 5639 1058 5711 tribus
1114 5632 1282 5711 mss”
1307 5709 1318 5711 _
1344 5634 1661 5704 ἐπιϐούλοις
1688 5637 1911 5697 ἔκδοτον

431 5726 480 5760 ν.
514 5707 620 5767 Alii
657 5713 797 5781 tres,
829 5703 1144 5777 ἐπιϐούλοις
1179 5703 1489 5785 δκδῦδωκεν,
1523 5703 1744 5775 omiSsa
1773 5732 1910 5775 voce

2017 4714 2138 4771 Dei.
2171 4713 2317 4770 Cum
2347 4716 2542 4769 autem
2592 4714 2652 4766 et
2708 4709 2935 4763 fructus
2993 4705 3202 4761 animae
3251 4703 3669 4772 nuncupentur

2018 4804 2222 4860 multis
2263 4803 2319 4858 in
2350 4802 2496 4859 locis
2527 4799 2672 4868 filii;
2734 4798 2924 4854 dicere
2981 4794 3080 4868 qui
3151 4792 3338 4866 possit
3376 4805 3534 4858 eum,
3567 4787 3668 4860 qui

2020 5211 2262 5281 ἔκδοτον,
2288 5232 2414 5286 quae
2438 5213 2654 5285 alioqui
2679 5211 2897 5286 nonita
2920 5207 3249 5286 necessaria
3268 5203 3666 5286 esse_videtur.

2094 5289 2204 5360 (67)
2247 5271 2399 5342 Editi
2430 5292 2486 5342 et
2515 5271 2651 5355 Reg.
2685 5283 2893 5360 tertius
2925 5287 2981 5336 et
3010 5277 3519 5360 Colb._.secuu.dus,
3550 5271 3664 5360 Eys-

2019 5349 2638 5428 νήθηξίαειῑεαηείενι.
2693 5356 2773 5412 ita
2826 5371 3060 5426 quoque
3118 5352 3340 5428 editum
3375 5349 3668 5428 invenitur

2020 5413 2180 5501 apud
2212 5413 2391 5487 LXX:
2419 5413 2497 5485 At
2520 5413 2617 5485 alii
2653 5413 2904 5501 quatuor
2933 5413 3075 5501 mss.
3104 5440 3136 5478 e
3164 5420 3376 5501 nostris
3399 5413 3669 5501 Lperind‘e-

2019 5488 2196 5573 atque
2227 5501 2493 5558 nonnulli
2551 5488 2872 5556 Bibl'iorum
2929 5497 3177 5573 codices,
3225 5489 3510 5573 eluviem
3547 5488 3667 5541 nati

2019 5521 2196 5573 atque
2227 5521 2493 5558 nonnum
2551 5521 2872 5556 bluuorum
2929 5521 3177 5565 couuces,
3225 5521 3472 5566 εγιννηυι
3498 5528 3510 5552 ,
3547 5521 3661 5541 ιιι...

2017 5588 2161 5630 sunt.
2196 5574 2512 5646 Aliquanto
2552 5577 2686 5646 post
2731 5567 2995 5646 nonnulli
3048 5583 3222 5646 mss.1
3271 5564 3420 5646 βιοῦν
3455 5521 3661 5646 ἱίλοιτρ.

2019 5624 3084 5773 Hocaii—solin—locoréolb._secundus,
3129 5624 3248 5697 τοῗς
3271 5624 3661 5706 ’ἐπιγεννωμὲ-

2021 5736 2138 5773 νοις
2210 5737 2304 5773 om
2339 5739 2388 5772 ν.

2021 5736 2138 5781 νοις
2171 5736 2388 5773 Λοιπον.
