4130 6210
382 344 496 405 251
1327 348 1722 410 APPENDIX
1767 346 2092 410 Ol’ERUM
2138 347 2203 407 S.
2251 346 2527 406 BASILII
2571 345 2844 406 MAGNI.
3673 347 3792 407 252

388 483 598 550 praeter
628 480 835 535 divina:
867 481 1180 552 Scriptura:
1233 495 1474 536 sensum
1523 497 1824 536 sermones
1871 479 2027 535 haud

2153 480 2362 554 Γραφῆς
2396 475 2794 550 συλλεξάμενον
2830 476 2935 532 ἀπὸ
2961 479 3069 531 τῶν
3102 472 3294 547 ἔξωθεν
3329 481 3430 545 τῆς
3489 471 3792 540 θεοσεϐείας

389 585 566 624 sanos
598 569 915 641 collegerit,
941 571 1346 642 exceperitque
1369 587 1401 626 a
1422 569 1724 641 quibusvis
1755 587 1788 625 a
1818 570 2032 650 pietate

2153 565 2343 642 λόγους
2403 565 2512 641 οὐχ
2559 566 2758 641 ὑγιεῖς,
2817 565 2904 620 καὶ
2960 562 3396 642 παραδεξάμενον
3453 563 3670 634 αὐτοὺς,
3725 565 3792 621 τὰ

388 655 616 723 alienis,
653 657 803 712 ﬁlios
835 657 1193 732 alienigenas
1223 661 1518 731 genuisse.

459 748 528 800 80
557 747 733 802 Vens.
766 751 820 802 7.
852 748 1072 819 Repleta
1118 752 1195 804 est
1238 751 1390 804 cnim
1435 751 1590 820 regio
1617 764 1803 804 eorum
1837 764 2033 818 argen-

390 839 442 892 ιο
473 845 523 892 et
551 852 708 906 auro,
736 845 785 891 et
813 852 918 891 non
955 847 1068 892 erat
1088 854 1349 894 numerus
1371 839 1753 894 thesaurorum
1787 839 2030 893 illorum.

391 925 730 980 Divitiarum
765 926 1024 980 studium
1059 942 1232 996 quam
1282 943 1456 999 grave
1507 928 1583 983 sit
1611 933 1935 999 peccatum,
1967 944 2036 982 ex

387 1030 454 1070 eo
486 1014 686 1085 liquet,
719 1015 870 1085 quod
904 1013 960 1068 in
998 1019 1294 1070 tantorum
1328 1015 1612 1072 scelerum
1641 1016 1899 1086 catalogo
1925 1033 2032 1071 nu-

389 1109 666 1158 meretur.
693 1102 834 1160 Nam
861 1120 974 1157 una
998 1120 1130 1158 cum
1155 1106 1417 1176 auguriis
1439 1105 1648 1160 etﬂliis
1667 1104 2032 1178 alienigenis,

389 1193 487 1264 qui
517 1193 662 1248 forte
694 1192 750 1246 in
788 1191 958 1247 Israel
991 1193 1064 1248 ob
1096 1193 1484 1266 multiplicata
1514 1199 1719 1266 stupra
1753 1193 2035 1266 procreati

389 1282 639 1349 fuerant,
673 1280 782 1336 hoc
814 1282 988 1336 etiam
1024 1289 1398 1338 numeratum
1431 1289 1540 1352 est,
1575 1300 1784 1355 nempe
1828 1283 2033 1355 imple-

385 1375 502 1426 tam
537 1370 716 1425 fuisse
748 1371 1040 1442 regionem
1075 1376 1317 1443 argento
1347 1378 1404 1428 et
1432 1389 1592 1429 auro.
1627 1373 2034 1428 Verumenim-

388 1477 522 1516 vero
555 1461 650 1532 pia
681 1477 747 1516 ac
779 1459 1052 1534 religiosa
1083 1463 1278 1518 anima
1307 1481 1374 1519 ex
1405 1464 1622 1520 divitiis
1653 1481 1858 1519 ansam
1889 1463 2034 1519 arri-

389 1549 476 1622 pit
506 1550 927 1618 benefaciendi,
963 1556 1250 1624 quatenus
1281 1570 1379 1609 eas
1409 1553 1745 1626 impertitur
1774 1570 1840 1608 ac
1871 1570 2034 1608 com-

389 1639 672 1706 municat;
697 1639 904 1693 anima:
930 1655 1063 1694 vero
1085 1640 1410 1697 libidinosae
1432 1647 1490 1697 et
1509 1641 1769 1714 corporis
1792 1641 2034 1709 amanti,

388 1727 708 1800 voluptatis
741 1726 1218 1800 impuritatisque
1247 1730 1474 1786 occasio
1523 1736 1682 1786 sunt.
1716 1731 2036 1801 Paupertas

390 1832 645 1888 namque
685 1817 802 1871 dux
831 1822 921 1873 est
951 1827 1002 1873 el
1035 1820 1320 1891 magistra
1349 1821 1418 1875 ad
1461 1820 1734 1890 pietatem
1761 1837 1775 1888 ;
1809 1824 2034 1888 contra,

390 1905 603 1960 divitias
636 1905 788 1960 fiunt
817 1905 1149 1978 petulantiae
1196 1909 1683 1981 procacitatisque
1721 1908 1948 1966 occasio
1978 1914 2036 1965 et

391 2011 591 2050 causa.
625 1994 786 2059 Quod
819 1995 865 2051 si
898 2011 1043 2068 gens
1076 1997 1302 2070 integra
1348 1999 1418 2054 de
1459 2016 1636 2070 opum
1667 1999 1835 2071 copia
1865 2015 2035 2054 accu-

391 2087 576 2152 satur,
607 2099 805 2139 secum
837 2083 1008 2140 velim
1040 2091 1311 2158 reputent
1350 2088 1577 2156 divites,
1611 2088 1903 2160 quomodo
1934 2104 2038 2161 pro

392 2172 517 2230 suis
549 2173 667 2229 sint
699 2174 982 2230 rationem
1007 2175 1313 2232 reddituri.
1337 2176 1549 2248 Siquis
1579 2193 1713 2234 vero
1745 2177 2041 2234 existimet

393 2261 465 2320 ob
495 2262 748 2334 aliquem
782 2268 1122 2335 praetextum
1182 2266 1277 2336 qui
1338 2267 1606 2321 videatur
1663 2266 1870 2322 rationi
1912 2283 2041 2322 esse

2065 1862 2113 1927 B

2139 656 2298 710 τέκνα
2329 653 2620 734 ἀλλόφυλα
2647 660 2941 718 ποιεῖσθαι.

2213 745 2302 800 80.
2364 741 2704 814 Ἐνεπλήσθη
2787 745 2888 818 γὰρ
2946 745 2981 813 ἡ
3057 743 3218 818 χώρα
3293 741 3468 799 αὐτῶν
3535 743 3794 821 ἀργυρίου

2141 834 2229 887 καὶ
2293 833 2546 908 χρυσίου,
2606 832 2694 887 καὶ
2755 831 2852 886 οὐκ
2899 832 2964 900 ἧν
3026 832 3255 908 ἀριθμὸς
3311 835 3418 886 τῶν
3505 833 3793 909 θησαυρῶν
3843 842 3846 845 ’

2144 921 2343 977 αὐτῶν.
2393 920 2617 977 Ἠλίκον
2670 923 2971 996 ἁμάρτημα
3017 921 3080 975 τὸ
3128 918 3557 998 φιλοπλουτεῖν,
3604 921 3687 976 ὅτι
3739 920 3794 978 ἐν

2143 1015 2220 1083 τῷ
2248 1008 2540 1086 καταλόγῳ
2565 1015 2674 1066 τῶν
2705 1008 3048 1080 τηλικούτων
3108 1008 3515 1082 ἁμαρτημάτων
3559 1008 3792 1086 ἐτάχθη.

2145 1101 2290 1156 Μετὰ
2320 1087 2420 1176 γάρ
2452 1099 2842 1174 κληδονισμῶν
2881 1098 2971 1154 καὶ
3019 1100 3216 1154 τέκνων
3273 1097 3628 1176 ἀλλοφύλων,
3685 1105 3796 1156 τῶν

2144 1189 2204 1245 ὶκ
2259 1196 2357 1246 τοῦ
2409 1189 2788 1262 πληθυνθῆναι
2846 1190 2943 1259 τὴν
2993 1188 3243 1264 πορνείαν
3293 1191 3796 1265 γεννωμένων

2143 1280 2290 1356 τάχα
2315 1280 2366 1334 έν
2397 1285 2476 1352 τῷ
2503 1278 2755 1355 Ἰσραὴλ,
2790 1279 3298 1355 συγκατηρίθμηται
3339 1279 3430 1334 καὶ
3471 1279 3534 1334 τὸ
3578 1278 3799 1353 ἐμπλη-

2145 1371 2334 1438 σθῆναι
2392 1370 2490 1438 τὴν
2548 1369 2734 1445 χώραν
2793 1368 3056 1444 ἀργυρίου
3101 1367 3189 1422 καὶ
3251 1367 3501 1444 χρυσίου.
3545 1364 3800 1424 Θεοσεϐεῖ

2150 1459 2244 1526 μὶν
2277 1460 2377 1535 γὰρ
2405 1457 2559 1534 ψυχῇ
2593 1458 2814 1537 ἀφορμὴ
2848 1459 2982 1533 πρὸς
3013 1455 3256 1512 εὐποιίαν
3294 1458 3429 1512 κατὰ
3479 1459 3578 1527 τὴν
3633 1479 3797 1530 μετα-

2145 1545 2366 1618 δοτικήν
2399 1549 2686 1602 κοινωνίαν
2721 1549 2748 1602 ὁ
2779 1545 3017 1612 πλοῦτος
3046 1547 3269 1623 γίνεται·
3303 1544 3590 1624 φιληδόνῳ
3621 1544 3679 1602 δὲ
3704 1549 3795 1603 καὶ

2145 1635 2522 1716 φιλοσωμὰτῳ
2550 1635 2766 1716 ἐφόδιον
2804 1644 3014 1713 τρυφῆς
3071 1636 3162 1692 καὶ
3217 1633 3513 1700 ἀκολασίας
3566 1637 3798 1713 γίνεται.

2145 1727 2310 1782 Πενία
2345 1727 2440 1801 μὶν
2473 1728 2576 1803 γὰρ
2607 1724 2952 1802 παιδαγωγός
2983 1725 3122 1780 ἐστιν
3147 1726 3222 1788 εἷς
3241 1720 3796 1798 εὐσέϐειαν,πλοῢτος

2143 1813 2200 1871 δὶ
2231 1811 2438 1892 ὕϐρεώς
2470 1815 2608 1871 ἐστιν
2641 1816 2889 1895 ἀφορμή.
2922 1815 2984 1870 Et
3039 1812 3097 1870 δὶ
3153 1814 3282 1872 ὅλον
3339 1813 3490 1879 ἔθνος
3540 1813 3798 1890 ἐγκαλεῖ-

2142 1926 2230 1961 ται
2270 1906 2578 1982 περιουσίαν
2627 1907 2952 1982 χρημάτων,
2985 1903 3350 1961 σκοπείτωσαν
3393 1905 3446 1959 οἱ
3495 1902 3796 1960 πλουτοῦν-

2144 2016 2251 2064 τες,
2282 2000 2399 2058 πῶς
2454 1996 2586 2072 ὑπὶρ
2631 1999 2740 2050 τῶν
2791 1994 3004 2050 οἰκείων
3053 1994 3517 2070 ἀπολογήσονται.
3551 1994 3675 2051 Ἐὰν
3733 1991 3796 2050 δέ

2145 2106 2230 2150 τις
2261 2081 2442 2156 οἲήται
2471 2082 2530 2141 ἔκ
2556 2105 2703 2147 τινος
2751 2083 2986 2160 εὐλόγου
3043 2077 3364 2163 προφάσεως
3419 2082 3798 2156 νομιζομένης

2149 2174 2404 2232 πλουτῶν
2469 2176 2545 2248 μὴ
2605 2173 2953 2251 ἁμαρτάνειν,
2987 2173 3386 2248 ἀναμνησθήτω
3436 2177 3536 2227 τοῦ
3565 2171 3798 2249 εὐαγγε-

2151 2263 2309 2320 λικοῦ
2355 2263 2799 2341 προστάγματος,
2851 2267 3034 2342 σαφῶς
3081 2261 3511 2339 ἀπαγορεύοντος
3572 2263 3646 2336 μή
3697 2273 3799 2333 Θη-

397 2357 846 2424 consentaneus,
881 2369 1007 2410 sese
1056 2371 1171 2410 non
1222 2356 1351 2410 ideo
1403 2371 1660 2427 peccare,
1696 2357 1848 2428 quod
1881 2355 2041 2413 dives

2153 2355 2419 2429 σαυρίζειν
2454 2355 2664 2417 ὶαυτοῖς
2691 2352 2776 2408 ἐπὶ
2809 2359 2910 2423 τῆς
2938 2360 3066 2429 γῆς.

399 2441 517 2512 sit;
553 2441 888 2498 meminerit
923 2443 974 2500 is
1004 2443 1320 2516 evangelici
1379 2446 1674 2518 praecepti,
1734 2461 1850 2517 quo
1907 2445 2060 2502 clare
2115 2444 2529 2517 evidenterque
2586 2443 2966 2517 prohibemur
3020 2443 3328 2500 thesauros
3353 2443 3412 2498 in
3442 2447 3600 2499 terra
3628 2442 3806 2498 nobis

397 2545 708 2602 congerere
741 2531 802 2588 ιθ.

467 2620 558 2674 81.
593 2622 769 2675 Vens.
801 2621 856 2674 8.
887 2622 954 2676 Et
979 2615 1186 2694 repleta
1205 2629 1284 2679 est
1315 2627 1466 2679 terra
1497 2625 1670 2696 equis,
1703 2631 1756 2679 et
1783 2638 1894 2678 non
1923 2625 2040 2678 erat

397 2723 659 2765 numerus
685 2725 950 2765 curruum
979 2727 1190 2766 eorum.
1234 2712 1481 2768 Sanctos
1523 2712 1738 2784 ubique
1768 2712 2038 2767 observa-

397 2797 614 2867 vimus,
647 2814 779 2854 cum
805 2798 863 2854 in
887 2799 1111 2856 bellicis
1134 2801 1520 2870 conflictibus,
1545 2806 1670 2858 tum
1706 2802 1765 2856 in
1799 2801 2042 2872 reliquis

397 2888 529 2943 vita:
553 2889 1006 2946 necessitatibus
1029 2907 1312 2963 equorum
1327 2908 1498 2947 usum
1516 2892 1700 2947 fuisse
1720 2895 2039 2948 aversatos.

401 2978 790 3043 Quamobrem
823 2979 918 3035 hic
941 2981 1116 3036 etiam
1147 2997 1430 3053 equorum
1464 2998 1606 3036 usus
1629 2998 1747 3036 una
1775 2997 1908 3036 cum
1939 2997 2041 3037 caa-

2222 2624 2310 2679 81.
2372 2623 2475 2677 Καὶ
2543 2617 2844 2690 ἐνεπλήσθη
2905 2623 2940 2691 ἡ
2992 2626 3065 2696 γῆ
3121 2617 3329 2687 ἵππων,
3387 2617 3476 2674 καὶ
3561 2616 3662 2673 οὐκ
3730 2618 3801 2687 ἦν

2151 2710 2383 2784 ἀριθμὸς
2431 2717 2542 2767 τῶν
2598 2711 2854 2786 ἁρμάτων
2922 2711 3122 2766 αὐτῶν.
3184 2711 3472 2783 Πανταχοῦ
3528 2728 3803 2783 παραιτη-

2153 2802 2418 2875 σαμένους
2460 2799 2588 2865 τοὺς
2648 2800 2830 2877 ἁγίους
2871 2801 3245 2876 τετηρήκαμεν
3295 2800 3394 2869 τὴν
3451 2801 3556 2852 τῶν
3607 2795 3800 2852 ’ίππων

2152 2895 2376 2968 χρῆσιν,
2409 2889 2496 2946 έπί
2549 2911 2609 2946 τε
2659 2894 2766 2945 τῶν
2817 2887 3138 2963 πολεμικῶν
3197 2888 3564 2965 παρατάξεων,
3593 2884 3686 2941 καί
3743 2885 3801 2942 ἂν

2150 2986 2268 3043 ταῖς
2300 2979 2522 3043 λοιπαῖς
2556 2978 2690 3035 κατά
2716 2977 2810 3034 τὺν
2847 2979 2960 3054 βίον
2989 2978 3220 3053 χρείαις.
3255 2978 3334 3032 Δι’
3364 2977 3393 3032 ’ὀ
3423 2977 3510 3032 καὶ
3572 2975 3803 3040 ἐνταῦθα

401 3068 544 3125 teris
573 3069 1081 3126 criminationibus
1148 3073 1468 3128 recensitos
1524 3077 1634 3129 est.
1694 3072 1838 3128 Cum
1889 3071 2041 3128 enim

2155 3076 2271 3133 τοῖς
2303 3069 2529 3132 λοιποῖς
2558 3070 2833 3146 κατηγορή
2845 3089 2974 3142 μασι
3003 3067 3092 3124 καὶ
3129 3070 3164 3138 ἡ
3190 3072 3297 3124 τῶν
3320 3065 3506 3122 ’ίππων
3565 3086 3801 3142 συγκατ-

393 3156 532 3213 velit
561 3157 711 3214 Deus
771 3177 803 3214 a
859 3176 966 3216 suo
999 3160 1188 3232 ipsius
1237 3160 1506 3232 praesidio
1551 3178 1650 3218 eos
1690 3161 2042 3234 dependere,

391 3245 634 3317 illosque
665 3247 820 3302 inter
852 3247 1069 3303 bellum
1101 3251 1422 3322 gerendum
1473 3266 1842 3322 nequaquam
1875 3266 2039 3321 spem

391 3349 672 3406 reponere
717 3336 775 3390 in
826 3337 951 3392 suis
999 3337 1264 3410 ipsorum
1309 3339 1522 3394 armis:
1579 3344 1638 3394 et
1667 3355 1733 3394 ea
1762 3339 1833 3394 de
1863 3356 2040 3395 causa

390 3423 499 3480 hoc
554 3427 732 3490 vetat,
784 3425 1022 3482 dicens:
1077 3427 1159 3482 Ne
1211 3444 1469 3500 unquam
1518 3427 1626 3483 tibi
1686 3426 2039 3500 multiplices

391 3529 610 3584 equum
645 3513 725 3568 ‘7:
762 3513 858 3584 qui
890 3518 1015 3570 tum
1071 3516 1522 3583 accusabantur,
1554 3521 1722 3573 tanta
1751 3534 2038 3588 equorum

395 3601 784 3674 cingebantur
812 3603 1216 3676 multitudine,
1241 3610 1306 3661 ut
1327 3623 1638 3662 numerum
1662 3607 1840 3662 etiam
1864 3623 2037 3680 supe-

395 3697 567 3748 raret.
602 3692 778 3748 Porro
837 3698 938 3748 aut
995 3694 1050 3748 id
1112 3694 1484 3767 hyperbolice
1538 3696 1913 3769 accipiamus,
1941 3701 2041 3753 aut

393 3781 795 3838 existimemus
825 3780 954 3837 ideo
986 3783 1208 3840 dictum
1243 3784 1422 3842 fuisse
1453 3802 1566 3842 non
1600 3802 1728 3842 esse
1758 3804 2038 3843 curruum

393 3887 729 3938 numerum,
766 3872 917 3943 quod
975 3872 1112 3928 vilia
1155 3877 1213 3930 et
1242 3875 1562 3946 praesertim
1595 3875 1847 3948 ingloria
1878 3877 2039 3934 nullo

396 3976 642 4016 numero
671 3960 733 4016 in
761 3959 1060 4034 Scriptura
1112 3961 1457 4020 habeantur.
1509 3965 1765 4021 Observa
1793 3966 1948 4022 enim
1980 3965 2037 4020 in

397 4047 672 4105 Numeris
706 4050 748 4085 ¹⁸
781 4067 893 4106 non
945 4052 1233 4108 recenseri
1285 4052 1611 4125 mulierem,
1662 4054 1837 4111 veluti
1879 4055 2040 4109 inﬁr-

397 4154 596 4195 mam:
630 4156 746 4196 non
796 4156 1065 4213 puerum,
1116 4146 1400 4215 tanquam
1448 4143 1903 4215 aspernabilem,
1943 4161 2042 4199 ex-

397 4228 581 4300 ceptis
614 4229 1019 4301 primogenitis
1046 4235 1104 4286 et
1136 4231 1459 4287 Levitarum
1500 4231 1740 4300 liberis;
1775 4249 1891 4288 non
1921 4249 2040 4288 ser-

396 4333 554 4384 vum,
589 4322 828 4388 propter
856 4320 1112 4375 inustam
1152 4320 1261 4375 sibi
1297 4320 1680 4393 ignominiam
1711 4338 1724 4388 ;
1759 4337 1873 4376 non
1906 4338 2040 4377 eum

2149 3160 2474 3235 ηρίθμηται.
2518 3161 2629 3216 Τοῦ
2678 3159 2781 3234 γὰρ
2833 3161 2966 3213 θεοῦ
3015 3155 3352 3234 βουλομένου
3399 3162 3500 3224 τῆς
3541 3155 3670 3229 παρ’
3700 3156 3798 3208 αύ-

2147 3254 2244 3305 τοῦ
2279 3247 2532 3324 βοηθείας
2566 3247 2758 3310 αὖτοὺς
2788 3247 3134 3323 ἐξηρτῆσθαι,
3166 3246 3255 3301 καὶ
3293 3246 3369 3320 μὴ
3415 3249 3536 3306 ταῖς
3570 3243 3798 3306 οἰκείαις

2147 3343 2512 3412 παρασκευαῖς
2572 3335 2768 3399 αὐτοὺς
2825 3333 3131 3405 ἐπελπίζειν
3191 3335 3244 3390 ἐν
3318 3339 3436 3398 τοῖς
3499 3330 3796 3406 πολέμοις,

2146 3427 2238 3482 καὶ
2297 3423 2386 3482 διὰ
2428 3429 2589 3481 τοῦτο
2643 3423 3130 3501 ἀπαγορεύσαντος.
3177 3425 3269 3494 Μή
3322 3443 3455 3478 ποτε
3508 3419 3801 3496 πληθόνῃς

2149 3521 2355 3590 σεαυτῷ
2408 3513 2579 3570 ’ίππον
2615 3533 2628 3547 ’
2687 3514 2739 3569 οἱ
2796 3513 2918 3568 τότε
2971 3509 3364 3589 ἐγκαλούμενοι
3429 3504 3688 3566 τοσοῦτόν
3742 3529 3798 3564 τι

2146 3604 2360 3676 πλῆθος
2386 3603 2572 3659 ’ίππων
2605 3597 3055 3677 περιεϐάλλοντο,
3087 3600 3225 3656 ὥστε
3254 3600 3344 3656 καὶ
3371 3599 3597 3676 ἀριθμὸν
3629 3598 3798 3674 ὑπερ-

2148 3690 2370 3750 ϐαίνειν.
2405 3697 2582 3751 Τοῦτο
2624 3689 2681 3748 δὲ
2723 3689 2847 3761 ἤτοι
2884 3686 3263 3766 ὑπερϐολικῶς
3290 3686 3628 3762 ὶκδεξώμεθα
3659 3689 3795 3760 (69),

2148 3783 2356 3861 ἢπαρὰ
2385 3784 2445 3838 τὸ
2474 3783 2538 3837 τὰ
2570 3779 2750 3859 φαῦλα
2805 3781 2895 3835 καὶ
2951 3778 3138 3842 ἄλλως
3193 3780 3361 3851 ἄτιμα
3421 3779 3496 3851 μὴ
3551 3774 3800 3851 ἀριθμεῖ-

2148 3886 2271 3939 σθαι
2310 3873 2360 3929 tv
2411 3871 2478 3948 τῇ
2530 3874 2742 3950 Γραφῇ,
2772 3869 3082 3943 νομίσωμεν
3118 3867 3361 3944 εἰρῆσθαι
3407 3867 3468 3922 τὸ
3525 3867 3604 3939 μὴ
3663 3865 3798 3920 εἶναι

2149 3964 2381 4040 ἀριθμὸν
2432 3965 2538 4016 τῶν
2583 3959 2860 4034 ἁρμάτων.
2893 3960 3060 4033 Τήρει
3105 3957 3228 4034 γὰρ,
3279 3955 3362 4011 ὅτι
3411 3955 3461 4010 ἐν
3508 3957 3796 4031 Ἀριθμοῖς

2151 4053 2216 4108 οὐ
2259 4053 2394 4129 γυνὴ
2441 4051 2773 4124 ἀριθμεῖται,
2807 4049 2880 4110 ὡς
2929 4049 3174 4118 ἀσθενής·
3202 4046 3263 4102 οὐ
3309 4042 3552 4118 παιδίον,
3587 4045 3662 4106 ὡς
3709 4043 3797 4099 εὖ·

2150 4141 2579 4218 καταφρόνητον,
2613 4141 2759 4209 πλὴν
2788 4139 3156 4215 πρωτοτόκων
3187 4132 3278 4192 καὶ
3328 4139 3625 4191 Λευϊτικῶν
3659 4136 3794 4208 (70)·

2153 4231 2214 4286 οὗ
2248 4229 2464 4301 δοῦλος,
2492 4226 2580 4285 διὸ.
2627 4230 2688 4284 τὸ
2738 4225 2954 4301 ἄτιμον*
2988 4226 3097 4302 οὐχ
3145 4227 3173 4280 ὁ
3231 4225 3540 4298 ἐπίμικτος,
3599 4221 3689 4278 διὰ
3733 4224 3800 4278 τὸ

2153 4318 2467 4394 ἀλλότριον.
2492 4319 2682 4381 Οὕτως
2715 4316 2806 4372 οὖν
2840 4318 2930 4372 καὶ
2959 4318 3026 4372 τὰ
3053 4320 3235 4380 κακῶς
3265 4313 3525 4386 κτηθέντα
3583 4315 3804 4390 ἅρματα

397 4404 496 4475 qui
553 4405 849 4462 commisti
897 4412 988 4464 est
1034 4408 1286 4480 generis,
1347 4413 1582 4482 propter
1623 4410 2041 4468 diversitatem.

2155 4408 2255 4481 ἔξω
2287 4411 2418 4464 εἶναι
2446 4412 2544 4464 τοῦ
2575 4408 2811 4484 ἀριθμοῦ
2843 4405 3192 4482 λογιζόμεθα.

401 4493 600 4565 Itaque
630 4495 738 4552 hac
768 4495 990 4552 ratione
1020 4513 1227 4554 currus
1259 4498 1408 4555 male
1428 4504 1798 4571 comparatos
1825 4515 1891 4558 ao
1913 4517 2042 4573 pos-

401 4597 598 4639 sessos
630 4600 745 4640 non
779 4585 1079 4642 numerari
1115 4585 1410 4643 ducimus.

471 4673 559 4728 82.
592 4675 667 4730 Et
713 4674 918 4747 repleta
949 4677 1028 4731 est
1056 4677 1206 4732 terra
1259 4676 1766 4736 abominationibus
1822 4695 2045 4753 operum

403 4778 673 4820 manuum
701 4779 914 4821 eorum.
948 4764 1268 4822 Gentilium
1319 4783 1533 4837 mores,
1567 4773 1805 4842 sumpta
1833 4786 1866 4824 a
1897 4769 2043 4825 divi-

402 4852 742 4910 nationibus
772 4853 1013 4927 origine,
1047 4871 1150 4928 per
1182 4855 1484 4913 avaritiam
1508 4861 1563 4914 et
1584 4857 1858 4915 insanum
1891 4860 2044 4915 486

399 4956 688 5014 equorum
721 4943 984 5000 studium
1015 4943 1072 4999 in
1116 4943 1509 5002 idololatriam
1541 4946 1855 5020 impegere.
1899 4948 2044 5004 Nam

403 5031 554 5100 quod
587 5049 620 5088 a
669 5032 774 5089 Dei
831 5032 1074 5088 consilio
1131 5035 1468 5106 defecerint,
1502 5052 1568 5092 ac
1599 5035 1889 5093 vaticiniis
1921 5055 2048 5094 sese

401 5120 759 5192 praebuerint
807 5125 1098 5179 attentos:
1147 5125 1301 5196 quod
1335 5141 1448 5180 non
1482 5123 1618 5194 Deo,
1651 5127 1753 5182 sed
1802 5126 2046 5183 instabi-

2221 4680 2329 4734 82.
2378 4675 2482 4735 Καὶ

2558 4673 2869 4747 ἐνεπλήσθη
2928 4677 2964 4746 ἡ
3041 4681 3110 4751 γῆ
3200 4669 3597 4748 βδελυγμάτων
3692 4675 3804 4726 τῶν

2154 4763 2323 4846 ἔργων
2371 4771 2479 4823 τῶν
2523 4771 2724 4843 χειρῶν
2766 4765 2970 4822 αὖτῶὸ.
3029 4764 3109 4822 Τὰ
3161 4762 3345 4828 ἐθνικὰ
3396 4758 3805 4834 έπιτηδεύματα

2154 4858 2259 4913 ἀπὸ
2289 4853 2676 4929 κληδονισμῶν
2705 4856 2803 4924 τήν
2856 4855 3034 4930 ἀρχὴν
3087 4847 3347 4922 λαϐόντα,
3381 4849 3471 4907 διὰ
3528 4849 3802 4929 φιλαργυο

2157 4947 2276 5024 ρίας
2305 4947 2394 5001 καὶ
2425 4945 2766 5018 ἱππομανίας
2807 4945 3176 5019 προκόψαντα,
3211 4942 3288 5006 είς
3339 4937 3803 5014 εἰδωλολατρείαν

2157 5035 2431 5106 ἐξώκειλε.
2469 5034 2566 5090 Διὰ
2611 5035 2712 5112 γὰρ
2760 5034 2822 5089 τὸ
2881 5033 3182 5103 ἀποστῆναι
3241 5027 3586 5106 συμϐουλίας
3643 5033 3804 5099 Θεοῦ,

2155 5125 2246 5180 καὶ
2272 5121 2505 5196 κληδόσι
2537 5124 2852 5200 προσέχειν,
2887 5119 2976 5178 διὰ
3003 5121 3068 5178 τὸ
3120 5123 3196 5196 μὴ
3231 5121 3319 5177 ἐπὶ
3368 5121 3496 5177 Θεὸν
3542 5118 3808 5176 πεποιθέ-

475 5298 519 5332 ¹⁰
544 5297 751 5354 Matth.
787 5313 864 5368 γι,
897 5296 984 5352 l9.
1021 5297 1063 5333 ¹⁷
1095 5298 1260 5353 Deut.
1289 5315 1426 5366 xvu,
1465 5299 1532 5354 16
1563 5300 1605 5335 ¹⁸
1635 5299 1806 5354 Num.
1841 5315 1925 5369 ιιι,
1954 5301 2040 5369 15,
2075 5301 2163 5357 40.

472 5473 587 5546 (68)
619 5472 703 5529 Ita
732 5472 889 5530 Colb.
919 5472 1215 5529 secundus
1245 5475 1302 5528 et
1330 5470 1469 5546 Reg.
1501 5470 1705 5546 itidem
1729 5473 2043 5530 secundus.

403 5543 718 5603 Editi'vero
757 5551 814 5602 et
859 5550 977 5626 tres
1026 5561 1204 5626 mss._,
1229 5543 1563 5626 γενομένων.
1615 5543 1748 5626 Mox
1773 5550 2050 5626 _quatuor

404 5635 577 5692 mss.,
607 5617 1132 5692 auvmtnptomtm.
1166 5615 1345 5692 Editi,
1370 5615 1902 5692 συγκαταρίθμεῖται..

475 5691 587 5765 (69)
619 5686 774 5749 Colb.
811 5686 1108 5748 secundus
1140 5706 1275 5747 cum
1317 5686 1459 5762 Reg.
1501 5686 1781 5756 secundo,
1813 5686 2044 5760 ὲκλεξώ-

2159 5466 3180 5550 μεθειεὲῑὲίβέυοιξιβξηέκδεεόμιθα·
3295 5544 3323 5550 -

2229 5545 2340 5615 (70)
2373 5543 2478 5600 Ubi
2512 5544 2571 5600 in
2615 5537 2796 5600 editis
2839 5537 3074 5616 legitur,
3125 5544 3390 5611 Λευϊτῶν,
3435 5538 3716 5598 scribitur
3746 5537 3808 5595 in

2160 5615 2461 5690 aliquibus
2492 5633 2661 5686 mss.,
2686 5615 3005 5672 Λευῖτικῶν.
