4130 6210
350 360 466 420 255

1298 367 1694 429 APPENDIX
1740 367 2067 430 OPEltUM
2113 370 2178 430 S.
2225 367 2509 428 BASlLll
2555 364 2831 427 MAGNI.

3649 363 3766 423 256

359 508 704 562 concursus,
738 499 902 552 terraa
930 503 1202 554 ornatum
1261 504 1318 554 et
1373 499 1660 568 ordinem,
1721 500 2002 570 civitates,

2139 497 2307 573 λγίας,
2327 501 2432 552 τῶν
2463 500 2670 572 τεχνῶν
2702 496 2796 557 τάς
2825 515 2885 550 τε
2913 495 3048 567 πρὸς
3075 494 3138 548 τὸ
3191 497 3285 566 ζῇν
3334 490 3644 568 ἀναγκαίας,
3678 488 3768 548 καὶ

357 581 536 654 leges,
570 585 928 642 exercituum
953 589 1350 659 praefecturas,
1385 595 1564 661 artes,
1585 596 1712 645 tum
1746 607 1874 662 quae
1933 591 2005 645 ad

357 671 533 728 vitam
547 675 830 743 agendam
849 677 1186 732 necessarize
1203 678 1348 733 437
1377 683 1667 745 sunt,tum
1693 677 1821 752 quai
1837 695 2006 736 orna-

359 767 556 816 mento
587 769 638 817 et
664 763 1039 819 ostentationi
1089 766 1495 822 subserviunt:
1558 767 1654 823 ille
1711 770 1836 840 ipse
1876 773 2009 823 ante

358 848 580 906 idolum
616 852 1174 924 procidit,tanquam
1197 856 1267 910 ab
1301 872 1366 912 eo
1397 857 1648 912 salutem
1671 863 2006 928 rogaturus,

362 938 503 994 adeo
529 943 592 994 ut
617 941 914 996 animatus
945 942 1016 996 ab
1044 942 1387 1012 inanimato,
1412 953 1469 999 et
1519 947 1743 1001 ratione
1802 946 2008 1018 praedi-

359 1032 456 1083 tus
487 1047 520 1084 a
551 1045 762 1085 sensus
792 1031 1015 1101 experti
1051 1037 1226 1103 petat.
1264 1039 1316 1088 ts
1341 1051 1373 1088 a
1406 1035 1576 1103 cujus
1632 1052 1806 1090 manu
1867 1037 2010 1090 sub-

365 1116 586 1173 duntur
647 1118 969 1174 animalia:
1025 1121 1097 1175 ad
1160 1123 1330 1191 cujus
1377 1122 1717 1178 servitutem
1779 1123 2013 1178 redacta

361 1210 503 1261 sunt
531 1211 740 1262 cuncta
767 1207 1090 1264 animantia
1123 1227 1224 1281 per
1260 1212 1434 1266 Deum
1475 1213 1596 1266 hinc
1628 1211 1796 1266 nobis
1828 1212 2011 1280 subji-

360 1295 631 1361 cientem,
664 1296 764 1366 qui
798 1295 854 1351 in
884 1297 992 1352 hoc
1024 1315 1131 1354 nos
1160 1300 1229 1354 ad
1282 1317 1448 1355 suam
1503 1299 1820 1371 imaginem
1871 1316 2010 1354 con-

361 1382 531 1452 didit,
563 1384 716 1454 quod
755 1385 1113 1456 aquatilibus
1143 1387 1520 1443 dominemur
1549 1387 1730 1444 simul
1781 1393 1838 1442 et
1895 1398 2010 1443 ter-

361 1472 650 1528 restribus
677 1489 689 1528 :
726 1473 822 1528 ille
855 1475 980 1546 ipse
1011 1475 1333 1532 animantis
1366 1477 1540 1532 unius
1572 1476 1793 1532 ratione
1830 1477 2012 1532 desti.

358 1561 500 1626 tuti,
534 1564 636 1614 aut
665 1561 944 1616 deformis
969 1562 1220 1632 alicujus
1254 1563 1537 1634 mulieris,
1571 1570 1673 1620 aut
1721 1564 1824 1619 viri
1884 1571 2008 1619 tur-

357 1647 591 1720 pissimi
634 1648 952 1704 simulacro
992 1667 1062 1705 ne
1085 1658 1277 1707 astare
1311 1653 1547 1723 quidem
1594 1652 1718 1723 pari
1760 1653 1896 1723 jure
1947 1670 2013 1708 ac

359 1737 696 1793 conditione
723 1739 919 1810 audet,
950 1741 1164 1796 nedum
1192 1742 1292 1796 uni
1325 1741 1632 1798 brutorum
1664 1741 2011 1797 animalium

2115 587 2209 649 τὰς
2259 586 2395 663 πρὸς
2442 584 2842 658 καλλωπισμὸν
2890 583 2980 638 καὶ
3037 579 3307 654 ἐπίδειξινο
3369 579 3527 643 οὗτος
3572 581 3768 638 ὑπέπε-

2116 697 2202 730 σεν
2231 673 2470 748 εἰδώλῳ,
2523 674 2597 738 ὡς
2638 681 2737 743 τῆς
2789 674 2915 747 παρ’
2964 671 3128 727 αὐτοῦ
3181 668 3435 744 δεόμενος
3473 671 3768 744 σωτηρίας·

2119 765 2148 818 t
2179 760 2566 839 ἕμψυχος,τοῦ
2596 763 2869 838 ἀψύγου’ὁ
2901 762 3244 839 λογικὸς,τοῦ
3275 762 3601 832 ἀναισθήτου
3635 765 3770 835 (79).

2118 854 2174 906 Ὀ
2207 853 2374 926 θηρία
2427 853 2530 907 ὑπὸ
2588 857 2750 926 χεῖρα
2809 846 3018 918 λαϐὼν,
3076 852 3122 922 ᾦ
3175 855 3348 905 πάντα
3411 852 3771 906 ὑποτέτακται

2121 942 2196 1004 εἰς
2252 939 2501 996 δουλείαν
2556 942 2624 996 τά
2680 938 2890 1015 ἄλογα,
2951 937 3040 994 διὰ
3093 939 3186 994 τὸν
3241 940 3574 1009 ὑποτάξαντα
3633 942 3770 1012 ἡμῖν

2121 1032 2273 1101 Θεὸν,
2305 1032 2364 1094 ’ὸς
2393 1031 2444 1084 ἐν
2476 1029 2654 1102 τούτῳ
2698 1027 2892 1085 ἔδωκεν
2942 1031 3076 1102 ἡμῖν
3125 1030 3188 1083 τὸ
3218 1035 3332 1083 κατ’
3376 1029 3578 1101 εἰκόνα,
3611 1029 3663 1084 ἰν
3695 1035 3778 1102 τῷ

2119 1119 2523 1196 κατακυριεύειν
2569 1123 2678 1174 τῶν
2735 1139 2793 1174 τε
2847 1115 3081 1193 ἐνύδρων
3139 1117 3280 1190 ὁμοῦ
3330 1118 3421 1171 καὶ
3475 1122 3584 1172 τῶν
3637 1138 3775 1194 χερο

2121 1210 2304 1264 σαίωνο
2339 1207 2500 1272 οὕτος
2545 1207 2653 1282 οὐχ
2700 1207 2775 1262 ivi
2807 1212 2912 1262 τῶν
2958 1205 3176 1281 ἀλόγων
3215 1210 3324 1261 τῶν
3375 1203 3426 1259 ἐν
3473 1205 3627 1280 ἰσχύϊ
3658 1203 3778 1260 δια-

2121 1298 2417 1374 φερόντων,
2448 1294 2595 1353 ἀλλὰ
2629 1299 2909 1370 μιμήματι
2935 1298 3046 1369 (80)
3082 1295 3224 1364 ζώου
3255 1294 3370 1355 ἑνὸς
3398 1298 3506 1348 τῶν
3530 1293 3774 1370 ἀλόγων,

2124 1386 2270 1458 ἤπου
2324 1387 2415 1441 καὶ
2474 1385 2730 1461 γυναικός
2786 1406 2933 1446 τινος
2990 1385 3335 1459 ἀσχήμονος,
3389 1383 3424 1451 ἢ
3474 1381 3666 1458 ἀνδρὸς
3700 1384 3784 1438 αἰ-

2122 1477 2351 1551 σχίστου
2400 1472 2524 1530 οὐδὲ
2572 1473 2891 1550 παριστάναι
2939 1471 3121 1546 τολμᾷ
3168 1472 3274 1526 ἀπὸ
3319 1476 3416 1526 τοῦ
3456 1469 3594 1527 ἴσου·
3630 1470 3783 1527 ἀλλά

2122 1560 2492 1644 φοϐούμενος,
2523 1564 2614 1618 καὶ
2647 1562 2723 1625 εἷς
2766 1563 2865 1630 την
2913 1569 3013 1636 γῆν
3046 1562 3317 1638 κεκυφὼς,
3350 1558 3496 1630 ἄξιος
3527 1557 3599 1614 ὢν
3637 1557 3782 1634 μηδὲ

2122 1652 2390 1708 ἀνανεύειν
2426 1655 2532 1726 (81)
2564 1654 2700 1727 πρὸς
2737 1651 2828 1706 τὸν
2882 1649 3127 1726 οὐρανὸν,
3163 1647 3251 1703 διὰ
3295 1651 3395 1718 τήν
3447 1648 3526 1711 εἰς
3553 1649 3648 1704 τὸν
3682 1648 3780 1703 06-

2125 1743 2309 1818 ράνιον
2331 1741 2620 1816 ἁμαρτίαν.

356 1825 579 1881 viribus
612 1829 1017 1898 praestantium
1050 1847 1112 1886 se
1145 1830 1315 1886 sistat
1352 1848 1365 1886 :
1407 1831 1509 1886 sed
1542 1848 1676 1886 cum
1738 1831 1946 1886 timore
2005 1813 2284 1906 vultuque
2364 1813 2692 1888 initerram
2746 1830 3003 1886 demisso
3052 1845 3249 1886 coram
3298 1829 3490 1898 adest,
3539 1833 3608 1884 ut
3669 1813 3784 1900 qui

367 2093 506 2151 Mali
539 2097 795 2153 accessio
817 2103 926 2168 est,
956 2099 1146 2154 virum
1181 2101 1277 2171 qui
1299 2101 1370 2155 ad
1412 2100 1803 2173 principatum
1829 2101 2020 2172 aptior

363 2188 473 2252 est,
497 2185 596 2256 qui
630 2186 937 2256 perfectior
968 2192 1059 2243 est
1087 2187 1497 2260 intelligentia,
1533 2189 1632 2260 qui
1673 2188 1878 2244 fortius
1922 2205 2018 2244 va-

362 2272 820 2346 lidiusqueagit,
849 2274 1290 2332 hunoeumdem
1343 2277 1650 2349 dignitatis
1689 2294 1808 2332 suae
1867 2277 2018 2333 obli-

364 2367 514 2430 tum,
544 2362 697 2418 idolo
730 2380 858 2420 sese
885 2363 1256 2421 submisisse.
1292 2370 1435 2421 Cum
1470 2366 1661 2438 imago
1692 2367 1772 2421 sit
1809 2366 1909 2421 Dei
1966 2371 2022 2422 et

366 2449 572 2524 gloria,
601 2456 892 2523 caputque
923 2451 1014 2508 sui
1049 2453 1239 2524 ipsius
1261 2453 1478 2509 habent
1505 2453 1824 2521 Christum,
1877 2454 2020 2510 sub-

372 2540 581 2596 stravit
611 2558 674 2596 se
707 2541 855 2598 infra
886 2542 1130 2608 idolum,
1165 2559 1500 2614 quanquam
1533 2543 1708 2598 homo
1750 2547 1858 2598 cst.
1892 2543 2023 2598 H820

369 2634 460 2687 est
489 2629 793 2688 calamitas
815 2633 1183 2704 gravissima.
1218 2634 1444 2688 Etenim
1471 2634 1519 2689 si
1555 2649 1698 2706 puer
1747 2638 1921 2704 esset,
1973 2634 2023 2688 si

369 2719 582 2776 mulier
602 2727 797 2789 esset;
834 2722 970 2778 huic
1009 2723 1248 2794 quidem
1296 2729 1531 2796 propter
1582 2729 1835 2789 aetatem,
1890 2739 2022 2777 mu-

369 2807 494 2864 lieri
528 2826 658 2865 vero
685 2811 758 2866 ob
783 2812 1109 2866 naturalem
1144 2811 1545 2867 inﬁrmitatem
1600 2811 1769 2866 venia
1825 2811 2025 2882 aliqua

367 2897 606 2953 concedi
665 2903 881 2970 posset.
932 2897 1097 2955 Nunc
1157 2917 1289 2956 vero
1339 2899 1690 2956 humiliatus
1763 2904 1854 2955 est
1915 2899 2021 2967 vir,

369 2986 524 3058 quod
548 3004 779 3043 omnem
810 2988 1148 3060 ignominiaa
1173 2989 1415 3044 modum
1441 3005 1899 3060 mensuramque
1921 3004 2020 3043 su-

371 3080 558 3146 perat.
600 3077 660 3132 Et
709 3093 816 3134 non
876 3077 1156 3134 dimittam
1204 3094 1312 3135 eos.
1373 3081 1412 3130 Ο
1463 3074 2022 3134 comminationeml

366 3161 639 3233 Nunquid
676 3163 901 3233 isthmo,
927 3181 1036 3221 non
1067 3165 1351 3222 dimittam
1407 3182 1513 3234 eos,
1574 3169 1818 3236 propter
1855 3169 2022 3219 teter-

370 3266 514 3306 num
545 3252 901 3324 supplicium
956 3254 1111 3309 dicta
1144 3254 1328 3310 sunt?
1379 3254 1525 3309 Nam
1567 3253 1707 3308 dum
1746 3252 2024 3308 vaticina-

370 3344 594 3411 rentur,
627 3342 770 3397 dum
803 3344 958 3414 apud
987 3360 1048 3399 se
1069 3343 1230 3414 ipsos
1257 3342 1410 3398 ﬁlios
1461 3342 1684 3398 alienos
1741 3341 2018 3414 multipli.

368 3433 588 3498 carent,
639 3430 780 3485 dum
811 3431 1035 3502 argenti
1087 3431 1438 3503 congerendi
1500 3445 1698 3485 amore
1747 3430 2019 3501 percelle-

368 3521 592 3586 rentur,
636 3518 778 3573 dum
840 3523 1172 3590 equestrem
1231 3522 1580 3590 apparatum
1640 3518 2024 3586 instruerent,

372 3608 666 3680 speranda
696 3613 752 3662 et
781 3609 1172 3680 exspectanda
1217 3609 1384 3664 venia
1416 3614 1578 3663 erat:
1640 3625 1773 3663 cum
1833 3613 2029 3664 autem

376 3696 436 3753 in
460 3695 856 3752 idololatriam
891 3695 1176 3752 malorum
1205 3697 1525 3753 maximum
1567 3696 2030 3767 incidunt,cum~

375 3802 488 3858 que
511 3785 762 3858 proprias
807 3786 1078 3859 dignitati
1136 3803 1250 3842 non
1307 3787 1698 3852 attendentes,
1749 3786 2029 3844 honorem

383 3874 590 3931 honori
624 3874 721 3931 Dei
756 3891 871 3930 non
906 3876 1188 3947 imparem
1223 3874 1541 3932 simulacro
1579 3876 1877 3944 tribuunt,
1923 3892 2033 3932 non

378 3969 666 4026 dimittam
693 3985 800 4026 eos.
826 3969 1136 4042 Atqueboc
1167 3969 1359 4040 ipsum
1395 3969 1660 4026 beneﬁcii
1692 3970 1817 4026 loco
1855 3969 2032 4025 efﬁcit

380 4059 572 4116 bonus
603 4058 720 4115 ille.
754 4064 893 4115 Cum
926 4059 1081 4115 enim
1111 4059 1278 4115 venia
1309 4060 1642 4132 petulantia:
1681 4059 1909 4116 occasio
1956 4059 2036 4114 sit

382 4157 555 4221 atque
585 4147 871 4220 libidinis,
901 4166 1010 4206 non
1045 4149 1325 4206 dimittam
1355 4166 1482 4217 eos;
1529 4156 1592 4204 ut
1639 4149 1872 4206 afﬂictio
1920 4146 2034 4204 sal-

385 4247 500 4298 tem
534 4241 698 4314 ipsos
734 4241 836 4298 Dei
860 4242 1201 4298 meminisse
1232 4247 1422 4314 cogat.
1443 4240 1829 4296 Comminatio
1860 4239 2038 4309 igitur

387 4329 629 4386 minime
653 4334 741 4385 est
772 4330 988 4386 noxia:
1037 4332 1154 4386 imo
1196 4347 1328 4386 vero
1388 4347 1499 4386 non
1559 4329 1801 4395 dimitti,
1858 4329 2032 4384 docu-

391 4422 656 4474 mentum
690 4423 779 4473 est
818 4417 1094 4474 salutare.
1124 4423 1250 4473 Non
1291 4415 1447 4472 enim
1481 4423 1556 4483 te,
1592 4415 1805 4488 inquit,
1845 4417 2040 4472 dimit-
2089 4427 2098 4432 '

383 4513 528 4575 tam,
563 4524 753 4580 neque
782 4513 837 4564 te
866 4507 1271 4580 derelinquam
1297 4509 1363 4560 ⁷η.

456 4594 546 4682 85..
580 4593 747 4650 Vsus.
784 4595 870 4651 10.
901 4599 968 4651 Et
998 4610 1146 4650 nunc
1189 4594 1558 4666 ingredimini
1609 4594 1668 4649 in
1725 4602 1928 4666 petras,
1986 4602 2039 4651 et

455 4710 643 4767 “Jos.
677 4727 717 4776 ι,
746 4711 807 4768 5.

457 4825 567 4898 (79)
599 4825 696 4898 Ita
718 4825 901 4898 nostri
935 4841 1210 4898 sexmss.
1242 4826 1315 4898 At
1369 4825 1536 4894 editi,
1571 4825 1598 4878 ὁ
1657 4820 1910 4898 ἔμψυχος
1961 4826 2041 4896 τῷ

389 4893 652 4973 ἀψύχῳ-ὁ
683 4895 906 4973 λογικὸς
936 4897 1016 4973 τῷ
1037 4895 1365 4973 ἀναισθήτῳ.

460 4915 591 5024 ιυχδῳ
624 4915 652 4951 ο
686 4915 906 4973 Λογικος
936 4917 1016 4968 τῳ
1037 4915 1365 4969 αναισθητῳ.

460 4970 516 5040 (8
556 4972 574 5040 )
602 4970 686 5024 Ita
703 4975 944 5041 uterque
960 4970 1282 5027 Combef.et
1303 4967 1701 5041 alii_quatuor._
1720 4968 2041 5041 Edltj,_pv'ﬂf

394 5036 794 5114 ualuit'Necita
815 5036 1000 5098 multo
1031 5046 1164 5114 post
1187 5036 1653 5114 οάἱιί,αἰσχίστου
1682 5039 1741 5100 ’ὀς
1775 5036 2039 5096 οὐδέζΞοὰ

386 5111 652 5170 voculam
681 5113 742 5175 ὅς
773 5113 908 5170 inde
939 5111 1315 5184 sustulimus,
1338 5111 1620 5168 librorum
1655 5116 1914 5168 veterum
1937 5129 2040 5168 au-

393 5185 662 5242 ctoritate
691 5185 898 5242 innixi.

463 5258 576 5330 (81)
603 5260 686 5312 Ita
717 5275 812 5313 sex
845 5275 982 5330 mss.
1007 5258 1087 5330 ΔΑἰ
1133 5255 1295 5330 editi,
1355 5253 1682 5330 ἀνανεῦσαι..
1716 5255 1843 5308 Mox
1901 5254 2040 5330 Pdlti

393 5333 451 5387 et
470 5323 597 5456 quo
629 5347 792 5398 mss.,
827 5327 1070 5404 οὐρανόν.
1104 5328 1216 5383 Alii
1245 5333 1518 5398 quatuor,
1555 5323 1828 5400 οὐράνιον,
1870 5327 2044 5398 paulo

399 5418 492 5456 me
519 5418 627 5456 ius.

399 5418 866 5600 m((381‘2u)slxdditur
888 5468 1178 5544 particula
1206 5465 1250 5521 ὦ
1282 5472 1418 5524 ante
1461 5482 1656 5522 vocem
1715 5463 1952 5526 ἒπίτασις
1987 5466 2043 5520 in

395 5549 468 5601 Co
497 5544 554 5601 b.
589 5545 798 5612 primo.
835 5544 1055 5600 Ibidem
1089 5541 1146 5596 in
1183 5542 1324 5612 Reg.
1357 5539 1551 5605 tertio,
1587 5555 1687 5609 pro
1717 5537 1903 5606 νοήσει
1964 5537 2044 5594 le-

397 5561 554 5601 υοιι).
589 5561 798 5617 primo.
835 5561 1055 5600 lniuem
1089 5561 1146 5596 In
1183 5561 1324 5612 neg.
1357 5561 1551 5605 wruo,
1587 5561 1687 5609 pro
1717 5561 1847 5606 νοηο

397 5617 579 5694 gitur,
601 5618 882 5694 φρονήσει,
909 5613 1208 5694 prudentia
1223 5613 1718 5694 praestantiorem.
1787 5680 1800 5694 ἱ
1814 5679 1847 5693 Η

473 5677 587 5762 (83)
615 5677 679 5746 in
711 5677 842 5748 aliis
870 5677 1024 5749 "mss.
1063 5677 1360 5755 scribitur,
1393 5680 1632 5739 αἰωνίαν·
1663 5681 1722 5740 id
1751 5677 2046 5752 aliis,qld)-

270 1965 274 1970 .
362 1915 434 1973 ob
456 1917 782 1973 admissum
817 1919 874 1973 in
908 1919 1117 1975 cmlum
1153 1921 1346 1977 scelus
1379 1922 1658 1994 indignus
1689 1922 1770 1977 sit
1800 1921 1900 1992 qui
1933 1922 2133 1979 oculos
2165 1925 2235 1979 ad
2269 1922 2563 1980 emlestem
2595 1921 2847 1978 attollat.

436 2007 526 2060 84.
558 2008 624 2062 Et
657 2008 970 2064 incurvavit
999 2027 1054 2065 se
1086 2009 1263 2077 homo,
1295 2019 1346 2066 et
1389 2012 1723 2067 humiliatus
1780 2019 1860 2066 est
1909 2013 2018 2067 vir.

2198 2014 2286 2067 84.
2376 2011 2473 2065 Καὶ
2552 2008 2739 2083 ἔκυψεν
2837 2007 3121 2085 ἄνθρωπος
3153 2051 3168 2078 ,

3255 2007 3345 2062 καὶ
3445 2005 3782 2076 ἐταπεινώθη

2127 2099 2288 2174 ἀνήρ.
2323 2099 2594 2161 Ἐπίτασις
2625 2101 2740 2170 (82)
2762 2102 2859 2152 τοῦ
2906 2101 3094 2166 κακοῦ,
3129 2093 3294 2171 ἄνδρα
3347 2096 3440 2151 τὸν
3473 2094 3784 2172 ἀρχικώτε-

2131 2210 2248 2265 ρον,
2305 2190 2396 2243 τὸν
2453 2187 2791 2262 τελειότερον
2842 2186 2892 2242 ἰν
2951 2190 3020 2260 τῇ
3077 2187 3286 2256 νοήσει,
3321 2183 3692 2258 δυνατώτερον
3728 2182 3784 2238 ἐν

2126 2284 2246 2342 ταῖς
2279 2276 2518 2352 πράξεσι,
2549 2281 2738 2332 τοῦτον
2769 2280 2866 2331 τοῦ
2901 2273 3039 2330 ἰδίου
3089 2274 3398 2347 ἀξιώματος
3442 2272 3782 2346 ἐπιλαθόμε-

2128 2388 2219 2422 νον
2249 2373 2651 2436 ταπεινωθῆναι
2702 2366 2804 2420 ὑπὸ
2834 2365 2894 2420 τὸ
2947 2362 3201 2420 εἴδωλον.
3232 2365 3292 2422 Ὀ
3325 2363 3480 2418 εἰκὼν
3528 2363 3620 2418 καὶ
3655 2360 3786 2432 δόξα

2131 2457 2264 2512 Θεοῦ
2299 2457 2584 2531 ὑπάρχων,
2618 2455 2645 2508 ὁ
2676 2453 2917 2532 κεφαλὴν
2962 2448 3106 2529 ἔχων
3155 2452 3346 2508 ἑαυτοῦ
3391 2453 3483 2507 τὸν
3525 2451 3787 2528 Χριστὸν,

2131 2544 2465 2614 ἐταπεινώθη
2501 2544 2603 2598 ὑπὸ
2649 2544 2711 2598 τὸ
2763 2540 3016 2598 εἷ’δωλον·
3067 2540 3156 2596 καὶ
3209 2545 3375 2596 ταῦτα
3415 2542 3573 2617 ἀνήρ.
3606 2538 3786 2598 Τοῦτό

2131 2633 2241 2689 ἐστι
2269 2641 2369 2703 τῆς
2417 2639 2698 2708 συμφορᾶς
2749 2633 2812 2686 τὸ
2862 2631 3278 2707 χαλεπώτατον.
3313 2630 3374 2686 Εἰ
3406 2631 3506 2706 γάρ
3536 2627 3784 2698 παιδίον,

2131 2723 2177 2780 εἰ
2234 2724 2338 2799 γὰρ
2395 2724 2552 2798 γυνὴ,
2610 2722 2678 2790 ἦν
2729 2719 2788 2776 ἄν
2846 2740 2929 2783 τις
2983 2725 3062 2792 τῷ
3122 2719 3215 2793 μὲν
3271 2719 3331 2774 ἐκ
3384 2721 3482 2787 τῆς
3535 2717 3784 2788 ἡλικίας,

2130 2817 2198 2886 τῇ
2254 2809 2310 2868 δὲ
2367 2811 2427 2868 ἐκ
2481 2818 2582 2881 τῆς
2651 2810 2788 2865 κατὰ
2861 2809 3016 2888 φύσιν
3091 2808 3361 2870 ἀσθενείας
3431 2807 3732 2882 συγγνώμη
3773 2849 3786 2864 .

2133 2906 2238 2956 Νῦν
2272 2899 2329 2956 δὲ
2370 2901 2509 2976 ἀνὴρ
2552 2899 2908 2969 ἐταπεινώθη,
2964 2899 2992 2953 ’ὁ
3041 2904 3214 2952 πᾶσαν
3268 2897 3542 2973 ὑπεραίρει
3582 2896 3788 2972 αἰσχύ-

2129 3011 2227 3060 νης
2289 2985 2620 3060 ὑπερϐολήν.
2683 2988 2779 3043 Καὶ
2839 2987 2901 3042 ού
2955 2988 3030 3060 μὴ
3073 2988 3260 3056 ἀνήσω
3309 2986 3623 3048 αύτούς.“Ω
3673 2988 3785 3040 τῶν

2132 3077 2538 3152 ἀπειλὸυμένων
2565 3079 2576 3134 l
2605 3078 2742 3152 Ἀρα
2777 3076 2852 3149 μὴ
2886 3073 2975 3130 διὰ
3003 3076 3102 3144 τὴν
3135 3073 3357 3129 αἰωνίαν
3386 3076 3500 3147 (83)
3551 3070 3781 3128 κόλασιν

2130 3171 2318 3238 ταῦτα,
2374 3166 2452 3224 Οί»
2505 3167 2580 3238 μὴ
2641 3166 2826 3235 ἀνήσω
2875 3163 3069 3226 αὐτούς
3105 3184 3118 3233 ;
3149 3165 3294 3225 "Em:
3340 3163 3441 3238 γὰρ
3491 3158 3783 3232 ἐκληδονί-

2137 3261 2313 3325 ζοντο,
2343 3251 2447 3318 ἕως
2490 3251 2759 3328 ἀλλότρια
2803 3253 2960 3308 τέκνα
3014 3250 3320 3322 ἐπλήθυναν
3355 3253 3466 3323 (84)
3498 3251 3625 3326 παρ’
3658 3250 3787 3304 ἑαυ-

2131 3349 2269 3412 τοῖς,
2299 3341 2404 3406 ἵως
2431 3341 2696 3413 ἐπτόηντο
2755 3341 2831 3405 εἰς
2877 3341 3159 3417 ἀργύριον,
3205 3336 3309 3403 ἕως
3357 3339 3575 3394 ἱππικὸν
3626 3337 3788 3411 ἐξηρ-

2130 3432 2344 3501 τύοντο,
2399 3433 2466 3501 ἦν
2511 3428 2667 3494 ἐλπὶς
2711 3430 2800 3485 καὶ
2852 3429 3080 3493 ἀνέσεως
3130 3427 3451 3505 προσδοκία·
3501 3425 3690 3496 ἐπειδὴ
3729 3424 3790 3482 δὲ

2137 3522 2212 3584 εἰς
2260 3522 2358 3590 τὴν
2410 3517 2863 3595 εἷδωλολατρείαν
2904 3521 2966 3574 τὸ
3016 3518 3245 3594 ἔσχατον
3276 3523 3384 3573 τῶν
3420 3522 3599 3572 κακῶν
3634 3516 3790 3572 ἐκπεο

2138 3611 2406 3681 πτώκασι,
2458 3610 2673 3664 καὶτοῦ
2715 3605 2861 3664 ἰδίου
2912 3607 3217 3681 ἀξιώματος
3266 3609 3342 3680 μή
3376 3607 3785 3680 αἰσθανόμενοι,

2137 3706 2216 3773 τῷ
2246 3698 2462 3772 εἰδώλῳ
2490 3699 2586 3763 τὰς
2629 3698 2877 3763 ἰσοθέους
2922 3697 3086 3770 τιμὰς
3136 3697 3523 3769 ἀπονέμουσιν,
3572 3697 3651 3753 Οὐ
3708 3696 3788 3768 μὴ

2139 3791 2325 3862 ἀνήσω
2355 3787 2570 3853 αὐτούς.
2604 3788 2708 3844 Καὶ
2755 3791 2916 3842 τοῦτο
2956 3789 3069 3859 (85)
3099 3785 3180 3841 ἄπ’
3221 3785 3501 3862 εὐεργεσίᾳ
3530 3787 3558 3840 ὁ
3590 3785 3792 3860 ἀγαθὸς

2140 3879 2361 3956 ἐνεργεῖ.
2396 3880 2546 3936 Ἐπεὶ
2593 3880 2695 3954 γὰρ
2748 3879 2782 3947 ἡ
2834 3877 3008 3937 ἄνεσις
3064 3873 3359 3937 ἀκολασίας
3416 3874 3557 3930 ἐστὶν
3619 3875 3793 3950 ἀφορ-

2146 3972 2223 4042 μὴ
2269 3972 2399 4041 (86),
2433 3966 2510 4025 Οὐ
2562 3969 2637 4040 μή
2689 3968 2871 4037 ἀνήσω
2912 3963 3128 4027 αύτούς·
3174 3962 3265 4019 ’ἶνα
3321 3966 3356 4034 ἡ
3418 3961 3604 4037 θλίψις
3661 3967 3792 4037 γοῦν

2143 4059 2378 4133 ἀνάγκην
2410 4055 2592 4118 αὐτοῖς
2624 4062 2723 4125 τῆς
2751 4059 2848 4110 τοῦ
2878 4058 3011 4109 Θεοῦ
3047 4056 3272 4127 μνήμης
3301 4051 3584 4127 παράσχῃ.
3633 4053 3798 4106 Ὥστε

2145 4145 2244 4200 οὐκ
2271 4143 2472 4213 ἀπειλή
2510 4139 2771 4220 βλαϐερὰ,
2825 4143 2973 4199 ἀλλὰ
3019 4140 3360 4218 παιδαγωγία
3408 4143 3682 4216 σωτήριος
3728 4141 3791 4194 τὸ

2148 4235 2224 4308 μὴ
2256 4235 2527 4299 ἀνεθῆναι.
2563 4233 2640 4290 Οὐ
2693 4234 2768 4306 μὴ
2813 4231 2913 4308 γάρ
2964 4253 3021 4287 σε
3049 4234 3183 4305 ἀνῶ,
3215 4231 3400 4302 φησὶν,
3435 4227 3548 4286 οὐδ’
3589 4227 3650 4285 οὐ
3680 4232 3800 4302 (87)

2147 4325 2222 4396 μή
2257 4343 2314 4377 σε
2345 4321 2708 4397 ἐγκαταλίπω.

2215 4415 2305 4469 85.
2365 4411 2463 4466 Καὶ
2522 4415 2615 4465 νῦν
2665 4408 2930 4474 εἰσέλθετε
2978 4410 3054 4471 εἰς
3103 4411 3199 4472 τὰς
3245 4407 3464 4485 πέτρας,
3513 4407 3602 4462 καὶ
3663 4406 3797 4462 κού-

2147 4841 2289 4878 νιον.
2323 4821 2488 4878 Haud
2531 4821 2702 4893 longe
2731 4823 2852 4893 tres
2882 4837 3053 4890 mss.,
3081 4819 3286 4889 ἀνήσει,
3321 4817 3496 4876 male.
3529 4817 3642 4875 Alii
3684 4825 3808 4880 tres

2151 4911 2298 4952 mss.
2338 4910 2470 4949 cum
2503 4890 2698 4958 editis,
2730 4890 2934 4962 ἀνήσω,
2967 4896 3142 4962 recte.

2220 4967 2332 5035 (84)
2357 4965 2464 5022 Ubi
2495 4965 2554 5019 in
2586 4965 2760 5021 editis
2791 4960 3383 5036 légiturJﬂﬁOuvov,
3411 4962 3695 5036 scriptum
3722 4965 3809 5020 in-

2151 5033 2420 5094 venimus
2446 5037 2792 5108 in_quatuor
2830 5033 2999 5104 mss.,
3035 5033 3362 5105 επλήθυναν·
3397 5035 3455 5090 in
3489 5033 3622 5092 aliis
3666 5051 3806 5093 vero

2153 5110 2406 5177 duobus,
2442 5105 2833 5177 ἒπλῆθύνοντο.

2223 5181 2340 5252 (85)
2369 5175 2460 5236 Sic
2493 5175 2638 5236 mss.
2679 5181 2957 5251 quinque.
3004 5181 3073 5232 At
3129 5180 3330 5252 nostra
3384 5175 3561 5252 editio
3620 5179 3808 5235 Paris.

2155 5249 2286 5308 cum
2323 5249 2462 5323 Reg.
2491 5249 2712 5323 primo,
2739 5255 2953 5319 τοῦτον,
2983 5267 3098 5323 non
3133 5249 3278 5305 satis
3310 5250 3637 5323 emendate.

2226 5325 2340 5394 (86)
2375 5319 2437 5379 In
2469 5319 2724 5396 quatuor
2755 5340 2897 5380 mss.
2951 5322 3236 5396 scriptum
3289 5319 3597 5396 reperitur,
3631 5319 3809 5396 ἀρχή,

2155 5391 2332 5466 mque
2361 5391 2610 5451 libidinis
2629 5397 2992 5468 principium.
3025 5391 3140 5450 Nec
3170 5394 3251 5450 ita
3283 5391 3461 5448 multo
3521 5391 3677 5466 post'
3708 5391 3816 5450 an.

2156 5465 2306 5541 quot
2327 5483 2496 5541 mss.,
2531 5465 2754 5539 μνήμης
2784 5465 3083 5541 παράσχοι.

2159 5534 2340 5662 8"(87)
2367 5539 2450 5594 Ita
2479 5534 2578 5595 sex
2613 5534 2793 5596 nostri
2833 5534 3239 5596 libri'vetcres.
3299 5534 3448 5592 Editi
3505 5552 3661 5608 vero,
3713 5535 3809 5591 ού-
