4130 6210
287 326 388 386 257

1120 319 1526 383 COMMENT.
1572 321 1652 382 IN
1700 321 1969 384 ISAIAM
2016 318 2524 386 PROPHETAM.
2572 321 2738 384 CAP.
2789 324 2864 386 ll.

3571 329 3690 397 258

288 467 466 520 πτεσθε
516 455 592 518 είς
650 455 750 523 τὴν
805 460 908 529 γῆν
966 454 1072 508 ἀπὸ
1101 455 1399 527 προσώπου
1456 457 1551 508 τοῦ
1601 448 1773 531 φόϐου
1830 458 1933 507 Κυ-

2069 456 2454 511 tbscondimini
2483 458 2539 511 in
2573 461 2719 513 terra
2769 477 2801 514 a
2847 459 2996 534 facie
3036 463 3251 518 timoris
3299 467 3536 538 Domini,
3583 477 3690 524 eta

292 548 416 624 ρίου,
449 545 541 600 καὶ
573 545 681 600 ἀπὸ
730 546 830 613 τῆς
892 541 1052 617 δόξης
1108 542 1302 618 ἰσχύος
1349 543 1533 611 αὐτοῦ,
1560 541 1683 598 ὅταν
1737 542 1938 616 ἀναστῇ

2069 545 2234 603 rioria
2258 545 2609 616 fortitudinis
2659 549 2816 618 ejus:
2865 565 2986 605 cum
3037 553 3342 608 surrexerit
3391 553 3463 610 ad
3507 565 3685 612 eonte-

295 639 508 711 θραῦσαι
538 635 637 702 τὴν
694 641 819 710 γῆν.
855 632 1037 703 ι’Δλλη
1099 631 1444 707 παράκλησις
1477 631 1610 703 αὕτη
1665 633 1802 707 πρὸς
1846 633 1936 686 τὸν

298 727 430 780 οἶκον
453 723 553 778 105
596 717 794 780 Ἰακὼϐ
843 721 927 777 ἐπὶ
980 722 1042 776 τὸ
1087 723 1361 798 συμφέρον
1412 719 1818 798 παρακαλοῦσα.
1852 721 1940 782 Ὧς

298 817 406 892 γὰρ,
442 817 602 868 Δεῦτε
649 813 740 866 καὶ
793 807 1104 884 ἀναϐἱῖψλν⁹
1140 811 1216 873 εἷς
1266 813 1327 866 τὸ
1377 808 1505 888 ὅρος
1549 816 1644 865 τοῖ’)
1707 809 1940 884 Κυρίουο

302 909 446 959 Δεῦτε
496 899 588 956 καί
643 904 1000 975 πορευθῶμεν
1055 904 1134 972 τῷ
1164 901 1303 978 φωτὶ
1373 900 1574 978 Κυφίου
1608 919 1620 932 ·
1682 899 1822 952 οὕτω
1852 898 1939 952 καὶ

298 994 354 1048 τὸ
404 996 495 1045 νῦν
530 1010 544 1025 ⁸
599 987 886 1053 Είσᾶλθετε
935 988 1012 1050 εἷς
1065 989 1162 1050 τὰς
1222 990 1440 1063 πέτρας,
1501 989 1590 1042 καὶ
1647 987 1945 1062 κρόπτεσθι

303 1081 372 1145 εἷς
409 1081 509 1148 τήν
555 1085 660 1154 γῆν
715 1078 820 1133 ἀπὸ
879 1079 1176 1151 προσώπου
1222 1082 1318 1132 τοῦ
1349 1073 1522 1152 φόϐου
1551 1076 1776 1151 Κυρίου.
1807 1073 1947 1150 Ἀρά

300 1169 371 1232 τίς
420 1168 562 1223 ἐστιν
626 1167 772 1222 οὕτω
829 1166 1169 1242 συκοφάντης
1219 1170 1317 1232 τῆς
1373 1173 1612 1242 Γραφῆς,
1646 1163 1784 1219 ὥστε
1835 1162 1945 1217 οἷέ-

301 1262 408 1313 σθαι
447 1252 845 1330 συμϐουλεύειν
892 1255 1100 1334 φεύγειν
1143 1257 1289 1318 τινὰς
1342 1256 1448 1309 ἀπὸ
1494 1255 1791 1330 προσώπου
1848 1257 1945 1306 τοῦ

303 1341 460 1424 φόϐου
494 1344 722 1419 Κυρίου,
751 1341 804 1397 ἐν
839 1349 957 1403 ταῖς
980 1341 1268 1414 κοιλότησι
1297 1349 1404 1398 τῶν
1453 1347 1662 1419 πετρῶν
1723 1342 1944 1403 ἑαυτοὺς

301 1436 778 1510 κατακρύψαντας,
831 1432 1028 1505 Ἀλλὰ,
1083 1437 1195 1490 llo?)
1257 1439 1546 1510 πορευθῶ,
1606 1434 1791 1509 φησὶν,
1841 1433 1946 1486 ἀπὸ

307 1531 394 1582 τοῦ
446 1524 762 1598 πνεύματός
823 1545 940 1592 σου,
994 1524 1084 1578 καὶ
1142 1524 1248 1579 ἀπὸ
1305 1529 1402 1578 τοῦ
1475 1522 1774 1599 προσώπου
1852 1542 1946 1576 σου

306 1619 404 1670 ποῦ
454 1614 644 1692 φύγω;
704 1614 831 1670 Ἐὰν
888 1608 1067 1668 ἀναϐὧ
1141 1613 1215 1675 εἰς
1269 1615 1361 1668 τὸν
1423 1613 1675 1688 οὐρανὸν,
1726 1611 1788 1666 σὺ
1840 1611 1950 1666 ἐκεῖ

307 1705 379 1759 εἴ·
423 1703 510 1759 καὶ
585 1702 756 1759 πάλιν
798 1703 826 1757 ὁ
886 1701 1121 1777 Κύριος’
1179 1703 1303 1760 Ἐὰν
1381 1697 1800 1779 πατακρυϐῶσιν
1870 1699 1946 1763 εἷς

2050 633 2278 689 rendam
2307 638 2531 690 terram.
2565 634 2759 691 Altera
2806 636 2926 694 haec
2971 642 3058 696 est
3109 641 3177 696 ad
3222 641 3464 698 domum
3509 642 3691 700 Jacob

2053 722 2404 791 adhortatio,
2438 741 2565 795 quae
2597 724 2786 796 ipsam
2819 726 2887 780 ad
2924 726 2982 781 id
3017 730 3164 797 quod
3205 730 3570 786 conducibile
3602 737 3693 788 est

2054 812 2280 867 invitat.
2329 814 2830 878 Quemadmodum
2879 815 3032 870 enim
3086 817 3309 874 dixerat
3359 822 3562 889 (Vrsas.
3637 821 3691 891 3,

2052 902 2140 971 5):
2170 902 2351 957 Venite
2382 917 2430 957 et
2479 903 2834 958 ascendamus
2890 907 2949 958 in
2996 911 3240 961 montem
3286 909 3546 964 Domini:
3599 909 3698 966 Ve-

2052 991 2186 1060 nite,
2223 991 2274 1045 et
2293 990 2635 1044 ambulemus
2658 991 2871 1045 lumine
2902 993 3164 1048 Domini:
3195 994 3277 1050 ita
3306 995 3482 1051 etiam
3517 1013 3694 1063 nunc,

2053 1078 2419 1148 Ingredimini
2473 1080 2533 1133 in
2577 1084 2778 1149 petras,
2841 1084 2891 1136 et
2936 1083 3336 1138 abscondimini
3379 1085 3438 1139 in
3485 1094 3635 1142 terra
3663 1103 3699 1142 α

2054 1168 2201 1240 facie
2229 1168 2447 1222 timoris
2497 1169 2742 1223 Domini.
2800 1167 2949 1224 Num
3007 1171 3139 1241 quis
3196 1173 3280 1227 ita
3333 1173 3698 1246 Scripturam

2057 1255 2473 1322 calumniatur,
2507 1257 2658 1310 488
2716 1260 2782 1310 ut
2830 1257 2901 1311 ab
2949 1274 3016 1312 ea
3061 1258 3359 1330 aliquibus
3406 1262 3702 1318 existimet

2057 1345 2180 1400 dari
2213 1343 2522 1400 consilium
2556 1347 2627 1400 de
2658 1345 2939 1417 capienda
2961 1347 3098 1420 fuga
3120 1365 3151 1401 a
3173 1349 3318 1405 facie
3337 1349 3569 1407 timoris
3588 1351 3700 1406 Do-

2059 1433 2226 1502 mini,
2258 1437 2324 1488 ut
2354 1449 2482 1489 sese
2515 1434 2570 1488 in
2618 1436 2915 1505 petrarum
2966 1437 3235 1493 concavis
3284 1440 3648 1496 abscondant
3671 1439 3700 1494 Ἰ

2055 1523 2163 1578 Sed
2198 1523 2409 1594 inquit,
2435 1525 2548 1591 Quo
2581 1523 2668 1578 ibo
2698 1540 2730 1577 a
2759 1524 2960 1594 spiritu
2985 1528 3098 1590 tua,
3129 1529 3180 1580 et
3211 1543 3314 1597 quo
3361 1544 3394 1583 a
3421 1527 3570 1601 facie
3600 1537 3702 1586 tua

2055 1615 2272 1684 fugiam
2295 1612 2323 1667 ?
2354 1612 2415 1668 Si
2443 1612 2738 1668 ascendere
2759 1613 2821 1667 in
2841 1613 3062 1680 caelum,
3090 1619 3150 1669 tu
3168 1616 3289 1671 illic
3312 1632 3368 1672 es
3391 1617 3460 1671 ³³.
3487 1621 3556 1672 Et
3573 1633 3702 1673 rur-

2060 1719 2161 1757 sus
2189 1701 2496 1769 Dominus,
2527 1701 2590 1756 Si
2617 1701 2923 1757 absoonditi
2968 1704 3186 1772 fuerint
3237 1706 3302 1759 in
3339 1703 3607 1775 Carmelo,
3631 1706 3706 1760 it-

304 1794 388 1849 τὸν
451 1793 564 1867 (88)
622 1789 955 1866 Κάρμηλον,
989 1790 1184 1847 ἰκεῖθεν
1243 1789 1495 1865 λήψομαι
1554 1792 1768 1852 αὐτούς.
1825 1790 1946 1847 Ἐὰν

2069 1791 2175 1845 line
2201 1806 2477 1846 assumam
2508 1791 2650 1845 illos.
2685 1789 2745 1846 Si
2769 1793 3024 1864 fugerint
3054 1793 3118 1847 in
3147 1808 3323 1861 mare,
3365 1794 3486 1849 illic
3539 1810 3706 1850 man-

309 1881 532 1959 φόγωσιν
608 1879 690 1943 εἷς
763 1882 864 1951 τήν
943 1877 1211 1936 θάλασσαν
1241 1925 1254 1950 ,
1317 1880 1428 1935 ἐκεῖ
1495 1878 1818 1952 ἐντελοῦμαι
1870 1882 1950 1950 τῷ

313 1969 568 2045 δράκοντι,
599 1969 695 2024 καὶ
731 1967 948 2039 δήξεται
1005 1971 1115 2042 (89)
1167 1969 1386 2031 αὐτούς.
1421 1973 1543 2030 Πῶς
1605 1969 1695 2022 οὗν
1748 1968 1950 2038 σκέπην

312 2059 406 2114 ἆπὸ
433 2061 732 2136 προσώπου
764 2056 862 2114 τοῦ
894 2053 1067 2134 φόϐου
1125 2059 1328 2131 Κυρίου
1381 2052 1770 2112 συνεϐούλευσε
1817 2077 1951 2130 προ-

308 2143 549 2205 ϐαλῦσθαι
577 2151 684 2217 τὴν
718 2149 956 2223 πὶτραν;
983 2147 1158 2202 ’Δλλα
1193 2150 1411 2222 μήποτε
1469 2146 1592 2220 μίαν
1652 2144 1802 2221 λέγει
1837 2149 1950 2219 (90)

305 2243 404 2293 τῶν
433 2243 614 2292 κακῶν
647 2234 1004 2310 ἀπαλλαγὴν,
1030 2234 1127 2290 ὅσα
1156 2235 1210 2290 ἐν
1238 2242 1354 2298 τοῖς
1385 2235 1612 2290 κατόπιν
1641 2233 1954 2310 ἀπηριθμή-

313 2348 452 2394 σατο,
478 2327 539 2382 τὸ
570 2324 846 2389 εἰσελθεῖν
878 2324 952 2386 εἷς
999 2325 1097 2393 τήν
1149 2326 1350 2396 σκέπην
1397 2331 1494 2394 τῆς
1541 2321 1760 2397 πέτρας,
1790 2344 1951 2378 τουτ-

309 2415 466 2486 tum,
515 2416 592 2476 εἰς
656 2415 721 2469 τὸ
779 2414 1061 2489 στερέωμα
1114 2421 1214 2483 τῆς
1270 2413 1345 2475 εἰς
1405 2413 1635 2488 Χριστὸν
1697 2412 1950 2473 πίστεως.

307 2507 474 2562 Ὅπου
502 2505 592 2559 καὶ
624 2505 867 2570 Μωΰσῆς
901 2501 1078 2572 ἐτίθη,
1114 2501 1334 2575 μέλλων
1373 2503 1463 2557 τὸν
1509 2501 1636 2556 Θεὸν
1692 2499 1908 2576 βλέπειν
1935 2520 1948 2534 ³

311 2592 430 2660 ἐκεῖ,
489 2592 686 2669 φησὶν,
747 2589 1053 2660 Εἰσέλθετε,
1090 2592 1178 2646 καὶ
1237 2589 1673 2666 κατακρύπεσθε
1725 2589 1798 2651 εἷς
1851 2591 1951 2659 τὴν

312 2691 406 2757 γῆν
431 2701 443 2714 ⁸
475 2683 751 2749 τουτέστι,
786 2681 987 2754 θάψατε
1034 2679 1275 2741 ἑαυτούς.
1307 2683 1418 2736 ’Ἰνα
1467 2679 1552 2748 τί;
1584 2681 1702 2735 Ἵνα
1760 2699 1954 2734 συντα-

313 2772 487 2849 φάντες
517 2770 673 2842 αὖτῷ
715 2766 805 2822 διὰ
832 2773 930 2823 τοῦ
989 2768 1380 2844 βαπτίσματος,
1413 2769 1503 2823 καὶ
1561 2768 1954 2823 συναποθανόν-

309 2881 411 2929 τις,
460 2859 514 2914 ἂν
567 2857 853 2928 καινότητι
916 2863 1059 2928 ζωῆς
1118 2859 1547 2933 περιπανήσητε,
1600 2857 1954 2922 ἀποθανόντες

311 2953 372 3023 τῇ
405 2949 667 3023 ἁμαρτίᾳ.
705 2946 980 3022 Συνάγαγε
1011 2948 1123 3021 (91)
1155 2945 1212 3002 δὲ
1240 2948 1306 3001 τὰ
1352 2947 1476 3023 περὶ
1526 2947 1726 3020 πέτρας
1782 2945 1834 3002 ἐν
1885 2951 1954 3021 τῇ

313 3042 510 3116 Γραφῇ,
542 3036 688 3091 ὥστε
730 3057 815 3090 σοι
868 3038 1207 3111 τρανωθῆναι
1261 3037 1352 3090 τὸν
1401 3035 1592 3092 τόπον.
1642 3037 1730 3092 Ἐν
1789 3037 1958 3110 πέτρᾳ

314 3126 520 3199 ῧψωσάς
587 3145 675 3198 με.
709 3125 808 3179 Καὶ
864 3123 923 3178 ἐκ
966 3125 1164 3197 πέτρας
1219 3120 1364 3179 ἔπιεν
1417 3125 1445 3179 ὁ
1477 3123 1643 3186 λαός’
1677 3122 1822 3180 ἀλλὰ
1865 3125 1952 3179 καὶ

2061 1879 2198 1935 dabo
2222 1878 2470 1945 draconi,
2502 1887 2553 1934 et
2577 1879 2846 1935 mordebit
2887 1896 2975 1935 eos
3012 1881 3058 1915 ³³
3097 1880 3220 1944 Qua
3247 1881 3431 1954 igitur
3478 1883 3707 1940 ratione

2063 1967 2372 2024 consilium
2404 1967 2580 2036 dedit,
2633 1973 2700 2023 ut
2748 1972 2968 2039 petram
3022 1985 3122 2024 ceu
3175 1975 3440 2027 tutamen
3490 1989 3524 2028 a
3563 1973 3708 2029 facie

2060 2057 2290 2113 timoris
2320 2056 2554 2112 Domini
2607 2057 3011 2127 objectarent?
3060 2057 3172 2114 Sed
3224 2060 3472 2118 fortasse
3519 2077 3706 2118 unum

2062 2147 2218 2201 hunc
2250 2162 2378 2202 esse
2411 2145 2651 2201 modum
2703 2145 3070 2203 liberationis
3127 2147 3417 2205 malorum
3469 2167 3597 2223 quae
3646 2152 3708 2207 in

2062 2234 2464 2307 superioribus
2495 2239 2839 2291 enumerata
2869 2240 3029 2302 sunt,
3078 2241 3142 2292 ut
3194 2238 3601 2310 ingrediantur
3647 2240 3708 2296 in

2063 2325 2529 2396 integumentum
2551 2328 2748 2394 petrae,
2773 2324 2882 2380 hoc
2903 2329 3014 2391 est,
3034 2326 3092 2380 in
3133 2325 3266 2382 ﬁdei
3299 2345 3427 2400 qua:
3458 2329 3517 2385 in
3549 2330 3709 2387 Chri-

2063 2418 2152 2469 sto
2183 2417 2272 2468 est
2302 2412 2658 2469 soliditatem
2691 2414 2755 2466 2‘.
2809 2413 2917 2470 Ubi
2975 2414 3296 2473 collocatus
3345 2424 3435 2474 est
3482 2419 3712 2492 Moyses

2066 2505 2245 2558 Deum
2267 2502 2502 2557 visurus
2523 2502 2568 2536 ²⁶
2592 2520 2605 2569 ;
2625 2501 2747 2572 illo,
2772 2503 2986 2574 inquit,
3011 2506 3381 2574 lngredimini
3399 2512 3453 2563 et
3486 2509 3714 2565 abscon-

2061 2592 2266 2647 dimini
2295 2593 2355 2646 in
2386 2595 2555 2658 terra,
2587 2591 2697 2647 hoc
2731 2596 2842 2661 est,
2875 2593 3118 2664 sepelito
3146 2595 3384 2666 vosipsi.
3409 2596 3558 2662 Quid
3581 2598 3662 2654 ita
3681 2597 3711 2654 ?

2062 2679 2134 2736 Ut
2168 2697 2267 2751 per
2296 2681 2592 2752 baptisma
2624 2697 2742 2736 una
2774 2697 2907 2736 cum
2942 2683 3072 2754 ipsa
3103 2683 3315 2755 sepulti
3349 2685 3414 2752 ",
3449 2701 3514 2740 ac
3545 2702 3712 2741 com-

2067 2769 2304 2836 mortui,
2334 2769 2388 2822 in
2421 2769 2678 2824 novitate
2698 2768 2827 2823 vitae
2846 2769 3177 2838 ambuletis,
3214 2773 3427 2828 mortui
3451 2782 3705 2844 peccato.

2067 2859 2240 2914 Porro
2267 2874 2395 2930 quae
2427 2858 2499 2912 de
2558 2861 2724 2928 petra
2779 2858 2840 2912 in
2899 2859 3202 2930 Scriptura
3256 2867 3598 2929 occurrunt,
3646 2863 3706 2918 in

2066 2963 2248 3003 unum
2282 2945 2508 3019 collige,
2541 2962 2656 3018 quo
2690 2945 2792 3000 tibi
2823 2945 2987 3001 locus
3017 2946 3111 3002 bic
3141 2949 3244 3004 ﬂat
3273 2949 3484 3007 clarior
3522 2961 3575 3008 et
3613 2969 3710 3008 ex-

2066 3037 2376 3110 planatior.
2409 3037 2472 3091 In
2498 3039 2649 3107 petra
2678 3035 2943 3090 exaltasti
2969 3052 3056 3091 me
3084 3037 3149 3092 ³⁷.
3191 3041 3259 3092 Et
3289 3038 3359 3094 de
3408 3045 3573 3112 petra
3623 3041 3709 3096 bi-

2068 3127 2241 3182 bebat
2261 3125 2570 3197 pepulus”
2591 3142 2604 3192 ;
2629 3123 2950 3195 quiaetiam
2974 3125 3044 3179 de
3057 3129 3222 3197 petra
3235 3125 3486 3183 habebat
3509 3129 3618 3185 mel
3643 3131 3712 3188 ⁸⁸.

315 3187 434 3287 μέλι
464 3187 620 3291 εἶχεν
656 3213 715 3268 tu
741 3213 956 3288 πέτρας.
990 3187 1086 3268 Καί
1140 3215 1168 3267 ὁ
1216 3210 1535 3286 Ψαλμῳδός
1594 3233 1746 3291 φησιο
1783 3214 1955 3290 Πέτρα

2071 3187 2509 3286 Atque-Psaltes
2539 3187 2663 3268 ait
2690 3215 2855 3268 Petra
2885 3187 3164 3285 refugium
3196 3215 3471 3288 leporibus
3497 3218 3562 3272 ⁸ο.
3598 3219 3709 3274 Pu-

311 3305 591 3380 καταφυγή
668 3307 789 3364 τοῖς
875 3300 1134 3378 λαγωοῖς.
1187 3302 1258 3356 Τὸ
1335 3302 1568 3375 καθαρὸν
1644 3303 1779 3376 πρὸς
1862 3302 1956 3357 κό-

313 3414 400 3467 ρον
604 3391 699 3446 xui
733 3389 917 3445 ἔλαιον
950 3389 1030 3459 δὲ,
1061 3392 1107 3462 ᾧ
1165 3390 1438 3466 ἐχρίοντο,
1471 3394 1506 3461 ἠ
1566 3391 1754 3465 στερεᾶ
1794 3392 1963 3467 πέτρα

312 3487 563 3556 παρεῖχε,
601 3481 746 3534 κατὰ
771 3481 870 3547 τήν
911 3476 1059 3551 ᾠδὴν
1090 3481 1188 3548 τήν
1223 3479 1518 3541 Μωυσέως.
1552 3480 1672 3535 Ἐὰν
1719 3479 1809 3534 οὖν
1859 3479 1962 3534 εἷσ-

313 3568 504 3640 ἑλθητε
557 3569 638 3631 εἷς
695 3569 795 3636 τὴν
834 3568 1050 3644 πέτραν,
1085 3566 1374 3639 δυνήσεσθε
1405 3567 1646 3624 ἐκκλῖναι
1707 3570 1810 3624 ἀπὸ
1865 3574 1962 3623 τοῦ

315 3654 483 3734 φόϐου
537 3657 750 3733 Κυρίου
793 3658 1074 3728 (93),ὅταν
1137 3658 1338 3731 ἀναστῇ
1389 3658 1613 3731 θραῦσαι
1684 3659 1782 3727 τήν
1839 3659 1961 3733 γῆν,

312 3747 431 3802 ὅταν
484 3746 678 3821 μᾶλλῃ
729 3745 996 3822 ἀφανίζειν
1046 3746 1112 3801 τὰ
1155 3747 1337 3821 γήινα,
1395 3745 1485 3800 καὶ
1539 3746 1809 3822 ἀφανίζειν
1869 3748 1960 3802 τὸν

311 3839 500 3911 χοϊκὸν
536 3837 634 3891 ἐπὶ
663 3838 744 3907 τῷ
773 3833 1168 3907 ἀνεμπόδιστον
1222 3836 1481 3911 παρέχειν
1516 3838 1622 3909 (94)
1670 3841 1749 3907 τῷ
1803 3857 1963 3891 πνευ-

310 3931 522 3998 ματικῷ
551 3927 660 3994 τὴν
691 3925 859 3994 ζωήν.
893 3924 1095 3987 Πθάσαι
1128 3921 1218 3978 οὖν
1249 3922 1332 3979 δεῖ
1359 3925 1460 3993 τὴν
1497 3924 1630 3997 μετά
1667 3922 1826 3996 δόξης
1873 3926 1963 3980 καὶ

310 4013 499 4091 ἶσχόος
534 4015 708 4070 αὐτοῦ
738 4011 1047 4085 ἀνάστασιν,
1083 4009 1172 4066 διὰ
1196 4016 1293 4068 τοῦ
1321 4011 1576 4068 τοιούτου
1601 4009 1808 4089 τρόπου
1842 4015 1959 4070 ἑπι-

311 4104 654 4175 μεληθὲντας
685 4103 888 4156 ἑαυτῶν
901 4144 914 4159 .

367 4284 458 4338 86.
505 4282 578 4339 O't
642 4281 742 4356 γὰρ
803 4279 1081 4358 ὀφθαλμοὶ
1144 4279 1345 4356 Κυρίου
1405 4281 1633 4355 ὑψηλοὶ,
1687 4283 1714 4336 ὁ
1775 4281 1832 4338 δὲ
1873 4279 1962 4338 ἅν-

305 4381 521 4445 θρωπος
553 4368 837 4431 ταπεινός.
883 4371 998 4425 Ἵνα
1049 4371 1124 4440 μὴ
1185 4368 1412 4444 νομίσῃς
1472 4374 1788 4443 σωματικήν
1846 4393 1968 4427 τινα

371 4469 418 4503 ²²
452 4469 615 4524 Psal.
650 4483 898 4535 cxxxvn,
929 4467 984 4527 7,
1019 4471 1074 4522 8.
1172 4466 1218 4501 ²³
1247 4470 1423 4523 Amos
1458 4485 1536 4537 Ix,
1562 4469 1615 4524 3.

1714 4471 1759 4505 ²⁴
1787 4471 1978 4528 Colos.
2013 4489 2075 4538 ιι,
2109 4472 2162 4525 5.

2068 3322 2132 3360 ra
2161 3321 2314 3376 aqua
2344 3303 2412 3360 ad
2449 3301 2781 3358 satietatem
2813 3318 3001 3374 usque
3029 3304 3114 3359 eis
3145 3303 3282 3360 data
3312 3310 3400 3361 est
3428 3322 3440 3362 :
3501 3307 3602 3362 sed
3657 3311 3714 3363 et

2069 3398 2232 3465 petra
2253 3393 2404 3447 dura
2423 3390 2636 3457 oleum,
2662 3406 2778 3461 quo
2807 3390 3268 3463 inungebantur,
3295 3394 3466 3466 juxta
3495 3394 3714 3468 Moysis

2070 3482 2365 3538 canticum
2396 3482 2464 3550 εί,
2496 3478 2896 3536 ministrabat.
2937 3481 3162 3552 Itaque,
3187 3483 3237 3539 si
3272 3483 3615 3541 introieritis
3645 3485 3706 3541 in

2072 3577 2316 3644 petram,
2351 3568 2615 3640 poteritis
2646 3585 2680 3623 a
2711 3568 2918 3624 timore
2947 3569 3178 3625 Domini
3211 3570 3529 3638 declinare,
3577 3591 3710 3630 cum

2071 3664 2272 3732 surget
2301 3660 2373 3714 ad
2406 3658 2822 3714 conterendam
2855 3662 3072 3713 terram
3100 3675 3113 3713 :
3146 3676 3280 3716 cum
3313 3666 3546 3719 terrena
3566 3669 3655 3720 est
3683 3679 3714 3719 e

2073 3749 2262 3804 medio
2295 3747 2658 3813 sublaturus,
2691 3762 2946 3819 eumque
2977 3747 3324 3818 aboliturus,
3357 3751 3456 3820 qui
3487 3769 3554 3807 ex
3583 3751 3716 3824 pul-

2069 3855 2201 3892 vere
2231 3853 2298 3892 ac
2326 3836 2450 3892 luto
2481 3841 2590 3906 est,
2625 3838 2690 3890 ut
2717 3835 2768 3890 ei
2801 3835 2901 3906 qui
2929 3835 3258 3908 spiritualis
3281 3843 3390 3908 est,
3419 3841 3595 3895 vitam
3623 3857 3719 3896 ex-

2072 3926 2328 3999 peditam
2361 3928 2418 3980 et
2474 3924 2635 3980 omni
2681 3923 3106 3996 impedimento
3154 3926 3408 3982 solutam
3460 3932 3712 3999 praestet.

2072 4017 2231 4088 Opus
2262 4017 2350 4069 est
2371 4013 2550 4086 igitur
2570 4016 2636 4067 ut
2655 4012 2842 4085 ipsius
2863 4013 3350 4070 resurrectionem
3373 4031 3506 4072 cum
3531 4016 3718 4090 gloria

2072 4111 2128 4160 et
2160 4102 2500 4159 fortitudine
2529 4102 2914 4172 eunjunctum
2945 4118 3358 4176 assequamur,
3390 4109 3566 4177 atque
3604 4105 3716 4162 hoc

2073 4194 2246 4249 modo
2279 4177 2478 4248 curam
2510 4189 2694 4246 nostri
2721 4190 2982 4262 ipsorum
3016 4190 3430 4265 suscipiamus.

2144 4283 2235 4337 86.
2266 4280 2440 4336 Vens.
2478 4280 2566 4334 11.
2599 4281 2746 4334 Nam
2773 4279 2921 4334 oculi
2972 4279 3198 4336 Domini
3241 4282 3524 4355 sublimes,
3571 4284 3721 4341 homo

2076 4377 2260 4429 autem
2275 4370 2518 4425 humilis.
2538 4373 2618 4423 Ne
2636 4385 2977 4441 corporeum
3004 4372 3320 4441 quemdam
3344 4390 3378 4428 a
3398 4373 3514 4430 Deo
3531 4389 3723 4430 seces-

2257 4469 2303 4503 ³⁵
2332 4467 2741 4538 Ειοὰηικιπι,
2773 4466 2863 4521 22.
2920 4537 2923 4538 ν
2955 4466 3000 4502 ²⁶
3029 4470 3196 4524 Rom.
3230 4485 3305 4538 vx,
3335 4471 3388 4526 4.
3489 4473 3532 4508 ³⁷
3564 4473 3720 4533 Psal.

301 4555 387 4604 ιι,
416 4540 472 4596 3.
553 4541 602 4575 ³⁸
639 4539 811 4593 Num.
847 4554 937 4604 xx,
973 4539 1060 4592 11.
1135 4539 1180 4574 ¹⁰
1211 4539 1360 4594 Deut
1415 4557 1595 4608 xxxu,
1630 4542 1741 4609 i3;
1779 4542 1930 4599 Psal.

2069 4559 2129 4609 .x,
2167 4543 2250 4595 17.
2329 4540 2375 4574 ⁸ο
2408 4537 2561 4593 Psal.
2593 4554 2712 4602 cm,
2743 4537 2832 4592 18.
2909 4537 2950 4572 ⁸¹
2985 4539 3155 4594 Deut.
3188 4537 3365 4609 xxxix,
3398 4543 3486 4600 13.

373 4637 487 4718 (εὴ)
518 4639 607 4718 Ita
639 4637 908 4718 quinque
940 4651 1065 4718 mss
1113 4654 1126 4702 ;
1162 4653 1266 4718 nec
1301 4637 1467 4692 aliter
1498 4639 1788 4718 scripsero
1811 4644 1958 4696 LXX
1994 4645 2039 4708 Ι)
2075 4646 2172 4718 tur
2203 4635 2719 4718 uterqueColb..et
2750 4635 2884 4718 Duc.
2920 4635 3056 4718 libri
3083 4637 3155 4718 H._
3211 4642 3290 4718 et_
3449 4641 3513 4695 τὸ
3557 4653 3722 4718 καθα-

309 4708 684 4779 interpretes.
722 4708 873 4762 Editi
904 4712 962 4762 et
994 4708 1125 4832 Reg.
1164 4709 1413 4781 primus,
1446 4711 1570 4778 τήν.
1620 4708 1636 4711 ⁷

319 4852 331 4861 _
374 4781 488 4861 (89)
524 4780 777 4861 Editiet
802 4795 948 4834 mss.
986 4796 1082 4861 mu
1116 4780 1176 4851 ti,
1209 4775 1446 4861 δῄξεται.
1473 4781 1784 4861 Exemplar
1829 4800 1964 4839 vero

305 4849 618 4923 Anglicum
653 4856 709 4905 et
740 4851 878 4922 Reg.
916 4849 1169 4924 primus,
1230 4849 1453 4924 δέξεται,
1503 4849 1786 4924 suscipiet.
1833 4872 1962 4911 cor-

308 4920 494 4994 rupte.
528 4924 730 4994 Codex
759 4920 953 4976 autem
1002 4922 1091 4994 Fr.
1127 4924 1200 4994 1,
1244 4920 1492 4993 δείξεται,
1541 4920 1805 4992 ostendet,
1852 4944 1967 4982 non

309 4993 545 5049 rectius.
585 4993 880 5070 Librarios
901 4993 1057 5070 vocis
1089 4993 1484 5070 similitudine
1513 4996 1785 5068 deceptos
1817 5015 1966 5070 esse,

317 5081 511 5131 nemo,
544 5065 782 5135 Opinor,
813 5081 926 5120 non
960 5063 1139 5120 videt.

377 5139 488 5211 (90)
523 5133 710 5211 Editi,
745 5133 900 5210 λέγῃ.
928 5142 1008 5211 _At
1035 5153 1136 5211 sex
1158 5153 1326 5211 mss.,
1361 5133 1527 5211 λέγει.

377 5149 469 5200 (UO
523 5149 710 5204 manu,
745 5149 900 5210 Αεγῃ.
932 5149 1008 5190 At
1035 5153 1136 5191 sex
1158 5153 1326 5205 mem,
1362 5149 1527 5211 Λέγει.

377 5149 492 5279 (91;
525 5209 623 5264 Ita
653 5223 808 5262 unus
840 5207 1020 5262 codex
1047 5207 1304 5264 Combef.
1338 5213 1395 5263 et
1425 5212 1683 5279 quatuor
1711 5207 1827 5264 alii.
1856 5210 1968 5265 No-

312 5280 690 5355 stra_editio_
738 5279 922 5334 Paris.
973 5283 1030 5334 et
1085 5282 1225 5352 Reg.
1278 5279 1528 5352 primus,
1589 5279 1967 5355 συναγάγεται,

311 5351 471 5422 gravi
505 5351 753 5422 mendo.

380 5422 490 5493 (92)
523 5421 658 5477 Viri
690 5419 1040 5490 doctissimi,
1070 5420 1316 5478 Ducteus
1347 5426 1403 5478 et
1423 5423 1832 5490 Combeﬁsius,
1856 5439 1972 5478 non

313 5506 518 5563 parum
554 5500 788 5567 ponunt
817 5508 1004 5567 opera;
1032 5509 1100 5548 ac
1129 5495 1311 5550 studii
1362 5495 1420 5549 in
1470 5495 1576 5567 hoc
1622 5495 1748 5551 loco
1790 5494 1973 5567 expli-

313 5567 497 5621 cando
522 5581 535 5620 :
556 5564 675 5622 sed
697 5581 830 5621 cum
856 5581 964 5620 nos
988 5564 1144 5620 hunc
1165 5566 1664 5622 Commentarium
1687 5567 1831 5622 tanti
1857 5564 1973 5622 non

315 5635 634 5706 iaciamus,
666 5635 947 5693 lectiones
975 5637 1165 5693 varias
1198 5639 1514 5694 adnotasse
1544 5639 1689 5693 satis
1732 5637 1973 5694 habebi-

318 5721 474 5766 mus.
510 5709 625 5778 Qui
662 5709 874 5779 volent,
907 5724 1113 5767 eorum
1147 5707 1330 5768 libros
1351 5709 1512 5767 adire
1542 5714 1835 5783 poterunt.
1859 5709 1976 5784 lgi-

2077 4711 2167 4784 ρὸν
2201 4705 2552 4784 πρὸς-κόρον.
2587 4706 2686 4784 ubi
2719 4713 2884 4761 notes
2909 4706 3086 4784 velim
3141 4711 3200 4764 in
3249 4705 3411 4768 Colb’.
3462 4717 3721 4771 secundo

2076 4777 2253 4838 manu
2261 4797 2318 4852 in
2340 4777 2579 4850 quidem
2602 4777 2801 4852 altera,
2825 4778 2927 4833 sed
2949 4780 3196 4852 antiqua
3211 4785 3431 4851 tamen,
3454 4787 3722 4844 additum

2077 4871 2204 4910 esse
2222 4848 2374 4924 υδωρ
2397 4854 2530 4922 post
2573 4848 2826 4924 καθαρόνο
2862 4866 3038 4924 quam
3079 4848 3275 4909 vocem
3306 4855 3366 4911 in
3397 4848 3602 4915 nostra
3628 4860 3723 4916 in-

2076 4921 2491 5001 terpretatione
2520 4921 2936 5001 expressimus.
2971 4922 3280 5001 Exemplar
3307 4929 3616 5001 Anglicum
3669 4940 3729 4990 et

2079 4993 2220 5079 88.8-
2257 4994 2658 5079 (ιιιδτιιξεν..τῷ
2695 4993 2912 5079 tu”?
2959 4993 3289 5079 προπὲράνι
3340 4993 3724 5079 un'ismoca-

2079 5064 2238 5124 bul'o.
2275 5064 2409 5143 Reg:
2442 5064 2675 5143 tertius,
2703 5067 2781 5135 τῷ
2805 5064 3024 5143 καραρῴ
3051 5064 3189 5143 πρὸς
3218 5069 3404 5143 κόρον.
3439 5074 3592 5131 Editi
3620 5076 3725 5132 de-

2079 5143 2263 5220 atque
2287 5144 2344 5194 et
2369 5136 2517 5220 Reg.
2545 5136 2903 5220 primpsLEEp
2928 5136 3150 5211 καθαρῷ
3176 5136 3527 5220 πρόσκαιρον
3565 5150 3721 5220 quod

2079 5208 2600 5289 ita—interpretatus
2632 5212 2724 5263 est
2779 5208 3167 5289 Tilmannusz
3218 5208 3288 5269 Ei
3330 5208 3599 5289 inquam;
3623 5220 3726 5289 qui

2078 5299 2250 5354 purus
2279 5286 2358 5354 est
2376 5285 2749 5354 opportunum
2768 5281 3101 5354 suffugium.

2152 5354 2266 5421 (93)
2298 5349 2610 5425 Alii'rmss,
2643 5349 2867 5423 Κυρίουτ
2901 5349 2998 5425 alii
3030 5370 3162 5408 cum
3191 5356 3387 5425 editis,
3418 5360 3575 5413 θεοῦ.

2152 5420 2265 5496 (94)
2294 5424 2444 5503 Ιξάὶιὶ
2476 5430 2533 5503 e_t
2571 5420 2688 5503 duo
2722 5420 2888 5492 inss.,
2918 5420 3087 5497 ἔχειν·
3119 5427 3218 5503 sed
3244 5420 3406 5503 ratus
3426 5430 3719 5503 quispiam

2079 5491 2280 5552 vocem
2313 5491 2461 5569 [xciv
2495 5496 2630 5550 huic
2653 5495 2778 5550 loco
2802 5491 2916 5569 nqn
2947 5491 3296 5569 'convenire,
3330 5501 3387 5555 in
3416 5491 3582 5558 C'olb:
3605 5500 3721 5569 pri-

2084 5519 2280 5552 VUCBII]
2313 5519 2461 5569 σχειν
2495 5519 2630 5550 υυιυ
2653 5519 2778 5550 IUCU
2802 5519 2916 5550 Ηυυ
2967 5519 3296 5567 υυηγεςιιιτθ,
3330 5519 3387 5555 In
3416 5519 3572 5558 υοιο.
3647 5519 3720 5555 Π·-

2084 5585 2179 5624 mo
2201 5568 2460 5624 secunda
2493 5584 2692 5640 manu,
2723 5583 2824 5636 pro
2857 5562 3000 5640 ἔχειν
3036 5567 3292 5640 scripsit,
3325 5570 3478 5627 εἶναι.
3510 5575 3582 5631 At
3605 5519 3720 5628 ite-

2084 5640 2161 5713 gii
2193 5643 2443 5712 primus,
2474 5639 2684 5694 tertius
2708 5641 2766 5693 et
2789 5637 3061 5710 quartus,
3091 5637 3368 5712 παρέχειν.
