4100 6220
387 401 506 464 259

1346 377 1734 446 APPENDIX
1778 377 2105 442 OPERUM
2149 380 2214 440 S.
2261 373 2539 443 BASILII
2583 377 2835 445 MAGNI

3673 392 3793 452 260

388 553 523 594 sum
554 529 791 590 suaderi
821 531 1078 601 putares,
1112 520 1325 593 adjecit
1378 517 1524 573 illud
1552 534 1564 571 :
1617 515 1774 571 Oculi
1816 515 2024 570 Domini

2142 512 2241 581 τὴν
2271 514 2374 569 ἀπὸ
2407 518 2540 571 Θεοῦ
2567 517 2922 592 ἀναχώρησιν
2974 514 3388 593 συμϐουλεύειν,
3417 520 3656 598 ἐπήγαγε
3705 524 3796 593 τὸ,

386 625 667 691 sublimes,
690 626 848 676 homo
878 620 1065 673 autem
1095 611 1343 667 humilis.
1377 605 1534 662 Nihil
1567 620 1768 660 eorum
1793 620 1919 675 quae
1943 604 2032 659 in-

387 717 474 772 fra
500 716 806 787 geruntur,
836 707 978 762 latet
1009 719 1165 768 eum,
1219 699 1317 771 qui
1350 714 1380 752 e
1412 692 1653 787 sublimi
1709 694 2032 787 despectat,

386 781 531 861 cuni
554 802 663 859 sub
695 800 825 870 ejus
855 798 1158 867 aspectum
1213 787 1448 843 veniant
1496 783 1715 849 omnia,
1766 781 2034 853 nihilque

383 893 548 950 Illius
570 889 753 947 oculis
776 887 1046 942 tenebras
1073 879 1347 936 oli‘endat.
1374 876 1614 930 Humilis
1637 882 1816 928 autem
1833 871 1990 927 homo
2016 889 2030 940 ;

383 982 484 1054 qui
513 979 601 1036 vel
633 994 694 1034 se
728 979 851 1048 ipse
883 989 986 1045 pro
1020 967 1202 1025 nihilo
1235 966 1416 1031 ducit,
1437 980 1572 1019 cum
1598 979 1659 1018 se
1682 962 1894 1054 divinae
1913 977 2035 1054 ma-

375 1050 576 1144 jestati
608 1068 936 1137 comparat,
965 1060 1053 1114 vel
1113 1057 1215 1129 qui
1265 1059 1632 1144 arrogantem
1687 1050 2031 1144 superbien-

382 1137 619 1230 temque
645 1154 918 1226 spiritum
944 1145 1218 1219 deposuit
1241 1161 1342 1216 per
1367 1141 1761 1230 modestiam,
1789 1137 1876 1230 vel
1899 1144 2031 1230 tan-

384 1227 643 1318 dem—qui
679 1260 780 1315 per
827 1242 1132 1313 peccatum
1163 1252 1196 1290 a
1227 1233 1475 1306 pristina
1525 1246 1633 1285 sua
1683 1227 2032 1318 celsitudine

383 1354 444 1394 se
474 1317 671 1407 ipsum
729 1329 958 1402 dejecit.
1019 1329 1082 1381 El
1131 1321 1526 1379 humiliabitur
1569 1317 1800 1374 altitudo
1849 1317 2032 1372 homi-

381 1444 536 1482 num.
553 1424 617 1480 In
640 1418 1045 1493 superioribus
1064 1431 1232 1470 suam
1261 1409 1609 1466 humiliabat
1627 1407 2030 1463 celsitudinem

381 1515 581 1584 homo,
641 1527 708 1568 ac
757 1503 1211 1580 reprehensione
1253 1503 1376 1556 erat
1420 1498 1674 1569 dignus:
1736 1495 2032 1566 siquidem

381 1602 690 1660 Incurvavil
719 1615 776 1655 se
805 1597 985 1662 homo,
1015 1597 1069 1649 et
1098 1590 1424 1647 humiliatus
1453 1591 1530 1643 est
1580 1589 1686 1641 vir.
1743 1585 1846 1640 Hic
1899 1601 2031 1640 vero

382 1690 687 1748 humilitas
713 1692 801 1744 est
831 1681 1119 1758 perutilis.
1147 1683 1289 1737 Cum
1315 1676 1472 1734 enim
1503 1691 1688 1731 vanus
1718 1673 2034 1746 deponitur

381 1782 592 1847 fastus,
616 1791 870 1848 cumque
893 1773 966 1830 ab
989 1771 1236 1828 elatione
1260 1772 1317 1824 et
1337 1765 1638 1838 asuperba
1659 1763 2029 1829 celsitudine,

2143 602 2204 654 Οἱ
2254 601 2532 678 ὀφθαλμοὶ
2592 606 2794 682 Κυρίου
2872 607 3125 682 ὑψηλοὶ,
3175 611 3202 664 ό
3257 606 3315 665 δὲ
3381 607 3664 686 ἅνθρωπος
3700 634 3798 669 τα-

2141 691 2344 754 πεινός.
2377 693 2486 749 Τὸν
2523 691 2573 763 έξ
2601 693 2770 768 ὕψους
2800 695 3248 753 ἀποσκοπεῦοντα
3279 696 3430 754 οὕδέν
3485 704 3592 755 τῶν
3650 701 3799 756 κάτω

2143 779 2415 851 λανθάνει,
2445 783 2660 838 πάντων
2714 784 2802 839 ὑπ’
2834 781 2957 859 ὄψιν
3007 783 3199 856 ὄντων,
3234 789 3322 842 καὶ
3377 786 3610 862 μηδενὸς
3673 790 3802 846 ἐπι-

2143 877 2466 935 σκοτοῦντος
2523 879 2641 936 τοῖς
2686 873 3020 952 ὀφθαλμοῖς.
3055 879 3322 942 Ταπεινὸς
3381 876 3438 934 δὲ
3492 881 3797 956 ἄνθρωπος,

2141 959 2177 1029 ἢ
2211 962 2238 1016 6
2268 965 2336 1036 τῇ
2387 963 2659 1038 συγκρίσει
2710 972 2810 1034 τῆς
2860 970 2956 1019 τοῦ
3005 971 3143 1022 Θεοῦ
3199 967 3675 1044 μεγαλοπρεπείας
3730 971 3795 1025 τὸ

2146 1047 2313 1122 μηδὲν
2357 1051 2544 1106 ἑαυτὸν
2579 1049 2958 1129 λογιζόμενοςσ
2992 1055 3027 1124 ἢ
3059 1057 3088 1110 6
3123 1052 3211 1110 διὰ
3264 1057 3681 1132 μετριοπάθειαν
3731 1060 3795 1114 τὸ

2141 1137 2460 1208 ἀλοζονικὸν
2494 1139 2827 1214 ἀποθέμενος
2861 1141 3135 1220 φρόνημα·
3257 1146 3284 1200 ὁ
3329 1143 3418 1200 διὰ
3463 1151 3564 1212 τῆς
3615 1149 3794 1225 ἀμαρ-

2139 1225 2258 1289 τίας
2303 1225 2362 1282 ἐκ
2404 1232 2499 1282 τοῦ
2543 1231 2814 1305 προτέρου
2859 1230 3026 1306 ὕψους
3075 1233 3262 1288 ἑαυτὸν
3309 1234 3662 1312 καταρῥίψας.
3691 1237 3795 1292 Καὶ

2139 1318 2601 1387 ταπεινωθήσεται
2655 1319 2716 1372 τὸ
2769 1317 2901 1393 ὕψος
2956 1325 3066 1376 τῶν
3125 1321 3450 1396 ἀνθρώπων.
3518 1325 3604 1380 Ἑν
3671 1331 3797 1388 τοῖς

2140 1405 2368 1461 κατόπιν
2404 1407 2462 1461 τὸ
2493 1406 2627 1481 ὕψος
2661 1406 3028 1483 ἐταπεινοῦτο,
3062 1411 3152 1466 καὶ
3183 1411 3510 1488 κατηγορίας
3570 1410 3716 1486 ἄξιος
3765 1416 3796 1469 6

2142 1492 2452 1568 ἄνθρωπος’
2503 1497 2704 1571 Ἔκυψε
2777 1501 2881 1575 γὰρ
2957 1497 3279 1574 ἄνθρωπος,
3339 1499 3430 1556 καί
3500 1501 3797 1558 ἐταπεινώ-

2142 1595 2208 1654 θη
2274 1584 2432 1661 ἀνήρ.
2486 1587 2745 1650 Ἐνταῦθα
2802 1585 2859 1642 δὶ
2916 1587 3202 1664 ὠφέλιμος
3247 1591 3283 1659 ἡ
3331 1590 3678 1654 ταπείνωσις.
3729 1593 3797 1650 Ἠ

2140 1673 2243 1749 γὰρ
2301 1673 2553 1736 ἀπόθεσις
2609 1679 2704 1730 τοῦ
2768 1676 2996 1749 ματαίου
3047 1680 3422 1756 φρονήματος,
3471 1680 3562 1734 καὶ
3607 1683 3642 1750 ἠ
3687 1681 3800 1738 ἀπὸ

2139 1766 2235 1817 τοῦ
2270 1761 2581 1838 έπάρματος
2633 1764 2723 1819 καὶ
2781 1764 2950 1839 ὕψους
3001 1766 3328 1836 ἆλαζονικοῦ
3379 1768 3470 1823 καὶ
3525 1769 3799 1845 οἰήματος

383 1869 607 1926 necnon
641 1885 674 1923 a
704 1847 855 1922 vana
883 1863 954 1918 de
1005 1877 1066 1917 se
1115 1856 1547 1916 existimatione
1593 1853 1665 1910 ad
1727 1851 2024 1924 proprium

2143 1847 2389 1907 διακένου
2419 1853 2554 1929 πρὸς
2591 1855 2692 1924 τήν
2743 1853 2941 1910 οἰκείαν
2998 1855 3142 1927 ἀξίαν
3194 1855 3478 1932 ἐπάνοδος,
3526 1860 3800 1916 ταπείνω-

381 1959 659 2016 meritum
692 1958 749 2011 et
779 1951 1173 2009 conditionem
1205 1946 1449 2015 reditur,
1481 1943 1604 1998 haac
1623 1947 1714 1998 est
1744 1941 1896 1997 439
1920 1940 2030 1996 hu-

383 2048 603 2105 militas
633 2041 966 2101 laudabilis.
999 2039 1168 2105 Nam,
1202 2036 1252 2092 si
1275 2033 1645 2106 confugerint
1666 2031 1931 2104 quipiam
1956 2029 2028 2085 ad

383 2141 632 2211 petram,
664 2151 730 2190 ac
751 2133 1054 2204 sperantes
1078 2130 1516 2183 resurrecturos
1535 2119 2026 2211 secumphristq,

383 2208 443 2282 in
473 2231 629 2282 terra
658 2237 872 2294 corpus
903 2233 1074 2274 suum
1109 2214 1222 2270 sibi
1253 2212 1529 2279 subdant,
1565 2208 1907 2264 altitudines
1956 2208 2028 2263 ab

382 2311 724 2385 insipientia
753 2313 904 2363 natae
933 2303 1271 2369 concidunt,
1306 2314 1679 2373 praecepsque
1711 2296 1828 2351 ruit
1881 2313 2030 2385 vana

384 2383 593 2459 sua—de
622 2416 681 2454 se
709 2397 856 2470 ipsis
886 2393 1116 2465 Opinio:
1150 2407 1286 2446 vera
1314 2393 1508 2444 autem
1540 2385 1874 2443 testificatio
1908 2383 2026 2440 cel-

385 2489 662 2546 situdinis
691 2487 808 2543 Deo
839 2484 948 2541 soli
979 2483 1052 2538 ab
1082 2481 1230 2554 ipsis
1261 2478 1545 2534 defertur.

451 2598 540 2652 87.
572 2595 637 2650 Et
660 2592 1003 2650 exaltubilur
1021 2588 1282 2644 Dominus
1313 2584 1460 2641 solus
1492 2585 1550 2639 in
1583 2582 1673 2638 die
1721 2581 1843 2636 illa.
1897 2579 2028 2636 Vel-

382 2687 465 2742 uti
501 2685 573 2741 ad
607 2687 804 2739 notam
838 2681 1014 2745 diem,
1047 2683 1105 2733 et
1149 2693 1276 2747 quae
1328 2676 1384 2730 in
1437 2671 1702 2728 confesso
1749 2670 1828 2725 sit
1875 2669 2029 2740 apud

384 2791 611 2840 omnes,
639 2771 939 2842 Scriptura
973 2783 1078 2822 nos
1109 2764 1376 2820 remittit.
1411 2763 1471 2816 In
1503 2760 1595 2816 die
1650 2759 1772 2819 illa.
1821 2773 2030 2828 nempe

385 2864 613 2921 dierum
627 2859 890 2917 omnium
917 2857 1334 2924 ultima,quam
1358 2865 1547 2922 neque
1570 2865 1682 2905 nox
1714 2845 2026 2912 intercidit,

386 2969 574 3025 neque
590 2955 828 3021 tempus
846 2941 1300 3002 circumscribit:
1317 2939 1410 2995 cui
1436 2953 1622 3009 neque
1647 2934 2026 3025 principium,

383 3024 574 3113 neque
603 3041 779 3095 ﬁnem
814 3037 909 3092 lux
938 3048 1213 3105 corporea
1245 3030 1478 3103 praebet,
1514 3026 1614 3082 sed
1647 3043 1765 3081 una
1795 3030 1884 3080 est
1909 3024 2028 3124 .sui

384 3129 619 3193 similis,
680 3123 1026 3193 immobilis,
1085 3135 1325 3192 vespere
1375 3133 1603 3185 carens,
1665 3123 2027 3170 successioni

380 3199 537 3275 haud
563 3215 829 3272 obnoxia.
859 3213 1060 3284 Itaque
1083 3213 1144 3265 in
1161 3209 1249 3264 die
1273 3207 1372 3262 illa
1389 3205 1742 3262 exaltabilur
1765 3203 2028 3258 Dominus

376 3309 541 3378 solus,
574 3322 708 3361 cum
741 3303 935 3358 omnis
967 3300 1354 3371 superborum
1386 3295 1559 3350 elatio
1593 3310 1656 3347 ac
1678 3294 1863 3347 fastus
1887 3309 2024 3347 con-

385 3397 559 3454 cidet.
591 3398 876 3449 Caeterum
900 3405 1132 3445 omnem
1160 3388 1463 3441 beatarum
1483 3383 1766 3437 virtutum
1791 3380 2023 3436 clarita-

379 3492 497 3543 teni
531 3481 1053 3557 praestantissimus
1082 3475 1273 3548 gloriae
1291 3473 1452 3528 illius
1475 3470 1750 3543 splendor
1769 3471 1949 3524 vincit
1969 3477 2027 3525 et

381 3577 677 3631 obscurat.
710 3571 838 3626 Sive
871 3567 1046 3623 fuerit
1074 3563 1382 3637 propheta,
1406 3560 1524 3616 sive
1550 3559 1870 3632 apostolus,
1907 3558 2026 3613 sive

375 3663 596 3718 fuerint
625 3666 837 3716 sancta:
867 3662 924 3713 et
953 3653 1218 3710 caelestes
1243 3654 1556 3722 potestates
1585 3667 1599 3717 ;
1636 3647 1734 3703 ubi
1767 3648 2022 3720 primum

373 3747 810 3823 exsplenduerit
832 3762 966 3801 vera
997 3743 1097 3798 illa
1121 3740 1429 3806 celsitudo,
1462 3737 1659 3794 omnia
1690 3736 1938 3792 humilia
1967 3739 2025 3791 et

377 3840 608 3912 abjecta
639 3835 1057 3894 censebantur.
1115 3830 1373 3902 ldipsum
1426 3827 1582 3899 quod
1633 3825 1850 3881 dicitur
1897 3824 2020 3893 libi,

375 3945 598 4001 quaeso,
627 3929 781 3998 (inge
813 3924 884 3979 ab
913 3919 1179 3994 exemplo
1209 3920 1461 3991 quodam
1480 3934 1548 3972 ex
1570 3915 1767 3971 saeculi
1797 3932 1904 3970 usu
1927 3915 2022 3970 de-

373 4023 630 4090 sumpto.
668 4016 757 4072 Sit
785 4013 985 4086 aliqua
1013 4009 1415 4082 operariorum
1448 4005 1756 4062 hominum
1791 4004 2018 4070 civitas,

373 4107 470 4180 qui
503 4124 573 4163 ex
604 4120 776 4178 Opere
809 4100 1151 4176 quotidiano
1206 4096 1301 4153 vix
1349 4095 1476 4150 vitae
1526 4093 1856 4149 necessaria
1908 4091 2020 4147 sibi

373 4200 714 4267 comparent
734 4211 746 4249 :
764 4193 885 4248 sint
905 4206 1110 4245 rursus
1129 4187 1224 4242 hic
1247 4184 1424 4254 aliqui
1443 4182 1572 4238 aliis
1592 4181 1908 4253 supramod
1921 4197 2018 4236 um

375 4285 736 4358 pauperibus
767 4279 1188 4352 opulentiores,
1221 4275 1320 4346 qui
1355 4271 1589 4328 interim
1614 4272 1685 4326 ab
1711 4270 1841 4324 istis
1864 4286 2020 4358 men-

371 4357 522 4428 dicis
553 4371 943 4444 praadicentur
998 4365 1178 4430 beati,
1216 4380 1283 4418 ac
1331 4359 1754 4432 suspiciantur.
1803 4357 2019 4414 Deinde

370 4479 469 4518 rex
500 4459 796 4534 quispiam
823 4458 883 4511 in
914 4456 1067 4510 hanc
1123 4451 1396 4508 adveniat
1443 4448 1758 4516 civitatem,
1813 4464 2017 4518 regum

367 4549 636 4606 omnium
654 4545 1009 4611 ditissimus,
1037 4542 1138 4615 qui
1158 4542 1410 4596 multum
1438 4537 1649 4592 habeat
1667 4539 1795 4592 auri
1817 4554 2020 4610 argen-

372 4639 560 4711 tique,
583 4642 640 4693 et
671 4634 887 4691 multos
915 4632 1138 4704 lapides
1158 4629 1465 4702 pretiosos,
1490 4626 1637 4682 alios
1655 4626 2021 4699 regaliorna-
2053 4618 2099 4682 D

377 4734 575 4784 mento
633 4726 880 4781 intectos
918 4721 1064 4777 alios
1095 4719 1167 4776 ad
1197 4712 1649 4775 ostentationem
1705 4716 2018 4788 expositos.

372 4818 458 4874 Sit
476 4815 729 4873 vestium
761 4812 920 4868 illius
951 4812 1244 4866 immensa
1265 4809 1530 4880 quaedam
1557 4805 1932 4877 pulchritudo
1955 4823 2021 4863 ac

367 4907 537 4979 copia
566 4902 906 4976 singularis.
940 4901 1188 4972 Superat
1210 4913 1522 4952 numerum
1552 4895 1904 4952 famulorum
1933 4914 2021 4953 sa-

370 4994 746 5064 tellitumque
764 4998 985 5046 turma:
1010 4989 1338 5059 impensam
1360 4984 2016 5041 faciatinenarrabilem.

365 5081 449 5137 Ea
481 5081 558 5138 sit
588 5078 943 5137 camelorum
977 5082 1033 5132 et
1059 5075 1355 5131 mulorum
1376 5073 1612 5128 divitias
1639 5074 2016 5146 sarcinasque

363 5170 801 5243 exportantium
823 5165 1168 5234 multitudo,
1188 5181 1315 5236 quae
1342 5163 1637 5219 numerari
1661 5179 1778 5218 non
1804 5165 2011 5236 possit.

438 5370 552 5444 (95)
582 5367 759 5436 Editi,
785 5361 1264 5443 προσφευγόντων.
1297 5364 1368 5418 At
1397 5379 1540 5418 mss.
1590 5378 1710 5430 sex,
1760 5381 2010 5440 προσφυ-

364 5441 756 5588 γόῖὄῶνΕ-όίιὶ,
789 5509 880 5563 οὗν
913 5507 1093 5583 ἡμέρᾳ
1117 5509 1208 5580 τῇ.
1242 5509 1312 5588 lit
1343 5522 1487 5561 mss.
1507 5519 1636 5588 _sex
1667 5504 1842 5588 utinin
1874 5523 2012 5562 con-

363 5576 546 5650 textu:
595 5583 816 5639 Ibidem
858 5576 978 5637 tres
1026 5576 1197 5647 mssQ,
1247 5577 1336 5632 ὅτε
1374 5580 1638 5630 πεσεῖται.
1688 5576 1806 5632 Alii
1866 5595 2010 5634 mss.

531 5656 725 5723 editis,
757 5653 863 5712 ὅτι.

107 5731 117 5751 ρ
485 5725 553 5751 ‘1"
581 5726 730 5751 mnu:
790 5723 844 5751 ι--

485 5725 555 5804 Ὗ)
579 5717 755 5800 Editi,
790 5723 848 5780 ἐκ
874 5744 976 5797 της
1007 5717 1324 5802 ἐφημερίου.
1361 5719 1504 5794 Reg.
1536 5719 1768 5778 tertius.
1821 5718 1881 5774 έκ
1905 5725 1974 5792 τῆ

598 5931 776 6108 \

2140 1941 2223 2004 σίς
2272 1942 2413 1997 ἔστιν
2465 1943 2739 2016 ἐπαινετή.
2791 1949 2911 2000 Τῶν
2952 1945 3052 2022 γὰρ
3102 1949 3529 2026 προσφυγόντων
3557 1952 3668 2024 (95)
3714 1954 3791 2025 τῇ

2138 2031 2327 2105 πέτρᾳ,
2359 2032 2448 2087 καὶ
2497 2031 2548 2087 ἐν
2601 2037 2670 2107 τῇ
2728 2037 2798 2110 γῇ
2861 2035 3063 2089 ἑαυτῶν
3116 2035 3458 2105 ποιησάντων
3507 2039 3570 2093 τὸ
3625 2037 3793 2112 σῶμα

2140 2121 2190 2175 ἂν
2250 2118 2430 2175 ἐλπίδι
2485 2124 2584 2190 τῆς
2649 2122 2783 2195 μετά
2855 2124 3091 2198 Χριστοῦ
3167 2124 3546 2197 ἀναστάσεως,
3602 2128 3792 2183 πίπτει

2142 2210 2237 2281 μὶν
2295 2209 2361 2263 τὰ
2421 2209 2472 2281 ἐξ
2547 2209 2770 2286 ἀλογίας
2846 2213 3155 2286 ὑψώματα,
3205 2215 3294 2269 καὶ
3374 2218 3410 2285 ἡ
3469 2216 3592 2291 περὶ
3667 2217 3793 2272 ἑαυα-

2136 2303 2244 2353 τῶν
2279 2299 2554 2373 ὑπόληψις
2611 2300 2787 2355 αὑτῶν
2846 2303 3089 2374 ματαία·
3122 2303 3492 2378 ἀναπέμπεται
3555 2303 3611 2360 δί
3662 2308 3796 2383 παρ’

2139 2386 2311 2442 αὐτῶν
2393 2388 2544 2462 μόνῳ
2625 2391 2705 2462 τῷ
2791 2395 2907 2463 Θεῷ
2960 2393 2995 2462 ὴ
3053 2392 3266 2464 ἀληθὴς
3353 2393 3621 2471 μαρτυρίά
3687 2400 3794 2451 τοῦ

2139 2476 2311 2551 ὕψους
2327 2518 2339 2536 .
3095 2501 3108 2519 ι

2207 2588 2297 2641 87.
2327 2584 2432 2642 Καὶ
2492 2586 2832 2660 ὑψωθήσεται
2892 2586 3094 2663 Κύριος
3145 2589 3308 2662 μόνος
3369 2588 3422 2644 ιν
3475 2595 3542 2664 τῇ
3601 2592 3796 2667 ἡμέρᾳ

2139 2675 2331 2749 ἐκείνῃ.
2363 2675 2450 2738 Ὡς
2513 2673 3009 2752 ἐπιγινωσκομένην
3069 2679 3298 2754 ἡμέραν,
3349 2679 3440 2733 καὶ
3495 2680 3596 2735 ὑπὸ
3647 2680 3791 2737 πάν-

2135 2785 2243 2819 των
2267 2763 2724 2839 ὁμολογουμένην
2759 2765 2786 2818 ὁ
2819 2762 2984 2840 λόγος
3029 2768 3176 2839 ἡμᾶς
3225 2767 3552 2841 ἀναπέμπει.
3584 2772 3675 2827 Ἐν
3710 2774 3787 2844 τῇ

2137 2851 2318 2927 ἡμέρᾳ
2375 2851 2576 2927 ἐκείνῃ,
2633 2852 2700 2927 τῇ
2746 2853 2949 2930 ἰσχάτῃ
2999 2860 3184 2911 πασῶν
3240 2859 3486 2932 ἡμερῶν,
3536 2860 3596 2928 ἣν
3657 2856 3789 2915 οὕτε

2136 2941 2227 3011 νὺξ
2277 2939 2588 3010 διακόπτει;
2622 2943 2686 2997 οὐ
2736 2944 2938 3018 χρόνος
2987 2946 3310 3021 περιορίζει,
3360 2945 3421 3000 οὐ
3470 2948 3786 3020 σωματικὸν

2139 3033 2252 3104 φῶς
2284 3029 2462 3106 ἀρχὴν
2504 3029 2638 3104 αὐτῇ
2671 3032 2900 3107 παρέχει
2945 3033 3036 3088 καὶ
3081 3033 3264 3105 τέλος,
3297 3032 3442 3088 ἀλλά
3504 3034 3600 3107 μία
3639 3035 3783 3090 ἐστὶν

2139 3117 2307 3191 ὁμοία
2353 3120 2486 3192 πρὸς
2537 3119 2753 3189 ἑαυτὴν,
2785 3120 3056 3192 ἀκίνητος,
3088 3121 3398 3198 ἀνέσπερος,
3443 3121 3787 3187 ἀδιάδεκτος.

2138 3207 2224 3263 Ἑν
2280 3206 2370 3261 οῦν
2428 3207 2498 3282 τῇ
2557 3208 2738 3282 ἡμέρᾳ
2793 3212 2907 3283 (96)
2965 3209 3141 3284 ἐκείνῃ
3199 3212 3539 3284 ὑψωθήσεται
3587 3213 3790 3289 Κύριος

2140 3295 2343 3368 μόνος”
2387 3297 2475 3352 ὅτε
2550 3304 2791 3352 πεσεῖται
2848 3299 2944 3371 μὶν
2993 3306 3095 3354 πᾶν
3158 3301 3515 3378 ὑπερηφάνων
3571 3303 3788 3379 φρόνη-

2140 3403 2232 3456 μα·
2266 3389 2408 3439 πᾶσα
2440 3383 2496 3440 δέ
2529 3383 2854 3461 λαμπρότης
2883 3392 2988 3443 τῶν
3043 3389 3320 3462 μακαρίων
3373 3388 3651 3464 δυνάμεων
3704 3394 3780 3465 τῇ

2136 3468 2418 3548 ὑπερϐολῇ
2449 3479 2556 3529 τῶν
2594 3481 2962 3552 μαρμαρυγῶν
2992 3483 3092 3546 τῆς
3127 3475 3286 3548 δόξης
3329 3477 3534 3550 ἐκείνης
3587 3479 3788 3556 ἐναφι-

2133 3561 2355 3631 νίζεται.
2389 3561 2497 3618 Κᾶν
2530 3566 2818 3640 προφήτης
2864 3564 2922 3639 ᾗ,
2972 3564 3068 3620 κᾶν
3119 3566 3442 3637 ἀπόστολος,
3474 3568 3570 3623 κᾶν
3627 3570 3786 3644 ἅγιαι

2135 3648 2386 3724 δυνάμεις
2420 3653 2518 3706 ὦσι
2567 3653 2654 3706 καὶ
2707 3654 3083 3728 ὑπερκόσμιοι’
3119 3654 3439 3734 ἐκφανέντος
3486 3662 3582 3713 τοῦ
3639 3658 3786 3729 ἀλη-

2133 3741 2286 3794 θινοῦ
2343 3739 2536 3814 ὕψους,
2590 3743 2762 3797 πάντα
2825 3744 3048 3799 ταπεινά
3099 3743 3500 3820 λογισθήσεται.
3559 3747 3784 3817 Νόησόν

2137 3850 2231 3902 μοι
2291 3829 2398 3884 ἀπό
2443 3852 2590 3894 τινος
2637 3837 2744 3886 τῶν
2795 3833 2931 3888 κατά
2971 3834 3061 3889 τὸν
3107 3833 3225 3910 βίον
3263 3833 3659 3910 ὑποδείγματος
3709 3837 3782 3892 τὸ

2132 3916 2450 3993 λεγόμενον.
2486 3922 2666 3976 Ἔστω
2697 3941 2781 3983 τις
2831 3920 2995 3984 πόλις
3043 3928 3412 3998 χειροτεχνῶν
3459 3921 3668 4000 ἀνδρῶν
3717 3924 3776 3979 ἦν

2129 4013 2227 4076 τῆς
2258 4006 2336 4086 ἐφ’
2379 4007 2587 4084 ἡμέραν
2642 4012 2751 4082 (97)
2788 4009 3038 4087 ἐργασίας
3087 4010 3249 4084 μόλις
3285 4012 3352 4067 τὰ
3396 4013 3656 4089 ἀναγκαῖα
3705 4012 3781 4068 τὰ

2128 4098 2264 4170 πρὸς
2313 4097 2403 4152 τὸν
2461 4098 2576 4172 βίον
2629 4100 3028 4173 ποριζομένων·
3065 4101 3195 4155 εἶναι
3254 4099 3311 4156 δέ
3355 4123 3500 4164 τινας
3551 4101 3783 4167 ἐνταῦθα.

2126 4190 2236 4240 τῶν
2294 4188 2411 4250 καθ’
2441 4182 2752 4262 ὑπερϐολὴν
2813 4191 3057 4260 πενήτων
3121 4190 3548 4268 εὐπορωτέρους,
3603 4212 3780 4264 μακα-

2130 4276 2446 4348 ριζομένους
2484 4277 2618 4338 τέως
2652 4277 2754 4332 ὑπὸ
2799 4282 2902 4340 ςῶν
2957 4279 3352 4355 πτωχευόντων
3396 4280 3485 4334 καὶ
3536 4276 3781 4336 ἀποϐλε-

2127 4365 2420 4436 πομένους
2455 4363 2568 4420 εἶτα
2617 4363 2955 4440 έπιδημῆσαί
3009 4389 3130 4421 τινα
3185 4371 3254 4442 τῇ
3312 4367 3472 4424 πόλει
3525 4367 3778 4445 βασιλέα,

2127 4453 2343 4508 πάντων
2375 4453 2641 4528 βασιλέων
2673 4455 3107 4527 πλουσιώτατον,
3133 4456 3307 4512 πολὺν
3360 4459 3454 4531 μὲν
3506 4458 3596 4514 τὸν
3642 4477 3783 4534 χρυο

2130 4543 2219 4597 σὸν
2250 4539 2467 4619 ἔχοντα,
2500 4541 2676 4599 πολὺν
2710 4542 2767 4599 δὲ
2794 4545 2888 4600 τὸν
2922 4546 3170 4622 ἄργυρον,
3203 4545 3452 4610 πολλοὺς
3483 4545 3540 4602 δὲ
3565 4545 3778 4621 λίθους,

2130 4635 2236 4687 τῶν
2270 4632 2690 4705 πολυτιμήτων,
2721 4633 2850 4696 τοὺς
2884 4634 2979 4707 μὶν
3008 4633 3060 4688 έν
3083 4639 3162 4707 τῷ
3211 4635 3405 4710 κόσμῳ
3432 4641 3514 4708 τῷ
3559 4633 3777 4712 βασιλι-

2130 4725 2210 4793 κῷ
2240 4719 2642 4796 ἐπικειμένους,
2669 4721 2800 4785 ταὺς
2851 4720 2910 4778 δὲ
2959 4723 3035 4788 είς
3077 4719 3332 4795 ἔπίδειξιν
3382 4720 3778 4800 προϐεϐλημέ-

2128 4830 2277 4879 νους,
2311 4809 2536 4879 ἐσθῆτός
2567 4831 2619 4864 τι
2649 4807 2858 4874 κάλλος
2900 4811 2989 4867 καὶ
3036 4809 3254 4883 πλῆθος
3303 4817 3416 4888 (98)
3459 4815 3775 4891 ἀμήχανον,

2129 4895 2350 4953 οἷ’κετῶν
2383 4899 2473 4953 καὶ
2505 4895 2824 4977 δορυφόρων
2857 4898 3070 4970 πλῆθος
3131 4901 3361 4976 ἀριθμὸν
3424 4898 3777 4979 ὑπερϐαἲνον,

2128 4984 2392 5057 διαπάνην
2437 4987 2742 5061 ἀμύθητον,
2775 4988 3044 5063 καμήλων
3076 4990 3167 5046 καὶ
3210 4992 3455 5064 ἡμιόνων
3492 4991 3776 5065 ἀμύθητόν

2123 5095 2175 5130 τι
2208 5082 2404 5152 χρῆμα
2431 5077 2523 5130 τὸν
2559 5075 2798 5132 πλοῦτον
2845 5077 3354 5154 σκευαγωγούντων,
3377 5078 3580 5142 ἵππους
3636 5100 3777 5156 χρυ-

2127 5169 2204 5219 σῶ
2253 5165 2344 5220 καὶ
2393 5167 2628 5237 τάπησιν
2681 5165 2976 5243 ἁλουργοῖς
3007 5171 3613 5244 κατακεκοσμημένους,
3644 5169 3778 5232 τοὺς

2123 5360 2423 5447 ἔφημέρας.
2453 5364 3086 5447 _Aliihquatuor__rnss.,
3139 5363 3347 5444 ἀνδρῶν
3409 5367 3488 5447 ἐφ’
3537 5365 3772 5446 ἡμέραν.

2121 5437 2263 5508 Reg.
2298 5437 2546 5508 quartus
2581 5437 2681 5505 ita,
2714 5444 2781 5508 ut
2810 5437 3130 5496 edidimus.

2298 5453 2546 5508 quartus
2581 5453 2681 5505 ita,
2717 5453 2781 5494 ut
2810 5453 3130 5496 edidimus.
3659 5513 3670 5524 ο
3724 5514 3736 5526 .

2193 5510 2209 5578 (
2251 5509 2305 5579 8)
2339 5507 2510 5581 Illud,
2545 5508 2634 5562 καὶ
2668 5507 2904 5578 πλῆθος,
2937 5529 3005 5567 ex
3053 5516 3304 5581 quatuor
3349 5528 3490 5570 mss.
3537 5513 3778 5581 addidi-

2123 5578 2792 5662 mus.'l§‘li_quanto_post
2819 5600 2921 5662 sex
2949 5578 3119 5662 m‘ssg,
3154 5589 3350 5657 χρῆμα
3377 5583 3468 5638 τὸν
3490 5580 3772 5662 -πλοῦτον

2120 5668 2300 5730 gnua.
2332 5651 2737 5730 Editi,_xpﬁp_.at
2789 5655 2897 5730 τῶν
2955 5651 3206 5730 πλοῦτόν
3246 5651 3427 5714 σκευα.
3488 5657 3552 5713 Id
3614 5659 3777 5730 quod

2120 5723 2373 5782 fortasse
2401 5721 2615 5781 melius
2644 5721 2828 5782 videri
2859 5726 3095 5801 poterit.
