4130 6210
454 316 571 378 263

1391 301 1784 366 APPENDIX
1827 300 2152 366 OPERUM
2199 305 2264 364 8.
2311 302 2592 369 BASILII
2639 305 2912 372 MAGNI.

3743 303 3869 372 26a

452 449 692 522 quidem
726 445 864 500 facit
892 443 1248 514 proximum,
1283 455 1345 495 se
1377 438 1571 510 ipsum
1603 436 1962 507 verojactat.
1995 436 2080 491 E31

2213 432 2398 491 ἑαυτὸν
2452 435 2509 493 δέ
2562 440 2942 514 ἀποσεμνύνει.
2996 441 3093 496 Καὶ
3143 439 3285 496 ἔστιν
3317 442 3353 510 ἡ
3395 435 3552 514 ὕϐρις
3581 440 3866 520 ὑπερηφα-

451 539 694 608 insuper
714 533 1001 606 superbia:
1020 531 1180 603 origo
1203 525 1861 596 contumelin,superbia
1891 524 2094 580 itidem

2205 521 2322 608 νίας
2354 525 2525 602 ἀρχὴ,
2562 530 2652 584 καὶ
2682 532 2716 600 ἡ
2775 530 3111 608 ὑπερηφανία
3152 530 3315 586 κακὸν
3366 529 3588 607 ἔγγονόν
3625 530 3735 587 ἐστι
3759 539 3863 602 τῆς

453 606 645 681 malus
677 625 806 680 fons
829 625 944 692 est,
1002 624 1059 676 et
1115 619 1274 690 origo
1323 615 1643 687 superbiae;
1697 613 1973 684 superbia
2009 622 2080 669 esi

2205 606 2434 686 ὕϐρεως.
2471 618 2569 672 Διὰ
2617 622 2778 674 τοῦτο
2809 622 2842 688 ἡ
2905 606 3183 690 ἐκδίκησις
3241 619 3329 674 ἐπὶ
3381 606 3553 675 πάντα
3599 615 3861 696 ὑϐριστὴν

450 713 817 771 contumelias
852 713 1020 766 fctus.
1054 712 1418 780 Quapropter
1449 704 1704 759 vindicta
1735 701 2080 758 exercebitul

2203 700 2292 754 καὶ
2347 704 2711 781 ὑπερήφανον.
2749 709 2812 762 Δί
2872 714 3138 785 συγγενεῖς
3189 708 3292 784 γὰρ
3347 707 3607 784 ἁμαρτίαι
3668 711 3865 782 ὁμοιο-

449 805 509 861 in
541 819 776 860 omnem
805 797 1291 856 contumeliosum
1327 803 1378 850 et
1415 793 1758 864 superbum.
1794 790 2094 862 Siquidem

451 897 685 966 peccata
706 908 828 960 quae
845 889 1156 961 quamdam
1173 885 1324 940 inter
1345 900 1407 939 se
1425 881 1829 953 cognationem
1852 881 2090 950 habent,

450 983 574 1055 pari
609 981 832 1036 ratione
863 977 1210 1049 puniuntur.
1236 974 1476 1028 Inducet
1496 989 1632 1043 ergo
1653 970 1972 1025 vindictam
1996 969 2092 1025 ille

453 1071 677 1127 Domini
695 1069 819 1123 dies
833 1065 1250 1123 celeberrimus
1271 1063 1329 1118 in
1343 1078 1574 1117 omnem
1602 1059 2090 1116 contumeliosum

447 1167 504 1216 et
521 1156 980 1231 superbum.Nos
1006 1153 1329 1224 autem,qui
1351 1167 1558 1208 sumus
1582 1150 2093 1206 commiseratione

446 1248 761 1320 digni,totu
786 1245 946 1299 diein
975 1244 1046 1298 iis
1067 1240 1234 1297 malis
1265 1246 1584 1308 versantes,
1610 1256 1680 1293 ne
1705 1237 2091 1311 intelligimus

445 1339 681 1409 quidem
708 1334 905 1408 qualia
927 1334 1046 1389 sint
1066 1331 1374 1402 mala,quae
1397 1333 1535 1384 sunt
1557 1347 1588 1381 ει
1613 1327 1780 1383 nobis
1795 1328 2086 1384 admissa:

444 1427 700 1483 Mulediei
750 1426 910 1495 regni
963 1423 1057 1476 Dei
1113 1422 1495 1475 hmreditalem
1548 1433 1654 1472 non
1718 1420 1988 1489 accipient
2021 1418 2086 1474 ³⁸.

444 1516 562 1570 Nos
591 1519 784 1568 tamen
811 1509 1243 1574 maledicimus,
1271 1512 1446 1578 atque
1466 1507 1622 1561 inter
1641 1506 2088 1562 conviciandum

445 1620 562 1660 non
586 1597 1292 1658 animadvertimusverba
1308 1596 1509 1652 isthaec
1523 1612 1649 1668 qua
1668 1612 1822 1651 nunc
1839 1596 2090 1668 profero,

446 1691 593 1747 mihi
623 1706 752 1747 esse
774 1691 832 1744 in
857 1688 949 1744 die
972 1686 1202 1743 Domini
1227 1684 1577 1756 objicienda,
1605 1701 1912 1757 meamque
1934 1683 2087 1740 viam

443 1782 858 1851 interseptura,
893 1783 1064 1849 atque
1094 1775 1280 1832 instar
1310 1773 1462 1830 muri
1495 1774 1692 1830 futura
1731 1791 1880 1842 esse,
1914 1791 2086 1876 quem
2123 1812 2166 1878 Β

445 1887 616 1927 nemo
641 1869 1056 1926 transcendere
1106 1870 1314 1938 potest.
1366 1865 1508 1929 Quis
1555 1869 1824 1921 nostrum
1870 1865 2089 1938 seipse

443 1977 625 2032 supra
683 1959 921 2014 modum
981 1946 1095 2011 non
1153 1953 1368 2010 offert?
1412 1954 1540 2024 quis
1589 1955 1918 2026 proximum
1970 1971 2083 2010 non

444 2043 1204 2122 aspernatur?Contumelia
1218 2048 1413 2099 autem
1439 2048 1528 2098 est
1545 2043 1684 2115 quid
1707 2045 1897 2115 majus
1909 2059 2084 2114 quam

442 2137 871 2195 maledicentia.
888 2134 1181 2190 Haacenim
1203 2133 1484 2188 duntaxat
1502 2131 1712 2204 linguae
1731 2133 2085 2189 estderlecus

442 2234 499 2285 et
546 2228 865 2300 probrum;
917 2221 1272 2279 contumelia
1315 2237 1450 2275 vero
1500 2220 1722 2293 aliquid
1773 2221 1966 2294 reipsa
2013 2224 2084 2279 ad

439 2317 821 2391 ignominiam
846 2329 1047 2370 eorum
1072 2312 1167 2381 qui
1193 2309 1548 2366 contumelia
1566 2309 2088 2377 lacessuntur,mo-

442 2408 603 2462 litur.
629 2405 734 2473 Qui
759 2403 993 2476 quidem
1017 2401 1204 2456 elatus
1228 2403 1531 2472 cst,potcst
1548 2399 1738 2470 hodie,
1765 2401 1812 2455 si
1834 2400 1990 2466 velit,
2012 2402 2084 2456 ad

441 2495 754 2552 humilium
777 2490 1154 2562 abjectionem
1171 2491 1314 2544 441
1345 2488 1732 2554 descendere;
1760 2489 2084 2558 periculum

437 2601 572 2641 vero
606 2585 778 2638 luerit
807 2582 858 2637 ei
891 2581 990 2651 qui
1015 2595 1169 2634 nunc
1195 2576 1435 2632 humilis
1458 2582 1567 2642 est,
1601 2593 1673 2633 ne
1695 2579 1764 2632 ad
1800 2580 2084 2650 superbo-

440 2691 570 2729 rum
617 2673 929 2727 elationem
973 2669 1382 2723 transt‘eratur.
1433 2665 1738 2722 Enimvero
1787 2683 1918 2722 cum
1954 2670 2085 2740 quis

441 2779 502 2819 se
533 2762 717 2818 credit
738 2761 807 2815 ad
835 2756 1183 2814 humilitatis
1208 2756 1512 2828 pertigisse
1535 2754 1776 2825 apicem,
1808 2755 1862 2810 id
1889 2757 2083 2829 ipsum

2200 791 2420 864 τρόπως
2469 793 2818 866 κολάζονται.
2877 800 3092 871 Ἐπάξει
3123 796 3212 852 οὖν
3269 800 3303 866 ἡ
3346 793 3636 868 διαϐόητος
3680 800 3865 874 ἡμέρα

2199 879 2295 932 τοῦ
2347 882 2542 957 Κυρίου
2589 885 2689 954 τὴν
2741 883 3015 956 έκδίκησιν
3085 884 3174 940 ἐπὶ
3229 887 3403 940 πάντα
3456 881 3714 961 ὑϐριστὴν
3770 887 3861 941 καὶ

2205 967 2566 1048 ὑπερήφανον.
2599 975 2788 1048 Ἡμεῖς
2841 973 2898 1030 δὲ
2929 977 2980 1029 οἱ
3041 975 3290 1047 έλεεινοί,
3347 980 3518 1030 πᾶσαν
3564 977 3776 1049 ἡμέραν
3809 975 3864 1030 έν

2198 1059 2315 1119 τοῖς
2345 1067 2531 1123 κακοῖς
2561 1062 2776 1125 τούτοις
2828 1065 3208 1141 στρεφόμενοι,
3257 1062 3382 1120 οὐδὲ
3412 1065 3660 1137 συνίεμεν
3694 1065 3861 1121 ὁποῖα

2198 1147 2336 1201 κακά
2410 1151 2808 1226 ἁμαρτάνομεν·
2885 1151 3142 1230 Λοίδοροι
3234 1152 3511 1229 βασιλείαν
3591 1159 3726 1208 Θεοῦ
3792 1156 3857 1210 οὗ

2199 1233 2736 1312 κληρονομήσουσιν.
2790 1241 2895 1297 Καὶ
2944 1245 3107 1315 ἡμεῖς
3159 1240 3545 1319 λοιδοροῦμεν,
3601 1242 3654 1298 έν
3712 1242 3860 1314 αὑτῷ

2186 1319 2276 1396 ’τῷ
2310 1325 2581 1404 λοιδορεῖν
2636 1331 2712 1399 μή
2767 1331 3057 1403 συνιέντες,
3090 1331 3171 1386 ὅτι
3230 1336 3396 1386 ταῦτα
3448 1331 3481 1385 ἃ
3534 1336 3621 1387 νῦν
3658 1331 3857 1410 ἀφίημι

2203 1412 2419 1488 ῥήματα
2468 1416 2520 1472 έν
2567 1423 2636 1492 τῇ
2695 1419 2878 1496 ἡμέρᾳ
2905 1426 3001 1475 τοῦ
3057 1422 3254 1496 Κυρίου
3308 1421 3682 1492 ἀντιστήσεταί
3736 1442 3856 1494 μοι,

2199 1502 2288 1556 καὶ
2321 1501 2565 1580 διακόψει
2601 1530 2705 1581 μου
2734 1509 2834 1577 τήν
2891 1509 3039 1577 ὁδὸν,
3069 1510 3159 1566 καὶ
3219 1511 3400 1586 ὥσπερ
3445 1510 3653 1586 τειχίον
3687 1513 3858 1587 γενή-

2200 1610 2343 1645 σεται
2397 1589 2766 1670 ὑπερϐαθῆναι
2802 1598 2876 1669 μὴ
2939 1595 3254 1671 δυνάμενον.
3313 1599 3404 1660 Τίς
3460 1601 3621 1672 ἡμῶν
3665 1599 3858 1655 ἑαυτὸν

2200 1678 2310 1756 οὑχ
2337 1681 2612 1760 ὑπεραίρει
2643 1687 2719 1759 (9)
2751 1704 2764 1755 ;
2817 1685 2900 1749 τίς
2929 1689 3020 1742 τὸν
3051 1686 3288 1758 πλησίον
3348 1687 3409 1742 οὑ
3461 1687 3704 1743 διαπτὺει
3734 1707 3747 1758 ;
3789 1689 3856 1747 Ἦ

2200 1765 2257 1822 δὲ
2288 1764 2442 1844 ὕϐρις
2500 1772 2666 1829 πλέον
2725 1775 2777 1829 τί
2839 1775 2947 1831 ἐστι
3005 1780 3106 1842 τῆς
3162 1775 3462 1854 λοιδορίας.
3511 1779 3576 1835 Ἡ
3629 1778 3723 1852 μὶν
3749 1777 3856 1855 γὰρ

2195 1856 2454 1931 γλώσσης
2484 1860 2593 1915 ἐστὶ
2629 1862 2792 1935 μόνον
2844 1865 3054 1938 ἀτιμία·
3115 1868 3150 1936 ἡ
3185 1863 3243 1921 δὲ
3291 1861 3446 1940 ὕϐρις
3493 1866 3582 1922 καὶ
3625 1869 3725 1935 τὴν
3764 1864 3858 1922 διὰ

2193 1950 2300 2002 τῶν
2345 1943 2518 2025 ἔργων
2579 1950 2662 2005 ἐπ’
2717 1953 2952 2029 αἰσχύνη
3009 1958 3117 2008 τῶν
3177 1949 3549 2031 ὑϐριζομένων
3604 1955 3853 2012 ἐπίνοιαν

2195 2032 2331 2110 ἔχει.
2361 2039 2588 2094 Δυνατὸν
2629 2042 2815 2114 μέντοι
2864 2044 3102 2118 σήμερον
3163 2043 3478 2119 βουληθέντι
3523 2049 3603 2116 τῷ
3647 2043 3854 2118 ὑψηλῷ

2193 2125 2470 2190 κατελθεῖν
2522 2128 2598 2190 εἷς
2643 2131 2744 2200 τὴν
2787 2135 2896 2186 τῶν
2929 2137 3198 2187 ταπεινῶν
3243 2133 3587 2188 ταπείνωσιν
3620 2133 3710 2188 καὶ
3768 2138 3854 2206 τῷ

2194 2218 2285 2267 νῦν
2321 2215 2502 2286 μέντοι
2558 2223 2796 2290 ταπεινῷ
2848 2217 3098 2283 κίνδυνος
3156 2221 3610 2295 ἀντιμεταστῆναι
3659 2223 3734 2283 εἷς
3782 2224 3853 2278 τὸ

2191 2307 2300 2357 τῶν
2335 2303 2689 2384 ὑπερηφάνων
2719 2307 2939 2382 ὕψωμα.
2993 2310 3137 2366 Αὐτὸ
3165 2311 3267 2386 γὰρ
3313 2312 3376 2366 τὸ
3423 2308 3718 2367 ὑπολαϐεῖν
3750 2333 3857 2368 πε-

2196 2391 2247 2466 ρὶ
2279 2390 2468 2447 ἑαυτοῦ
2499 2393 2576 2456 είς
2622 2396 2685 2450 τὸ
2726 2394 2887 2470 ἄκρον
2944 2405 3044 2468 τῆς
3091 2400 3465 2462 ταπεινώσεως
3498 2399 3854 2473 έληλυθέναι,

2199 2481 2493 2553 ὑψώματός
2552 2483 2692 2538 ἔστιν
2747 2485 2970 2563 ἀφορμή
3047 2488 3136 2542 καὶ
3207 2489 3272 2542 τὸ
3344 2493 3442 2543 τοῦ
3501 2487 3711 2567 σφόδρα
3759 2487 3858 2546 δο-

2193 2573 2412 2632 κοῦντος
2457 2569 2509 2625 ἐν
2569 2573 2857 2648 ἁμαρτίαις
2913 2575 3046 2630 εἶναι
3089 2579 3510 2653 κατεπαρθῆναι,
3567 2579 3855 2656 ὑπερηφα-

2192 2657 2278 2711 νία
2329 2655 2501 2729 δεινή,
2554 2662 2615 2730 ἣν
2675 2657 2864 2719 ἔπαθεν
2927 2666 2955 2719 6
3036 2671 3334 2740 Φαρισαῖος
3409 2667 3545 2722 κατὰ
3598 2669 3694 2722 τοῦ
3751 2689 3854 2724 τε-

2195 2743 2396 2803 λωνου.

436 2851 572 2908 elati
603 2849 784 2906 animi
816 2851 1232 2920 argumentum
1283 2848 1393 2914 est,
1427 2849 1484 2900 et
1534 2850 1738 2916 prater
1785 2847 2025 2904 modum
2059 2851 2246 2907 etl'erri
2305 2856 2586 2914 adversus
2613 2875 2749 2916 eum
2810 2861 2907 2933 qui
2942 2863 3000 2918 in
3029 2864 3281 2934 peccatis
3337 2864 3552 2920 versari
3588 2865 3850 2938 videtur,

439 2943 632 3013 gravis
663 2945 755 2994 est
785 2937 1081 3010 superbia,
1114 2951 1290 3006 quam
1326 2951 1538 3005 passus
1571 2934 1678 2989 fuit
1735 2935 2396 3009 adversuspublicanum
2434 2946 2781 3003 Pharisaaus.

509 3031 598 3083 89.
631 3029 695 3083 Et
720 3042 883 3098 super
927 3040 1144 3079 omnem
1168 3023 1446 3078 excelsum
1483 3025 1537 3076 et
1583 3023 1893 3077 sublimem.
1933 3025 2079 3082 Vitio

439 3117 628 3174 eidem
658 3115 920 3171 excelsus
951 3113 1237 3168 obnoxius
1256 3115 1346 3166 est
1367 3117 1542 3182 atque
1573 3111 1868 3182 sublimis,
1893 3117 1958 3167 ut
1979 3116 2075 3184 qui

439 3207 647 3260 affectu
708 3203 1180 3258 tantummodoa
1247 3198 1670 3254 contumelioso
1729 3205 1786 3254 et
1827 3203 2078 3272 superbo

436 3293 685 3348 differat.
721 3292 824 3345 Hic
855 3306 1109 3360 namque
1138 3289 1446 3343 adversum
1492 3293 1730 3343 caateros
1772 3295 2077 3346 contume-

434 3381 576 3436 liam
609 3379 1063 3450 superbiamque
1093 3376 1334 3430 adhibet
1365 3392 1378 3440 ;
1414 3375 1509 3430 ille
1552 3393 1705 3444 vero,
1737 3377 1908 3432 etiam
1942 3396 2076 3434 cum

431 3471 594 3526 solus
623 3473 730 3536 est,
767 3467 896 3537 plus
926 3482 1090 3536 aequo
1123 3481 1184 3520 se
1216 3465 1411 3535 ipsum
1435 3465 1618 3527 effert,
1651 3464 1948 3536 animique
1979 3485 2075 3523 va-

430 3540 618 3614 nitate
642 3573 704 3612 se
725 3555 1002 3620 sustollit,
1028 3571 1094 3608 ac
1116 3554 1302 3625 erigit.
1332 3558 1519 3624 Atque
1541 3559 1604 3608 ut
1624 3553 1919 3626 intelligas
1941 3557 2076 3629 quis

430 3647 508 3702 sit
539 3663 778 3718 prorsus
810 3643 1106 3713 sublimis,
1139 3643 1223 3696 tui
1259 3642 1446 3712 ipsius
1469 3641 1862 3712 reminiscere,
1883 3645 2075 3715 qualis

427 3736 486 3790 in
503 3735 832 3806 juventutis
851 3738 961 3787 tua}
985 3732 1240 3787 vanitate
1264 3731 1442 3786 lueris
1468 3749 1480 3786 :
1503 3732 1549 3786 si
1571 3733 1806 3803 quando
1821 3750 2073 3805 usquam

430 3826 569 3880 dum
605 3823 766 3880 solus
815 3822 921 3877 tibi
969 3836 1223 3887 vacares,
1276 3820 1403 3874 vita:
1445 3821 1733 3876 rationem
1783 3838 1846 3876 ac
1878 3824 2076 3881 studia

425 3912 727 3969 attendisti
756 3930 768 3979 ;
795 3927 972 3983 quam
998 3910 1165 3966 facile
1187 3909 1399 3965 mentis
1424 3911 1772 3981 cogitatione
1799 3927 1830 3964 a
1854 3911 2073 3983 princi-

424 4007 562 4075 patu
595 4002 653 4057 in
690 4001 1108 4074 principatum,
1161 4015 1194 4054 a
1237 3999 1542 4054 dominatu
1597 3999 1654 4053 in
1703 4000 2072 4056 dominatum

421 4108 821 4157 concurreres,
846 4105 1218 4161 comparares
1240 4088 1494 4154 divitias,
1527 4088 1731 4142 domos
1750 4095 2071 4162 extrueres,

422 4197 734 4252 seponeres
771 4197 977 4234 aurum
1020 4183 1078 4234 et
1121 4181 1453 4248 argentum,
1487 4175 1701 4246 praedia
1745 4176 2070 4248 colligeres,

422 4287 490 4325 ex
521 4269 737 4339 quibus
768 4267 1020 4339 singulis
1053 4265 1224 4320 annis
1254 4269 1338 4320 tot
1369 4269 1647 4334 tantaque
1679 4265 1785 4318 tibi
1817 4265 2072 4322 redirent

420 4356 661 4423 talenta,
694 4355 940 4410 haberes
990 4353 1240 4408 famulos
1289 4353 1646 4417 innumeros,
1693 4357 1846 4408 artes
1877 4355 2071 4411 omnis

421 4443 676 4516 generis,
691 4447 1006 4513 proventus
1028 4459 1095 4497 ex
1109 4441 1201 4496 his
1213 4444 1598 4512 emergentes,
1615 4450 1876 4497 armenta
1896 4459 2072 4515 equo-

2260 3032 2349 3087 89.
2407 3033 2509 3086 Καὶ
2565 3031 2652 3088 ἐπὶ
2703 3032 2876 3090 πάντα
2933 3036 3144 3110 ὑψηλὸν
3201 3039 3288 3093 καὶ
3361 3041 3655 3114 μετέωρον.
3716 3044 3844 3112 Τῆς

2189 3115 2359 3186 αὑτῆς
2385 3120 2572 3183 κακίας
2632 3121 2741 3176 ἐστί
2773 3124 2862 3178 καὶ
2909 3126 2937 3179 ὁ
2997 3125 3206 3199 ὑψηλὸς
3238 3127 3327 3181 καὶ
3386 3128 3686 3205 μετάωρος,
3721 3127 3848 3185 δια-

2191 3207 2364 3283 φέρων
2395 3209 2532 3284 πρὸς
2585 3210 2679 3265 τὸν
2716 3207 2972 3288 ὑϐριστὴν
3028 3218 3115 3268 καί
3172 3216 3511 3293 ὑπερήφανον
3551 3221 3619 3290 τῇ
3654 3219 3847 3293 σχέσει

2192 3294 2378 3366 μόνον.
2438 3298 2500 3353 Ὁ
2561 3299 2655 3372 μὲν
2707 3302 2807 3376 γὰρ
2861 3304 2982 3366 καθ’
3037 3303 3232 3380 ἑτέρων
3299 3309 3368 3379 τῇ
3418 3301 3568 3381 ὕϐρει
3616 3308 3704 3362 καὶ
3765 3313 3845 3382 τῇ

2189 3381 2526 3462 ὑπερηφανίᾳ
2567 3388 2855 3463 κέχρηται·
2917 3392 2945 3445 6
3005 3389 3082 3459 δὲ,
3126 3393 3214 3447 καὶ
3270 3393 3436 3466 μόνος
3491 3393 3589 3466 ὢν,
3648 3381 3844 3453 ἑαυτὸν

2190 3472 2487 3547 ὑπεραίρει,
2519 3475 2608 3530 καὶ
2656 3480 2971 3552 μετεωρίζει
3027 3484 3096 3554 τῇ
3155 3477 3476 3554 ματαιότητι
3532 3489 3630 3538 τοῦ
3685 3486 3844 3556 νοὸς⁹

2183 3560 2272 3614 καὶ
2299 3561 2513 3636 ἀνυψοῖ.
2546 3566 2645 3621 Καὶ
2671 3564 2764 3620 ’ίνα
2799 3589 2890 3640 μοι
2950 3571 3149 3644 νοήσῃς
3203 3571 3294 3626 τὸν
3345 3568 3582 3646 ἀκριϐῶς
3636 3574 3844 3646 μετέω-

2185 3669 2300 3725 ρον,
2327 3651 2635 3726 ἀνάμνησον
2695 3658 2914 3712 σεαυτὸν
2950 3657 3001 3713 ἐν
3033 3663 3102 3733 τῇ
3151 3660 3470 3733 ματαιότητι
3515 3665 3614 3727 τῆς
3647 3662 3840 3735 νεότηα

2179 3737 2295 3806 τός,
2329 3761 2444 3812 σου,
2503 3742 2551 3796 εἷ’
2579 3765 2711 3798 ποτε
2767 3747 2902 3799 κατὰ
2955 3749 3148 3803 σαυτὸν
3197 3750 3486 3824 γενόμενος
3527 3746 3716 3813 ἔλαϐες
3749 3750 3838 3806 ἔν-

2181 3848 2331 3882 νοιαν
2381 3834 2478 3884 τοῦ
2532 3831 2674 3907 βίου,
2706 3834 2796 3888 καὶ
2853 3840 2960 3890 τῶν
3017 3835 3488 3911 ἐπιτηδευμάτων·
3521 3844 3636 3902 πῶς
3686 3840 3851 3896 εὐκόσ-

2183 3914 2295 3979 λως
2325 3919 2460 3974 κατᾶ
2510 3922 2609 3990 τὴν
2659 3924 2949 3998 φαντασίαν
2978 3930 3075 3980 τοῦ
3123 3931 3219 3981 νοῦ
3249 3924 3550 4002 ἐπέδραμες
3579 3928 3753 4004 ἀρχὰς
3794 3929 3851 4000 ἒξ

2183 4006 2388 4081 ἀρχῶν,
2441 4005 2748 4074 δυναστείας
2794 4011 2854 4067 ix
2903 4010 3248 4086 δυναστειῶν,
3298 4015 3536 4072 πλοῦτον
3594 4013 3851 4093 περιεϐά-

2182 4092 2305 4163 λοο,
2349 4095 2522 4159 οἰκίας
2580 4097 2967 4174 ᾠκοδόμησας,
3030 4105 3233 4178 χρυσὸν
3290 4106 3376 4160 καὶ
3435 4092 3673 4180 ἄργυρον
3727 4109 3851 4182 (40)

2182 4182 2403 4252 ἀπέθου,
2450 4189 2667 4258 κτήσεις
2714 4193 3028 4267 συν-ἤγαγες,
3083 4192 3216 4247 τόσα
3267 4193 3356 4248 καὶ
3413 4195 3549 4249 τόσα
3601 4193 3850 4251 τάλαντα

2177 4274 2293 4326 κατ’
2351 4270 2470 4338 ἔτος
2525 4280 3021 4352 προσκομιζούσας,
3083 4281 3293 4346 οἰκέτας
3367 4279 3524 4358 ἔσχες
3587 4285 3848 4360 μυρίους,

2175 4360 2375 4435 τέχνας
2406 4363 2775 4438 παντοδαπὰς,
2803 4369 2900 4432 τὰς
2930 4368 2988 4424 ἐκ
3025 4368 3232 4424 τούτων
3278 4370 3604 4445 προσόδους,
3637 4371 3853 4448 ἀγέλας

2172 4445 2382 4524 ἵππων,
2415 4451 2645 4526 ποίμνια
2673 4461 2769 4509 καῖ
2829 4457 3114 4532 βουκόλια,
3146 4459 3213 4514 τὰ
3270 4459 3329 4514 lx
3381 4459 3590 4515 τούτων
3615 4445 3850 4537 χρνήμα-

419 4549 576 4602 rum,
607 4531 814 4587 ovillos
843 4547 1048 4603 greges
1079 4532 1376 4601 boumque
1407 4536 1694 4595 armenta,
1720 4547 1858 4602 opes
1887 4548 1955 4586 ex
1977 4532 2067 4588 his

2192 4559 2260 4608 εα,
2290 4545 2522 4614 γυναῖκα
2576 4543 2666 4597 καὶ
2717 4543 2936 4612 παῖδας,
2994 4547 3325 4603 καὶτούτων
3384 4549 3452 4604 τὰ
3481 4547 3670 4626 ἔκγονα
3700 4555 3846 4625 (11),

421 4621 848 4694 provenientes,
883 4637 1142 4688 uxorem,
1174 4618 1413 4682 liberos,
1436 4635 1502 4673 ac
1533 4635 1731 4674 eorum
1768 4620 2027 4677 sobolem
2055 4641 2068 4692 ;

2192 4627 2375 4704 φίλους
2407 4628 2777 4706 εὐεργέτησας,
2833 4632 3064 4710 ἐχθροὺς
3117 4637 3335 4708 ἠμὺνω,
3381 4618 3564 4714 ἦρξαξ.
3594 4618 3844 4712 πόλέωθξ

420 4712 683 4767 afﬁceres
705 4709 922 4765 amicos
941 4708 1238 4766 beneficiis
1261 4724 1273 4763 :
1298 4713 1352 4762 te
1367 4709 1436 4763 de
1456 4708 1709 4763 inimicis
1729 4709 2071 4782 vindicares,

2192 4715 2295 4770 εἶτα
2345 4717 2532 4790 ἐθνῶν,
2587 4720 2650 4774 τὸ
2705 4708 3015 4779 τελευταῖον
3082 4725 3174 4780 καὶ
3233 4708 3606 4790 ἐϐασίλευσας.
3669 4708 3848 4804 Ὀρᾷς

419 4802 815 4873 principatum
867 4799 1162 4854 obtineres
1209 4797 1532 4866 civitatum,
1582 4799 1793 4854 deinde
1839 4804 1896 4854 et
1925 4816 2071 4872 gen-

2192 4809 2297 4868 πῶς
2330 4805 2433 4860 ὑπὸ
2463 4808 2802 4883 κουφότητος
2850 4813 2878 4866 6
2907 4817 3155 4875 τοιοῦτος
3199 4819 3323 4877 νοῦς
3357 4816 3568 4889 ὑψηλός
3601 4817 3711 4872 ἐστι

420 4891 567 4945 tium
593 4909 606 4958 ;
633 4907 699 4945 ac
719 4890 956 4944 tandem
981 4903 1224 4959 regnum
1249 4885 1769 4958 occupares.Vides
1792 4889 2069 4960 quemad-

2192 4891 2491 4968 astéwpoc;
2524 4895 2785 4971 Οὑδαμοῦ
2834 4898 3167 4978 ἐστήρικται,
3201 4901 3327 4958 ἀλλ’
3379 4885 3511 4981 ὑπὲρ
3542 4907 3608 4960 τὰ
3637 4903 3844 4962 ἀδύνα-

421 4979 662 5034 modum
695 4978 984 5048 ejusmodi
1005 4976 1241 5031 animus
1264 4993 1378 5047 prae
1404 4974 1632 5030 levitate
1650 4992 1755 5030 sua
1779 4977 1968 5032 elatus
1991 4979 2070 5034 sit

2192 5001 2263 5048 τα,
2290 4979 2422 5059 ὑπὶρ
2451 4984 2552 5052 τὴν
2583 4985 2740 5062 φύσιν
2795 4990 3031 5065 φέρεται.
3081 4990 3416 5048 Ἀπειλεῖται
3471 4995 3556 5050 εὗν
3595 4997 3683 5049 καὶ
3717 5003 3842 5062 τοῖς

417 5073 474 5124 et
503 5067 774 5124 sublimis
800 5066 821 5122 ?
848 5066 1154 5137 Nusquam
1186 5064 1469 5131 constitit,
1503 5065 1602 5119 sed
1636 5064 1790 5119 ultra
1819 5065 1876 5120 id
1908 5068 2064 5137 quod

489 5265 537 5300 ⁴³
569 5264 589 5321 Ι
620 5263 749 5321 Cor.
779 5279 858 5333 vx,
896 5263 980 5322 10.

488 5461 572 5536 (9)
599 5459 748 5518 Editi
779 5465 834 5517 et
862 5459 978 5536 duo
1003 5475 1171 5526 mss.,
1195 5454 1468 5531 ὑπερέχει.
1501 5457 1602 5512 Alii
1627 5462 1878 5529 quatuor
1901 5477 2064 5529 mss.,

423 5533 733 5607 ὑπεραιρει,Δ
755 5533 993 5607 rectius.

490 5598 786 5684 (lOfEditi
816 5608 873 5660 et
901 5603 1040 5676 Reg.
1091 5601 1315 5675 primus
1365 5598 1642 5675 ἀργύριον.
1688 5602 1798 5659 Sed
1839 5603 1899 5658 in
1932 5602 2066 5661 aliis

2179 5071 2474 5147 μετεώροις
2523 5074 2590 5127 τὰ
2666 5070 2870 5152 φοϐερᾶ
2922 5084 3023 5148 τῆς
3104 5079 3334 5156 ἡμέρας.
3409 5084 3683 5155 Ἅμαὲτία
3730 5087 3841 5163 γάρ

2178 5463 2439 5543 quinque
2470 5482 2614 5543 mss.
2647 5464 2882 5543 ἄργυρον
2915 5470 3145 5543 legitur.

2249 5533 2358 5608 (11)
2390 5538 2495 5593 Pro
2527 5533 3152 5615 é’x-{ov'a'aliquotvmsm
3185 5544 3422 5612 habent,
3454 5540 3675 5621 ἔγγονα.
