4130 6210
238 335 360 398 865

1075 338 1490 402 COMMENT.
1528 341 1612 401 IN
1659 341 1927 404 ISAIAM
1972 343 2480 406 PROPHETAM.
2526 345 2701 409 CAP.
2747 348 2852 413 ΙΙ..

3540 355 3662 417 266

242 465 381 537 ἐστὶ,
442 466 630 545 φησὶν,
691 468 720 522 6
781 469 1178 544 μετεωρισμός.
1245 471 1447 559 ’Ἄκουε
1502 471 1606 547 γὰρ
1660 475 1758 526 τοῦ
1788 473 1892 546 (42]

2020 475 2142 530 fieri
2171 476 2542 548 potest,ultra
2574 480 3203 538 natumconditionem
3236 483 3438 540 fertur.
3459 487 3664 559 Itaque

238 556 446 631 Κυρίου
478 555 755 632 λέγοντος·
815 556 921 613 Καὶ
983 558 1059 630 μή
1120 557 1528 634 μετεωρίζεσθε.
1579 560 1679 615 Καὶ
1728 561 1755 616 6
1804 581 1905 634 μα-

233 646 432 722 κάριος
464 640 633 700 Δαὸὶδ
665 645 718 700 ἐν
750 651 868 710 τοῖς
893 648 1280 722 κατορθώμασι
1314 649 1538 722 ἀριθμεῖ
1564 650 1627 704 τὸ
1661 651 1736 722 μὴ
1774 671 1905 722 μετ-

2020 581 2147 636 quae
2171 571 2309 621 sunt
2326 567 2383 622 in
2397 567 2490 622 die
2511 567 3664 639 illaformidanda,sublimibusintermi-

2017 657 2814 728 natur.Nam,inquit,elatio,
2851 665 3155 731 peccatum
3187 666 3297 717 est.
3330 663 3480 718 Audi
3511 663 3666 720 enim

237 737 592 810 εωρισθῆναι,
646 732 789 808 μηδὶ
845 736 1150 809 ὑψωθῆναι.
1198 736 1360 813 Κύριε
1389 739 1516 814 γὰρ,
1559 738 1744 815 φησὶν,
1799 737 1892 813 οὐχ

2015 743 2328 800 Dominum
2363 745 2648 802 dicentem
2679 764 2690 803 :
2724 749 2790 802 Et
2839 751 3014 805 nolite
3062 752 3126 805 in
3155 751 3390 807 sublime
3445 754 3570 809 tolli
3597 755 3666 810 ³⁷.

242 825 440 897 ὑψώθη
523 827 559 894 ἡ
627 822 824 901 καρδία
895 846 1034 899 μου,
1110 823 1234 881 οὐδὲ
1311 825 1776 902 ἰμετεωρίσθησαν
1851 829 1904 882 οἱ

237 913 525 991 ὀφθαλμυί
585 935 712 988 μου.
769 917 919 972 Ἔστι
973 914 1154 988 μέντοι
1195 915 1285 971 καὶ
1335 915 1626 979 ἐπαινετῶς
1680 918 1902 991 ὑψωθῆ-

233 1024 348 1075 ναι,
401 1003 527 1059 ὅταν
580 1005 657 1076 μὴ
713 1005 1091 1081 μικροπρεπὴς
1142 1008 1228 1076 ᾗς,
1283 1003 1424 1079 μηδὲ
1476 1007 1701 1061 ταπεινὰ
1758 1026 1904 1082 μερι-

239 1098 418 1166 μνῶν,
462 1091 612 1148 ἀλλά
660 1091 1081 1170 διεγηγερμένος
1107 1095 1171 1150 τὸ
1220 1094 1512 1170 φρόνημα,·
1545 1095 1634 1150 καὶ
1663 1099 1744 1170 τῷ
1775 1096 1899 1150 ἀνα-

231 1184 478 1256 στήματι
526 1189 626 1252 τῆς
676 1181 876 1259 ἀρετῆς
929 1184 1032 1238 ὑπὸ
1085 1181 1502 1259 μεγαλοψυχίας
1533 1183 1624 1239 καὶ
1661 1183 1897 1260 μεγαλο-

229 1272 389 1334 νοίας
437 1273 878 1347 κεκοσμημένος.
925 1275 1003 1330 Τὸ
1050 1277 1297 1329 τοιοῦτον
1339 1271 1475 1347 ὕψος
1527 1276 1626 1343 τῆς
1671 1274 1900 1350 γνώμης

231 1358 556 1430 ἀποδεκτὸν,
623 1362 686 1416 τὸ
750 1361 1118 1418 ἀταπείνωτον
1185 1361 1238 1417 ἐν
1313 1361 1552 1436 θλίψεσι,
1608 1364 1670 1417 τὸ
1729 1363 1897 1439 ὑπερ-

2014 833 2084 887 Et
2113 833 2317 888 beatus
2349 834 2526 889 David
2551 835 2704 891 inter
2731 836 3066 903 virtutes,et
3094 839 3370 911 praeclara
3404 841 3667 898 facinora

2013 928 2337 989 enumerat,
2369 923 2418 978 si
2448 924 2578 994 quis
2601 942 2662 980 se
2693 925 2750 980 in
2786 927 3038 982 sublime
3071 945 3186 983 non
3211 929 3421 984 evehat
3471 947 3663 1003 neque

2012 1012 2380 1067 sustollatur.
2415 1016 2648 1068 Domine
2676 1014 2855 1083 enim,
2877 1016 3213 1087 inquit,non
3242 1027 3325 1074 est
3354 1019 3662 1076 exaltatum

2008 1115 2102 1154 cor
2130 1117 2510 1174 meum,neque
2539 1104 2674 1158 elati
2701 1113 2829 1158 sunt
2860 1104 3012 1160 oculi
3038 1106 3163 1160 mei.
3198 1105 3242 1140 ³⁸
3272 1111 3444 1163 Potes
3464 1112 3656 1165 tamen

2009 1188 2384 1245 laudabiliter
2409 1190 2824 1259 exaltari,cum
2857 1194 3123 1248 animum
3157 1211 3271 1249 non
3305 1196 3659 1268 despondes,

2008 1294 2196 1348 neque
2227 1279 2362 1333 vilia
2389 1284 2490 1334 aut
2519 1281 2744 1351 abjecta
2775 1283 3075 1347 curas,sed
3109 1290 3443 1356 experrecto
3461 1286 3658 1342 animo

2006 1371 2062 1420 et
2100 1365 2298 1432 alacri,
2331 1373 2502 1439 atque
2533 1369 2765 1424 virtutis
2797 1370 3157 1426 sublimitate
3216 1388 3318 1444 per
3347 1374 3529 1429 animi
3554 1391 3658 1430 ex-

226 1457 470 1529 φρονοῦν
523 1456 633 1508 τῶν
683 1451 772 1507 ἐπὶ
809 1459 933 1528 γῆς.
963 1455 1230 1515 Τοιοῦτος
1262 1454 1290 1508 6
1318 1455 1382 1508 τὸ
1408 1453 1718 1528 πολίτευμα
1749 1450 1892 1529 ἔχων

2006 1455 2326 1512 celsitatem
2347 1473 2411 1511 ac
2427 1457 2896 1528 magnitudinem
2929 1465 3172 1516 ornatus
3198 1461 3448 1517 es.Talia
3468 1463 3656 1520 animi

230 1541 287 1596 ἒν
319 1541 598 1616 οὐρανοῖς,
650 1543 679 1596 6
725 1542 827 1610 τὴν
858 1539 1080 1617 καρδίαν
1111 1541 1456 1616 ἐπτοημένην
1493 1539 1636 1618 ἔχων
1667 1541 1743 1607 εἲς
1765 1542 1892 1605 τοὺς

2006 1544 2178 1600 elatio
2210 1547 2734 1617 commendatur,si
2769 1547 3003 1603 animus
3029 1547 3086 1602 in
3108 1549 3655 1608 afﬂictionibusnon

226 1629 345 1686 ἐκεῖ
396 1629 722 1706 θησαυρούς.
772 1632 880 1686 Καὶ
933 1627 1082 1687 ἔοικε
1134 1636 1298 1687 τοῦτο
1358 1633 1420 1687 τὸ
1476 1631 1610 1706 ὕψος
1645 1639 1746 1701 τῆς
1776 1629 1892 1687 δια-

2006 1634 2357 1703 abjicitur,si
2390 1640 2620 1690 terrena
2651 1641 3130 1694 contemnuntur.
3151 1639 3310 1694 Talis
3341 1644 3450 1706 est,
3484 1642 3656 1714 cujus

225 1720 406 1788 νοίας,
466 1720 607 1796 πρὸς
662 1721 762 1790 τήν
824 1719 886 1775 lx
936 1724 1033 1776 τοῦ
1089 1719 1261 1798 τύφου
1319 1719 1564 1796 ἔπαρσιν,
1595 1721 1694 1790 τὴν
1724 1720 1890 1790 αὐτὴν

2006 1727 2090 1779 est
2120 1723 2485 1779 conversatio
2517 1724 2576 1778 in
2609 1724 2791 1796 caelis,
2826 1727 2994 1798 cujus
3048 1742 3148 1782 cor
3203 1727 3500 1783 thesauris
3535 1728 3656 1785 illic

227 1807 383 1884 ἰχειν
433 1805 697 1885 διαφορὰν
726 1810 864 1884 (43),
923 1809 990 1878 ἧν
1023 1807 1259 1879 ἀληθινή
1319 1809 1495 1880 εὐεξία
1545 1810 1683 1884 πρὸς
1705 1811 1804 1878 τήν
1838 1809 1889 1881 ἐξ

2006 1813 2314 1868 reconditis
2345 1812 2556 1868 inhiat.
2581 1813 2758 1870 Porro
2792 1815 2948 1870 idem
2985 1815 3520 1873 videturinteresse
3539 1817 3658 1874 dis-

231 1895 430 1972 ὑδὲρου
482 1898 776 1974 γινομένην
843 1905 944 1968 τῆς
993 1899 1188 1975 σαρκὸς
1244 1897 1618 1955 ἐπανάστασιν.
1670 1899 1886 1974 Ὠγκω-

223 2009 320 2044 ται
387 1989 478 2062 μὶν
549 1989 658 2064 γὰρ
733 1989 796 2044 τὸ
874 1993 1052 2063 σῶμα,
1129 1988 1258 2044 ἀλλ’
1326 1989 1564 2046 ὕπουλόν
1625 1987 1736 2046 ἐστι
1795 1991 1886 2044 καὶ

222 2082 402 2135 νοσεῖ.

1996 1903 2213 1957 crimen
2263 1900 2415 1957 inter
2430 1901 2580 1958 hanc
2609 1903 2790 1958 animi
2823 1903 3234 1960 celsitudinem
3259 1909 3317 1961 et
3345 1905 3654 1978 superbiae.

1997 1989 2332 2060 elationem,
2365 1992 2520 2062 quod
2549 1991 2701 2047 inter
2716 1993 2984 2063 corporis
3004 1992 3419 2050 habitudinem
3441 2011 3508 2050 ac
3528 2011 3658 2052 car-

1998 2077 2090 2133 nis
2107 2082 2397 2133 tumorem
2414 2094 2483 2133 ex
2501 2095 2658 2150 aqua
2677 2079 2968 2136 intercute
2983 2097 3088 2154 pro
3109 2081 3327 2138 fectum
3346 2083 3659 2139 intercedit

226 2167 582 2225 Intumescit
611 2168 850 2240 quidem
877 2185 942 2224 ac
973 2172 1168 2240 turget
1198 2185 1435 2240 corpus,
1463 2168 1566 2225 sed
1593 2169 1796 2224 subter
1825 2183 2044 2242 aegrum
2084 2171 2175 2222 est
2201 2171 2259 2222 et
2289 2169 2653 2223 morbosum.

295 2258 386 2313 90.
464 2255 563 2309 Καὶ
634 2253 721 2309 ἰπὶ
800 2259 973 2310 πᾶσαν
1035 2252 1228 2329 κίδρον
1302 2259 1398 2310 τοῦ
1471 2251 1710 2310 Λιϐάνου
1773 2259 1880 2310 τῶν

225 2342 459 2417 ὑψηλῶν
510 2344 602 2398 καὶ
669 2343 976 2420 μετεώρων.
1036 2344 1173 2399 Ηοία
1229 2343 1408 2410 κακία,
1469 2345 1750 2421 φησὶ,τῆς
1802 2344 1885 2398 κὲ-

229 2432 382 2510 δρου,
417 2434 503 2487 ὅτι
533 2433 625 2487 καὶ
653 2433 716 2488 τὸ
752 2433 954 2504 ταύτης
987 2430 1223 2507 ὑψηλὸν,
1256 2432 1387 2507 ὅπερ
1418 2431 1478 2488 ἐκ
1506 2432 1716 2511 φύσεως
1745 2432 1882 2506 αὐτῇ

225 2521 542 2597 πρόσεστιν,
602 2522 679 2584 είς
737 2521 970 2593 ἐξέτασιν
1025 2523 1208 2598 ἄγεται
1237 2541 1250 2591 ;
1283 2523 1380 2577 Διὰ
1432 2520 1485 2577 τί
1517 2519 1575 2577 δὲ
1616 2519 1764 2585 ὅλως
1793 2521 1883 2576 καὶ

226 2616 348 2674 ταῖς
407 2611 461 2666 ιν
492 2615 574 2684 τῷ
605 2606 826 2684 Λιϐάνῳ
871 2608 1086 2687 κὶδροις
1115 2611 1332 2668 ἀπειλεῖ
1358 2613 1457 2680 τὴν
1489 2612 1698 2687 ἡμέραν
1727 2613 1754 2666 6
1786 2609 1882 2666 λό-

230 2721 328 2775 γος
359 2720 374 2770 ;
432 2702 557 2759 ’Ὁτι
621 2701 715 2774 μὲν
748 2699 839 2755 οὖν
873 2700 995 2775 περὶ
1027 2699 1292 2777 ἐμψύχων
1324 2702 1352 2755 6
1382 2699 1544 2777 λόγος
1574 2704 1682 2756 τῶν
1713 2721 1883 2778 πεφυ-

234 2792 548 2864 σιωμένων,
595 2791 684 2845 καὶ
739 2791 872 2863 μετά
901 2789 1250 2860 ἀναισθησίας
1301 2789 1539 2865 ἐχόντων
1572 2790 1671 2859 τὴν
1717 2787 1885 2863 ἔπαρ-

232 2901 339 2952 σιν,
371 2877 552 2942 οὐδεὶς
604 2880 835 2954 ἀντερεῖ.
886 2878 1060 2936 Ἀλλὰ
1108 2877 1197 2934 διὰ
1224 2879 1277 2934 τί
1323 2876 1504 2955 κέδροι
1536 2897 1550 2948 ;
1579 2880 1668 2934 καὶ
1696 2876 1784 2934 διὰ
1809 2877 1882 2949 τί,

227 2976 326 3026 τοῦ
356 2966 636 3041 Λιϐάνου;
672 2972 739 3026 Αἱ
786 2968 969 3045 κέδροι
996 2969 1158 3048 φυτόν
1203 2969 1358 3040 εἰσιν,
1409 2971 1704 3045 ἀχρήστων
1752 2988 1883 3042 καρ-

228 3067 346 3116 πῶν
397 3060 633 3115 οἶστικαὶ
662 3104 677 3127 ,
719 3059 795 3122 εἰς
845 3062 960 3134 (ί-ἱ)
1007 3058 1143 3134 ὕψος
1197 3061 1458 3132 μήκιστον
1507 3058 1884 3132 αὐξανόμεναι,

225 3151 318 3205 καὶ
366 3150 448 3205 ἀεὶ
497 3147 837 3204 ἑπιδιδοῦσαι
868 3149 1006 3204 κατὰ
1031 3151 1132 3218 τήν
1163 3150 1483 3223 προσθήκην
1509 3153 1608 3203 τοῦ
1656 3147 1883 3224 χρόνου,

228 3237 353 3294 οὔτε
388 3242 642 3314 γηρῶσαι
697 3235 918 3315 ῥᾳδίως,
953 3235 1075 3294 οὔτε
1118 3236 1364 3302 εὐκόλως
1419 3237 1880 3312 κατασηπόμενοι·

225 3332 253 3385 6
281 3325 348 3386 δὲ
376 3323 612 3390 Λίϐανος
644 3325 772 3403 ὄρος
802 3324 1262 3403 είδωλολατρείας
1286 3328 1350 3382 τὸ
1380 3327 1611 3383 παλαιὸν
1643 3328 1742 3415 ἦν,
1772 3329 1886 3384 Ἵνα
1915 3349 1957 3415 C

225 3419 319 3473 οὖν
371 3419 474 3479 τὶς
521 3416 632 3472 ἐκεῖ
696 3415 1194 3494 ἔμφιλοχωροόσας
1241 3418 1348 3490 (15)
1399 3416 1677 3492 ὀλεθρίους
1728 3414 1885 3472 δυνά-

231 3528 353 3581 μεις
400 3503 704 3576 ἐνδείξηται
758 3508 918 3578 ἡμῖν,
966 3502 1192 3582 κὲδρους
1238 3504 1486 3578 ὠνόμασε
1521 3510 1618 3560 τοῦ
1649 3501 1886 3560 Λιϐάνου

226 3597 296 3651 τὰ
328 3594 601 3668 ὑψώματα
647 3602 749 3664 τῆς
779 3595 1068 3675 πονηρίας,
1115 3594 1183 3649 τὰ
1230 3594 1562 3670 ὶπαιρόμενα
1611 3597 1745 3650 κατὰ
1788 3601 1894 3665 τῆς

224 3685 485 3761 γνώσεως
539 3688 637 3738 τοῦ
669 3688 822 3753 Θεοῦ,
855 3685 979 3758 περὶ
1009 3686 1083 3739 ὧν
1139 3683 1228 3739 καὶ
1259 3685 1287 3738 6
1331 3684 1552 3759 ψαλμός
1584 3705 1770 3760 φησιν,
1804 3683 1887 3738 δτι

232 3773 528 3848 Συντρίψει
605 3773 800 3849 Κύριος
866 3775 962 3836 τὰς
1038 3769 1262 3850 κέδρους
1324 3778 1420 3828 τοῦ
1472 3768 1732 3831 Λιϐάνου.
1789 3772 1888 3828 Δύο

227 3885 391 3918 ναται
462 3860 522 3918 δὲ
597 3863 663 3917 τὰ
733 3862 786 3918 ἐν
865 3861 1174 3937 ἀνθρώποις
1239 3861 1533 3931 ἀλαζονικὰ
1597 3859 1706 3932 ἤθη
1766 3862 1890 3918 ἄνευ

229 3951 409 4014 ιῖτίας
441 3951 592 4014 τινὸς
655 3948 960 4006 ἀκολούθου
989 3949 1126 4024 πρὸς
1157 3951 1254 4019 τήν
1287 3950 1546 4028 φυσίωσιν
1598 3950 1889 4027 ἔπαιρόμε·

230 4063 302 4096 να
361 4038 454 4096 διὰ
489 4045 600 4095 τῶν
658 4037 864 4115 κίδρων
923 4037 1285 4094 αἰνίσσεσθαι.
1345 4042 1498 4095 Ἔστι
1546 4041 1651 4116 γὰρ
1699 4040 1786 4094 καὶ
1837 4040 1888 4096 ἒν

233 4132 497 4209 φυσιώσει
546 4128 582 4198 ἢ
641 4129 839 4197 πιθανή
872 4147 955 4189 τις
997 4125 1142 4182 αίτία
1165 4129 1264 4196 τήν
1310 4123 1534 4202 ἳπαρσιν
1568 4127 1890 4200 ἐμποιοῦσα,

233 4219 270 4288 ἢ
330 4218 503 4288 πάντη
562 4215 789 4291 ἄλογος.
851 4218 980 4274 Οἷον
1040 4219 1177 4289 (16),
1235 4221 1417 4294 φρονεῖ
1465 4238 1548 4279 τις
1598 4217 1681 4295 ἐφ’
1719 4218 1891 4290 ἑαυτῷ

236 4307 307 4364 δι’
398 4307 732 4382 ἐγκράτειαν·
811 4311 1000 4382 φρονεῖ
1083 4303 1172 4360 διὰ
1254 4306 1627 4383 σωφροσύνην,
1709 4311 1898 4385 φρονεῖ

239 4396 330 4452 διὰ
384 4397 451 4452 τὸ
507 4395 561 4450 ἐν
618 4400 739 4458 ταῖς
789 4400 1126 4471 προσευχαῖς
1182 4393 1439 4468 ἐπίμονον
1475 4413 1490 4428 ’
1549 4399 1730 4458 κακῶς
1799 4396 1895 4468 μὲν

237 4493 390 4543 ποιεῖ
429 4486 557 4561 παρ’
612 4486 642 4540 ’ὀ
674 4482 758 4539 δεῖ
787 4487 1027 4560 φρονῶν,
1065 4483 1210 4552 πλὴν
1269 4482 1397 4539 ἀλλ’
1425 4478 1542 4560 ἔχει
1573 4485 1893 4540 ἀκιλουθίαν

238 4578 299 4632 τὸ
351 4577 557 4649 ὕψωμα
590 4615 604 4630 .
656 4575 714 4627 '0
787 4573 1034 4636 τόιοῦτος
1111 4571 1320 4647 ὑψηλὸν
1384 4574 1478 4647 μὲν
1538 4573 1650 4629 ἔστι
1707 4575 1894 4652 φυτὸν,

241 4664 371 4722 ἀλλ’
425 4663 714 4740 ἔγκαρπον⁸
775 4664 804 4718 6
863 4659 922 4717 δὲ
978 4659 1101 4717 ἄνευ
1157 4661 1406 4738 ξργασίας
1463 4662 1609 4725 τινὸς
1667 4663 1896 4740 ἀγαθῆς,

241 4754 277 4823 ἦ
338 4751 431 4809 διὰ
487 4751 751 4822 πλοῦτον,
783 4751 819 4821 ἢ
847 4749 919 4807 δι’
948 4751 1235 4827 εὐγένειαν,
1276 4750 1311 4820 ἢ
1340 4749 1429 4807 διὰ
1458 4752 1710 4827 σώματος
1745 4753 1904 4829 ἰσχὺν

250 4842 748 4918 μετεωριζόμενος,
806 4839 1000 4918 κὲδρος
1031 4840 1194 4910 ἐστὶν,
1247 4839 1474 4918 ἀκάρπῳ
1516 4843 1631 4914 ζωῇ
1675 4841 1764 4897 καὶ
1813 4841 1900 4897 ἀν-

2061 2255 2150 2310 90.
2179 2255 2354 2311 Vsas.
2393 2257 2477 2310 13.
2499 2259 2570 2310 Et
2599 2273 2768 2328 super
2794 2273 2981 2314 omnes
3009 2260 3202 2316 cadros
3235 2259 3435 2316 Libani
3463 2260 3648 2316 excel-

1989 2359 2076 2398 sas
2107 2352 2158 2398 ει
2187 2344 2465 2400 sublimes.
2501 2345 2724 2401 Dixerit
2744 2347 3038 2418 quispiam
3066 2365 3081 2404 :
3105 2348 3410 2412 Quodnam
3432 2348 3644 2404 vitium

1991 2432 2146 2488 inest
2167 2432 2439 2500 cedro,ob
2468 2435 2623 2505 quod
2654 2439 2710 2490 et
2737 2435 2925 2507 ipsius
2955 2436 3202 2493 altitudo
3227 2437 3341 2492 sibi
3364 2455 3398 2494 a
3428 2443 3641 2495 natura

1992 2521 2178 2577 indita
2205 2523 2276 2577 ad
2308 2538 2552 2578 examen
2603 2524 2974 2580 adducatur?
3032 2528 3146 2582 Cur
3199 2526 3376 2582 etiam
3398 2545 3642 2600 prorsus

1995 2611 2152 2666 diem
2182 2611 2346 2667 illam
2377 2613 2570 2668 cedris
2598 2613 2803 2669 Libani
2850 2613 3157 2686 Scriptura
3188 2617 3587 2673 comminatur
3615 2617 3643 2672 ?

1994 2700 2176 2755 Nemo
2199 2702 2244 2756 it
2264 2701 2492 2757 inﬁcias
2517 2702 2659 2774 quin
2679 2720 2872 2759 sermo
2886 2705 2956 2759 de
2982 2704 3178 2760 anima
3207 2707 3360 2762 442
3374 2704 3636 2778 praeditis

1994 2789 2406 2862 habeatur,qui
2424 2796 2638 2847 tument
2653 2809 2719 2846 ao
2735 2797 3169 2865 turgescunt,ac
3185 2811 3362 2850 sensu
3379 2799 3644 2866 expertes

1996 2895 2124 2934 sese
2146 2880 2536 2936 eﬂ‘erunt.Sed
2568 2881 2774 2952 ecquid
2799 2883 2954 2937 cedri
2977 2886 3000 2936 Ρ
3023 2887 3080 2939 et
3103 2900 3280 2955 quam
3299 2885 3372 2940 ob
3395 2900 3636 2942 causam

1997 2967 2151 3022 cedri
2186 2967 2438 3024 Libani?
2469 2969 2638 3024 Cedri
2670 2970 2908 3026 arbores
2933 2976 3230 3044 sunt,quaa
3263 2973 3488 3030 fructus
3510 2973 3640 3030 usi-

1996 3055 2107 3110 bus
2137 3055 2294 3110 haud
2327 3057 2568 3113 idoneos
2600 3058 2816 3124 ferunt,
2847 3065 3238 3132 crescuntque
3267 3061 3326 3117 in
3342 3062 3642 3135 amplissi-

1995 3161 2151 3200 mam
2175 3145 2631 3214 altitudinem,et
2649 3164 2753 3219 pro
2773 3149 3052 3220 temporis
3078 3167 3389 3222 progressu
3408 3167 3644 3225 semper

1995 3235 2405 3307 augentur.vix
2426 3241 2762 3306 senescunt,
2792 3237 3003 3310 vixque
3059 3245 3443 3311 putrescunt:
3474 3242 3641 3297 Liba-

1997 3342 2109 3380 nus
2140 3329 2336 3381 autem
2367 3325 2506 3381 olim
2542 3343 2710 3382 mons
2768 3333 2894 3383 erat
2924 3328 3286 3385 idololatriae.
3345 3331 3549 3403 Itaque
3580 3334 3646 3386 ut

1995 3414 2271 3470 exitiosae
2303 3419 2618 3485 potestates
2641 3415 2759 3472 illic
2775 3422 3208 3474 commorantes
3231 3418 3400 3476 nobis
3420 3419 3643 3475 indica-

1997 3507 2104 3569 ret,
2163 3502 2506 3559 altitudines
2538 3505 2839 3577 nequitize,
2871 3508 3151 3564 adversus
3201 3508 3301 3564 Dei
3333 3508 3645 3564 scientiam

1997 3607 2060 3648 se
2090 3591 2425 3648 attollentes
2453 3593 2731 3660 “,cedros
2755 3594 2956 3650 Libani
2988 3596 3406 3667 nominavit,de
3426 3597 3645 3669 quibus

1997 3681 2080 3737 ait
2104 3679 2407 3752 psalmus:
2443 3681 2770 3753 Con/ﬁnget
2814 3685 3080 3740 Dominus
3135 3685 3324 3740 cedrus
3353 3685 3550 3741 Libani
3576 3686 3643 3741 ‘0.

1998 3771 2174 3826 Porro
2199 3771 2453 3841 superba
2483 3770 2791 3826 hominum
2809 3772 3396 3843 ingeniacitraullam
3416 3791 3644 3846 (squam

2001 3857 2283 3914 rationem
2319 3859 2390 3912 ad
2422 3863 2715 3913 tumorem
2749 3875 2936 3930 usque
2966 3860 3115 3916 elata
3145 3877 3248 3932 per
3276 3861 3478 3916 cedrus
3511 3879 3647 3933 pos-

2000 3952 2142 4003 sunt
2171 3946 2514 4017 significari.
2546 3946 2853 4002 Enimvero
2875 3947 3050 4004 etiam
3108 3949 3168 4003 in
3201 3948 3383 4002 animi
3414 3953 3645 4004 tumore

2000 4041 2103 4092 aut
2132 4033 2305 4090 elatio
2327 4035 2588 4106 gignitur
2609 4050 2678 4089 ex
2735 4036 3004 4106 speciosa
3059 4036 3260 4107 aliqua
3317 4052 3516 4104 causa,
3547 4042 3648 4093 aut

2002 4125 2224 4181 ratione
2272 4123 2436 4179 nulla
2493 4123 2721 4178 nititur.
2773 4123 3036 4196 Exempli
3093 4125 3301 4197 gratia,
3350 4125 3645 4197 quispiam

2002 4215 2114 4270 sibi
2138 4213 2386 4269 nimium
2418 4216 2650 4284 arrogat
2699 4217 2935 4284 propter
2963 4213 3386 4269 continentiam
3415 4231 3428 4270 :
3453 4214 3648 4286 seipse

2005 4305 2078 4362 ob
2107 4303 2557 4376 temperantiam
2577 4303 2760 4374 effert,
2780 4303 2962 4374 jactat
2987 4319 3050 4358 se
3081 4304 3153 4360 ob
3177 4320 3348 4360 suam
3378 4303 3438 4359 in
3464 4307 3648 4376 preci-

2007 4394 2116 4448 bus
2149 4392 2672 4463 perseverantiam:
2709 4391 2879 4464 plane
2937 4408 3241 4465 perperam
3301 4393 3445 4465 agit,
3505 4393 3648 4450 dum

2007 4487 2394 4555 praeterquam
2483 4483 2636 4554 quod
2719 4482 2903 4550 decet,
2955 4481 3300 4554 gloriatur:
3359 4486 3650 4539 verumta-

2008 4589 2142 4628 men
2198 4572 2480 4628 rationem
2534 4576 2995 4644 praetextumque
3053 4573 3227 4628 habet
3291 4571 3483 4628 elatio.
3542 4573 3652 4637 Qui

2007 4663 2298 4735 ejusmodi
2363 4667 2473 4732 est,
2541 4664 2713 4719 arbor
2767 4663 3005 4735 quidem
3064 4667 3154 4719 est
3216 4662 3463 4730 excelsa,
3549 4665 3652 4720 sed

2009 4753 2344 4820 fructifera;
2377 4752 2474 4824 qui
2497 4767 2632 4808 vero
2663 4753 2791 4808 sine
2822 4755 2973 4809 bono
3005 4752 3124 4809 ullo
3151 4768 3323 4824 opere
3379 4769 3508 4810 sese
3554 4769 3656 4809 ex-

2009 4841 2181 4912 tollit,
2216 4845 2378 4915 puta,
2409 4841 2494 4897 vel
2528 4846 2766 4915 propter
2795 4842 3051 4910 divitias,
3083 4841 3172 4899 vel
3202 4841 3433 4915 generis
3452 4843 3652 4915 splen-

314 5009 361 5046 ³⁷
393 5007 536 5064 Luc.
557 5022 660 5074 xu,
691 5005 781 5060 29.
807 5004 852 5041 ³⁸
881 5004 1035 5062 Psal.
1059 5021 1224 5062 cxxx.
1258 5006 1310 5062 1.
1344 5005 1390 5041 ⁸³
1418 5006 1468 5062 ΙΙ
1499 5008 1625 5063 Cor.
1654 5023 1711 5077 x,
1741 5007 1798 5062 5.
1825 5006 1870 5042 ω

2006 5003 2055 5061 .l.
2087 5021 2285 5071 xxvm,
2315 5005 2368 5059 5.

315 5171 430 5238 (12)
461 5167 676 5250 ᾼὰάὶῐε
708 5169 806 5250 est
827 5183 858 5223 θ
878 5166 1236 5250 quibusdam
1260 5184 1405 5224 mss.
1463 5166 1748 5240 particula
1775 5163 1896 5241 γάρ.

373 5283 386 5295 .
413 5240 670 5305 primus,
703 5240 956 5305 ἄκουσον,
990 5241 1109 5292 τοῦ.

373 5283 386 5295 .
413 5241 670 5312 primus,
703 5241 956 5305 ἄκουσον,
990 5241 1109 5292 τοῦ.

249 5241 431 5384 Βεῆβ)
460 5313 552 5384 με
583 5311 775 5384 nostri
793 5327 897 5367 sex
923 5327 1066 5366 mss.
1108 5313 1184 5365 At
1212 5310 1396 5384 editi,‘
1415 5303 1901 5384 _i:'1rapaw_,u6ia<po-

250 5377 341 5458 ράν
375 5377 594 5438 λαϐεῖν.
629 5383 847 5458 Statim
881 5387 1002 5458 tres
1032 5399 1198 5458 m_s_s.,
1256 5381 1306 5452 ἑξ
1341 5377 1553 5458 ὑδερουζ
1605 5381 1718 5437 Alii
1771 5377 1902 5453 qui-

249 5449 381 5528 dam
414 5473 562 5512 mss.
589 5472 727 5512 cum
757 5453 1013 5526 editis,t£
1042 5449 1267 5528 ὑδέρων.
1293 5449 1561 5510 Subinde
1589 5471 1742 5510 unus
1765 5449 1905 5524 ms.,

252 5527 381 5604 ὃγκο
386 5531 508 5604 ᾷτὲί
518 5570 532 5604 τ

315 5603 431 5675 (14)
454 5599 615 5675 E_diti
641 5602 699 5656 et
726 5602 847 5675 tres
896 5613 1065 5667 mss.,
1123 5600 1367 5675 καρπῶν,
1393 5594 1448 5650 αἶ
1478 5595 1567 5675 καὶ
1616 5595 1712 5675 είς,
1746 5596 1904 5675 haud

249 5667 423 5734 recte.
483 5672 630 5747 Reg.
702 5670 938 5742 tertius,
1005 5667 1227 5746 καρπῶν
1304 5668 1556 5727 sia-sumi
1607 5667 1707 5736 είςί
1749 5671 1906 5746 quod

526 5802 804 5864 Panos.
849 5801 962 5863 Gs.
1000 5800 1191 5862 XXX.

2011 5165 2249 5237 quidem
2276 5181 2378 5236 per
2407 5180 2470 5220 se
2501 5164 2848 5220 mendosum
2881 5167 2989 5235 est,
3023 5166 3123 5222 sed
3145 5165 3230 5222 ita
3259 5169 3562 5236 tamen,ut
3582 5169 3656 5225 ad

2008 5254 2206 5294 veram
2241 5237 2551 5294 lectionem
2585 5237 2846 5312 proxime
2893 5239 3151 5312 accedat.
3211 5239 3374 5312 Regii
3428 5239 3657 5311 primus

2011 5316 2069 5366 et
2124 5315 2422 5384 quartus,
2481 5307 2701 5384 καρπῶν
2762 5307 3015 5377 οἶστικαί,
3091 5307 3375 5383 [νασειιιῖηι
3418 5307 3652 5383 feraces.

2014 5382 2255 5440 ontime.

2054 5400 2368 5532 Ρῖίὲῗέὰἱιί
2401 5455 2457 5508 et
2486 5452 2603 5532 duo
2649 5449 3290 5532 Πιεεηφιλοχωρούσας.
3349 5452 3462 5510 Alii
3513 5469 3658 5526 qua-

2013 5520 2717 5602 ιυρζ,’ὲμφιλοχωρούσας.

2085 5599 2202 5673 (t6)
2227 5594 2311 5656 ita
2339 5594 2460 5673 tres
2491 5594 2626 5673 libri
2655 5597 2910 5671 antiqui.
2950 5598 3126 5657 Deest
3152 5598 3266 5654 οἷον
3312 5597 3375 5658 in
3407 5594 3581 5657 editis
3601 5597 3661 5652 et

2018 5670 2241 5733 in'aliis
2271 5670 2631 5746 quibusdam
2654 5687 2797 5730 mss.
