4130 6210
415 298 535 358 267

1403 288 1797 352 APPENDIX
1838 288 2164 351 OPERUM
2213 286 2278 347 S.
2326 285 2605 348 BASlLIl
2653 287 2926 348 MAGNI.

3720 291 3842 350 268

418 431 642 497 dorem,
675 427 762 482 vel
794 427 866 483 ob
898 425 1157 497 corporis
1187 426 1387 491 robur,
1431 425 1642 479 cedrus
1670 428 1779 491 est,
1815 438 1948 478 cum
1989 423 2052 476 de

2174 420 2356 490 ονήτῳ
2404 415 2879 492 ἐπαγαλλόμενος.
2941 416 3040 472 Διᾶ
3094 415 3148 474 τί
3181 415 3240 473 δὲ
3284 418 3494 473 καὶτοῦ
3549 414 3835 492 Λιϐάνου,

415 519 536 574 vita
564 517 929 572 infructuosa
957 522 1014 571 et
1035 514 1224 570 inulili
1255 513 1578 584 superbiat.
1609 512 1742 567 Jam
1792 528 1924 566 vero
1954 525 2060 565 cur

419 609 764 678 adjunctum
787 610 894 674 est,
938 602 1178 659 Libani?
1209 602 1355 667 Quia
1375 602 1783 657 sicutarbores
1815 601 1872 654 in
1898 616 2060 654 nion-

413 696 573 751 tibus
605 696 728 750 ﬁxee
751 693 1002 748 alienam
1037 691 1331 763 accipiunt
1387 689 1758 745 altitudinem
1786 707 1799 744 :
1852 691 1931 743 ita
1960 688 2068 758 qui,

416 784 739 842 obtendunt
769 782 998 837 divitias
1029 788 1132 836 aut
1187 785 1560 851 potestatem,
1620 783 1722 832 aut
1770 779 2058 848 majorum

416 874 685 946 gloriam,
720 873 892 926 rebus
925 869 1162 924 nihilad
1223 886 1285 924 se
1334 867 1762 938 pertinentibus
1810 868 1878 921 ad
1917 883 2056 937 prae-

415 965 663 1018 bendam
750 977 868 1014 suis
947 957 1182 1013 elationi
1268 957 1632 1013 occasionem
1711 957 2055 1010 abutuntur.

415 1051 563 1117 Quin
597 1059 654 1105 et
683 1049 1000 1103 laudantur
1027 1047 1220 1101 cedri:
1283 1046 1694 1101 Saturabunlur
1739 1045 1892 1113 ligna
1952 1048 2055 1098 Do-

412 1141 578 1207 mini,
609 1137 759 1192 cedri
791 1137 1009 1202 Libani,
1043 1152 1175 1206 quas
1203 1135 1473 1206 plantavit
1500 1135 1566 1187 ⁴¹.
1604 1135 1724 1187 Ιωο
1784 1131 1856 1185 ad
1913 1132 2055 1184 dan-

415 1227 549 1282 dam
573 1227 690 1282 Deo
721 1225 961 1295 gloriam
985 1225 1145 1295 ligna
1178 1223 1474 1278 fructifera
1521 1220 1797 1292 cedrique
1853 1235 2057 1275 omnes

412 1316 808 1372 admittuntur
827 1315 909 1381 ⁴²;
945 1319 1009 1367 ut
1039 1313 1383 1368 ostendatur
1405 1309 1547 1365 nihil
1571 1327 1699 1365 esse
1721 1315 1928 1380 suapte
1951 1327 2053 1363 na-

408 1408 541 1460 tura
573 1403 796 1458 malum
831 1401 1097 1472 nihilque
1128 1418 1161 1455 a
1191 1400 1306 1454 Deo
1338 1399 1788 1466 alienatum,sed
1822 1395 2057 1468 singula

412 1508 483 1548 ex
507 1509 569 1548 se
599 1493 659 1547 in
693 1508 872 1546 causa
893 1507 1022 1545 esse
1054 1507 1158 1544 cur
1188 1506 1221 1543 a
1277 1491 1386 1543 Deo
1443 1491 1545 1543 aut
1583 1487 1920 1556 abscedant,
1956 1492 2058 1541 aut

412 1597 546 1636 cum
577 1581 705 1652 ipso
737 1582 1191 1650 conjungantur.
1229 1578 1360 1633 Ideo
1391 1583 1449 1632 et
1479 1576 1754 1631 adhibitis
1783 1578 1852 1630 ad
1886 1593 2054 1631 cons-

411 1669 730 1723 truendum
762 1666 1047 1736 templum
1097 1666 1275 1736 cedri,
1307 1682 1378 1720 ex
1408 1664 1651 1730 Libano,
1684 1663 1768 1720 uti
1810 1663 2057 1718 historia

410 1759 600 1827 docet,
634 1760 865 1812 fuerant
893 1759 1226 1826 exportata},
1251 1755 1403 1826 quod
1429 1755 1615 1826 possit
1643 1752 1970 1808 idololatria
1993 1752 2053 1807 in

411 1847 783 1902 sanctitatem
816 1843 1215 1899 transmutari.
1265 1844 1543 1908 Quocirca
1589 1842 1761 1898 modo
1813 1842 2051 1912 quidem

411 1933 801 2006 confringitur
829 1933 1062 2000 cedrus,
1083 1948 1218 1986 cum
1250 1947 1283 1986 a
1314 1931 1528 1986 Libano
1563 1947 1676 1985 non
1709 1935 2048 2002 separatur:

2087 1798 2134 1864 Β

2171 508 2288 559 Ὅτι
2319 506 2499 582 ὥσπερ
2557 506 2622 561 τὰ
2674 505 2761 561 ἰπὶ
2813 511 2921 561 τῶν
2982 508 3124 582 ὁρῶν
3186 508 3476 581 πεπηγότα
3505 509 3644 586 φυτὰ
3701 509 3825 584 ὕψει

2169 592 2452 671 ἄλλοτρίῳ
2505 596 2894 672 συγκέχρηται,
2921 594 3093 658 οὕτως
3126 595 3178 650 οἶ
3208 593 3474 668 πλοῦτον,
3503 598 3540 666 ἢ
3574 595 3829 672 δύναμιν,

2167 682 2390 754 ἢδόξαν
2448 684 2736 760 προγόνων
2794 679 3266 758 ὑποϐαλλόμενοι,
3323 691 3444 750 τοῖς
3495 689 3611 743 κατ’
3671 687 3824 744 ούδὶν

2167 775 2536 848 προσήκουσιν
2619 772 2697 835 εἷς
2773 774 3024 852 ἀφορμὴν
3102 781 3204 844 τῆς
3279 774 3482 838 οἰκείας
3547 775 3825 853 ὲπάρσεως

2167 861 2596 937 ἀποκέχρηνται.
2632 863 2755 920 Εῗσὶ
2805 864 2990 936 μᾶντοι
3040 863 3130 918 καὶ
3183 863 3570 938 ἐπαινούμεναι
3613 863 3823 940 κέδροι⁸

2168 953 2604 1027 Χορτασθήσεται
2678 952 2745 1006 τὰ
2819 951 2953 1022 ξύλα
3006 957 3103 1006 τοῦ
3162 953 3368 1029 Κυρίου
3421 957 3557 1027 (Π),
3618 957 3674 1010 αἱ
3731 958 3823 1012 κά-

2168 1039 2287 1116 δροι
2343 1045 2438 1094 τοῦ
2494 1035 2754 1109 Λιϐάνου,
2814 1040 2872 1102 ἂς
2927 1040 3200 1118 ἐφύτευσε.
3262 1043 3359 1096 Καὶ
3409 1043 3488 1105 εἰς
3525 1044 3624 1113 τήν
3658 1042 3824 1116 δοξο-

2169 1127 2350 1204 λογίαν
2385 1125 2866 1203 πηραλαμϐάνεται
2915 1129 3050 1202 ξύλα
3105 1131 3447 1207 καρποφόρα,
3506 1133 3596 1187 καὶ
3654 1141 3823 1190 πᾶσαι

2165 1216 2368 1292 κέδροι·
2421 1217 2510 1273 *ίνα
2567 1217 2784 1294 δειχθῇ,
2819 1217 2901 1273 ὅτι
2933 1216 3084 1273 οὐδὲν
3112 1223 3180 1293 τῇ
3213 1220 3366 1298 φύσει
3395 1221 3657 1296 πονηρὸν,
3692 1220 3826 1278 οὐδὲ

2164 1305 2620 1383 ἡλλοτριωμὲνον
2681 1310 2834 1378 Θεοῦ,
2886 1304 3034 1362 ἀλλὰ
3085 1309 3232 1379 παρὰ
3277 1310 3378 1378 τήν
3413 1309 3615 1364 ἑαυτῶν
3641 1311 3821 1367 αἰτίαν

2162 1394 2358 1453 ἕκαστα
2415 1395 2450 1464 ἢ
2509 1395 2793 1472 ἀφίσταται
2826 1395 2931 1450 ἀπὸ
2957 1397 3002 1468 (4
3015 1399 3062 1468 8)
3099 1400 3252 1468 Θεοῦ,
3311 1396 3346 1466 ἢ
3380 1404 3824 1473 προσοικειοῦται

2163 1485 2329 1556 αὐτῷ.
2382 1485 2479 1538 Διὰ
2535 1488 2696 1538 τοῦτο
2721 1484 2808 1538 καὶ
2843 1485 2897 1538 αἱ
2930 1483 3007 1545 είς
3047 1487 3379 1556 κατασκευὴν
3405 1491 3504 1540 τοῦ
3535 1493 3667 1542 ναοῦ
3700 1510 3825 1544 συν-

2161 1572 2445 1629 τελέσασαι
2493 1570 2676 1647 κέδροι
2706 1571 2764 1627 ἐκ
2788 1577 2886 1628 τοῦ
2919 1568 3152 1628 Λιϐάνου
3181 1574 3315 1643 ἦσαν
3347 1577 3822 1650 καταγεκομισμέ-

2163 1684 2249 1717 ναι
2283 1664 2417 1735 (19),
2471 1668 2570 1731 τῆς
2621 1661 2860 1736 ἱστορίας
2893 1661 3414 1738 παραδεικνυούσης,
3454 1664 3539 1719 ὅτι
3587 1663 3818 1722 δυνατὸν

2165 1751 2216 1822 ἐξ
2266 1749 2721 1825 εἷδωλολατρείας
2752 1750 2829 1812 εἷς
2859 1751 3119 1824 ἁγιασμὸν
3153 1747 3495 1824 μεταϐαλεῖν.
3529 1754 3628 1809 Διὰ
3653 1759 3820 1812 τοῦτο

2162 1840 2294 1895 ποτὲ
2343 1841 2436 1913 μὲν
2490 1835 2826 1914 συντρίϐεται
2858 1837 3073 1915 κὲδρος,
3133 1839 3258 1896 ὅταν
3313 1842 3623 1917 ἀχώριστος
3717 1849 3820 1899 τοῦ

2161 1924 2416 1984 Λιϐάνου·
2467 1928 2600 1983 ποτὶ
2644 1925 2720 1995 δὲ,
2766 1927 2890 1983 ὅταν
2938 1927 3314 1984 καταλιποῦσα
3342 1930 3409 1984 τὰ
3436 1931 3663 2005 ἀρχαῖα,
3697 1933 3821 2003 ἀξία

411 2024 584 2080 modo
615 2039 749 2078 vero
782 2038 916 2077 cum
949 2021 1154 2076 relicta
1178 2026 1484 2086 vetustate,
1529 2020 1721 2075 evadit
1751 2021 1929 2090 digna
1959 2019 2052 2074 cui

2169 2023 2254 2072 τοῦ
2304 2017 2611 2092 ἁγιάζεσθαι
2659 2017 2900 2093 γένηται.
2952 2016 3201 2072 Καθόλου
3252 2018 3436 2091 μέντοι
3488 2021 3575 2074 καὶ
3610 2021 3677 2075 τὰ
3704 2027 3819 2077 τῶν

409 2113 694 2170 sanctitas
723 2109 1206 2167 conferatur.Uno
1237 2109 1408 2164 verbo
1432 2108 1778 2163 animalium
1804 2106 2049 2175 indoles,

2163 2108 2315 2175 ζώων
2348 2104 2454 2177 ἤθη
2495 2105 2583 2160 καὶ
2613 2106 2679 2160 τὰ
2705 2111 2814 2160 τῶν
2846 2111 3024 2183 φυτῶν
3063 2104 3181 2177 εἷ’δη
3216 2107 3292 2170 εἶς
3319 2109 3381 2162 τὸ
3428 2107 3684 2165 ποικίλον
3715 2114 3820 2181 τῆς

409 2201 750 2275 speciesque
780 2200 1056 2256 arborum
1096 2199 1169 2253 ad
1227 2197 1450 2253 variam
1511 2196 1726 2252 mentis
1778 2197 2049 2251 humanae

2169 2195 2529 2271 προαιρέσεως
2556 2199 2662 2250 τῶν
2693 2194 2987 2269 ἀνθρώπων
3021 2192 3381 2268 λαμϐάνεται.

409 2291 776 2346 ati'ectionem
807 2289 1233 2360 designandam
1257 2291 1666 2342 assumuntur.

475 2379 568 2435 91.
601 2381 665 2434 Et
692 2395 856 2448 super
885 2393 1101 2433 omnem
1142 2377 1391 2432 arborem
1421 2375 1644 2444 glandis
1692 2375 1895 2429 Basan.
1957 2374 2050 2428 Ar-

405 2468 567 2524 boris
598 2465 750 2522 alius
781 2467 848 2521 fit
879 2465 1121 2535 mentio,
1145 2471 1206 2520 ut
1236 2466 1510 2520 ostendat
1531 2464 1852 2518 humanam
1871 2461 2045 2518 vitam

406 2555 878 2612 comminationis
909 2553 1127 2623 iudicio
1163 2554 1281 2608 fore
1303 2553 1788 2608 obnoxiam.Nam
1823 2551 2049 2606 indoles

404 2641 1391 2712 inhumana,inﬂexibilis,omnibus
1410 2643 1682 2696 obnitens
1711 2646 1768 2696 et
1784 2641 2048 2710 adversa,

405 2749 474 2789 ex
531 2732 831 2788 communi
909 2747 1065 2786 more
1115 2730 1354 2802 quercui
1412 2731 1566 2785 448
1649 2734 2046 2800 comparatur.

402 2822 591 2878 Arbor
609 2827 805 2877 autem
830 2819 929 2876 illa
953 2821 1209 2875 fructum
1249 2819 1487 2890 quidem
1539 2819 1729 2885 affert,
1781 2819 1881 2873 sed
1916 2835 2046 2889 por-

404 2910 535 2968 cino
566 2911 692 2966 esui
724 2911 1021 2966 idoneum.
1047 2909 1412 2980 Quapropter
1442 2908 1765 2963 nominavit
1798 2908 2047 2979 ignomi-

404 3000 516 3055 niaa
546 2999 810 3055 arborem
839 3015 850 3053 :
881 2998 1172 3070 siquidem
1204 3001 1392 3052 Basan
1436 2998 1505 3052 ad
1540 2997 1924 3068 ignominiam
1956 2996 2049 3050 de-

404 3089 723 3145 notandam
756 3092 1062 3158 usurpant.
1099 3087 1355 3150 Quorum
1390 3087 1568 3157 igitur
1594 3085 1776 3156 gloria
1807 3087 2046 3140 uberem

2227 2375 2317 2430 9|.
2378 2371 2481 2428 Καὶ
2540 2369 2629 2427 ἐπὶ
2679 2376 2782 2426 πᾶν
2843 2369 3064 2448 δένδρον
3127 2370 3364 2448 βαλάνου
3422 2375 3620 2432 Βασάν.
3677 2375 3826 2433 Ἀλ-

2159 2460 2260 2518 λου
2309 2465 2477 2539 φυτοῦ
2540 2462 2755 2533 μνήμη,
2814 2461 2953 2535 πρὸς
3009 2458 3228 2532 ἔνδειξιν
3288 2462 3629 2538 ἀνθρωπείου
3691 2466 3822 2540 βίου

2162 2551 2448 2605 ὑποπεσεῖν
2499 2548 2901 2622 ἀπειλουμένου
2955 2554 3023 2624 τῇ
3079 2551 3271 2627 κρίσει,
3315 2553 3398 2608 Τὰ
3432 2552 3532 2628 γὰρ
3591 2552 3820 2630 σκληρὰ

2155 2637 2264 2710 ἤθη
2319 2640 2408 2694 καὶ
2464 2636 2713 2694 δύσεικτα
2769 2637 3074 2702 ἀντιτύπους
3121 2641 3259 2715 πρὸς
3289 2643 3460 2696 πάντα
3514 2643 3600 2697 καὶ
3655 2643 3808 2698 ἀντιο

2157 2723 2394 2790 ϐατικῶς
2428 2725 2762 2800 διακείμενα,
2811 2727 2903 2782 καὶ
2953 2730 2987 2797 ἡ
3028 2731 3189 2799 κοική
3240 2731 3497 2800 συνήθεια
3528 2728 3653 2807 δρυῒ
3677 2753 3820 2806 παρ-

2157 2819 2377 2886 εικάζει.
2437 2817 2598 2892 Φέρει
2659 2813 2716 2871 δὲ
2770 2817 2832 2871 τὸ
2889 2813 3104 2892 δένδρον
3161 2821 3324 2872 τοῦτο
3373 2819 3602 2895 καρπὸν,
3665 2819 3821 2877 ἀλλὰ

2157 2907 2365 2984 χοίρων
2395 2909 2621 2985 τροφήν.
2657 2907 2755 2962 Διὰ
2779 2912 2942 2962 τοῦτο
2974 2905 3192 2984 δένδρον
3225 2907 3492 2985 αἰσχύνης
3532 2909 3816 2985 ὠνόμασε·

2153 2998 2217 3052 τὸ
2268 2998 2372 3072 γὰρ
2427 2998 2598 3054 Βασᾶιν
2657 2996 2734 3059 είς
2785 2997 2884 3065 τὴν
2945 2995 3212 3071 αἰσχύνην
3265 2994 3812 3071 μεταλαμϐάνουσιν.

2156 3088 2250 3140 Ὧν
2309 3085 2399 3139 οὖν
2445 3088 2480 3154 ἡ
2535 3083 2662 3155 δόξα
2711 3089 2812 3151 τῆς
2862 3086 3239 3162 καρπουορίας
3264 3086 3498 3162 αἰσχύνη
3534 3088 3667 3161 εστὶ,
3720 3089 3818 3144 καὶ

403 3176 740 3249 ignominia
769 3177 1021 3230 fructum
1058 3176 1408 3245 parit,etiam
1432 3173 1640 3228 inillos
1668 3174 1794 3228 dies
1817 3173 2046 3229 Domini

2169 3173 2249 3229 Eni
2277 3174 2494 3236 τούτοις
2546 3177 2660 3247 (20)
2717 3170 2860 3229 ἔσται
2910 3160 3154 3251 ἡὴμέρα
3181 3181 3279 3230 τοῦ
3338 3160 3563 3252 Κῦρίου.
3613 3175 3816 3248 Καὶδή

410 3264 718 3336 impinget.
748 3264 896 3326 Quin
927 3269 983 3317 et
1030 3262 1423 3317 idololatriam
1453 3261 1647 3316 vocari
1670 3261 2052 3332 ignominiam

411 3351 925 3424 deprehendimus,
953 3353 1036 3406 uti
1068 3351 1127 3405 in
1161 3351 1330 3405 tertio
1364 3350 1694 3421 Regnorum
1726 3349 1874 3405 libro
1896 3351 2053 3427 Elias

412 3443 484 3498 ad
509 3441 744 3496 Achaab
775 3440 1079 3511 loquitur:
1123 3441 1188 3494 Et
1239 3455 1385 3494 nunc
1439 3439 1612 3508 mitte,
1672 3448 1724 3494 et
1779 3455 2054 3508 congrege

410 3532 481 3587 ad
508 3546 596 3585 me
623 3546 833 3586 omnem
868 3530 1036 3585 Israel
1060 3531 1121 3584 in
1150 3534 1391 3584 montem
1419 3528 1742 3600 Carmeli,et
1769 3530 2054 3601 praphctas

410 3619 1123 3693 ignomzniwmtprophelas
1144 3620 1390 3673 lucorum
1424 3637 1436 3674 :
1471 3619 1888 3691 quadringentos
1910 3621 2054 3674 viros

409 3711 808 3764 manducantes
823 3725 1073 3763 mensam
1086 3709 1304 3764 Iezabel
1321 3707 1540 3772 3‘.Quia
1554 3710 1732 3781 igitur
1744 3710 1918 3764 Arbor
1935 3724 2053 3764 om-

411 3800 500 3853 nis
513 3813 640 3870 quae
651 3813 761 3852 non
780 3800 913 3869 facit
930 3800 1177 3870 fructum
1196 3797 1780 3864 bonum,excidilur,et
1799 3800 1857 3852 in
1875 3801 2054 3869 ignem

408 3886 1260 3953 miltilur.“,arboribusetiam
1283 3888 1804 3959 ignominiae,diem
1826 3889 2054 3943 Domini

408 3980 693 4050 tanquam
714 3976 1069 4033 horrendam
1099 3980 1155 4032 et
1186 3976 1619 4032 formidabilem
1641 3977 2056 4033 interminatur

2161 3264 2249 3318 καὶ
2297 3264 2396 3332 τὴν
2447 3259 2906 3337 εἲδωλολατρείαν
2955 3263 3223 3339 αἶ’σχύνην
3283 3263 3509 3339 εὕρομεν
3578 3264 3820 3341 λεγομέ-

2160 3374 2282 3424 νην,
2315 3352 2390 3415 ὡς
2419 3350 2470 3404 ἐν
2497 3355 2566 3424 τῇ
2596 3352 2753 3426 τρίτῃ
2774 3356 2883 3407 τῶν
2916 3351 3213 3408 Βασιλειῶν
3245 3353 3434 3416 Ἠλίας
3484 3352 3628 3430 λέγει
3674 3357 3822 3430 πρὸς

2161 3441 2252 3495 τὸν
2334 3436 2564 3515 Ἀχαάϐ·
2644 3441 2744 3497 Καὶ
2814 3446 2905 3496 νῦν
2979 3441 3302 3497 ἀπόστειλον
3374 3443 3464 3497 καὶ
3533 3444 3824 3518 συνάθροι-

2163 3550 2254 3584 σον
2310 3529 2446 3603 πρὸς
2620 3531 2796 3584 πάντα
2877 3529 3099 3601 Ἰσραὴλ
3159 3530 3235 3592 εἷς
3287 3531 3412 3606 ὅρος
3466 3532 3530 3587 τὸ
3588 3536 3823 3606 Καρμήο

2164 3618 2307 3686 λιον,
2363 3617 2452 3672 καὶ
2505 3617 2632 3680 τοὺς
2689 3621 2977 3696 προφήτας
3033 3627 3132 3690 τῆς
3189 3609 3477 3696 αἰσχύνης,
3534 3622 3624 3676 καὶ
3687 3623 3824 3688 τοὺς

2163 3709 2448 3782 προφήτας
2551 3711 2656 3761 τῶν
2765 3706 2946 3762 ἀλσῶν
2979 3750 2993 3776 ,
3124 3709 3503 3782 τετρακοσίους
3624 3708 3828 3786 ἄνδρας

2165 3795 2440 3860 ἆσθίοντας
2495 3798 2762 3870 τράπεζαν
2813 3800 2925 3871 (21)
3016 3793 3294 3867 Ἰεζάϐελ.
3357 3798 3509 3856 Ἐπεὶ
3560 3797 3650 3854 οὖν
3708 3806 3825 3857 Πᾶν

2165 3883 2385 3961 δίνδρον
2468 3886 2544 3957 μὴ
2631 3891 2821 3940 ποιοῦν
2905 3887 3111 3961 καρπὸν
3198 3885 3390 3955 καλὸν,
3477 3887 3827 3960 δκκόπτεται,

2164 3973 2253 4028 καὶ
2311 3973 2387 4035 εἷς
2443 3978 2548 4047 πῦρ
2599 3971 2882 4048 βάλλεται,
2913 3975 2948 4042 ἡ
2978 3978 3076 4029 τοῦ
3123 3974 3328 4050 Κυρίου
3375 3975 3559 4052 ἡμέρα
3586 3977 3678 4031 καὶ
3705 3985 3834 4042 τοῖς

479 4139 523 4176 ιι
557 4136 711 4195 Psal.
743 4154 862 4206 cm,
898 4139 985 4194 16.
1018 4137 1062 4173 ⁸³
1087 4137 1243 4194 Psal.
1275 4154 1504 4206 CXLVIII,
1526 4139 1582 4196 7.
1616 4139 1660 4174 ⁵³
1689 4139 1769 4194 ΙΙΙ
1798 4141 1939 4215 Reg.
1970 4163 2052 4202 xw

2169 4153 2252 4209 l9.
2282 4155 2328 4188 “
2356 4153 2560 4210 Matth.
2593 4171 2679 4222 ιιι,
2705 4155 2790 4210 10.

483 4315 594 4385 (17)
626 4314 922 4370 Dissidere
940 4313 1091 4369 inter
1121 4331 1184 4370 se
1204 4315 1312 4370 hoc
1343 4315 1467 4371 loco
1499 4315 1678 4372 libros
1709 4323 1932 4377 veteres
1955 4341 2057 4381 no-

411 4388 538 4440 tum
572 4390 697 4440 est:
733 4403 836 4440 nec
870 4386 1083 4459 mirum
1116 4387 1300 4442 videri
1332 4389 1588 4459 dcbet,si
1621 4389 1772 4444 alius
1794 4391 2054 4453 aliterle-

409 4457 1079 4536 gat.lzucteus_codicum
1107 4475 1346 4536 suorum
1380 4457 1653 4536 H_.et_.i.et
1684 4463 2051 4536 Vulgataa,at-

412 4545 526 4608 que
557 4529 816 4608 Iirocgpii
838 4531 1181 4608 auctoritate
1205 4532 1522 4608 t'retus,_legi
1541 4533 1750 4608 debere
1775 4529 2054 4608 ιῖυιιιιζξύ-

411 4597 484 4654 λα
512 4603 608 4653 τοῦ
639 4597 848 4666 πεδίου,
884 4602 1038 4669 ligna
1066 4607 1294 4672 campi:
1325 4597 1426 4658 sed
1468 4597 1744 4662 reclamat
1776 4597 2057 4666 δοσιὺέῐὶ-

410 4672 759 4751 sius,_aitque
791 4673 903 4751 sibi
937 4673 1122 4751 videri
1151 4675 1714 4751 potiusAlegendunt
1739 4696 1888 4746 esse,
1923 4681 2057 4751 ξύλα

408 4747 506 4796 τοῦ
535 4745 750 4816 Κυρίου,
787 4746 941 4816 ligna
962 4747 1206 4813 Domini,
1238 4748 1310 4801 ob
1344 4745 1516 4803 ﬁdem
1551 4750 1813 4807 videlicet
1836 4745 2054 4812 cudicis

411 4816 472 4898 ξς.
499 4816 558 4898 11,
592 4817 1042 4898 et_ps_almorum
1076 4835 1192 4873 non
1223 4836 1571 4898 paucorum,
1597 4828 1653 4877 et
1697 4826 2055 4898 exemplaris

410 4886 699 4967 ﬂebraici}
735 4889 1016 4967 Pateterea
1047 4907 1167 4967 v1r_o
1191 4886 1417 4967 erudito
1449 4886 1660 4967 licebat
1690 4886 2052 4967 Symmachi,

410 4958 769 5034 Hieronymi,
794 4961 1165 5026 Theodoreti,
1214 4964 1369 5034 Regii
1405 4965 1582 5030 tertii,
1615 4958 1926 5023 Golbertini
1963 4958 2052 5025 se;

410 5033 608 5110 eundi,
645 5034 858 5110 quintae
890 5040 947 5086 et
976 5040 1151 5110 sextis
1179 5033 1451 5110 editionis
1482 5039 1881 5110 testimonium
1923 5058 2052 5110 pro-

410 5103 560 5182 ferre
592 5103 673 5159 ad
697 5104 852 5160 idem
885 5106 1203 5182 ostendend
1216 5124 1246 5182 υ
1259 5124 1337 5182 ni:
1350 5180 1357 5182 _
1371 5107 1643 5182 Vicissim
1665 5110 1909 5166 Duceus
1923 5103 2050 5182 opi-

410 5174 833 5251 nionemsuam
861 5178 1208 5251 anictoritate
1227 5179 1358 5234 LXX
1380 5180 1769 5251 interpretum
1795 5174 2053 5238 Eusebii-

409 5264 522 5320 que
545 5253 601 5302 et
633 5249 792 5319 Regii
825 5250 1013 5319 quarti
1049 5250 1395 5304 confirmare
1429 5249 1796 5320 potérat.Nec
1818 5254 1958 5309 illud
1977 5257 2051 5310 si-

409 5317 587 5374 lentio
649 5317 1141 5396 praetereundum,
1194 5321 1252 5374 in
1312 5317 1638 5396 Colliertino
1685 5327 1872 5396 primo
1903 5327 2050 5382 scri-

409 5397 573 5514 ptum
609 5393 846 5462 reperiri
883 5393 1139 5446 secunda
1170 5398 1227 5446 et
1248 5394 1462 5448 recenti
1503 5393 1703 5464 manu,
1765 5393 1898 5465 ξύλα
1952 5402 2047 5451 τοῦ

446 5464 826 5514 ουμοῦ.ἰὶσηα
880 5467 1155 5514 memoris.
1218 5463 1320 5514 Hic
1380 5482 1614 5514 numme
1673 5486 1905 5514 manem
1965 5473 2047 5514 in-

445 5464 640 5540 puncti,
673 5465 1155 5540 ligna‘memoris.
1203 5463 1320 5540 _H_ic
1380 5482 1614 5540 quoque
1673 5463 1905 5524 monere
1957 5473 2048 5540 ju-

406 5527 525 5599 vat,
560 5534 680 5602 illa,
713 5527 740 5588 δ
775 5527 1023 5613 Ἐϐραῖος
1051 5534 1149 5613 καὶ.
1171 5533 1221 5586 οἱ
1255 5527 1462 5613 λοιποὶ,
1493 5527 1588 5613 τὀῦ
1629 5539 1862 5613 Κυρίου.
1878 5527 2044 5596 reiici-

409 5625 556 5678 κασι,
587 5624 718 5679 quae
749 5606 905 5680 apud
964 5606 1260 5664 Nobilium
1308 5608 1367 5666 in
1419 5611 1660 5668 modum
1709 5606 1919 5670 scholii
1960 5615 2042 5672 le-

2167 4331 2592 4406 guntur,ripsa
2635 4347 2766 4406 esse
2851 4333 3028 4406 verba
3085 4331 3485 4404 antiquissimi
3536 4332 3834 4406 interpre~

2166 4405 2243 4458 tis
2275 4403 2528 4458 Eusebii.
2572 4403 2785 4474 Aquila
2829 4409 2886 4459 et
2942 4403 3280 4474 Theodotio,
3334 4409 3397 4474 ut
3455 4404 3663 4460 scribit
3696 4403 3831 4474 'Du-

2092 4496 2132 4560 υ
2167 4491 2342 4560 ςαξοβ,
2395 4472 2714 4560 utrumque
2772 4475 3033 4560 amplexi.
3085 4472 3428 4560 ξυηΐχὲύολα
3477 4478 3573 4560 τοῦ
3634 4473 3834 4560 πεδίου

2170 4543 2388 4619 Κυρίου,
2425 4547 2579 4617 ligna
2609 4543 2789 4618 campi
2807 4543 3052 4602 Domini.
3094 4547 3210 4602 Nos
3227 4543 3386 4602 'nihil
3408 4547 3736 4619 quidquam
3764 4549 3831 4606 in

2168 4623 2438 4672 contextu
2472 4621 2820 4674 mutandum
2855 4619 3218 4689 censuimus.
3274 4619 3391 4674 Hoc
3439 4621 3570 4689 ipso
3602 4621 3660 4674 in
3693 4619 3830 4678 loco

2167 4695 2414 4763 uterque
2445 4689 2604 4745 Golb.
2637 4697 2692 4744 et
2717 4691 2832 4745 duo
2866 4691 3046 4763 Regii,
3081 4688 3389 4763 ἐφύτευσας.
3443 4688 3596 4746 Editi
3626 4699 3686 4747 et
3721 4693 3831 4748 He-

2164 4762 2240 4832 gii
2275 4760 2501 4832 primus
2532 4768 2589 4816 et
2608 4763 2837 4825 tertius,
2874 4760 3178 4832 ἑφύτευσεν.

2235 4782 2240 4815 l
2275 4782 2501 4832 ρῐίωυε
2532 4782 2589 4816 CI.
2608 4782 2837 4825 tertius,
2874 4782 3178 4888 εἷυτευσεν.

2235 4833 2347 4902 (18)
2376 4834 2464 4904 ita
2497 4839 2742 4903 uterque
2799 4833 2896 4888 Col
2945 4838 3172 4889 ertinus
3222 4837 3277 4887 et
3318 4836 3456 4904 Reg.
3492 4833 3824 4891 secundus.

2165 4907 2334 4959 Deest
2363 4903 2468 4956 ἀπό
2501 4904 2560 4958 in
2591 4903 2836 4974 reliquis
2859 4921 3004 4960 mss.
3039 4910 3097 4960 et
3122 4905 3180 4960 in
3205 4903 3454 4960 excusis.

2233 4975 2344 5046 (49)
2382 4975 2540 5030 Prior
2565 4976 2740 5031 editio
2775 4975 2956 5033 Paris.
2989 4980 3046 5031 et
3073 4977 3333 5047 quinque
3390 4991 3824 5047 mss.,_na_naxe-

2161 5047 2533 5119 κοσμημέναι,
2564 5056 2868 5112 exornata},
2930 5045 3146 5119 inepte.
3176 5045 3468 5103 Posterior
3521 5045 3703 5100 editio
3761 5055 3825 5104 et

2160 5117 2316 5192 Cclb.
2351 5121 2680 5192 secundus,
2709 5137 2970 5171 κατακεκο
2981 5117 3260 5191 μισμέναι,
3281 5121 3616 5192 exportata,
3640 5122 3818 5190 apte:

2159 5194 2217 5244 et
2247 5189 2326 5242 ita
2357 5190 2570 5252 legerat
2599 5190 2965 5246 Tilmannus.

2231 5261 2340 5332 (20)
2371 5261 2530 5333 Cdolb.
2565 5263 2878 5333 secundus,
2909 5259 3155 5322 τούτους.
3193 5264 3353 5318 Haud
3388 5260 3561 5333 longe
3584 5258 3820 5332 aliquot

2160 5330 2329 5407 ms_s.,
2362 5330 2589 5407 εῦραμεν
2621 5332 2945 5407 λεγομένην.

2227 5399 2510 5479 (21-)11Ιυὰ
2556 5399 2831 5478 loquendi
2880 5399 3091 5479 genus,
3121 5401 3429 5479 Δἐσθίοντας
3513 5399 3810 5479 τράπεζαν,

2155 5475 2550 5548 manducantes
2598 5475 3305 5543 mensam,'Hebraismus
3356 5485 3474 5538 est;
3526 5475 3811 5548 idemque

2152 5544 2337 5676 ἔξιὲὲἓᾶ
2348 5556 2525 5621 atque
2555 5548 2612 5605 id
2647 5551 2803 5624 quod
2838 5549 3086 5622 Vulgata
3113 5547 3351 5622 legitur,
3391 5547 3686 5605 comedunt
3709 5544 3810 5605 'de
