4130 6210
1386 40 1417 55 ,σ-

264 272 271 275 ⁷
289 280 397 342 269

1084 232 1510 339 ὀοΜΜΕΝτ.
1554 275 1637 337 1N
1678 274 1958 338 ISAIAM
1997 274 2507 341 PROPHETAM.
2552 280 2727 343 CAP.
2771 281 2850 342 Ῑῐ.

3563 274 3691 352 2⁸10

291 406 522 485 δένδροις
544 412 648 476 τῆς
678 404 948 482 αἰσχόνης
978 405 1053 468 ὡς
1083 400 1291 484 φοϐερᾶ
1328 404 1654 462 ἀπειλεῖται.
1683 403 1781 459 Διά
1806 406 1917 477 (22)

2034 405 2354 479 Scriptura.
2379 409 2566 473 Quare
2587 414 2644 467 et
2669 428 2768 468 rex
2798 417 2984 468 Basan
3006 413 3090 486 0g
3115 413 3446 488 appellatus
3476 422 3583 475 est.
3603 368 3694 492 0g

295 502 439 552 τοῦτο
466 495 556 551 καὶ
589 497 616 551 6
666 493 923 570 βασιλεὺς
955 500 1057 564 τῆς
1106 494 1283 551 Βασᾶν
1313 501 1413 571 Ὧγ
1470 494 1924 570 προσηγόρευται.

297 589 386 661 Ὢγ
434 583 490 641 δὶ
539 583 894 662 ἑρμηνεύεται
946 581 1256 659 διάφραξις’
1308 584 1382 647 ὡς
1437 588 1545 639 τῶν
1605 581 1774 657 ἔργων
1831 583 1931 649 τῆς

296 674 550 750 αἰσχύνης
579 674 682 742 τήν
716 669 841 728 ὁδὸν
890 674 1027 745 ἡμῖν
1075 679 1173 742 τῆς
1221 672 1494 750 σωτηρίας
1549 671 1929 749 ἀποφρασσόν-

295 784 410 821 των.
443 763 646 840 Πόρνοι
693 762 818 838 γὰρ,
870 762 961 817 καὶ
1016 762 1231 838 μοιχοὶ,
1262 762 1352 817 καὶ
1409 760 1668 835 μαλακοὶ,
1698 760 1787 815 καὶ
1840 760 1930 835 ἀρ-

298 858 605 921 σενοκοῖται,
638 851 729 906 καὶ
755 850 948 913 πάντες
977 857 1077 921 τῆς
1104 849 1374 926 αἲσχόνης
1406 849 1626 927 ἐργάται
1681 850 1784 904 ὑπὸ
1831 852 1928 903 τοῦ

295 949 382 1018 Ὠγ
416 939 821 1017 βασιλεύοντος,
851 943 948 994 τοῦ
988 941 1089 1008 τὴν
1138 940 1243 993 ἀπὸ
1293 943 1427 995 Θεοῦ
1477 936 1741 1007 διακοπὴν
1793 936 1930 1012 ἆνερ-

294 1035 527 1106 γοῦντος’
560 1030 618 1085 ’ὸν
652 1023 928 1104 συντρίϐει
957 1028 986 1082 6
1015 1027 1217 1104 Κῦριος
1250 1027 1332 1082 ἐπ’
1361 1026 1639 1102 ἐλευθερίᾳ
1666 1030 1773 1081 τῶν
1804 1045 1929 1100 κρα-

290 1121 577 1193 τουμὲνων.
610 1117 1069 1193 Ἐξομολογεῖσθε
1114 1116 1213 1192 γὰρ
1261 1120 1340 1189 τῷ
1389 1114 1592 1191 Κυρίῳ,
1644 1114 1726 1170 ὅτι
1783 1134 1927 1189 χρη-

289 1209 422 1281 στὸς,
467 1212 548 1281 τῷ
620 1205 913 1278 πατάξαντι
985 1203 1231 1283 βασιλεῖς
1292 1203 1589 1280 μεγάλους,
1642 1203 1733 1258 καὶ
1792 1203 1926 1258 ἀπο-⁸

289 1298 543 1353 κτείναντι
607 1295 855 1373 βασιλεῖς
911 1292 1224 1372 κραταιοὺς,
1281 1294 1373 1350 τὸν
1462 1294 1623 1366 Σηὼν
1687 1293 1778 1349 καὶ
1833 1291 1927 1347 τὸν

299 1387 409 1461 Ὠγ.

356 1478 441 1531 92.
492 1474 599 1532 Καὶ
657 1472 746 1530 ἰπὶ
794 1478 898 1528 πᾶν
960 1469 1112 1549 ὅρος,
1169 1472 1261 1529 καὶ
1336 1471 1425 1528 ἐπὶ
1480 1473 1655 1528 πάντα
1711 1472 1926 1547 βουνὸν,

290 1564 371 1619 καὶ
442 1563 530 1620 ἐπὶ
612 1562 787 1619 πάντα
862 1561 1070 1637 πύργον
1152 1561 1387 1638 ὑψηλόν.
1444 1564 1643 1637 ’Ὠσπερ
1699 1560 1767 1615 τὰ
1821 1557 1922 1635 ὅρη

290 1654 417 1728 πρὸς
442 1652 574 1715 τοὺς
605 1652 830 1727 βουνοὺς
868 1653 969 1722 τήν
1014 1650 1151 1707 κατᾶ
1205 1651 1427 1727 μέγεθος
1468 1646 1583 1726 ἔχει
1642 1647 1924 1727 διαφορὰν,

2039 500 2234 551 autem
2269 497 2690 568 interpretatur
2710 503 3155 571 obstruclionem,
3180 505 3335 575 quod
3369 506 3692 577 turpitudi-

2040 585 2130 639 nis
2150 601 2324 656 opera
2340 586 2546 643 salutis
2562 589 2731 645 nobis
2754 591 2903 645 viam
2926 591 3369 663 praecludant“.
3392 593 3690 652 Scortato-

2039 690 2130 726 res
2161 674 2335 740 enim,
2360 676 2630 750 adulteri,
2656 678 2958 739 molles.et
2988 681 3088 752 qui
3117 682 3518 737 concumbunt
3547 700 3683 740 cum

2039 762 2338 833 masculis,
2363 781 2685 837 omnesque
2709 767 3043 838 ignominiae
3073 770 3323 840 operarii
3344 770 3430 844 Og
3449 770 3563 844 ipsi
3585 789 3686 831 eos

2038 867 2072 905 a
2101 850 2216 906 Deo
2247 854 2582 924 praesidenti
2615 872 2681 910 ac
2711 858 3030 928 separanti,
3062 875 3164 913 ceu
3201 859 3321 931 regi
3355 860 3684 932 subjiciun-

2035 943 2170 1007 tur;
2208 958 2380 1013 quem
2412 943 2661 998 conterit
2706 943 3018 1011 Dominus,
3053 950 3117 1001 ut
3146 946 3209 1012 ii,
3241 948 3460 1019 quibus
3488 950 3684 1006 domi-

2038 1033 2232 1098 natur,
2290 1029 2631 1087 liberentur.
2682 1034 3035 1102 Con/itemini
3079 1037 3225 1091 enim
3278 1040 3510 1094 Domino
3542 1054 3682 1112 quo-

2035 1118 2189 1171 niam
2239 1119 2409 1174 bonus
2465 1122 2563 1191 qui
2608 1124 2877 1191 percussit
2930 1139 3080 1195 reges
3109 1142 3359 1195 magnos,
3393 1134 3449 1182 et
3476 1128 3684 1185 occidit

2034 1221 2185 1277 reges
2212 1209 2399 1280 fortes,
2432 1208 2568 1265 Seon
2599 1213 2648 1265 ct
2676 1212 2750 1281 Og
2782 1212 2847 1265 ‘5.

2104 1475 2194 1530 92.
2226 1475 2404 1531 Vane.
2438 1478 2524 1547 14,
2559 1478 2645 1532 15.
2676 1478 2744 1532 Et
2771 1494 2936 1551 super
2964 1495 3177 1536 omnem
3218 1483 3475 1552 montem,
3505 1488 3558 1538 et
3584 1497 3678 1539 su-

2034 1580 2133 1627 per
2158 1581 2375 1620 omnem
2406 1564 2631 1633 collem,
2661 1570 2710 1621 et
2740 1583 2902 1637 super
2921 1584 3140 1624 omnem
3162 1571 3361 1625 turrim
3384 1571 3678 1628 excelsam.

2035 1653 2541 1715 Quemadmodum
2566 1659 2796 1710 montes
2818 1655 3112 1712 acollibus
3131 1657 3536 1730 magnitudine
3561 1658 3682 1715 die-

287 1747 361 1815 τῷ
390 1739 444 1798 δὶ
474 1743 657 1813 λοιπῷ
678 1741 747 1796 τὰ
778 1740 915 1796 αὐτὰ
946 1739 1222 1811 ἀλλήλοις
1243 1740 1404 1796 ἐστίν·
1438 1740 1581 1795 οὕτω
1611 1739 1701 1843 καὶ
1732 1739 1786 1793 αἱ

2037 1747 2297 1814 crepant,
2351 1743 2452 1799 sed
2506 1743 2566 1798 in
2602 1743 2846 1815 reliquis
2882 1744 3122 1800 omnino
3173 1745 3327 1801 inter
3379 1762 3441 1801 se
3474 1763 3684 1804 conve-

286 1830 510 1887 ίναντίαι
543 1828 802 1904 δυνάμεις
851 1832 922 1905 τῇ
981 1830 1076 1903 μὲν
1126 1829 1435 1905 προαιρέσει
1486 1826 1763 1898 ἀλλήλαις
1814 1825 1923 1882 ἐοί-

2039 1830 2206 1885 niunt
2230 1847 2243 1885 :
2272 1830 2429 1886 itaet
2448 1832 2753 1887 contrariae
2781 1836 3099 1905 potestates
3121 1834 3418 1906 proposito
3445 1834 3681 1906 quidem

288 1940 425 1989 κασι,
452 1924 530 1993 τῷ
581 1917 638 1975 δὲ
672 1917 883 1994 μεγέθει
941 1923 1050 1974 τῶν
1106 1915 1462 1993 ἀδικημάτων
1521 1915 1924 1991 διενηνόχασιν.

297 2008 523 2073 Εἰκότως
558 2007 655 2063 οὖν
686 2009 779 2063 καὶ
834 2008 972 2063 κατά
1022 2007 1227 2064 τούτων
1275 2011 1310 2078 ἡ
1344 2009 1455 2081 (24)
1503 2006 1685 2082 ἠμέρα
1723 2004 1926 2081 Κυρίου

288 2093 508 2154 Σαϐαὼθ
570 2098 905 2169 ὶνστήσεται.
964 2096 1025 2152 Τί
1085 2094 1143 2152 δὶ
1216 2096 1472 2172 βούλεται
1544 2096 1627 2167 τὸ,
1684 2095 1783 2152 Καὶ
1836 2092 1924 2149 ἐπὶ

283 2188 443 2243 πάντα
490 2186 741 2263 animos;
790 2187 854 2242 Ὀ
901 2184 1106 2263 πύργος
1155 2184 1295 2240 ἐντὶν
1360 2183 1570 2260 ὑψηλὸν
1619 2184 1926 2254 σκοπευτή-

287 2296 391 2351 ριον
432 2277 574 2352 πρὸς
618 2274 866 2351 φυλακην
916 2274 1153 2344 πόλεως,
1185 2275 1274 2330 καὶ
1320 2278 1515 2351 γνῶσιν
1558 2270 1765 2350 ἐφόδων
1823 2293 1923 2327 πο-

284 2364 515 2438 λεμικῶν
546 2362 881 2435 ἐπιτήδειον.
901 2367 1166 2426 Τοιοῦτος
1197 2366 1333 2436 ἡμῖν
1367 2359 1581 2418 δίδοται
1601 2362 1690 2417 καὶ
1722 2362 1751 2416 ό
1776 2364 1921 2428 νοῦς,

283 2452 606 2529 φυλακτικος
644 2458 753 2509 τῶν
804 2453 1043 2528 ἀγαθῶν,
1095 2453 1459 2529 προορατικὸς
1521 2455 1628 2506 τῶν
1701 2444 1923 2505 ἐπιϐού-

284 2542 406 2600 λων.
437 2547 643 2599 Τοῦτον
674 2542 740 2598 οὗ
796 2543 909 2619 ’χρή
962 2541 1014 2597 ἐν
1074 2542 1247 2613 ἑαυτῷ
1278 2538 1401 2596 οὐδὲ
1432 2537 1522 2595 διὰ
1560 2543 1668 2594 τῶν
1716 2538 1918 2616 γηίνων

277 2635 370 2702 τήν
413 2632 489 2696 εἰς
552 2631 782 2708 οὐρανὸν
829 2628 1021 2686 ἄνοδον
1079 2628 1569 2706 πραγματεύεσθαι.
1601 2622 1919 2683 Καταϐαίνει

276 2721 370 2796 γὰρ
395 2723 424 2777 ὁ
454 2720 667 2796 Κύριος
695 2720 833 2796 πρὸς
864 2719 1023 2775 αὐτὸν
1060 2722 1209 2774 κάτω
1254 2716 1485 2773 πεσόντα
1528 2714 1618 2772 διὰ
1670 2717 1733 2771 τὸ
1785 2717 1920 2794 φρό-

276 2832 436 2884 νημα,
466 2810 567 2865 καὶ
591 2809 693 2878 τὴν
740 2808 878 2884 πρὸς
916 2809 977 2864 τὸ
1006 2808 1168 2863 κακὸν
1219 2807 1385 2862 αὐτοῦ
1433 2805 1747 2884 συμφωνίαν
1798 2802 1913 2860 δια-

277 2903 375 2969 σπᾷ
428 2897 511 2954 ἐπ’
574 2896 854 2975 εὐεργεσίᾳ
908 2895 996 2951 καὶ
1070 2894 1335 2971 σωτηρίᾳ.
1372 2894 1516 2970 Ἡιρὶ
1566 2900 1667 2963 τῆς
1720 2891 1916 2948 τούτου

2034 1926 2091 1978 et
2107 1920 2352 1978 consilio
2383 1922 2492 1977 sibi
2524 1922 2771 1978 invicem
2805 1928 2945 1980 sunt
2973 1924 3334 1992 consimiles,
3367 1925 3468 1981 sed
3500 1924 3682 1982 scele-

2036 2028 2164 2066 rum
2198 2010 2609 2083 magnitudine
2640 2012 2940 2067 differunt.
2972 2013 3175 2069 Merito
3207 2013 3388 2087 igitur
3416 2014 3540 2070 dies
3572 2015 3681 2071 Do-

2036 2100 2180 2155 mini
2209 2100 2460 2156 Sabaoth
2511 2099 2644 2156 illos
2703 2101 2957 2157 invadet.
2991 2101 3141 2167 Quid
3194 2108 3392 2160 autem
3427 2102 3537 2159 hoc
3566 2102 3683 2160 sibi

2032 2188 2161 2245 vult
2189 2206 2202 2245 :
2235 2190 2300 2244 ει
2344 2204 2513 2261 super
2555 2205 2771 2245 omnem
2803 2191 3006 2246 turrim
3028 2194 3054 2245 .9
3090 2191 3295 2248 Turris
3327 2192 3567 2264 specula
3598 2197 3687 2249 est

2032 2278 2300 2333 eminens
2330 2278 2401 2332 ad
2433 2278 2710 2333 tuendam
2760 2279 3081 2345 civitatem,
3111 2283 3168 2335 et
3197 2280 3267 2335 ad
3308 2279 3551 2336 bellicos
3585 2280 3680 2335 in-

2031 2383 2238 2422 cursus
2284 2367 2721 2439 cognoscendos
2762 2368 3223 2424 accommodata.
3254 2372 3414 2425 Mens
3445 2385 3682 2442 quoque

2030 2456 2323 2528 ejusmodi
2366 2472 2646 2513 concessa
2692 2457 2861 2512 nobis
2890 2460 3002 2527 est,
3050 2457 3337 2514 bonorum
3368 2462 3587 2527 custos,
3620 2463 3680 2515 et

2030 2560 2158 2616 quae
2188 2544 2538 2601 insidiantes
2582 2545 2898 2617 prospiciat
2939 2562 3007 2601 ac
3055 2546 3475 2619 deprehendat.
3512 2549 3676 2604 Hunc

2029 2651 2219 2706 neque
2256 2650 2360 2705 per
2388 2650 2450 2689 se
2483 2651 2671 2706 neque
2702 2650 2805 2707 per
2834 2651 2927 2690 res
2957 2639 3223 2692 terrenas
3254 2650 3562 2692 ascensum
3596 2637 3671 2692 ad

2028 2722 2235 2778 caelum
2271 2722 2461 2778 moliri
2495 2726 2740 2794 oportet.
2785 2723 2867 2778 Ad
2900 2722 3089 2796 ipsam
3138 2723 3293 2779 enim
3325 2725 3398 2780 ob
3448 2724 3667 2780 fastum

2026 2813 2300 2867 deorsum
2343 2810 2679 2884 prolapsam
2712 2811 3011 2867 descendit
3060 2812 3365 2880 Dominus,
3395 2828 3462 2868 ao
3492 2812 3666 2867 bene-

2025 2900 2139 2956 ﬁcii
2172 2905 2230 2956 et
2256 2899 2464 2955 salutis
2496 2914 2652 2972 ergo,
2673 2898 2824 2954 hanc
2850 2899 3038 2971 ipsius
3061 2917 3193 2956 cum
3229 2898 3382 2955 malo
3415 2897 3668 2955 necessi-

274 2984 564 3061 οἰκοδομῆς
597 2984 811 3043 κελεύει
843 2987 993 3058 ἡμᾶς
1034 2986 1064 3040 6
1117 2984 1313 3060 Κύριος
1365 2983 1681 3048 καθίσαντας
1737 2982 1914 3057 ψηφί-

2034 2989 2290 3045 tudinem
2321 2988 2935 3060 conspirationemque
2956 2989 3227 3061 dissipat.
3249 2988 3425 3045 Jubet
3454 2990 3525 3045 de
3554 2987 3667 3044 bu-

276 3095 376 3145 σαι,
437 3076 486 3131 εἰ
556 3071 764 3153 ἔχομεν
848 3075 917 3130 τὰ
996 3073 1136 3151 πρὸς
1215 3072 1597 3149 ἀπαρτισμὸν,
1655 3072 1731 3134 ὡς
1815 3069 1914 3142 δη-

2023 3080 2127 3151 jus
2157 3077 2385 3132 aedificii
2410 3076 2627 3131 fabrica
2654 3076 2954 3143 Dominus,
2989 3081 3053 3133 ut
3073 3077 3345 3134 sedentes
3368 3080 3673 3150 compute-

277 3163 364 3220 λοῖ
390 3164 526 3232 αὐτή
556 3145 936 3241 ἠησόμφρασις
965 3145 1064 3218 rei;
1092 3145 1589 3238 ΕὖαγγελίουξΤὸν
1638 3159 1731 3216 οὖν
1780 3161 1918 3236 ὑψη-

2034 3145 2188 3232 mus,
2220 3182 2294 3219 an
2328 3181 2395 3219 ea
2426 3162 2644 3236 quibus
2672 3181 2821 3237 opus
2863 3170 2951 3219 est
2982 3166 3054 3221 ad
3087 3145 3531 3237 perficiendum,
3561 3165 3671 3220 ha-

280 3250 517 3328 λόφρονα
563 3273 714 3321 νουν,
764 3252 854 3307 καὶ
905 3250 1227 3328 ὑπέρογκον,
1272 3249 1360 3305 καὶ
1407 3251 1610 3312 πάντας
1658 3248 1922 3320 ἰξευτελί-

281 3344 454 3410 ζοντα,
510 3341 605 3397 καὶ
668 3341 855 3396 ἑαυτὸν
919 3338 1282 3415 μακαρίζοντα
1332 3333 1613 3418 φοϐεῖσθαι
1671 3339 1700 3394 6
1757 3337 1924 3412 λόγος

273 3430 364 3497 τὴν
418 3430 639 3507 ἡμέραν
708 3428 906 3505 Κυρίου
959 3427 1233 3505 βούλεται.
1283 3429 1383 3482 Καὶ
1430 3426 1519 3482 ἐπὶ
1574 3433 1678 3482 πᾶν
1733 3432 1920 3503 τεῖχος

276 3517 501 3592 ὑψηλόν.
536 3518 719 3575 Πάλιν
749 3522 935 3594 τεῖχος
968 3513 1143 3590 ἔρυμά
1181 3514 1291 3571 ἐστι
1335 3515 1473 3591 πρὸς
1525 3514 1772 3593 φυλακὴν
1820 3514 1921 3571 πό-

274 3604 406 3663 λεων
461 3608 870 3681 πεποιημένον,
923 3606 1011 3661 καὶ
1067 3605 1165 3668 τὰς
1218 3599 1534 3680 προσϐολὰς
1591 3609 1699 3659 τῶν
1747 3603 1919 3660 πολε-

271 3693 404 3767 μίων
452 3696 943 3773 ἀποκρουόμενον
973 3693 1149 3755 οὕτως
1196 3692 1298 3748 εἳσί
1338 3714 1478 3756 τινες
1522 3693 1612 3749 καὶ
1652 3691 1835 3767 λόγοι,
1867 3694 1921 3748 οἱ

268 3784 362 3854 μὲν
421 3784 482 3841 ἐκ
527 3788 641 3855 τῆς
697 3782 953 3854 ἀληθείας
1008 3782 1177 3851 αὐτῆς
1233 3784 1603 3858 περικείμενοι
1659 3785 1820 3857 ἡμῖν,
1856 3783 1921 3837 τὸ

264 3872 611 3951 ἆκαθαίρετον
665 3878 771 3928 τῶν
823 3877 1110 3947 σωτηρῖων
1161 3869 1452 3946 δογμάτων
1495 3867 1917 3943 διατηροῦντες’

260 3958 308 4016 ei
354 3960 410 4019 δὲ
457 3963 522 4021 ἐκ
580 3969 691 4033 τῆς
739 3961 927 4032 ἔξωθεν
977 3959 1220 4023 ἐπινοίας
1274 3961 1411 4035 πρὸς
1471 3960 1747 4036 ὀχύρωσιν
1792 3959 1922 4035 ψεύ-

260 4049 376 4115 δους
416 4053 511 4108 καὶ
575 4050 835 4131 φυλακὴν
905 4051 1269 4123 ματαιότητος
1317 4046 1815 4120 ἑπιτετηδευμὲνοι.
1860 4049 1923 4104 Ἡ

257 4141 353 4217 γὰρ
380 4149 483 4212 τῆς
516 4140 878 4209 διαλεκτικῆς
908 4137 1136 4213 δύναμις
1164 4138 1356 4214 τεῖχός
1400 4138 1510 4193 ἐστι
1559 4142 1677 4199 τοῖς
1710 4135 1921 4213 δόγμα-

263 4251 360 4300 σιν,
392 4231 495 4287 οὐκ
550 4230 705 4285 ἐῶσα
764 4227 898 4284 αὐτὰ
952 4225 1320 4302 εὐδιάρπαστα
1351 4226 1615 4282 εἶναικαὶ
1674 4225 1926 4283 εὐάλωτοι

262 4325 375 4383 τοῖς
409 4319 807 4397 βουλομᾶνοις.
838 4317 935 4372 Διά
961 4321 1123 4372 τοῦτο
1152 4316 1220 4372 τὰ
1277 4317 1370 4391 μὲν
1419 4322 1519 4386 τῆς
1558 4317 1927 4390 Ἰερουσαλὴμ

259 4410 416 4485 τείχη
448 4406 782 4485 ἀνάγραπτά
810 4404 951 4461 ἐστιν
984 4404 1076 4460 ἐπὶ
1113 4410 1222 4460 τῶν
1271 4409 1476 4482 χειρῶν
1525 4410 1624 4460 τοῦ
1680 4404 1885 4480 Κυρίου
1908 4423 1921 4436 '

2034 3256 2295 3321 beamus,
2346 3252 2430 3307 uti
2453 3253 2649 3325 ipsum
2676 3253 2970 3326 Evangelii
2995 3253 3306 3309 consilium
3331 3253 3589 3309 declarat
3607 3253 3673 3308 ⁵⁷.

2032 3343 2165 3399 Vult
2180 3343 2360 3415 igitur
2376 3342 2679 3413 Scriptura
2701 3346 2763 3397 ut
2797 3341 2948 3397 hanc
2969 3342 3199 3397 Domini
3219 3342 3371 3398 diem
3397 3342 3674 3398 formidet

2031 3450 2099 3489 ac
2147 3437 2367 3489 metuat
2412 3431 2648 3487 animus
2694 3430 2814 3501 ilie,
2872 3431 2974 3503 qui
3022 3431 3093 3488 de
3143 3447 3205 3487 se
3254 3431 3370 3487 alte
3402 3430 3579 3488 sentit
3608 3448 3677 3487 ao

2030 3522 2185 3577 ultra
2200 3523 2439 3577 modum
2463 3520 2824 3588 intumescit,
2840 3521 3058 3593 quique
3080 3537 3286 3593 aspern
3298 3525 3431 3577 atur
3446 3536 3674 3592 omnes,

2031 3615 2087 3666 et
2117 3627 2179 3666 se
2211 3611 2336 3683 ipse
2384 3610 2660 3681 praedicat
2704 3610 2963 3665 beatum.
2998 3610 3062 3664 Et
3106 3625 3276 3680 super
3302 3626 3521 3666 omnem
3547 3626 3675 3666 mu-

2030 3716 2151 3754 rum
2175 3699 2473 3755 excelsum.
2497 3702 2749 3753 Rursum
2776 3715 2983 3753 murus
3007 3702 3239 3770 septum
3264 3701 3355 3753 est
3385 3715 3451 3752 ac
3481 3697 3676 3753 muni-

2031 3805 2163 3843 men
2183 3788 2252 3843 ad
2277 3786 2690 3843 custodiendas
2718 3786 3002 3858 civitates,
3035 3791 3093 3842 et
3122 3787 3192 3842 ad
3219 3785 3463 3842 hostiles
3493 3786 3675 3858 impe-

2030 3881 2126 3932 tus
2160 3876 2590 3948 propulsandos
2609 3880 2967 3930 exstructum
2996 3892 3009 3929 :
3044 3876 3125 3931 ita
3137 3880 3279 3931 sunt
3297 3879 3353 3929 et
3374 3889 3676 3930 sermones

2029 3965 2290 4037 quidam,
2323 3964 2540 4035 quibus
2590 3963 2663 4018 ab
2715 3962 2844 4034 ipsa
2888 3963 3129 4018 veritate
3176 3962 3594 4034 praecingimur
3621 3965 3680 4017 et

2032 4053 2357 4122 munimur,
2390 4052 2491 4123 qui
2523 4050 2638 4106 vim
2672 4050 3023 4107 salutarium
3058 4053 3399 4123 dogmatum
3430 4049 3677 4122 inexpu-

2032 4142 2329 4216 gnabilem
2364 4145 2642 4197 tuentur:
2677 4139 2774 4194 alii
2806 4156 2941 4194 vero
2987 4141 3058 4194 ab
3090 4144 3328 4195 externa
3359 4137 3576 4194 astutia
3606 4137 3681 4193 ad

2031 4230 2530 4288 corroborandum
2567 4227 3102 4284 444mendacium
3127 4233 3183 4282 et
3212 4228 3283 4282 ad
3317 4226 3683 4283 retinendam

2032 4319 2349 4375 vanitatem
2398 4335 2611 4391 magna
2661 4334 2797 4374 cum
2841 4316 3144 4386 diligentia
3192 4321 3331 4372 sunt
3362 4315 3689 4387 sxcogitsti.

2035 4409 2135 4463 Vis
2152 4424 2410 4479 namque
2438 4407 2794 4472 dialectices,
2820 4406 3161 4478 dogmatum
3180 4410 3270 4460 est
3299 4422 3528 4474 murus,
3561 4421 3693 4477 quae

262 4498 325 4552 τὰ
381 4495 439 4553 δὲ
496 4498 875 4572 Ἱεριχοῦντος
952 4494 1055 4549 ὑπὸ
1107 4498 1291 4564 Ἰησοῦ
1347 4499 1709 4571 καθαιρεῖται,
1770 4497 1923 4571 φωνῇ

2034 4514 2100 4554 ea
2130 4515 2163 4552 a
2192 4496 2561 4570 quibuslibet
2591 4496 2693 4567 qui
2737 4494 2971 4562 vellent,
3005 4494 3175 4550 facile
3231 4494 3557 4567 interverti,
3591 4497 3694 4550 aut

267 4587 403 4662 μόνῃ
434 4584 809 4656 διαλυόμενα.
843 4585 994 4638 "Avo:
1028 4583 1123 4657 μὲν
1155 4581 1247 4637 οὖν
1284 4583 1425 4656 μόνα
1460 4584 1527 4637 τὰ
1568 4581 1756 4657 ὑψηλά
1801 4604 1923 4638 κατ-

2042 4585 2209 4641 facile
2260 4585 2582 4657 expugnari
2632 4600 2748 4638 non
2781 4582 2943 4638 sinit.
2979 4583 3344 4655 Quapropter
3373 4583 3527 4638 muri
3558 4583 3688 4655 qui-

268 4681 551 4751 ηγορεῖται
581 4692 596 4705 ·
637 4672 868 4736 ἐνταῦθα
916 4669 977 4727 δὲ
1015 4671 1105 4726 καὶ
1151 4672 1219 4726 τὰ
1270 4670 1426 4747 ἶσχόν
1476 4691 1596 4726 τινα
1650 4671 1783 4745 μετά
1834 4676 1923 4726 τοῦ

2044 4677 2175 4731 dem
2208 4672 2534 4730 Jerusalem
2573 4672 2846 4728 manibus
2877 4671 3109 4727 Domini
3144 4671 3422 4745 descripti
3454 4672 3689 4729 sunt“:

265 4764 432 4837 ὕψους
492 4758 883 4840 ἕχοντα·τήν
944 4758 997 4816 ἐν
1043 4764 1165 4821 ταῖς
1222 4756 1630 4824 ἀποδεικτικαῖς
1686 4756 1923 4832 μεθόδοιι

2045 4767 2105 4818 at
2127 4762 2538 4820 Jsrichontinaa
2566 4762 2819 4817 civitatis
2852 4761 3068 4816 muenia
3095 4760 3219 4817 solo
3251 4761 3507 4816 clamore
3537 4760 3695 4815 diru-

273 4852 619 4923 πιθανότητα
679 4848 770 4905 ἐπὶ
824 4848 970 4905 πολὺ
1023 4853 1448 4923 κραταιωθεῖσαν
1498 4849 1583 4904 καὶ
1636 4850 1923 4922 ὁψωθεῖσαπ

2045 4856 2127 4916 ta,
2167 4867 2200 4905 a
2227 4850 2368 4906 Jesu
2400 4855 2744 4907 evertuntur
2772 4850 2836 4905 ω.
2871 4849 3155 4922 Superius
3206 4849 3446 4922 quidem
3475 4863 3544 4906 ea
3571 4848 3700 4905 sola

262 4946 447 5020 τεῖχος
484 4938 720 5018 ὑψηλὸν
748 4940 1029 5016 τροπικῶς
1061 4935 1316 5014 λὲγοντνς
1361 4941 1458 4993 τοῦ
1505 4939 1814 5016 προφήτου,
1845 4937 1923 4993 κατ

2049 4956 2176 5011 qua:
2216 4938 2445 4996 excelsa
2490 4943 2680 5009 erant,
2731 4939 3086 5013 reprehensa
3115 4944 3292 5007 sunt;
3324 4938 3422 4996 hic
3465 4954 3601 4997 vero
3630 4955 3702 4996 ea

335 5092 379 5129 ⁸⁵
409 5089 433 5145 1
463 5087 603 5145 Cor.
640 5102 728 5153 v1,
759 5085 846 5140 10.
921 5084 969 5120 ⁴⁶
999 5082 1150 5140 Psal.
1179 5099 1379 5148 οταν,
1413 5084 1463 5151 1,
1490 5083 1678 5138 17-20.
1755 5084 1799 5119 ⁴¹¹
1832 5088 1923 5138 ιω

2034 5099 2110 5152 ιν,
2142 5084 2231 5138 28.
2310 5083 2355 5120 ⁸³
2387 5084 2500 5140 Isa.
2540 5100 2692 5155 xux,
2726 5084 2813 5139 16.
2889 5083 2935 5122 ⁸⁹
2960 5087 3082 5140 Jos.
3116 5101 3194 5151 v1,
3223 5085 3314 5141 20.

336 5240 451 5311 (22)
481 5238 677 5303 Editi,
703 5234 819 5311 Kal
852 5231 960 5311 But.
994 5237 1067 5291 At
1096 5235 1261 5311 deest
1282 5233 1372 5311 καί
1396 5234 1455 5311 in
1489 5252 1659 5305 mss.,
1693 5234 1945 5292 nonnul-

272 5306 379 5378 lis;
412 5306 523 5367 nec
557 5309 823 5366 dubium
854 5307 1001 5379 quin
1036 5306 1258 5379 melius
1283 5307 1461 5379 absit.
1590 5378 1597 5379 γ
1870 5378 1873 5379 ν
2055 5307 2263 5363 riatur.

335 5373 454 5462 (23)
484 5383 777 5462 εἰσ-ωδε.
812 5373 1060 5462 aliquot.
1089 5377 1304 5462 Vocula
1332 5375 1386 5462 ex}
1418 5379 1476 5432 in
1510 5378 1686 5462 editis
1718 5378 1948 5462 deside-
2271 5379 2364 5462 Sic
2396 5395 2541 5462 mss.
2571 5378 2756 5462 nostri
2791 5394 3041 5462 omnes._
3077 5378 3287 5462 Aberat
3318 5373 3601 5462 articulus
3631 5376 3703 5432 ab

275 5447 540 5524 rebatur.
569 5454 714 5524 Mox
735 5447 1497 5524 ᾳυὶάοὶῐιωεεελάλλήλα-ις.
1523 5449 1636 5524 Alii
1668 5466 1800 5505 cum
1832 5449 1923 5505 edi

2060 5447 2252 5507 editis.
2286 5451 2493 5524 Statim
2524 5451 2784 5524 quinque
2815 5467 2987 5524 mss._.
3028 5448 3358 5524 ενσ-ιήσεται.
3392 5448 3545 5505 Editi
3573 5462 3706 5524 vero

275 5526 377 5591 tis,
407 5521 722 5597 ἀλλήλοιῇ
746 5517 889 5597 :Mox
909 5522 1074 5588 editi,
1106 5517 1382 5597 ἀλλήλαις
1413 5518 1923 5597 διενηνόχασινηεοι

2059 5528 2116 5579 et
2134 5524 2285 5597 _Reg.
2313 5517 2566 5597 primus,
2590 5517 2925 5595 ἐκστήσεται.
2958 5521 3222 5579 Subinde
3244 5538 3384 5580 mss.
3413 5517 3705 5587 nonnulli,

272 5590 409 5656 inde
426 5590 646 5658 vocem
663 5590 951 5666 ἀλλήλαις
983 5590 1365 5665 sustulimus,
1394 5598 1518 5652 tum
1545 5590 1699 5668 quod
1733 5610 1799 5653 so
1825 5594 1923 5651 loci

2061 5590 2582 5672 φυλακῆν’πόλεων.

2055 5234 2243 5308 otiosa
2268 5235 2367 5304 sit,
2395 5240 2524 5292 tum
2556 5236 2713 5308 quod
2744 5235 2804 5292 in
2838 5235 3057 5293 nostris
3085 5241 3185 5293 Sex
3215 5253 3359 5293 mss.
3391 5252 3506 5292 non
3536 5249 3703 5306 repe-
