4100 6220
454 328 568 392 371

1416 323 1814 386 APPENDIX
1857 325 2185 388 OPERUM
2230 326 2299 389 S.
2342 328 2626 392 BASlLll
2673 329 2946 392 MAGNI.

3745 334 3856 394 2⁵72

459 459 635 516 etiam
669 475 797 531 qua:
847 458 1086 532 aliquod
1132 457 1312 513 robur
1345 455 1678 512 celsitudini
1729 456 2108 528 conjunctum

2226 460 2703 532 καθαιρεθήσεσθαι
2755 458 2884 515 αὐτὸ
2935 460 2988 518 ἰν
3043 464 3111 536 τῇ
3161 461 3345 537 ἡμέρᾳ
3384 466 3482 517 τοῦ
3531 460 3731 538 Κυρίου
3761 459 3862 518 διι-

463 553 638 606 nacta
671 552 835 616 sunt,
870 552 1288 620 coarguuntur.
1326 545 1617 601 Nimirum
1670 544 1953 617 propheta
2000 545 2117 602 vim

2227 540 2649 621 ϐεϐαιουμένου.

465 639 857 712 persuadendi
891 639 948 692 in
999 635 1362 708 argumentis
1411 635 1888 691 demonstrativis
1935 635 2133 706 sitam,
2192 637 2445 693 multum
2508 639 2959 697 invalescentem
3006 644 3063 696 et
3109 640 3170 696 in
3232 641 3488 699 sublime
3524 648 3864 717 exsurgente

465 729 688 801 tropice
716 743 949 783 murum
985 726 1275 781 excelsum
1308 729 1628 796 nuncupat,
1661 728 1716 778 et
1746 740 1878 779 eum
1909 723 1968 778 in
2002 725 2235 781 Domini
2267 726 2362 782 die
2393 732 2688 784 asseverat
2717 745 2985 786 eversum
3019 730 3115 788 iri.

538 819 626 872 93.
661 817 835 873 Vens.
871 817 956 871 16.
981 816 1043 870 Et
1071 831 1232 886 super
1263 830 1478 870 omnem
1507 830 1700 869 navem
1726 815 1927 868 maris.
1951 814 2114 868 fEni-

470 914 668 981 gmata
698 910 839 962 sunt
868 906 937 960 ad
966 905 1345 960 exercendam
1391 908 1646 958 mentem
1681 907 1942 958 nostram
1977 920 2114 974 pro-

469 997 678 1070 posita,
704 999 769 1050 ut
790 1011 861 1050 ne
892 995 1210 1050 oscitanter
1229 992 1540 1048 audiamus
1563 993 1950 1063 Scripturam,
1972 1006 2114 1046 neve

469 1088 733 1144 animum
766 1087 822 1140 in
847 1091 1059 1140 terram
1083 1085 1429 1154 defigamus.
1463 1087 1783 1154 Postquam
1814 1083 1885 1136 de
1917 1081 2112 1137 animo

467 1176 584 1232 alta
604 1175 1035 1246 cogitante,nec
1063 1174 1133 1227 de
1154 1190 1216 1227 se
1246 1171 1501 1227 demisse
1525 1176 1624 1226 aut
1648 1170 1948 1225 humiliter
1978 1185 2112 1225 sen-

464 1264 646 1320 tiente
677 1278 1008 1318 sermonem
1041 1261 1270 1328 habuit,
1303 1259 1929 1331 consequenterjuxta
1959 1259 2111 1314 idem

465 1349 752 1419 allegoria:
779 1366 966 1420 genus
997 1349 1175 1404 etiam
1201 1348 1271 1403 de
1302 1347 1647 1418 corporibus
1671 1346 1954 1417 loquitur.
1987 1347 2113 1401 Non

467 1439 621 1496 enim
652 1439 779 1494 dies
811 1438 909 1492 illa
934 1437 1167 1492 Domini
1197 1436 1541 1491 inanimatis
1566 1435 1816 1491 navibus
1841 1435 2120 1490 formida-

467 1528 605 1584 bilis
653 1531 742 1584 est
797 1532 856 1582 et
917 1526 1366 1592 extimescenda,
1415 1527 1512 1580 sed
1572 1525 1667 1592 iis,
1713 1525 1814 1596 qui
1863 1541 1965 1596 per
2007 1541 2117 1579 sua

470 1616 785 1690 corporain
805 1631 1003 1672 amaro
1028 1616 1208 1686 hujus
1225 1614 1352 1670 vitae
1369 1615 1885 1686 ﬂuctujactantur.
1903 1616 2113 1680 Quem-

470 1707 788 1765 admodum
821 1705 976 1761 enim
1012 1703 1244 1777 navigia
1277 1721 1452 1761 onere
1502 1705 1818 1776 degravata
1850 1719 1965 1758 non
2001 1702 2112 1758 nisi

470 1813 621 1872 aegre
650 1794 779 1852 vehi
812 1799 1080 1867 possunt,
1111 1811 1176 1849 ac
1207 1794 1375 1850 facile
1406 1795 1665 1849 subeunt
1694 1792 2066 1864 naufragium
2097 1807 2111 1847 :

466 1888 550 1944 ita
579 1890 635 1942 et
663 1900 904 1956 corpora
924 1900 1048 1956 quae
1071 1882 1344 1956 plurimis
1378 1899 1444 1938 ac
1476 1881 1756 1938 uberibus
1787 1879 2011 1936 deliciis
2042 1881 2113 1936 ad

467 1974 894 2049 corpulentiam
961 1977 1231 2043 vergunt,
1285 1989 1388 2044 per
1442 1971 1803 2042 voluptatem
1853 1969 2114 2042 voragini

465 2062 1366 2139 perditionisinnatantia,maris
1381 2077 1558 2116 naves
1582 2058 2116 2131 appellantur.Vice

461 2170 631 2212 versa
659 2152 1071 2209 collaudantur
1099 2150 1354 2222 navigia,
1404 2149 1620 2221 quibus
1643 2153 1894 2203 utuntur
1925 2147 2022 2218 qui
2043 2147 2114 2202 ad

463 2243 861 2317 Operationem
913 2241 972 2296 in
1023 2239 1195 2312 aquis
1241 2237 1443 2293 multis
1492 2237 1820 2293 faciendam
1864 2236 1922 2290 in
1957 2251 2116 2291 mare

465 2333 830 2389 descendunt
869 2331 932 2401 5°,
975 2334 1032 2385 et
1078 2329 1148 2384 de
1180 2328 1398 2399 quibus
1430 2327 1489 2381 in
1524 2325 1751 2398 psalmo
1783 2325 1852 2380 ad
1886 2324 2115 2379 divinas

465 2422 669 2478 laudes
725 2418 1106 2476 celebrandas
1157 2416 1481 2488 composito
1532 2415 1755 2470 dictum
1808 2418 1944 2469 est:
1993 2413 2118 2468 Illic

467 2527 632 2568 naves
666 2513 1059 2582 pertranseunt
1088 2506 1155 2560 ‘1.
1190 2507 1324 2570 Quae
1357 2503 1513 2559 enim
1556 2518 1732 2558 naves
1763 2518 1923 2556 mare
1951 2500 2116 2572 traji-

469 2600 654 2667 ciunt,
685 2614 790 2654 nec
828 2597 887 2652 in
919 2612 986 2652 eo
1026 2597 1392 2667 permanent,
1423 2608 1527 2648 nec
1569 2590 1847 2646 ﬂuctibus
1880 2589 2116 2644 immer-

471 2693 711 2762 guntur,
743 2685 857 2742 illa:
914 2685 1267 2741 laudantur:
1304 2686 1478 2752 atque
1529 2681 1671 2736 adeo
1723 2679 1822 2751 qui
1855 2679 1912 2734 in
1945 2695 2118 2734 carne

471 2777 714 2849 degunt,
748 2791 852 2831 nec
884 2772 1141 2828 militant
1162 2772 1487 2827 secundum
1512 2785 1770 2837 carnem,
1805 2768 1905 2823 sed
1943 2767 2117 2837 hujus

467 2873 601 2929 vitae
628 2869 862 2926 calcant
893 2869 1162 2932 ﬂuctum,
1195 2882 1380 2939 eoque
1411 2865 1744 2938 superiores
1771 2864 1943 2930 ﬁunt,
1976 2879 2117 2934 ope-

465 2960 750 3018 rationem
786 2959 845 3015 in
895 2958 1067 3030 aquis
1111 2955 1313 3012 multis
1347 2955 1589 3011 faciunt.
1619 2951 1922 3024 Ejusmodi
1978 2955 2118 3006 sunt

2293 817 2380 870 93.
2419 815 2522 871 Καὶ
2552 814 2637 870 ἐπὶ
2667 823 2772 871 πᾶν
2818 816 3015 872 πλοῖον
3075 817 3372 890 Θαλάσσης.
3405 817 3716 895 Αῗνίγματά
3760 817 3869 876 ἐστι

2222 903 2358 974 πρὸς
2388 905 2487 972 τήν
2519 904 2819 980 γυμνασίαν
2851 910 2948 961 τοῦ
2982 911 3076 961 νοῦ
3105 909 3267 980 ἡμῶν
3309 903 3756 984 προϐεϐλημένα,
3791 910 3866 981 μὴ

2225 993 2403 1068 ἀργῶς
2437 993 2720 1066 ἀκούωμεν
2749 997 2864 1068 (25)
2891 1002 2991 1065 τῆς
3021 1002 3258 1072 Γραφῆς,
3286 995 3379 1051 ’ἱνα
3431 998 3507 1071 μή
3558 998 3736 1073 χαμαὶ
3777 999 3866 1052 τὸν

2222 1085 2346 1136 νοῦν
2381 1078 2801 1156 καταϐάλωμεν.
2837 1085 3021 1141 Εἰπὼν
3055 1087 3169 1160 (26)
3200 1085 3321 1160 περὶ
3375 1090 3472 1140 τοῦ
3524 1091 3619 1142 νοῦ
3665 1091 3760 1142 τοῦ
3801 1087 3869 1142 τὰ

2227 1169 2414 1244 ὑψηλὰ
2443 1176 2786 1247 φρονοῦντος,
2814 1173 2904 1228 καὶ
2939 1174 3014 1246 μή
3067 1179 3184 1236 τοῖς
3235 1180 3514 1237 ταπεινοῖς
3564 1197 3868 1251 συναπαγο-

2228 1259 2412 1331 μένου,
2442 1259 2760 1325 ἀκολούθως
2790 1261 2843 1316 ἐν
2874 1266 2954 1334 τῷ
3007 1261 3153 1334 αύτῷ
3198 1261 3330 1319 εἷ’δει
3375 1267 3478 1331 τῆς
3532 1263 3869 1340 ἐπικρύψεως

2223 1347 2313 1401 καὶ
2363 1349 2483 1423 περὶ
2541 1349 2810 1422 σωμάτων
2857 1348 3183 1427 διαλέγεται.
3217 1352 3294 1410 Οὑ
3342 1352 3443 1430 γὰρ
3497 1348 3701 1432 φοϐερὰ
3754 1359 3870 1416 τοῖς

2225 1434 2459 1510 ἀψύχοις
2517 1436 2736 1502 πλοίοις
2791 1441 2826 1508 ἡ
2882 1443 2978 1493 τοῦ
3035 1439 3234 1515 Κυρίου
3292 1443 3496 1517 ἡμέρα,
3556 1440 3702 1497 ἀλλὰ
3755 1445 3872 1504 τοῖς

2225 1521 2315 1578 διὰ
2340 1529 2446 1579 τῶν
2500 1525 2766 1598 σωμάτων
2817 1526 2871 1582 ἐό
2919 1532 2999 1601 τῷ
3040 1527 3273 1605 ἁλμυρῷ
3320 1526 3560 1584 κλύδωνι
3602 1535 3699 1585 τοῦ
3750 1530 3871 1606 βίου

2221 1612 2418 1668 τούτου
2461 1613 2871 1688 σαλευομένοις.
2902 1619 3105 1692 ’Ὠσπερ
3153 1619 3255 1694 γὰρ
3304 1619 3370 1672 τὰ
3419 1617 3591 1675 πλοῖα
3636 1615 3873 1675 καταϐαο

2225 1701 2491 1778 ρυνόμενα
2554 1708 2636 1776 τῷ
2715 1705 2920 1780 φόρτῳ,
2985 1703 3266 1783 δυσάγωγά
3323 1705 3453 1777 ἐστι,
3511 1707 3600 1763 καὶ
3674 1706 3875 1765 εὔκολα

2222 1791 2360 1865 πρὸς
2389 1793 2668 1868 ναυάγιον·
2702 1792 2845 1849 οὕτω
2873 1794 2964 1850 καὶ
3013 1797 3080 1850 τὰ
3123 1797 3366 1870 σώματα,
3400 1795 3501 1851 ὅσα
3545 1795 3732 1872 πολλῇ
3778 1798 3875 1853 καὶ

2225 1877 2446 1954 δαψιλεῖ
2485 1885 2552 1956 τῇ
2600 1887 2779 1959 τρυφῇ
2827 1886 2936 1956 (27)
2993 1884 3071 1947 εἲς
3117 1883 3489 1961 πολυσαρκίαν
3529 1887 3869 1966 καταπεφόρ-

2221 1990 2417 2039 τισται,
2449 1967 2538 2026 διὰ
2566 1970 2916 2048 φιληδονίαν,
2947 1977 3025 2046 τῷ
3073 1974 3223 2049 βυθῷ
3267 1981 3370 2044 τῆς
3420 1975 3694 2039 ἀπωλείας
3750 1975 3870 2032 ἐπι-

2223 2060 2530 2135 νηχόμενα,
2562 2059 2734 2116 πλοῖα
2767 2062 3042 2134 θαλάσσης
3077 2063 3312 2141 λέγεται.
3345 2067 3496 2120 Ἔστι
3550 2068 3734 2139 μέντοι
3776 2070 3871 2123 καὶ

2226 2148 2585 2223 ἐπαινούμενα
2613 2149 2784 2206 πλοῖα
2821 2153 2890 2207 τὰ
2938 2153 3309 2228 ὑπηρετοῦντα
3353 2160 3470 2219 τοῖς
3515 2151 3873 2212 καταϐαίνουο

2227 2259 2306 2293 σιν
2359 2238 2434 2300 εἷς
2479 2241 2577 2308 τὴν
2627 2239 2900 2295 Θάλασσαν
2944 2240 3031 2296 ἰπὶ
3080 2247 3159 2314 τῷ
3191 2245 3306 2316 (28)
3338 2251 3562 2315 ποιῆσαι
3624 2244 3871 2322 ἐργασίαν

2225 2325 2277 2380 ἐν
2310 2324 2465 2381 ὕδασι
2506 2327 2766 2398 πολλοῖς,
2815 2330 2904 2385 καὶ
2963 2332 3085 2406 περὶ
3138 2333 3210 2386 ὧν
3271 2333 3321 2386 ἐν
3377 2337 3457 2406 τῷ
3513 2332 3722 2408 ψαλμῷ
3775 2339 3877 2406 τῆς

2227 2412 2544 2490 δοξολογίας
2597 2415 2831 2492 εἷ’ρηται,
2883 2418 2965 2474 ὅτι
3020 2420 3166 2476 Ἐκεῖ
3220 2419 3391 2476 πλοῖα
3443 2419 3877 2498 διαπορεύονται.

2227 2504 2312 2560 Τὰ
2341 2505 2446 2581 γὰρ
2479 2501 2819 2562 διαϐαίνοντα
2874 2508 2975 2577 τὴν
3038 2509 3306 2572 θάλασσαν
3365 2509 3554 2580 πλοῖα,
3587 2511 3734 2567 ἀλλὰ
3793 2514 3874 2585 μὴ

2226 2591 2632 2667 ἐναπομένοντα
2677 2595 2836 2671 αὑτῇ,
2875 2593 3016 2670 μηδὲ
3066 2593 3576 2673 καταϐαπτιζόμενα
3617 2607 3734 2665 τοῖς
3780 2603 3880 2657 κύ-

2231 2703 2413 2756 μασιν,
2465 2682 2802 2739 ὶπαινεῖταισ
2851 2685 2942 2740 καὶ
2991 2685 3043 2740 οἱ
3102 2685 3153 2740 ἰν
3213 2688 3365 2762 σαρκὶ
3421 2686 3478 2743 δὲ
3517 2693 3726 2759 ζῶντες,
3783 2691 3880 2746 καὶ

2231 2772 2306 2846 μή
2366 2774 2504 2828 κατά
2571 2773 2740 2849 σάρκα
2793 2775 3234 2848 στρατευόμενοι,
3281 2783 3712 2841 καταπατοῦντες
3777 2781 3874 2835 τὸν

2225 2857 2478 2916 κλύδωνα
2504 2866 2600 2917 τοῦ
2633 2863 2780 2938 βίου,
2805 2863 2895 2918 καὶ
2928 2862 3263 2941 ὑψηλότεροι
3293 2864 3456 2922 αὑτοῦ
3486 2863 3654 2937 ὄντες,
3685 2873 3878 2924 ποιοῦ.

2227 2971 2307 3004 σιν
2366 2949 2613 3026 ἐργασία)
2664 2951 2714 3007 ἐν
2757 2949 2912 3007 ὕδασι
2960 2950 3234 3016 πολλοῖς⁶
3277 2954 3396 3011 ὅσοι
3439 2958 3552 3031 (29)
3602 2979 3873 3033 συγκαταο

463 3050 803 3122 quicunque
836 3063 897 3104 se
922 3048 981 3101 in
1012 3046 1121 3102 hac
1140 3047 1259 3100 vita
1289 3044 1626 3112 demittunt,
1661 3047 1725 3096 ut
1755 3039 1983 3111 aliquos
2013 3055 2109 3095 eo-

2226 3034 2578 3114 ϐαίνουσιτῷ
2630 3041 2731 3117 βίῳ
2777 3040 2864 3096 ἐπὶ
2905 3046 2986 3114 τῷ
3034 3041 3293 3119 κερδῆσαί
3339 3067 3490 3109 τινας
3545 3050 3654 3101 τῶν
3714 3043 3877 3123 βεϐυ-

463 3155 593 3195 rum
618 3139 717 3210 qui
740 3137 797 3191 in
834 3135 1125 3208 profundo
1148 3133 1398 3189 demersi
1424 3138 1583 3200 sunt,
1617 3131 1937 3186 lucrentur.
1959 3131 2113 3194 Qua-

465 3229 702 3297 propter
750 3223 986 3280 Domini
1045 3239 1221 3294 opera
1281 3224 1590 3283 noverunt,
1625 3223 1688 3274 ut
1743 3216 1840 3288 qui
1874 3232 2118 3288 operum

470 3313 704 3371 Domini
736 3317 793 3368 et
814 3329 1009 3368 rerum
1033 3311 1090 3365 in
1126 3310 1413 3382 profundo
1447 3307 1963 3362 “admirationem
1995 3322 2117 3361 mo-

470 3402 732 3459 ventium
773 3399 1224 3472 intelligentiam
1284 3415 1388 3469 pro
1444 3395 1802 3468 operationis
1854 3395 2119 3450 mercede

474 3491 818 3564 receperint.
853 3491 918 3546 Et
948 3505 1112 3561 super
1131 3504 1352 3543 omnem
1374 3490 1653 3558 aspectum
1689 3483 2119 3557 pulchritudinis

471 3585 721 3642 navium.
755 3581 1018 3637 Audiant
1075 3578 1277 3635 isthaec
1310 3577 1409 3648 qui
1468 3576 1527 3630 in
1587 3575 1846 3632 ornando
1877 3589 2116 3645 corpore

2226 3128 2530 3201 θισμὲνων.
2606 3130 2703 3184 Διὰ
2783 3135 2945 3186 τοῦτο
3018 3129 3228 3188 εἴδοσαν
3299 3135 3366 3189 τὰ
3440 3133 3572 3210 ἔργα
3646 3136 3872 3212 Κυρίου,

2234 3219 2419 3291 μισθὸν
2469 3225 2567 3288 τῆς
2615 3219 2862 3294 ἐργασίας
2907 3221 3007 3290 τὴν
3049 3220 3252 3277 σύνεσιν
3285 3227 3392 3279 τῶν
3453 3219 3621 3301 ἔργων
3667 3225 3874 3300 Κυρίου

2227 3307 2316 3361 καὶ
2365 3311 2472 3361 τῶν
2524 3307 2575 3363 ἐν
2631 3313 2710 3380 τῷ
2771 3310 2918 3383 βυθῷ
2973 3309 3288 3384 θαυμασίων
3348 3307 3738 3386 λαμϐάνοντες.
3772 3315 3876 3370 Καὶ

2228 3394 2314 3449 ἰπὶ
2371 3403 2543 3451 πᾶσαν
2596 3398 2714 3452 Θέαν
2768 3396 2978 3454 πλοίων
3051 3398 3329 3463 κάλλους·
3391 3403 3760 3458 Ἀκουέτωσαν
3820 3405 3874 3459 οἱ

2227 3485 2350 3560 περὶ
2379 3486 2470 3540 τὸν
2524 3484 2924 3560 καλλωπισμὸν
2977 3493 3075 3543 τοῦ
3129 3491 3382 3562 σώματος
3425 3489 3667 3566 ἔχοντες,
3696 3494 3787 3546 καὶ
3821 3494 3875 3548 οἱ

2225 3571 2348 3647 περὶ
2407 3575 2505 3642 τὴν
2562 3574 2769 3630 τούτων
2830 3575 2949 3640 θίαν
3005 3577 3302 3655 περιέργως
3362 3579 3746 3656 ἐσχολακότες.
3796 3582 3874 3636 Οὑ

464 3673 730 3730 studium
756 3674 1004 3744 ponunt,
1033 3685 1098 3724 ac
1121 3669 1180 3723 in
1201 3667 1293 3722 his
1321 3666 1655 3738 spectandis
1678 3663 1969 3720 curiosius
1999 3661 2113 3717 im-

465 3769 791 3820 morantur.
824 3761 938 3816 Nec
977 3759 1134 3815 enim
1169 3757 1403 3813 navium
1438 3761 1714 3827 aspectus
1745 3754 1952 3809 noxius
1984 3756 2109 3808 est:

458 3856 559 3910 sed
586 3852 765 3909 noxia
795 3856 885 3907 est
917 3847 1178 3922 corporis
1202 3847 1356 3919 quod
1380 3843 1819 3915 concupiscitur
1850 3847 2108 3897 contem-

2226 3840 2424 3916 Κυρίου
2454 3840 2542 3896 ἐπὶ
2577 3847 2750 3896 πᾶσαν
2788 3843 2905 3907 θὲαν
2939 3842 3152 3899 πλοίων
3210 3843 3472 3915 κάλλους,
3507 3845 3643 3902 διότι
3690 3849 3718 3903 ὁ
3763 3847 3868 3920 ἒμ-

454 3943 656 4018 platio.
689 3942 813 3999 Erit
833 3939 1016 4013 igitur
1045 3938 1171 3994 dies
1207 3935 1434 3991 Domini
1470 3951 1647 4006 super
1673 3948 1907 3988 omnem
1941 3947 2109 4002 aspe-

2226 3924 2423 4003 ϐλέψας
2472 3931 2684 4006 γυναικὶ
2743 3933 2881 4008 πρὸς
2929 3931 2991 3988 τὸ
3048 3932 3402 4008 ἐπιθυμῆσαι,
3444 3935 3496 3990 ἐν
3548 3935 3617 4010 τῇ
3665 3935 3870 4011 καρδίᾳ

451 4037 609 4089 ctum
633 4026 1094 4104 pulchritudinis
1117 4024 1377 4081 navium.
1405 4023 1794 4089 Quamobrem
1814 4020 1911 4092 qui
1944 4019 2102 4073 vide-

2226 4019 2381 4074 κὺτοῦ
2439 4020 2748 4096 ἐμοίχευσε·
2771 4021 2861 4076 καὶ
2919 4023 2953 4092 ἡ
3007 4021 3471 4097 καλλωπιζομὲνη
3529 4027 3663 4100 γυνή
3723 4027 3869 4102 πρὸς

449 4121 527 4176 rit
589 4120 897 4176 mulierem
956 4117 1025 4172 ad
1077 4113 1637 4185 concupiscendum,
1686 4111 1744 4166 in
1793 4107 1964 4164 corde
1993 4123 2101 4162 suo

2226 4108 2274 4162 τὸ
2323 4107 2418 4170 τὰς
2477 4107 2762 4183 ἐπιθυμίας
2815 4110 2896 4188 ἐφ’
2955 4112 3147 4180 ἑαυτὴν
3209 4115 3320 4186 (30)
3375 4118 3480 4167 τῶν
3544 4114 3868 4170 ἀκολάστων

449 4209 776 4265 moechatus
807 4210 897 4262 est
925 4205 987 4260 ³³.
1024 4203 1173 4268 Quin
1201 4207 1258 4258 et
1290 4201 1499 4258 mulier
1530 4217 1656 4272 quas
1681 4199 1810 4254 ideo
1843 4213 1905 4253 se
1931 4211 2098 4250 exor-

2226 4204 2448 4266 ιινῆσαι,
2484 4197 2534 4253 ἐν
2566 4201 2634 4270 τῇ
2663 4196 2858 4274 καρδίᾳ
2886 4200 3054 4270 αὑτῆς
3086 4198 3193 4272 ἤδη
3233 4201 3617 4278 μεμοίχευται.

451 4303 574 4361 nat,
606 4302 672 4352 ut
699 4295 1015 4350 libidinosa
1056 4291 1548 4347 incontinentium
1607 4287 1898 4345 desideria
1929 4286 1999 4341 ad
2032 4300 2095 4342 se
2127 4286 2368 4356 alliciat,
2395 4290 2518 4360 jam
2566 4291 2623 4345 in
2659 4292 2831 4346 corde
2871 4309 2975 4347 suo
3009 4291 3364 4348 adulterium
3397 4294 3715 4350 commisit.

519 4386 669 4441 445
699 4384 788 4438 94.
823 4383 997 4437 Vens.
1030 4381 1118 4436 l7.
1151 4382 1217 4435 Et
1247 4379 1643 4435 humiliabitur
1690 4378 1870 4432 omnis
1916 4376 2094 4432 homo.

2278 4378 2367 4432 94.
2446 4377 2544 4432 Καὶ
2631 4382 3090 4450 ταπεινωθήσεται
3176 4386 3282 4443 πᾶς
3379 4379 3696 4457 ἄνθρωπος.
3769 4388 3873 4440 Ἐκ

440 4475 612 4533 Hisce
638 4471 835 4528 verbis
864 4470 1168 4542 Scriptura
1189 4469 1526 4534 declaravit,
1554 4467 1754 4522 omnia
1777 4484 1904 4538 quae
1927 4471 2098 4521 antea

2226 4464 2412 4520 τούτων
2463 4461 2658 4539 ἔδειξεν
2693 4469 2721 4522 ὁ
2753 4465 2942 4544 λόγος,
2978 4469 3059 4524 ὅτι
3107 4471 3174 4524 τά
3223 4469 3533 4545 προάγοντα
3587 4472 3758 4526 πάντα
3813 4471 3868 4527 ἐν

442 4563 620 4623 allata
649 4568 808 4630 sunt,
845 4561 906 4616 in
947 4560 1259 4632 enigmata
1316 4563 1373 4614 et
1426 4558 1771 4614 abscondite
1814 4556 1996 4612 fuisse
2027 4557 2097 4611 de

2226 4553 2489 4631 ιῖ’νίγματι
2549 4556 2639 4611 καὶ
2725 4557 3281 4631 περικεκαλυμμένως
3363 4560 3484 4634 περὶ
3553 4560 3869 4635 ἀνθρώπων

440 4653 782 4712 hominibus
809 4651 984 4706 dicta.
1017 4649 1321 4722 Siquidem
1352 4654 1486 4721 post
1517 4645 2009 4703 contumeliosum
2039 4649 2096 4701 et

2226 4642 2394 4720 ιῗρητο
2424 4648 2561 4720 (31).
2591 4646 2738 4701 Μετὰ
2767 4648 2870 4722 γὰρ
2901 4648 2994 4702 τὸν
3047 4643 3304 4722 ὑϐριστὴν
3344 4647 3432 4703 καὶ
3484 4649 3865 4728 ὑπερήφανον,

437 4741 782 4814 superbum,
816 4743 948 4810 post
996 4735 1290 4793 excelsum
1323 4739 1378 4791 et
1420 4733 1758 4802 sublimem,
1805 4739 1941 4806 post
1970 4750 2090 4788 om-

2226 4734 2291 4787 ιαὶ
2345 4735 2480 4807 μετὰ
2535 4735 2626 4790 τὸν
2685 4734 2896 4809 ὑψηλὸν
2955 4735 3042 4791 καὶ
3124 4738 3415 4812 μετέωρον,
3474 4739 3607 4811 μετὰ
3680 4745 3864 4795 πᾶσαν

439 4848 575 4888 nem
601 4829 843 4886 cedrum
880 4826 1102 4894 Libani,
1139 4830 1270 4897 post
1291 4839 1528 4880 omnem
1557 4825 1826 4880 arborem
1859 4822 2092 4896 glandis

2226 4820 2394 4897 ιὲδρον
2424 4828 2520 4879 τοῦ
2566 4819 2825 4894 Λιϐάνου,
2863 4825 2998 4899 μετᾶ
3039 4831 3142 4880 πᾶν
3193 4822 3410 4902 δένδρον
3460 4825 3695 4903 βαλάνου
3746 4834 3866 4884 Βα-

511 4968 556 5008 ⁵⁰
586 4962 734 5021 Psal.
767 4977 876 5028 ενι,
908 4961 998 5016 23.
1078 4959 1120 4994 ⁸¹
1155 4957 1306 5014 Psal.
1341 4973 1462 5025 cm,
1494 4957 1586 5012 26.
1738 4955 1894 5013 Psal.
1926 4972 2041 5025 cvx,
2070 4958 2112 5009 2

2237 4959 2284 4994 ιι
2309 4957 2513 5013 Matth.
2546 4975 2602 5027 v,
2635 4961 2723 5015 2s.

2221 3663 2322 3738 γὰρ
2354 3665 2389 3732 ἡ
2419 3667 2526 3718 τῶν
2558 3661 2769 3718 πλοίων
2803 3665 2897 3720 θέα
2930 3661 3190 3742 βλαϐερά·
3225 3665 3352 3723 ἀλλ’
3391 3671 3425 3738 ἡ
3483 3670 3622 3744 πρὸς
3677 3668 3870 3734 ἐπιθυ-

2225 3751 2348 3824 μίαν
2407 3757 2502 3807 τοῦ
2548 3754 2800 3827 σώματος
2829 3751 3175 3826 κατανόησις.
3208 3759 3396 3814 Ἐσται
3448 3757 3539 3813 οὖν
3587 3761 3622 3828 ἡ
3681 3759 3870 3836 ἡμέρα

509 5098 616 5173 (2_5)
648 5097 750 5173 Sic
773 5099 893 5151 tres
924 5093 1056 5150 libri
1087 5097 1324 5173 veteres.
1361 5091 1470 5173 A_1ii
1497 5095 1644 5173 tres,
1668 5093 1766 5173 ’ἰοῦ
1801 5089 1876 5173 μὴ
1905 5087 2085 5173 ᾀργῷς
2196 5090 2480 5173 scriptum
2514 5093 2848 5173 invenimus
2873 5094 2932 5148 in
2961 5094 3178 5173 nostris
3211 5112 3379 5173 mss.,
3409 5099 3873 5173 rpucﬁﬁdcirco

433 5161 668 5224 ἀκούειν.
704 5169 915 5223 Nostra
962 5182 1094 5238 vero
1153 5165 1330 5220 editio
1384 5164 1590 5238 Paris,
1625 5166 1719 5216 τοῦ
1780 5163 1855 5234 μὴ
1905 5161 2082 5236 ἀργῶς

2226 5161 2523 5238 [υἱϐριιαπι
2558 5171 2790 5238 mutare
2823 5167 2879 5221 in
2911 5165 3165 5238 vulgatis
3207 5161 3527 5226 noluimus.

431 5239 724 5312 ἀκούομεν.
759 5238 857 5312 ubi
881 5237 1169 5312 Voculam,
1199 5232 1625 5310 τοῦ,παρέλκειν
1659 5232 1907 5292 constat.
1941 5232 2080 5308 Reg.

2226 5232 2230 5235 ’
2266 5232 2379 5312 (2βῖ
2411 5235 2694 5312 Editichd.
2731 5243 2804 5293 At
2834 5254 2934 5312 sex
2963 5232 3132 5312 mss.,
3164 5243 3264 5312 τῷ.

432 5307 1214 5396 εθςξέάρεκιθὴρδνάργῶςο
1532 5395 1535 5396 ί
1632 5379 1642 5389 .

2231 5307 2380 5396 η(2ῼ)
2428 5309 2533 5396 Pro
2573 5307 2706 5396 ίιὸσοι
2764 5309 3003 5396 scripsit
3051 5307 3521 5396 .Ifrocopius,“(ire
3576 5311 3636 5369 id
3693 5317 3866 5388 quod

504 5385 617 5456 (26)
649 5377 1002 5458 Particulam
1033 5377 1158 5454 γάρ,
1193 5396 1323 5458 quas
1351 5379 1412 5458 in
1446 5379 1679 5435 excusis
1710 5377 1945 5451 legitur,
1979 5393 2082 5433 au-
2194 5377 2734 5458 cuipiam_t'ortasse
2767 5377 2982 5458 rectius
3010 5382 3192 5458 videri
3225 5377 3458 5458 poterit.

504 5397 617 5456 (Ζὸ)
649 5397 1002 5440 Particmam
1033 5399 1158 5454 γαρ,
1193 5397 1323 5450 quas
1351 5397 1412 5433 in
1446 5397 1679 5435 excusis
1710 5397 1945 5451 legitur,
1979 5397 2082 5433 au-
2194 5397 2286 5433 cui

432 5458 703 5514 ctoritate
738 5454 1000 5526 quinque
1033 5469 1179 5526 mss.
1214 5450 1558 5526 delevimus.
1687 5521 1701 5526 _
1785 5521 1796 5526 _
2193 5519 2207 5526 _
2266 5397 2328 5523 (ἓ

505 5530 613 5601 (27)
646 5521 820 5583 Notat
840 5521 1248 5601 Cdmbefisius,
1277 5523 1654 5601 interpretem
1687 5521 1922 5601 legisse,
1949 5537 2082 5601 τρο-

436 5593 534 5677 φῇ,
569 5593 769 5677 aitque
784 5615 911 5656 eam
944 5597 1294 5677 scripturam
1320 5595 1434 5677 sibi
1457 5595 1643 5677 magis
1665 5593 1921 5677 probari.
1945 5594 2084 5649 Cer-

435 5664 496 5731 te
520 5664 584 5730 et
613 5664 782 5731 nobis
821 5664 1276 5744 qucque—magis
1309 5667 1533 5741 placet:
1560 5664 1856 5738 "queniam
1886 5669 2080 5722 tamen

2193 5451 2380 5596 éaégg)
2411 5451 2523 5508 Alii
2575 5470 2743 5523 mss.,
2795 5451 2877 5532 ἐφ’
2926 5453 3140 5524 ἑαυτήν.
3202 5451 3318 5514 Alii
3368 5474 3503 5514 cum
3534 5457 3735 5527 editis,
3771 5456 3867 5536 ἐφ’

2261 5593 2380 5668 (31)
2409 5595 2584 5667 Editi,
2615 5593 2848 5671 εἴρηται.
2876 5601 2952 5656 At
2980 5615 3082 5656 sex
3115 5615 3283 5672 mss.,
3317 5596 3527 5674 εἴρητο.
