4130 6210
249 401 360 461 2Ἰ3

1083 399 1496 466 COMMENT.
1544 401 1623 462 IN
1667 402 1945 464 ISAIAM
1989 403 2493 466 PROPHETAM.
2542 405 2714 466 CAP.
2763 406 2836 466 ll.

3537 414 3656 474 974

248 529 358 601 σάν,
423 528 555 600 μετὰ
585 529 757 583 πάντα
816 529 1020 605 πύργον
1083 528 1320 602 ὑψηλὸν,
1383 529 1517 603 μετά
1568 535 1671 584 πᾶν
1710 535 1891 604 τεῖχος

2013 533 2227 599 Busan,
2263 538 2393 605 post
2423 551 2656 590 omnem
2689 536 2898 591 turrim
2932 535 3246 607 excelsam,
3281 543 3412 610 post
3468 541 3653 599 altum

252 617 481 691 ὑψηλὸν,
519 619 651 690 μετά
681 623 856 673 πᾶσαν
889 618 1008 682 θέαν
1042 617 1253 674 πλοίων
1290 618 1553 682 κάλλους·
1589 619 1711 675 τότε
1745 618 1896 697 φησί’

248 709 709 778 Ταπεινωϐησεται
793 713 896 770 πᾶς
979 705 1264 783 ἄνθρωπος
1299 727 1311 740 ·

253 794 364 851 ἴδέα
421 801 526 852 τῶν
558 796 609 851 ἐν
645 798 953 872 ἀνθρώποις
982 801 1162 852 κακῶν
1191 803 1592 852 καταπεσεῖται.
1626 797 1900 873 [εἰσήχθη-

254 907 342 960 μεν
376 883 433 940 δὲ
464 885 642 962 ὥσπερ
674 886 752 951 εἷς
779 888 962 942 κοινὸν
995 883 1371 942 διδασκαλεῖον
1429 887 1523 942 τὸν
1547 887 1755 961 κόσμον
1786 889 1896 960 (32)

246 981 427 1032 τοῦτον
456 977 506 1031 οἱ
537 974 836 1052 ἄνθρωποι,
885 975 973 1032 καὶ
1028 973 1443 1050 ἐκελεύσθημεν,
1498 981 1622 1031 νοῦν
1680 997 1738 1032 τε
1796 974 1895 1032 λα-

247 1059 444 1134 ϐόντες,
486 1066 578 1120 καὶ
628 1063 950 1145 ὀφθαλμοὺς
979 1064 1054 1128 είς
1111 1065 1435 1136 κατανόησιν
1489 1062 1728 1142 ἔχοντες,
1779 1067 1892 1121 οἷον

245 1155 343 1209 ἀπὸ
369 1153 706 1231 γραμμάτων
739 1160 897 1210 τινῶν
940 1159 1048 1210 τῶν
1099 1155 1235 1212 κατὰ
1283 1157 1383 1225 τὴν
1434 1155 1750 1229 οἰκονομίαν
1805 1154 1892 1211 καὶ

245 1240 504 1315 διοίκησιν
563 1249 660 1299 τοῦ
718 1245 920 1306 παντὸς
974 1245 1066 1299 τὸν
1123 1245 1252 1300 Θεὸν
1312 1244 1650 1320 ἀναγνῶναι·
1698 1242 1786 1300 ἵνα
1841 1245 1892 1300 οἱ

245 1331 484 1396 Θέλοντες
516 1334 636 1409 περὶ
693 1335 789 1402 τὴν
848 1341 947 1404 τῆς
1005 1333 1267 1404 ἀληθείας
1325 1336 1548 1405 ζήτησιν
1607 1335 1888 1410 καταγίνε-

244 1433 374 1493 σθαι,
437 1421 486 1496 ἐξ
559 1423 629 1477 ὧν
665 1421 952 1498 εἰλήφασιν
984 1423 1267 1498 ἀφορμῶν,
1298 1424 1496 1486 ἱκανῶς
1526 1423 1892 1499 παρασκευσά-

251 1532 411 1584 μενοι,
472 1511 564 1567 καὶ
622 1514 722 1580 τῆς
775 1511 1068 1587 πρόσωπον
1095 1513 1207 1586 (33)
1242 1511 1375 1588 πρὸς
1413 1511 1704 1588 πρόσωπον
1767 1513 1890 1576 θέας

243 1605 346 1655 τῶν
391 1597 574 1662 καλῶς
630 1599 971 1672 ζητηθέντων
1003 1600 1323 1671 eameam,
1355 1599 1390 1670 ἢ
1448 1600 1739 1675 παραπολὺ
1785 1604 1886 1670 τῆς

245 1687 495 1759 ἀληθείας
552 1691 991 1765 παρενεχθέντες,
1051 1687 1133 1744 ἐπ’
1184 1689 1349 1759 αὐτῆς
1376 1693 1476 1756 τῆς
1507 1689 1766 1761 ἀληθείας
1799 1689 1884 1745 ἐπὶ

241 1782 314 1849 τῷ
366 1775 550 1852 ψεύδει
606 1780 1096 1853 καταισχυνθῶσιν
1157 1779 1279 1836 ’Ότι
1338 1779 1557 1853 γνόντες
1603 1780 1696 1835 τὸν
1729 1779 1880 1847 Θεὸν,

2012 639 2245 680 omnem
2277 641 2534 693 murum,
2571 630 2702 697 post
2731 642 2966 682 omnem
2991 631 3293 700 aspectum
3327 628 3654 700 pulchritu-

1414 708 1656 763 τουτέστι
1755 715 1891 764 πᾶσα

2013 712 2167 768 diuis
2191 713 2448 784 navium,
2481 718 2606 768 tum
2641 714 2977 786 subjungit:
3013 717 3417 772 Humiliabitur
3471 722 3656 776 omnis

2010 802 2202 865 homo;
2232 803 2339 860 hoc
2372 808 2479 871 est,
2512 805 2704 861 omnis
2738 807 2961 877 species
2994 805 3285 863 malorum
3313 807 3374 863 in
3398 807 3653 865 homini-

2007 891 2121 948 bus
2151 893 2400 948 decidet.
2436 893 2609 949 Porro
2638 911 2742 950 nos
2773 894 3043 950 homines
3075 895 3133 950 in
3159 897 3448 952 mundum
3481 896 3649 969 quasi

2006 982 2066 1036 in
2089 999 2458 1038 communem
2475 982 2733 1038 scholam
2749 1001 2956 1040 sumus
2974 983 3318 1055 introducti,
3332 990 3506 1058 atque
3523 991 3650 1044 tum

2008 1077 2201 1128 mente
2232 1073 2451 1143 donati,
2485 1076 2611 1128 tum
2630 1073 2829 1129 oculos
2860 1075 2931 1128 ad
2963 1073 3409 1147 intelligendum
3432 1075 3648 1133 haben-

2003 1165 2110 1228 tes,
2153 1163 2330 1217 Deum
2354 1166 2632 1232 tanquam
2660 1178 2728 1216 ex
2754 1163 3109 1232 quibusdam
3143 1162 3356 1218 litteris
3388 1181 3490 1236 per
3520 1165 3644 1222 dis-

2004 1250 2408 1322 pensationem
2441 1250 3045 1322 gubernationemque
3077 1251 3337 1307 universi
3389 1253 3643 1310 exaratis

2004 1357 2350 1412 cognoscere
2371 1339 2527 1410 jussi
2559 1356 2800 1394 sumus:
2834 1345 2899 1394 ut
2930 1341 3030 1411 qui
3063 1340 3276 1397 vellent
3331 1341 3639 1399 veritatem

1998 1428 2397 1501 indagare,j,iis
2421 1445 2549 1500 quas
2574 1445 2842 1500 accepere
2873 1428 3153 1484 subsidiis
3176 1431 3285 1485 abu
3298 1431 3407 1486 nde
3425 1431 3646 1487 instru-

1999 1519 2095 1585 cti,
2131 1518 2290 1590 digni
2325 1518 2530 1573 fierent
2561 1517 2659 1589 qui
2687 1517 2827 1573 facie
2851 1519 2923 1572 ad
2957 1517 3164 1574 faciem
3196 1536 3288 1574 res
3319 1523 3470 1576 recte
3521 1521 3640 1576 dis-

1997 1608 2246 1678 quisitas
2295 1606 2870 1678 contemplarentur;
2920 1606 3007 1661 vel
3056 1607 3104 1660 si
3135 1606 3308 1679 longe
3341 1625 3374 1662 a
3403 1607 3642 1664 veritate

1996 1698 2354 1764 oberrarent,
2405 1712 2602 1751 coram
2652 1695 2780 1766 ipsa
2839 1695 3082 1750 veritate
3142 1695 3214 1750 ob
3270 1697 3639 1752 mendacium

1994 1787 2525 1842 confunderentur:
2561 1786 2833 1853 Quoniam
2850 1800 2973 1840 cum
3005 1785 3395 1858 cognovissent
3441 1786 3636 1855 Deum,

241 1867 342 1943 οὐχ
419 1869 492 1930 ὡς
577 1870 706 1924 Θεὸν
777 1864 1053 1939 ἐδόξασαν,
1142 1867 1178 1936 ἢ
1256 1867 1688 1944 ηὐχαρίστησαν.
1762 1871 1885 1925 Τῶν

2004 1891 2103 1930 non
2159 1877 2299 1929 sicut
2346 1875 2515 1928 Deum
2563 1873 3043 1942 gloriﬁcaverunt,
3096 1877 3195 1929 aut
3251 1873 3477 1940 gralias'
3511 1890 3635 1944 ege-

247 1956 334 2029 μὶν
363 1959 462 2032 γὰρ
492 1957 666 2032 ἁγίων
701 1958 730 2014 ὁ
759 1963 886 2020 νοῦς
914 1957 1020 2033 οὐχ
1053 1957 1152 2030 6ρᾷ
1189 1958 1378 2030 μόνον,
1411 1955 1557 2012 ἀλλὰ
1584 1958 1674 2012 καὶ
1701 1956 1883 2012 ἀκούει

2004 1965 2208 2020 runt“.
2236 1964 2404 2020 Mens
2435 1963 2592 2019 enim
2625 1967 2961 2018 sanctorum
2996 1979 3108 2018 non
3132 1963 3287 2018 videt
3317 1964 3511 2031 modo,
3536 1963 3640 2019 sed

241 2052 336 2116 τῆς
373 2045 592 2109 κτίσεως
625 2047 692 2102 τὰ
721 2047 846 2123 περὶ
878 2044 1038 2118 δόξης
1068 2051 1201 2102 Θεοῦ
1233 2044 1623 2123 διηγουμένηςο
1673 2047 1742 2103 Οἳ
1791 2045 1888 2101 ού-

247 2136 388 2208 ρανοί
429 2135 525 2210 γὰρ
582 2138 732 2209 (34),
784 2135 967 2214 φησὶ,
1018 2132 1335 2210 διηγοῦνται
1393 2132 1549 2208 δόξαν
1607 2139 1763 2191 Θεοῦ.
1821 2135 1888 2193 Οἱ

245 2221 297 2278 δὲ
322 2228 423 2278 τῶν
452 2223 794 2301 φαινομένων
830 2221 997 2278 πλέον
1031 2221 1198 2297 μηδὶν
1244 2225 1527 2286 συνιέντες.
1581 2221 1889 2298 Ἐματαιώ-

249 2323 426 2384 θησαν,
452 2314 544 2367 καὶ
570 2308 955 2386 ἐσεϐάσθησαν,
984 2313 1074 2368 καὶ
1105 2311 1427 2388 ἐλάτρευσαν
1457 2317 1526 2389 τῇ
1549 2313 1715 2368 κτίσει
1747 2313 1894 2388 παρά

249 2402 331 2457 τὸν
357 2402 632 2458 κτίσαντα.
732 2455 734 2457 .

315 2584 398 2638 95.
452 2581 556 2646 Καὶ
620 2583 963 2656 ὑψωθήσεται
1023 2581 1220 2658 Κύριος
1269 2581 1434 2656 μόνος
1492 2581 1542 2638 ἐν
1600 2587 1669 2658 τῇ
1714 2583 1896 2660 ἡμέρᾳ

253 2669 435 2746 ἐκείνῃ.
481 2671 680 2734 Φωτὸς
726 2670 1102 2749 ἀναφανέντος,
1166 2673 1475 2750 ἀφανίζεται
1535 2671 1748 2744 σκότος,
1805 2671 1894 2727 καί

256 2759 416 2836 ὑγείας
470 2761 777 2834 παρούσης,
827 2761 893 2815 τὰ
950 2759 1171 2836 ὀχληρᾶ
1226 2768 1325 2832 τῆς
1387 2761 1548 2817 νόσου
1604 2762 1890 2818 πέπαυται’

252 2851 330 2903 καὶ
385 2849 649 2920 ἀληθείας
709 2846 1154 2926 ἀποδειχθείσης,
1210 2855 1305 2905 τοῦ
1361 2848 1591 2925 ψεύδους
1649 2854 1684 2921 ἡ
1735 2851 1892 2930 φύσις

253 2936 515 3016 ἐλέγχεται
746 2938 851 2995 Καὶ
878 2943 974 2994 τοῦ
1013 2938 1290 3010 ἀληθινῶς
1328 2940 1542 3014 ὑψηλοῦ
1569 2941 1891 3016 γνωρισθέν-

250 3047 350 3097 τος,
381 3028 501 3084 ὅσον
551 3027 696 3083 ἐστὶν
741 3028 872 3105 ὑπὲρ
922 3026 1094 3084 πάντα
1123 3032 1245 3084 νοῦν
1291 3027 1500 3104 ὑψηλὸν
1553 3030 1641 3084 καὶ
1693 3030 1892 3101 μετέω-

251 3134 352 3189 ρον⁶
406 3119 494 3172 καὶ
547 3118 733 3186 πάσης
782 3123 881 3186 τῆς
932 3117 1200 3186 ἀληθινῆς
1255 3117 1482 3190 Θεωρίας
1531 3116 1892 3196 καταληφθεί-

250 3225 351 3276 σης,
407 3207 469 3262 τὸ
526 3205 797 3282 πρότερον
864 3206 1049 3280 ὑψηλὰ
1097 3208 1187 3262 καὶ
1250 3207 1888 3282 μετέωραεύκατα-

252 3295 473 3372 φρόνητα
521 3293 690 3366 δόξει.
744 3293 907 3369 Μόνῳ
956 3293 1048 3350 οὖν
1098 3300 1214 3368 Θεῷ
1259 3296 1321 3350 τὸ
1369 3295 1643 3368 ἀληθινῶς
1676 3296 1887 3372 ύψηλὸν
1923 3282 1964 3348 C

249 3384 328 3438 καὶ
379 3385 511 3460 μέγα
555 3384 707 3459 παρά
754 3385 931 3455 πάσης
981 3383 1207 3460 λογικῆς
1239 3383 1450 3463 φύσεως
1485 3387 1892 3462 μαρτυρηθήσε-

249 3493 344 3542 ται,
372 3479 476 3529 τῶν
527 3475 669 3537 τέως
701 3474 1070 3547 ἠπατημένων
1118 3475 1215 3537 τὰς
1266 3473 1351 3531 ἐπὶ
1400 3480 1516 3538 τοῖς
1564 3477 1887 3531 καθέκαστον

255 3559 594 3635 ψευδοδοξίας
629 3561 999 3637 ἀποθεμένων.

312 3745 395 3802 96.
452 3744 553 3800 Καὶ
610 3745 680 3800 τὰ
752 3743 1119 3820 χειροποίητα
1185 3745 1360 3799 πάντα
1432 3742 1887 3818 κατακρύψουσιν,

256 3831 638 3910 εἶσενὲγκαντες
711 3833 786 3895 εἷς
852 3833 922 3888 τὰ
995 3830 1260 3905 σπήλαια,
1330 3833 1420 3888 καὶ
1489 3833 1563 3895 εἰς
1615 3833 1710 3894 τὰς
1772 3851 1891 3908 σχι-

252 3922 375 3994 σμάς
426 3929 534 3979 τῶν
594 3927 832 3998 πετρῶν,
884 3923 976 3978 καὶ
1027 3922 1102 3984 εἰς
1162 3923 1256 3985 τὰς
1321 3919 1571 3998 τρώγλας
1616 3927 1716 3990 τῆς
1761 3927 1887 3997 γῆς,

252 4009 342 4066 ἀπὸ
415 4013 722 4088 προσώπου
783 4015 881 4066 τοῦ
949 4006 1122 4088 φόϐου
1187 4010 1403 4086 Κυρίου,
1469 4010 1558 4066 καὶ
1629 4009 1735 4064 ἀπὸ
1787 4015 1887 4078 τῆς

252 4096 393 4171 δόξης
474 4109 577 4172 τῆς
659 4099 853 4176 ἴσχύος
934 4099 1120 4173 αὐτοῦ,
1200 4099 1324 4155 ὅταν
1407 4101 1606 4174 ἀναστῇ
1666 4101 1887 4173 Θραῦσαι

251 4189 335 4258 τήν
361 4197 483 4265 γῆν.
513 4186 741 4258 Ἐπειδὴ
791 4186 1125 4258 πολλάκιςὴ
1182 4191 1366 4267 Γραφὴ
1409 4189 1614 4262 ὁμοίως
1661 4189 1783 4265 περί
1831 4209 1890 4244 τε

250 4284 336 4346 τῆς
383 4278 433 4335 ἐν
490 4280 652 4356 σαρκὶ
714 4275 1015 4350 ἐπιδημίας
1056 4281 1153 4333 τοῦ
1196 4279 1453 4353 Χριστοῦ,
1485 4278 1571 4332 καὶ
1621 4277 1744 4353 περὶ
1790 4283 1890 4348 τῆς

254 4363 296 4420 ἐν
324 4371 385 4443 τῇ
430 4368 610 4446 κρίσει
660 4363 988 4444 διαλέγεται,
1039 4365 1126 4421 καὶ
1157 4366 1282 4442 περὶ
1311 4370 1420 4421 τῶν
1453 4363 1549 4422 δύο
1578 4369 1887 4440 παρουσιῶν

255 4453 726 4533 ἐπιπεπλεγμένως
813 4453 1144 4532 ἀπαγγέλλει
1219 4455 1420 4511 ἐνίοτε²
1490 4456 1772 4530 ἡγούμεθα
1824 4455 1893 4511 τὰ

256 4547 352 4600 νυνὶ
413 4552 579 4602 ταῦτα
629 4545 754 4618 περὶ
828 4552 928 4615 τῆς
983 4543 1440 4619 ἐνανθρωπήσεως
1505 4543 1773 4620 λέγεσθαιο
1845 4543 1890 4600 εί

256 4635 331 4690 καὶ
389 4637 468 4692 ὅτι
529 4633 673 4709 μηδὲ
718 4635 855 4710 πρὸς
912 4633 979 4689 τά
1039 4632 1315 4708 μέλλοντα
1340 4635 1430 4690 καὶ
1463 4632 1894 4710 προσδοκώμενα
1925 4659 1970 4723 D

258 4723 430 4794 ἀπᾴδει
479 4731 590 4781 τῶν
641 4729 1014 4800 προκειμένων
1039 4725 1074 4794 ἡ
1135 4723 1331 4782 ἐννοια.
1363 4723 1511 4780 Μετά
1538 4723 1640 4800 γὰρ
1670 4725 1770 4794 τὴν
1796 4728 1892 4779 τοῦ

257 4811 470 4886 Χριστοῦ
511 4811 810 4886 ἐπιδημίαν
864 4816 900 4882 ἡ
959 4811 1083 4889 περὶ
1138 4813 1207 4868 τὰ
1261 4811 1626 4889 χειροποίητα
1675 4810 1887 4883 σπουδὴ

258 4903 622 4979 Μρέῤῥιπται.
669 4902 862 4960 Ούκέτι
915 4901 1012 4976 μὲν
1059 4900 1497 4978 ἀγαλματοποιοὶ
1556 4900 1888 4973 σπουδάζον-

318 5067 360 5102 ⁸⁴
384 5068 549 5127 Rom.
584 5086 625 5141 ι,
655 5068 746 5124 21.
851 5067 894 5103 ⁸⁵
923 5066 1076 5126 Psal.
1109 5083 1270 5136 xvm,
1301 5067 1354 5124 1.

319 5243 422 5319 (32)
452 5243 1056 5321 Editi,_s_imﬁ).00psv...
1093 5243 1170 5308 εἷς
1202 5243 1295 5299 τὸν
1325 5243 1556 5318 κόσμον.
1589 5248 1659 5304 At
1704 5247 1880 5321 quin-

263 5331 363 5390 que
391 5337 530 5376 mss.
573 5319 660 5374 uti
685 5319 746 5374 in
771 5323 1066 5390 contextu.

323 5391 426 5462 (33)
456 5395 676 5448 Vocem
705 5387 1001 5463 πρόσωπον
1039 5406 1110 5448 ex
1140 5388 1403 5463 quinque
1462 5406 1604 5447 mss.
1663 5391 1884 5464 adjeci-

269 5476 406 5518 mus.

327 5535 432 5606 (34)
462 5536 690 5592 Rursus
716 5535 986 5593 voculam
1010 5530 1112 5607 γάρ
1140 5533 1691 5601 addidimus,secuti
1712 5535 1887 5591 fidem

267 5603 534 5681 librorum
566 5610 963 5681 quorumdam
991 5603 1274 5681 veterum.

335 5680 444 5751 (35)
467 5674 622 5737 Editi
650 5686 707 5752 et
727 5686 847 5752 tres
879 5696 1050 5747 11188.,
1079 5677 1392 5752 πέπαυται..
1444 5674 1748 5752 ἐλέγχεται.
1779 5676 1891 5752 Alii

275 5749 381 5809 tres
409 5748 576 5826 mea,
611 5751 774 5810 νόσοι)
801 5750 1156 5830 ἐλέγχεται...
1185 5748 1342 5831 φύσις
1368 5748 1711 5827 γνωρίζεται.
1769 5750 1892 5806 Ali-

1997 2053 2164 2112 audit
2186 2054 2357 2110 etiam
2389 2057 2719 2109 creaturam
2751 2068 2820 2108 ea
2849 2069 2971 2122 quae
3003 2053 3073 2108 ad
3101 2051 3196 2108 Dei
3227 2052 3472 2124 gloriam
3505 2069 3640 2124 per-

2000 2143 2187 2199 tinent
2215 2143 2675 2198 edisserentem:
2712 2140 2851 2198 Caeli
2879 2141 3059 2213 enim,
3121 2141 3333 2213 inquit,
3367 2145 3638 2198 enarrant

1999 2233 2246 2303 gloriam
2267 2232 2436 2288 Dei”.
2466 2231 2537 2286 Hi
2569 2248 2704 2288 vero
2763 2238 2968 2302 praeter
3019 2247 3088 2286 ea
3131 2247 3258 2302 qua:
3314 2231 3388 2286 ob
3439 2230 3641 2286 oculos

2000 2326 2140 2378 sunt
2171 2321 2376 2393 posita,
2410 2319 2556 2376 nihil
2591 2319 3007 2392 intelligentes,
3045 2320 3181 2376 ι’αηί
3209 2319 3352 2394 facti
3407 2327 3556 2390 sunt,
3585 2325 3639 2375 et

2002 2427 2069 2466 ea
2095 2425 2221 2482 quae
2247 2409 2468 2466 condita
2497 2413 2651 2477 sunt,
2684 2409 2977 2466 Conditore
3032 2410 3338 2482 prxterito,
3394 2407 3644 2466 venerati

1999 2507 2132 2554 sunt
2155 2515 2220 2554 ac
2247 2498 2532 2555 coluerunt
2551 2498 2616 2552 ⁸⁸.

2073 2590 2162 2644 95.
2209 2590 2274 2644 Et
2328 2587 2674 2642 multabitur
2716 2587 2980 2643 Dominus
3029 2586 3178 2642 solus
3247 2586 3307 2642 in
3363 2584 3454 2641 die
3517 2583 3647 2645 illa.

2002 2679 2370 2732 Evanescunt
2401 2675 2671 2743 tenebrae,
2730 2673 2859 2730 luce
2908 2675 3234 2730 exoriente:
3285 2673 3647 2745 simulatque

2000 2767 2168 2822 adest
2199 2765 2443 2833 sanitas,
2475 2763 2754 2819 desinunt
2775 2762 2962 2818 morbi
2995 2762 3275 2818 molestiis
3298 2764 3646 2834 :apparente

2001 2871 2232 2926 quoque
2253 2853 2489 2909 veritate
2522 2852 3046 2908 mendaciinatura
3099 2851 3383 2924 arguitur.
3435 2849 3643 2905 Itidem

1997 2961 2133 3000 cum
2163 2944 2214 2999 is
2245 2943 2345 3015 qui
2379 2959 2508 2998 vere
2540 2941 2806 2997 exeelsus
2843 2945 2952 3009 est,
3005 2955 3357 3013 omnemque
3407 2937 3638 2994 intelle-

2001 3038 2156 3090 ctum
2190 3031 2479 3088 ΘΧοιεῙΒΠΠ]
2511 3047 2577 3087 ac
2625 3030 2918 3086 sublimen
2976 3034 3234 3102 superat.
3299 3026 3639 3098 innotuerit,

2000 3137 2248 3193 cumque
2276 3119 2646 3193 apprehensa
2677 3117 2850 3174 fuerit
2879 3117 3072 3174 omnis
3103 3135 3240 3174 vera
3276 3115 3641 3188 contempla—

2002 3198 2277 3283 tiozquae
2300 3210 2463 3281 prius
2496 3208 2723 3264 excelsa
2781 3208 3174 3264 censebantur
3231 3210 3289 3263 et
3342 3205 3640 3274 sublimia,

2001 3301 2348 3357 videbantur
2375 3315 2504 3355 esse
2521 3298 2970 3354 contemnenda.
3005 3298 3206 3369 Itaque
3257 3295 3355 3351 ubi
3387 3294 3645 3368 primum

1999 3391 2038 3446 ii
2069 3391 2168 3462 qui
2199 3390 2484 3445 hactenus
2517 3388 2748 3443 fuerant
2778 3386 3027 3458 decepti,
3061 3385 3240 3442 falsas
3269 3401 3408 3441 suas
3435 3384 3506 3439 de
3549 3399 3645 3438 re—

2000 3480 2110 3536 bus
2132 3478 2381 3552 singulis
2412 3477 2718 3550 opiniones
2754 3475 3151 3548 deposuerint,
3186 3479 3395 3531 natura
3447 3473 3642 3529 omnis

1999 3569 2222 3624 ratione
2241 3568 2483 3640 priedita
2499 3582 2693 3622 veram
2717 3563 3124 3620 celsitudinem
3149 3562 3646 3636 magnitudinem-

1999 3674 2113 3730 que
2143 3658 2258 3713 Deo
2289 3656 2391 3712 uni
2421 3654 2729 3711 convenire
2761 3653 3094 3710 testabitur.

2066 3747 2158 3801 96.
2191 3746 2368 3802 Vsas.
2401 3746 2486 3812 18,
2520 3745 2606 3799 19.
2667 3745 2739 3798 El
2790 3745 3116 3814 manufacla
3165 3743 3360 3799 omnia
3413 3741 3644 3797 abscon-

1995 3835 2143 3905 dent,
2174 3837 2471 3905 inferentes
2517 3835 2578 3887 in
2605 3833 2914 3903 speluncas,
2936 3835 2989 3886 et
3019 3832 3078 3885 in
3131 3831 3401 3885 scissuras
3453 3831 3642 3900 petra-

1998 3941 2142 3993 rum,
2192 3926 2243 3978 et
2273 3924 2333 3978 in
2359 3922 2642 3992 foramina
2672 3928 2855 3990 terrae,
2887 3936 2924 3974 a
2949 3920 3104 3990 facie
3131 3920 3348 3973 timoris
3392 3917 3641 3981 Domini,

1995 4021 2050 4068 et
2077 4030 2110 4066 a
2143 4012 2322 4083 gloria
2350 4009 2699 4082 fortitudinis
2723 4009 2858 4080 ejus,
2891 4023 3016 4062 cum
3045 4007 3358 4061 surrexerit
3386 4005 3461 4060 ad
3513 4020 3642 4075 per-

1997 4100 2312 4157 cutiendum
2333 4102 2564 4155 terram.
2597 4095 3084 4166 Quandoquidem
3106 4093 3409 4165 Scriptura
3438 4091 3643 4148 multis

1999 4190 2060 4245 in
2091 4189 2234 4245 locis
2267 4188 2392 4261 pari
2423 4187 2646 4242 ratione
2669 4185 2738 4240 de
2766 4182 2978 4239 Christi
3012 4184 3070 4238 in
3102 4198 3336 4239 carnem
3369 4183 3645 4252 adventu,

2000 4284 2175 4351 atque
2204 4279 2273 4334 de
2305 4294 2371 4333 eo
2402 4293 2517 4348 quo
2551 4276 2623 4331 ad
2648 4273 2941 4347 judicium
2962 4276 3244 4329 venturus
3275 4277 3390 4340 est,
3420 4286 3644 4327 sermo-

1997 4386 2133 4426 nem
2165 4368 2323 4435 facit,
2355 4366 2535 4422 etiam
2556 4379 2986 4436 nonnunquam
3019 4363 3091 4418 de
3115 4367 3365 4433 utroque
3385 4363 3644 4418 adventu

1996 4455 2660 4530 conjunctimloquitur:
2677 4471 2803 4527 quas
2823 4469 2978 4508 nunc
2990 4452 3406 4518 occurrunt,de
3417 4467 3644 4508 assum-

2000 4551 2101 4619 pta
2123 4545 2494 4602 humanitate
2520 4544 2678 4599 dicta
2707 4559 2838 4599 esse
2869 4542 3245 4610 arbitramur,
3279 4540 3510 4598 etiamsi
3544 4557 3642 4598 eo-

2001 4654 2129 4690 rum
2163 4651 2292 4707 quie
2321 4636 2732 4705 proponuntur
2746 4648 2958 4688 sensus
2982 4648 3097 4686 non
3118 4631 3296 4686 etiam
3316 4629 3543 4688 alienus
3567 4630 3645 4686 sit

2001 4725 2073 4781 ab
2102 4724 2196 4791 iis,
2221 4740 2348 4796 quae
2373 4723 2571 4778 futura
2612 4725 2753 4777 sunt
2810 4737 2876 4777 ac
2942 4724 3275 4793 sperantur.
3337 4720 3643 4776 Enimvero

2001 4819 2133 4888 post
2159 4812 2375 4869 Christi
2406 4812 2749 4881 adventum,
2771 4810 3038 4866 studium
3053 4811 3204 4882 quod
3220 4810 3292 4865 ad
3309 4810 3644 4867 manufacta

2000 4902 2408 4961 conferebatur
2463 4899 2722 4958 evanuit.
2781 4899 2908 4956 Non
2969 4899 3096 4970 jam
3153 4898 3213 4956 in
3269 4898 3467 4972 aliquo
3533 4917 3642 4957 nu-

1459 5068 1503 5107 ⁶⁸
1522 5069 1685 5126 Rom.
1719 5085 1764 5142 ι,
1793 5069 1884 5140 22,
1915 5068 2006 5126 25.

1993 5251 2213 5330 quanto
2235 5245 2496 5318 post,ubi
2525 5243 2742 5328 legitur
2763 5243 2822 5328 in
2853 5243 3026 5300 editis
3051 5247 3110 5328 et
3128 5243 3187 5298 in
3219 5241 3440 5329 aliquot
3460 5260 3642 5328 mss"

1994 5319 2119 5388 ὁσον
2149 5317 2308 5388 ἐστίν,
2331 5319 2574 5374 Ducaeus
2593 5335 2652 5373 in
2671 5318 2871 5373 codice
2896 5317 2957 5372 F.
2975 5316 3272 5388 Scriptum
3293 5322 3534 5388 invenit,
3576 5315 3636 5376 ὃς

1995 5387 2156 5445 ἐστιν·
2192 5363 2369 5462 φλέω
2401 5391 2758 5463 scripturam
2789 5360 3290 5463 tuentur‘qu’oque
3321 5387 3478 5463 Regii
3508 5360 3632 5441 ter:

1996 5464 2118 5518 tius
2149 5459 2482 5536 efquartus
2505 5459 2660 5519 :‘nec
2691 5461 2937 5518 dubium
2962 5459 3404 5531 hab’emusquin
3436 5463 3638 5514 auctor

2001 5537 2082 5591 ita
2111 5537 2430 5606 scripserit.
2550 5603 2582 5606 __
2961 5603 2970 5606 _
3504 5600 3513 5606 _
3625 5594 3633 5599 _

2073 5608 2187 5681 (36)
2217 5600 2388 5675 Editi,
2413 5603 2658 5681 μεγάλα.
2688 5609 2760 5681 At
2792 5603 3134 5681 nostriusex
3157 5677 3166 5681 _
3190 5618 3335 5659 mss.
3378 5600 3638 5681 partu)”

2004 5676 2064 5733 in
2080 5673 2545 5747 quorumt'ribu's
2563 5677 2672 5732 hoc
2687 5679 2884 5747 tamen
2922 5673 3046 5730 vitii
3084 5677 3194 5746 est,
3239 5674 3396 5747 quod
3441 5674 3637 5743 inepte

2004 5743 2242 5828 πρότερα
2269 5752 2500 5824 legatur
2529 5764 2631 5821 pro
2661 5743 2943 5820 πρότερον.
