4100 6220
373 426 494 486 275
1318 417 1712 478 APPENDIX
1757 417 2083 481 OPERUM
2127 418 2193 478 S.
2237 417 2525 480 BASILII
2570 419 2845 480 MAGNI.
3669 416 3785 475 2'16

379 571 541 613 mero
571 555 871 626 ponuntur
900 549 1192 618 statuarii,
1226 554 1282 604 et
1302 564 1667 620 quiscunque
1691 549 1998 619 antiquitu:

2165 566 2239 616 αι,
2297 543 2422 601 οὐδὲ
2475 545 2572 601 ὅσα
2627 548 2691 617 ἦν
2739 545 2798 601 ἐκ
2826 544 3065 601 παλαιοῦ
3098 542 3500 620 θεραπευόμενα
3527 550 3628 615 τῆς
3667 564 3783 614 ισης

357 645 742 710 colebantur,
768 643 922 697 446
947 640 1196 710 nonjam
1219 637 1364 710 ipsis
1391 655 1495 709 par
1515 638 1780 692 studium
1808 638 1976 709 impei

2167 635 2476 712 πιτυγχάνει
2535 634 2800 707 σπουδῆς,
2864 635 2988 692 ἀλλ’
3048 635 3098 690 ἐν
3159 632 3480 705 σπηλαίοις,
3535 633 3625 688 καὶ
3671 639 3786 695 ταῖς

377 733 552 788 titur:
587 731 685 786 sed
708 730 765 784 in
810 729 1140 800 speluncas,
1165 743 1462 792 cavernas,
1495 731 1550 781 et
1580 725 1996 781 abstrusissim:

2167 731 2314 792 παῖς,
2381 725 2470 780 καὶ
2540 732 2654 788 τοῖς
2732 725 3114 802 ἀφανεστάτοις
3187 723 3496 800 παρεῤῥίφη
3575 724 3785 786 τόποις.

377 820 506 877 loca
536 821 760 891 dejecta
788 821 948 874 sunt.
983 818 1116 881 Quae
1139 815 1294 871 enim
1327 819 1568 870 eatenus
1591 814 1943 870 delituerant
1965 815 1996 869 i1

2169 812 2288 870 ςῖδον
2347 815 2469 891 γὰρ,
2529 813 2624 869 τοῦ
2656 817 2834 890 φωτὸς
2862 812 3307 888 ἀναλάμψαντος,
3342 813 3409 867 τὰ
3465 811 3516 866 ἐν
3547 817 3626 885 τῷ
3658 813 3788 867 σκό-

379 908 726 983 ignorantia
759 907 1039 972 tenebris,
1073 922 1161 971 ea,
1185 903 1314 960 luce
1341 909 1561 973 exorta,
1609 905 1902 968 viderunt,
1951 903 1998 958 li

2170 925 2213 958 ει
2266 910 2366 973 τῆς
2409 903 2624 978 ἀγνοίας
2672 905 2807 966 τὲως
2860 901 3307 973 διαλανθάνοντα,
3365 902 3427 956 τὸ
3483 901 3644 974 ξύλον
3714 902 3789 964 ὡς

378 1016 562 1072 gnum
595 996 865 1052 videlicet
904 1001 1181 1066 tanquam
1213 993 1463 1064 lignum,
1494 997 1550 1049 et
1582 992 1833 1064 lapidem
1861 997 1922 1048 ut
1943 993 1997 1047 la

2171 990 2314 1062 ὅλον,
2371 991 2460 1046 καὶ
2490 992 2581 1047 τὸν
2635 990 2784 1047 λίθον
2815 993 2890 1056 ὡς
2919 989 3096 1046 λίθον·
3129 990 3310 1046 οὑκέτι
3341 988 3400 1045 ἐκ
3427 994 3526 1044 τοῦ
3552 1011 3790 1064 περικει-

376 1087 596 1160 pidem.
629 1085 973 1158 Nequejam
1005 1099 1074 1139 ex
1105 1083 1291 1138 forma
1313 1081 1473 1136 hisce
1497 1083 1674 1137 rebus
1697 1081 1995 1153 circumpo

2175 1079 2300 1135 ,ἑνου
2331 1084 2677 1156 χαρακτῆρος
2724 1081 2911 1143 αὐτοῖς
2968 1080 3341 1153 ἀπατώμενοι,
3399 1076 3527 1134 ἀλλ’
3577 1077 3637 1134 ἐκ
3690 1085 3794 1149 τῆς

380 1176 496 1232 sita
527 1175 587 1230 in
619 1191 874 1230 errorem
909 1172 1295 1238 inducuntur,
1331 1171 1432 1225 sed
1465 1187 1532 1225 ex
1590 1169 1826 1241 propria
1869 1170 1998 1241 ipsa

2171 1169 2492 1247 παρχοὺσης
2569 1172 2777 1250 φύσεως
2850 1169 3318 1247 ἐπιγινώσκοντες.
3401 1163 3622 1244 Φοϐερᾶ
3687 1168 3790 1243 γὰρ

377 1279 510 1321 rum
536 1268 752 1318 natura
784 1278 883 1318 eas
914 1265 1264 1333 agnoscunt.
1299 1259 1446 1314 Nam
1488 1259 1706 1314 Christi
1743 1259 1992 1314 adventu

2176 1260 2390 1332 αίμοσιν
2421 1263 2454 1330 ἡ
2489 1263 2760 1337 σωτήριος
2780 1265 2860 1333 τῷ
2890 1260 3081 1332 κόσμῳ
3105 1260 3265 1314 παντὶ
3295 1262 3393 1313 τοῦ
3423 1259 3795 1333 Χριστοῦ

383 1354 483 1426 qui
516 1352 789 1408 universo
805 1353 930 1406 orbi
963 1356 1052 1406 est
1075 1349 1373 1418 salutaris,
1402 1348 1995 1404 daemonibusfuitter

2174 1345 2419 1421 πιδημίαο
2471 1349 2560 1404 καὶ
2621 1347 3054 1405 καταὶελοίπασι
3103 1348 3193 1404 νῦν
3244 1345 3372 1408 τοὺς
3423 1341 3793 1423 περιϐοήτους

383 1442 530 1512 rori;
573 1448 629 1498 et
669 1457 826 1495 nunc
886 1439 1013 1494 loca
1071 1440 1211 1493 adeo
1272 1438 1580 1492 decantata
1627 1454 1730 1492 ceu
1785 1436 2002 1492 fallacia

2171 1437 2452 1507 όπους,τὰ
2509 1446 2606 1508 τῆς
2666 1440 2875 1509 ἀπάτης
2903 1437 3258 1514 ἐργαστήρια.
3319 1435 3513 1494 Οὑκέτι
3567 1434 3790 1506 Δελφοὶ,

383 1531 651 1587 ofﬁcinas
683 1528 1140 1600 dereliquerunt.
1175 1531 1302 1582 Non
1351 1526 1604 1598 amplius
1635 1526 1877 1598 Delphi:
1911 1543 2002 1582 no:

2171 1521 2315 1582 ὐκέτι
2371 1527 2436 1581 τὰ
2494 1529 2827 1603 χρηστήριαο
2899 1525 2988 1582 καί
3022 1530 3204 1596 σιωπᾷ
3267 1525 3360 1596 μὶν
3396 1526 3430 1594 ἡ
3465 1523 3790 1600 πρόμαντις,

387 1619 644 1691 amplius
671 1618 944 1673 oracula:
979 1622 1147 1688 atque
1187 1615 1524 1671 conticescit
1546 1615 1780 1688 quidem
1818 1616 2006 1671 muliel

2171 1614 2340 1670 πίνεται
2375 1613 2431 1671 δὲ
2481 1618 2515 1685 ἡ
2552 1614 2852 1687 Κασταλία,
2905 1615 2994 1670 καὶ
3027 1617 3399 1690 σωφρονοῦσιν
3433 1613 3484 1667 οἱ
3516 1613 3790 1674 πίνοντες’

384 1707 623 1763 fatidica
647 1725 659 1762 :
683 1706 906 1762 bibitur
938 1722 1065 1761 vero
1101 1706 1229 1760 fons
1260 1703 1578 1772 Castalius;
1612 1709 1668 1760 et
1705 1709 1898 1761 tamen
1927 1721 2001 1776 qu

2179 1705 2304 1779 υγᾶς
2361 1705 2390 1758 ὁ
2450 1705 2797 1780 Ἀμφιάραος
2831 1707 2964 1777 (38)·
3026 1705 3054 1758 ὑ
3115 1699 3467 1777 ’Δμφίλοχος
3526 1697 3794 1774 οὐδαμοῦ,

384 1797 838 1862 Ιιίουηι,ξειιοθ.ω
857 1795 1114 1850 retinent
1135 1798 1413 1858 mentem,
1434 1793 1582 1865 fugit
1601 1794 1991 1865 Amphiaraus

2177 1793 2223 1847 αὶ
2280 1795 2347 1847 τὰ
2401 1791 2751 1870 ἀφιδρύματα
2794 1792 3162 1868 ἐξηφάνισταε·
3223 1791 3313 1846 καὶ
3345 1791 3400 1844 αἱ
3431 1789 3651 1865 ἀόρατοι
3702 1787 3796 1844 δυ-

384 1883 766 1957 Amphilocus
800 1900 1090 1954 nusquam
1114 1886 1378 1954 apparet,
1412 1882 1642 1938 abolitae
1663 1888 1889 1950 statuas,
1925 1901 2003 1939 sei

2176 1881 2326 1954 άμεις
2397 1882 2885 1957 ὑποκεχωρήκσσιν
2959 1881 3063 1936 ἀπὸ
3117 1879 3415 1955 προσώπυυ
3469 1883 3568 1933 τοῦ
3620 1872 3795 1955 φόϐου

2229 1969 2288 1991 .r,
2477 1969 2491 1989 \
2555 1970 2567 1988 9
2625 1971 2639 1991 κ
2717 1971 2748 1982 ~
2827 1967 2912 1991 δη·
2975 1990 2979 1991 ,
3049 1975 3141 1991 ,~,
3206 1966 3397 1991 2__-Al_r
3463 1965 3616 1991 ,μ’-,9
3673 1967 3795 1991 ἰη’

385 1979 442 2030 et
470 1972 797 2028 invisibiles
822 1975 1137 2044 potestates
1169 1990 1201 2027 a
1231 1971 1377 2026 facie
1424 1971 1653 2027 timoris
1711 1972 1942 2027 Domini
1974 1989 2004 2028 e

2176 1969 2358 2044 .υρίου,
2404 1969 2493 2024 καὶ
2544 1970 2648 2024 ἀπὸ
2677 1971 2776 2041 τῆς
2824 1967 2984 2040 δόξης
3042 1975 3145 2038 τῆς
3206 1966 3398 2043 ἰσχύος
3457 1965 3640 2023 αὑτοῦ.
3673 1967 3795 2045 Ἀφ’

385 2061 633 2136 agloria
665 2061 978 2118 fortudinis
1020 2062 1148 2132 ejus
1208 2076 1519 2116 recessere.
1577 2064 1655 2116 Ex
1712 2079 1827 2132 quo
1885 2078 2004 2117 cru:

2174 2059 2202 2112 ὗ
2259 2058 2583 2132 ὀνομάζεται
2657 2059 2685 2113 ὁ
2744 2059 2994 2133 σταυρὸς,
3055 2055 3388 2136 ἐφυγαδεύθη
3445 2056 3512 2112 τὰ
3565 2053 3791 2112 εἴδωλα.

383 2151 744 2222 nominatur,
775 2153 977 2223 fugata
1015 2151 1173 2206 idola
1195 2154 1353 2206 sunt.
1388 2151 1564 2205 Porro
1613 2150 2002 2221 phantasmata

2169 2143 2360 2202 Βῖδωλα
2418 2148 2604 2220 μέντοι
2665 2146 2772 2201 ἐστὶ
2827 2147 3014 2202 καὶτὰ
3069 2145 3265 2221 ἑκάστῃ
3297 2149 3364 2220 τῇ
3396 2148 3551 2220 ψυχῇ
3581 2144 3788 2200 ἐντετυ-

385 2256 590 2297 eorum
620 2242 717 2313 qui
752 2241 1230 2312 mendaciis,tum
1261 2240 1332 2295 de
1363 2240 1501 2306 Deo,
1537 2242 1662 2294 tum
1695 2240 1766 2295 de
1799 2257 1859 2295 re
1891 2257 2004 2311 qua

2174 2237 2364 2308 ῖωμένα
2393 2239 2505 2310 (39)
2565 2237 2925 2314 φαντάσματπ
2961 2240 3068 2290 τῶν
3125 2235 3193 2289 τὰ
3247 2232 3416 2309 ψευδῆ
3467 2229 3793 2308 ὑπολαμϐα-

383 2330 477 2385 vis
508 2330 567 2385 in
602 2330 983 2401 quaestionem
1017 2329 1271 2384 adducta
1288 2328 1649 2399 excogitatis,
1674 2328 1844 2383 fidem
1862 2329 1998 2384 adhi

2177 2326 2366 2395 όντων,
2427 2326 2534 2382 εἴτε
2590 2327 2714 2402 περὶ
2773 2331 2926 2394 Θεοῦ,
2987 2323 3093 2381 εἷ’τε
3148 2326 3272 2401 περὶ
3331 2325 3648 2380 οὑτινοσοῦν
3681 2328 3796 2379 τῶν

387 2419 530 2474 bent
558 2419 607 2475 si
637 2419 877 2475 cuilibet
907 2419 1346 2474 animaefuerint
1367 2416 1679 2490 insculpta,
1706 2418 2006 2474 suntetian

2176 2417 2504 2489 ητουμένων.
2544 2415 2642 2470 Καὶ
2700 2414 2823 2470 ὅσον
2877 2415 2971 2488 μὲν
3001 2417 3036 2485 ἡ
3071 2413 3308 2490 ἐνέργεια
3337 2414 3424 2469 καὶ
3457 2416 3492 2483 ἡ
3523 2420 3624 2483 τῆς
3651 2413 3795 2484 ἀλη-

390 2506 568 2562 idola.
609 2509 798 2579 Atque
828 2508 1090 2578 quandiu
1123 2507 1208 2563 vis
1265 2511 1322 2562 et
1380 2506 1712 2578 explanatio
1771 2507 2009 2563 veritati:

2178 2503 2288 2567 είας
2345 2505 2644 2580 φανέρωσις
2675 2506 2739 2560 οὐ
2786 2510 3008 2572 νοεῖται,
3057 2503 3280 2566 ’ἕκαστος
3312 2502 3555 2580 περιέπει
3586 2503 3653 2557 τὰ
3682 2501 3797 2556 ἴδια

391 2611 508 2652 non
542 2595 925 2668 intelligetur,
958 2613 1067 2651 sua
1097 2596 1344 2666 quisque
1368 2596 1648 2666 figmenta
1701 2603 2008 2651 veneratur

2179 2592 2555 2666 ναπλάσματασ
2611 2592 2738 2648 ἐπὰν
2801 2591 2857 2648 δὶ
2881 2592 2943 2648 τὸ
2989 2591 3122 2666 ὕψος
3176 2592 3265 2647 καὶ
3315 2593 3349 2662 ἡ
3413 2591 3656 2667 ὑπεροχή
3693 2595 3798 2646 τοῦ

389 2697 458 2738 ιο
489 2680 628 2736 colit
651 2697 664 2737 :
698 2686 1079 2754 posteaquam
1101 2687 1297 2738 autem
1317 2681 1599 2738 celsitudo
1613 2687 1669 2738 et
1695 2684 2008 2754 praetenti:

2178 2703 2310 2743 ντως
2342 2684 2455 2755 (40)
2486 2677 2636 2743 ὄντος
2694 2679 2933 2752 ἀληθοῦς
2994 2681 3218 2759 ἐκφανῇ,
3260 2680 3382 2734 τότέ
3430 2677 3654 2741 ἓκαστος
3685 2683 3797 2733 τῶν

388 2769 518 2843 ejus
549 2770 649 2843 qui
682 2772 852 2844 plane
876 2789 1046 2828 verus
1078 2789 1145 2827 ac
1175 2789 1347 2828 verax
1401 2777 1492 2828 est
1549 2771 1827 2841 illuxerit,
1891 2777 2007 2829 tum

2176 2768 2290 2825 Βίων
2349 2771 2636 2845 δογμάτων
2696 2771 3068 2846 κατεγνωκὼς,
3118 2770 3192 2831 ὡς
3249 2765 3461 2843 ψευδῶς
3492 2770 3658 2823 αὐτοῦ
3689 2774 3795 2838 τῆς

387 2875 498 2916 sua
525 2861 746 2932 quique
777 2861 1051 2934 dogmata
1081 2860 1210 2917 ideo
1242 2861 1724 2932 condemnantes,
1748 2863 1901 2933 quod
1935 2880 1999 2918 eo

2174 2868 2325 2936 ιυχῆς
2354 2860 2834 2938 φαντασιονμὲνης,
2896 2858 3200 2938 ἐξαφανίσαι
3261 2855 3550 2927 σπουδάζει
3597 2856 3664 2912 τὰ
3692 2862 3793 2912 τοῦ

388 2965 519 3004 rum
551 2949 748 3005 animo
788 2949 1022 3006 fallaces
1075 2949 1298 3022 species
1347 2949 1587 3021 objecta:
1632 2956 1846 3019 essent,
1899 2952 2007 3022 jan

2174 2946 2366 3011 ἐύδους
2398 2951 2668 3022 νοήματα,
2700 2948 2861 3004 οἱονεὶ
2894 2947 3186 3018 σπηλαίοις
3209 2947 3297 3002 καὶ
3325 2945 3599 3024 τρώγλαις
3633 2945 3793 3021 ἐγκα-

387 3037 678 3094 mendacii
709 3038 1000 3111 imagines
1031 3043 1224 3094 mente
1257 3043 1567 3111 conceptas
1625 3039 1817 3095 delere
1866 3041 1998 3095 festi

2173 3037 2411 3113 ακρὺψας
2464 3037 2598 3092 αὑτά
2655 3040 2788 3111 (41)’
2848 3039 2988 3102 ὁρῶν
3037 3034 3231 3092 λοιπὸν
3273 3033 3335 3091 ἐκ
3363 3043 3460 3105 τῆς
3522 3034 3792 3110 ἐνεργείας

385 3131 550 3199 nant,
582 3127 741 3200 ipsas
761 3128 941 3184 veluti
973 3128 1032 3183 in
1055 3127 1352 3200 speluncis
1395 3133 1452 3184 et
1508 3129 1896 3186 foraminibus
1935 3146 2004 3185 re:

2175 3127 2307 3196 ὐτῆς
2337 3127 2403 3182 τὰ
2433 3122 2638 3205 φοϐερὰ
2668 3125 2764 3181 τοῦ
2803 3131 2956 3196 Θεοῦ,
3013 3126 3104 3181 καὶ
3160 3125 3264 3194 ὅτι,
3325 3123 3410 3179 ἐπὶ
3466 3128 3547 3196 τῷ
3596 3123 3790 3200 ἐξαφα-

388 3217 728 3272 condentes.
762 3216 1129 3289 Quippejam
1163 3234 1232 3272 ex
1267 3218 1371 3272 hac
1401 3217 1531 3289 ipsa
1553 3217 1603 3270 vi
1655 3221 1712 3272 et
1766 3219 2007 3273 efficacia

2173 3217 2276 3271 ίσαι
2330 3216 2398 3271 τὰ
2459 3215 2620 3271 ὑλικά
2677 3217 2870 3288 πάντα,
2902 3213 2991 3270 καί
3049 3213 3216 3270 οἱονεὶ
3246 3216 3467 3289 θραῦσαι
3500 3215 3568 3269 τὰ
3597 3215 3783 3289 γήινα,

383 3302 585 3359 vident
610 3305 928 3360 terribilem
994 3306 1094 3361 Dei
1127 3310 1184 3361 et
1207 3307 1280 3360 ad
1314 3305 1630 3361 abolendas
1665 3313 1904 3363 cunctas
1933 3325 2002 3362 re:

2171 3327 2226 3360 να
2280 3305 2349 3360 τὰ
2399 3306 2737 3378 πνευματικὰ
2811 3307 3114 3382 φανερωθῇ,
3168 3304 3256 3359 καὶ
3325 3301 3407 3358 δεῖ
3451 3304 3548 3372 τήν
3611 3301 3790 3357 εἰκόνα

391 3409 722 3464 corporeae,
743 3397 800 3448 et
829 3393 1005 3449 veluti
1039 3395 1109 3449 ad
1135 3395 1734 3450 conterendaterrena
1762 3396 2010 3452 virtuten

2177 3398 2238 3450 οῦ
2297 3398 2494 3470 χοϊκοῦ
2541 3393 2972 3472 ἐξαφανισθῆναι,
3006 3392 3090 3447 ἵνα
3120 3395 3154 3462 ἡ
3185 3395 3281 3447 τοῦ
3311 3389 3633 3467 ἐπουρανίου
3665 3391 3793 3446 ἀνα-

394 3497 461 3537 ac
495 3481 933 3551 fortitudinem;
957 3484 1112 3554 quod
1147 3483 1287 3539 fitut
1330 3482 1620 3554 spiritalia
1657 3484 2013 3541 manifesten‘

2176 3487 2303 3558 πανῇ.
2357 3485 2514 3538 Ὥστε
2565 3484 2655 3538 καὶ
2707 3484 2758 3538 οἱ
2827 3480 3042 3556 ψευδεῖς
3111 3481 3234 3554 περὶ
3287 3485 3420 3536 Θεοῦ
3485 3477 3795 3554 ὑπολήψεις

394 3573 515 3626 tur.
547 3571 697 3637 Quin
729 3576 785 3626 et
823 3576 1050 3644 oportet
1079 3572 1268 3644 ipsam
1309 3572 1440 3644 ejus
1472 3573 1568 3643 qui
1593 3574 1886 3629 terrestris
1947 3591 2007 3631 es

2179 3593 2392 3648 χονοες,
2423 3573 2545 3627 τινὰ
2573 3572 2775 3643 νοητὴν
2815 3569 3271 3646 εῗδῶλολατρείαν
3306 3567 3798 3632 εἷδωλοποιοῦντες

389 3658 707 3732 imaginem
732 3659 934 3731 deleri,
970 3665 1034 3716 ut
1064 3661 1258 3734 imago
1289 3662 1417 3732 ejus
1474 3661 1575 3732 qui
1634 3661 1885 3719 caelestis
1944 3681 2005 3720 es

2179 3689 2195 3715 ν
2227 3663 2462 3731 ἑαυτοῖς,
2507 3661 2576 3715 τὰ
2627 3661 2702 3734 μή
2753 3656 2880 3715 ὅντα
2911 3660 2983 3721 ὡς
3013 3655 3141 3714 ὅντα
3170 3654 3382 3734 ἕχουσι⁴
3414 3659 3503 3712 καὶ
3541 3654 3798 3712 ὑπόδικοι

391 3746 700 3804 videndam
741 3766 801 3805 se
835 3751 1107 3822 prszbeat.
1143 3751 1348 3822 Itaque
1367 3749 1544 3806 falsas
1576 3751 1645 3806 de
1676 3752 1790 3807 Deo
1814 3753 2010 3825 opinio

2176 3750 2294 3807 ὑτοι
2351 3752 2590 3828 γίνονται
2653 3753 2767 3824 (42)
2806 3754 2876 3825 τῇ
2915 3750 3120 3825 κατάρᾳ
3145 3753 3214 3824 τῇ
3249 3748 3503 3826 λεγούσῃ·
3539 3749 3793 3805 Ἐπικατ-

388 3852 492 3892 nes
510 3838 610 3910 qui
629 3838 1201 3910 habent,spiritalem
1227 3840 1545 3911 quamdam
1568 3840 1624 3895 in
1649 3857 1712 3896 se
1741 3841 1885 3913 ipsis
1912 3843 2006 3898 ido

2179 3862 2336 3917 ρατος
2422 3831 2524 3902 πᾶς
2598 3841 2882 3916 ἄνθρωπος
2957 3840 3014 3902 ’ὸς
3105 3841 3325 3910 ποιήσει
3395 3838 3631 3914 γλυπτὸν
3699 3837 3793 3892 καὶ

381 3923 674 3984 lolatriam
713 3928 1159 3996 exsuscitantes,
1176 3945 1242 3984 ea
1265 3945 1393 4000 qua:
1416 3946 1528 3984 non
1563 3934 1724 3996 sunt,
1748 3935 2000 4004 tanquan

2171 3931 2436 4006 ίωνευτὸν,
2483 3926 2762 4004 βδέλυγμα
2794 3929 2998 4004 Κυρίῳ,
3050 3926 3202 4003 ἔργον
3255 3931 3456 4002 χειρῶν
3513 3926 3790 4002 τεχνίτου,

384 4014 434 4070 si
467 4023 685 4083 essent,
711 4018 908 4074 animo
923 4017 1038 4073 sibi
1063 4018 1321 4089 fingunt;
1343 4019 1717 4090 atqueseipsi
1747 4021 1997 4076 obnoxio

1414 4019 1717 4090 queseipsi
1747 4021 2031 4077 obnoxios
2138 4021 2226 4074 καὶ
2253 4021 2403 4089 θήσει
2436 4018 2598 4073 αὑτοῦ
2629 4019 2681 4072 ἐν
2716 4018 3033 4095 ἀποκρύφῳ.

387 4105 643 4161 reddunt
671 4106 1095 4174 maledictioni,
1128 4125 1255 4178 quae
1288 4107 1450 4173 dicit,
1495 4109 1820 4164 Maledicta:
1886 4115 2064 4166 omnis
2095 4111 2255 4167 homo
2289 4113 2386 4182 qui
2439 4113 2607 4182 faciet
2662 4110 2918 4179 sculptile
2972 4117 3023 4164 et
3077 4108 3266 4180 fusile,
3322 4109 3792 4164 abominationem

385 4195 638 4264 Domino,
672 4212 804 4268 Opus
834 4213 1100 4252 manuum
1123 4197 1379 4267 artiﬁcis,
1411 4201 1463 4252 et
1489 4201 1651 4268 ponet
1682 4198 1823 4253 illud
1854 4201 1913 4253 in
1945 4201 2150 4256 occulto
2167 4201 2231 4255 ⁵⁷.

453 4284 545 4337 97.
579 4287 749 4340 Vnas.
784 4286 876 4354 20,
907 4285 997 4340 2|.
1030 4286 1129 4340 Die
1158 4289 1304 4340 enim
1357 4286 1457 4340 illa
1485 4287 1668 4346 eiiciat
1696 4287 1853 4342 homo
1904 4288 2031 4344 abo-

2207 4290 2296 4344 97.
2351 4291 2426 4360 Τῇ
2485 4287 2588 4362 γὰρ
2638 4287 2820 4360 ἡμέρᾳ
2876 4283 3052 4359 ἐκείνῃ
3113 4279 3333 4339 ἐκϐαλεῖ
3390 4279 3673 4356 ἅνθρωπος
3723 4284 3795 4338 τὰ

382 4372 714 4428 minationes
742 4389 873 4428 sua:
903 4382 1191 4444 argenteas
1223 4378 1271 4428 et
1315 4389 1532 4443 aureas,
1591 4391 1727 4445 quas
1781 4377 2001 4444 fecerim

2171 4373 2487 4450 ηδελόγματα
2562 4375 2730 4430 αὐτοῦ
2793 4374 2862 4428 τὰ
2935 4374 3145 4449 ἀργυρᾶ
3217 4371 3308 4428 καὶ
3381 4372 3448 4426 τὰ
3503 4377 3703 4448 χρυσᾶ,
3755 4371 3790 4426 ἃ

381 4459 452 4514 ad
479 4459 825 4516 adorandum
851 4477 1016 4530 vana,
1049 4465 1100 4517 el
1133 4463 1571 4533 vespertiliones:
1603 4464 1679 4518 ad
1701 4464 2000 4520 inlrandun

2172 4463 2396 4533 ποίησαν
2453 4467 2774 4538 προσκυνεῖν
2839 4479 2956 4524 τοις
3027 4461 3314 4534 ματαίοις,
3374 4460 3463 4515 καὶ
3517 4465 3640 4522 ταῖς
3697 4481 3791 4515 νυ-

378 4547 441 4601 in
469 4563 732 4605 cavernas
761 4549 941 4620 ﬁrmae
982 4553 1180 4620 petrae,
1212 4553 1262 4607 et
1293 4553 1352 4606 in
1374 4552 1648 4607 scissura:
1663 4561 1997 4624 petrarum“

2171 4553 2334 4628 τερίσι
2369 4570 2383 4586 ·
2440 4555 2537 4607 τοῦ
2595 4550 2855 4607 εἰσελθεῖν
2927 4550 3003 4612 εἰς
3057 4551 3153 4615 τὰς
3207 4548 3462 4625 τρώγλας
3515 4555 3618 4618 τῆς
3667 4568 3790 4603 στει-

375 4638 524 4707 facie
579 4640 795 4695 timoris
847 4639 1087 4709 Domini,
1149 4657 1180 4694 a
1248 4640 1431 4711 gloria
1485 4641 1833 4711 fortitudinis
1882 4643 1994 4714 ejus

2169 4647 2257 4704 εᾶς
2339 4641 2558 4717 πέτρας,
2622 4640 2711 4696 καὶ
2788 4639 2865 4705 εἴς
2930 4641 3026 4702 τὰς
3085 4639 3326 4716 σχισμὰς
3385 4643 3492 4694 τῶν
3546 4643 3787 4713 πετρῶν,

378 4740 506 4782 cum
559 4729 870 4786 surrexerit
923 4730 1004 4786 ad
1055 4729 1438 4786 conterendam
1497 4736 1731 4787 terram.
1770 4732 1997 4788 Recond

2162 4731 2240 4787 ιπὸ
2297 4731 2595 4806 προσώπου
2648 4734 2745 4786 τοῦ
2797 4724 2970 4808 φόϐου
3027 4729 3270 4804 Κυρίου,
3327 4729 3417 4784 καὶ
3498 4727 3603 4783 ἀπὸ
3677 4733 3781 4796 τῆς

449 4909 514 4969 ⁸⁷.
543 4909 712 4969 Deut.
740 4927 922 4983 xxvn,
955 4911 1042 4968 15.

452 5091 566 5166 (37)
595 5092 731 5151 Allii
769 5110 916 5151 mss.
977 5109 1110 5151 cum
1169 5095 1364 5167 editis,
1421 5093 1679 5168 Χριστοῦ,
1739 5095 1859 5162 alii,
1920 5097 2025 5152 Ku-

1800 5096 1859 5162 ii,
1920 5097 2025 5152 Κυ-
2140 5091 2256 5172 δοεςἶ
2281 5094 2646 5172 At_quinqu_e
2675 5107 2845 5172 φοι,
2875 5090 3106 5172 ψευδῶς·
3130 5164 3145 5172 _
3242 5166 3252 5172 _
3281 5166 3292 5172 _
3405 5160 3416 5172 ,

380 5160 644 5239 ρίτέιξοξη
1349 5160 1361 5167 ’
1471 5160 1532 5239 ’ί
1665 5160 1676 5239 Ϊ
1842 5160 1860 5239 ί

2183 5168 2320 5239 ,(41)
2355 5160 2522 5222 Editi.
2552 5160 2767 5239 αὐτοῖς,
2787 5160 2951 5239 gravi
2976 5164 3207 5220 mendo.
3225 5166 3300 5218 At
3318 5160 3581 5239 quinque
3605 5173 3787 5239 mss,

380 5229 389 5235 ’
449 5236 562 5361 ἳββ)
601 5236 854 5308 Uterque
885 5235 1044 5293 Colb.
1079 5241 1136 5293 et
1158 5239 1298 5309 Reg.
1320 5238 1636 5318 secundus,
1664 5236 1996 5312 Ἀμφιάραος

377 5305 443 5360 ΑΙ
475 5325 512 5362 ιι
544 5315 661 5364 tres
695 5327 862 5369 mss..
899 5309 1262 5369 Ἀμφιάρεως·
1300 5311 1453 5369 quod
1490 5311 1639 5364 idem
1666 5328 1794 5366 esse
1854 5329 1996 5366 nemi

2174 5229 2639 5308 dici,'emendate.
2663 5229 2838 5293 Ραυῶ
2858 5244 2991 5310 post
3008 5239 3269 5309 quinque
3304 5229 3791 5304 ώεε.,”ἐνεργῐίαά

2173 5309 2322 5369 ὐτῆς.
2368 5312 2539 5369 Editi.
2570 5307 2791 5369 ταύτης.

381 5328 512 5362 ann
544 5328 661 5364 ιιιθε
695 5328 862 5373 mss.,
916 5328 1262 5384 Αμφιαρεως·
1300 5328 1453 5381 quon
1490 5328 1639 5364 idem
1666 5328 1794 5366 esse
1854 5329 2024 5367 nemo
2133 5328 2322 5379 αυτης.
2368 5328 2539 5377 ιςαιιι,
2570 5329 2791 5378 ταυτης.
3590 5373 3601 5385 .

381 5395 492 5465 non
519 5383 680 5465 videt
707 5407 719 5445 ;
743 5382 1087 5465 perindf‘ae
1107 5383 1327 5465 siquis
1351 5382 1569 5436 diceret
1603 5385 1834 5449 usitate,
1870 5381 2022 5444 λαός.
2135 5456 2144 5465 ι
2203 5384 2316 5454 (42)
2358 5383 2477 5437 Vox
2497 5381 2739 5465 γίνονται
2769 5381 2824 5434 in
2860 5379 3080 5465 nostris
3112 5396 3214 5465 seu
3273 5395 3416 5465 mss.
3479 5374 3786 5465 desidera-

375 5453 711 5529 aut‘éttice,
743 5445 906 5512 λεώς.
941 5453 1123 5529 Editi,
1151 5445 1462 5529 ᾼμφιάρεω.
1532 5525 1567 5529 __
1616 5525 1625 5529 _
1822 5445 1830 5449 ⁷

2167 5445 2264 5510 ur:
2301 5445 2547 5529 quorum
2568 5454 2625 5508 in
2649 5455 2837 5508 tribus
2871 5468 2972 5522 pro
3004 5449 3414 5529 o§toi__legitur,
3446 5445 3621 5529 αὐτοί.
3650 5450 3786 5500 Sta-

456 5521 568 5595 (39)
602 5529 688 5580 Ita
710 5541 810 5582 sex
843 5541 986 5580 mss.
1023 5525 1175 5580 Editi
1196 5518 1348 5582 vero
1372 5525 1752 5600 simpliciter,
1778 5543 2023 5598 τετυπω-

2164 5526 2234 5600 im
2277 5518 2530 5600 editiLet
2583 5531 2702 5600 tres
2760 5518 2930 5595 mss.,
2992 5527 3097 5600 πᾶς
3146 5518 3446 5600 ἄνθρωπος·
3507 5518 3609 5575 sed
3665 5533 3783 5600 νος

383 5589 560 5663 μὲνα.’
1493 5589 1510 5600 ’
1740 5589 1750 5595 ⁷
1817 5589 1825 5598 ’
2127 5598 2287 5666 prior
2310 5599 2369 5653 in
2399 5596 2532 5654 aliis
2562 5597 2749 5654 tribus
2768 5589 3387 5663 mssInoninvenitur,
3411 5607 3598 5662 neque
3613 5589 3777 5661 apud

443 5666 552 5733 (40)
575 5667 659 5741 ita
689 5673 943 5741 quatuor
971 5683 1115 5741 mss.
1141 5667 1360 5741 Prester
1418 5686 1600 5725 unum
1657 5667 2017 5741 Conbeﬁsia-
2126 5668 2286 5726 LXX.

378 5749 543 5793 num.
576 5736 892 5802 νοίὸντως
923 5739 984 5796 in
1013 5738 1210 5812 editis,
1232 5741 1450 5802 deerat.
1480 5741 1688 5801 Statim
1705 5739 1866 5812 editi,
1886 5741 2016 5815 ψεῦ-
