4130 6210
262 377 375 437 277

1050 373 1495 436 COMMENT.
1533 353 1622 435 IN
1663 373 1934 437 ISAIAM
1981 375 2488 438 PROPHETAM.
2535 378 2703 439 CAP.
2751 376 2829 438 Π.

3548 376 3668 438 278

261 505 417 578 δόξης
478 513 578 577 τῆς
664 504 860 582 ἰσχύος
942 503 1143 573 αὐτοῦ,
1201 506 1325 560 ὅταν
1398 506 1598 577 ἀναστῇ
1674 507 1875 581 θραῦσα

2013 505 2169 562 idola
2199 509 2499 565 indicabat
2533 509 2800 581 superior
2830 509 3141 575 sententia,
3203 524 3360 563 nunc
3403 524 3536 564 vero
3593 525 3662 565 ea

259 597 354 665 τήν
414 600 535 671 γῆν.
598 596 684 650 Ἔν
734 601 853 656 τοῖς
911 593 1136 649 κατόπιν
1198 593 1382 670 λόγοις
1433 594 1899 670 κατακρύπτεσθαι

261 685 472 759 ἰλὲγετο
502 685 571 739 τὰ
619 681 845 751 εἷ’δωλα,
878 687 967 737 νῦν
1027 681 1084 737 δὲ
1125 678 1506 738 ἐκϐάλλεσθαι·
1550 681 1689 737 διότι
1747 682 1900 737 ἐπαι-

260 776 551 850 σχυνθῆναι
586 774 852 848 πρότερον
894 769 973 827 δεῖ
1013 776 1095 843 τῷ
1142 769 1326 844 ψεύδει
1371 773 1502 844 (43),
1536 771 1647 826 εἶτα
1696 767 1895 827 ἐκϐάλ-

2014 596 2146 667 ejici
2186 598 2482 654 dicuntur.
2518 599 2662 654 Nam
2725 599 2887 670 prius
2919 603 3148 670 oportet
3176 599 3250 653 ob
3281 598 3654 653 mendacium

2013 687 2234 757 pudore
2258 687 2652 753 alﬁci,deinde
2683 689 2740 743 id
2765 706 2832 743 ex
2852 689 3023 744 corde
3054 688 3281 758 ejicere.
3309 687 3508 757 Itaque
3550 686 3651 758 qui

2008 793 2110 832 eos
2134 795 2438 834 sermones
2471 779 2758 848 eliminat,
2795 781 2896 851 qui
2929 781 3088 835 omni
3120 777 3655 834 verisimilitudinis

255 861 366 918 λειν
397 862 528 918 αὐτὸ
557 860 619 917 ἐκ
645 869 746 932 τῆς
789 859 1036 937 καρδίας.
1069 855 1363 916 Ἑκϐάλλει
1423 859 1512 915 οὖν
1569 861 1637 916 τὰ
1693 859 1877 916 ετίδωλε

2005 881 2216 937 genere
2246 869 2616 924 mendacium
2652 869 3063 940 fallaciamque
3096 868 3548 934 concinnabant,
3601 866 3652 922 is

252 952 316 1006 τὰ
338 952 540 1029 ἀργυρᾶ
567 953 594 1007 ὁ
625 950 755 1012 τοὺς
805 949 856 1006 ἰν
907 951 1052 1026 πάσῃ
1095 950 1417 1019 πιθανότητι
1468 951 1892 1018 κατασκευάζον-

249 1062 340 1105 τας
393 1042 454 1097 τὸ
513 1038 712 1115 ψεῦδος
760 1039 957 1116 λόγους
1002 1043 1108 1094 τῶν
1170 1043 1422 1115 κρυπτῶν
1474 1039 1666 1093 εαυτοῦ
1719 1037 1889 1111 ἐξορί-

253 1135 372 1198 ζωνο
402 1131 492 1185 καὶ
541 1130 608 1184 τὰ
647 1134 847 1205 χρυσᾶ,
881 1131 908 1183 ὁ
949 1127 1077 1190 τοὺς
1127 1127 1179 1182 ὲν
1223 1131 1292 1201 τῇ
1346 1124 1557 1198 διανοίᾳ
1611 1129 1735 1202 περὶ
1790 1131 1886 1182 τοῦ

247 1217 468 1292 ψεύδους
517 1219 903 1296 ἰγγινομὲνους
953 1220 1068 1290 (44)
1112 1215 1314 1278 τύπους
1366 1215 1706 1293 ἐξαφανίζων,
1749 1219 1883 1278 Ταῖς

250 1305 302 1363 δὶ
329 1307 599 1386 νυκτερίσι
631 1312 926 1383 προσκυνεῖ
974 1308 1002 1361 ὁ
1043 1307 1140 1374 τὴν
1185 1310 1292 1360 τῶν
1337 1302 1610 1382 δαιμόνων
1654 1303 1881 1378 δύναμιν

247 1406 464 1474 συγγενῆ
500 1396 661 1452 οὖσαν
693 1401 773 1469 τῷ
824 1391 1000 1451 σκότει
1041 1399 1328 1459 θεοποιῶν.
1363 1396 1424 1451 Ἡ
1479 1394 1579 1470 γὰρ
1638 1394 1880 1466 νυκτερὶς

246 1487 374 1555 ζῶόν
407 1486 518 1541 ἐστι
549 1485 701 1541 νυκτὶ
733 1483 895 1563 φίλον
924 1485 1012 1539 καὶ
1047 1483 1224 1539 σκότει
1257 1480 1874 1558 ἐνδιαιτώμενον,αὐγὴν

241 1573 400 1642 ἡλίου
451 1575 530 1648 μὴ
583 1574 773 1649 φέρον,
807 1573 858 1628 ἰν
900 1573 1152 1649 ὶρημίαις
1208 1571 1584 1650 φιλοχωροῦν.
1615 1572 1674 1627 Τί
1722 1570 1779 1627 δὲ
1823 1573 1876 1627 οἱ

241 1660 525 1736 δαίμονεςς
561 1663 639 1721 Οὐ
669 1667 909 1718 τοιοῦτοι
936 1682 950 1731 ;
981 1660 1332 1738 ἐρημοποιοὶ,
1363 1661 1427 1716 τὸ
1471 1665 1584 1736 φῶς
1631 1660 1870 1736 ἀποφεύ-

237 1773 412 1828 γοντες
451 1753 514 1807 τὸ
565 1751 851 1821 ἀληθινὸν,
895 1751 956 1806 τὸ
999 1755 1094 1806 τοῦ
1145 1751 1352 1823 κόσμου
1401 1752 1634 1819 παντός;
1676 1752 1739 1808 Ἠ
1787 1772 1872 1805 νυ-

2003 972 2071 1011 ex
2104 956 2351 1013 occultis
2384 957 2510 1014 suis
2543 958 2942 1030 penetralibus
2974 958 3130 1014 idola
3151 961 3424 1030 argentea
3453 956 3644 1028 ejicit:

2001 1049 2059 1100 at
2089 1063 2220 1102 vero
2255 1047 2486 1119 ablegat
2527 1065 2721 1115 aurea,
2748 1047 2848 1119 qui
2881 1047 3104 1119 species
3138 1045 3424 1102 mendacii
3445 1044 3644 1101 animo

1997 1132 2342 1190 informatas
2372 1135 2542 1190 delet.
2579 1137 2791 1191 Adorat
2813 1141 3010 1191 autem
3063 1133 3642 1206 vespertiliones,qui

1995 1222 2325 1279 daemonum
2379 1228 2724 1296 potestatem
2797 1227 2945 1280 447
3004 1224 3260 1280 tenebris
3315 1223 3506 1296 plane,
3539 1239 3639 1277 co-

1992 1317 2226 1379 gnatam
2259 1319 2316 1368 et
2346 1315 2579 1368 affinem
2608 1330 2709 1384 pro
2741 1315 2851 1369 Deo
2883 1314 3183 1369 habet.Est
3211 1313 3366 1368 enim
3398 1327 3636 1383 vesper-

1995 1400 2120 1454 tilio
2145 1402 2361 1456 animal
2386 1402 2574 1456 noctis
2605 1419 3081 1468 amans,versans
3113 1401 3170 1455 in
3204 1399 3635 1466 tenebris,solis

1989 1489 2361 1561 splendorem
2388 1509 2502 1546 non
2536 1492 2748 1560 ferens,
2783 1497 2838 1545 et
2869 1491 2929 1545 in
2978 1491 3225 1546 desertis
3268 1489 3410 1546 locis
3454 1489 3629 1561 perli-

1987 1580 2189 1636 benter
2222 1581 2578 1637 inhabitans.
2616 1581 2836 1652 Ecquid
2869 1586 3061 1637 autem
3092 1580 3628 1636 daamones‘Mnnon

1983 1670 2278 1739 ejusmodi
2309 1672 2674 1727 sunt?nonne
2696 1670 2987 1727 vastitatis
3020 1674 3161 1726 sunt
3193 1669 3463 1742 opifices?
3491 1685 3627 1724 cum

1981 1774 2179 1814 veram
2209 1760 2390 1815 totius
2413 1761 2615 1815 mundi
2651 1759 2840 1816 lucem
2875 1759 3246 1816 aversentur?
3275 1757 3625 1829 Vespertilio

234 1843 402 1916 κτερὶς
458 1839 550 1896 καί
600 1841 806 1912 πτηνόν
865 1840 996 1910 ἐστι,
1053 1840 1142 1895 καὶ
1207 1839 1307 1894 οὐκ
1363 1839 1682 1915 ἐπτέρωται,
1741 1838 1866 1894 ἀλλ’

245 1930 259 1946 .
320 1933 329 1946 ,
580 1931 590 1946 .
725 1927 749 1946 ε.
861 1930 872 1946 ι
1114 1930 1126 1945 ς
1223 1930 1264 1946 ν.
1388 1933 1426 1946 ...
1519 1932 1543 1942 -
1751 1928 1765 1946 ε
1851 1929 1863 1946 ι

1989 1851 2068 1902 est
2098 1853 2155 1903 et
2183 1848 2457 1919 volueris,
2487 1866 2588 1904 nec
2607 1854 2800 1904 tamen
2834 1849 3044 1921 pennis
3064 1849 3350 1903 instructa
3376 1850 3486 1911 est,
3520 1846 3622 1901 sed

240 1930 386 2003 ὑμένι
434 1931 671 2007 σαρκίνῳ
722 1927 1032 1985 διαπέταται
1073 1930 1166 1984 τὸν
1213 1930 1635 2002 ἀὲρα.Τοιοῦτοι
1678 1928 1766 1982 καὶ
1817 1929 1869 1982 οἱ

243 2016 499 2093 δαίμονες,
534 2021 822 2093 ἀσώματοι
883 2020 975 2093 μὲν
1028 2021 1139 2091 (45)
1185 2017 1336 2087 εἰσιν,
1389 2016 1487 2072 οὐκ
1543 2016 1870 2091 ἇπτὲρωνται

241 2105 295 2161 δὲ
347 2112 420 2180 τῷ
475 2107 604 2180 θείῳ
657 2107 834 2180 πόθῳ,
870 2106 994 2164 ἀλλ’
1034 2107 1197 2162 οἱονεὶ
1246 2107 1721 2179 ἀπεσαρκωθησαν,
1752 2112 1871 2170 ταῖς

238 2201 338 2252 τῶν
396 2196 601 2252 ὑλικῶν
662 2196 975 2269 ἐπιθυμίαις
1028 2195 1477 2271 προστετηκότις.
1509 2197 1571 2252 Ἡ
1623 2196 1867 2272 νυκτερὶς

241 2287 320 2339 καὶ
349 2287 553 2356 πτηνόν
591 2286 700 2341 ἐστι
731 2285 821 2341 καὶ
851 2288 1174 2360 τετράπορν,
1205 2283 1331 2340 ἀλλ’
1363 2283 1485 2340 οὔτε
1538 2291 1660 2350 τοῖς
1709 2285 1866 2340 ποσὶν

241 2374 482 2452 ἀσφαλῶς
513 2376 852 2451 ἐστήρικται,
885 2372 1007 2430 οὔτε
1034 2376 1133 2445 τὴν
1191 2378 1388 2439 πτῆσιν
1451 2371 1668 2450 βεϐαίαν
1728 2368 1864 2450 ἔχει.

240 2469 476 2519 Γοιοῦτοι
506 2463 568 2520 δὲ
596 2466 685 2519 καὶ
729 2466 779 2519 οἱ
812 2462 1086 2538 δαίμονες,
1108 2461 1232 2519 οὕτε
1277 2462 1504 2538 ἄγγελοί
1559 2463 1715 2535 εἷ’σιν,
1746 2460 1870 2519 οὔτε

241 2551 520 2626 ἅνθρωποι·
555 2559 667 2609 τῶν
703 2554 796 2627 μὶν
823 2555 923 2623 τὴν
956 2553 1100 2625 ἀξίαν
1129 2551 1510 2625 ἀπολέσαντες,
1542 2557 1646 2607 τῶν
1681 2550 1738 2607 δὶ
1767 2554 1866 2622 τήν

243 2641 384 2716 φύσιν
413 2643 489 2716 μή
527 2639 746 2718 ἔχοντες
773 2646 902 2713 (46).
935 2643 1038 2698 Καὶ
1069 2639 1292 2703 ὀδόντας
1327 2639 1567 2717 ἔχουσιν,
1600 2642 1732 2716 ὅπερ
1773 2642 1872 2696 οὐκ

237 2725 438 2806 ἔχουσιν
470 2729 710 2809 ὅρνιθες’
735 2732 1016 2805 ἀμυπικοὶ
1050 2729 1106 2786 δὲ
1135 2731 1223 2786 καὶ
1255 2732 1306 2786 0i
1339 2729 1614 2804 δαίμονες,
1642 2728 1774 2806 ὅπερ
1805 2731 1868 2786 οὗ

236 2826 462 2876 ποιοῦσιν
490 2820 743 2898 ἄγγελοι.
768 2820 943 2879 Ἀλλὰ
989 2821 1074 2876 καὶ
1107 2821 1207 2876 οὐκ
1231 2820 1558 2876 ὠοτοκοῦσιν
1593 2821 1773 2895 ὥσπερ
1816 2823 1868 2876 οἱ

241 2904 449 2984 ὄρνιθες,
481 2910 615 2966 ἀλλ’
649 2910 804 2974 εὐθὺς
835 2915 943 2979 ζῶα
970 2910 1234 2966 τίκτουσι.
1269 2913 1524 2967 Τοιοῦτοι
1580 2907 1636 2964 δὲ
1673 2911 1762 2964 καὶ
1815 2911 1866 2964 οἱ

245 2995 502 3073 δαίμονες,
537 2999 696 3062 εὸθὺς
728 3001 818 3054 καὶ
858 2999 948 3054 σὺν
992 2997 1189 3072 πολλῷ
1233 3003 1312 3071 τῷ
1357 2998 1514 3074 τάχει
1556 2997 1867 3074 τελεσιουρ-

242 3093 442 3163 γοῦντες
468 3092 571 3160 τήν
605 3089 896 3166 πονηρίαν.
925 3091 1083 3144 Ὥστε
1132 3090 1183 3142 οἱ
1233 3085 1454 3161 δαίμοσι
1496 3093 1868 3165 προσκυνοῦνο

235 3196 330 3248 τες,
359 3179 630 3256 νυκτερίσι
682 3183 960 3254 τροπικῶς
1015 3177 1255 3253 εἷ’ρηνται
1311 3184 1652 3252 προσκυνεῖν.
1709 3180 1868 3232 Ὅταν

237 3262 286 3320 δὲ
332 3289 412 3330 τις
463 3248 739 3338 ἀποθῆται
789 3269 888 3337 τήν
950 3248 1288 3342 ματαιότητα
1337 3248 1444 3322 τῶν
1479 3266 1748 3337 εἰδώλων,
1777 3267 1866 3322 καὶ
1898 3248 1941 3316 c

236 3355 494 3427 παύσηται
542 3362 867 3433 προσκονεῖν
924 3363 1043 3420 ταῖς
1099 3354 1392 3430 νυκτερίσι,
1446 3358 1568 3412 τότε
1647 3358 1867 3428 ζητήσει

242 3443 481 3502 εἰσελθεῖν
533 3447 616 3509 εἷς
663 3447 758 3510 τὰς
786 3445 1037 3522 τρώγλας
1093 3452 1192 3516 τῆς
1248 3451 1460 3523 στερεᾶς
1512 3445 1733 3522 πέτρας,
1779 3445 1870 3500 καὶ

241 3532 310 3596 εἲς
334 3535 425 3600 τὰς
469 3537 718 3612 σχισμὰς
750 3542 858 3591 τῶν
903 3541 1136 3612 πετρῶν.
1171 3538 1363 3611 Οἶμαι,
1396 3535 1480 3592 ὅτι
1518 3536 1762 3612 τρῶγλαι
1817 3535 1871 3589 αἱ

241 3621 431 3679 πολλαὶ
470 3625 660 3699 μοναὶ,
690 3625 746 3680 αἳ
776 3625 909 3680 κατὰ
934 3627 1032 3693 τήν
1065 3624 1354 3702 ἀναλογίαν
1386 3633 1484 3696 τῆς
1522 3625 1599 3688 εἷς
1646 3625 1873 3697 Χριστὸν

240 3711 456 3776 πίστεως
515 3715 732 3787 ἑκάστῳ
792 3712 1107 3791 διῄρηνται*
1169 3715 1258 3769 καὶ
1316 3715 1546 3791 σχισμαὶ
1606 3717 1717 3788 (47)
1775 3735 1870 3768 πε-

239 3806 384 3876 τρῶν,
415 3805 477 3859 τὸ
525 3805 704 3865 πάθος
760 3803 870 3858 ἓστὶ
921 3807 1018 3858 τοῦ
1074 3802 1327 3877 σώματος
1379 3803 1562 3858 αὐτοῦ’
1596 3804 1641 3875 ᾧ
1682 3804 1872 3858 010w-

243 3891 442 3962 ζόμενοι
485 3898 832 3970 ,προσφυγεῖν
889 3893 981 3948 καὶ
1037 3893 1540 3972 ἐγκατακρυφθῆναι
1589 3891 1751 3947 αὒτοῢ
1800 3895 1869 3966 τῇ

241 3982 393 4056 σκέπῃ
421 3979 709 4059 εὔχονται.

303 4251 385 4304 98.
419 4250 706 4305 Παύσασθε
751 4249 857 4308 ἀπὸ
905 4249 1282 4327 ἀνθρώπου,ᾦ
1339 4251 1580 4321 ἀναπνοὴ
1643 4249 1694 4304 ἐν
1763 4252 1874 4324 (48)

248 4345 466 4413 μυκτῆρι
519 4339 712 4394 αὐτοῦ’
769 4339 851 4395 ὅτι
907 4339 959 4394 ὲν
1014 4339 1119 4394 τίνι
1177 4337 1432 4416 ἐλογίσθη
1492 4341 1734 4410 αὐτοῖς;
1786 4341 1871 4395 Ἐν

243 4431 346 4488 τοῖς
377 4429 734 4507 ἀντιγράφοις
763 4432 865 4494 τῆς
894 4436 1078 4499 κοινῆς
1109 4425 1369 4492 ἰκδόσεως
1409 4429 1471 4484 οὐ
1524 4435 1697 4485 κεῖται
1749 4433 1877 4484 coii-

244 4534 316 4585 το,
346 4515 467 4572 ἀλλ’
512 4517 565 4572 ἰν
617 4522 698 4588 τῷ
744 4512 1021 4592 Ἑϐραϊκῷ
1076 4516 1348 4592 κείμενον,
1399 4517 1458 4574 ὲκ
1501 4524 1606 4574 τῶν
1664 4516 1873 4574 λοιπῶν

1981 1937 2322 1992 membrana
2354 1954 2564 1993 carnea
2595 1954 2696 2010 per
2727 1954 2915 1992 aerem
2943 1936 3116 1992 volat.
3150 1935 3449 2006 Ejusmodi
3484 1939 3624 1990 sunt

1978 2027 2035 2078 et
2055 2026 2370 2091 daemones,
2407 2025 2804 2098 incorporales
2837 2025 3205 2097 quidem,sed
3241 2025 3423 2079 divini
3455 2040 3623 2080 amo-

1977 2113 2059 2167 ris
2083 2114 2288 2185 pennis
2305 2114 2707 2170 destituuntur
2729 2119 2742 2166 ε
2767 2114 2882 2168 imo
2922 2131 3117 2169 rerum
3141 2112 3464 2169 carnalium
3519 2113 3624 2168 de-

1979 2203 2211 2259 sideriis
2242 2203 2447 2270 dediti,
2479 2203 2656 2258 veluti
2691 2203 2885 2260 carnis
2942 2208 3214 2258 naturam
3275 2203 3618 2258 induerunt.

1976 2291 2326 2363 Vespertilio
2358 2298 2415 2349 et
2443 2292 2695 2349 volatilis
2727 2298 2815 2349 est
2846 2297 2901 2348 et
2930 2294 3267 2365 quadrupes
3300 2311 3313 2360 ;
3366 2309 3471 2348 nec
3531 2297 3624 2348 ta-

1979 2397 2112 2436 men
2145 2381 2394 2452 pedibus
2427 2386 2555 2437 tuto
2588 2382 2846 2453 fulcitur,
2881 2398 2986 2437 nec
3002 2381 3177 2436 validi
3201 2414 3210 2454 ,
3233 2386 3323 2437 est
3368 2382 3620 2437 volatus.

1978 2470 2283 2540 Ejusmodi
2315 2475 2510 2526 autem
2543 2475 2684 2526 sunt
2712 2475 2769 2527 et
2790 2472 3124 2528 daamones:
3159 2487 3349 2542 neque
3408 2470 3622 2543 angeli,

1979 2574 2169 2631 neque
2201 2559 2472 2614 homines
2502 2564 2660 2616 sunt:
2683 2560 2916 2616 illorum
2953 2559 3244 2632 siquidem
3276 2559 3623 2633 dignitatem

1979 2648 2324 2714 amiserunt,
2359 2648 2569 2704 horum
2600 2667 2732 2706 vero
2764 2656 2974 2705 natura
3005 2666 3118 2704 non
3147 2649 3620 2714 donantur.Quin

1979 2743 2031 2792 et
2064 2737 2266 2792 dentes
2296 2738 2515 2793 habent
2545 2739 3148 2810 vespertiliones,aves
3170 2737 3294 2792 aliae
3318 2755 3429 2793 non
3450 2737 3614 2806 item;
3645 2781 3648 2783 λ

1978 2825 2271 2881 daemones
2311 2827 2488 2882 etiam
2520 2829 2589 2882 ad
2623 2828 2939 2883 vindictam
3000 2832 3138 2882 sunt
3166 2827 3374 2899 parati,
3407 2827 3463 2882 id
3499 2843 3615 2882 non

1976 2913 2238 2969 efﬁciunt
2267 2915 2480 2987 angeli.
2502 2915 2960 2987 Vespertiliones
2993 2915 3236 2987 insuper
3257 2914 3447 2970 avium
3496 2914 3611 2970 ritu

1978 3019 2081 3058 ova
2112 3019 2225 3057 non
2249 3005 2452 3070 edunt,
2485 3005 2585 3060 sed
2619 3004 2818 3060 statim
2851 3005 3087 3076 pariunt
3117 3003 3416 3059 animalia.
3449 3002 3617 3059 Tales

1978 3096 2118 3147 sunt
2148 3097 2204 3147 et
2234 3093 2565 3162 daemones;
2598 3098 2854 3148 actutum
2886 3097 2943 3148 et
2971 3110 3104 3148 cum
3130 3092 3385 3166 plurima
3415 3091 3616 3148 celeri-

1976 3183 2094 3236 tate
2125 3181 2446 3253 nequitiam
2476 3183 2806 3254 perﬁciunt.
2835 3185 3021 3249 Quare
3053 3183 3153 3255 qui
3213 3183 3462 3238 adorant
3505 3183 3618 3236 das-

1979 3288 2202 3337 mones,
2229 3288 2330 3344 per
2362 3272 2764 3344 metaphoram
2799 3272 2935 3327 dicti
2995 3276 3135 3329 sunt
3178 3271 3622 3344 vespertiliones

1981 3361 2243 3415 adorare.
2275 3361 2381 3415 Sed
2416 3361 2512 3416 ubi
2547 3360 2841 3433 quispiam
2873 3361 3098 3416 exuerit
3139 3359 3429 3416 idolorum
3461 3358 3623 3414 vani-

1979 3453 2182 3513 tatem,
2217 3454 2392 3522 atque
2424 3447 2863 3521 vespertiliones
2894 3449 3080 3505 colere
3101 3466 3166 3505 ac
3207 3448 3470 3504 venerari
3531 3448 3626 3502 de-

1981 3539 2309 3604 sierit,tunc
2330 3540 2389 3594 in
2423 3539 2712 3594 foramina
2733 3538 2932 3594 solidae
2961 3543 3134 3610 petrae
3159 3541 3216 3594 et
3243 3539 3302 3592 in
3334 3537 3624 3593 scissuras

1982 3633 2278 3700 petrarum
2311 3629 2539 3700 ingredi
2570 3628 2849 3684 studebit.
2885 3629 3221 3684 Mansiones
3251 3627 3465 3682 multas
3521 3642 3626 3698 per

1981 3721 2277 3789 petrarum
2312 3718 2600 3772 foramina
2638 3717 2932 3790 designari
2956 3717 3225 3785 arbitror,
3280 3733 3408 3787 qua:
3453 3715 3625 3786 juxta

1982 3805 2258 3876 ﬂdeiquas
2290 3805 2349 3860 in
2382 3805 2676 3861 Christum
2705 3813 2794 3862 est
2822 3807 3174 3879 analogiam,
3223 3804 3474 3876 singulis
3507 3804 3624 3859 dis-

1979 3892 2323 3947 tribuuntur
2355 3909 2368 3946 :
2403 3895 2460 3946 at
2485 3909 2621 3948 vero
2659 3897 2958 3962 petrarum
2982 3893 3248 3948 scissura:
3282 3890 3620 3964 passionem

1980 3981 2168 4053 ipsius
2189 3980 2446 4052 corporis
2469 3981 2844 4051 denotant,ad
2866 3997 3042 4049 quam
3077 3980 3175 4051 qui
3198 3978 3449 4035 salutem
3481 3980 3624 4033 sunt

1981 4069 2375 4136 consecuturi,
2399 4070 2732 4140 confugere,
2765 4085 2945 4141 seque
2975 4068 3083 4124 sub
3114 4068 3242 4138 ejus
3275 4070 3619 4140 tegumenta

1982 4160 2338 4216 abscondere
2367 4162 2658 4231 exoptant.

2053 4249 2144 4305 98.
2176 4253 2351 4305 Vsas.
2381 4250 2471 4304 22.
2497 4249 2763 4317 Quiescilc
2817 4247 2888 4302 ab
2965 4245 3204 4314 homine,
3256 4247 3348 4301 cui
3393 4246 3628 4318 spiratio

1985 4341 2043 4394 in
2073 4355 2210 4394 nare
2249 4343 2404 4406 eius:
2435 4339 2566 4410 quia
2589 4338 2648 4392 ίη
2705 4353 2808 4408 quo
2864 4340 3143 4409 reputatus
3194 4341 3274 4391 est
3317 4331 3504 4407 ipsis?
3562 4333 3630 4388 In

1985 4425 2419 4498 exemplaribus
2441 4427 2762 4481 communis
2783 4424 3059 4481 editionis
3075 4424 3318 4479 minime
3331 4439 3636 4496 apponun-

1986 4524 2083 4574 tur
2101 4519 2224 4574 haec
2253 4519 2448 4574 verba:
2480 4519 2580 4573 sed
2614 4534 2747 4574 cum
2804 4517 2862 4572 in
2914 4517 3197 4572 Hebraico
3242 4515 3632 4588 reperiantur,

249 4607 622 4679 μετεκομίσθη.
648 4607 710 4664 Ὀ
741 4603 798 4661 δὲ,
825 4612 948 4668 νοῦς
991 4607 1240 4670 τοιοῦτός
1282 4606 1430 4662 ἐστι·
1465 4607 1726 4672 Φείσασθε
1780 4612 1876 4663 τοῦ

1989 4624 2054 4664 cx
2087 4607 2331 4678 reliquis
2353 4606 2771 4680 interpretibus
2801 4607 2916 4662 huc
2935 4606 3220 4662 translata
3249 4605 3520 4661 sunt.Hic
3546 4607 3636 4660 est

247 4691 561 4767 ἀνθρώπου,
622 4695 1017 4770 προσπαλαίειν
1103 4695 1268 4770 αὐτῷ,
1324 4695 1414 4751 καὶ
1502 4696 1874 4772 στρατεύεσθαι

248 4782 564 4857 κιτάὗτοῦ,
608 4785 670 4848 ’ὀς
724 4786 980 4857 τοιαύτης
1030 4785 1140 4841 ἐστὶ
1200 4792 1533 4856 κατασκευῆς
1590 4785 1764 4849 οὕτως
1818 4787 1877 4842 ἆ-

251 4876 470 4942 σθενοῦς,
531 4873 672 4928 ὥστε
724 4874 824 4943 τήν
878 4875 1114 4945 ζωτικὴν
1167 4876 1440 4947 ἀναπνοὴν
1495 4871 1643 4954 ἔχειν
1691 4874 1743 4932 ἐν
1801 4880 1881 4949 τῷ

438 5145 524 5201 Ita
553 5162 658 5224 sex_
686 5161 854 5224 mss”
886 5160 993 5202 nec
1021 5144 1193 5202 aliter
1247 5145 1486 5220 scripsit
1543 5145 1886 5221 Procopius,

419 5234 592 5291 vero,_
607 5218 670 5291 τὸ
698 5213 909 5291 ψευδὲς.

309 5285 416 5432 (4έέ
448 5289 512 5344 In
543 5285 770 5362 aliquot
802 5307 944 5346 mss.
977 5285 1654 5415 legitur,'lyvsvoptvouc.

310 5358 397 5424 (4ο
447 5362 662 5420 Vocula
691 5361 792 5432 γάρ
824 5367 957 5419 ante
992 5381 1032 5432 μ
1058 5382 1084 5413 ν
1108 5361 1347 5417 addltur
1374 5378 1432 5416 1n
1458 5379 1601 5419 mss.
1630 5380 1654 5418 r

261 5358 416 5478 “545)
447 5358 662 5420 vocula
691 5361 792 5438 γάρ
824 5367 957 5419 an“
992 5358 1084 5433 μέν
1108 5358 1347 5417 additur
1374 5358 1601 5419 in'mss.
1630 5362 1882 5418 nonnul.

282 5442 348 5482 l8.

313 5499 419 5623 (46)
449 5503 704 5579 Uterque
749 5504 911 5562 Colb.
963 5507 1021 5560 et
1066 5507 1203 5577 Reg.
1263 5505 1580 5576 secundus,
1638 5499 1880 5581 ἔχοντες,

361 5575 616 5623 ἡμιόνοις
646 5575 1108 5623 παρεικάσθῇσαν,
1172 5577 1233 5623 ΕΔ
1318 5579 1509 5623 multis
1572 5579 1880 5623 nnmnnrali

253 5575 332 5623 ul
361 5575 626 5648 ἡμιόνοις
646 5575 1078 5652 παρεικάσθησαν
1096 5619 1111 5646 ,
1156 5575 1233 5632 Ἐι
1255 5649 1269 5652 _
1316 5579 1509 5652 multis
1536 5575 1884 5652 ςεοηίρᾳναιὶ

253 5653 385 5715 sunt,
413 5665 538 5722 seu,
567 5648 938 5722 similes/(udi
963 5654 1096 5706 sunt
1126 5649 1272 5722 :ised
1311 5649 1434 5722 illa,
1463 5648 1554 5704 καὶ
1604 5648 1879 5722 ἡμιόνοις,

257 5719 692 5793 «ammissum,
719 5719 867 5780 nihil
910 5737 1040 5779 esse
1068 5721 1241 5778 nobis
1268 5719 1540 5780 videntur
1578 5719 1694 5779 nisi
1724 5737 1886 5778 mera

1987 4702 2178 4755 autem
2211 4715 2461 4754 sensus:
2486 4697 2690 4752 Cavete
2720 4698 2792 4752 ab
2817 4696 3076 4765 homine,
3102 4713 3174 4750 ne
3204 4713 3337 4752 cum
3358 4711 3421 4751 eo
3453 4694 3633 4749 lucte-

1991 4785 2238 4852 mini,nc
2269 4786 2549 4841 adversus
2571 4803 2703 4841 eum
2735 4785 2958 4841 bellum
2990 4785 3276 4854 inferatis,
3338 4783 3434 4857 qui
3497 4781 3634 4839 talis

1992 4880 2080 4933 est
2109 4875 2549 4933 constitutionis
2578 4892 2765 4948 usque
2797 4877 2941 4932 adeo
2964 4874 3235 4948 inﬁrmae,
3267 4874 3319 4931 ei
3337 4878 3399 4930 ut
3448 4873 3525 4932 sit
3573 4872 3635 4928 in

1994 5147 2394 5204 additamenta
2421 5143 2819 5205 librariorum.

2065 5221 2178 5343 (4ί7)
2234 5220 2408 5292 Editi,
2459 5218 2690 5294 σχίσμα.
2749 5223 2823 5276 At
2889 5219 3076 5276 nostri
3134 5235 3235 5276 sex
3289 5236 3458 5290 mss.,
3515 5236 3640 5294 σχι-

2065 5311 2104 5343 ,α
2136 5335 2148 5343 .

1994 5309 2148 5346 auat.

2031 5311 2174 5434 μῧιιέ)
2206 5363 2394 5436 Editio
2427 5368 2627 5420 nostra
2657 5361 2868 5431 Paris.,
2901 5361 2954 5415 ἐν
2983 5363 3074 5436 τῇ·
3110 5363 3210 5419 sed
3244 5366 3635 5436 praeterquam

1994 5437 2148 5506 quod
2183 5434 2382 5491 nullus
2415 5436 2697 5507 articulus
2752 5436 2814 5507 in
2847 5435 3062 5491 nostris
3124 5434 3268 5500 mss,
3329 5434 3635 5507 reperitur,

1991 5505 2212 5562 editum
2237 5513 2594 5580 oportuerat,
2619 5505 2802 5580 ἐντῷ.
2837 5507 2975 5580 Hic,
3013 5511 3078 5562 ut
3109 5507 3252 5580 alibi
3287 5505 3417 5580 non
3472 5521 3632 5580 raro,

1990 5595 2050 5634 re
2095 5580 2248 5636 erias
2275 5572 2429 5637 scitu
2464 5572 2643 5653 digna
2672 5572 2916 5634 in'notis
2946 5572 3160 5634 Ducaei.
3215 5578 3435 5634 Ibidem
3471 5576 3548 5630 Re
3595 5572 3634 5626 il

1990 5597 2252 5696 illfnnna
2287 5654 2526 5696 nummis:
2555 5648 2802 5696 nnntulit
2829 5648 2984 5696 libri-
3013 5665 3143 5696 cum
3177 5648 3307 5696 aliis
3335 5591 3628 5696 tribumﬁv

1990 5648 2077 5723 illi
2105 5667 2252 5723 quos
2287 5648 2802 5708 Ducaaus'contulit
2829 5648 2985 5719 libri,
3013 5665 3145 5706 cum
3177 5648 3307 5706 aliis
3335 5648 3544 5717 tribus,
3577 5648 3628 5696 ἑν

1991 5719 2143 5792 τινιξ
2175 5739 2278 5795 per
2307 5723 2846 5796 interrogationem.
