4130 6210
253 399 354 462 281

1067 401 1475 465 COMMENT.
1518 402 1600 462 IN
1643 401 1915 464 ISAIAM
1956 401 2463 493 PROPHETAM.
2507 401 2680 466 CAP.
2725 401 2835 463 III.

3528 404 3649 466 282

255 551 316 586 τα
367 529 420 585 ιν
485 530 760 604 ὑπομονῇ,
821 528 874 586 ἐν
926 532 1404 610 ταπεινοφροσύνῃ,
1466 534 1518 586 ἐν
1582 536 1664 603 τῷ
1719 551 1886 606 κεφα-

2002 532 2283 600 tionibus,
2309 534 2476 590 fortis
2507 534 2566 588 in
2599 532 2899 604 patientia,
2934 532 2992 587 in
3024 531 3378 599 humilitate,
3407 532 3466 588 in
3499 551 3646 606 prae-

256 619 384 691 λαίῳ
409 624 515 673 τῶν
547 618 811 689 ἐντολῶν,
843 624 912 695 τῇ
945 622 1152 698 ἀγάπῃο
1189 622 1398 696 ὁμοίως
1431 619 1489 676 δὲ
1545 623 1635 676 καὶ
1668 620 1891 697 ἰσχύου-

254 729 337 763 σαν
387 707 437 763 ἐν
497 707 806 787 ἀφθαρσίᾳ,
867 709 924 766 ἐν
985 711 1327 785 σεμνότητι,
1387 711 1437 766 ιν
1507 710 1888 784 ἐλεημοσύνη,

254 797 300 852 ἰν
352 803 418 872 τῇ
464 797 761 874 προσεδρίᾳ
815 805 924 855 τῶν
978 798 1238 872 δεήσεων,
1287 800 1338 856 ἐν
1396 806 1515 865 τοῖς
1549 801 1744 862 κόποις
1791 803 1894 864 τῆς

255 886 565 962 ἀγρυπνίας’
623 886 766 962 μηδὶ
819 891 919 959 τήν
971 896 1068 946 τοῦ
1126 888 1289 967 ἄρτου
1343 891 1432 946 καὶ
1491 886 1684 954 ὕδατος
1731 888 1890 965 ἰσχὺν

254 983 346 1046 τῆς
372 979 799 1054 τροφιμωτάτης
829 984 926 1034 106
958 978 1126 1056 λόγου
1158 978 1443 1054 δυνάμεως
1485 981 1585 1050 τὴν
1636 979 1892 1058 ἀφορμὴν

253 1065 639 1144 ἀφαιρεθῆναιο
691 1068 767 1130 ὡς
833 1067 1088 1125 ἐπέλιπεν
1137 1066 1436 1133 Ἰουδαίους
1481 1071 1518 1138 ἡ
1569 1066 1728 1144 ἰσχὺς
1793 1071 1891 1122 106

252 1160 585 1234 προφητικοῦ
631 1156 964 1231 πνεύματος,
996 1158 1082 1214 καὶ
1136 1155 1425 1232 κατάδιψοι
1478 1156 1647 1233 λόγου
1681 1155 1890 1232 τυγχά-

251 1265 440 1316 νουσιν,
473 1245 868 1320 ιπιθυμοῦντες
915 1245 1082 1324 λόγου
1269 1251 1424 1320 θεοῦ,
1456 1247 1546 1302 καὶ
1605 1247 1682 1320 μὴ
1728 1243 1890 1320 ἕχον-

252 1353 348 1398 τες.
382 1333 603 1413 Ἀφεῖλε
631 1336 734 1412 γὰρ
766 1337 963 1413 Κύριος
991 1335 1152 1412 ῗσχὺν
1206 1337 1376 1413 ἄρτου
1422 1335 1512 1392 καὶ
1559 1334 1718 1411 ἰσχὺν
1759 1332 1889 1388 ὕδα-

251 1441 356 1485 τος,
387 1425 542 1480 Ἔστι
596 1425 690 1498 μὶν
745 1423 839 1481 06v
894 1445 978 1489 τις
1029 1427 1118 1482 καὶ
1152 1426 1438 1502 παρ’ἡμῖν
1497 1426 1696 1503 τροφὴ,
1730 1422 1888 1500 ἱσχὺν

257 1512 343 1584 μὶν
381 1511 478 1568 οὐκ
527 1512 814 1584 ἐντιθεῖσα,
863 1516 1220 1586 ἀποθνήσκειν
1281 1513 1339 1570 δε
1408 1516 1506 1571 οὐκ
1565 1513 1890 1590 ἐπιτρέπου-

253 1621 330 1654 σα’
363 1600 556 1658 ιποίαν
581 1602 798 1667 Παῦλος
828 1609 952 1667 τοῖς
1006 1602 1083 1659 ἔτι
1141 1603 1358 1676 νηπίοις
1406 1603 1459 1660 ἐν
1510 1605 1730 1680 Χριστῷ
1787 1609 1888 1658 Κο-

252 1689 463 1766 ρινθίοις
520 1694 940 1768 παρασκευάζει.
1000 1695 1150 1749 Ἔστι
1203 1691 1260 1748 δὶ
1315 1693 1404 1749 καὶ
1472 1692 1687 1769 λάχανα
1733 1693 1886 1756 ἀσθε-

249 1778 473 1836 νούντων
522 1784 741 1860 τροφή’
794 1780 906 1838 ἔστι
963 1780 1022 1838 δὲ
1075 1783 1164 1838 καὶ
1221 1781 1454 1846 τελείοις
1503 1779 1808 1854 ὶπιτήδειον
1852 1783 1886 1851 ἠ

251 1869 428 1943 στερεᾶ
473 1872 677 1979 τροφή,
707 1876 816 1979 τῶν
878 1869 968 1927 διὰ
1001 1874 1101 1942 τὴν
1144 1869 1257 1979 ἕξιν
1303 1872 1371 1926 τὰ
1421 1870 1749 1979 αἲσθητήρια
1799 1891 1886 1979 γεῑ
1919 1913 1966 1979 Β

252 1959 596 2032 γυμνασμὲνα
646 1959 889 2036 ἰχόντων
937 1963 1076 2038 πρὸς
1140 1959 1406 2036 διάκρισιν
1463 1958 1639 2016 καλοῦ
1693 1980 1751 2015 τε
1798 1960 1888 2015 καὶ

256 2051 432 2103 κακοῦ.
467 2048 568 2104 Καὶ
613 2048 700 2103 ἐάν
745 2070 880 2105 ποτε
937 2050 1117 2126 ἀπορῇ
1173 2049 1477 2121 Ἐκκλησία
1531 2054 1638 2104 τῶν
1696 2047 1890 2124 στερῥὰ

255 2136 339 2188 καί
368 2134 554 2192 εὔτονα
584 2135 829 2214 δόγματα
858 2140 950 2194 καὶ
990 2140 1402 2215 πεπληρωμένα
1458 2143 1556 2194 106
1604 2139 1750 2194 θείου
1793 2141 1888 2193 v06

252 2222 672 2300 παραδιδόντων,
724 2230 1016 2304 γνώρισμά
1069 2227 1182 2284 ἐστι
1238 2233 1334 2283 106
1387 2228 1724 2306 ἀφαιρεῖσθαι

252 2313 409 2384 αὐτῆς
451 2318 558 2386 τὴν
592 2316 750 2393 ἰσχὺν
809 2323 908 2373 τοῦ
953 2316 1138 2390 ἄρτου.
1172 2321 1328 2375 Ἔστι
1359 2315 1416 2373 δὲ
1473 2318 1564 2372 καὶ
1622 2317 1672 2372 ἐν
1733 2314 1887 2372 ὕδατι

251 2400 397 2479 ἰσχὺς
448 2403 544 2459 καὶ
601 2406 868 2478 ἀσθένεια,
927 2408 1064 2461 καθά
1119 2428 1280 2485 φησιν
1335 2407 1362 2462 ὁ
1422 2405 1638 2483 Κύριος.
1688 2411 1800 2468 Πᾶς
1858 2406 1886 2460 ὀ

250 2491 400 2547 πίνων
457 2493 520 2548 ἐκ
573 2497 671 2549 τοῦ
747 2493 945 2558 ὕδατος
1015 2495 1236 2564 τούτου,
1289 2495 1507 2570 διψήσει
1565 2493 1732 2551 πάλιν
1764 2513 1778 2528 ⁸
1825 2495 1885 2558 ὃς

253 2576 377 2634 δ’ἃν
426 2581 531 2658 πίῃ
593 2581 654 2638 ἐκ
695 2589 792 2638 106
854 2581 1070 2654 ὕδατος,
1131 2585 1193 2640 οὗ
1245 2583 1356 2660 ιγὼ
1409 2582 1569 2640 δώσω
1623 2583 1792 2658 αὑτῷ,
1823 2582 1885 2640 οὗ

254 2669 322 2740 μὴ
378 2667 587 2746 διψήσῃ
647 2675 761 2744 (57)
791 2671 870 2736 εἷς
921 2674 1014 2728 τὸν
1073 2674 1266 2731 αἰῶνα.
1297 2677 1498 2750 Ὥσπερ
1529 2672 1588 2730 δὲ
1633 2677 1732 2744 τήν
1766 2693 1887 2728 στε-

252 2758 360 2831 ρεὰν
390 2761 601 2837 τροφὴν
655 2763 792 2816 κατὰ
841 2762 1254 2839 προηγούμενον
1307 2765 1470 2839 λόγον
1515 2763 1889 2842 προσφερόμε-

249 2858 326 2915 θα,
352 2849 445 2917 τήν
469 2847 532 2904 δὲ
564 2850 728 2925 ὑγρὰν
782 2852 922 2908 ὥστε
974 2849 1168 2928 ὄχημα
1206 2853 1447 2930 γενέσθαι
1496 2858 1565 2928 τῇ
1609 2853 1764 2929 ξηρᾷ,
1795 2853 1888 2908 καὶ

257 2947 654 3016 χειραγωγῆσαι
703 2940 870 3010 αὐτὴν
926 2943 1066 3014 πρὸς
1119 2944 1220 3012 τὴν
1273 2940 1558 2998 ἀνάδοσιν·
1593 2942 1767 3004 οὕτως
1825 2939 1884 2996 ἂν

261 3022 334 3095 εἴη
361 3027 448 3082 καὶ
474 3027 528 3083 ἐν
562 3032 637 3102 τῇ
665 3033 846 3106 τροφῇ
875 3037 976 3100 τῆς
1007 3033 1218 3106 ψυχῆς,
1251 3033 1313 3090 Ὀ
1349 3032 1440 3105 μὶν
1473 3035 1618 3103 νοῦς,
1649 3033 1684 3101 ἡ
1733 3031 1884 3108 πρώ-

257 3133 319 3182 τη
344 3116 426 3170 καὶ
460 3116 776 3188 οίκειοτάτη
813 3121 989 3196 τροφὴ
1021 3127 1122 3190 τῆς
1159 3123 1366 3196 ψυχῆς·
1397 3121 1425 3176 ὁ
1479 3117 1536 3175 δὲ
1583 3119 1766 3196 λόγος,
1801 3117 1890 3174 διὰ

2003 627 2303 694 ceptorum
2337 641 2591 690 summa,
2634 623 2917 678 charitate
2937 623 3177 678 scilicet.
3233 622 3361 677 Pari
3418 623 3642 679 ratione

2001 712 2156 767 absit
2184 713 2454 779 etiam,ut
2484 714 2784 769 auferatur
2809 729 2876 768 ea
2907 712 3643 784 quaeintegritate,morum

2000 801 2306 872 gravitate,
2338 801 2743 874 eleemosynis,
2768 802 3113 857 assiduitate
3143 801 3368 872 orandi,
3392 818 3497 857 nec
3527 817 3644 856 non

2002 889 2331 962 vigiliarum
2364 892 2564 946 labore
2610 892 2817 947 valeat.
2851 891 3021 946 Absit
3049 897 3115 946 ut
3145 892 3446 946 auferatur
3467 890 3648 946 robur

2000 981 2169 1050 panis
2187 984 2242 1034 et
2271 981 2800 1052 aqum,subsidium
2814 979 3036 1038 scilicet
3052 997 3166 1052 quo
3183 997 3376 1037 sermo
3389 980 3644 1036 maxime

2001 1070 2292 1126 nutritur:
2325 1071 2825 1141 quemadmodum
2875 1069 3118 1142 spiritus
3176 1069 3502 1142 prophetici
3555 1070 3645 1126 vis

1999 1158 2258 1213 deseruit
2274 1159 2710 1231 Judaaos,atque
2724 1159 2865 1215 adeo
2879 1159 2976 1215 siti
2991 1159 3278 1215 sermonis
3302 1158 3643 1214 conﬂictan-

1998 1250 2117 1315 tur,
2149 1264 2281 1302 cum
2313 1248 2413 1304 Dei
2445 1265 2778 1304 sermonem
2811 1253 3217 1321 exoptenl,nec
3247 1252 3444 1304 tamen
3471 1246 3639 1303 illum

1998 1337 2535 1394 habeant.Abstulit
2564 1338 2720 1393 enim
2751 1338 3038 1394 Dominus
3069 1339 3248 1394 robur
3278 1337 3530 1409 panis,et
3549 1353 3641 1392 ro-

1999 1427 2112 1482 bur
2139 1443 2322 1498 aqua.
2375 1427 2474 1482 Est
2506 1427 2743 1498 quidem
2775 1432 2834 1484 et
2885 1428 3042 1500 apud
3077 1445 3185 1482 nos
3216 1427 3642 1482 nutrimentum

1999 1516 2476 1586 quoddam,449
2497 1517 2650 1588 quod
2677 1533 3039 1589 quamquam
3059 1516 3362 1572 roburnon
3382 1519 3640 1587 praestat,

1999 1609 2196 1660 tamen
2228 1606 2411 1660 emori
2431 1623 2545 1661 non
2585 1606 2760 1673 sinit;
2791 1607 3123 1676 cujusmodi
3157 1605 3502 1660 alimentum
3535 1605 3641 1660 Co-

2000 1695 2238 1750 rinthiis
2260 1695 2453 1750 adhuc
2477 1696 2532 1750 in
2547 1695 2776 1751 Christo
2805 1694 3064 1766 parvulis
3085 1693 3326 1766 apponit
3349 1692 3562 1749 Paulus
3575 1693 3642 1746 ⁸⁸.

2000 1783 2149 1846 Quin
2169 1784 2342 1839 etiam
2367 1783 2525 1840 olera
2547 1783 2917 1840 inﬁrmorum
2942 1787 3081 1838 sunt
3101 1783 3430 1853 oibus,esca
3447 1785 3642 1837 autem

1999 1872 2189 1928 solida
2209 1873 2476 1944 perfectis
2499 1878 2556 1928 et
2585 1873 2828 1946 integris
2857 1873 3142 1940 convenit,
3167 1871 3642 1944 quandoquidem

1999 1960 2202 2016 habitu
2235 1961 2489 2033 quodam
2514 1977 2726 2018 sensus
2746 1979 2947 2017 eorum
2967 1962 3036 2017 ad
3069 1961 3483 2016 discretionem
3505 1958 3643 2015 boni

1998 2055 2056 2106 et
2087 2051 2226 2106 mali
2257 2057 2398 2106 sunt
2426 2051 2744 2107 exercitati.
2778 2053 2940 2118 Quod
2981 2053 3032 2108 si
3073 2067 3335 2123 unquam
3383 2048 3646 2105 Ecclesia

1996 2139 2218 2196 laboret
2249 2141 2493 2212 penuria
2539 2157 2740 2196 eorum
2773 2141 2876 2212 qui
2906 2143 3184 2213 dogmata
3221 2140 3388 2194 ﬁrma
3421 2137 3639 2194 solida-

1997 2246 2110 2301 que
2139 2233 2196 2284 et
2224 2247 2401 2286 sensu
2436 2230 2630 2286 divino
2653 2230 2826 2303 plena
2845 2231 3102 2297 tradant,
3134 2229 3191 2284 id
3251 2230 3323 2284 ab
3353 2243 3422 2284 ea
3459 2227 3640 2283 robur

1997 2317 2166 2390 panis
2187 2320 2400 2374 auferri
2423 2319 2696 2375 ostendit.
2730 2319 2878 2384 Quin
2909 2319 3079 2375 etiam
3113 2319 3268 2373 inest
3296 2317 3355 2372 in
3388 2333 3638 2388 aquare-

1996 2407 2109 2463 bur
2136 2412 2194 2464 et
2222 2408 2652 2477 inﬁrmitas,uti
2671 2408 2753 2464 ait
2777 2407 3061 2464 Dominus
3095 2423 3108 2462 :
3160 2407 3346 2463 Omnis
3374 2407 3470 2478 qui
3499 2405 3637 2460 bibit

1993 2512 2064 2552 ex
2091 2513 2237 2570 aqua
2275 2498 2402 2566 hac,
2434 2500 2581 2554 sitiet
2623 2501 2827 2553 iterum
2867 2515 2886 2553 :
2944 2499 3039 2568 qui
3075 2505 3259 2553 autem
3316 2496 3514 2551 biberit
3567 2510 3639 2550 ex

1995 2603 2169 2657 aqua,
2201 2603 2363 2660 quam
2393 2603 2492 2656 ego
2516 2589 2662 2643 dabo
2683 2589 2758 2654 ei,
2798 2603 2910 2643 non
2965 2588 3115 2642 sitiet
3161 2588 3223 2642 in
3269 2588 3538 2641 aeternum
3569 2584 3634 2640 ⁷ο.

1996 2676 2504 2742 Quemadmodum
2531 2681 2726 2732 autem
2766 2675 2955 2747 primo
2985 2676 3188 2730 ordine
3226 2674 3516 2730 sumimus
3547 2688 3640 2728 so-

1994 2763 2182 2820 lidum
2213 2766 2431 2836 cibum,
2462 2765 2774 2821 humidum
2797 2782 2926 2821 vero
2954 2765 3083 2820 ideo
3105 2764 3466 2834 capimus,ut
3484 2761 3640 2817 sicco

1996 2852 2074 2909 sit
2103 2853 2431 2909 vehiculum
2454 2854 2624 2925 eique
2648 2854 2800 2909 viam
2832 2858 2994 2924 paret
3024 2854 3095 2908 ad
3113 2851 3496 2924 digestionem
3523 2849 3640 2905 :ita

1997 2958 2230 3014 quoque
2263 2944 2325 2997 fit
2355 2943 2413 2997 in
2446 2942 2720 2998 alimento
2751 2940 3380 3013 animmJntelligentia
3400 2938 3638 3011 quidem

1999 3031 2187 3104 prima
2215 3036 2304 3087 est
2335 3036 2391 3087 et
2419 3029 2673 3087 maxime
2702 3031 2935 3103 propria
2991 3046 3126 3086 esca
3163 3029 3370 3085 animae
3404 3045 3416 3084 :
3442 3042 3636 3083 sermo

1995 3137 2132 3176 vero
2153 3137 2260 3176 sua
2282 3120 2334 3175 vi
2365 3125 2420 3175 et
2450 3120 2712 3176 efﬁcacia
2753 3119 3046 3192 dogmatis
3078 3119 3189 3174 iter
3219 3117 3638 3191 prmmuniens,

253 3208 341 3271 τῆς
399 3204 607 3268 οίκείας
665 3206 939 3282 ἰνεργείας
994 3205 1266 3265 ὁδοποιῶν
1309 3214 1428 3272 τοῖς
1487 3207 1741 3285 δόγμασι,
1786 3209 1885 3277 τὴν

2002 3209 2135 3264 facit
2163 3214 2228 3264 ut
2257 3225 2326 3265 ea
2354 3209 2768 3281 percipiantur.
2802 3210 2930 3266 Jam
2991 3225 3122 3265 vero
3171 3207 3466 3280 aperiendi
3498 3209 3644 3261 sunt

253 3290 508 3368 ἀνάληψιν
568 3294 872 3372 ἰργάζεται.
925 3298 1164 3369 ’Δνοῖξαι
1223 3295 1280 3354 δὶ
1337 3296 1420 3353 δεῖ
1481 3297 1610 3360 τοὺς
1675 3296 1884 3372 ὀφθαλ-

2002 3297 2174 3369 oculi,
2200 3302 2266 3354 ut
2295 3315 2444 3370 pane
2471 3298 2585 3355 isto
2615 3304 2671 3354 et
2701 3316 2850 3371 aqua
2873 3299 3177 3354 satiemur.
3210 3297 3395 3369 Aperi,
3425 3295 3641 3365 inquit,

255 3381 397 3453 μοὺς,
425 3382 516 3439 ’ἶνα
571 3385 771 3441 τούτου
815 3390 911 3441 τοῦ
969 3385 1133 3462 ἄρτου
1193 3385 1602 3461 ἐμπλησθῶμεν
1657 3385 1748 3441 xtl
1795 3390 1891 3441 106

251 3467 451 3534 ἶὶδατος.
512 3474 792 3547 Διάνοιξον
842 3474 964 3551 γὰρ,
1006 3477 1162 3550 φησὶ,
1212 3475 1340 3540 τοὺς
1393 3474 1709 3553 ὀφθαλμούς
1769 3495 1888 3546 σου,

243 3561 324 3615 καὶ
373 3562 733 3636 ιμπλήσθητι
975 3563 1150 3642 ἄρτων
1180 3610 1192 3624 .
1244 3566 1344 3621 Καῖ
1420 3564 1471 3621 ἐν

246 3648 399 3725 ὕδωρ.

312 3742 426 3796 101.
473 3741 721 3817 Γίγαντα
795 3742 887 3797 καὶ
954 3741 1238 3819 ΐσχύοντα,
1299 3741 1388 3798 καὶ
1447 3740 1735 3820 ἄνθρωπον
1795 3764 1892 3800 πο-

246 3823 495 3900 λεμιστὴν
588 3828 683 3884 καὶ
771 3828 1048 3902 δικαστήν.
1106 3832 1227 3887 Ἐπὶ
1307 3831 1482 3889 καλοῦ
1555 3832 1888 3911 τεταγμένην

245 3916 332 3983 τὴν
363 3922 458 3972 106
487 3919 756 3994 γίγαντος
785 3919 1159 3996 προσηγορίαν
1206 3920 1425 3976 ενταῦθα
1471 3921 1698 3998 εὕρομεν
1752 3925 1888 3997 (59),

244 4004 328 4059 καὶ
378 4005 431 4061 εἴ
471 4029 608 4079 που,
639 4009 776 4063 κατὰ
819 4010 882 4064 τὸ
931 4011 1174 4080 σπάνιον,
1197 4012 1285 4073 Ὦς
1339 4011 1422 4080 τὸ,
1473 4009 1886 4087 ’Λγαλλιάσεται

248 4092 317 4155 ὡς
368 4097 527 4171 γίγας
597 4096 823 4174 δραμεῖν
890 4095 1282 4176 όδόν.Ἀφελεῖ
1335 4097 1426 4155 οὖν
1483 4100 1702 4176 γίγαντα
1750 4103 1884 4175 (60).

250 4181 373 4245 Τοὺς
399 4182 642 4260 ἔχοντάς
671 4207 788 4241 τινα
820 4186 878 4242 ἐκ
906 4188 1117 4265 φύσεως
1163 4189 1573 4263 προτερήματα,
1613 4187 1701 4244 καὶ
1752 4189 1890 4246 κατὰ

243 4271 333 4338 τήν
363 4273 650 4351 σύγκρισιν
687 4277 788 4346 τῆς
835 4277 1031 4352 σαρκὸς
1077 4274 1303 4334 πολλῶν
1349 4279 1464 4352 (61)
1512 4274 1886 4354 διαφέροντας,

245 4357 314 4422 ιῐς
344 4362 620 4439 ἀνάληψιν
651 4364 988 4439 ἆπιστήμης.
1020 4365 1058 4436 ἢ
1107 4365 1182 4429 είς
1229 4367 1454 4438 ἄσκησιν
1514 4366 1732 4444 ἀρετῆς,
1759 4365 1886 4422 τού-

241 4467 359 4512 τους
389 4453 679 4530 ἡγούμεθα
707 4453 961 4530 γίγαντας
996 4453 1268 4531 λέγεσθαι·
1301 4455 1596 4531 ἱσχύοντας
1655 4452 1712 4511 δὲ
1761 4455 1889 4520 τοὺς

245 4535 298 4591 ἔκ
322 4543 417 4610 τῆς
447 4541 594 4607 ἰδίας
642 4542 963 4618 ἐπιμελείας
1013 4543 1102 4600 καὶ
1159 4544 1390 4618 μελέτης
1442 4546 1506 4600 τὸ
1563 4545 1623 4600 ἐκ
1679 4544 1887 4624 φύσεως

2001 3389 2183 3444 oculos
2205 3397 2342 3454 tuos,
2373 3392 2424 3444 et
2453 3389 2684 3460 implere
2708 3389 2946 3460 panibus
2975 3389 3043 3442 τί.
3092 3387 3155 3443 In
3212 3386 3424 3442 Genesi
3481 3399 3642 3453 vero,

1999 3478 2189 3548 Aperti
2216 3485 2344 3535 sunt
2371 3479 2520 3533 oculi
2547 3479 2712 3548 Agar,
2739 3482 2792 3534 et
2820 3478 2958 3534 vidit
2986 3493 3190 3550 aquam
3218 3476 3287 3529 ⁷³.

1559 3566 1763 3621 Γενέσει
1837 3563 1931 3621 δὲ·
1995 3566 2318 3640 Ἠνοίγησαν
2385 3573 2485 3637 τῆς
2561 3568 2724 3643 Ἀγὰρ
2783 3568 2835 3622 οἱ
2903 3565 3179 3645 ὀφθαλμοὶ
3252 3564 3342 3621 καὶ
3406 3562 3514 3620 εἶδε
3579 3561 3644 3618 τὸ

2072 3746 2194 3801 101.
2216 3746 2392 3803 Vens.
2425 3748 2479 3803 2.
2517 3747 2800 3818 Gigantem
2830 3751 2886 3803 et
2937 3750 3164 3819 fortem,
3215 3750 3268 3801 et
3309 3747 3492 3801 virum
3525 3743 3642 3800 bot-

1999 3834 2227 3890 latorem
2257 3844 2307 3890 et
2326 3835 2586 3906 judioem.
2619 3836 2888 3907 Gigantis
2919 3852 3131 3892 nomen
3173 3835 3232 3889 in
3258 3834 3472 3889 bonam
3503 3848 3642 3902 par-

1999 3931 2114 3979 tem
2137 3928 2485 3995 usurpatum
2515 3923 2612 3979 hic
2640 3924 3158 3996 deprehendimus,
3201 3927 3257 3978 et
3295 3921 3486 3978 sicubi
3545 3921 3637 3975 in-

1997 4011 2347 4080 veniatur,id
2380 4013 2445 4068 ﬁt
2475 4030 2730 4085 perraro.
2765 4011 3026 4083 Exempli
3059 4027 3236 4066 causa
3268 4027 3281 4066 :
3315 4009 3642 4065 Exsultabit

1997 4111 2059 4160 ut
2084 4105 2239 4175 gigas
2265 4102 2336 4158 ad
2363 4105 2698 4160 currendum
2725 4104 2872 4159 viam
2893 4102 2956 4158 ⁸³³,
2989 4101 3227 4157 Auferet
3245 4099 3426 4171 igitur
3439 4098 3642 4170 gigan-

1995 4196 2136 4249 tem.
2163 4192 2535 4249 Arbitramur
2576 4193 2845 4266 gigantes
2902 4191 3018 4249 dici
3060 4207 3178 4259 eos,
3230 4189 3329 4262 qui
3391 4187 3636 4245 eximias

1996 4283 2286 4353 quasdam
2317 4298 2350 4337 ιι
2372 4285 2585 4337 natura
2615 4282 2779 4338 dotes
2809 4281 3095 4349 obtinent,
3129 4277 3348 4351 quique
3379 4277 3452 4333 ad
3481 4274 3632 4332 exci-

1995 4371 2268 4442 piendam
2298 4371 2603 4427 scientiam
2635 4373 2758 4427 sive
2787 4371 2858 4426 ad
2913 4370 3290 4426 excolendam
3334 4367 3636 4432 virtutem,

1995 4459 2196 4516 habita
2224 4459 2481 4532 corporis
2512 4459 2758 4528 ratione,
2801 4477 2833 4516 e
2887 4459 3060 4534 vulgo
3104 4461 3422 4531 praestant:
3455 4456 3637 4512 fortes

1994 4563 2128 4604 vero
2157 4565 2256 4604 eos
2288 4549 2388 4621 qui
2420 4554 2652 4605 suomet
2699 4549 2895 4605 studio
2925 4554 2980 4604 et
3019 4547 3432 4605 exercitatione
3474 4560 3636 4601 acce-
3731 4593 3733 4596 ι

246 4604 425 4703 ἀγαθδν
472 4604 894 4696 τελειώσαντας.
947 4604 1169 4692 ὸύκὲτι.
1192 4604 1356 4711 παρὰ.
1376 4604 1668 4697 ;Ιουδαίοις
1691 4604 1886 4690 ⁸πολεἐ

2002 4641 2160 4709 ptum
2182 4654 2216 4692 a
2241 4604 2452 4693 natura
2484 4604 2703 4692 bonum
2725 4638 3113 4709 perfecerunt.
3141 4635 3300 4692 Nulli
3324 4637 3449 4708 jam
3478 4634 3635 4707 apud

247 4720 448 4786 μεσταί·
497 4720 629 4778 ούδὶ
688 4723 792 4797 γὰρ
846 4721 1257 4797 ἐναριθμοῦνται
1303 4729 1420 4785 τοῖς
1477 4729 1887 4795 στρατιωτικοῖς

245 4808 581 4885 καταλόγοις·
637 4810 766 4866 ἀλλ’
820 4809 946 4867 οὐδὲ
1003 4809 1296 4884 δικαστήςο
1346 4809 1720 4887 παρεδόθησαν
1779 4814 1882 4889 γὰρ

246 4890 508 4964 δικασταῖς
551 4901 1070 4977 αῗχμαλωτεύσασιν
1105 4903 1319 4974 αὑτοὺς,
1354 4901 1444 4958 διὰ
1499 4905 1560 4958 τὸ
1613 4902 1880 4958 ἐκλείπειν

246 4981 472 5064 ἄρχοντα
525 4993 645 5065 (62)
693 4989 744 5062 ἐξ
792 4991 990 5051 Ἰούδα.
1043 4996 1280 5051 Ἕκαστα
1333 4991 1518 5067 μέντοι
1573 4997 1679 5047 τῶν
1752 4992 1884 5049 ὲκεί-

1993 4727 2250 4792 ὖυᾱωοε,
2281 4725 2635 4796 bellatores;
2670 4743 2860 4800 neque
2889 4727 3045 4783 enim
3069 4728 3196 4799 jam
3229 4725 3363 4783 albo
3395 4720 3639 4781 militari

1995 4815 2447 4871 conscribuntur
2469 4814 2621 4882 ;imo
2642 4832 2827 4886 neque
2848 4817 3030 4887 judex
3059 4817 3248 4884 ullus;
3279 4813 3478 4871 traditi
3501 4815 3640 4870 sunt

1992 4905 2149 4961 enim
2175 4903 2330 4960 hisce
2350 4905 2678 4975 judicibus,
2713 4906 2811 4978 qui
2845 4922 2943 4962 eos
2974 4906 3325 4978 redegerunt
3366 4904 3427 4959 in
3458 4904 3641 4976 capti-

1988 4995 2565 5066 vitatem,propterea
2594 4995 2751 5066 quod
2772 5011 2841 5051 ex
2860 4995 2890 5052 J
2899 4996 3015 5053 uda
3033 4995 3152 5052 dux
3167 4993 3639 5064 defecerit.Quae-

308 5104 352 5139 ³⁵
376 5109 401 5160 ι
430 5107 563 5164 Cor.
601 5125 687 5176 iu,
713 5112 768 5166 2.
799 5111 847 5147 7°
872 5111 1040 5169 Joan.
1065 5128 1143 5181 ιν,
1171 5112 1255 5167 13.
1274 5111 1319 5148 τί
1347 5111 1510 5168 Prov.
1542 5127 1635 5180 xx,
1672 5111 1758 5169 17.
1789 5111 1836 5148 ’⁸³
1867 5112 1886 5170 (

2002 5127 2074 5168 es.
2105 5127 2222 5171 xxi.
2257 5111 2344 5166 19.
2376 5110 2421 5146 ⁷⁸
2450 5109 2603 5166 Psal.
2629 5126 2791 5180 mu,
2816 5111 2872 5166 6.

442 5231 628 5310 Editi.
660 5231 846 5310 λόγον.
883 5237 950 5290 At
968 5239 1221 5310 quatuor
1249 5252 1418 5306 mss.,
1451 5234 1645 5310 λόγου.

281 5301 407 5386 ’(ξϐ)
441 5307 506 5358 In
541 5301 844 5376 aliquibus
873 5301 1014 5364 mss.
1049 5307 1333 5380 scriptum
1381 5301 1688 5382 reperitur,
1741 5305 1879 5383 ἀφῃ-

245 5382 604 5517 Habaciii
629 5452 682 5503 et
712 5449 834 5525 duc
878 5467 1044 5525 m_ss.,
1106 5445 1344 5525 διψήσει.
1399 5452 1512 5510 Alii
1563 5457 1682 5509 tres
1732 5468 1877 5508 mss.

242 5529 565 5596 ουρ-διιοΓο
600 5525 779 5588 textu,
812 5519 1032 5596 διψήσῃ.

304 5589 410 5672 (58)
441 5597 586 5665 Reg.
623 5589 1006 5654 secundu's'et
1030 5602 1274 5671 uterque
1303 5595 1488 5670 Colb.,
1548 5591 1876 5670 ἐμπλησθή-

304 5705 326 5721 η.
361 5663 706 5721 ιπινισὺενίε.

246 5673 326 5731 σῃ,
361 5679 436 5716 im
480 5673 706 5722 laberis.

304 5730 409 5808 (⁵9)
436 5681 590 5810 £183.
623 5737 852 5810 tertius,
882 5734 1150 5818 ηδραμεν.
1181 5739 1294 5799 Alii
1325 5739 1569 5816 quidam
1589 5755 1760 5813 mss.,
1788 5732 1876 5792 :3-

2026 5253 2182 5306 αμεν.
2234 5235 2491 5308 lbidem__
2517 5237 2781 5308 quinque
2832 5253 3000 5305 mss.,
3054 5233 3144 5290 καὶ
3189 5229 3366 5292 εἶ’που.
3397 5233 3552 5291 Editi
3583 5236 3640 5289 et
3715 5241 3722 5249 ‘

2041 5301 2126 5378 eg.
2161 5305 2405 5378 primus,
2435 5301 2591 5362 εἶ’πόυ
2621 5301 2730 5364 καί.

2060 5375 2177 5452 (ΒΟ)
2203 5383 2269 5435 In
2300 5379 2491 5437 tribus
2514 5397 2658 5437 mss.
2713 5380 2948 5452 legitur,
2969 5376 3238 5453 γίγαντας,
3282 5378 3494 5448 auferet
3551 5375 3635 5445 gi-

1987 5461 2371 5595 gaggtditi,
2401 5519 2622 5594 πολλῷ.
2650 5526 2722 5578 At
2752 5540 2896 5579 mss.
2929 5521 3220 5591 nonnulli,
3251 5515 3502 5595 πολλῷν.

2060 5586 2172 5668 (62)
2207 5586 2372 5668 Regii
2421 5586 2648 5667 primus
2704 5597 2912 5651 tertius
2969 5599 3027 5650 et
3097 5586 3366 5665 quartus,
3425 5586 3627 5660 ἄρχον-

1985 5685 2105 5740 τας,
2134 5683 2316 5725 ααοεε.
