4130 6210
439 395 557 456 283
1383 395 1780 457 APPENDIX
1822 394 2146 457 OPERUM
2191 393 2258 455 S.
2302 391 2583 454 BASILII
2629 391 2902 454 MAGNl.
3723 397 3845 458 284

441 543 670 598 cunque
691 531 883 582 autem
919 527 1091 582 minae
1122 527 1400 584 adversus
1425 527 1556 583 illos
1588 531 1660 582 ob
1696 544 1863 583 suam
1897 528 1954 582 in
1974 527 2072 582 Do-

2211 520 2450 586 ιοιςκδιὰ
2503 525 2602 591 τὴν
2643 519 2720 584 εἵς
2763 524 2854 578 τὸν
2905 522 3102 599 Κύριον
3133 521 3380 578 ἀπιστίαν
3412 523 3842 594 ἀπειληθέντων,

443 617 669 670 minum
698 616 1166 672 incredulitatem
1214 617 1508 672 intentata
1567 623 1726 687 sunt,
1787 618 1999 673 eaedem
2033 622 2074 670 e1

2211 611 2420 667 Ξυνατὸν
2487 613 2573 666 καὶ
2654 611 2734 690 ἐφ’
2791 615 2950 684 ἡμῶν
3015 614 3283 688 γενέσθαι,
3343 611 3431 666 ἐὰν
3511 613 3842 686 ἀπειθῶμεν.

443 705 634 771 nobis,
667 706 717 760 si
751 705 938 760 simus
966 705 1276 776 increduli,
1309 707 1530 761 intendi
1567 711 1829 778 possunt.
1867 707 2074 761 Desunt

2219 700 2573 758 [ἐπιλείπουσι
2622 701 2723 776 γὰρ
2772 701 2860 756 καὶ
2901 705 3050 775 ἡμᾶς
3103 700 3456 775 πολεμισταὶ,
3489 703 3539 756 οἱ
3600 703 3844 777 ἀναλαμ-

450 794 740 865 siquidem
775 799 832 850 et
854 793 1022 848 nobis
1051 793 1388 858 bellatores,
1422 794 1547 866 qui,
1602 801 1835 867 arrepta
1858 795 2081 850 Domini

2217 786 2450 851 ἷάνοντες
2506 792 2604 859 τὴν
2645 788 2741 845 τοῦ
2792 791 2993 864 Κυρίου
3049 788 3378 858 πανοπλίαν,
3418 789 3506 845 καὶ
3565 792 3848 864 ἱστάμενοι

443 888 744 938 armatura
774 884 958 950 omni,
991 899 1119 938 sese
1151 883 1377 939 fortiter
1407 883 1624 939 diaboli
1658 884 1892 939 insidiis
1913 901 2074 956 oppo‘

2216 878 2451 955 (ενναίως
2483 880 2617 954 πρὸς
2666 880 2762 942 τὰς
2804 877 3087 952 μεθοδεῖας
3122 884 3220 934 τοῦ
3258 875 3542 950 διαϐόλου,
3573 881 3700 936 ὅταν
3750 903 3847 936 κα-

444 977 744 1043 nant,cum
780 973 1098 1028 infidelitas
1129 973 1485 1044 oppresserit
1516 991 1644 1040 nos,
1665 975 1969 1046 simusque
1987 974 2075 1029 ad-

2215 970 2512 1045 εακρατήσῃ
2565 971 2676 1043 (63)
2733 969 2898 1041 ἡμῶν
2957 971 2992 1038 ἡ
3025 969 3264 1042 ἀπιστία,
3295 969 3384 1024 καὶ
3447 967 3846 1046 παραδοθῶμεν

439 1062 715 1118 versariis
746 1061 968 1116 traditi.
1019 1062 1126 1116 Sed
1189 1063 1568 1119 Obsecremus
1627 1064 1965 1132 Dominum,
2026 1079 2070 1117 u‘

2214 1063 2314 1120 τοῖς
2381 1058 2732 1122 ὑπεναντίοις.
2780 1057 2956 1113 Ἀλλὰ
3022 1055 3269 1131 δεώμεθα
3322 1063 3420 1114 τοῦ
3479 1059 3704 1133 Κυρίου,
3768 1061 3845 1133 μὴ

441 1167 514 1206 ne
543 1168 577 1205 a
608 1149 777 1205 nobis
807 1149 1047 1204 tollatur
1078 1149 1344 1220 bellator,
1403 1151 1491 1205 vir
1521 1151 1654 1207 ﬁdei
1699 1151 1880 1207 lorica
1929 1167 2072 1207 com.

2224 1148 2424 1222 ιρθῆνάι
2459 1147 2547 1224 ἀφ⁸
2576 1149 2736 1219 ἡμῶν
2758 1144 3122 1220 πολεμιστὴν,
3156 1145 3324 1221 ἄνδρα
3378 1152 3456 1219 τῷ
3494 1149 3697 1223 θώρακι
3751 1156 3855 1217 τῆς

442 1239 740 1294 munitus:
775 1238 984 1294 salutis
1016 1238 1262 1294 indutus
1313 1239 1533 1310 galeam
1585 1242 1907 1312 praecipuas
1967 1256 2073 1295 cori

2224 1235 2432 1298 πίστεως
2487 1235 2883 1312 ὠχυρωμένον,
2938 1237 3028 1290 καὶ
3097 1238 3196 1306 τὴν
3263 1235 3683 1315 περικεφαλαίαν
3753 1243 3855 1293 τοῦ

442 1327 599 1398 poris
629 1327 815 1398 ipsius
851 1333 1044 1398 partes
1066 1332 1375 1400 tegentem,
1437 1330 1606 1400 cujus
1652 1329 1826 1400 pedes
1857 1329 1913 1384 in
1953 1347 2073 1390 prie

2223 1325 2478 1399 πωτηρίου
2522 1325 2819 1380 σκέπουσαν
2879 1324 3043 1380 αὐτοῦ
3087 1326 3154 1380 τὸ.
3209 1324 3392 1400 καίρια
3449 1328 3854 1402 περικείμενον,

441 1417 803 1487 perationem
838 1415 1133 1488 Evangelii
1153 1417 1304 1472 ﬁrmi
1326 1419 1441 1473 sint
1465 1423 1522 1472 et
1552 1417 1794 1473 stabiles
1815 1419 1860 1452 7‘
1882 1435 1894 1473 :
1918 1419 2072 1489 cuju:

2228 1416 2287 1469 ,αἱ
2321 1415 2447 1477 τοὺς
2498 1413 2668 1477 πόδας
2725 1414 2776 1469 ἐν
2839 1414 3122 1486 ἑτοιμασίᾳ
3165 1419 3262 1470 τοῦ
3311 1413 3652 1490 Εὐαγγελίου
3683 1417 3859 1494 ἠσφα-

439 1503 670 1576 gladius
701 1506 779 1560 sit
809 1505 1132 1574 districtus,
1159 1511 1216 1561 et
1274 1507 1346 1562 ad
1400 1507 1800 1563 ulciscendum
1851 1523 2070 1562 omneu

2230 1504 2484 1576 .ισμὲνον·
2521 1503 2851 1576 ἐσπασμένον
2883 1501 2941 1558 δὲ
2988 1503 3078 1558 καὶ
3127 1505 3227 1574 τὴν
3291 1505 3563 1580 μάχαιραν
3620 1505 3861 1578 ἑτοίμως

438 1593 897 1649 inobedientiam
933 1599 1173 1667 paratus
1203 1597 1248 1630 ⁷⁸
1281 1611 1294 1650 :
1328 1601 1385 1652 et
1441 1613 1558 1652 uno
1610 1597 1807 1662 verbo,
1869 1597 1991 1668 qui,
2026 1614 2069 1652 u'

2229 1613 2402 1668 χοντα
2460 1591 2738 1662 ἐκδικῆσαι
2769 1599 2939 1648 πᾶσαν
3001 1595 3302 1670 παρακοήν’
3335 1595 3426 1648 καὶ
3474 1594 3535 1648 τὸ
3592 1593 3746 1665 ὅλον,
3777 1595 3857 1657 ὡς

438 1683 629 1738 bonus
651 1683 865 1738 Christi
899 1683 1066 1738 miles
1095 1685 1556 1752 7“,atﬂictionum
1592 1685 1887 1757 Evangelii
1910 1685 2069 1757 partit

2228 1680 2366 1736 ,αλὸν
2439 1683 2775 1758 στρατιώτην
2849 1686 3089 1757 Χριστοῦ
3123 1726 3137 1753 ,
3195 1684 3705 1757 συγκακοπαθοῦντα
3773 1689 3859 1756 τῷ

439 1785 574 1842 ceps
605 1771 700 1836 sit,
726 1788 830 1827 nec
859 1773 983 1827 vitae
1015 1774 1265 1846 negotiis
1296 1773 1650 1846 implicetur,
1684 1781 1750 1831 ut
1775 1775 1827 1830 ei
1859 1776 1957 1848 qui
1992 1792 2070 1831 se-

2228 1769 2548 1846 Βύαγγελίῳ.
2597 1771 2672 1843 μὴ
2733 1767 3144 1844 ἐμπλεκόμενον
3204 1776 3325 1834 ταῖς
3381 1775 3478 1826 τοῦ
3541 1771 3663 1847 βίου
3715 1791 3859 1848 πρα-

437 1860 495 1914 in
531 1860 800 1916 militiam
839 1861 1078 1934 delegit,
1114 1862 1356 1933 placeat.

2118 1901 2164 1965 Β
2199 1860 2507 1936 γματείαις,
2535 1857 2626 1913 ’ίνα
2655 1865 2734 1931 τῷ
2765 1858 3259 1934 στρατολογήσαντι
3292 1859 3473 1936 ἀρέσῃ.

1884 1955 1895 1965 .
2283 1951 2492 1965 ηιμ...-
2624 1945 2873 1965 tu...
3047 1946 3383 1965 ς...,κ

507 1950 630 2004 102.
667 1949 851 2004 Habet
881 1956 1074 2006 autem
1117 1951 1372 2008 Ecclesia
1403 1956 1459 2008 et
1499 1953 1762 2024 judices,
1796 1955 1897 2025 qui
1951 1971 2086 2026 pos-
2118 1945 2138 1965 ³

2275 1952 2398 2005 102.
2432 1951 2587 2023 Ἐχει
2620 1945 2677 2002 δὲ
2705 1947 2795 2002 καὶ
2846 1945 3100 2010 δικαστὰς
3147 1951 3182 2018 ἡ
3233 1946 3527 2019 Ἐκκλησία
3573 1947 3701 2013 τοὺς
3757 1947 3855 2005 δυ-

437 2037 558 2094 sint
588 2040 818 2094 fratrem
851 2039 1012 2094 fratri
1039 2041 1432 2112 reconciliare,
1468 2059 1500 2097 a
1533 2043 1750 2114 quibus
1786 2043 2068 2114 judicatm

2218 2037 2462 2110 ιαμένους
2521 2035 2754 2112 ἀδελφὸν
2804 2037 2936 2108 μετὰ
3008 2038 3120 2109 (64)
3179 2033 3417 2114 ἀδελφοῦ
3469 2031 3849 2109 συμϐιϐάσαι·

436 2128 591 2183 450
622 2133 677 2183 et
704 2129 996 2196 mundus;
1030 2130 1130 2201 qui
1190 2130 1430 2202 angelos
1483 2132 1658 2187 etiam
1713 2132 2064 2204 judicabunt

2221 2128 2280 2202 φ’
2327 2127 2400 2180 ὧν
2449 2125 2538 2180 καὶ
2589 2127 2616 2180 6
2661 2125 2866 2198 κόσμος
2905 2125 3164 2196 κρίνεται,
3198 2126 3250 2180 οἳ
3279 2126 3368 2180 καί
3399 2125 3665 2200 ἀγγέλους
3727 2147 3852 2202 κρι-

436 2217 803 2289 Quapropter
822 2219 870 2273 si
898 2219 1132 2290 quando
1163 2219 1380 2275 fuerint
1399 2219 1770 2292 multiplicati
1787 2221 2062 2293 vaniloqu

2220 2220 2403 2272 νοῦσιν.
2438 2216 2559 2272 Ἐὰν
2613 2213 2702 2269 οὖν
2755 2235 2887 2269 ποτε
2933 2212 3290 2283 πληθυνθῶσι
3343 2213 3704 2289 ματαιολόγοι
3757 2215 3851 2270 καὶ

436 2308 493 2357 et
527 2305 812 2360 mentium
837 2311 1208 2378 corruptores
1238 2309 1586 2374 ",docentes
1616 2327 1743 2380 quae
1775 2327 1888 2366 non
1916 2328 2067 2382 opor‘

2224 2306 2550 2376 ρεναπάται,
2610 2301 2951 2365 διδάσκοντες
3026 2303 3060 2357 ’ὰ
3129 2304 3205 2377 μὴ
3285 2300 3405 2373 δεῖ,
3458 2304 3855 2378 ἀνατρέποντες

441 2394 759 2460 tet,domos
793 2399 944 2450 totas
976 2397 1167 2468 turpis
1197 2396 1342 2452 lucri
1366 2398 1550 2470 gratia
1573 2401 1978 2456 subvertentes
2005 2401 2072 2469 7°;

2222 2393 2362 2455 ῗλους
2395 2392 2578 2450 οἷ’κους
2626 2393 2860 2468 αἰσχροῦ
2907 2390 3132 2467 κέρδους
3182 2391 3366 2468 χάριν·
3399 2394 3486 2448 καὶ
3537 2395 3565 2447 6
3626 2393 3853 2448 tmaro-

442 2497 545 2536 nec
579 2487 775 2538 tamen
807 2483 862 2537 in
897 2483 1154 2540 Ecclesia
1181 2486 1436 2542 adfuerit
1463 2488 1563 2558 qui
1594 2488 1814 2544 talibus
1830 2505 1895 2544 os
1916 2489 2073 2544 obtu-

2223 2482 2367 2552 ιίζων
2400 2481 2450 2536 ἐν
2481 2479 2782 2553 Ἐκκλησία
2809 2480 2936 2544 τοὺς
2979 2482 3262 2543 τοιούτους
3324 2483 3398 2556 μὴ
3458 2481 3513 2556 ᾖ,
3553 2479 3694 2556 μηδὲ
3721 2484 3854 2537 καθ-

435 2573 543 2640 ret,
577 2575 634 2625 et
662 2588 863 2627 eorum
899 2571 1268 2630 altitudinem
1331 2592 1394 2631 se
1444 2577 1726 2633 adversus
1777 2577 2066 2633 scientiam

2218 2577 2360 2648 ιιρῶν
2442 2570 2616 2626 αὐτῶν
2673 2571 2739 2625 τὰ
2785 2571 3118 2648 έπαιρόμενα
3196 2571 3466 2645 ὑψώματα
3530 2571 3668 2626 κατᾶ
3742 2574 3849 2641 τῆς

439 2658 540 2713 Dei
580 2660 951 2717 extollentem
1006 2668 1227 2719 evertat
1256 2666 1338 2733 7°;
1400 2665 1550 2722 scire
1600 2671 1826 2736 Oportet
1877 2667 2070 2724 dereli-

2220 2664 2440 2724 ’νώσεως
2467 2665 2564 2716 τοῦ
2595 2659 2752 2729 Θεοῦ,
2785 2658 2980 2715 εἰδέναι
3008 2658 3108 2726 δεῖ,
3143 2661 3226 2716 ὅτι
3277 2657 3364 2715 διὰ
3411 2661 3472 2715 τὸ
3519 2657 3851 2731 πληθυνθῆ-

443 2751 596 2803 ctam
628 2765 754 2803 eam
786 2765 914 2806 esse
935 2751 1009 2806 ob
1034 2751 1482 2825 multiplicatam
1519 2772 1687 2810 suam
1749 2755 2074 2812 inobedien-

2216 2772 2278 2805 ut
2327 2752 2427 2820 τὴν
2479 2751 2763 2826 παρακοήν
2824 2749 2993 2818 αὐτῆς
3051 2747 3558 2825 ἐγκαταλέλειπται.
3592 2749 3691 2804 Καὶ
3754 2749 3847 2804 ἐὰν

439 2838 604 2891 tiam.
639 2838 797 2902 Quod
829 2839 878 2894 si
912 2839 1110 2897 nullus
1139 2847 1229 2898 est
1257 2843 1494 2915 sapiens
1542 2845 1639 2916 qui
1702 2845 1889 2918 possit
1935 2846 2070 2902 inte:

2217 2837 2390 2911 ιηδεὶς
2440 2842 2477 2911 ᾗ
2525 2837 2689 2917 σοφὸς
2729 2841 2756 2894 6
2808 2836 3103 2913 δυνάμενος
3165 2838 3360 2915 κρίνειν
3413 2839 3678 2912 ἀναμέσον
3742 2843 3848 2894 τοῦ

442 2924 676 2980 fratrem
710 2931 766 2981 et
796 2927 1033 2984 fratrem
1061 2929 1386 3000 dijudicare
1408 2933 1473 3001 ⁸ο,
1529 2934 1630 2988 sed
1689 2951 1803 3006 prie
1851 2940 2073 2993 sancto-

2218 2927 2454 3004 ιδελφοῦ,
2498 2928 2620 2984 ἀλλ’
2667 2927 2755 2983 ἐπὶ
2793 2933 2899 2983 τῶν
2952 2929 3192 2983 ἀπίστων
3242 2928 3530 3004 κρίνωνται
3591 2925 3661 2982 δι’
3705 2927 3849 2982 ἆπο-

436 3031 566 3069 rum
601 3016 844 3086 penuria
865 3018 1208 3088 judicentur
1237 3022 1308 3076 ab
1364 3021 1722 3095 infidelibus,
1769 3023 1877 3080 hoc
1907 3025 2067 3082 etiam

2216 3019 2310 3073 δίαν
2381 3018 2548 3094 ἁγίων
2585 3037 2597 3051 ·
2659 3023 2884 3091 σημεῖον
2957 3017 3047 3072 καὶ
3121 3021 3286 3072 τοῦτο
3353 3015 3791 3093 έγκαταλείψεως
3834 3037 3847 3049 ·

439 3102 788 3159 desertionis
820 3110 909 3160 est
939 3111 1212 3178 signum:
1248 3109 1496 3165 abstulit
1524 3111 1678 3166 enim
1713 3111 1998 3168 Dominus
2030 3120 2070 3168 ei

2218 3107 2386 3186 ιφεῖλε
2586 3107 2690 3183 γὰρ
2741 3109 2937 3184 Κύριος
2982 3108 3069 3162 καὶ
3121 3104 3402 3178 δικαστήν.
3458 3106 3560 3164 Καὶ
3619 3109 3849 3184 προφή-

428 3189 715 3259 judicem.
751 3195 812 3248 Et
849 3197 1190 3266 prophetam,
1226 3208 1281 3253 et
1306 3199 1770 3270 conjectorem.Ad
1793 3202 2059 3258 Joannen

2218 3220 2314 3270 την,
2369 3197 2458 3252 καὶ
2516 3199 2848 3273 οτοχαστήν.
2909 3202 3058 3252 Πᾶσα
3122 3196 3428 3275 προφητεία
3497 3195 3644 3271 παρᾶ
3703 3197 3849 3252 Ἰου-

436 3293 624 3348 usque
656 3280 958 3351 prophetia
989 3285 1180 3340 omnis
1212 3303 1388 3358 penes
1417 3287 1650 3343 Judzeos
1673 3291 1866 3358 stetit;
1889 3292 1986 3345 sed
2009 3291 2067 3346 at

2216 3287 2366 3349 ῖαίοις
2402 3287 2568 3362 μέχρι
2602 3287 2876 3343 Ἰωάννου·
2915 3287 2977 3340 τὸ
3002 3284 3058 3341 δὲ
3098 3286 3187 3341 ἀπ’
3230 3285 3432 3342 ἐκείνου
3490 3281 3847 3340 ἐπιλέλοιπεν

435 3365 535 3420 ἱΙΙο
569 3372 828 3440 tempore
858 3373 943 3427 eis
976 3375 1299 3432 defuit.Nec
1326 3382 1415 3432 est
1438 3377 1596 3433 ullus
1623 3380 1776 3449 apud
1801 3380 1958 3451 ipsos
1976 3381 2066 3452 qui

2222 3376 2403 3438 ὖτούς.
2441 3376 2537 3430 Καὶ
2570 3377 2598 3430 6
2629 3380 2726 3430 τοῦ
2755 3375 2930 3449 νόμου
2979 3372 3037 3430 δὲ
3084 3380 3463 3449 πνευματικῶς
3503 3374 3850 3450 στοχαζόμε-

433 3453 580 3527 legis
611 3471 852 3513 sensum
881 3461 1053 3515 modo
1087 3462 1340 3534 spiritali
1365 3463 1807 3536 interpretetur,
1843 3467 1915 3521 ob
1947 3483 2064 3522 eam

2220 3487 2278 3528 ος
2335 3469 2432 3520 τοῦ
2493 3463 2844 3541 βουλήματος
2898 3465 3025 3541 παρ’
3055 3465 3240 3527 αὐτοῖς
3294 3463 3395 3520 οὐκ
3437 3462 3571 3532 ἔστι,
3607 3461 3698 3518 διὰ
3737 3465 3844 3533 τήν

435 3558 564 3614 quas
597 3545 793 3602 lsraeli
826 3549 1072 3621 contigit
1089 3551 1540 3608 cacitatemSed
1571 3554 1931 3627 benignitate
1951 3557 2066 3627 ejus

2236 3555 2444 3630 ώρωσιν
2475 3555 2575 3623 τὴν
2605 3553 2905 3630 γενομένην
2932 3559 3013 3627 τῷ
3044 3552 3287 3630 Ἰσραήλ.
3317 3552 3492 3611 Ἀλλὰ
3544 3553 3633 3607 καὶ
3682 3551 3736 3606 έν
3768 3557 3867 3627 τῇ

433 3633 534 3704 qui
568 3633 763 3706 posuit
788 3635 844 3691 in
879 3637 1136 3694 Ecclesia
1193 3641 1451 3712 primum
1502 3643 1818 3715 apostolos,
1868 3645 2064 3701 deinde

2214 3641 2487 3715 Εκκλησίᾳ
2518 3643 2765 3720 χάρισμα
2795 3643 2907 3698 ἐστι
2937 3643 3300 3721 προφητικὸν,
3334 3641 3422 3697 διὰ
3470 3641 3562 3697 τὸν
3613 3642 3845 3715 θέμενον

433 3723 751 3795 prophetas
780 3726 845 3794 ⁸³,
877 3729 1112 3784 nuncin
1173 3729 1432 3787 Ecclesia
1483 3733 1702 3788 donum
1765 3735 2064 3807 prophetia

2221 3757 2241 3787 ν
2274 3737 2342 3807 τῇ
2375 3732 2675 3804 Ἐκκλησία
2698 3737 2916 3808 πρῶτον
2946 3730 3309 3800 ἀποστόλους,
3341 3729 3588 3808 δεύτερον
3619 3734 3852 3806 προφή-

432 3813 1132 3889 νθρετὶὶιιῃουιιωοδινεω
1155 3819 1205 3875 si
1223 3821 1456 3892 quando
1474 3821 1802 3880 introierint
1818 3824 2063 3880 intldele:

2225 3844 2301 3884 ας.
2336 3822 2456 3878 Ἐὰν
2491 3821 2581 3876 οὖν
2616 3843 2748 3877 ποτε
2779 3819 3091 3877 εἰσέλθωσιν
3139 3819 3356 3876 ἄπιστοι
3400 3822 3434 3890 ἢ
3483 3817 3724 3892 ἶδιῶται,
3757 3821 3856 3876 καὶ

435 3907 497 3960 et
519 3903 733 3972 idiotas,
766 3922 952 3976 neque
1007 3911 1202 3965 tamen
1265 3917 1676 3983 coarguantur,
1710 3930 1900 3986 neque
1929 3913 2066 3986 diju'

2313 3909 2621 3987 ἐλεγχθῶσι
2671 3914 2808 3986 (66),
2860 3909 3002 3984 μηδὲ
3042 3911 3390 3987 ἀνακριθῶσι,
3422 3910 3706 3985 γνώρισμα
3757 3912 3856 3964 καὶ

437 3992 725 4061 dicentur,
782 3994 926 4051 illud
986 3999 1161 4054 etiam
1215 3999 1452 4057 denotat
1507 4001 1962 4059 derelictionem.
2025 4003 2068 4058 S:

2225 4006 2351 4056 οὖτο
2405 3999 3006 4078 ἐγκαταλείψεως.Ἐᾶν
3061 4001 3188 4076 γὰρ,
3239 4001 3395 4078 φησὶ,
3436 3999 3853 4078 προφητεύητε,

435 4083 606 4152 enim,
640 4083 852 4156 inquit,
880 4089 1232 4159 praphetetis,
1265 4091 1431 4145 intret
1479 4101 1666 4147 autem
1705 4094 1824 4164 qui:
1844 4093 2066 4162 inﬁdeli;

2223 4088 2406 4165 ίσέλθῃ
2490 4087 2547 4145 δέ
2624 4111 2706 4152 τις
2788 4087 3012 4152 ἄπιστος
3088 4089 3122 4159 ἢ
3212 4087 3484 4160 ῐδιώτης,
3544 4087 3854 4164 ἐλέγχεταν

435 4170 528 4226 vel
557 4173 750 4240 idiota,
784 4177 1128 4232 convincitur
1183 4177 1251 4232 ab
1308 4180 1579 4246 omnibus,
1639 4180 1989 4250 diiudicatur
2013 4181 2066 4236 at

2228 4179 2298 4234 πὸ
2373 4181 2484 4254 (67)
2564 4180 2812 4249 πάντων,
2873 4177 3210 4256 ἀνακρίνεται
3289 4177 3389 4233 ὑπὸ
3467 4179 3682 4233 πάντων
3712 4219 3727 4244 ,
3781 4179 3857 4235 τὰ

437 4261 728 4316 omnibus:
770 4264 981 4319 occulta
1038 4265 1213 4321 cordis
1283 4267 1403 4337 ejus
1448 4270 1760 4340 manifesta
1825 4271 1969 4340 ﬁunt
2014 4270 2060 4305 ⁸³

2225 4267 2404 4345 κρυπτᾶ
2457 4275 2560 4338 τῆς
2611 4266 2833 4345 καρδίας
2907 4267 3070 4324 αὐτοῦ
3147 4268 3349 4345 φανερᾶ
3416 4266 3640 4343 γίνεται.
3704 4267 3856 4325 Οὐκ-

438 4349 732 4419 Propheta
759 4349 939 4421 igitur
958 4357 1046 4408 est
1066 4353 1166 4424 qui
1189 4355 1359 4424 juxta
1386 4356 1640 4428 Spiritus
1688 4358 1874 4414 sancti
1926 4375 2069 4414 reve

2228 4361 2288 4411 ὗν
2342 4359 2632 4434 προφήτης
2691 4358 2784 4430 μέν
2837 4357 3003 4427 ἔστιν,
3059 4357 3088 4412 6
3144 4357 3280 4412 κατὰ
3344 4353 3690 4430 ἀποκάλυψιν
3749 4361 3859 4411 τοῦ

434 4435 717 4493 lationem
751 4439 1014 4496 futurum
1058 4444 1452 4514 praenuntiat:
1486 4446 1781 4516 conjector
1799 4463 1955 4517 vero,
1987 4464 2063 4520 qu

2229 4445 2522 4519 [νεύματος
2549 4447 2934 4523 προαγορεύων
2981 4446 3046 4501 τὸ
3071 4443 3298 4520 μέλλον·
3333 4447 3644 4521 ποχαστὴς
3708 4442 3792 4516 δὲ,
3824 4447 3856 4501 6

437 4541 542 4597 per
569 4526 879 4584 scientiam
913 4547 1088 4602 quam
1120 4547 1188 4587 ex
1208 4531 1506 4588 similibus
1542 4535 1718 4590 rebus
1751 4537 1928 4592 simul
1974 4536 2068 4593 col

2236 4534 2287 4588 ιὰ
2313 4534 2522 4590 σύνεσιν
2574 4533 2633 4590 ὲκ
2687 4543 2788 4606 τῆς
2844 4540 2941 4590 τοῦ
2971 4534 3169 4608 ὁμοίου
3199 4535 3542 4607 παραθέσεως
3599 4531 3690 4588 διὰ
3747 4535 3858 4604 τήν

439 4613 574 4671 latis
604 4619 962 4688 comparavit
1012 4620 1085 4676 ob
1116 4626 1431 4678 eventuum
1456 4624 1883 4694 praateritorum
1916 4643 2070 4699 expe‘

2229 4629 2384 4699 τεῖραν
2411 4629 2518 4680 τῶν
2574 4619 2967 4700 προλαϐόντων
3017 4625 3080 4680 τὸ
3129 4621 3337 4699 μέΛλον
3384 4624 3860 4699 συντεκμαιρόμε-

439 4705 712 4762 rientiam
744 4709 942 4765 futura
973 4712 1280 4783 conjectat.
1305 4707 1528 4781 Puta,'si
1560 4714 1857 4787 quispiam
1889 4718 2070 4773 dicat:

2234 4736 2305 4778 ος.
2337 4715 2396 4772 Ὁ
2430 4713 2602 4791 λέγων
2635 4716 2905 4788 (68),⁹Εὰν
2934 4716 3252 4788 ποιήσωμεν
3277 4715 3344 4768 τὰ
3374 4710 3865 4787 Σοδόμων,ὅμοια

436 4795 491 4850 Si
523 4799 1054 4869 perpetraverimus
1095 4801 1314 4874 ﬂagitia
1343 4803 1754 4873 Sodomorum,
1788 4807 1964 4862 simili
1998 4811 2067 4862 at‘

2234 4800 2420 4863 ιείνοις
2475 4801 2792 4876 πεισόμεθα.
2826 4804 2893 4857 Ἦ
2951 4801 3056 4876 ὅτι,
3109 4802 3232 4859 ’an
3289 4804 3711 4876 μετανοήσωμεν
3779 4802 3865 4865 ὡς

433 4900 548 4956 que
579 4885 663 4941 illi
696 4905 867 4960 poena
899 4888 1246 4962 plectemur.
1278 4895 1433 4948 Aut:
1465 4893 1523 4948 Si
1550 4910 1657 4952 nos
1688 4911 1803 4952 non
1822 4912 1992 4952 secus
2019 4913 2064 4953 at

2195 4892 2247 4945 οἱ
2277 4892 2578 4964 Μινευῖται,
2609 4891 3012 4969 παραπλησίως
3044 4891 3269 4955 ἰκείνοις
3300 4891 3736 4968 έλεηθησόμεθα.

433 4971 724 5033 Ninivitas
755 4979 1114 5050 paenituerit,
1167 4981 1410 5052 perinde
1439 4988 1616 5056 atque
1647 4983 1732 5040 illi
1764 4984 2085 5042 misericor-

436 5063 593 5122 diam
618 5081 1068 5141 consequemur.

512 5155 797 5235 Z‘_Ephes.
834 5176 919 5235 vi,
941 5161 1024 5235 ll.
1058 5160 1124 5235 ’τε
1145 5161 1193 5216 ΙΙ
1225 5165 1354 5217 Cor.
1386 5179 1442 5230 x,
1473 5164 1526 5218 6.
1551 5163 1596 5199 ⁷⁸
1613 5163 1662 5219 Il
1683 5163 1832 5219 Tim.
1860 5183 1898 5221 ιι
1929 5165 1982 5220 3.
2017 5163 2060 5200 ⁷⁷
2090 5162 2143 5220 ib

2258 5163 2311 5219 ιι.
2345 5162 2389 5198 τι
2418 5163 2532 5219 Tit.
2562 5162 2716 5234 ἱ,10,
2753 5165 2840 5221 u.
2873 5165 2916 5202 το
2948 5163 2995 5220 II
3025 5167 3150 5220 Cor.
3174 5182 3230 5235 κ,
3263 5163 3320 5221 δ.
3352 5163 3448 5221 θοι
3493 5165 3621 5220 Cor.
3681 5181 3764 5234 νι,
3800 5165 3866 5224 5.

435 5226 479 5264 ⁶¹
514 5226 688 5284 ICor.
721 5247 822 5298 xu,
853 5232 945 5287 28.
977 5233 1024 5266 ⁸³
1056 5231 1365 5303 ICor.x1v,
1395 5226 1486 5301 2t,
1514 5237 1605 5291 25.

507 5314 617 5384 (63)
648 5315 1084 5398 Iidemveteres
1134 5319 1218 5375 illi
1246 5339 1400 5398 quos
1434 5338 1569 5378 mox
1605 5321 2092 5398 nominavilibri,

1637 5321 2092 5398 luminavilibri,
2419 5323 2576 5398 Qolb.
2600 5323 2850 5398 primus,
2882 5319 3268 5398 Sttls'fxtiibct.

435 5391 768 5466 κατακρατῇ.
801 5392 1008 5446 Statim
1040 5391 1305 5466 nonnulli
1341 5412 1484 5450 mss.
1517 5400 1576 5466 et
1606 5393 1768 5464 editi,
1793 5391 1940 5448 ἀλλὰ
1970 5391 2066 5448 δεόη

2271 5391 2386 5465 (67)
2419 5391 2629 5451 Nostra
2666 5391 2870 5464 editio,
2903 5391 3124 5452 ἀπό.Ὰῖ
3159 5414 3259 5452 sex
3278 5412 3448 5466 mss.,
3483 5393 3606 5450 ὑπό.
3634 5395 3868 5454 Statim

441 5461 897 5541 psegz‘AJiltres
931 5469 1099 5532 ms’s.,
1135 5460 1404 5541 δεώμεθα,
1438 5465 1676 5541 rectius.
1932 5538 1980 5541 ,Α

1354 5486 1404 5541 α,
1438 5465 1676 5541 rectius.
1709 5539 1716 5541 _
1932 5539 1940 5541 _
1967 5538 1980 5541 Α
2199 5460 2319 5541 tres
2337 5460 2513 5541 mss,
2541 5467 2628 5541 καί
2656 5467 2730 5541 Δτὰ
2757 5460 2985 5541 κρυπτά.

510 5531 626 5601 (64)
658 5533 898 5614 Editiet
928 5553 1074 5592 mss.
1126 5531 1414 5609 nonnulli,
1477 5537 1630 5610 μετά.
1690 5535 1802 5593 Alii
1847 5538 2088 5610 quidam
2200 5611 2242 5614 k
2271 5538 2388 5614 (68)
2410 5531 2588 5614 _Editi,
2609 5531 3208 5614 )téywv'b'uﬂeestt'n
3233 5539 3290 5614 in
3325 5537 3545 5614 nostris
3566 5554 3668 5614 sex
3687 5555 3876 5608 mss.,

441 5618 611 5668 mss.,
649 5604 863 5678 μεταξύ.
1399 5604 1409 5609 '
1477 5604 1488 5610 ·
1861 5604 1882 5610 '

513 5674 624 5695 InE\
661 5677 728 5695 l'a,
816 5679 853 5695 ιο
879 5678 917 5695 τι
1013 5694 1016 5695 ν
1168 5679 1204 5695 ,ι
1241 5680 1252 5692 α
1471 5685 1482 5695 .
1525 5680 1538 5695 ο
1875 5681 1914 5695 ιο
1959 5682 1991 5695 οι

2252 5604 2373 5695 aud
2410 5604 2586 5695 longe
2612 5604 2872 5695 quinque
2895 5628 3063 5695 mss,
3095 5607 3531 5695 ξλεηθησόμεθα.
3562 5611 3636 5666 At
3657 5604 3881 5671 nostra

657 5677 741 5733 Ita
764 5674 1081 5761 edidimus,
1122 5679 1306 5761 uti_in_
1357 5680 1575 5761 nostris
1632 5696 1731 5761 se;
1787 5681 2090 5743 codicibus

1656 5696 1731 5761 ei:
1787 5681 2090 5743 codicibus
2199 5681 2380 5739 editio
2410 5686 2468 5740 et
2489 5674 3287 5758 Ε’θε.ἰ)ι·ἱιὴυε,ἰλεήσόμεθαέ

435 5749 556 5804 seri
565 5751 733 5820 ptum
763 5750 1122 5810 invenimus.
1153 5753 1331 5828 Editi,
1363 5749 1578 5836 ἀφελεῖ,
1607 5753 1847 5828 auferet.
