4130 6210
215 430 319 490 285
1021 431 1429 493 COMMENT.
1475 432 1554 492 ΙΝ
1599 427 1878 493 ISAIAM
1920 427 2427 490 PROPH‘ETAM.
2473 425 2642 489 CAP.
2691 428 2799 488 ΙΙΙ.
3499 429 3618 490 286

278 560 392 616 103.
451 557 548 613 Καὶ
623 553 1012 635 πρεσϐυτερον.
1070 562 1163 618 Ἐν
1234 566 1352 624 τοῖς
1424 561 1836 633 ἀπειλουμένοις

2034 562 2157 616 103.
2192 561 2256 616 Et
2283 561 2576 616 seniorem.
2613 559 2772 614 Inter
2820 563 3028 615 caetera
3092 559 3352 615 minatur
3395 559 3618 616 ablatu"

212 649 310 705 ἕστὶ
339 648 428 702 καὶ
459 650 492 717 ἡ
524 652 622 703 τοῦ
681 644 1048 724 πρεσϐυτέρου
1099 650 1399 728 ἀφαίρεσις,
1447 652 1520 713 ὡς
1556 646 1754 728 ὄφελος
1789 649 1836 703 οἰ

1960 667 2091 706 rum
2124 667 2187 706 se
2216 651 2393 705 etiam
2425 648 2736 716 seniorem,
2771 653 2832 703 ut
2885 649 2983 718 qui
3017 666 3124 704 sua
3157 648 3468 720 praesentia
3495 666 3622 704 non

220 739 398 810 μικρὸν
427 735 485 790 ἐκ
510 742 606 792 τοῦ
632 743 882 814 παρεῖναι
931 739 1288 814 παρέχοντος.
1323 740 1441 816 Ἆρ’
1488 738 1578 793 οὖν
1613 739 1640 793 6
1669 739 1836 793 ὁπωσ·

1961 757 2165 810 parum
2216 740 2419 795 afferat
2470 737 2874 793 emolumenti.
2908 737 3061 792 Num
3109 737 3286 807 igitur
3333 736 3608 808 quisquis

215 831 298 881 οὖν
338 829 447 899 (69)
503 830 600 895 τῆς
651 824 946 902 προεδρίας
1006 827 1273 898 ἀξιωθεὶς,
1332 829 1421 883 καὶ
1478 827 1836 903 έγκαταλεγείι

1959 845 2194 901 quoquo
2227 829 2398 883 modo
2433 826 2697 898 praesulis
2731 826 3080 898 dignitatem
3114 827 3364 897 adeptus
3395 830 3506 892 est,
3548 829 3606 881 et

210 921 284 988 τῷ
310 910 698 992 πρεσϐυτερίῳ,
746 915 906 978 οὗτος
961 911 1360 992 πρεσϐύτερος;
1413 916 1448 986 ἢ
1483 919 1510 971 6
1551 917 1726 996 φέρων
1754 917 1836 972 τὸν

1961 919 2430 990 presbyterorum
2484 915 2658 971 ccetui
2722 915 3034 986 ascriptus,
3083 916 3387 987 presbyter
3425 919 3516 970 est
3545 931 3614 970 eo

211 1011 521 1080 χαρακτῆρα
575 1009 673 1059 τοῦ
729 999 1095 1079 πρεσϐυτέρου
1154 1005 1507 1080 ἀνεγκλήτως
1569 1009 1700 1080 (70),
1753 1005 1836 1078 μὰς

1958 1006 2199 1063 senior?
2227 1024 2296 1062 an
2333 1006 2553 1076 potius,
2585 1005 2659 1070 is,
2691 1004 2791 1075 qui
2844 1003 3163 1078 presbyteri
3211 1003 3444 1075 insigne
3473 1004 3612 1060 cha-

209 1091 357 1148 λιστα
415 1095 511 1165 μὲν
566 1092 856 1167 ἀπείρατος
915 1094 1205 1169 γυναικόςς
1264 1092 1414 1151 Εἱδὲ
1454 1091 1555 1167 ἄρα
1599 1093 1737 1148 κατά
1759 1093 1836 1148 τὸι

1959 1102 2362 1166 rectoremque
2411 1095 2558 1150 citra
2607 1093 2787 1149 ullam
2830 1093 3348 1166 reprehensionem
3401 1110 3518 1164 pra!
3550 1110 3624 1150 se

204 1187 292 1237 τοῦ
349 1181 548 1256 Κυρίου
596 1183 766 1256 νόμον
828 1188 955 1255 μιᾶς
1006 1183 1252 1257 γυναικὸς
1310 1184 1468 1260 ἀνὴρ,
1513 1184 1674 1238 τέκτα
1701 1177 1836 1257 ἔχων

1958 1183 2090 1251 fert,
2133 1184 2387 1239 maxime
2434 1183 2482 1238 si
2532 1199 2772 1238 uxorem
2825 1199 2937 1238 non
2990 1181 3267 1237 duxerit?
3299 1181 3527 1238 Rursus
3559 1183 3609 1237 si

205 1271 374 1342 πιστὰ,
411 1273 487 1344 μή
537 1272 593 1326 ὶν
645 1271 947 1347 κατηγορίᾳ
993 1272 1226 1334 ἀσωτίας
1286 1271 1320 1340 ἢ
1373 1271 1728 1342 ἀνυπότακτα,
1767 1272 1836 1345 μή

1954 1273 2122 1344 juxta
2151 1271 2383 1328 Domini
2432 1271 2617 1344 legem
2643 1272 2688 1306 ⁸³
2739 1271 2817 1326 sit
2855 1271 3031 1326 unius
3066 1269 3262 1326 uxoris
3309 1270 3416 1337 vir,
3451 1268 3606 1325 ﬁlios

209 1357 456 1430 αὐθάδης,
493 1360 571 1432 μὴ
607 1360 855 1435 ὀργίλος,
889 1363 964 1433 μή
989 1361 1272 1434 πάροινος,
1311 1362 1386 1433 μὴ
1423 1358 1836 1437 αἰσχροκερδής

1957 1361 2184 1417 habens
2229 1360 2450 1428 ﬁdeles,
2483 1361 2583 1431 qui
2632 1360 2880 1416 lasciviae
2931 1376 3045 1415 non
3097 1364 3470 1428 accusentur,
3503 1362 3606 1414 aut

211 1446 342 1504 ἀλλᾶ
370 1447 676 1524 φιλόξενος,
710 1449 1088 1526 φιτεχόμενος,
1125 1452 1380 1528 σώφρων,
1414 1451 1580 1520 ὅσιος,
1617 1447 1836 1522 δίκαιος1

1959 1451 2062 1523 qui
2084 1468 2199 1506 non
2223 1450 2343 1506 sint
2365 1449 2759 1506 intractabiles
2786 1466 2799 1504 :
2825 1448 3003 1503 sinon
3053 1448 3132 1503 sit
3152 1449 3463 1520 superbus,
3489 1465 3606 1504 non

211 1537 478 1612 ἐγκρατής,
534 1538 904 1614 ἀντεχόμενος
963 1543 1058 1593 τοῦ
1105 1539 1242 1594 κατά
1296 1540 1395 1608 τήν
1441 1535 1676 1615 διδαχὴν
1734 1542 1836 1610 (71]

1960 1539 2302 1608 iracundus,
2328 1557 2444 1595 non
2469 1538 2824 1603 vinolentus,
2849 1555 2963 1593 non
2986 1537 3141 1608 turpi
3161 1536 3322 1592 lucro
3344 1537 3602 1594 deditus:

213 1631 391 1681 πιστοῦ
416 1627 610 1703 λόγου,
649 1628 721 1689 ὡς
755 1625 979 1691 δυνατὸς
1023 1627 1158 1684 εἶναι
1206 1627 1296 1683 καὶ
1331 1627 1661 1700 παρακαλεῖν
1695 1627 1746 1682 έν
1779 1631 1836 1702 τῇ

1958 1629 2060 1683 sed
2093 1628 2430 1700 hospitalis,
2464 1628 2749 1683 bonorum
2793 1641 3023 1693 amans,
3053 1625 3306 1692 sobrius,
3343 1630 3605 1693 sanctus,

215 1715 510 1792 ὑγιαινούσῃ
545 1713 883 1789 διδασκακίᾳ,
938 1717 1026 1772 καὶ
1083 1717 1213 1781 τοὺς
1270 1714 1646 1794 ἀντιλέγοντας
1692 1715 1836 1792 ἐλέγ-

1954 1718 2174 1789 justus,
2198 1717 2526 1784 continens,
2554 1722 2727 1772 tenax
2756 1717 2888 1787 ejus
2910 1715 3010 1788 qui
3032 1715 3356 1770 secundum
3390 1715 3612 1770 doctri-

213 1824 340 1880 χεινο
374 1806 532 1868 οὗτος
585 1801 970 1880 πρεσϐύτερος,
1020 1804 1081 1862 ὃν
1142 1807 1248 1861 ἀπὸ
1303 1811 1400 1862 τοῦ
1445 1807 1836 1883 ἁμαρτάνοντος

1962 1824 2099 1862 nam
2151 1811 2240 1862 est
2287 1806 2480 1862 ﬁdelis
2547 1805 2860 1871 sermonis,
2926 1809 2990 1860 ut
3041 1809 3248 1876 potens
3314 1803 3394 1859 sit
3428 1803 3608 1860 etiam

212 1892 334 1949 λαοῦ
361 1897 668 1972 ἀφαιρεῖται
701 1895 918 1972 Κύριος.
953 1897 1040 1958 Ὠς
1069 1895 1328 1971 ἰσχύοντα
1355 1895 1443 1950 καθ
1480 1899 1592 1970 (72)
1623 1895 1836 1972 ἶσχύου-

1959 1895 2252 1951 exhortari
2287 1895 2346 1950 in
2378 1894 2645 1951 doctrina
2677 1910 2843 1960 sana,
2875 1898 2933 1948 et
2975 1893 3440 1948 contradicentes
3467 1908 3610 1948 cono

212 1943 330 1949 vr"
363 1943 667 1972 “T"I'"""
701 1943 918 1972 "'I’""'
969 1943 1040 1958 —‘
1074 1943 1328 1971 ’⁷Λ.’⁷’”’”
1359 1943 1423 1950 ’““
1480 1943 1591 1970 \"I
1628 1943 1815 1972 ’⁷Ᾱ.”’

207 2002 316 2053 σαν,
375 1984 445 2045 ὡς
503 1984 665 2059 ἰσχὺν
719 1985 887 2060 ἄρτου
943 1984 1031 2039 καὶ
1090 1984 1250 2060 ἰσχὺν
1299 1982 1516 2054 ὕδατος,
1567 1986 1642 2048 ὡς
1683 1985 1836 2041 πολε·

1959 1984 2230 2044 vincere:
2285 1984 2380 2039 hic
2415 1983 2718 2055 presbyter
2748 1999 2814 2038 ac
2843 1981 3042 2038 senior
3070 1985 3182 2046 est,
3215 1997 3391 2052 quem
3423 1980 3614 2036 aufert

211 2073 417 2143 μιστὴν,
447 2073 519 2135 ὡς
564 2070 850 2144 δικαστὴν,
905 2072 1047 2128 οὕτω
1095 2075 1182 2128 καὶ
1243 2069 1626 2151 πρεσϐύτερον.
1681 2077 1836 2132 "Oxon

1960 2072 2247 2129 Dominus
2269 2091 2302 2127 a
2323 2071 2697 2142 delinquente
2720 2070 2960 2142 populo.
2987 2069 3061 2126 Ut
3092 2067 3352 2124 validum
3386 2074 3444 2124 et
3474 2069 3610 2125 vali-

1960 2161 2121 2228 dam,
2151 2165 2216 2216 ut
2244 2161 2424 2216 robur
2442 2160 2611 2232 panis
2634 2164 2689 2214 et
2716 2160 2897 2214 robur
2921 2175 3108 2230 aqua,
3143 2162 3208 2212 ut
3238 2155 3602 2224 bellatorem,

1959 2254 2025 2306 ut
2046 2251 2332 2321 judicem,
2366 2250 2447 2304 ita
2477 2252 2533 2304 et
2564 2248 2854 2304 seniorem
2885 2248 3092 2304 aufert.
3123 2248 3325 2318 Itaque
3353 2263 3486 2302 cum
3519 2246 3604 2302 vi-

208 2158 292 2213 οὖν
323 2157 438 2234 ἴδῃς
487 2159 647 2222 ὄντας
717 2163 811 2234 μέν
872 2183 1019 2223 τινας
1075 2161 1252 2232 ἀξίους
1310 2167 1408 2218 τοῦ
1459 2161 1850 2239 ἐγκατατάσσε-

210 2257 316 2310 seat
371 2253 484 2310 τοῖς
544 2243 954 2325 πρεσϐυτέροις,
1015 2249 1374 2314 λανθάνοντας
1405 2248 1482 2320 δὲ,
1525 2251 1560 2320 ἢ
1603 2252 1849 2326 ἀμελου-

214 2337 409 2407 μένους,
439 2339 533 2392 καὶ
587 2338 699 2393 ἀντ’
762 2338 938 2393 αὐτῶν
987 2338 1113 2401 τοὺς
1170 2340 1415 2410 ἀναξίους
1456 2335 1848 2415 προϐεϐλημέ-

209 2445 340 2487 νουρς⁸
373 2426 626 2500 γίνωσκε,
660 2425 743 2481 δτι
778 2427 884 2482 ἀπὸ
929 2432 1025 2482 τοῦ
1065 2428 1312 2483 τοιούτον
1373 2427 1510 2485 λαοῦ
1561 2429 1780 2507 ἀφεῖλεν
1819 2433 1848 2486 6

222 2512 398 2587 Κύριος
445 2510 839 2592 πρεσϐύτερον.
896 2516 1127 2573 Ἦλίκου
1176 2515 1233 2572 δέ
1284 2517 1394 2572 ἐστι
1445 2518 1603 2593 χρεία
1648 2539 1846 2594 τραπε-

223 2602 374 2670 ζίτου,
401 2603 542 2659 ὥστε
602 2607 679 2676 μή
741 2603 1110 2669 διαλανθάνειν
1163 2606 1322 2661 αὐτὸν
1365 2607 1456 2662 τὸν
1492 2610 1604 2681 (73)
1635 2607 1686 2663 έν
1717 2607 1848 2663 τού-

219 2710 320 2752 τοις
349 2690 602 2767 δόκιμον,
632 2691 828 2764 ἕδειξεν
860 2695 888 2750 6
918 2696 1046 2756 Θεὸς
1094 2701 1176 2768 τῷ
1227 2695 1450 2772 μεγάλῳ
1494 2699 1660 2752 αὐτοῦ
1691 2699 1846 2773 θερά-

219 2798 358 2834 ποντι
395 2787 620 2836 Μωῦσεῖ
647 2784 746 2852 τήν
777 2788 884 2838 τῶν
941 2783 1203 2840 τοιούτων
1256 2784 1487 2860 έκλογήν
1533 2785 1843 2861 ἐπιτρέψας.

218 2871 463 2946 Συνάγαγε
541 2871 648 2947 γάρ
757 2893 871 2944 μοι,
951 2878 1105 2951 φησῖ,
1196 2869 1577 2947 έϐδομήκουτα
1651 2873 1846 2952 ἄνδρας

218 2957 308 3011 ἀπὸ
379 2963 486 3013 τῶν
566 2956 946 3037 πρεσϐυτέρων
1032 2967 1129 3018 τοῦ
1215 2961 1458 3038 Ἰσραήλ,
1527 2963 1620 3028 οὓς
1682 2963 1841 3028 αὐτὸς

218 3043 270 3100 σὺ
321 3045 484 3110 οἶδας·
547 3049 633 3104 ὅτι
714 3049 862 3104 οὗτοί
941 3050 1046 3106 εἶσι
1110 3048 1462 3129 πρεσϐύτεροι
1527 3058 1623 3107 τοῦ
1683 3051 1840 3108 λαοῦ⁸

219 3135 294 3188 καὶ
346 3140 582 3208 συνάξεις
635 3138 831 3202 αὐτοὺς
895 3137 983 3194 ἐπὶ
1049 3143 1148 3209 τήν
1222 3143 1420 3212 σκηνὴν
1477 3146 1575 3197 τοῦ
1637 3163 1841 3220 μαρτυ-

1956 2339 2113 2395 deris
2135 2341 2424 2412 quosdam
2440 2338 2539 2411 qui
2562 2339 2682 2394 sint
2699 2338 2936 2410 quidem
2961 2336 3120 2408 digni
3140 2336 3240 2408 qui
3261 2337 3321 2391 in
3337 2336 3601 2392 ordinem

1955 2429 2434 2501 presbyterorum
2495 2432 2859 2500 cooptentur,
2926 2427 3027 2482 sed
3097 2425 3446 2481 delitescant
3505 2429 3609 2480 aut

1958 2517 2345 2589 negligantur,
2379 2521 2436 2573 et
2465 2534 2667 2574 eorum
2703 2517 2848 2574 451
2886 2516 3013 2572 loco
3045 2515 3259 2572 videris
3293 2515 3486 2571 offerri
3514 2515 3608 2571 iu-

1956 2608 2189 2679 dignos,
2215 2607 2524 2663 Dominum
2541 2608 2612 2663 ab
2635 2606 2927 2677 ejusmodi
2951 2605 3164 2677 populo
3188 2605 3601 2678 presbyterum

1955 2694 2275 2751 abstulisse
2305 2696 2477 2751 scias.
2504 2694 2668 2760 Quali
2689 2701 2887 2751 autem
2919 2693 3202 2765 trapezita
3229 2709 3377 2764 Opus
3401 2693 3497 2760 sit,
3531 2695 3598 2748 ut

1954 2788 2269 2855 cognoscat
2309 2783 2443 2854 quis
2477 2783 2534 2838 iu
2568 2783 2641 2838 iis
2674 2784 2894 2854 probus
2938 2782 3036 2851 sit,
3072 2787 3221 2836 Deus
3250 2796 3464 2853 magno
3485 2795 3594 2836 suo

1952 2871 2173 2927 famulo
2205 2871 2386 2941 Moysi
2419 2871 2698 2938 ostendit,
2735 2869 3021 2942 permisso
3051 2869 3161 2941 ipsi
3195 2867 3398 2924 talium
3429 2867 3595 2924 dele-

1953 2963 2070 3015 ctu.
2101 2959 2376 3030 Congrega
2425 2958 2602 3026 enim,
2640 2959 2850 3028 inquit,
2891 2957 3032 3012 mihi
3058 2958 3416 3028 septuaginta
3445 2957 3598 3012 viros

1950 3047 2016 3104 de
2043 3047 2348 3105 senioribus
2393 3047 2591 3115 Israel,
2620 3062 2751 3118 quos
2781 3051 2844 3101 tu
2875 3048 2986 3118 ipse
3014 3047 3179 3116 nosti,
3212 3045 3356 3116 quod
3377 3044 3438 3100 hi
3463 3052 3595 3101 sunt

1947 3138 2192 3193 seniores
2239 3136 2457 3207 populi,
2497 3136 2772 3206 simulque
2825 3134 3058 3190 adduces
3089 3150 3183 3189 eos
3231 3133 3302 3189 ad
3331 3132 3592 3189 taberna-

215 3222 342 3295 ρίου,
391 3228 479 3281 καὶ
537 3230 831 3298 στήσονται
891 3227 1002 3284 ἰκεῖ
1086 3231 1218 3303 μετά
1287 3235 1400 3285 σοῦ’
1481 3231 1571 3286 καὶ
1655 3232 1836 3311 ἀφελῶ

1954 3229 2138 3285 culum
2191 3227 2521 3296 testimonii,
2552 3227 2604 3281 el
2656 3225 2880 3281 stabunt
2937 3225 3058 3281 illic
3087 3233 3301 3282 tecum:
3350 3233 3404 3280 et
3432 3228 3595 3296 aufe-

214 3311 303 3392 ᾆπὸ
377 3320 474 3370 τοῦ
555 3316 867 3390 πνεύματος
921 3322 1018 3372 τοῦ
1075 3317 1163 3373 έπὶ
1238 3319 1345 3390 σοὶ,
1422 3320 1512 3375 καὶ
1597 3320 1836 3392 ἐπιθήσω

1954 3333 2074 3372 ram
2100 3317 2166 3373 ds
2207 3318 2414 3390 spiritu
2462 3316 2559 3387 qui
2591 3317 2648 3371 in
2680 3318 2730 3370 te
2758 3322 2855 3382 est,
2887 3318 2942 3370 et
2971 3315 3253 3385 imponam
3282 3328 3450 3385 super
3469 3325 3594 3368 eos:

213 3390 283 3446 ἐπ’
335 3394 549 3467 αὐτοὺς,
630 3398 717 3451 καὶ
809 3397 1297 3473 συναντιλήψονται
1378 3402 1512 3474 μετά
1589 3406 1684 3456 σοῦ
1739 3390 1838 3471 τήν

213 3481 370 3556 ὁρμὴν
419 3490 518 3540 τοῦ
570 3486 712 3542 λαοῦ
769 3486 988 3557 τούτου,
1050 3486 1140 3542 καὶ
1191 3487 1290 3544 οὐκ
1343 3489 1507 3552 οἴσεις
1546 3488 1740 3554 αὐτοὺς
1775 3489 1838 3546 σὺ

211 3572 373 3642 μόνος.

271 3663 379 3717 104.
408 3661 653 3724 Τούτους
701 3660 760 3718 δέ
807 3665 919 3740 χρὴ
970 3667 1107 3720 εἶναι
1156 3668 1536 3742 προσήκοντας
1559 3669 1678 3724 καθ’
1708 3667 1838 3739 ἠλι-

205 3747 332 3819 κίαν,
361 3749 595 3807 πολλῶν
628 3752 724 3824 μὲν
783 3755 1211 3830 πεπειραμένους
1242 3753 1330 3810 διὰ
1369 3757 1462 3812 τὸν
1495 3757 1718 3832 χρόνον,
1748 3758 1838 3813 καὶ

205 3839 258 3891 τὸ
279 3838 518 3902 εὐσταθὲς
537 3846 650 3895 τῶν
676 3841 823 3911 ἠθῶν
845 3842 903 3898 έκ
921 3850 1022 3913 τῆς
1045 3843 1382 3916 ἐπανθούσης
1429 3846 1614 3910 αὐτοῖς
1639 3847 1838 3911 πολιᾶς

211 3925 620 3997 ὑποφαίνοντας.
679 3930 814 4002 Δόξα
863 3931 965 4007 γὰρ
1018 3929 1416 4010 πρεσϐυτέρων,
1477 3935 1647 3992 πολιοί
1704 3940 1837 4012 (74).

207 4013 338 4071 Είδὲ
391 4039 497 4073 που
550 4019 646 4073 καὶ
701 4019 752 4073 έν
812 4019 1004 4092 ήλικίᾳ
1058 4023 1147 4094 νέᾳ
1201 4019 1555 4100 πρεσϐυτικὸν
1597 4025 1835 4100 εὑρεθείη

208 4104 460 4179 φρόνημα,
493 4107 600 4164 οὐκ
650 4106 969 4181 ἀτιμαπέον
1000 4111 1063 4166 τὸ
1109 4109 1307 4188 δῶρον;
1356 4112 1503 4172 ἀλλᾶ
1531 4116 1839 4173 πιστευτέον

207 4196 272 4282 τῷ
299 4192 528 4271 λέγοντι·
582 4196 762 4252 Πολιᾶ
819 4195 876 4253 δέ
919 4197 1032 4254 ἰστι
1087 4201 1343 4276 σρόνησις
1392 4203 1445 4258 έν
1504 4205 1834 4282 ἀνθρώποιτ.

209 4281 382 4338 ΙΙλεῖον
411 4287 513 4361 γὰρ
542 4291 629 4358 τῷ
667 4283 778 4342 ὄντι
830 4287 906 4350 εἰς
955 4285 1320 4363 πρεσϐυτέρου
1373 4281 1622 4348 σύστασιν
1653 4301 1751 4364 τῆς
1783 4294 1833 4350 έν

208 4371 322 4444 θριξὶ
365 4372 722 4446 λευκότητος,
781 4379 842 4432 τὸ
902 4376 954 4433 ἐν
1004 4381 1262 4455 φρονήσει
1311 4377 1665 4458 πρεσϐυτικόν
1699 4387 1833 4458 (75).

208 4463 414 4530 Μήποτε
441 4465 548 4541 γὰρ
581 4469 747 4521 τοῦτο
803 4465 1057 4541 βούλεται
1101 4469 1190 4524 καὶ
1223 4471 1251 4524 ὁ
1285 4467 1467 4547 λόγος’
1502 4473 1638 4528 Ἀπὸ
1668 4494 1836 4544 προσ·

205 4548 336 4605 timeo
413 4553 622 4609 πολιοῦ
707 4555 1060 4632 ἐξαναστήσῃ,
1140 4559 1230 4613 καὶ
1325 4562 1580 4634 τιμήσεις
1664 4563 1836 4637 πρόσ-

1951 3410 2007 3463 et
2035 3407 2387 3462 sustinebunt
2415 3414 2592 3461 tecum
2641 3405 2911 3471 impetum
2950 3403 3143 3476 populi
3190 3402 3382 3474 huius,
3411 3409 3594 3458 etnon

1946 3496 2196 3568 portabis
2226 3511 2314 3552 eos
2329 3499 2388 3550 tu
2416 3495 2564 3551 solus
2591 3494 2659 3550 “.

2022 3674 2146 3729 104.
2179 3677 2418 3746 Oportet
2475 3676 2670 3729 autem
2703 3671 2812 3728 hos
2868 3687 2998 3727 esse
3044 3674 3212 3726 aetate
3266 3670 3590 3742 provectos,

1949 3763 2093 3819 adeo
2125 3767 2190 3818 ut
2219 3763 2407 3818 multa
2437 3761 2555 3818 sint
2606 3760 2890 3832 temporis
2929 3759 3318 3815 diuturnitate
3348 3758 3591 3830 experti,

1950 3853 2125 3923 atque
2156 3868 2224 3906 ex
2253 3851 2468 3906 canitie
2497 3851 2556 3905 in
2603 3848 2749 3920 ipsis
2797 3847 3172 3904 eﬁ‘orescente
3203 3845 3594 3902 constantiam

1950 3956 2182 3996 morum
2231 3939 2565 3995 ostendant.
2629 3937 2814 3993 Gloria
2867 3935 3024 3991 enim
3084 3937 3384 4001 seniorum,
3443 3933 3596 3988 cani-

1947 4031 2054 4087 ties
2081 4030 2146 4084 9'.
2168 4031 2435 4085 Attamen
2470 4028 2517 4082 si
2551 4027 2787 4099 quando
2804 4024 3196 4096 comperietur
3224 4023 3283 4077 in
3316 4021 3592 4092 aatateju-

1949 4117 2125 4176 venili
2145 4116 2350 4175 senilis
2373 4116 2706 4189 prudentia,
2741 4113 2960 4168 donum
2985 4112 3094 4168 hoc
3123 4111 3587 4184 haudquaquam

1947 4206 2354 4281 asperuabile:
2389 4206 2490 4263 sed
2541 4202 2814 4260 habenda
2859 4201 3004 4256 ﬁdes
3045 4206 3136 4258 est
3190 4200 3242 4256 ei
3273 4199 3375 4272 qui
3406 4198 3586 4256 dicit:

1949 4297 2192 4354 Canities
2219 4301 2409 4352 autem
2437 4298 2516 4352 est
2566 4291 2867 4366 prudentia
2899 4291 2960 4344 in
2989 4289 3307 4346 hominibus
3337 4287 3402 4342 '6.
3442 4288 3589 4344 Nam

1944 4402 2147 4443 revera
2176 4386 2310 4458 plus
2341 4385 2565 4441 confert
2591 4383 2663 4437 ad
2695 4378 2945 4436 senioris
2993 4395 3060 4436 ae
3091 4377 3411 4452 presbyteri
3433 4393 3589 4435 com-

1946 4476 2377 4532 mendationem
2431 4477 2702 4531 senectus
2752 4468 2984 4538 mentis,
3014 4485 3192 4541 quam
3223 4467 3475 4524 crinium
3505 4466 3592 4524 al-
3682 4514 3691 4524 .

1947 4564 2073 4620 bor.
2117 4564 2390 4620 Fortasse
2444 4562 2602 4618 enim
2660 4560 2769 4617 hoc
2816 4557 2994 4614 etiam
3043 4557 3243 4615 isthaeo
3300 4555 3592 4614 sententia

259 4680 300 4724 ⁸³
321 4681 429 4738 Tit.
464 4700 506 4750 ι,
535 4683 658 4738 6-9.
736 4687 781 4722 ³⁸
808 4689 983 4743 Num.
1015 4704 1092 4756 χι,
1126 4690 1212 4756 16,
1247 4691 1335 4746 17.
1413 4691 1576 4747 Prov.
1608 4709 1700 4758 xx,
1731 4693 1822 4748 29.

1981 4693 2119 4764 Sap.
2152 4708 2228 4763 ιν,
2260 4691 2315 4747 9.

264 4809 343 4880 (69
390 4813 452 4868 In
485 4829 634 4869 mss.
672 4815 974 4872 nonnullis
1003 4816 1055 4874 le
1101 4819 1241 4884 itur,
1266 4817 1295 4871 ὁ
1327 4817 1476 4882 ὅπως
1533 4815 1758 4889 δήποτε.

265 4813 363 4952 (7οζ
405 4887 547 4952 Reg.
610 4885 861 4952 primus,
908 4829 1275 4952 πρεσὲδτέρου
1307 4889 1666 4952 ἀνεγκλήτου,
1707 4909 1758 4952 ιη

265 4881 568 4965 (ῖολιᾷθεκ
610 4881 1275 4965 primus,1tpasgottp‘ou
1307 4881 1666 4965 ἀνεγκλήτου,
1705 4909 1831 4962 pre-

205 4950 393 5037 tia/teri
412 4950 986 5037 ilicislpatﬁAliitre's
1007 4950 1547 5037 mss.,oyéyxlﬁroc,
1572 4950 1828 5037 inculpa-

207 5027 277 5076 tus
300 5031 386 5106 sit.
422 5027 573 5106 Editi
607 5034 666 5082 et
695 5029 809 5106 duo
841 5047 1010 5101 mss.,
1053 5027 1425 5106 ἀνεγκλήτως,
1473 5027 1614 5090 citra
1650 5027 1830 5106 ullam

203 5096 674 5235 ripzzliensionem.
697 5096 1012 5174 Aliquanto
1025 5096 1325 5177 post'mss.
1350 5096 1642 5177 nonnulli,
1665 5104 1700 5175 ἢ
1729 5105 1826 5182 ὀρ-

235 5183 357 5227 ιΑος.

225 5307 233 5315 .
261 5239 372 5315 (Ill
391 5241 477 5296 Ita
507 5257 614 5315 sex
635 5257 804 5312 mss.,
834 5260 947 5302 non
981 5263 1152 5304 secus
1179 5265 1244 5304 ac
1277 5253 1468 5306 textus
1499 5264 1682 5306 sacer.
1698 5249 1829 5306 Edi-

203 5305 273 5373 ti,
300 5305 669 5367 διδασκαλίαν.

257 5381 358 5448 (72)
385 5385 535 5462 Editi
566 5390 625 5439 et
654 5384 914 5462 quinque
936 5406 1104 5456 mss.,
1137 5389 1252 5454 καί,
1292 5389 1388 5453 ὡς.
1423 5393 1496 5447 At
1513 5391 1672 5447 Colb.
1708 5392 1824 5462 pri-

205 5464 337 5533 mus.
373 5457 482 5523 καί,
516 5457 693 5533 recte.
737 5458 883 5516 Nam
931 5464 1198 5518 voculam
1231 5462 1305 5524 ὡς
1338 5464 1433 5520 hic
1465 5481 1582 5520 non
1612 5457 1825 5520 conve-

206 5529 310 5581 nire
341 5529 718 5600 perspicuum
751 5537 858 5586 est.

261 5601 651 5690 (73),υςετςξιθ
709 5602 865 5690 Colb.
913 5608 971 5690 et
1009 5603 1148 5690 Reg:
1183 5608 1480 5690 secundus
1532 5601 1823 5690 διαλανθᾴ-

205 5682 290 5748 vim
316 5673 503 5748 αὖτοὺς
533 5673 657 5742 τόν,
686 5681 997 5748 corrupte.
1029 5673 1146 5734 Alii
1200 5682 1321 5736 tres
1351 5695 1520 5748 mss.,
1546 5673 1705 5733 αὐτόν
1737 5679 1820 5748 τὸ,

206 5740 470 5819 κρυφαία
524 5748 593 5803 in
641 5740 718 5802 iis
767 5740 1009 5818 probum
1053 5751 1146 5809 sit.
1177 5749 1391 5810 Nostra
1427 5740 1628 5823 editio,
1659 5740 1818 5807 αὐτὸν

1941 4816 2057 4889 τόν,
2117 4821 2238 4892 quis
2269 4819 2328 4874 in
2358 4818 2432 4873 iis
2461 4817 2944 4892 probus_sit._Sive
2962 4815 3079 4887 τὸν,
3111 4817 3234 4874 sive
3260 4815 3323 4872 τό
3352 4815 3586 4890 legeris,

1949 4898 2086 4964 apta
2113 4890 2172 4948 et
2201 4891 2411 4946 idonea
2440 4890 2730 4964 sententia
2748 4890 3052 4964 efﬁcietur.

2011 4965 2288 5035 (74),Reg.
2322 4961 2616 5035 secundus
2653 4967 2711 5016 et
2752 4962 2870 5018 duo
2900 4959 3241 5035 Colbertini,
3289 4951 3586 5033 πρεσϐυτί-

1940 5031 2026 5106 ρῳ’
2046 5031 2262 5122 «pluit;
2296 5034 2534 5122 canities
2561 5034 2746 5122 gloria
2775 5034 3098 5122 est'ssniori.
3131 5031 3244 5122 Ali;
3271 5031 3390 5122 tres
3413 5047 3586 5100 mss.,

1937 5095 2316 5181 πρεσϐυτέρων
2345 5101 2533 5159 πολιά.
2562 5095 2720 5187 Editi
2769 5109 2826 5189 et
2856 5104 3020 5188 ΙειΧΧ,
3073 5095 3452 5178 πρεσϐυτέρων
3483 5095 3586 5157 ποί-

1939 5175 2076 5249 λιαί,
2109 5179 2167 5234 in
2219 5193 2463 5234 numero
2522 5175 2944 5233 multitudinis.
2992 5172 3188 5249 Πολιά,
3222 5191 3337 5249 non
3368 5173 3582 5249 πολιαί,

1935 5247 2331 5321 θάεὲοίιὶὺιιὶῐ.
2367 5249 2513 5321 Nam
2549 5251 2931 5321 printerquam
2963 5248 3234 5321 quodita
3273 5248 3332 5303 in
3366 5247 3583 5304 nostris

1936 5338 2082 5378 mes.
2111 5320 2354 5388 legatur,
2388 5318 2592 5376 eodem
2627 5318 2796 5391 plane
2828 5318 3000 5376 modo
3037 5319 3321 5391 scripsere
3351 5332 3584 5391 quoque

1933 5393 2332 5466 antiquissimi
2365 5397 2483 5448 tres
2532 5388 2900 5464 interpretes,
2930 5388 3171 5466 Aquila,
3196 5388 3579 5464 Symmachus

1933 5470 1989 5521 et
2019 5465 2358 5521 Theodotio.

2004 5539 2116 5608 (75)
2152 5537 2314 5610 Regii
2345 5533 2569 5610 primus
2599 5537 2656 5610 et
2679 5538 2949 5610 quartus,
2972 5527 3412 5610 πρεσϐυτερικ-όνε
3442 5527 3576 5584 Alii.

1931 5599 2184 5681 quatuor
2215 5599 2368 5681 dies;
2392 5612 2451 5662 et
2471 5605 2634 5681 editi,
2665 5599 3248 5681 ipioéuuadv'.Apud
3272 5601 3414 5659 LXX
3442 5616 3575 5657 vero

1929 5671 2164 5755 legitur,
2193 5671 2505 5757 πρεσϐεῖον,
2537 5671 2797 5736 honorem
2824 5671 3138 5737 senectutis:
