  <div class='ocr_page' id='page_1' title='image "/cluster/home/n/w/nwhite01/storage/ocr_20150623/30/hvd.32044073501827/151.png"; bbox 0 0 4130 6210; ppageno 0'>
   <div class='ocr_carea' id='block_1_1' title="bbox 451 405 568 466">
    <p class='ocr_par' dir='ltr' id='par_1_1' title="bbox 451 405 568 466">
     <span class='ocr_line' id='line_1_1' title="bbox 451 405 568 466; baseline -0.017 0"><span class='ocrx_word' id='word_1_1' title='bbox 451 405 568 466; x_wconf 73' lang='grc'>28⁸7</span> 
     </span>
    </p>
   </div>
   <div class='ocr_carea' id='block_1_2' title="bbox 1384 405 2918 470">
    <p class='ocr_par' dir='ltr' id='par_1_2' title="bbox 1384 405 2918 470">
     <span class='ocr_line' id='line_1_2' title="bbox 1384 405 2918 470; baseline -0.001 -3"><span class='ocrx_word' id='word_1_2' title='bbox 1384 407 1785 468; x_wconf 82' lang='grc' dir='ltr'>ΔΡΡΕΝΒῙΧ</span> <span class='ocrx_word' id='word_1_3' title='bbox 1825 405 2153 469; x_wconf 81' lang='lat' dir='ltr'><strong>OPERUM</strong></span> <span class='ocrx_word' id='word_1_4' title='bbox 2197 408 2262 468; x_wconf 87' lang='lat'>8.</span> <span class='ocrx_word' id='word_1_5' title='bbox 2308 407 2597 470; x_wconf 79' lang='lat' dir='ltr'>BASILII</span> <span class='ocrx_word' id='word_1_6' title='bbox 2642 407 2918 469; x_wconf 84' lang='lat' dir='ltr'>MAGNI.</span> 
     </span>
    </p>
   </div>
   <div class='ocr_carea' id='block_1_3' title="bbox 3737 399 3860 460">
    <p class='ocr_par' dir='ltr' id='par_1_3' title="bbox 3737 399 3860 460">
     <span class='ocr_line' id='line_1_3' title="bbox 3737 399 3860 460; baseline -0.016 0"><span class='ocrx_word' id='word_1_7' title='bbox 3737 399 3860 460; x_wconf 70' lang='lat'>288</span> 
     </span>
    </p>
   </div>
   <div class='ocr_carea' id='block_1_4' title="bbox 451 529 2100 612">
    <p class='ocr_par' dir='ltr' id='par_1_4' title="bbox 451 534 2097 609">
     <span class='ocr_line' id='line_1_4' title="bbox 451 534 2097 609; baseline 0.001 -18"><span class='ocrx_word' id='word_1_8' title='bbox 451 534 576 591; x_wconf 90' lang='lat' dir='ltr'>vult</span> <span class='ocrx_word' id='word_1_9' title='bbox 607 553 619 591; x_wconf 89' lang='lat'>:</span> <span class='ocrx_word' id='word_1_10' title='bbox 652 535 693 592; x_wconf 77' lang='grc' dir='ltr'><em>Α</em></span> <span class='ocrx_word' id='word_1_11' title='bbox 722 537 872 606; x_wconf 79' lang='lat' dir='ltr'>facie</span> <span class='ocrx_word' id='word_1_12' title='bbox 908 539 1036 592; x_wconf 88' lang='lat' dir='ltr'>cani</span> <span class='ocrx_word' id='word_1_13' title='bbox 1064 552 1323 608; x_wconf 71' lang='lat' dir='ltr'>exsurge:</span> <span class='ocrx_word' id='word_1_14' title='bbox 1361 546 1413 592; x_wconf 81' lang='lat' dir='ltr'>et</span> <span class='ocrx_word' id='word_1_15' title='bbox 1456 538 1747 594; x_wconf 71' lang='lat' dir='ltr'>honor-abi:</span> <span class='ocrx_word' id='word_1_16' title='bbox 1774 541 1975 609; x_wconf 78' lang='lat' dir='ltr'>faciem</span> <span class='ocrx_word' id='word_1_17' title='bbox 2013 554 2097 593; x_wconf 73' lang='lat' dir='ltr'>se-</span> 
     </span>
    </p>
   </div>
   <div class='ocr_carea' id='block_1_5' title="bbox 2215 529 3856 612">
    <p class='ocr_par' dir='ltr' id='par_1_5' title="bbox 2215 529 3856 612">
     <span class='ocr_line' id='line_1_5' title="bbox 2215 529 3856 612; baseline -0.005 -22"><span class='ocrx_word' id='word_1_18' title='bbox 2215 558 2313 591; x_wconf 86' lang='grc' dir='ltr'>πον</span> <span class='ocrx_word' id='word_1_19' title='bbox 2345 532 2732 612; x_wconf 78' lang='grc' dir='ltr'>πρεσϐυτέρου.</span> <span class='ocrx_word' id='word_1_20' title='bbox 2787 536 2908 590; x_wconf 74' lang='grc' dir='ltr'>Ἐὰν</span> <span class='ocrx_word' id='word_1_21' title='bbox 2965 534 3066 609; x_wconf 71' lang='grc' dir='ltr'>γὰρ</span> <span class='ocrx_word' id='word_1_22' title='bbox 3126 554 3208 595; x_wconf 78' lang='grc' dir='ltr'>τις</span> <span class='ocrx_word' id='word_1_23' title='bbox 3248 533 3306 603; x_wconf 75' lang='grc' dir='ltr'>ᾖ,</span> <span class='ocrx_word' id='word_1_24' title='bbox 3366 531 3501 586; x_wconf 74' lang='grc' dir='ltr'>κατὰ</span> <span class='ocrx_word' id='word_1_25' title='bbox 3545 529 3638 583; x_wconf 88' lang='grc' dir='ltr'>τὸν</span> <span class='ocrx_word' id='word_1_26' title='bbox 3690 530 3856 606; x_wconf 74' lang='grc' dir='ltr'>σοφὸν</span> 
     </span>
    </p>
   </div>
   <div class='ocr_carea' id='block_1_6' title="bbox 452 624 2098 699">
    <p class='ocr_par' dir='ltr' id='par_1_6' title="bbox 452 624 2098 699">
     <span class='ocr_line' id='line_1_6' title="bbox 452 624 2098 699; baseline 0.001 -19"><span class='ocrx_word' id='word_1_27' title='bbox 452 626 627 680; x_wconf 74' lang='lat' dir='ltr'>nioris</span> <span class='ocrx_word' id='word_1_28' title='bbox 655 624 719 679; x_wconf 82' lang='grc'>⁸⁷.</span> <span class='ocrx_word' id='word_1_29' title='bbox 753 625 977 680; x_wconf 83' lang='lat' dir='ltr'>Etenim</span> <span class='ocrx_word' id='word_1_30' title='bbox 1022 625 1070 681; x_wconf 91' lang='lat' dir='ltr'>si</span> <span class='ocrx_word' id='word_1_31' title='bbox 1119 626 1275 697; x_wconf 80' lang='lat' dir='ltr'>quis,</span> <span class='ocrx_word' id='word_1_32' title='bbox 1317 626 1388 681; x_wconf 87' lang='lat' dir='ltr'>ad</span> <span class='ocrx_word' id='word_1_33' title='bbox 1437 625 1768 698; x_wconf 82' lang='lat' dir='ltr'>exemplum</span> <span class='ocrx_word' id='word_1_34' title='bbox 1814 627 2098 699; x_wconf 86' lang='lat' dir='ltr'>sapientis</span> 
     </span>
    </p>
   </div>
   <div class='ocr_carea' id='block_1_7' title="bbox 453 714 2096 785">
    <p class='ocr_par' dir='ltr' id='par_1_7' title="bbox 453 714 2096 785">
     <span class='ocr_line' id='line_1_7' title="bbox 453 714 2096 785; baseline -0.001 -15"><span class='ocrx_word' id='word_1_35' title='bbox 453 714 730 782; x_wconf 87' lang='lat' dir='ltr'>Danielis,</span> <span class='ocrx_word' id='word_1_36' title='bbox 765 730 1003 785; x_wconf 91' lang='lat' dir='ltr'>corpore</span> <span class='ocrx_word' id='word_1_37' title='bbox 1051 716 1288 785; x_wconf 86' lang='lat' dir='ltr'>quidem</span> <span class='ocrx_word' id='word_1_38' title='bbox 1337 716 1569 785; x_wconf 78' lang='lat' dir='ltr'>juvenis</span> <span class='ocrx_word' id='word_1_39' title='bbox 1613 716 1710 785; x_wconf 86' lang='lat' dir='ltr'>sit,</span> <span class='ocrx_word' id='word_1_40' title='bbox 1741 722 1934 772; x_wconf 82' lang='lat' dir='ltr'>mente</span> <span class='ocrx_word' id='word_1_41' title='bbox 1964 732 2096 771; x_wconf 91' lang='lat' dir='ltr'>vero</span> 
     </span>
    </p>
   </div>
   <div class='ocr_carea' id='block_1_8' title="bbox 453 803 2097 876">
    <p class='ocr_par' dir='ltr' id='par_1_8' title="bbox 453 803 2097 876">
     <span class='ocr_line' id='line_1_8' title="bbox 453 803 2097 876; baseline 0 -18"><span class='ocrx_word' id='word_1_42' title='bbox 453 820 659 873; x_wconf 88' lang='lat' dir='ltr'>canus,</span> <span class='ocrx_word' id='word_1_43' title='bbox 694 803 740 858; x_wconf 81' lang='lat' dir='ltr'>is</span> <span class='ocrx_word' id='word_1_44' title='bbox 771 803 978 874; x_wconf 81' lang='lat' dir='ltr'>potiori</span> <span class='ocrx_word' id='word_1_45' title='bbox 1003 805 1137 874; x_wconf 89' lang='lat' dir='ltr'>jure</span> <span class='ocrx_word' id='word_1_46' title='bbox 1169 804 1355 875; x_wconf 80' lang='lat' dir='ltr'>pluris</span> <span class='ocrx_word' id='word_1_47' title='bbox 1385 805 1769 861; x_wconf 71' lang='lat' dir='ltr'>aestimandus</span> <span class='ocrx_word' id='word_1_48' title='bbox 1801 810 1889 860; x_wconf 90' lang='lat' dir='ltr'>est</span> <span class='ocrx_word' id='word_1_49' title='bbox 1921 820 2097 876; x_wconf 88' lang='lat' dir='ltr'>quam</span> 
     </span>
    </p>
   </div>
   <div class='ocr_carea' id='block_1_9' title="bbox 455 891 2098 965">
    <p class='ocr_par' dir='ltr' id='par_1_9' title="bbox 455 891 2098 965">
     <span class='ocr_line' id='line_1_9' title="bbox 455 891 2098 965; baseline 0.001 -19"><span class='ocrx_word' id='word_1_50' title='bbox 455 891 555 963; x_wconf 90' lang='lat' dir='ltr'>qui</span> <span class='ocrx_word' id='word_1_51' title='bbox 587 893 848 963; x_wconf 89' lang='lat' dir='ltr'>corporis</span> <span class='ocrx_word' id='word_1_52' title='bbox 878 892 1151 947; x_wconf 76' lang='lat' dir='ltr'>canitiem</span> <span class='ocrx_word' id='word_1_53' title='bbox 1186 909 1320 948; x_wconf 91' lang='lat' dir='ltr'>cum</span> <span class='ocrx_word' id='word_1_54' title='bbox 1361 893 1557 950; x_wconf 87' lang='lat' dir='ltr'>animo</span> <span class='ocrx_word' id='word_1_55' title='bbox 1588 894 1820 965; x_wconf 88' lang='lat' dir='ltr'>impuro</span> <span class='ocrx_word' id='word_1_56' title='bbox 1848 894 2098 949; x_wconf 83' lang='lat' dir='ltr'>circum-</span> 
     </span>
    </p>
   </div>
   <div class='ocr_carea' id='block_1_10' title="bbox 455 980 2099 1056">
    <p class='ocr_par' dir='ltr' id='par_1_10' title="bbox 455 980 2099 1056">
     <span class='ocr_line' id='line_1_10' title="bbox 455 980 2099 1056; baseline 0.002 -21"><span class='ocrx_word' id='word_1_57' title='bbox 455 981 672 1048; x_wconf 86' lang='lat' dir='ltr'>ferunt,</span> <span class='ocrx_word' id='word_1_58' title='bbox 704 980 906 1052; x_wconf 81' lang='lat' dir='ltr'>quales</span> <span class='ocrx_word' id='word_1_59' title='bbox 937 987 1104 1037; x_wconf 89' lang='lat' dir='ltr'>erant</span> <span class='ocrx_word' id='word_1_60' title='bbox 1135 981 1218 1036; x_wconf 89' lang='lat' dir='ltr'>illi</span> <span class='ocrx_word' id='word_1_61' title='bbox 1253 982 1566 1056; x_wconf 88' lang='lat' dir='ltr'>Babylonis</span> <span class='ocrx_word' id='word_1_62' title='bbox 1597 984 1858 1040; x_wconf 78' lang='lat' dir='ltr'>seniores</span> <span class='ocrx_word' id='word_1_63' title='bbox 1889 983 2099 1039; x_wconf 88' lang='lat' dir='ltr'>diebus</span> 
     </span>
    </p>
   </div>
   <div class='ocr_carea' id='block_1_11' title="bbox 455 1069 2099 1134">
    <p class='ocr_par' dir='ltr' id='par_1_11' title="bbox 455 1069 2099 1134">
     <span class='ocr_line' id='line_1_11' title="bbox 455 1069 2099 1134; baseline 0 -8"><span class='ocrx_word' id='word_1_64' title='bbox 455 1069 629 1126; x_wconf 89' lang='lat' dir='ltr'>malis</span> <span class='ocrx_word' id='word_1_65' title='bbox 657 1069 982 1125; x_wconf 82' lang='lat' dir='ltr'>inveterati.</span> <span class='ocrx_word' id='word_1_66' title='bbox 1008 1074 1197 1134; x_wconf 87' lang='lat' dir='ltr'>Quare</span> <span class='ocrx_word' id='word_1_67' title='bbox 1227 1075 1285 1126; x_wconf 88' lang='lat' dir='ltr'>et</span> <span class='ocrx_word' id='word_1_68' title='bbox 1316 1072 1386 1127; x_wconf 92' lang='lat' dir='ltr'>ad</span> <span class='ocrx_word' id='word_1_69' title='bbox 1413 1071 1706 1128; x_wconf 83' lang='lat' dir='ltr'>Danielem</span> <span class='ocrx_word' id='word_1_70' title='bbox 1741 1089 1875 1128; x_wconf 90' lang='lat' dir='ltr'>cum</span> <span class='ocrx_word' id='word_1_71' title='bbox 1906 1071 2099 1128; x_wconf 89' lang='lat' dir='ltr'>adbuo</span> 
     </span>
    </p>
   </div>
   <div class='ocr_carea' id='block_1_12' title="bbox 455 1160 2101 1234">
    <p class='ocr_par' dir='ltr' id='par_1_12' title="bbox 455 1160 2101 1234">
     <span class='ocr_line' id='line_1_12' title="bbox 455 1160 2101 1234; baseline 0.002 -22"><span class='ocrx_word' id='word_1_72' title='bbox 455 1174 602 1229; x_wconf 91' lang='lat' dir='ltr'>puer</span> <span class='ocrx_word' id='word_1_73' title='bbox 630 1165 802 1225; x_wconf 82' lang='lat' dir='ltr'>esset,</span> <span class='ocrx_word' id='word_1_74' title='bbox 837 1163 894 1214; x_wconf 91' lang='lat' dir='ltr'>et</span> <span class='ocrx_word' id='word_1_75' title='bbox 934 1163 1103 1215; x_wconf 70' lang='lat' dir='ltr'>aetate</span> <span class='ocrx_word' id='word_1_76' title='bbox 1134 1160 1396 1216; x_wconf 84' lang='lat' dir='ltr'>sensibili</span> <span class='ocrx_word' id='word_1_77' title='bbox 1433 1162 1657 1232; x_wconf 89' lang='lat' dir='ltr'>junior,</span> <span class='ocrx_word' id='word_1_78' title='bbox 1699 1162 1800 1218; x_wconf 89' lang='lat' dir='ltr'>sed</span> <span class='ocrx_word' id='word_1_79' title='bbox 1850 1160 2101 1234; x_wconf 77' lang='lat' dir='ltr'>spiritali</span> 
     </span>
    </p>
   </div>
   <div class='ocr_carea' id='block_1_13' title="bbox 456 1245 2102 1321">
    <p class='ocr_par' dir='ltr' id='par_1_13' title="bbox 456 1245 2102 1321">
     <span class='ocr_line' id='line_1_13' title="bbox 456 1245 2102 1321; baseline 0.002 -21"><span class='ocrx_word' id='word_1_80' title='bbox 456 1245 776 1316; x_wconf 66' lang='lat' dir='ltr'>prudentia:</span> <span class='ocrx_word' id='word_1_81' title='bbox 837 1248 1048 1304; x_wconf 81' lang='lat' dir='ltr'>canitie</span> <span class='ocrx_word' id='word_1_82' title='bbox 1090 1249 1532 1321; x_wconf 88' lang='lat' dir='ltr'>cohonestatus,</span> <span class='ocrx_word' id='word_1_83' title='bbox 1581 1251 1802 1306; x_wconf 86' lang='lat' dir='ltr'>donum</span> <span class='ocrx_word' id='word_1_84' title='bbox 1866 1249 2102 1306; x_wconf 84' lang='lat' dir='ltr'>transiit</span> 
     </span>
    </p>
   </div>
   <div class='ocr_carea' id='block_1_14' title="bbox 454 1335 2096 1410">
    <p class='ocr_par' dir='ltr' id='par_1_14' title="bbox 454 1335 2096 1410">
     <span class='ocr_line' id='line_1_14' title="bbox 454 1335 2096 1410; baseline 0.002 -21"><span class='ocrx_word' id='word_1_85' title='bbox 454 1335 821 1408; x_wconf 78' lang='lat' dir='ltr'>presbyterii.</span> <span class='ocrx_word' id='word_1_86' title='bbox 846 1336 969 1392; x_wconf 89' lang='lat' dir='ltr'>Non</span> <span class='ocrx_word' id='word_1_87' title='bbox 1001 1338 1157 1394; x_wconf 91' lang='lat' dir='ltr'>enim</span> <span class='ocrx_word' id='word_1_88' title='bbox 1191 1340 1627 1395; x_wconf 84' lang='lat' dir='ltr'>mentiebantur</span> <span class='ocrx_word' id='word_1_89' title='bbox 1657 1339 1757 1410; x_wconf 89' lang='lat' dir='ltr'>qui</span> <span class='ocrx_word' id='word_1_90' title='bbox 1787 1339 2096 1395; x_wconf 88' lang='lat' dir='ltr'>dicebant:</span> 
     </span>
    </p>
   </div>
   <div class='ocr_carea' id='block_1_15' title="bbox 457 1424 2103 1501">
    <p class='ocr_par' dir='ltr' id='par_1_15' title="bbox 457 1424 2103 1501">
     <span class='ocr_line' id='line_1_15' title="bbox 457 1424 2103 1501; baseline 0.002 -22"><span class='ocrx_word' id='word_1_91' title='bbox 457 1424 606 1490; x_wconf 81' lang='lat' dir='ltr'>Veni,</span> <span class='ocrx_word' id='word_1_92' title='bbox 661 1429 714 1480; x_wconf 84' lang='lat' dir='ltr'>et</span> <span class='ocrx_word' id='word_1_93' title='bbox 767 1426 892 1481; x_wconf 75' lang='lat' dir='ltr'>aede</span> <span class='ocrx_word' id='word_1_94' title='bbox 939 1428 1000 1481; x_wconf 86' lang='lat' dir='ltr'>in</span> <span class='ocrx_word' id='word_1_95' title='bbox 1045 1429 1220 1484; x_wconf 85' lang='lat' dir='ltr'>medio</span> <span class='ocrx_word' id='word_1_96' title='bbox 1267 1437 1547 1484; x_wconf 75' lang='lat' dir='ltr'>nostrum:</span> <span class='ocrx_word' id='word_1_97' title='bbox 1603 1431 1744 1501; x_wconf 84' lang='lat' dir='ltr'>quia</span> <span class='ocrx_word' id='word_1_98' title='bbox 1799 1430 1907 1484; x_wconf 79' lang='lat' dir='ltr'>tibi</span> <span class='ocrx_word' id='word_1_99' title='bbox 1949 1429 2103 1485; x_wconf 78' lang='lat' dir='ltr'>dedit</span> 
     </span>
    </p>
   </div>
   <div class='ocr_carea' id='block_1_16' title="bbox 454 1513 2104 1588">
    <p class='ocr_par' dir='ltr' id='par_1_16' title="bbox 454 1513 2104 1588">
     <span class='ocr_line' id='line_1_16' title="bbox 454 1513 2104 1588; baseline 0.004 -21"><span class='ocrx_word' id='word_1_100' title='bbox 454 1513 593 1568; x_wconf 67' lang='lat' dir='ltr'>Deus</span> <span class='ocrx_word' id='word_1_101' title='bbox 624 1513 886 1570; x_wconf 82' lang='lat' dir='ltr'>honorem</span> <span class='ocrx_word' id='word_1_102' title='bbox 930 1517 1262 1588; x_wconf 80' lang='lat' dir='ltr'>presbyterii</span> <span class='ocrx_word' id='word_1_103' title='bbox 1285 1519 1348 1572; x_wconf 80' lang='grc'>⁸⁸.</span> <span class='ocrx_word' id='word_1_104' title='bbox 1383 1519 1550 1574; x_wconf 89' lang='lat' dir='ltr'>Hunc</span> <span class='ocrx_word' id='word_1_105' title='bbox 1581 1520 1652 1574; x_wconf 89' lang='lat' dir='ltr'>ad</span> <span class='ocrx_word' id='word_1_106' title='bbox 1685 1519 1926 1574; x_wconf 90' lang='lat' dir='ltr'>modum</span> <span class='ocrx_word' id='word_1_107' title='bbox 1957 1535 2104 1574; x_wconf 83' lang='lat' dir='ltr'>non-</span> 
     </span>
    </p>
   </div>
   <div class='ocr_carea' id='block_1_17' title="bbox 456 1604 2101 1678">
    <p class='ocr_par' dir='ltr' id='par_1_17' title="bbox 456 1604 2101 1678">
     <span class='ocr_line' id='line_1_17' title="bbox 456 1604 2101 1678; baseline 0.003 -22"><span class='ocrx_word' id='word_1_108' title='bbox 456 1619 762 1673; x_wconf 88' lang='lat' dir='ltr'>nunquam</span> <span class='ocrx_word' id='word_1_109' title='bbox 795 1604 1106 1676; x_wconf 88' lang='lat' dir='ltr'>contingit,</span> <span class='ocrx_word' id='word_1_110' title='bbox 1136 1611 1202 1661; x_wconf 87' lang='lat' dir='ltr'>ut</span> <span class='ocrx_word' id='word_1_111' title='bbox 1241 1607 1488 1677; x_wconf 86' lang='lat' dir='ltr'>juvenes</span> <span class='ocrx_word' id='word_1_112' title='bbox 1522 1607 1732 1678; x_wconf 81' lang='lat' dir='ltr'>majori</span> <span class='ocrx_word' id='word_1_113' title='bbox 1763 1608 1984 1662; x_wconf 87' lang='lat' dir='ltr'>honore</span> <span class='ocrx_word' id='word_1_114' title='bbox 2007 1606 2101 1661; x_wconf 88' lang='lat' dir='ltr'>di-</span> 
     </span>
    </p>
   </div>
   <div class='ocr_carea' id='block_1_18' title="bbox 454 1690 2104 1769">
    <p class='ocr_par' dir='ltr' id='par_1_18' title="bbox 454 1690 2104 1769">
     <span class='ocr_line' id='line_1_18' title="bbox 454 1690 2104 1769; baseline 0.004 -24"><span class='ocrx_word' id='word_1_115' title='bbox 454 1690 694 1762; x_wconf 90' lang='lat' dir='ltr'>gniores</span> <span class='ocrx_word' id='word_1_116' title='bbox 721 1691 1097 1749; x_wconf 86' lang='lat' dir='ltr'>inveniantur</span> <span class='ocrx_word' id='word_1_117' title='bbox 1125 1712 1302 1767; x_wconf 90' lang='lat' dir='ltr'>quam</span> <span class='ocrx_word' id='word_1_118' title='bbox 1335 1696 1617 1765; x_wconf 84' lang='lat' dir='ltr'>seniores,</span> <span class='ocrx_word' id='word_1_119' title='bbox 1647 1697 1743 1769; x_wconf 90' lang='lat' dir='ltr'>qui</span> <span class='ocrx_word' id='word_1_120' title='bbox 1791 1697 2104 1753; x_wconf 83' lang='lat' dir='ltr'>oscitanter</span> 
     </span>
    </p>
   </div>
   <div class='ocr_carea' id='block_1_19' title="bbox 457 1780 2099 1859">
    <p class='ocr_par' dir='ltr' id='par_1_19' title="bbox 457 1780 2099 1859">
     <span class='ocr_line' id='line_1_19' title="bbox 457 1780 2099 1859; baseline 0.004 -25"><span class='ocrx_word' id='word_1_121' title='bbox 457 1780 833 1853; x_wconf 89' lang='lat' dir='ltr'>segniterque</span> <span class='ocrx_word' id='word_1_122' title='bbox 879 1783 1058 1839; x_wconf 89' lang='lat' dir='ltr'>vitam</span> <span class='ocrx_word' id='word_1_123' title='bbox 1107 1785 1441 1840; x_wconf 86' lang='lat' dir='ltr'>traducunt.</span> <span class='ocrx_word' id='word_1_124' title='bbox 1475 1786 1562 1841; x_wconf 92' lang='lat' dir='ltr'>Illi</span> <span class='ocrx_word' id='word_1_125' title='bbox 1594 1787 1778 1859; x_wconf 81' lang='lat' dir='ltr'>igitur</span> <span class='ocrx_word' id='word_1_126' title='bbox 1807 1787 1962 1858; x_wconf 89' lang='lat' dir='ltr'>apud</span> <span class='ocrx_word' id='word_1_127' title='bbox 1993 1786 2099 1842; x_wconf 84' lang='lat' dir='ltr'>Ju-</span> 
     </span>
    </p>
   </div>
   <div class='ocr_carea' id='block_1_20' title="bbox 456 1864 2100 1931">
    <p class='ocr_par' dir='ltr' id='par_1_20' title="bbox 456 1864 2100 1931">
     <span class='ocr_line' id='line_1_20' title="bbox 456 1864 2100 1931; baseline 0.004 -8"><span class='ocrx_word' id='word_1_128' title='bbox 456 1869 610 1924; x_wconf 69' lang='lat' dir='ltr'>daaos</span> <span class='ocrx_word' id='word_1_129' title='bbox 661 1871 921 1928; x_wconf 86' lang='lat' dir='ltr'>seniores</span> <span class='ocrx_word' id='word_1_130' title='bbox 978 1864 1258 1930; x_wconf 85' lang='lat' dir='ltr'>ementito</span> <span class='ocrx_word' id='word_1_131' title='bbox 1311 1875 1548 1931; x_wconf 88' lang='lat' dir='ltr'>nomine</span> <span class='ocrx_word' id='word_1_132' title='bbox 1591 1875 1676 1931; x_wconf 87' lang='lat' dir='ltr'>sic</span> <span class='ocrx_word' id='word_1_133' title='bbox 1722 1876 2100 1931; x_wconf 86' lang='lat' dir='ltr'>vocabantur.</span> 
     </span>
    </p>
   </div>
   <div class='ocr_carea' id='block_1_21' title="bbox 455 1957 2094 2036">
    <p class='ocr_par' dir='ltr' id='par_1_21' title="bbox 455 1957 2094 2036">
     <span class='ocr_line' id='line_1_21' title="bbox 455 1957 2094 2036; baseline 0.005 -24"><span class='ocrx_word' id='word_1_134' title='bbox 455 1957 716 2013; x_wconf 80' lang='lat' dir='ltr'>Abstulit</span> <span class='ocrx_word' id='word_1_135' title='bbox 753 1960 908 2015; x_wconf 89' lang='lat' dir='ltr'>enim</span> <span class='ocrx_word' id='word_1_136' title='bbox 941 1962 1116 2032; x_wconf 88' lang='lat' dir='ltr'>Deus,</span> <span class='ocrx_word' id='word_1_137' title='bbox 1152 1969 1216 2018; x_wconf 90' lang='lat' dir='ltr'>ut</span> <span class='ocrx_word' id='word_1_138' title='bbox 1245 1963 1586 2020; x_wconf 87' lang='lat' dir='ltr'>bellatorem</span> <span class='ocrx_word' id='word_1_139' title='bbox 1641 1969 1697 2020; x_wconf 91' lang='lat' dir='ltr'>et</span> <span class='ocrx_word' id='word_1_140' title='bbox 1729 1964 2094 2036; x_wconf 80' lang='lat' dir='ltr'>prephetam,</span> 
     </span>
    </p>
   </div>
   <div class='ocr_carea' id='block_1_22' title="bbox 454 2048 2097 2125">
    <p class='ocr_par' dir='ltr' id='par_1_22' title="bbox 454 2048 2097 2125">
     <span class='ocr_line' id='line_1_22' title="bbox 454 2048 2097 2125; baseline 0.004 -23"><span class='ocrx_word' id='word_1_141' title='bbox 454 2048 538 2103; x_wconf 85' lang='lat' dir='ltr'>ita</span> <span class='ocrx_word' id='word_1_142' title='bbox 558 2052 615 2103; x_wconf 89' lang='lat' dir='ltr'>et</span> <span class='ocrx_word' id='word_1_143' title='bbox 659 2049 945 2105; x_wconf 90' lang='lat' dir='ltr'>seniorem</span> <span class='ocrx_word' id='word_1_144' title='bbox 986 2069 1020 2106; x_wconf 92' lang='lat' dir='ltr'>a</span> <span class='ocrx_word' id='word_1_145' title='bbox 1057 2052 1394 2109; x_wconf 71' lang='lat' dir='ltr'>Judsaorum</span> <span class='ocrx_word' id='word_1_146' title='bbox 1445 2052 1681 2125; x_wconf 90' lang='lat' dir='ltr'>populo.</span> <span class='ocrx_word' id='word_1_147' title='bbox 1713 2057 1850 2109; x_wconf 85' lang='lat' dir='ltr'>Oret</span> <span class='ocrx_word' id='word_1_148' title='bbox 1897 2059 2097 2108; x_wconf 89' lang='lat' dir='ltr'>autem</span> 
     </span>
    </p>
   </div>
   <div class='ocr_carea' id='block_1_23' title="bbox 456 2137 2096 2215">
    <p class='ocr_par' dir='ltr' id='par_1_23' title="bbox 456 2137 2096 2215">
     <span class='ocr_line' id='line_1_23' title="bbox 456 2137 2096 2215; baseline 0.002 -23"><span class='ocrx_word' id='word_1_149' title='bbox 456 2137 730 2208; x_wconf 86' lang='lat' dir='ltr'>Ecclesia,</span> <span class='ocrx_word' id='word_1_150' title='bbox 765 2154 838 2193; x_wconf 93' lang='lat' dir='ltr'>ne</span> <span class='ocrx_word' id='word_1_151' title='bbox 867 2155 896 2194; x_wconf 85' lang='lat' dir='ltr'>a</span> <span class='ocrx_word' id='word_1_152' title='bbox 958 2157 1020 2196; x_wconf 90' lang='lat' dir='ltr'>se</span> <span class='ocrx_word' id='word_1_153' title='bbox 1079 2142 1380 2197; x_wconf 83' lang='lat' dir='ltr'>auferatur</span> <span class='ocrx_word' id='word_1_154' title='bbox 1435 2144 1738 2215; x_wconf 85' lang='lat' dir='ltr'>presbyter</span> <span class='ocrx_word' id='word_1_155' title='bbox 1784 2160 1850 2198; x_wconf 89' lang='lat' dir='ltr'>ac</span> <span class='ocrx_word' id='word_1_156' title='bbox 1881 2142 2096 2213; x_wconf 90' lang='lat' dir='ltr'>senior,</span> 
     </span>
    </p>
   </div>
   <div class='ocr_carea' id='block_1_24' title="bbox 456 2225 2096 2303">
    <p class='ocr_par' dir='ltr' id='par_1_24' title="bbox 456 2225 2096 2303">
     <span class='ocr_line' id='line_1_24' title="bbox 456 2225 2096 2303; baseline 0.004 -24"><span class='ocrx_word' id='word_1_157' title='bbox 456 2225 557 2296; x_wconf 89' lang='lat' dir='ltr'>qui</span> <span class='ocrx_word' id='word_1_158' title='bbox 588 2225 698 2281; x_wconf 89' lang='lat' dir='ltr'>hoc</span> <span class='ocrx_word' id='word_1_159' title='bbox 719 2227 933 2300; x_wconf 89' lang='lat' dir='ltr'>dignus</span> <span class='ocrx_word' id='word_1_160' title='bbox 955 2229 1032 2284; x_wconf 86' lang='lat' dir='ltr'>sit</span> <span class='ocrx_word' id='word_1_161' title='bbox 1051 2231 1306 2287; x_wconf 88' lang='lat' dir='ltr'>nomine.</span> <span class='ocrx_word' id='word_1_162' title='bbox 1341 2232 1402 2286; x_wconf 90' lang='lat' dir='ltr'>Id</span> <span class='ocrx_word' id='word_1_163' title='bbox 1432 2237 1628 2287; x_wconf 89' lang='lat' dir='ltr'>autem</span> <span class='ocrx_word' id='word_1_164' title='bbox 1663 2232 1870 2303; x_wconf 86' lang='lat' dir='ltr'>quanti</span> <span class='ocrx_word' id='word_1_165' title='bbox 1900 2231 1979 2287; x_wconf 87' lang='lat' dir='ltr'>sit</span> <span class='ocrx_word' id='word_1_166' title='bbox 2008 2232 2096 2285; x_wconf 85' lang='lat' dir='ltr'>fa-</span> 
     </span>
    </p>
   </div>
   <div class='ocr_carea' id='block_1_25' title="bbox 456 2305 2094 2392">
    <p class='ocr_par' dir='ltr' id='par_1_25' title="bbox 456 2305 2094 2392">
     <span class='ocr_line' id='line_1_25' title="bbox 456 2305 2094 2392; baseline 0.004 -23"><span class='ocrx_word' id='word_1_167' title='bbox 456 2316 732 2370; x_wconf 87' lang='lat' dir='ltr'>ciendum</span> <span class='ocrx_word' id='word_1_168' title='bbox 783 2317 1099 2375; x_wconf 88' lang='lat' dir='ltr'>didicimus</span> <span class='ocrx_word' id='word_1_169' title='bbox 1138 2319 1197 2375; x_wconf 90' lang='lat' dir='ltr'>in</span> <span class='ocrx_word' id='word_1_170' title='bbox 1241 2321 1592 2378; x_wconf 85' lang='lat' dir='ltr'>Abrahamo.</span> <span class='ocrx_word' id='word_1_171' title='bbox 1626 2322 1771 2377; x_wconf 90' lang='lat' dir='ltr'>Nam</span> <span class='ocrx_word' id='word_1_172' title='bbox 1815 2321 1876 2376; x_wconf 88' lang='lat' dir='ltr'>in</span> <span class='ocrx_word' id='word_1_173' title='bbox 1920 2305 2094 2392; x_wconf 70' lang='lat' dir='ltr'>supe-</span> 
     </span>
    </p>
   </div>
   <div class='ocr_carea' id='block_1_26' title="bbox 457 2404 2094 2480">
    <p class='ocr_par' dir='ltr' id='par_1_26' title="bbox 457 2404 2094 2480">
     <span class='ocr_line' id='line_1_26' title="bbox 457 2404 2094 2480; baseline 0.004 -22"><span class='ocrx_word' id='word_1_174' title='bbox 457 2404 711 2460; x_wconf 89' lang='lat' dir='ltr'>rioribus</span> <span class='ocrx_word' id='word_1_175' title='bbox 764 2409 1240 2477; x_wconf 85' lang='lat' dir='ltr'>generationibus</span> <span class='ocrx_word' id='word_1_176' title='bbox 1289 2416 1710 2467; x_wconf 82' lang='lat' dir='ltr'>enumerantur</span> <span class='ocrx_word' id='word_1_177' title='bbox 1757 2409 1949 2480; x_wconf 87' lang='lat' dir='ltr'>multi,</span> <span class='ocrx_word' id='word_1_178' title='bbox 1994 2409 2094 2480; x_wconf 89' lang='lat' dir='ltr'>qui</span> 
     </span>
    </p>
   </div>
   <div class='ocr_carea' id='block_1_27' title="bbox 456 2491 2095 2572">
    <p class='ocr_par' dir='ltr' id='par_1_27' title="bbox 456 2491 2095 2572">
     <span class='ocr_line' id='line_1_27' title="bbox 456 2491 2095 2572; baseline 0.004 -26"><span class='ocrx_word' id='word_1_179' title='bbox 456 2491 775 2560; x_wconf 73' lang='lat' dir='ltr'>longiorem</span> <span class='ocrx_word' id='word_1_180' title='bbox 823 2511 1000 2567; x_wconf 88' lang='lat' dir='ltr'>quam</span> <span class='ocrx_word' id='word_1_181' title='bbox 1041 2497 1169 2570; x_wconf 89' lang='lat' dir='ltr'>ipse</span> <span class='ocrx_word' id='word_1_182' title='bbox 1213 2499 1392 2554; x_wconf 88' lang='lat' dir='ltr'>vitam</span> <span class='ocrx_word' id='word_1_183' title='bbox 1440 2504 1704 2572; x_wconf 85' lang='lat' dir='ltr'>egerunt.</span> <span class='ocrx_word' id='word_1_184' title='bbox 1739 2499 1890 2555; x_wconf 82' lang='lat' dir='ltr'>Vixit</span> <span class='ocrx_word' id='word_1_185' title='bbox 1938 2498 2095 2553; x_wconf 86' lang='lat' dir='ltr'>enim</span> 
     </span>
    </p>
   </div>
   <div class='ocr_carea' id='block_1_28' title="bbox 455 2581 2096 2659">
    <p class='ocr_par' dir='ltr' id='par_1_28' title="bbox 455 2581 2096 2659">
     <span class='ocr_line' id='line_1_28' title="bbox 455 2581 2096 2659; baseline 0.005 -24"><span class='ocrx_word' id='word_1_186' title='bbox 455 2581 641 2636; x_wconf 85' lang='lat' dir='ltr'>Adam</span> <span class='ocrx_word' id='word_1_187' title='bbox 673 2585 982 2655; x_wconf 88' lang='lat' dir='ltr'>nongentis</span> <span class='ocrx_word' id='word_1_188' title='bbox 1007 2590 1064 2641; x_wconf 89' lang='lat' dir='ltr'>et</span> <span class='ocrx_word' id='word_1_189' title='bbox 1083 2587 1326 2659; x_wconf 86' lang='lat' dir='ltr'>triginta</span> <span class='ocrx_word' id='word_1_190' title='bbox 1347 2588 1518 2646; x_wconf 89' lang='lat' dir='ltr'>annis</span> <span class='ocrx_word' id='word_1_191' title='bbox 1543 2606 1556 2645; x_wconf 89' lang='lat'><strong>:</strong></span> <span class='ocrx_word' id='word_1_192' title='bbox 1590 2587 1920 2645; x_wconf 82' lang='lat' dir='ltr'>Mathusala</span> <span class='ocrx_word' id='word_1_193' title='bbox 1949 2605 2096 2644; x_wconf 88' lang='lat' dir='ltr'>nou-</span> 
     </span>
    </p>
   </div>
   <div class='ocr_carea' id='block_1_29' title="bbox 459 2669 2094 2748">
    <p class='ocr_par' dir='ltr' id='par_1_29' title="bbox 459 2669 2094 2748">
     <span class='ocr_line' id='line_1_29' title="bbox 459 2669 2094 2748; baseline 0.007 -26"><span class='ocrx_word' id='word_1_194' title='bbox 459 2669 652 2741; x_wconf 89' lang='lat' dir='ltr'>gentis</span> <span class='ocrx_word' id='word_1_195' title='bbox 683 2675 740 2725; x_wconf 91' lang='lat' dir='ltr'>et</span> <span class='ocrx_word' id='word_1_196' title='bbox 770 2674 1148 2747; x_wconf 85' lang='lat' dir='ltr'>septuaginta</span> <span class='ocrx_word' id='word_1_197' title='bbox 1194 2677 1366 2733; x_wconf 89' lang='lat' dir='ltr'>anuis</span> <span class='ocrx_word' id='word_1_198' title='bbox 1395 2677 1554 2748; x_wconf 85' lang='lat' dir='ltr'>vixit,</span> <span class='ocrx_word' id='word_1_199' title='bbox 1585 2683 1642 2734; x_wconf 87' lang='lat' dir='ltr'>et</span> <span class='ocrx_word' id='word_1_200' title='bbox 1672 2683 1938 2734; x_wconf 89' lang='lat' dir='ltr'>mortuus</span> <span class='ocrx_word' id='word_1_201' title='bbox 1970 2681 2094 2733; x_wconf 88' lang='lat' dir='ltr'>est:</span> 
     </span>
    </p>
   </div>
   <div class='ocr_carea' id='block_1_30' title="bbox 456 2757 2096 2835">
    <p class='ocr_par' dir='ltr' id='par_1_30' title="bbox 456 2757 2096 2835">
     <span class='ocr_line' id='line_1_30' title="bbox 456 2757 2096 2835; baseline 0.007 -24"><span class='ocrx_word' id='word_1_202' title='bbox 456 2757 603 2813; x_wconf 80' lang='lat' dir='ltr'>vixit</span> <span class='ocrx_word' id='word_1_203' title='bbox 631 2759 750 2816; x_wconf 89' lang='lat' dir='ltr'>Noe</span> <span class='ocrx_word' id='word_1_204' title='bbox 806 2765 1120 2835; x_wconf 88' lang='lat' dir='ltr'>nongentis</span> <span class='ocrx_word' id='word_1_205' title='bbox 1149 2766 1359 2835; x_wconf 89' lang='lat' dir='ltr'>annis;</span> <span class='ocrx_word' id='word_1_206' title='bbox 1406 2771 1602 2823; x_wconf 88' lang='lat' dir='ltr'>tamen</span> <span class='ocrx_word' id='word_1_207' title='bbox 1660 2783 1831 2823; x_wconf 90' lang='lat' dir='ltr'>nemo</span> <span class='ocrx_word' id='word_1_208' title='bbox 1862 2766 2096 2823; x_wconf 90' lang='lat' dir='ltr'>illorum</span> 
     </span>
    </p>
   </div>
   <div class='ocr_carea' id='block_1_31' title="bbox 460 2845 2098 2925">
    <p class='ocr_par' dir='ltr' id='par_1_31' title="bbox 460 2845 2098 2925">
     <span class='ocr_line' id='line_1_31' title="bbox 460 2845 2098 2925; baseline 0.006 -23"><span class='ocrx_word' id='word_1_209' title='bbox 460 2845 675 2902; x_wconf 77' lang='lat' dir='ltr'>senior.</span> <span class='ocrx_word' id='word_1_210' title='bbox 710 2851 783 2904; x_wconf 84' lang='lat' dir='ltr'>At</span> <span class='ocrx_word' id='word_1_211' title='bbox 801 2851 1094 2908; x_wconf 87' lang='lat' dir='ltr'>Abraham</span> <span class='ocrx_word' id='word_1_212' title='bbox 1126 2854 1238 2910; x_wconf 83' lang='lat' dir='ltr'>fuit</span> <span class='ocrx_word' id='word_1_213' title='bbox 1285 2857 1481 2912; x_wconf 90' lang='lat' dir='ltr'>senior</span> <span class='ocrx_word' id='word_1_214' title='bbox 1521 2857 1704 2913; x_wconf 66' lang='lat' dir='ltr'>Sarrae</span> <span class='ocrx_word' id='word_1_215' title='bbox 1737 2856 2098 2925; x_wconf 85' lang='lat' dir='ltr'>testimonio,</span> 
     </span>
    </p>
   </div>
   <div class='ocr_carea' id='block_1_32' title="bbox 461 2936 2099 3016">
    <p class='ocr_par' dir='ltr' id='par_1_32' title="bbox 461 2936 2099 3016">
     <span class='ocr_line' id='line_1_32' title="bbox 461 2936 2099 3016; baseline 0.005 -26"><span class='ocrx_word' id='word_1_216' title='bbox 461 2951 588 3006; x_wconf 68' lang='lat' dir='ltr'>qua</span> <span class='ocrx_word' id='word_1_217' title='bbox 621 2936 796 2993; x_wconf 89' lang='lat' dir='ltr'>dicit:</span> <span class='ocrx_word' id='word_1_218' title='bbox 830 2942 1082 2999; x_wconf 83' lang='lat' dir='ltr'>Nondum</span> <span class='ocrx_word' id='word_1_219' title='bbox 1111 2946 1331 3016; x_wconf 82' lang='lat' dir='ltr'>quidem</span> <span class='ocrx_word' id='word_1_220' title='bbox 1359 2946 1508 3001; x_wconf 82' lang='lat' dir='ltr'>mihi</span> <span class='ocrx_word' id='word_1_221' title='bbox 1533 2948 1766 3016; x_wconf 75' lang='lat' dir='ltr'>contigit</span> <span class='ocrx_word' id='word_1_222' title='bbox 1804 2947 2099 3002; x_wconf 73' lang='lat' dir='ltr'>hactenus:</span> 
     </span>
    </p>
   </div>
   <div class='ocr_carea' id='block_1_33' title="bbox 453 3024 2099 3104">
    <p class='ocr_par' dir='ltr' id='par_1_33' title="bbox 453 3024 2099 3104">
     <span class='ocr_line' id='line_1_33' title="bbox 453 3024 2099 3104; baseline 0.007 -25"><span class='ocrx_word' id='word_1_223' title='bbox 453 3024 714 3083; x_wconf 80' lang='lat' dir='ltr'>dominus</span> <span class='ocrx_word' id='word_1_224' title='bbox 741 3035 925 3086; x_wconf 75' lang='lat' dir='ltr'>autem</span> <span class='ocrx_word' id='word_1_225' title='bbox 973 3049 1127 3088; x_wconf 77' lang='lat' dir='ltr'>meus</span> <span class='ocrx_word' id='word_1_226' title='bbox 1152 3037 1340 3090; x_wconf 77' lang='lat' dir='ltr'>senior</span> <span class='ocrx_word' id='word_1_227' title='bbox 1367 3035 1430 3089; x_wconf 72' lang='grc' dir='ltr'>⁸ο.</span> <span class='ocrx_word' id='word_1_228' title='bbox 1465 3036 1602 3091; x_wconf 87' lang='lat' dir='ltr'>Erat</span> <span class='ocrx_word' id='word_1_229' title='bbox 1654 3041 1850 3091; x_wconf 90' lang='lat' dir='ltr'>autem</span> <span class='ocrx_word' id='word_1_230' title='bbox 1884 3035 2099 3104; x_wconf 88' lang='lat' dir='ltr'>senior,</span> 
     </span>
    </p>
   </div>
   <div class='ocr_carea' id='block_1_34' title="bbox 460 3116 1948 3195">
    <p class='ocr_par' dir='ltr' id='par_1_34' title="bbox 460 3116 1948 3195">
     <span class='ocr_line' id='line_1_34' title="bbox 460 3116 1948 3195; baseline 0.005 -26"><span class='ocrx_word' id='word_1_231' title='bbox 460 3116 616 3185; x_wconf 88' lang='lat' dir='ltr'>quod</span> <span class='ocrx_word' id='word_1_232' title='bbox 647 3117 834 3173; x_wconf 90' lang='lat' dir='ltr'>virtus</span> <span class='ocrx_word' id='word_1_233' title='bbox 865 3121 1130 3177; x_wconf 87' lang='lat' dir='ltr'>animum</span> <span class='ocrx_word' id='word_1_234' title='bbox 1161 3123 1348 3195; x_wconf 87' lang='lat' dir='ltr'>ipsius</span> <span class='ocrx_word' id='word_1_235' title='bbox 1379 3124 1592 3179; x_wconf 88' lang='lat' dir='ltr'>canitie</span> <span class='ocrx_word' id='word_1_236' title='bbox 1623 3128 1948 3180; x_wconf 79' lang='lat' dir='ltr'>ornaverat.</span> 
     </span>
    </p>
   </div>
   <div class='ocr_carea' id='block_1_35' title="bbox 532 3205 2097 3285">
    <p class='ocr_par' dir='ltr' id='par_1_35' title="bbox 532 3205 2097 3285">
     <span class='ocr_line' id='line_1_35' title="bbox 532 3205 2097 3285; baseline 0.006 -27"><span class='ocrx_word' id='word_1_237' title='bbox 532 3205 655 3260; x_wconf 89' lang='grc'>105.</span> <span class='ocrx_word' id='word_1_238' title='bbox 703 3205 878 3264; x_wconf 77' lang='lat' dir='ltr'>Vsas.</span> <span class='ocrx_word' id='word_1_239' title='bbox 927 3208 981 3264; x_wconf 92' lang='lat'>3.</span> <span class='ocrx_word' id='word_1_240' title='bbox 1028 3212 1092 3265; x_wconf 80' lang='lat' dir='ltr'>Et</span> <span class='ocrx_word' id='word_1_241' title='bbox 1122 3215 1430 3282; x_wconf 79' lang='lat' dir='ltr'>principem</span> <span class='ocrx_word' id='word_1_242' title='bbox 1476 3230 1640 3284; x_wconf 77' lang='lat' dir='ltr'>super</span> <span class='ocrx_word' id='word_1_243' title='bbox 1668 3215 2097 3285; x_wconf 75' lang='lat' dir='ltr'>quinquaginta.</span> 
     </span>
    </p>
   </div>
   <div class='ocr_carea' id='block_1_36' title="bbox 2206 618 3858 699">
    <p class='ocr_par' dir='ltr' id='par_1_36' title="bbox 2206 618 3858 699">
     <span class='ocr_line' id='line_1_36' title="bbox 2206 618 3858 699; baseline -0.006 -19"><span class='ocrx_word' id='word_1_244' title='bbox 2206 627 2431 696; x_wconf 78' lang='grc' dir='ltr'>Δανιήλ,</span> <span class='ocrx_word' id='word_1_245' title='bbox 2457 626 2576 690; x_wconf 78' lang='grc' dir='ltr'>νέος</span> <span class='ocrx_word' id='word_1_246' title='bbox 2609 626 2703 699; x_wconf 72' lang='grc' dir='ltr'>μὲν</span> <span class='ocrx_word' id='word_1_247' title='bbox 2754 625 2817 679; x_wconf 81' lang='grc' dir='ltr'>τὸ</span> <span class='ocrx_word' id='word_1_248' title='bbox 2861 629 3042 698; x_wconf 80' lang='grc' dir='ltr'>σῶμα,</span> <span class='ocrx_word' id='word_1_249' title='bbox 3091 621 3289 684; x_wconf 82' lang='grc' dir='ltr'>πολιὸς</span> <span class='ocrx_word' id='word_1_250' title='bbox 3323 619 3379 676; x_wconf 66' lang='grc' dir='ltr'>δὲ</span> <span class='ocrx_word' id='word_1_251' title='bbox 3429 620 3526 688; x_wconf 82' lang='grc' dir='ltr'>τὴν</span> <span class='ocrx_word' id='word_1_252' title='bbox 3571 618 3858 696; x_wconf 75' lang='grc' dir='ltr'>φρόνησιν,</span> 
     </span>
    </p>
   </div>
   <div class='ocr_carea' id='block_1_37' title="bbox 2207 705 3858 791">
    <p class='ocr_par' dir='ltr' id='par_1_37' title="bbox 2207 705 3858 791">
     <span class='ocr_line' id='line_1_37' title="bbox 2207 705 3858 791; baseline -0.006 -22"><span class='ocrx_word' id='word_1_253' title='bbox 2207 712 2543 791; x_wconf 87' lang='grc' dir='ltr'>δικαιότερος</span> <span class='ocrx_word' id='word_1_254' title='bbox 2592 720 2960 788; x_wconf 81' lang='grc' dir='ltr'>προτιμᾶσθαι</span> <span class='ocrx_word' id='word_1_255' title='bbox 3017 717 3123 767; x_wconf 82' lang='grc' dir='ltr'>τῶν</span> <span class='ocrx_word' id='word_1_256' title='bbox 3154 711 3249 773; x_wconf 80' lang='grc' dir='ltr'>τὰς</span> <span class='ocrx_word' id='word_1_257' title='bbox 3285 709 3599 783; x_wconf 76' lang='grc' dir='ltr'>σωματικὰς</span> <span class='ocrx_word' id='word_1_258' title='bbox 3651 705 3858 767; x_wconf 81' lang='grc' dir='ltr'>πολιὰς</span> 
     </span>
    </p>
   </div>
   <div class='ocr_carea' id='block_1_38' title="bbox 2207 794 3862 879">
    <p class='ocr_par' dir='ltr' id='par_1_38' title="bbox 2207 794 3862 879">
     <span class='ocr_line' id='line_1_38' title="bbox 2207 794 3862 879; baseline -0.005 -21"><span class='ocrx_word' id='word_1_259' title='bbox 2207 803 2257 859; x_wconf 81' lang='grc' dir='ltr'>ἐν</span> <span class='ocrx_word' id='word_1_260' title='bbox 2290 803 2577 877; x_wconf 83' lang='grc' dir='ltr'>ἀκολάστῳ</span> <span class='ocrx_word' id='word_1_261' title='bbox 2606 808 2675 878; x_wconf 77' lang='grc' dir='ltr'>τῇ</span> <span class='ocrx_word' id='word_1_262' title='bbox 2733 801 3045 878; x_wconf 65' lang='grc' dir='ltr'>προαιρέσει</span> <span class='ocrx_word' id='word_1_263' title='bbox 3102 802 3506 879; x_wconf 76' lang='grc' dir='ltr'>προφερόντων,</span> <span class='ocrx_word' id='word_1_264' title='bbox 3555 797 3693 851; x_wconf 78' lang='grc' dir='ltr'>κατὰ</span> <span class='ocrx_word' id='word_1_265' title='bbox 3733 794 3862 857; x_wconf 78' lang='grc' dir='ltr'>τοὺς</span> 
     </span>
    </p>
   </div>
   <div class='ocr_carea' id='block_1_39' title="bbox 2208 883 3860 967">
    <p class='ocr_par' dir='ltr' id='par_1_39' title="bbox 2208 883 3860 967">
     <span class='ocr_line' id='line_1_39' title="bbox 2208 883 3860 967; baseline -0.006 -19"><span class='ocrx_word' id='word_1_266' title='bbox 2208 893 2296 948; x_wconf 72' lang='grc' dir='ltr'>ἐπὶ</span> <span class='ocrx_word' id='word_1_267' title='bbox 2325 900 2425 963; x_wconf 85' lang='grc' dir='ltr'>τῆς</span> <span class='ocrx_word' id='word_1_268' title='bbox 2476 888 2832 954; x_wconf 88' lang='grc' dir='ltr'>Βαϐυλωνίας</span> <span class='ocrx_word' id='word_1_269' title='bbox 2889 885 3310 967; x_wconf 70' lang='grc' dir='ltr'>πρεσϐυτέρους,</span> <span class='ocrx_word' id='word_1_270' title='bbox 3360 887 3488 950; x_wconf 79' lang='grc' dir='ltr'>τοὺς</span> <span class='ocrx_word' id='word_1_271' title='bbox 3537 883 3860 942; x_wconf 85' lang='grc' dir='ltr'>πεπαλαιω-</span> 
     </span>
    </p>
   </div>
   <div class='ocr_carea' id='block_1_40' title="bbox 2212 971 3861 1058">
    <p class='ocr_par' dir='ltr' id='par_1_40' title="bbox 2212 971 3861 1058">
     <span class='ocr_line' id='line_1_40' title="bbox 2212 971 3861 1058; baseline -0.006 -21"><span class='ocrx_word' id='word_1_272' title='bbox 2212 981 2406 1056; x_wconf 62' lang='grc' dir='ltr'>μένους</span> <span class='ocrx_word' id='word_1_273' title='bbox 2480 985 2704 1058; x_wconf 79' lang='grc' dir='ltr'>ἡμερῶν</span> <span class='ocrx_word' id='word_1_274' title='bbox 2789 985 2990 1038; x_wconf 82' lang='grc' dir='ltr'>κακῶν.</span> <span class='ocrx_word' id='word_1_275' title='bbox 3054 981 3146 1035; x_wconf 87' lang='grc' dir='ltr'>Διὸ</span> <span class='ocrx_word' id='word_1_276' title='bbox 3228 978 3318 1034; x_wconf 87' lang='grc' dir='ltr'>καὶ</span> <span class='ocrx_word' id='word_1_277' title='bbox 3374 976 3463 1032; x_wconf 80' lang='grc' dir='ltr'>ἐπὶ</span> <span class='ocrx_word' id='word_1_278' title='bbox 3509 975 3602 1030; x_wconf 83' lang='grc' dir='ltr'>τὸν</span> <span class='ocrx_word' id='word_1_279' title='bbox 3651 971 3861 1044; x_wconf 75' lang='grc' dir='ltr'>Δανιὴλ</span> 
     </span>
    </p>
   </div>
   <div class='ocr_carea' id='block_1_41' title="bbox 2207 1062 3860 1149">
    <p class='ocr_par' dir='ltr' id='par_1_41' title="bbox 2207 1062 3860 1147">
     <span class='ocr_line' id='line_1_41' title="bbox 2207 1062 3860 1147; baseline -0.006 -21"><span class='ocrx_word' id='word_1_280' title='bbox 2207 1070 2494 1147; x_wconf 82' lang='grc' dir='ltr'>παιδάριον</span> <span class='ocrx_word' id='word_1_281' title='bbox 2555 1068 2704 1134; x_wconf 75' lang='grc' dir='ltr'>ὄντα.</span> <span class='ocrx_word' id='word_1_282' title='bbox 2763 1070 2852 1126; x_wconf 85' lang='grc' dir='ltr'>καὶ</span> <span class='ocrx_word' id='word_1_283' title='bbox 2903 1070 3164 1143; x_wconf 85' lang='grc' dir='ltr'>νεώτερον</span> <span class='ocrx_word' id='word_1_284' title='bbox 3233 1067 3372 1123; x_wconf 86' lang='grc' dir='ltr'>κατὰ</span> <span class='ocrx_word' id='word_1_285' title='bbox 3434 1067 3535 1136; x_wconf 78' lang='grc' dir='ltr'>τὴν</span> <span class='ocrx_word' id='word_1_286' title='bbox 3594 1062 3860 1134; x_wconf 77' lang='grc' dir='ltr'>αῗσθητὴν</span> 
     </span>
    </p>
   </div>
   <div class='ocr_carea' id='block_1_42' title="bbox 2207 1155 3865 1231">
    <p class='ocr_par' dir='ltr' id='par_1_42' title="bbox 2207 1155 3865 1231">
     <span class='ocr_line' id='line_1_42' title="bbox 2207 1155 3865 1231; baseline -0.006 -15"><span class='ocrx_word' id='word_1_287' title='bbox 2207 1160 2482 1230; x_wconf 76' lang='grc' dir='ltr'>ἠλοικίαν,</span> <span class='ocrx_word' id='word_1_288' title='bbox 2513 1162 2612 1230; x_wconf 78' lang='grc' dir='ltr'>τὴν</span> <span class='ocrx_word' id='word_1_289' title='bbox 2674 1158 2730 1216; x_wconf 68' lang='grc' dir='ltr'>δὲ</span> <span class='ocrx_word' id='word_1_290' title='bbox 2759 1161 2962 1231; x_wconf 77' lang='grc' dir='ltr'>νοητὴν</span> <span class='ocrx_word' id='word_1_291' title='bbox 3015 1157 3212 1213; x_wconf 78' lang='grc' dir='ltr'>πολιὰν</span> <span class='ocrx_word' id='word_1_292' title='bbox 3260 1155 3348 1211; x_wconf 77' lang='grc' dir='ltr'>ἐπὶ</span> <span class='ocrx_word' id='word_1_293' title='bbox 3395 1162 3498 1224; x_wconf 73' lang='grc' dir='ltr'>τῆς</span> <span class='ocrx_word' id='word_1_294' title='bbox 3541 1155 3865 1229; x_wconf 75' lang='grc' dir='ltr'>φρονήσεως</span> 
     </span>
    </p>
   </div>
   <div class='ocr_carea' id='block_1_43' title="bbox 2207 1241 3865 1325">
    <p class='ocr_par' dir='ltr' id='par_1_43' title="bbox 2207 1241 3865 1325">
     <span class='ocr_line' id='line_1_43' title="bbox 2207 1241 3865 1325; baseline -0.004 -22"><span class='ocrx_word' id='word_1_295' title='bbox 2207 1243 2428 1325; x_wconf 79' lang='grc' dir='ltr'>ἔχοντα,</span> <span class='ocrx_word' id='word_1_296' title='bbox 2487 1249 2724 1323; x_wconf 84' lang='grc' dir='ltr'>μετῆλθε</span> <span class='ocrx_word' id='word_1_297' title='bbox 2773 1253 2870 1303; x_wconf 75' lang='grc' dir='ltr'>τοῦ</span> <span class='ocrx_word' id='word_1_298' title='bbox 2926 1241 3316 1322; x_wconf 87' lang='grc' dir='ltr'>πρεσϐυτερίου</span> <span class='ocrx_word' id='word_1_299' title='bbox 3372 1245 3456 1300; x_wconf 60' lang='grc' dir='ltr'>τὸ</span> <span class='ocrx_word' id='word_1_300' title='bbox 3479 1243 3746 1319; x_wconf 84' lang='grc' dir='ltr'>χάρισμα.</span> <span class='ocrx_word' id='word_1_301' title='bbox 3782 1241 3865 1299; x_wconf 80' lang='grc' dir='ltr'>Οὖ</span> 
     </span>
    </p>
   </div>
   <div class='ocr_carea' id='block_1_44' title="bbox 2209 1329 3868 1414">
    <p class='ocr_par' dir='ltr' id='par_1_44' title="bbox 2209 1329 3868 1414">
     <span class='ocr_line' id='line_1_44' title="bbox 2209 1329 3868 1414; baseline -0.006 -20"><span class='ocrx_word' id='word_1_302' title='bbox 2209 1341 2313 1414; x_wconf 77' lang='grc' dir='ltr'>γὰρ</span> <span class='ocrx_word' id='word_1_303' title='bbox 2383 1336 2676 1413; x_wconf 73' lang='grc' dir='ltr'>ἐψεύδοντο</span> <span class='ocrx_word' id='word_1_304' title='bbox 2752 1337 3024 1413; x_wconf 71' lang='grc' dir='ltr'>λέγοντες·</span> <span class='ocrx_word' id='word_1_305' title='bbox 3100 1340 3290 1410; x_wconf 76' lang='grc' dir='ltr'>Δεῦρο,</span> <span class='ocrx_word' id='word_1_306' title='bbox 3366 1333 3457 1389; x_wconf 83' lang='grc' dir='ltr'>καὶ</span> <span class='ocrx_word' id='word_1_307' title='bbox 3531 1334 3748 1414; x_wconf 76' lang='grc' dir='ltr'>κάθισον</span> <span class='ocrx_word' id='word_1_308' title='bbox 3813 1329 3868 1384; x_wconf 65' lang='grc' dir='ltr'>ἂν</span> 
     </span>
    </p>
   </div>
   <div class='ocr_carea' id='block_1_45' title="bbox 2213 1412 3866 1501">
    <p class='ocr_par' dir='ltr' id='par_1_45' title="bbox 2213 1412 3866 1501">
     <span class='ocr_line' id='line_1_45' title="bbox 2213 1412 3866 1501; baseline -0.006 -18"><span class='ocrx_word' id='word_1_309' title='bbox 2213 1412 2361 1501; x_wconf 78' lang='grc' dir='ltr'>μέσῷ</span> <span class='ocrx_word' id='word_1_310' title='bbox 2419 1412 2580 1500; x_wconf 64' lang='grc' dir='ltr'>ἡμῶν</span> <span class='ocrx_word' id='word_1_311' title='bbox 2630 1429 2712 1483; x_wconf 80' lang='grc' dir='ltr'>ὅτι</span> <span class='ocrx_word' id='word_1_312' title='bbox 2771 1412 2856 1482; x_wconf 88' lang='grc' dir='ltr'>σοι</span> <span class='ocrx_word' id='word_1_313' title='bbox 2916 1421 3114 1481; x_wconf 77' lang='grc' dir='ltr'>ἔδωκεν</span> <span class='ocrx_word' id='word_1_314' title='bbox 3177 1425 3204 1478; x_wconf 89' lang='grc' dir='ltr'>ὁ</span> <span class='ocrx_word' id='word_1_315' title='bbox 3259 1424 3388 1487; x_wconf 85' lang='grc' dir='ltr'>Θεὸς</span> <span class='ocrx_word' id='word_1_316' title='bbox 3457 1421 3520 1477; x_wconf 80' lang='grc' dir='ltr'>τὸ</span> <span class='ocrx_word' id='word_1_317' title='bbox 3573 1412 3866 1496; x_wconf 79' lang='grc' dir='ltr'>πρεσϐυτὲ-</span> 
     </span>
    </p>
   </div>
   <div class='ocr_carea' id='block_1_46' title="bbox 2210 1507 3865 1593">
    <p class='ocr_par' dir='ltr' id='par_1_46' title="bbox 2210 1507 3865 1593">
     <span class='ocr_line' id='line_1_46' title="bbox 2210 1507 3865 1593; baseline -0.005 -21"><span class='ocrx_word' id='word_1_318' title='bbox 2210 1537 2348 1593; x_wconf 89' lang='grc' dir='ltr'>ριον,</span> <span class='ocrx_word' id='word_1_319' title='bbox 2404 1518 2596 1580; x_wconf 77' lang='grc' dir='ltr'>Οὕτως</span> <span class='ocrx_word' id='word_1_320' title='bbox 2647 1513 2925 1592; x_wconf 71' lang='grc' dir='ltr'>ἐνδέχεταί</span> <span class='ocrx_word' id='word_1_321' title='bbox 2983 1535 3136 1585; x_wconf 83' lang='grc' dir='ltr'>ποτε,</span> <span class='ocrx_word' id='word_1_322' title='bbox 3188 1507 3565 1589; x_wconf 65' lang='grc' dir='ltr'>πρεσϐυτέρων</span> <span class='ocrx_word' id='word_1_323' title='bbox 3603 1509 3865 1586; x_wconf 75' lang='grc' dir='ltr'>ῥᾳθύμως</span> 
     </span>
    </p>
   </div>
   <div class='ocr_carea' id='block_1_47' title="bbox 2208 1595 3866 1682">
    <p class='ocr_par' dir='ltr' id='par_1_47' title="bbox 2208 1595 3866 1682">
     <span class='ocr_line' id='line_1_47' title="bbox 2208 1595 3866 1682; baseline -0.006 -20"><span class='ocrx_word' id='word_1_324' title='bbox 2208 1607 2298 1662; x_wconf 86' lang='grc' dir='ltr'>καὶ</span> <span class='ocrx_word' id='word_1_325' title='bbox 2324 1595 2697 1679; x_wconf 67' lang='grc' dir='ltr'>ἠμελημένως</span> <span class='ocrx_word' id='word_1_326' title='bbox 2751 1605 3014 1682; x_wconf 76' lang='grc' dir='ltr'>βιούντων</span> <span class='ocrx_word' id='word_1_327' title='bbox 3047 1603 3480 1680; x_wconf 71' lang='grc' dir='ltr'>προτιμοτέρους</span> <span class='ocrx_word' id='word_1_328' title='bbox 3521 1599 3866 1674; x_wconf 83' lang='grc' dir='ltr'>εὑρίσκεσθαι</span> 
     </span>
    </p>
   </div>
   <div class='ocr_carea' id='block_1_48' title="bbox 2209 1682 3867 1768">
    <p class='ocr_par' dir='ltr' id='par_1_48' title="bbox 2209 1682 3867 1768">
     <span class='ocr_line' id='line_1_48' title="bbox 2209 1682 3867 1768; baseline -0.006 -17"><span class='ocrx_word' id='word_1_329' title='bbox 2209 1699 2382 1758; x_wconf 78' lang='grc' dir='ltr'>νέους.</span> <span class='ocrx_word' id='word_1_330' title='bbox 2414 1692 2776 1768; x_wconf 84' lang='grc' dir='ltr'>Φευδώνυμοι</span> <span class='ocrx_word' id='word_1_331' title='bbox 2805 1694 2980 1751; x_wconf 78' lang='grc' dir='ltr'>τοίνυν</span> <span class='ocrx_word' id='word_1_332' title='bbox 3028 1695 3081 1748; x_wconf 73' lang='grc' dir='ltr'>οἱ</span> <span class='ocrx_word' id='word_1_333' title='bbox 3129 1693 3278 1768; x_wconf 87' lang='grc' dir='ltr'>παρά</span> <span class='ocrx_word' id='word_1_334' title='bbox 3308 1687 3594 1751; x_wconf 83' lang='grc' dir='ltr'>Ἰουδαίοις</span> <span class='ocrx_word' id='word_1_335' title='bbox 3623 1682 3867 1765; x_wconf 83' lang='grc' dir='ltr'>πρεσϐύ-</span> 
     </span>
    </p>
   </div>
   <div class='ocr_carea' id='block_1_49' title="bbox 2208 1777 3865 1862">
    <p class='ocr_par' dir='ltr' id='par_1_49' title="bbox 2208 1777 3865 1862">
     <span class='ocr_line' id='line_1_49' title="bbox 2208 1777 3865 1862; baseline -0.007 -21"><span class='ocrx_word' id='word_1_336' title='bbox 2208 1807 2380 1861; x_wconf 86' lang='grc' dir='ltr'>τεροι.</span> <span class='ocrx_word' id='word_1_337' title='bbox 2415 1782 2638 1862; x_wconf 81' lang='grc' dir='ltr'>Ἀφεῖλε</span> <span class='ocrx_word' id='word_1_338' title='bbox 2673 1784 2776 1860; x_wconf 74' lang='grc' dir='ltr'>γὰρ</span> <span class='ocrx_word' id='word_1_339' title='bbox 2827 1785 2856 1838; x_wconf 82' lang='grc' dir='ltr'>ὁ</span> <span class='ocrx_word' id='word_1_340' title='bbox 2902 1784 3053 1852; x_wconf 84' lang='grc' dir='ltr'>Θεὸς,</span> <span class='ocrx_word' id='word_1_341' title='bbox 3105 1783 3180 1844; x_wconf 86' lang='grc' dir='ltr'>ὡς</span> <span class='ocrx_word' id='word_1_342' title='bbox 3225 1779 3568 1854; x_wconf 74' lang='grc' dir='ltr'>πολεμιστὴν</span> <span class='ocrx_word' id='word_1_343' title='bbox 3601 1777 3690 1833; x_wconf 80' lang='grc' dir='ltr'>καὶ</span> <span class='ocrx_word' id='word_1_344' title='bbox 3722 1796 3865 1851; x_wconf 84' lang='grc' dir='ltr'>προ-</span> 
     </span>
    </p>
   </div>
   <div class='ocr_carea' id='block_1_50' title="bbox 2213 1865 3870 1948">
    <p class='ocr_par' dir='ltr' id='par_1_50' title="bbox 2213 1865 3870 1948">
     <span class='ocr_line' id='line_1_50' title="bbox 2213 1865 3870 1948; baseline -0.005 -20"><span class='ocrx_word' id='word_1_345' title='bbox 2213 1875 2414 1948; x_wconf 82' lang='grc' dir='ltr'>φήτην,</span> <span class='ocrx_word' id='word_1_346' title='bbox 2475 1871 2616 1927; x_wconf 76' lang='grc' dir='ltr'>οὕτω</span> <span class='ocrx_word' id='word_1_347' title='bbox 2667 1872 2756 1927; x_wconf 83' lang='grc' dir='ltr'>καὶ</span> <span class='ocrx_word' id='word_1_348' title='bbox 2815 1866 3178 1946; x_wconf 83' lang='grc' dir='ltr'>πρεσϐύτερον</span> <span class='ocrx_word' id='word_1_349' title='bbox 3234 1869 3341 1924; x_wconf 76' lang='grc' dir='ltr'>ἀπὸ</span> <span class='ocrx_word' id='word_1_350' title='bbox 3409 1872 3510 1924; x_wconf 78' lang='grc' dir='ltr'>τοῦ</span> <span class='ocrx_word' id='word_1_351' title='bbox 3567 1865 3704 1922; x_wconf 80' lang='grc' dir='ltr'>λαοῦ</span> <span class='ocrx_word' id='word_1_352' title='bbox 3763 1865 3870 1920; x_wconf 79' lang='grc' dir='ltr'>αύ-</span> 
     </span>
    </p>
   </div>
   <div class='ocr_carea' id='block_1_51' title="bbox 2203 1956 3868 2035">
    <p class='ocr_par' dir='ltr' id='par_1_51' title="bbox 2203 1956 3868 2035">
     <span class='ocr_line' id='line_1_51' title="bbox 2203 1956 3868 2035; baseline -0.006 -17"><span class='ocrx_word' id='word_1_353' title='bbox 2203 1967 2312 2018; x_wconf 82' lang='grc' dir='ltr'>τῶν</span> <span class='ocrx_word' id='word_1_354' title='bbox 2346 1965 2480 2035; x_wconf 88' lang='lat'>(76).</span> <span class='ocrx_word' id='word_1_355' title='bbox 2516 1964 2584 2018; x_wconf 89' lang='lat' dir='ltr'>‘H</span> <span class='ocrx_word' id='word_1_356' title='bbox 2620 1959 2676 2016; x_wconf 74' lang='grc' dir='ltr'>δὶ</span> <span class='ocrx_word' id='word_1_357' title='bbox 2732 1958 3030 2030; x_wconf 79' lang='grc' dir='ltr'>Ἐκκλησία</span> <span class='ocrx_word' id='word_1_358' title='bbox 3077 1957 3340 2034; x_wconf 70' lang='grc' dir='ltr'>εύχίσθω,</span> <span class='ocrx_word' id='word_1_359' title='bbox 3378 1958 3453 2030; x_wconf 81' lang='grc' dir='ltr'>μή</span> <span class='ocrx_word' id='word_1_360' title='bbox 3505 1956 3868 2032; x_wconf 78' lang='grc' dir='ltr'>ἀφαιρεθῆναι</span> 
     </span>
    </p>
   </div>
   <div class='ocr_carea' id='block_1_52' title="bbox 2205 2042 3866 2127">
    <p class='ocr_par' dir='ltr' id='par_1_52' title="bbox 2205 2042 3866 2127">
     <span class='ocr_line' id='line_1_52' title="bbox 2205 2042 3866 2127; baseline -0.006 -20"><span class='ocrx_word' id='word_1_361' title='bbox 2205 2051 2371 2116; x_wconf 76' lang='grc' dir='ltr'>αὐτῆς</span> <span class='ocrx_word' id='word_1_362' title='bbox 2404 2046 2792 2127; x_wconf 87' lang='grc' dir='ltr'>πρεσϐύτερον,</span> <span class='ocrx_word' id='word_1_363' title='bbox 2818 2052 2908 2105; x_wconf 86' lang='grc' dir='ltr'>τὸν</span> <span class='ocrx_word' id='word_1_364' title='bbox 2964 2057 3064 2119; x_wconf 80' lang='grc' dir='ltr'>τῆς</span> <span class='ocrx_word' id='word_1_365' title='bbox 3113 2047 3484 2125; x_wconf 80' lang='grc' dir='ltr'>προσηγορίας</span> <span class='ocrx_word' id='word_1_366' title='bbox 3534 2046 3679 2116; x_wconf 78' lang='grc' dir='ltr'>ἄξιον</span> <span class='ocrx_word' id='word_1_367' title='bbox 3731 2042 3866 2098; x_wconf 77' lang='grc' dir='ltr'>ταύο</span> 
     </span>
    </p>
   </div>
   <div class='ocr_carea' id='block_1_53' title="bbox 2203 2131 3866 2211">
    <p class='ocr_par' dir='ltr' id='par_1_53' title="bbox 2203 2131 3866 2211">
     <span class='ocr_line' id='line_1_53' title="bbox 2203 2131 3866 2211; baseline -0.006 -16"><span class='ocrx_word' id='word_1_368' title='bbox 2203 2163 2326 2211; x_wconf 86' lang='grc' dir='ltr'>της.</span> <span class='ocrx_word' id='word_1_369' title='bbox 2357 2143 2532 2198; x_wconf 78' lang='grc' dir='ltr'>Τοῦτο</span> <span class='ocrx_word' id='word_1_370' title='bbox 2573 2137 2630 2195; x_wconf 76' lang='grc' dir='ltr'>δὲ</span> <span class='ocrx_word' id='word_1_371' title='bbox 2658 2139 2855 2209; x_wconf 79' lang='grc' dir='ltr'>ἡλίκον</span> <span class='ocrx_word' id='word_1_372' title='bbox 2888 2137 3052 2210; x_wconf 66' lang='grc' dir='ltr'>εστίν,</span> <span class='ocrx_word' id='word_1_373' title='bbox 3097 2138 3183 2192; x_wconf 73' lang='grc' dir='ltr'>ἐπὶ</span> <span class='ocrx_word' id='word_1_374' title='bbox 3236 2141 3334 2191; x_wconf 79' lang='grc' dir='ltr'>τοῦ</span> <span class='ocrx_word' id='word_1_375' title='bbox 3384 2131 3634 2209; x_wconf 82' lang='grc' dir='ltr'>Ἀϐραὰμ</span> <span class='ocrx_word' id='word_1_376' title='bbox 3689 2153 3866 2206; x_wconf 72' lang='grc' dir='ltr'>μεμαο</span> 
     </span>
    </p>
   </div>
   <div class='ocr_carea' id='block_1_54' title="bbox 2207 2221 3867 2304">
    <p class='ocr_par' dir='ltr' id='par_1_54' title="bbox 2207 2221 3867 2304">
     <span class='ocr_line' id='line_1_54' title="bbox 2207 2221 3867 2304; baseline -0.006 -19"><span class='ocrx_word' id='word_1_377' title='bbox 2207 2233 2470 2303; x_wconf 81' lang='grc' dir='ltr'>θήκαμεν·</span> <span class='ocrx_word' id='word_1_378' title='bbox 2500 2228 2583 2285; x_wconf 72' lang='grc' dir='ltr'>ὅτι</span> <span class='ocrx_word' id='word_1_379' title='bbox 2628 2227 3138 2304; x_wconf 83' lang='grc' dir='ltr'>πολυχρονιώτεροι</span> <span class='ocrx_word' id='word_1_380' title='bbox 3175 2227 3269 2300; x_wconf 79' lang='grc' dir='ltr'>μὶν</span> <span class='ocrx_word' id='word_1_381' title='bbox 3303 2224 3467 2280; x_wconf 77' lang='grc' dir='ltr'>αὐτοῦ</span> <span class='ocrx_word' id='word_1_382' title='bbox 3496 2221 3702 2278; x_wconf 88' lang='grc' dir='ltr'>πολλοὶ</span> <span class='ocrx_word' id='word_1_383' title='bbox 3732 2243 3867 2276; x_wconf 81' lang='grc' dir='ltr'>κατ-</span> 
     </span>
    </p>
   </div>
   <div class='ocr_carea' id='block_1_55' title="bbox 2204 2308 3864 2393">
    <p class='ocr_par' dir='ltr' id='par_1_55' title="bbox 2204 2308 3864 2393">
     <span class='ocr_line' id='line_1_55' title="bbox 2204 2308 3864 2393; baseline -0.005 -19"><span class='ocrx_word' id='word_1_384' title='bbox 2204 2318 2531 2393; x_wconf 86' lang='grc' dir='ltr'>ηρίθμηνται</span> <span class='ocrx_word' id='word_1_385' title='bbox 2587 2318 2640 2374; x_wconf 81' lang='grc' dir='ltr'>ἐν</span> <span class='ocrx_word' id='word_1_386' title='bbox 2699 2323 2818 2380; x_wconf 83' lang='grc' dir='ltr'>ταῖς</span> <span class='ocrx_word' id='word_1_387' title='bbox 2877 2314 2989 2373; x_wconf 76' lang='grc' dir='ltr'>ἅνω</span> <span class='ocrx_word' id='word_1_388' title='bbox 3043 2320 3271 2393; x_wconf 79' lang='grc' dir='ltr'>γενεαῖς·</span> <span class='ocrx_word' id='word_1_389' title='bbox 3342 2311 3498 2385; x_wconf 70' lang='grc' dir='ltr'>ἔζησε</span> <span class='ocrx_word' id='word_1_390' title='bbox 3573 2310 3632 2366; x_wconf 66' lang='grc' dir='ltr'>δὲ</span> <span class='ocrx_word' id='word_1_391' title='bbox 3679 2308 3864 2383; x_wconf 77' lang='grc' dir='ltr'>’Δδὰμ</span> 
     </span>
    </p>
   </div>
   <div class='ocr_carea' id='block_1_56' title="bbox 2206 2398 3860 2476">
    <p class='ocr_par' dir='ltr' id='par_1_56' title="bbox 2206 2398 3860 2476">
     <span class='ocr_line' id='line_1_56' title="bbox 2206 2398 3860 2476; baseline -0.004 -14"><span class='ocrx_word' id='word_1_392' title='bbox 2206 2407 2514 2463; x_wconf 82' lang='grc' dir='ltr'>ἐννεακόσια</span> <span class='ocrx_word' id='word_1_393' title='bbox 2541 2408 2630 2462; x_wconf 81' lang='grc' dir='ltr'>καὶ</span> <span class='ocrx_word' id='word_1_394' title='bbox 2659 2407 2954 2463; x_wconf 77' lang='grc' dir='ltr'>τπιάκοντα</span> <span class='ocrx_word' id='word_1_395' title='bbox 3004 2403 3120 2476; x_wconf 70' lang='grc' dir='ltr'>ἔτη,</span> <span class='ocrx_word' id='word_1_396' title='bbox 3171 2405 3261 2460; x_wconf 81' lang='grc' dir='ltr'>καὶ</span> <span class='ocrx_word' id='word_1_397' title='bbox 3318 2402 3476 2474; x_wconf 82' lang='grc' dir='ltr'>ἔζησε</span> <span class='ocrx_word' id='word_1_398' title='bbox 3519 2398 3860 2460; x_wconf 80' lang='grc' dir='ltr'>Μαθουσάλα</span> 
     </span>
    </p>
   </div>
   <div class='ocr_carea' id='block_1_57' title="bbox 2205 2489 3856 2570">
    <p class='ocr_par' dir='ltr' id='par_1_57' title="bbox 2205 2489 3856 2570">
     <span class='ocr_line' id='line_1_57' title="bbox 2205 2489 3856 2570; baseline -0.005 -18"><span class='ocrx_word' id='word_1_399' title='bbox 2205 2496 2511 2552; x_wconf 77' lang='grc' dir='ltr'>ὶννεακόσια</span> <span class='ocrx_word' id='word_1_400' title='bbox 2570 2497 2660 2553; x_wconf 78' lang='grc' dir='ltr'>καὶ</span> <span class='ocrx_word' id='word_1_401' title='bbox 2713 2492 3095 2570; x_wconf 73' lang='grc' dir='ltr'>ἑϐδομήκοντα</span> <span class='ocrx_word' id='word_1_402' title='bbox 3145 2489 3262 2566; x_wconf 76' lang='grc' dir='ltr'>ἔτη,</span> <span class='ocrx_word' id='word_1_403' title='bbox 3307 2494 3398 2548; x_wconf 79' lang='grc' dir='ltr'>καὶ</span> <span class='ocrx_word' id='word_1_404' title='bbox 3455 2491 3699 2563; x_wconf 71' lang='grc' dir='ltr'>ἀηίθανε·</span> <span class='ocrx_word' id='word_1_405' title='bbox 3760 2489 3856 2545; x_wconf 80' lang='grc' dir='ltr'>καὶ</span> 
     </span>
    </p>
   </div>
   <div class='ocr_carea' id='block_1_58' title="bbox 2205 2577 3853 2660">
    <p class='ocr_par' dir='ltr' id='par_1_58' title="bbox 2205 2577 3853 2660">
     <span class='ocr_line' id='line_1_58' title="bbox 2205 2577 3853 2660; baseline -0.005 -18"><span class='ocrx_word' id='word_1_406' title='bbox 2205 2585 2365 2657; x_wconf 75' lang='grc' dir='ltr'>ἔζησε</span> <span class='ocrx_word' id='word_1_407' title='bbox 2395 2591 2514 2643; x_wconf 82' lang='grc' dir='ltr'>Νῶε</span> <span class='ocrx_word' id='word_1_408' title='bbox 2564 2586 2874 2642; x_wconf 78' lang='grc' dir='ltr'>ἐννεακόσια</span> <span class='ocrx_word' id='word_1_409' title='bbox 2920 2585 3036 2658; x_wconf 75' lang='grc' dir='ltr'>ἔτη·</span> <span class='ocrx_word' id='word_1_410' title='bbox 3094 2585 3185 2641; x_wconf 86' lang='grc' dir='ltr'>καὶ</span> <span class='ocrx_word' id='word_1_411' title='bbox 3231 2577 3593 2660; x_wconf 81' lang='grc' dir='ltr'>πρεσϐύτερος</span> <span class='ocrx_word' id='word_1_412' title='bbox 3632 2578 3853 2635; x_wconf 80' lang='grc' dir='ltr'>ἐκείνων</span> 
     </span>
    </p>
   </div>
   <div class='ocr_carea' id='block_1_59' title="bbox 2207 2669 3860 2751">
    <p class='ocr_par' dir='ltr' id='par_1_59' title="bbox 2207 2669 3860 2751">
     <span class='ocr_line' id='line_1_59' title="bbox 2207 2669 3860 2751; baseline -0.006 -20"><span class='ocrx_word' id='word_1_413' title='bbox 2207 2674 2406 2739; x_wconf 79' lang='grc' dir='ltr'>οὐδείς.</span> <span class='ocrx_word' id='word_1_414' title='bbox 2451 2675 2608 2733; x_wconf 82' lang='grc' dir='ltr'>Ἀλλ’</span> <span class='ocrx_word' id='word_1_415' title='bbox 2666 2671 2920 2751; x_wconf 83' lang='grc' dir='ltr'>’Δϐραὰμ</span> <span class='ocrx_word' id='word_1_416' title='bbox 2955 2669 3329 2751; x_wconf 68' lang='grc' dir='ltr'>’πρεσϐύτερος</span> <span class='ocrx_word' id='word_1_417' title='bbox 3378 2671 3513 2726; x_wconf 81' lang='grc' dir='ltr'>κατᾶ</span> <span class='ocrx_word' id='word_1_418' title='bbox 3559 2671 3660 2739; x_wconf 77' lang='grc' dir='ltr'>τὴν</span> <span class='ocrx_word' id='word_1_419' title='bbox 3711 2687 3860 2741; x_wconf 88' lang='grc' dir='ltr'>μαρ-</span> 
     </span>
    </p>
   </div>
   <div class='ocr_carea' id='block_1_60' title="bbox 2203 2756 3859 2843">
    <p class='ocr_par' dir='ltr' id='par_1_60' title="bbox 2203 2756 3859 2843">
     <span class='ocr_line' id='line_1_60' title="bbox 2203 2756 3859 2843; baseline -0.007 -22"><span class='ocrx_word' id='word_1_420' title='bbox 2203 2767 2393 2842; x_wconf 86' lang='grc' dir='ltr'>τυρίαν</span> <span class='ocrx_word' id='word_1_421' title='bbox 2451 2764 2681 2843; x_wconf 74' lang='grc' dir='ltr'>Σάρρας,</span> <span class='ocrx_word' id='word_1_422' title='bbox 2741 2763 3028 2842; x_wconf 60' lang='grc' dir='ltr'>λεγούσης</span> <span class='ocrx_word' id='word_1_423' title='bbox 3087 2759 3256 2821; x_wconf 68' lang='grc' dir='ltr'>Οὔπω</span> <span class='ocrx_word' id='word_1_424' title='bbox 3318 2760 3410 2834; x_wconf 72' lang='grc' dir='ltr'>μιν</span> <span class='ocrx_word' id='word_1_425' title='bbox 3488 2779 3582 2833; x_wconf 89' lang='grc' dir='ltr'>μοι</span> <span class='ocrx_word' id='word_1_426' title='bbox 3631 2756 3859 2835; x_wconf 70' lang='grc' dir='ltr'>γὲγονεν</span> 
     </span>
    </p>
   </div>
   <div class='ocr_carea' id='block_1_61' title="bbox 2204 2844 3862 2930">
    <p class='ocr_par' dir='ltr' id='par_1_61' title="bbox 2204 2844 3862 2930">
     <span class='ocr_line' id='line_1_61' title="bbox 2204 2844 3862 2930; baseline -0.006 -20"><span class='ocrx_word' id='word_1_427' title='bbox 2204 2852 2310 2918; x_wconf 68' lang='grc' dir='ltr'>ἕως</span> <span class='ocrx_word' id='word_1_428' title='bbox 2349 2859 2445 2910; x_wconf 77' lang='grc' dir='ltr'>τοῦ</span> <span class='ocrx_word' id='word_1_429' title='bbox 2501 2860 2612 2910; x_wconf 77' lang='grc' dir='ltr'>νῦνο</span> <span class='ocrx_word' id='word_1_430' title='bbox 2669 2875 2696 2909; x_wconf 94' lang='grc' dir='ltr'>ο</span> <span class='ocrx_word' id='word_1_431' title='bbox 2755 2851 2814 2908; x_wconf 74' lang='grc' dir='ltr'>δὲ</span> <span class='ocrx_word' id='word_1_432' title='bbox 2868 2851 3054 2930; x_wconf 90' lang='grc' dir='ltr'>κύριός</span> <span class='ocrx_word' id='word_1_433' title='bbox 3111 2873 3214 2926; x_wconf 87' lang='grc' dir='ltr'>μου</span> <span class='ocrx_word' id='word_1_434' title='bbox 3273 2844 3658 2927; x_wconf 84' lang='grc' dir='ltr'>πρεσϐύτερος.</span> <span class='ocrx_word' id='word_1_435' title='bbox 3718 2852 3862 2920; x_wconf 84' lang='grc' dir='ltr'>Πρε-</span> 
     </span>
    </p>
   </div>
   <div class='ocr_carea' id='block_1_62' title="bbox 2207 2937 3860 3020">
    <p class='ocr_par' dir='ltr' id='par_1_62' title="bbox 2207 2937 3860 3020">
     <span class='ocr_line' id='line_1_62' title="bbox 2207 2937 3860 3020; baseline -0.005 -22"><span class='ocrx_word' id='word_1_436' title='bbox 2207 2939 2469 3020; x_wconf 79' lang='grc' dir='ltr'>σϐύτερος</span> <span class='ocrx_word' id='word_1_437' title='bbox 2494 2941 2552 2999; x_wconf 78' lang='grc' dir='ltr'>δὶ</span> <span class='ocrx_word' id='word_1_438' title='bbox 2579 2945 2644 3012; x_wconf 76' lang='grc' dir='ltr'>ἦν</span> <span class='ocrx_word' id='word_1_439' title='bbox 2680 2940 2770 2998; x_wconf 75' lang='grc' dir='ltr'>διὰ</span> <span class='ocrx_word' id='word_1_440' title='bbox 2825 2943 2922 3013; x_wconf 80' lang='grc' dir='ltr'>τὴν</span> <span class='ocrx_word' id='word_1_441' title='bbox 2977 2939 3330 2997; x_wconf 86' lang='grc' dir='ltr'>πολιώσασαν</span> <span class='ocrx_word' id='word_1_442' title='bbox 3391 2939 3556 2994; x_wconf 80' lang='grc' dir='ltr'>αὐτοῦ</span> <span class='ocrx_word' id='word_1_443' title='bbox 3599 2937 3697 3005; x_wconf 74' lang='grc' dir='ltr'>τὴν</span> <span class='ocrx_word' id='word_1_444' title='bbox 3747 2939 3860 3008; x_wconf 73' lang='grc' dir='ltr'>ψυ-</span> 
     </span>
    </p>
   </div>
   <div class='ocr_carea' id='block_1_63' title="bbox 2208 3034 2706 3109">
    <p class='ocr_par' dir='ltr' id='par_1_63' title="bbox 2208 3034 2706 3109">
     <span class='ocr_line' id='line_1_63' title="bbox 2208 3034 2706 3109; baseline -0.008 -1"><span class='ocrx_word' id='word_1_445' title='bbox 2208 3034 2317 3108; x_wconf 79' lang='grc' dir='ltr'>χὴν</span> <span class='ocrx_word' id='word_1_446' title='bbox 2348 3036 2460 3108; x_wconf 81' lang='grc'>(⁷7)</span> <span class='ocrx_word' id='word_1_447' title='bbox 2489 3034 2706 3109; x_wconf 73' lang='grc' dir='ltr'>ἀρετήν·</span> 
     </span>
    </p>
   </div>
   <div class='ocr_carea' id='block_1_64' title="bbox 2281 3204 3869 3285">
    <p class='ocr_par' dir='ltr' id='par_1_64' title="bbox 2281 3204 3869 3285">
     <span class='ocr_line' id='line_1_64' title="bbox 2281 3204 3869 3285; baseline -0.006 -16"><span class='ocrx_word' id='word_1_448' title='bbox 2281 3214 2403 3269; x_wconf 88' lang='grc'>105.</span> <span class='ocrx_word' id='word_1_449' title='bbox 2507 3210 2608 3266; x_wconf 76' lang='grc' dir='ltr'>Καὶ</span> <span class='ocrx_word' id='word_1_450' title='bbox 2698 3209 3194 3285; x_wconf 86' lang='grc' dir='ltr'>πεντηκόνταρχον.</span> <span class='ocrx_word' id='word_1_451' title='bbox 3287 3207 3636 3285; x_wconf 77' lang='grc' dir='ltr'>Ἀφαιρήσειν</span> <span class='ocrx_word' id='word_1_452' title='bbox 3725 3204 3869 3278; x_wconf 76' lang='grc' dir='ltr'>μετὰ</span> 
     </span>
    </p>
   </div>
   <div class='ocr_carea' id='block_1_65' title="bbox 459 3288 2100 3374">
    <p class='ocr_par' dir='ltr' id='par_1_65' title="bbox 459 3293 2100 3358">
     <span class='ocr_line' id='line_1_65' title="bbox 459 3293 2100 3358; baseline 0.007 -14"><span class='ocrx_word' id='word_1_453' title='bbox 459 3293 882 3351; x_wconf 87' lang='lat' dir='ltr'>Interminatur</span> <span class='ocrx_word' id='word_1_454' title='bbox 919 3298 1202 3355; x_wconf 89' lang='lat' dir='ltr'>Dominus</span> <span class='ocrx_word' id='word_1_455' title='bbox 1231 3302 1547 3358; x_wconf 81' lang='lat' dir='ltr'>exercitum</span> <span class='ocrx_word' id='word_1_456' title='bbox 1597 3303 1934 3358; x_wconf 88' lang='lat' dir='ltr'>ablaturum</span> <span class='ocrx_word' id='word_1_457' title='bbox 1967 3318 2030 3358; x_wconf 92' lang='lat' dir='ltr'>se</span> <span class='ocrx_word' id='word_1_458' title='bbox 2067 3317 2100 3356; x_wconf 86' lang='lat' dir='ltr'>a</span> 
     </span>
    </p>
   </div>
   <div class='ocr_carea' id='block_1_66' title="bbox 2215 3288 3869 3374">
    <p class='ocr_par' dir='ltr' id='par_1_66' title="bbox 2215 3292 3869 3374">
     <span class='ocr_line' id='line_1_66' title="bbox 2215 3292 3869 3374; baseline -0.004 -18"><span class='ocrx_word' id='word_1_459' title='bbox 2215 3306 2319 3357; x_wconf 82' lang='grc' dir='ltr'>τῶν</span> <span class='ocrx_word' id='word_1_460' title='bbox 2353 3299 2563 3355; x_wconf 79' lang='grc' dir='ltr'>λοιπῶν</span> <span class='ocrx_word' id='word_1_461' title='bbox 2605 3300 2822 3355; x_wconf 83' lang='grc' dir='ltr'>ἀπειλεῖ</span> <span class='ocrx_word' id='word_1_462' title='bbox 2877 3299 3070 3374; x_wconf 84' lang='grc' dir='ltr'>Κύριος</span> <span class='ocrx_word' id='word_1_463' title='bbox 3124 3292 3354 3354; x_wconf 87' lang='grc' dir='ltr'>Σαϐαὼθ</span> <span class='ocrx_word' id='word_1_464' title='bbox 3410 3297 3500 3352; x_wconf 84' lang='grc' dir='ltr'>καὶ</span> <span class='ocrx_word' id='word_1_465' title='bbox 3556 3294 3869 3365; x_wconf 80' lang='grc' dir='ltr'>πεντηκόν-</span> 
     </span>
    </p>
   </div>
   <div class='ocr_carea' id='block_1_67' title="bbox 459 3381 2102 3463">
    <p class='ocr_par' dir='ltr' id='par_1_67' title="bbox 459 3381 2102 3463">
     <span class='ocr_line' id='line_1_67' title="bbox 459 3381 2102 3463; baseline 0.006 -27"><span class='ocrx_word' id='word_1_466' title='bbox 459 3381 615 3437; x_wconf 70' lang='lat'>452</span> <span class='ocrx_word' id='word_1_467' title='bbox 643 3384 864 3441; x_wconf 78' lang='lat' dir='ltr'>Judaeis</span> <span class='ocrx_word' id='word_1_468' title='bbox 889 3403 1024 3442; x_wconf 89' lang='lat' dir='ltr'>cum</span> <span class='ocrx_word' id='word_1_469' title='bbox 1055 3389 1296 3461; x_wconf 88' lang='lat' dir='ltr'>reliquis</span> <span class='ocrx_word' id='word_1_470' title='bbox 1335 3390 1506 3446; x_wconf 85' lang='lat' dir='ltr'>etiam</span> <span class='ocrx_word' id='word_1_471' title='bbox 1551 3391 1875 3463; x_wconf 87' lang='lat' dir='ltr'>principem</span> <span class='ocrx_word' id='word_1_472' title='bbox 1924 3407 2102 3463; x_wconf 74' lang='lat' dir='ltr'>super</span> 
     </span>
    </p>
   </div>
   <div class='ocr_carea' id='block_1_68' title="bbox 461 3470 2098 3545">
    <p class='ocr_par' dir='ltr' id='par_1_68' title="bbox 461 3470 2098 3545">
     <span class='ocr_line' id='line_1_68' title="bbox 461 3470 2098 3545; baseline 0.004 -19"><span class='ocrx_word' id='word_1_473' title='bbox 461 3470 912 3545; x_wconf 88' lang='lat' dir='ltr'>quinquaginta.</span> <span class='ocrx_word' id='word_1_474' title='bbox 947 3478 1071 3542; x_wconf 87' lang='lat' dir='ltr'>Qua</span> <span class='ocrx_word' id='word_1_475' title='bbox 1091 3479 1162 3533; x_wconf 93' lang='lat' dir='ltr'>de</span> <span class='ocrx_word' id='word_1_476' title='bbox 1183 3495 1362 3534; x_wconf 87' lang='lat' dir='ltr'>causa</span> <span class='ocrx_word' id='word_1_477' title='bbox 1393 3480 1500 3535; x_wconf 91' lang='lat' dir='ltr'>hoc</span> <span class='ocrx_word' id='word_1_478' title='bbox 1534 3481 1676 3535; x_wconf 91' lang='lat' dir='ltr'>dicit</span> <span class='ocrx_word' id='word_1_479' title='bbox 1695 3481 1722 3535; x_wconf 87' lang='lat'><strong>?</strong></span> <span class='ocrx_word' id='word_1_480' title='bbox 1745 3480 1906 3544; x_wconf 87' lang='lat' dir='ltr'>Quod</span> <span class='ocrx_word' id='word_1_481' title='bbox 1941 3481 2098 3536; x_wconf 89' lang='lat' dir='ltr'>ordi-</span> 
     </span>
    </p>
   </div>
   <div class='ocr_carea' id='block_1_69' title="bbox 459 3564 2101 3640">
    <p class='ocr_par' dir='ltr' id='par_1_69' title="bbox 459 3564 2101 3640">
     <span class='ocr_line' id='line_1_69' title="bbox 459 3564 2101 3640; baseline 0.006 -26"><span class='ocrx_word' id='word_1_482' title='bbox 459 3564 657 3616; x_wconf 89' lang='lat' dir='ltr'>natam</span> <span class='ocrx_word' id='word_1_483' title='bbox 677 3579 910 3620; x_wconf 91' lang='lat' dir='ltr'>omnem</span> <span class='ocrx_word' id='word_1_484' title='bbox 925 3581 1126 3622; x_wconf 90' lang='lat' dir='ltr'>eorum</span> <span class='ocrx_word' id='word_1_485' title='bbox 1144 3568 1626 3640; x_wconf 90' lang='lat' dir='ltr'>gubernationem</span> <span class='ocrx_word' id='word_1_486' title='bbox 1644 3569 2101 3624; x_wconf 86' lang='lat' dir='ltr'>administratio-</span> 
     </span>
    </p>
   </div>
   <div class='ocr_carea' id='block_1_70' title="bbox 459 3656 2100 3730">
    <p class='ocr_par' dir='ltr' id='par_1_70' title="bbox 459 3656 2100 3730">
     <span class='ocr_line' id='line_1_70' title="bbox 459 3656 2100 3730; baseline 0.007 -28"><span class='ocrx_word' id='word_1_487' title='bbox 459 3665 730 3721; x_wconf 88' lang='lat' dir='ltr'>nemque,</span> <span class='ocrx_word' id='word_1_488' title='bbox 764 3656 884 3708; x_wconf 88' lang='lat' dir='ltr'>toto</span> <span class='ocrx_word' id='word_1_489' title='bbox 916 3671 1020 3725; x_wconf 90' lang='lat' dir='ltr'>per</span> <span class='ocrx_word' id='word_1_490' title='bbox 1069 3661 1292 3727; x_wconf 86' lang='lat' dir='ltr'>partem</span> <span class='ocrx_word' id='word_1_491' title='bbox 1326 3658 1653 3730; x_wconf 88' lang='lat' dir='ltr'>designato,</span> <span class='ocrx_word' id='word_1_492' title='bbox 1705 3659 1981 3714; x_wconf 84' lang='lat' dir='ltr'>confundi</span> <span class='ocrx_word' id='word_1_493' title='bbox 2032 3674 2100 3714; x_wconf 87' lang='lat' dir='ltr'>ac</span> 
     </span>
    </p>
   </div>
   <div class='ocr_carea' id='block_1_71' title="bbox 457 3741 2102 3820">
    <p class='ocr_par' dir='ltr' id='par_1_71' title="bbox 457 3741 2102 3820">
     <span class='ocr_line' id='line_1_71' title="bbox 457 3741 2102 3820; baseline 0.007 -26"><span class='ocrx_word' id='word_1_494' title='bbox 457 3741 797 3810; x_wconf 90' lang='lat' dir='ltr'>permisceri</span> <span class='ocrx_word' id='word_1_495' title='bbox 820 3746 995 3800; x_wconf 87' lang='lat' dir='ltr'>sinat.</span> <span class='ocrx_word' id='word_1_496' title='bbox 1019 3745 1246 3801; x_wconf 90' lang='lat' dir='ltr'>Etenim</span> <span class='ocrx_word' id='word_1_497' title='bbox 1271 3747 1342 3802; x_wconf 92' lang='lat' dir='ltr'>de</span> <span class='ocrx_word' id='word_1_498' title='bbox 1363 3748 1609 3804; x_wconf 90' lang='lat' dir='ltr'>consilio</span> <span class='ocrx_word' id='word_1_499' title='bbox 1637 3748 1846 3804; x_wconf 87' lang='lat' dir='ltr'>Jotbor</span> <span class='ocrx_word' id='word_1_500' title='bbox 1863 3750 1928 3819; x_wconf 80' lang='lat'>9°,</span> <span class='ocrx_word' id='word_1_501' title='bbox 1950 3753 2102 3820; x_wconf 77' lang='lat' dir='ltr'>Moy-</span> 
     </span>
    </p>
   </div>
   <div class='ocr_carea' id='block_1_72' title="bbox 459 3829 2100 3910">
    <p class='ocr_par' dir='ltr' id='par_1_72' title="bbox 459 3829 2100 3910">
     <span class='ocr_line' id='line_1_72' title="bbox 459 3829 2100 3910; baseline 0.008 -27"><span class='ocrx_word' id='word_1_502' title='bbox 459 3843 553 3884; x_wconf 87' lang='lat' dir='ltr'>ses</span> <span class='ocrx_word' id='word_1_503' title='bbox 571 3829 860 3904; x_wconf 83' lang='lat' dir='ltr'>tribunoe,</span> <span class='ocrx_word' id='word_1_504' title='bbox 883 3834 1580 3910; x_wconf 88' lang='lat' dir='ltr'>centuriones,principes</span> <span class='ocrx_word' id='word_1_505' title='bbox 1603 3855 1780 3910; x_wconf 89' lang='lat' dir='ltr'>super</span> <span class='ocrx_word' id='word_1_506' title='bbox 1801 3838 2100 3910; x_wconf 86' lang='lat' dir='ltr'>quinqua-</span> 
     </span>
    </p>
   </div>
   <div class='ocr_carea' id='block_1_73' title="bbox 459 3916 2102 4001">
    <p class='ocr_par' dir='ltr' id='par_1_73' title="bbox 459 3916 2102 4001">
     <span class='ocr_line' id='line_1_73' title="bbox 459 3916 2102 4001; baseline 0.008 -30"><span class='ocrx_word' id='word_1_507' title='bbox 459 3916 622 3989; x_wconf 90' lang='lat' dir='ltr'>ginta</span> <span class='ocrx_word' id='word_1_508' title='bbox 641 3925 698 3975; x_wconf 91' lang='lat' dir='ltr'>et</span> <span class='ocrx_word' id='word_1_509' title='bbox 719 3921 1063 3980; x_wconf 87' lang='lat' dir='ltr'>decuriones</span> <span class='ocrx_word' id='word_1_510' title='bbox 1093 3926 1492 3996; x_wconf 89' lang='lat' dir='ltr'>constituit,ut</span> <span class='ocrx_word' id='word_1_511' title='bbox 1515 3927 1625 3999; x_wconf 91' lang='lat' dir='ltr'>ipsi</span> <span class='ocrx_word' id='word_1_512' title='bbox 1650 3929 1878 4000; x_wconf 87' lang='lat' dir='ltr'>pondus</span> <span class='ocrx_word' id='word_1_513' title='bbox 1900 3928 2102 4001; x_wconf 85' lang='lat' dir='ltr'>pepuli</span> 
     </span>
    </p>
   </div>
   <div class='ocr_carea' id='block_1_74' title="bbox 458 4008 2100 4088">
    <p class='ocr_par' dir='ltr' id='par_1_74' title="bbox 458 4008 2100 4088">
     <span class='ocr_line' id='line_1_74' title="bbox 458 4008 2100 4088; baseline 0.007 -26"><span class='ocrx_word' id='word_1_514' title='bbox 458 4008 840 4082; x_wconf 85' lang='lat' dir='ltr'>sustinerent,</span> <span class='ocrx_word' id='word_1_515' title='bbox 866 4013 1212 4086; x_wconf 91' lang='lat' dir='ltr'>minoraque</span> <span class='ocrx_word' id='word_1_516' title='bbox 1233 4015 1536 4086; x_wconf 88' lang='lat' dir='ltr'>judiciain</span> <span class='ocrx_word' id='word_1_517' title='bbox 1569 4033 1630 4071; x_wconf 89' lang='lat' dir='ltr'>se</span> <span class='ocrx_word' id='word_1_518' title='bbox 1659 4017 1982 4088; x_wconf 91' lang='lat' dir='ltr'>reciperent</span> <span class='ocrx_word' id='word_1_519' title='bbox 2005 4033 2100 4073; x_wconf 90' lang='lat' dir='ltr'>eo-</span> 
     </span>
    </p>
   </div>
   <div class='ocr_carea' id='block_1_75' title="bbox 459 4100 2103 4176">
    <p class='ocr_par' dir='ltr' id='par_1_75' title="bbox 459 4100 2103 4176">
     <span class='ocr_line' id='line_1_75' title="bbox 459 4100 2103 4176; baseline 0.006 -25"><span class='ocrx_word' id='word_1_520' title='bbox 459 4112 613 4168; x_wconf 88' lang='lat' dir='ltr'>rum,</span> <span class='ocrx_word' id='word_1_521' title='bbox 638 4100 852 4170; x_wconf 87' lang='lat' dir='ltr'>quibus</span> <span class='ocrx_word' id='word_1_522' title='bbox 874 4119 1020 4175; x_wconf 91' lang='lat' dir='ltr'>opus</span> <span class='ocrx_word' id='word_1_523' title='bbox 1043 4105 1457 4176; x_wconf 87' lang='lat' dir='ltr'>essetjudicio.</span> <span class='ocrx_word' id='word_1_524' title='bbox 1482 4106 1740 4162; x_wconf 88' lang='lat' dir='ltr'>Minatur</span> <span class='ocrx_word' id='word_1_525' title='bbox 1759 4107 1901 4175; x_wconf 83' lang='lat' dir='ltr'>fore,</span> <span class='ocrx_word' id='word_1_526' title='bbox 1921 4111 1985 4162; x_wconf 89' lang='lat' dir='ltr'>ut</span> <span class='ocrx_word' id='word_1_527' title='bbox 2013 4123 2103 4161; x_wconf 91' lang='lat' dir='ltr'>or-</span> 
     </span>
    </p>
   </div>
   <div class='ocr_carea' id='block_1_76' title="bbox 457 4185 2101 4266">
    <p class='ocr_par' dir='ltr' id='par_1_76' title="bbox 457 4185 2101 4266">
     <span class='ocr_line' id='line_1_76' title="bbox 457 4185 2101 4266; baseline 0.005 -25"><span class='ocrx_word' id='word_1_528' title='bbox 457 4185 531 4243; x_wconf 92' lang='lat' dir='ltr'>do</span> <span class='ocrx_word' id='word_1_529' title='bbox 555 4185 656 4244; x_wconf 92' lang='lat' dir='ltr'>ille</span> <span class='ocrx_word' id='word_1_530' title='bbox 677 4206 742 4245; x_wconf 87' lang='lat' dir='ltr'>ao</span> <span class='ocrx_word' id='word_1_531' title='bbox 771 4195 961 4247; x_wconf 89' lang='lat' dir='ltr'>status</span> <span class='ocrx_word' id='word_1_532' title='bbox 990 4193 1074 4249; x_wconf 85' lang='lat' dir='ltr'>eis</span> <span class='ocrx_word' id='word_1_533' title='bbox 1105 4194 1800 4266; x_wconf 83' lang='lat' dir='ltr'>auferatur.0uapr0pter</span> <span class='ocrx_word' id='word_1_534' title='bbox 1828 4195 2101 4250; x_wconf 88' lang='lat' dir='ltr'>intermi-</span> 
     </span>
    </p>
   </div>
   <div class='ocr_carea' id='block_1_77' title="bbox 458 4278 2097 4356">
    <p class='ocr_par' dir='ltr' id='par_1_77' title="bbox 458 4278 2097 4356">
     <span class='ocr_line' id='line_1_77' title="bbox 458 4278 2097 4356; baseline 0.006 -27"><span class='ocrx_word' id='word_1_535' title='bbox 458 4279 634 4331; x_wconf 88' lang='lat' dir='ltr'>natur</span> <span class='ocrx_word' id='word_1_536' title='bbox 669 4278 991 4352; x_wconf 90' lang='lat' dir='ltr'>principem</span> <span class='ocrx_word' id='word_1_537' title='bbox 1037 4298 1214 4352; x_wconf 89' lang='lat' dir='ltr'>super</span> <span class='ocrx_word' id='word_1_538' title='bbox 1243 4283 1689 4354; x_wconf 82' lang='lat' dir='ltr'>quinquaginta,</span> <span class='ocrx_word' id='word_1_539' title='bbox 1737 4282 2097 4356; x_wconf 87' lang='lat' dir='ltr'>bellatorem,</span> 
     </span>
    </p>
   </div>
   <div class='ocr_carea' id='block_1_78' title="bbox 449 4363 2098 4442">
    <p class='ocr_par' dir='ltr' id='par_1_78' title="bbox 449 4363 2098 4442">
     <span class='ocr_line' id='line_1_78' title="bbox 449 4363 2098 4442; baseline 0.007 -24"><span class='ocrx_word' id='word_1_540' title='bbox 449 4363 734 4436; x_wconf 85' lang='lat' dir='ltr'>judicem,</span> <span class='ocrx_word' id='word_1_541' title='bbox 767 4369 1178 4440; x_wconf 83' lang='lat' dir='ltr'>oonjectorem,</span> <span class='ocrx_word' id='word_1_542' title='bbox 1222 4371 1568 4442; x_wconf 87' lang='lat' dir='ltr'>prophetam</span> <span class='ocrx_word' id='word_1_543' title='bbox 1599 4388 1665 4427; x_wconf 90' lang='lat' dir='ltr'>ac</span> <span class='ocrx_word' id='word_1_544' title='bbox 1705 4374 1994 4429; x_wconf 89' lang='lat' dir='ltr'>seniorem</span> <span class='ocrx_word' id='word_1_545' title='bbox 2027 4374 2098 4430; x_wconf 88' lang='lat' dir='ltr'>ab</span> 
     </span>
    </p>
   </div>
   <div class='ocr_carea' id='block_1_79' title="bbox 401 4450 996 4514">
    <p class='ocr_par' dir='ltr' id='par_1_79' title="bbox 401 4450 996 4514">
     <span class='ocr_line' id='line_1_79' title="bbox 401 4450 996 4514; baseline 0.008 -7"><span class='ocrx_word' id='word_1_546' title='bbox 401 4497 404 4500; x_wconf 91' lang='lat'>.</span> <span class='ocrx_word' id='word_1_547' title='bbox 459 4450 542 4508; x_wconf 89' lang='lat' dir='ltr'>eis</span> <span class='ocrx_word' id='word_1_548' title='bbox 590 4453 851 4512; x_wconf 89' lang='lat' dir='ltr'>ablatum</span> <span class='ocrx_word' id='word_1_549' title='bbox 905 4457 996 4514; x_wconf 92' lang='lat' dir='ltr'>iri.</span> 
     </span>
    </p>
   </div>
   <div class='ocr_carea' id='block_1_80' title="bbox 531 4541 2098 4612">
    <p class='ocr_par' dir='ltr' id='par_1_80' title="bbox 531 4541 2098 4612">
     <span class='ocr_line' id='line_1_80' title="bbox 531 4541 2098 4612; baseline 0.01 -16"><span class='ocrx_word' id='word_1_550' title='bbox 531 4541 654 4599; x_wconf 84' lang='grc'>106.</span> <span class='ocrx_word' id='word_1_551' title='bbox 678 4544 743 4599; x_wconf 70' lang='lat' dir='ltr'>Et</span> <span class='ocrx_word' id='word_1_552' title='bbox 771 4547 1164 4604; x_wconf 79' lang='lat' dir='ltr'>admirabilem</span> <span class='ocrx_word' id='word_1_553' title='bbox 1194 4549 1602 4605; x_wconf 72' lang='lat' dir='ltr'>consiliarium.</span> <span class='ocrx_word' id='word_1_554' title='bbox 1625 4549 1948 4609; x_wconf 87' lang='lat' dir='ltr'>Consilium</span> <span class='ocrx_word' id='word_1_555' title='bbox 1983 4572 2098 4612; x_wconf 90' lang='lat' dir='ltr'>non</span> 
     </span>
    </p>
   </div>
   <div class='ocr_carea' id='block_1_81' title="bbox 2208 3384 3865 3466">
    <p class='ocr_par' dir='ltr' id='par_1_81' title="bbox 2208 3384 3865 3466">
     <span class='ocr_line' id='line_1_81' title="bbox 2208 3384 3865 3466; baseline -0.005 -22"><span class='ocrx_word' id='word_1_556' title='bbox 2208 3409 2412 3466; x_wconf 89' lang='grc' dir='ltr'>ταρχον</span> <span class='ocrx_word' id='word_1_557' title='bbox 2448 3391 2560 3463; x_wconf 84' lang='grc'>(78)</span> <span class='ocrx_word' id='word_1_558' title='bbox 2613 3394 2720 3443; x_wconf 82' lang='grc' dir='ltr'>τῶν</span> <span class='ocrx_word' id='word_1_559' title='bbox 2772 3385 3072 3445; x_wconf 83' lang='grc' dir='ltr'>Ἰουδαίων.</span> <span class='ocrx_word' id='word_1_560' title='bbox 3124 3387 3192 3444; x_wconf 88' lang='grc' dir='ltr'>Τί</span> <span class='ocrx_word' id='word_1_561' title='bbox 3243 3390 3404 3441; x_wconf 78' lang='grc' dir='ltr'>τοῦτο</span> <span class='ocrx_word' id='word_1_562' title='bbox 3463 3384 3676 3459; x_wconf 76' lang='grc' dir='ltr'>λέγων;</span> <span class='ocrx_word' id='word_1_563' title='bbox 3737 3385 3865 3437; x_wconf 80' lang='grc' dir='ltr'>’Ὁτι</span> 
     </span>
    </p>
   </div>
   <div class='ocr_carea' id='block_1_82' title="bbox 2207 3472 3866 3552">
    <p class='ocr_par' dir='ltr' id='par_1_82' title="bbox 2207 3472 3866 3552">
     <span class='ocr_line' id='line_1_82' title="bbox 2207 3472 3866 3552; baseline -0.005 -18"><span class='ocrx_word' id='word_1_564' title='bbox 2207 3485 2378 3535; x_wconf 82' lang='grc' dir='ltr'>πᾶσαν</span> <span class='ocrx_word' id='word_1_565' title='bbox 2433 3480 2533 3548; x_wconf 78' lang='grc' dir='ltr'>τὴν</span> <span class='ocrx_word' id='word_1_566' title='bbox 2605 3475 2856 3533; x_wconf 66' lang='grc' dir='ltr'>εὔτακτον</span> <span class='ocrx_word' id='word_1_567' title='bbox 2911 3476 3037 3552; x_wconf 86' lang='grc' dir='ltr'>περὶ</span> <span class='ocrx_word' id='word_1_568' title='bbox 3112 3474 3307 3537; x_wconf 76' lang='grc' dir='ltr'>αὐτοὺς</span> <span class='ocrx_word' id='word_1_569' title='bbox 3392 3472 3706 3546; x_wconf 73' lang='grc' dir='ltr'>οἰκονομίαν</span> <span class='ocrx_word' id='word_1_570' title='bbox 3765 3473 3866 3527; x_wconf 85' lang='grc' dir='ltr'>καὶ</span> 
     </span>
    </p>
   </div>
   <div class='ocr_carea' id='block_1_83' title="bbox 2209 3558 3868 3642">
    <p class='ocr_par' dir='ltr' id='par_1_83' title="bbox 2209 3558 3868 3642">
     <span class='ocr_line' id='line_1_83' title="bbox 2209 3558 3868 3642; baseline -0.005 -19"><span class='ocrx_word' id='word_1_571' title='bbox 2209 3566 2487 3637; x_wconf 83' lang='grc' dir='ltr'>διοὶκησιν</span> <span class='ocrx_word' id='word_1_572' title='bbox 2519 3567 2710 3634; x_wconf 80' lang='grc' dir='ltr'>ἀφίησι</span> <span class='ocrx_word' id='word_1_573' title='bbox 2741 3567 3101 3642; x_wconf 78' lang='grc' dir='ltr'>συγχυθῆναι,</span> <span class='ocrx_word' id='word_1_574' title='bbox 3126 3564 3231 3620; x_wconf 80' lang='grc' dir='ltr'>ἀπὸ</span> <span class='ocrx_word' id='word_1_575' title='bbox 3266 3563 3464 3640; x_wconf 72' lang='grc' dir='ltr'>μέρους</span> <span class='ocrx_word' id='word_1_576' title='bbox 3511 3563 3573 3618; x_wconf 85' lang='grc' dir='ltr'>τὸ</span> <span class='ocrx_word' id='word_1_577' title='bbox 3610 3560 3744 3617; x_wconf 81' lang='grc' dir='ltr'>ὅλον</span> <span class='ocrx_word' id='word_1_578' title='bbox 3771 3558 3868 3616; x_wconf 64' lang='grc' dir='ltr'>λέν</span> 
     </span>
    </p>
   </div>
   <div class='ocr_carea' id='block_1_84' title="bbox 2206 3651 3865 3734">
    <p class='ocr_par' dir='ltr' id='par_1_84' title="bbox 2206 3651 3865 3734">
     <span class='ocr_line' id='line_1_84' title="bbox 2206 3651 3865 3734; baseline -0.005 -22"><span class='ocrx_word' id='word_1_579' title='bbox 2206 3678 2340 3734; x_wconf 89' lang='grc' dir='ltr'>γων.</span> <span class='ocrx_word' id='word_1_580' title='bbox 2370 3655 2692 3732; x_wconf 82' lang='grc' dir='ltr'>Χιλιάρχων</span> <span class='ocrx_word' id='word_1_581' title='bbox 2749 3657 2853 3731; x_wconf 81' lang='grc' dir='ltr'>γὰρ</span> <span class='ocrx_word' id='word_1_582' title='bbox 2908 3657 2999 3709; x_wconf 84' lang='grc' dir='ltr'>καὶ</span> <span class='ocrx_word' id='word_1_583' title='bbox 3059 3652 3469 3729; x_wconf 70' lang='grc' dir='ltr'>ἑκατοντάρχων</span> <span class='ocrx_word' id='word_1_584' title='bbox 3517 3651 3606 3707; x_wconf 85' lang='grc' dir='ltr'>καὶ</span> <span class='ocrx_word' id='word_1_585' title='bbox 3655 3670 3865 3721; x_wconf 84' lang='grc' dir='ltr'>πεντη-</span> 
     </span>
    </p>
   </div>
   <div class='ocr_carea' id='block_1_85' title="bbox 2207 3735 3863 3823">
    <p class='ocr_par' dir='ltr' id='par_1_85' title="bbox 2207 3735 3863 3823">
     <span class='ocr_line' id='line_1_85' title="bbox 2207 3735 3863 3823; baseline -0.005 -21"><span class='ocrx_word' id='word_1_586' title='bbox 2207 3747 2526 3823; x_wconf 83' lang='grc' dir='ltr'>κοντάρχων</span> <span class='ocrx_word' id='word_1_587' title='bbox 2599 3745 2690 3800; x_wconf 79' lang='grc' dir='ltr'>καὶ</span> <span class='ocrx_word' id='word_1_588' title='bbox 2765 3742 3073 3820; x_wconf 79' lang='grc' dir='ltr'>δεκάρχων,</span> <span class='ocrx_word' id='word_1_589' title='bbox 3149 3743 3286 3799; x_wconf 78' lang='grc' dir='ltr'>κατὰ</span> <span class='ocrx_word' id='word_1_590' title='bbox 3358 3744 3458 3811; x_wconf 70' lang='grc' dir='ltr'>τὴν</span> <span class='ocrx_word' id='word_1_591' title='bbox 3532 3735 3863 3813; x_wconf 76' lang='grc' dir='ltr'>συμϐουλὴν</span> 
     </span>
    </p>
   </div>
   <div class='ocr_carea' id='block_1_86' title="bbox 2208 3823 3864 3912">
    <p class='ocr_par' dir='ltr' id='par_1_86' title="bbox 2208 3823 3864 3912">
     <span class='ocr_line' id='line_1_86' title="bbox 2208 3823 3864 3912; baseline -0.005 -20"><span class='ocrx_word' id='word_1_592' title='bbox 2208 3837 2419 3912; x_wconf 85' lang='grc' dir='ltr'>Ἰοθὼρ,</span> <span class='ocrx_word' id='word_1_593' title='bbox 2487 3836 2590 3891; x_wconf 85' lang='grc' dir='ltr'>ὑπὸ</span> <span class='ocrx_word' id='word_1_594' title='bbox 2661 3833 2934 3898; x_wconf 76' lang='grc' dir='ltr'>Μωυσέως</span> <span class='ocrx_word' id='word_1_595' title='bbox 3009 3833 3410 3888; x_wconf 85' lang='grc' dir='ltr'>καταστάντων·</span> <span class='ocrx_word' id='word_1_596' title='bbox 3469 3829 3606 3886; x_wconf 81' lang='grc' dir='ltr'>ὥστε</span> <span class='ocrx_word' id='word_1_597' title='bbox 3663 3823 3864 3884; x_wconf 80' lang='grc' dir='ltr'>διαϐα-</span> 
     </span>
    </p>
   </div>
   <div class='ocr_carea' id='block_1_87' title="bbox 2208 3918 3865 3995">
    <p class='ocr_par' dir='ltr' id='par_1_87' title="bbox 2208 3918 3865 3995">
     <span class='ocr_line' id='line_1_87' title="bbox 2208 3918 3865 3995; baseline -0.006 -14"><span class='ocrx_word' id='word_1_598' title='bbox 2208 3926 2418 3995; x_wconf 80' lang='grc' dir='ltr'>στάζειν</span> <span class='ocrx_word' id='word_1_599' title='bbox 2449 3924 2643 3988; x_wconf 79' lang='grc' dir='ltr'>αὐτοὺς</span> <span class='ocrx_word' id='word_1_600' title='bbox 2690 3924 2780 3978; x_wconf 86' lang='grc' dir='ltr'>τὸν</span> <span class='ocrx_word' id='word_1_601' title='bbox 2828 3921 2984 3994; x_wconf 83' lang='grc' dir='ltr'>λαὸν,</span> <span class='ocrx_word' id='word_1_602' title='bbox 3010 3922 3100 3977; x_wconf 86' lang='grc' dir='ltr'>καὶ</span> <span class='ocrx_word' id='word_1_603' title='bbox 3157 3921 3225 3976; x_wconf 80' lang='grc' dir='ltr'>τὰ</span> <span class='ocrx_word' id='word_1_604' title='bbox 3249 3920 3454 3990; x_wconf 76' lang='grc' dir='ltr'>ἥσσονα</span> <span class='ocrx_word' id='word_1_605' title='bbox 3482 3918 3722 3995; x_wconf 87' lang='grc' dir='ltr'>κρίματα</span> <span class='ocrx_word' id='word_1_606' title='bbox 3747 3922 3865 3973; x_wconf 79' lang='grc' dir='ltr'>τῶν</span> 
     </span>
    </p>
   </div>
   <div class='ocr_carea' id='block_1_88' title="bbox 2210 4007 3868 4091">
    <p class='ocr_par' dir='ltr' id='par_1_88' title="bbox 2210 4007 3868 4091">
     <span class='ocr_line' id='line_1_88' title="bbox 2210 4007 3868 4091; baseline -0.005 -21"><span class='ocrx_word' id='word_1_607' title='bbox 2210 4012 2478 4088; x_wconf 67' lang='grc' dir='ltr'>δεομένων</span> <span class='ocrx_word' id='word_1_608' title='bbox 2509 4012 2739 4091; x_wconf 84' lang='grc' dir='ltr'>κρίσεως</span> <span class='ocrx_word' id='word_1_609' title='bbox 2789 4011 2871 4090; x_wconf 72' lang='grc' dir='ltr'>ἐφ’</span> <span class='ocrx_word' id='word_1_610' title='bbox 2931 4010 3154 4072; x_wconf 71' lang='grc' dir='ltr'>ἑαυτοὺς</span> <span class='ocrx_word' id='word_1_611' title='bbox 3211 4007 3587 4085; x_wconf 69' lang='grc' dir='ltr'>ἀναδέχεσθαι,</span> <span class='ocrx_word' id='word_1_612' title='bbox 3635 4010 3671 4077; x_wconf 79' lang='grc' dir='ltr'><strong>ἡ</strong></span> <span class='ocrx_word' id='word_1_613' title='bbox 3713 4008 3868 4062; x_wconf 76' lang='grc' dir='ltr'>ἀπειο</span> 
     </span>
    </p>
   </div>
   <div class='ocr_carea' id='block_1_89' title="bbox 2209 4099 3908 4176">
    <p class='ocr_par' dir='ltr' id='par_1_89' title="bbox 2209 4099 3908 4176">
     <span class='ocr_line' id='line_1_89' title="bbox 2209 4099 3908 4176; baseline -0.004 -17"><span class='ocrx_word' id='word_1_614' title='bbox 2209 4102 2282 4173; x_wconf 85' lang='grc' dir='ltr'>λὴ</span> <span class='ocrx_word' id='word_1_615' title='bbox 2329 4105 2513 4167; x_wconf 78' lang='grc' dir='ltr'>αὐτοῖς</span> <span class='ocrx_word' id='word_1_616' title='bbox 2571 4104 2704 4174; x_wconf 71' lang='grc' dir='ltr'>ἐστι,</span> <span class='ocrx_word' id='word_1_617' title='bbox 2760 4105 2861 4174; x_wconf 80' lang='grc' dir='ltr'>τήν</span> <span class='ocrx_word' id='word_1_618' title='bbox 2898 4100 3288 4175; x_wconf 47' lang='grc' dir='ltr'>’διακόσμησιν</span> <span class='ocrx_word' id='word_1_619' title='bbox 3353 4099 3557 4170; x_wconf 88' lang='grc' dir='ltr'>ταύτην</span> <span class='ocrx_word' id='word_1_620' title='bbox 3632 4100 3908 4176; x_wconf 49' lang='lat' dir='ltr'>deamo--</span> 
     </span>
    </p>
   </div>
   <div class='ocr_carea' id='block_1_90' title="bbox 2209 4187 3870 4270">
    <p class='ocr_par' dir='ltr' id='par_1_90' title="bbox 2209 4187 3870 4270">
     <span class='ocr_line' id='line_1_90' title="bbox 2209 4187 3870 4270; baseline -0.004 -22"><span class='ocrx_word' id='word_1_621' title='bbox 2209 4195 2484 4265; x_wconf 78' lang='grc' dir='ltr'>θήσεσθαι.</span> <span class='ocrx_word' id='word_1_622' title='bbox 2517 4193 2618 4249; x_wconf 81' lang='grc' dir='ltr'>Διά</span> <span class='ocrx_word' id='word_1_623' title='bbox 2669 4197 2832 4248; x_wconf 78' lang='grc' dir='ltr'>τοῦτο</span> <span class='ocrx_word' id='word_1_624' title='bbox 2887 4192 3339 4270; x_wconf 79' lang='grc' dir='ltr'>ἀφαιρεθήσεσθαι</span> <span class='ocrx_word' id='word_1_625' title='bbox 3397 4190 3574 4244; x_wconf 79' lang='grc' dir='ltr'>αὐτῶν</span> <span class='ocrx_word' id='word_1_626' title='bbox 3622 4187 3711 4244; x_wconf 88' lang='grc' dir='ltr'>καί</span> <span class='ocrx_word' id='word_1_627' title='bbox 3741 4209 3870 4244; x_wconf 79' lang='grc' dir='ltr'>πεν-</span> 
     </span>
    </p>
   </div>
   <div class='ocr_carea' id='block_1_91' title="bbox 2207 4276 3906 4360">
    <p class='ocr_par' dir='ltr' id='par_1_91' title="bbox 2207 4276 3906 4360">
     <span class='ocr_line' id='line_1_91' title="bbox 2207 4276 3906 4360; baseline -0.004 -22"><span class='ocrx_word' id='word_1_628' title='bbox 2207 4285 2579 4360; x_wconf 81' lang='grc' dir='ltr'>τηκόνταρχον</span> <span class='ocrx_word' id='word_1_629' title='bbox 2633 4281 2869 4338; x_wconf 83' lang='grc' dir='ltr'>ἀπειλεῖ·</span> <span class='ocrx_word' id='word_1_630' title='bbox 2927 4280 3295 4355; x_wconf 79' lang='grc' dir='ltr'>πολεμιστὴν,</span> <span class='ocrx_word' id='word_1_631' title='bbox 3323 4277 3415 4334; x_wconf 85' lang='grc' dir='ltr'>καὶ</span> <span class='ocrx_word' id='word_1_632' title='bbox 3458 4276 3740 4349; x_wconf 77' lang='grc' dir='ltr'>δικαστήν,</span> <span class='ocrx_word' id='word_1_633' title='bbox 3772 4277 3870 4333; x_wconf 83' lang='grc' dir='ltr'>καὶ</span> <span class='ocrx_word' id='word_1_634' title='bbox 3903 4284 3906 4285; x_wconf 60' lang='grc'><strong><em>⁷</em></strong></span> 
     </span>
    </p>
   </div>
   <div class='ocr_carea' id='block_1_92' title="bbox 2208 4364 3652 4450">
    <p class='ocr_par' dir='ltr' id='par_1_92' title="bbox 2208 4364 3652 4450">
     <span class='ocr_line' id='line_1_92' title="bbox 2208 4364 3652 4450; baseline -0.002 -21"><span class='ocrx_word' id='word_1_635' title='bbox 2208 4373 2537 4450; x_wconf 78' lang='grc' dir='ltr'>στοχαστὴν,</span> <span class='ocrx_word' id='word_1_636' title='bbox 2562 4371 2654 4428; x_wconf 86' lang='grc' dir='ltr'>καὶ</span> <span class='ocrx_word' id='word_1_637' title='bbox 2688 4373 2975 4450; x_wconf 78' lang='grc' dir='ltr'>προφήτην</span> <span class='ocrx_word' id='word_1_638' title='bbox 3003 4371 3093 4426; x_wconf 86' lang='grc' dir='ltr'>καὶ</span> <span class='ocrx_word' id='word_1_639' title='bbox 3124 4364 3486 4446; x_wconf 82' lang='grc' dir='ltr'>πρεσϐύτερον</span> <span class='ocrx_word' id='word_1_640' title='bbox 3517 4370 3652 4443; x_wconf 85' lang='grc'>(79).</span> 
     </span>
    </p>
   </div>
   <div class='ocr_carea' id='block_1_93' title="bbox 2282 4545 3864 4624">
    <p class='ocr_par' dir='ltr' id='par_1_93' title="bbox 2282 4545 3864 4624">
     <span class='ocr_line' id='line_1_93' title="bbox 2282 4545 3864 4624; baseline -0.006 -14"><span class='ocrx_word' id='word_1_641' title='bbox 2282 4555 2405 4611; x_wconf 85' lang='grc'>106.</span> <span class='ocrx_word' id='word_1_642' title='bbox 2440 4550 2540 4606; x_wconf 84' lang='grc' dir='ltr'>Καὶ</span> <span class='ocrx_word' id='word_1_643' title='bbox 2573 4549 2880 4624; x_wconf 84' lang='grc' dir='ltr'>θαυμαστὸν</span> <span class='ocrx_word' id='word_1_644' title='bbox 2912 4545 3250 4624; x_wconf 86' lang='grc' dir='ltr'>σύμϐουλον.</span> <span class='ocrx_word' id='word_1_645' title='bbox 3283 4546 3434 4605; x_wconf 79' lang='grc' dir='ltr'>Πολὺ</span> <span class='ocrx_word' id='word_1_646' title='bbox 3481 4546 3546 4602; x_wconf 81' lang='grc' dir='ltr'>τὸ</span> <span class='ocrx_word' id='word_1_647' title='bbox 3565 4545 3864 4622; x_wconf 82' lang='grc' dir='ltr'>ἀναγκαιον</span> 
     </span>
    </p>
   </div>
   <div class='ocr_carea' id='block_1_94' title="bbox 459 4634 2100 4718">
    <p class='ocr_par' dir='ltr' id='par_1_94' title="bbox 459 4635 2099 4702">
     <span class='ocr_line' id='line_1_94' title="bbox 459 4635 2099 4702; baseline 0.011 -18"><span class='ocrx_word' id='word_1_648' title='bbox 459 4646 667 4702; x_wconf 89' lang='lat' dir='ltr'>parum</span> <span class='ocrx_word' id='word_1_649' title='bbox 693 4635 858 4691; x_wconf 80' lang='lat' dir='ltr'>aﬂ‘ert</span> <span class='ocrx_word' id='word_1_650' title='bbox 887 4635 1161 4693; x_wconf 88' lang='lat' dir='ltr'>utilitatis</span> <span class='ocrx_word' id='word_1_651' title='bbox 1182 4654 1247 4694; x_wconf 91' lang='lat' dir='ltr'>ao</span> <span class='ocrx_word' id='word_1_652' title='bbox 1279 4637 1660 4696; x_wconf 90' lang='lat' dir='ltr'>emolumenti</span> <span class='ocrx_word' id='word_1_653' title='bbox 1683 4642 1754 4696; x_wconf 91' lang='lat' dir='ltr'>ad</span> <span class='ocrx_word' id='word_1_654' title='bbox 1785 4641 1963 4699; x_wconf 89' lang='lat' dir='ltr'>vitam</span> <span class='ocrx_word' id='word_1_655' title='bbox 1988 4644 2099 4701; x_wconf 92' lang='lat' dir='ltr'>bo-</span> 
     </span>
    </p>
   </div>
   <div class='ocr_carea' id='block_1_95' title="bbox 2215 4634 3865 4718">
    <p class='ocr_par' dir='ltr' id='par_1_95' title="bbox 2215 4634 3865 4718">
     <span class='ocr_line' id='line_1_95' title="bbox 2215 4634 3865 4718; baseline -0.005 -19"><span class='ocrx_word' id='word_1_656' title='bbox 2215 4643 2296 4699; x_wconf 76' lang='grc' dir='ltr'>καὶ</span> <span class='ocrx_word' id='word_1_657' title='bbox 2324 4642 2602 4718; x_wconf 72' lang='grc' dir='ltr'>χρήσιμον</span> <span class='ocrx_word' id='word_1_658' title='bbox 2645 4637 2706 4695; x_wconf 62' lang='grc' dir='ltr'>ἐκ</span> <span class='ocrx_word' id='word_1_659' title='bbox 2733 4647 2834 4710; x_wconf 82' lang='grc' dir='ltr'>τῆς</span> <span class='ocrx_word' id='word_1_660' title='bbox 2881 4634 3205 4714; x_wconf 82' lang='grc' dir='ltr'>συμϐουλῆς</span> <span class='ocrx_word' id='word_1_661' title='bbox 3227 4643 3306 4710; x_wconf 81' lang='grc' dir='ltr'>τῷ</span> <span class='ocrx_word' id='word_1_662' title='bbox 3339 4639 3446 4714; x_wconf 84' lang='grc' dir='ltr'>βίῳ</span> <span class='ocrx_word' id='word_1_663' title='bbox 3476 4640 3583 4692; x_wconf 82' lang='grc' dir='ltr'>τῶν</span> <span class='ocrx_word' id='word_1_664' title='bbox 3621 4638 3738 4709; x_wconf 89' lang='grc'>(80)</span> <span class='ocrx_word' id='word_1_665' title='bbox 3763 4635 3865 4691; x_wconf 80' lang='grc' dir='ltr'>ἀν-</span> 
     </span>
    </p>
   </div>
   <div class='ocr_carea' id='block_1_96' title="bbox 459 4719 2100 4798">
    <p class='ocr_par' dir='ltr' id='par_1_96' title="bbox 459 4719 2100 4798">
     <span class='ocr_line' id='line_1_96' title="bbox 459 4719 2100 4798; baseline 0.011 -24"><span class='ocrx_word' id='word_1_666' title='bbox 459 4719 688 4778; x_wconf 89' lang='lat' dir='ltr'>minum</span> <span class='ocrx_word' id='word_1_667' title='bbox 718 4723 1164 4794; x_wconf 89' lang='lat' dir='ltr'>instituendam,</span> <span class='ocrx_word' id='word_1_668' title='bbox 1188 4728 1338 4798; x_wconf 91' lang='lat' dir='ltr'>quod</span> <span class='ocrx_word' id='word_1_669' title='bbox 1365 4743 1536 4784; x_wconf 90' lang='lat' dir='ltr'>nemo</span> <span class='ocrx_word' id='word_1_670' title='bbox 1572 4746 1726 4786; x_wconf 85' lang='lat' dir='ltr'>unus</span> <span class='ocrx_word' id='word_1_671' title='bbox 1758 4731 1835 4786; x_wconf 87' lang='lat' dir='ltr'>sit</span> <span class='ocrx_word' id='word_1_672' title='bbox 1864 4733 1977 4790; x_wconf 90' lang='lat' dir='ltr'>sibi</span> <span class='ocrx_word' id='word_1_673' title='bbox 2007 4753 2100 4792; x_wconf 82' lang='lat' dir='ltr'>sa-</span> 
     </span>
    </p>
   </div>
   <div class='ocr_carea' id='block_1_97' title="bbox 455 4807 2104 4891">
    <p class='ocr_par' dir='ltr' id='par_1_97' title="bbox 455 4807 2104 4891">
     <span class='ocr_line' id='line_1_97' title="bbox 455 4807 2104 4891; baseline 0.01 -28"><span class='ocrx_word' id='word_1_674' title='bbox 455 4807 533 4866; x_wconf 87' lang='lat' dir='ltr'>tis</span> <span class='ocrx_word' id='word_1_675' title='bbox 563 4811 636 4866; x_wconf 89' lang='lat' dir='ltr'>ad</span> <span class='ocrx_word' id='word_1_676' title='bbox 667 4812 866 4869; x_wconf 89' lang='lat' dir='ltr'>omnia</span> <span class='ocrx_word' id='word_1_677' title='bbox 894 4814 1268 4886; x_wconf 81' lang='lat' dir='ltr'>perﬁcienda,</span> <span class='ocrx_word' id='word_1_678' title='bbox 1293 4816 1394 4872; x_wconf 82' lang='lat' dir='ltr'>sed</span> <span class='ocrx_word' id='word_1_679' title='bbox 1428 4817 1500 4873; x_wconf 91' lang='lat' dir='ltr'>ad</span> <span class='ocrx_word' id='word_1_680' title='bbox 1524 4833 1592 4874; x_wconf 89' lang='lat' dir='ltr'>ea</span> <span class='ocrx_word' id='word_1_681' title='bbox 1613 4835 1742 4891; x_wconf 64' lang='lat' dir='ltr'>qua:</span> <span class='ocrx_word' id='word_1_682' title='bbox 1762 4822 2104 4880; x_wconf 85' lang='lat' dir='ltr'>conducibi-</span> 
     </span>
    </p>
   </div>
   <div class='ocr_carea' id='block_1_98' title="bbox 2213 4723 3866 4806">
    <p class='ocr_par' dir='ltr' id='par_1_98' title="bbox 2213 4723 3866 4806">
     <span class='ocr_line' id='line_1_98' title="bbox 2213 4723 3866 4806; baseline -0.004 -22"><span class='ocrx_word' id='word_1_683' title='bbox 2213 4733 2472 4806; x_wconf 77' lang='grc' dir='ltr'>θρώπων,</span> <span class='ocrx_word' id='word_1_684' title='bbox 2530 4725 2618 4782; x_wconf 79' lang='grc' dir='ltr'>διὰ</span> <span class='ocrx_word' id='word_1_685' title='bbox 2671 4728 2733 4783; x_wconf 86' lang='grc' dir='ltr'>τὸ</span> <span class='ocrx_word' id='word_1_686' title='bbox 2789 4723 2884 4782; x_wconf 60' lang='grc' dir='ltr'>ἵνα</span> <span class='ocrx_word' id='word_1_687' title='bbox 2944 4725 3151 4800; x_wconf 73' lang='grc' dir='ltr'>μηδένα</span> <span class='ocrx_word' id='word_1_688' title='bbox 3207 4727 3380 4797; x_wconf 71' lang='grc' dir='ltr'>ἑαυτῷ</span> <span class='ocrx_word' id='word_1_689' title='bbox 3440 4725 3680 4801; x_wconf 69' lang='grc' dir='ltr'>ἐξαρκεῖν</span> <span class='ocrx_word' id='word_1_690' title='bbox 3720 4724 3866 4800; x_wconf 83' lang='grc' dir='ltr'>πρὸς</span> 
     </span>
    </p>
   </div>
   <div class='ocr_carea' id='block_1_99' title="bbox 2212 4813 3867 4891">
    <p class='ocr_par' dir='ltr' id='par_1_99' title="bbox 2212 4813 3867 4891">
     <span class='ocr_line' id='line_1_99' title="bbox 2212 4813 3867 4891; baseline -0.006 -13"><span class='ocrx_word' id='word_1_691' title='bbox 2212 4821 2403 4891; x_wconf 79' lang='grc' dir='ltr'>πάντα,</span> <span class='ocrx_word' id='word_1_692' title='bbox 2437 4816 2583 4875; x_wconf 80' lang='grc' dir='ltr'>ἀλλὰ</span> <span class='ocrx_word' id='word_1_693' title='bbox 2639 4813 2843 4873; x_wconf 81' lang='grc' dir='ltr'>δεῖσθαι</span> <span class='ocrx_word' id='word_1_694' title='bbox 2900 4820 3176 4873; x_wconf 80' lang='grc' dir='ltr'>κοινωνῶν</span> <span class='ocrx_word' id='word_1_695' title='bbox 3225 4813 3393 4871; x_wconf 66' lang='grc' dir='ltr'>πλέον</span> <span class='ocrx_word' id='word_1_696' title='bbox 3439 4815 3575 4870; x_wconf 82' lang='grc' dir='ltr'>κατὰ</span> <span class='ocrx_word' id='word_1_697' title='bbox 3618 4815 3720 4884; x_wconf 85' lang='grc' dir='ltr'>τήν</span> <span class='ocrx_word' id='word_1_698' title='bbox 3751 4818 3867 4868; x_wconf 82' lang='grc' dir='ltr'>τῶν</span> 
     </span>
    </p>
   </div>
   <div class='ocr_carea' id='block_1_100' title="bbox 527 4974 2100 5056">
    <p class='ocr_par' dir='ltr' id='par_1_100' title="bbox 527 4974 2082 5056">
     <span class='ocr_line' id='line_1_100' title="bbox 527 4974 2082 5056; baseline 0.008 -25"><span class='ocrx_word' id='word_1_699' title='bbox 527 4977 569 5014; x_wconf 75' lang='grc'>⁸⁷</span> <span class='ocrx_word' id='word_1_700' title='bbox 600 4974 774 5034; x_wconf 80' lang='lat' dir='ltr'>Lavit.</span> <span class='ocrx_word' id='word_1_701' title='bbox 797 4994 912 5048; x_wconf 75' lang='lat' dir='ltr'>xix,</span> <span class='ocrx_word' id='word_1_702' title='bbox 945 4978 1035 5037; x_wconf 87' lang='lat'>32.</span> <span class='ocrx_word' id='word_1_703' title='bbox 1113 4982 1158 5023; x_wconf 73' lang='grc'>⁸³</span> <span class='ocrx_word' id='word_1_704' title='bbox 1185 4983 1330 5037; x_wconf 88' lang='lat' dir='ltr'>Dan.</span> <span class='ocrx_word' id='word_1_705' title='bbox 1362 4996 1487 5053; x_wconf 85' lang='lat' dir='ltr'>xm,</span> <span class='ocrx_word' id='word_1_706' title='bbox 1509 4980 1602 5039; x_wconf 87' lang='grc'>50.</span> <span class='ocrx_word' id='word_1_707' title='bbox 1679 4981 1723 5022; x_wconf 73' lang='grc' dir='ltr'>⁸ο</span> <span class='ocrx_word' id='word_1_708' title='bbox 1749 4986 1890 5042; x_wconf 89' lang='lat' dir='ltr'>Gen.</span> <span class='ocrx_word' id='word_1_709' title='bbox 1921 5001 2082 5056; x_wconf 83' lang='lat' dir='ltr'>xvm,</span> 
     </span>
    </p>
   </div>
   <div class='ocr_carea' id='block_1_101' title="bbox 2215 4974 2834 5056">
    <p class='ocr_par' dir='ltr' id='par_1_101' title="bbox 2269 4981 2834 5055">
     <span class='ocr_line' id='line_1_101' title="bbox 2269 4981 2834 5055; baseline 0.002 -18"><span class='ocrx_word' id='word_1_710' title='bbox 2269 4993 2314 5030; x_wconf 81' lang='grc' dir='ltr'>οο</span> <span class='ocrx_word' id='word_1_711' title='bbox 2335 4982 2513 5040; x_wconf 84' lang='lat' dir='ltr'>Exod.</span> <span class='ocrx_word' id='word_1_712' title='bbox 2544 4997 2704 5055; x_wconf 85' lang='lat' dir='ltr'>xvm,</span> <span class='ocrx_word' id='word_1_713' title='bbox 2739 4981 2800 5039; x_wconf 77' lang='lat' dir='ltr'>2t</span> <span class='ocrx_word' id='word_1_714' title='bbox 2821 5022 2834 5037; x_wconf 95' lang='lat'>.</span> 
     </span>
    </p>
   </div>
   <div class='ocr_carea' id='block_1_102' title="bbox 531 5156 2120 5237">
    <p class='ocr_par' dir='ltr' id='par_1_102' title="bbox 531 5156 2120 5237">
     <span class='ocr_line' id='line_1_102' title="bbox 531 5156 2120 5237; baseline 0.003 -20"><span class='ocrx_word' id='word_1_715' title='bbox 531 5156 817 5237; x_wconf 81' lang='lat' dir='ltr'>(76)_Reg.</span> <span class='ocrx_word' id='word_1_716' title='bbox 855 5164 1148 5221; x_wconf 89' lang='lat' dir='ltr'>secundus</span> <span class='ocrx_word' id='word_1_717' title='bbox 1209 5168 1265 5221; x_wconf 89' lang='lat' dir='ltr'>et</span> <span class='ocrx_word' id='word_1_718' title='bbox 1317 5170 1572 5236; x_wconf 88' lang='lat' dir='ltr'>uterque</span> <span class='ocrx_word' id='word_1_719' title='bbox 1623 5164 1811 5236; x_wconf 89' lang='lat' dir='ltr'>Colb.,</span> <span class='ocrx_word' id='word_1_720' title='bbox 1843 5163 1978 5221; x_wconf 79' lang='grc' dir='ltr'>λαοῦ</span> <span class='ocrx_word' id='word_1_721' title='bbox 2024 5165 2120 5222; x_wconf 82' lang='grc' dir='ltr'>αύ-</span> 
     </span>
    </p>
   </div>
   <div class='ocr_carea' id='block_1_103' title="bbox 2303 5130 3878 5240">
    <p class='ocr_par' dir='ltr' id='par_1_103' title="bbox 2303 5130 3878 5240">
     <span class='ocr_line' id='line_1_103' title="bbox 2303 5130 3878 5240; baseline 0.001 -20"><span class='ocrx_word' id='word_1_722' title='bbox 2303 5165 2550 5240; x_wconf 64' lang='lat' dir='ltr'>(79)_A1ii</span> <span class='ocrx_word' id='word_1_723' title='bbox 2575 5182 2719 5225; x_wconf 87' lang='lat' dir='ltr'>mss.</span> <span class='ocrx_word' id='word_1_724' title='bbox 2743 5165 2984 5234; x_wconf 85' lang='lat' dir='ltr'>habent,</span> <span class='ocrx_word' id='word_1_725' title='bbox 3006 5155 3336 5234; x_wconf 84' lang='grc' dir='ltr'>πρεσϐύτην.</span> <span class='ocrx_word' id='word_1_726' title='bbox 3359 5159 3476 5218; x_wconf 81' lang='lat' dir='ltr'>Alii</span> <span class='ocrx_word' id='word_1_727' title='bbox 3501 5130 3639 5218; x_wconf 62' lang='lat' dir='ltr'>eum</span> <span class='ocrx_word' id='word_1_728' title='bbox 3670 5163 3878 5240; x_wconf 85' lang='lat' dir='ltr'>editis,</span> 
     </span>
    </p>
   </div>
   <div class='ocr_carea' id='block_1_104' title="bbox 433 5232 2100 5312">
    <p class='ocr_par' dir='ltr' id='par_1_104' title="bbox 433 5232 2100 5312">
     <span class='ocr_line' id='line_1_104' title="bbox 433 5232 2100 5312; baseline 0.007 -27"><span class='ocrx_word' id='word_1_729' title='bbox 433 5232 584 5312; x_wconf 55' lang='grc' dir='ltr'>τοῦ,</span> <span class='ocrx_word' id='word_1_730' title='bbox 605 5232 673 5288; x_wconf 85' lang='lat' dir='ltr'>ab</span> <span class='ocrx_word' id='word_1_731' title='bbox 703 5232 819 5307; x_wconf 62' lang='lat' dir='ltr'>ipio</span> <span class='ocrx_word' id='word_1_732' title='bbox 841 5239 1057 5310; x_wconf 85' lang='lat' dir='ltr'>papula.</span> <span class='ocrx_word' id='word_1_733' title='bbox 1099 5232 1543 5312; x_wconf 72' lang='lat' dir='ltr'>Animadvertas</span> <span class='ocrx_word' id='word_1_734' title='bbox 1613 5232 1808 5312; x_wconf 78' lang='lat' dir='ltr'>velim</span> <span class='ocrx_word' id='word_1_735' title='bbox 1827 5255 1954 5310; x_wconf 81' lang='lat' dir='ltr'>quae</span> <span class='ocrx_word' id='word_1_736' title='bbox 1985 5258 2100 5297; x_wconf 73' lang='lat' dir='ltr'>mo:</span> 
     </span>
    </p>
   </div>
   <div class='ocr_carea' id='block_1_105' title="bbox 2215 5232 2613 5312">
    <p class='ocr_par' dir='ltr' id='par_1_105' title="bbox 2226 5232 2613 5312">
     <span class='ocr_line' id='line_1_105' title="bbox 2226 5232 2613 5312; baseline 0 0"><span class='ocrx_word' id='word_1_737' title='bbox 2226 5232 2613 5312; x_wconf 37' lang='lat' dir='ltr'>«estsine???-</span> 
     </span>
    </p>
   </div>
   <div class='ocr_carea' id='block_1_106' title="bbox 459 5309 2112 5381">
    <p class='ocr_par' dir='ltr' id='par_1_106' title="bbox 459 5309 2112 5381">
     <span class='ocr_line' id='line_1_106' title="bbox 459 5309 2112 5381; baseline 0.005 -20"><span class='ocrx_word' id='word_1_738' title='bbox 459 5309 662 5362; x_wconf 90' lang='lat' dir='ltr'>auctor</span> <span class='ocrx_word' id='word_1_739' title='bbox 681 5314 880 5364; x_wconf 88' lang='lat' dir='ltr'>narrat</span> <span class='ocrx_word' id='word_1_740' title='bbox 908 5309 979 5368; x_wconf 83' lang='lat' dir='ltr'>de</span> <span class='ocrx_word' id='word_1_741' title='bbox 1008 5310 1180 5366; x_wconf 89' lang='lat' dir='ltr'>annis</span> <span class='ocrx_word' id='word_1_742' title='bbox 1212 5309 1548 5367; x_wconf 84' lang='lat' dir='ltr'>Mathusala</span> <span class='ocrx_word' id='word_1_743' title='bbox 1578 5312 1636 5364; x_wconf 90' lang='lat' dir='ltr'>et</span> <span class='ocrx_word' id='word_1_744' title='bbox 1677 5310 1748 5365; x_wconf 91' lang='lat' dir='ltr'>de</span> <span class='ocrx_word' id='word_1_745' title='bbox 1775 5309 1942 5368; x_wconf 69' lang='lat' dir='ltr'>aetate</span> <span class='ocrx_word' id='word_1_746' title='bbox 1969 5314 2112 5381; x_wconf 89' lang='lat' dir='ltr'>Noe,</span> 
     </span>
    </p>
   </div>
   <div class='ocr_carea' id='block_1_107' title="bbox 459 5381 2114 5458">
    <p class='ocr_par' dir='ltr' id='par_1_107' title="bbox 459 5381 2114 5458">
     <span class='ocr_line' id='line_1_107' title="bbox 459 5381 2114 5458; baseline 0.005 -26"><span class='ocrx_word' id='word_1_747' title='bbox 459 5395 526 5433; x_wconf 91' lang='lat' dir='ltr'>ea</span> <span class='ocrx_word' id='word_1_748' title='bbox 555 5395 672 5458; x_wconf 62' lang='lat' dir='ltr'>non</span> <span class='ocrx_word' id='word_1_749' title='bbox 701 5381 939 5458; x_wconf 80' lang='lat' dir='ltr'>omnino</span> <span class='ocrx_word' id='word_1_750' title='bbox 969 5383 1302 5440; x_wconf 88' lang='lat' dir='ltr'>consentire</span> <span class='ocrx_word' id='word_1_751' title='bbox 1340 5398 1532 5452; x_wconf 90' lang='lat' dir='ltr'>neque</span> <span class='ocrx_word' id='word_1_752' title='bbox 1563 5396 1698 5436; x_wconf 91' lang='lat' dir='ltr'>cum</span> <span class='ocrx_word' id='word_1_753' title='bbox 1721 5381 1873 5451; x_wconf 81' lang='lat' dir='ltr'>LXX,</span> <span class='ocrx_word' id='word_1_754' title='bbox 1925 5399 2114 5458; x_wconf 86' lang='lat' dir='ltr'>neque</span> 
     </span>
    </p>
   </div>
   <div class='ocr_carea' id='block_1_108' title="bbox 457 5451 892 5525">
    <p class='ocr_par' dir='ltr' id='par_1_108' title="bbox 457 5451 892 5525">
     <span class='ocr_line' id='line_1_108' title="bbox 457 5451 892 5525; baseline 0.011 -21"><span class='ocrx_word' id='word_1_755' title='bbox 457 5465 590 5525; x_wconf 74' lang='lat' dir='ltr'>cum</span> <span class='ocrx_word' id='word_1_756' title='bbox 622 5451 892 5525; x_wconf 81' lang='lat' dir='ltr'>Vulgata.</span> 
     </span>
    </p>
   </div>
   <div class='ocr_carea' id='block_1_109' title="bbox 528 5519 2106 5593">
    <p class='ocr_par' dir='ltr' id='par_1_109' title="bbox 528 5519 2106 5593">
     <span class='ocr_line' id='line_1_109' title="bbox 528 5519 2106 5593; baseline 0.001 -14"><span class='ocrx_word' id='word_1_757' title='bbox 528 5521 638 5593; x_wconf 76' lang='grc'>(77)</span> <span class='ocrx_word' id='word_1_758' title='bbox 671 5519 770 5579; x_wconf 70' lang='lat' dir='ltr'>Sic</span> <span class='ocrx_word' id='word_1_759' title='bbox 796 5527 954 5582; x_wconf 88' lang='lat' dir='ltr'>editi.</span> <span class='ocrx_word' id='word_1_760' title='bbox 989 5529 1058 5581; x_wconf 87' lang='lat' dir='ltr'>At</span> <span class='ocrx_word' id='word_1_761' title='bbox 1088 5542 1187 5581; x_wconf 87' lang='lat' dir='ltr'>sex</span> <span class='ocrx_word' id='word_1_762' title='bbox 1218 5522 1403 5579; x_wconf 86' lang='lat' dir='ltr'>nostri</span> <span class='ocrx_word' id='word_1_763' title='bbox 1439 5540 1604 5592; x_wconf 90' lang='lat' dir='ltr'>mss.,</span> <span class='ocrx_word' id='word_1_764' title='bbox 1641 5519 1732 5576; x_wconf 81' lang='grc' dir='ltr'>διὰ</span> <span class='ocrx_word' id='word_1_765' title='bbox 1758 5525 1856 5593; x_wconf 71' lang='grc' dir='ltr'>τὴν</span> <span class='ocrx_word' id='word_1_766' title='bbox 1889 5523 2106 5580; x_wconf 81' lang='grc' dir='ltr'>πολιῶ-</span> 
     </span>
    </p>
   </div>
   <div class='ocr_carea' id='block_1_110' title="bbox 458 5592 1148 5671">
    <p class='ocr_par' dir='ltr' id='par_1_110' title="bbox 458 5592 1148 5671">
     <span class='ocr_line' id='line_1_110' title="bbox 458 5592 1148 5671; baseline 0 0"><span class='ocrx_word' id='word_1_767' title='bbox 458 5592 781 5671; x_wconf 48' lang='grc' dir='ltr'>σαγμὶιῦτρῖιὲ</span> <span class='ocrx_word' id='word_1_768' title='bbox 808 5603 908 5671; x_wconf 59' lang='grc' dir='ltr'>τῆς</span> <span class='ocrx_word' id='word_1_769' title='bbox 939 5599 1148 5671; x_wconf 52' lang='lat' dir='ltr'>toxic-</span> 
     </span>
    </p>
   </div>
   <div class='ocr_carea' id='block_1_111' title="bbox 529 5665 2106 5743">
    <p class='ocr_par' dir='ltr' id='par_1_111' title="bbox 529 5665 2106 5743">
     <span class='ocr_line' id='line_1_111' title="bbox 529 5665 2106 5743; baseline 0.007 -24"><span class='ocrx_word' id='word_1_770' title='bbox 529 5665 638 5743; x_wconf 84' lang='lat'>(78)</span> <span class='ocrx_word' id='word_1_771' title='bbox 675 5665 991 5743; x_wconf 26' lang='lat' dir='ltr'>Illudpxai</span> <span class='ocrx_word' id='word_1_772' title='bbox 1018 5665 1538 5743; x_wconf 65' lang='grc' dir='ltr'>πεντηκόνταρχον,</span> <span class='ocrx_word' id='word_1_773' title='bbox 1586 5667 1854 5729; x_wconf 88' lang='lat' dir='ltr'>additum</span> <span class='ocrx_word' id='word_1_774' title='bbox 1902 5674 1992 5730; x_wconf 80' lang='lat' dir='ltr'>est</span> <span class='ocrx_word' id='word_1_775' title='bbox 2037 5687 2106 5729; x_wconf 85' lang='lat' dir='ltr'>ex</span> 
     </span>
    </p>
   </div>
   <div class='ocr_carea' id='block_1_112' title="bbox 457 5738 1285 5806">
    <p class='ocr_par' dir='ltr' id='par_1_112' title="bbox 457 5738 1285 5806">
     <span class='ocr_line' id='line_1_112' title="bbox 457 5738 1285 5806; baseline 0.008 -15"><span class='ocrx_word' id='word_1_776' title='bbox 457 5741 709 5806; x_wconf 85' lang='lat' dir='ltr'>quatuor</span> <span class='ocrx_word' id='word_1_777' title='bbox 746 5738 915 5796; x_wconf 88' lang='lat' dir='ltr'>libris</span> <span class='ocrx_word' id='word_1_778' title='bbox 968 5739 1285 5798; x_wconf 84' lang='lat' dir='ltr'>veteribus.</span> 
     </span>
    </p>
   </div>
   <div class='ocr_carea' id='block_1_113' title="bbox 2298 5291 3878 5390">
    <p class='ocr_par' dir='ltr' id='par_1_113' title="bbox 2298 5291 3878 5390">
     <span class='ocr_line' id='line_1_113' title="bbox 2298 5291 3878 5390; baseline 0.001 -26"><span class='ocrx_word' id='word_1_779' title='bbox 2298 5310 2410 5382; x_wconf 92' lang='lat'>(80)</span> <span class='ocrx_word' id='word_1_780' title='bbox 2439 5291 2614 5390; x_wconf 72' lang='lat' dir='ltr'>sani,</span> <span class='ocrx_word' id='word_1_781' title='bbox 2644 5313 2724 5382; x_wconf 74' lang='grc' dir='ltr'>τῷ</span> <span class='ocrx_word' id='word_1_782' title='bbox 2755 5291 2856 5384; x_wconf 67' lang='grc' dir='ltr'>βιῳ</span> <span class='ocrx_word' id='word_1_783' title='bbox 2875 5309 2955 5390; x_wconf 62' lang='grc' dir='ltr'>εῖρ</span> <span class='ocrx_word' id='word_1_784' title='bbox 2981 5308 3122 5390; x_wconf 54' lang='grc' dir='ltr'>τῷν,</span> <span class='ocrx_word' id='word_1_785' title='bbox 3135 5307 3210 5360; x_wconf 89' lang='lat' dir='ltr'>At</span> <span class='ocrx_word' id='word_1_786' title='bbox 3230 5318 3398 5390; x_wconf 49' lang='grc' dir='ltr'>ωερε,</span> <span class='ocrx_word' id='word_1_787' title='bbox 3436 5302 3541 5390; x_wconf 61' lang='grc' dir='ltr'>βιερ</span> <span class='ocrx_word' id='word_1_788' title='bbox 3568 5308 3701 5390; x_wconf 44' lang='lat' dir='ltr'>«ait.</span> <span class='ocrx_word' id='word_1_789' title='bbox 3727 5308 3878 5390; x_wconf 59' lang='grc' dir='ltr'>ξω-</span> 
     </span>
    </p>
   </div>
   <div class='ocr_carea' id='block_1_114' title="bbox 2223 5374 3877 5461">
    <p class='ocr_par' dir='ltr' id='par_1_114' title="bbox 2223 5374 3877 5461">
     <span class='ocr_line' id='line_1_114' title="bbox 2223 5374 3877 5461; baseline 0 0"><span class='ocrx_word' id='word_1_790' title='bbox 2223 5374 2329 5436; x_wconf 67' lang='lat' dir='ltr'>tim</span> <span class='ocrx_word' id='word_1_791' title='bbox 2372 5374 2634 5461; x_wconf 58' lang='grc' dir='ltr'>ᾴυίοςυζθ</span> <span class='ocrx_word' id='word_1_792' title='bbox 2677 5374 2966 5461; x_wconf 46' lang='lat' dir='ltr'>rash-lae</span> <span class='ocrx_word' id='word_1_793' title='bbox 3010 5374 3192 5461; x_wconf 56' lang='lat' dir='ltr'>eas</span> <span class='ocrx_word' id='word_1_794' title='bbox 3243 5374 3699 5461; x_wconf 58' lang='grc' dir='ltr'>ειηδέηοί.</span> <span class='ocrx_word' id='word_1_795' title='bbox 3727 5381 3877 5461; x_wconf 62' lang='lat' dir='ltr'>aee.</span> 
     </span>
    </p>
   </div>
   <div class='ocr_carea' id='block_1_115' title="bbox 2223 5447 3875 5580">
    <p class='ocr_par' dir='ltr' id='par_1_115' title="bbox 2223 5447 3875 5580">
     <span class='ocr_line' id='line_1_115' title="bbox 2223 5447 3875 5526; baseline -0.006 -19"><span class='ocrx_word' id='word_1_796' title='bbox 2223 5447 2487 5524; x_wconf 63' lang='lat' dir='ltr'>quartus,</span> <span class='ocrx_word' id='word_1_797' title='bbox 2530 5447 2620 5508; x_wconf 81' lang='grc' dir='ltr'>διὰ</span> <span class='ocrx_word' id='word_1_798' title='bbox 2665 5453 2728 5508; x_wconf 84' lang='grc' dir='ltr'>τὸ</span> <span class='ocrx_word' id='word_1_799' title='bbox 2763 5448 2986 5526; x_wconf 73' lang='grc' dir='ltr'>μηδένα.</span> <span class='ocrx_word' id='word_1_800' title='bbox 3022 5449 3193 5515; x_wconf 73' lang='lat' dir='ltr'>Editi,</span> <span class='ocrx_word' id='word_1_801' title='bbox 3244 5447 3334 5502; x_wconf 79' lang='grc' dir='ltr'>διὰ</span> <span class='ocrx_word' id='word_1_802' title='bbox 3362 5448 3423 5501; x_wconf 86' lang='grc' dir='ltr'>τὸ</span> <span class='ocrx_word' id='word_1_803' title='bbox 3451 5447 3544 5502; x_wconf 67' lang='grc' dir='ltr'>ἕνα</span> <span class='ocrx_word' id='word_1_804' title='bbox 3572 5447 3713 5520; x_wconf 71' lang='grc' dir='ltr'>μηδὲ</span> <span class='ocrx_word' id='word_1_805' title='bbox 3740 5447 3875 5506; x_wconf 49' lang='lat' dir='ltr'>sui}.</span> 
     </span>
     <span class='ocr_line' id='line_1_116' title="bbox 2223 5519 3875 5580; baseline -0.002 -3"><span class='ocrx_word' id='word_1_806' title='bbox 2223 5528 2314 5580; x_wconf 81' lang='grc' dir='ltr'>τῶ·</span> <span class='ocrx_word' id='word_1_807' title='bbox 2352 5527 2448 5580; x_wconf 89' lang='lat' dir='ltr'>ubi</span> <span class='ocrx_word' id='word_1_808' title='bbox 2483 5526 2592 5580; x_wconf 88' lang='lat' dir='ltr'>hoc</span> <span class='ocrx_word' id='word_1_809' title='bbox 2625 5526 2812 5580; x_wconf 83' lang='lat' dir='ltr'>solum</span> <span class='ocrx_word' id='word_1_810' title='bbox 2845 5524 3096 5580; x_wconf 88' lang='lat' dir='ltr'>vitiiest.</span> <span class='ocrx_word' id='word_1_811' title='bbox 3120 5521 3274 5580; x_wconf 84' lang='lat' dir='ltr'>quod</span> <span class='ocrx_word' id='word_1_812' title='bbox 3311 5530 3441 5580; x_wconf 87' lang='lat' dir='ltr'>post</span> <span class='ocrx_word' id='word_1_813' title='bbox 3463 5519 3604 5580; x_wconf 81' lang='grc' dir='ltr'>μηδέ</span> <span class='ocrx_word' id='word_1_814' title='bbox 3636 5525 3875 5580; x_wconf 73' lang='lat' dir='ltr'>svllaba</span> 
     </span>
    </p>
   </div>
   <div class='ocr_carea' id='block_1_116' title="bbox 2215 5521 3878 5680">
    <p class='ocr_par' dir='ltr' id='par_1_116' title="bbox 2215 5521 3878 5680">
     <span class='ocr_line' id='line_1_117' title="bbox 2217 5521 3878 5596; baseline 0.003 -19"><span class='ocrx_word' id='word_1_815' title='bbox 2217 5521 2314 5594; x_wconf 67' lang='grc' dir='ltr'>τῷ·</span> <span class='ocrx_word' id='word_1_816' title='bbox 2352 5527 2448 5580; x_wconf 89' lang='lat' dir='ltr'>ubi</span> <span class='ocrx_word' id='word_1_817' title='bbox 2473 5521 2592 5582; x_wconf 35' lang='lat' dir='ltr'>’boo</span> <span class='ocrx_word' id='word_1_818' title='bbox 2625 5521 3096 5582; x_wconf 50' lang='lat' dir='ltr'>solum&#39;vitiiest.</span> <span class='ocrx_word' id='word_1_819' title='bbox 3120 5521 3274 5592; x_wconf 91' lang='lat' dir='ltr'>quod</span> <span class='ocrx_word' id='word_1_820' title='bbox 3311 5530 3441 5592; x_wconf 86' lang='lat' dir='ltr'>post</span> <span class='ocrx_word' id='word_1_821' title='bbox 3463 5521 3604 5592; x_wconf 80' lang='grc' dir='ltr'>μηδέ</span> <span class='ocrx_word' id='word_1_822' title='bbox 3636 5525 3878 5596; x_wconf 83' lang='lat' dir='ltr'>syllaba</span> 
     </span>
     <span class='ocr_line' id='line_1_118' title="bbox 2215 5593 3876 5680; baseline 0.004 -30"><span class='ocrx_word' id='word_1_823' title='bbox 2215 5616 2280 5680; x_wconf 83' lang='grc' dir='ltr'>να</span> <span class='ocrx_word' id='word_1_824' title='bbox 2316 5600 2697 5680; x_wconf 70' lang='lat' dir='ltr'>typographis</span> <span class='ocrx_word' id='word_1_825' title='bbox 2727 5593 3329 5680; x_wconf 52' lang='lat' dir='ltr'>e_xciderit.~Sub‘ind&#39;e</span> <span class='ocrx_word' id='word_1_826' title='bbox 3367 5594 3535 5680; x_wconf 24' lang='lat' dir='ltr'>Reg“</span> <span class='ocrx_word' id='word_1_827' title='bbox 3563 5599 3876 5680; x_wconf 71' lang='lat' dir='ltr'>secundus</span> 
     </span>
    </p>
   </div>
   <div class='ocr_carea' id='block_1_117' title="bbox 2208 5662 3876 5816">
    <p class='ocr_par' dir='ltr' id='par_1_117' title="bbox 2208 5662 3876 5816">
     <span class='ocr_line' id='line_1_119' title="bbox 2215 5662 3876 5800; baseline -0.007 -73"><span class='ocrx_word' id='word_1_828' title='bbox 2215 5662 2417 5800; x_wconf 39' lang='lat'><strong><em>9:332</em></strong></span> <span class='ocrx_word' id='word_1_829' title='bbox 2447 5662 2789 5740; x_wconf 72' lang='lat' dir='ltr'>Colbertini,</span> <span class='ocrx_word' id='word_1_830' title='bbox 2833 5668 3109 5726; x_wconf 80' lang='grc' dir='ltr'>κοινωνῶν</span> <span class='ocrx_word' id='word_1_831' title='bbox 3139 5662 3207 5720; x_wconf 85' lang='grc' dir='ltr'>π)</span> <span class='ocrx_word' id='word_1_832' title='bbox 3222 5662 3738 5738; x_wconf 43' lang='lat' dir='ltr'>novum—pluribus</span> <span class='ocrx_word' id='word_1_833' title='bbox 3768 5671 3876 5728; x_wconf 86' lang='lat' dir='ltr'>ad-</span> 
     </span>
     <span class='ocr_line' id='line_1_120' title="bbox 2208 5757 2504 5816; baseline 0 -14"><span class='ocrx_word' id='word_1_834' title='bbox 2208 5759 2229 5816; x_wconf 69' lang='grc' dir='ltr'>γ</span> <span class='ocrx_word' id='word_1_835' title='bbox 2296 5757 2327 5801; x_wconf 90' lang='grc' dir='ltr'>ο</span> <span class='ocrx_word' id='word_1_836' title='bbox 2417 5757 2504 5802; x_wconf 71' lang='grc' dir='ltr'>με.</span> 
     </span>
    </p>
   </div>
  </div>
