4130 6210
1062 331 1472 396 COMMENT.
1517 331 1599 393 IN
1640 329 1916 394 ISAIAM
1967 331 2474 397 PROPHETAM.
2519 335 2689 397 OAP.
2736 335 2847 396 III.

3537 345 3658 405 290

269 468 639 546 συμφερόντων
691 462 956 541 ἐκλογὴν,
1012 463 1049 535 ἢ
1099 463 1237 520 κατὰ
1301 464 1398 526 τὰς
1476 460 1738 538 ἐνεργείας
1799 463 1896 526 τὰς

2024 465 2088 521 .ia
2115 468 2257 522 sunt
2276 465 2546 539 eligenda
2563 467 2754 540 magis
2774 468 3148 540 adjutoribus
3167 471 3446 545 indigeat,
3471 491 3652 548 quam

271 555 592 632 σωματικάς.
647 558 810 610 ’Ὥστε
871 548 1318 628 ἀσυμϐούλευτος
1363 549 1650 628 ἅνθρωπος
1701 549 1899 607 πλοῖόν

2024 555 2084 611 ad
2120 556 2450 628 corporales
2481 558 2742 613 actiones
2773 560 3202 630 producendus.
3255 566 3460 634 Itaque
3484 565 3660 621 homo

270 647 397 702 ἐστιν
450 640 838 720 ἀκυϐέρνητον,
870 645 944 706 ὡς
997 640 1158 719 ἔτυχε
1203 647 1324 707 ταῖς
1375 647 1568 720 φοραῖς
1605 645 1714 696 τῶν
1742 661 1901 696 πνευ-

275 737 444 809 μάτων
477 732 856 807 ἐκδεδομένον.
889 731 955 789 Εἰ
1003 733 1186 787 τοίνυν
1220 731 1272 786 ἐν
1321 737 1440 793 ταῖς
1471 732 1594 806 περὶ
1652 734 1757 785 τῶν
1805 752 1903 786 τυ-

267 825 468 901 χόντων
543 823 758 896 σκέψεσι
838 816 1184 894 συμϐούλους
1237 815 1734 895 παραλαμϐάνομεν
1795 822 1902 892 (81)

269 915 382 968 ὅταν
441 913 574 988 ὗπὶρ
621 914 806 987 ψυχῆς
863 909 952 966 καὶ
1010 915 1115 964 τῶν
1177 907 1538 987 διαφερόντων
1581 908 1715 978 αὐτῆ
1772 909 1902 984 βου-

269 1001 564 1075 λευώμεθα,
614 1005 735 1061 πῶς
785 998 916 1075 οὐχὶ
973 997 1100 1060 τοὺς
1158 996 1499 1072 θαυμαστοὺς
1555 992 1902 1070 συμϐούλους

265 1089 606 1161 έπιζητητέον
652 1091 828 1162 ἡμῖν;
882 1085 1138 1144 Ἰουδαῖοι
1161 1088 1342 1142 τοίνυν
1403 1088 1492 1165 ἀφ’
1542 1085 1603 1141 οῦ
1632 1087 1694 1141 τὸ
1724 1107 1901 1156 πονη-

267 1180 352 1257 ρὸν
407 1175 744 1252 συμϐούλιον
780 1177 1107 1248 ἐποιήσαντο
1137 1177 1199 1232 τὸ
1230 1181 1350 1240 πῶς
1374 1174 1758 1253 παραδώσουσι
1790 1178 1902 1249 (82)

261 1271 346 1324 τὸν
377 1268 602 1343 Κύριον,
658 1263 878 1344 ἀφεῖλεν
923 1264 1096 1320 αὐτῶν
1137 1267 1165 1321 6
1215 1266 1412 1341 Κύριος
1441 1267 1532 1320 τὸν
1595 1265 1901 1337 θαυμαστὸν

266 1353 594 1431 σύμϐουλον,
653 1354 714 1410 οῦ
772 1355 871 1418 τὰς
929 1356 1021 1427 μὲν
1081 1350 1398 1428 συμϐουλὰς
1423 1353 1746 1427 ἐθαύμαζον
1790 1353 1904 1424 Ἐξ-

265 1446 593 1517 επλήσσοντο
623 1446 723 1520 γὰρ
755 1443 843 1499 ἐπὶ
899 1447 968 1518 τῇ
1003 1440 1205 1520 διδαχῇ
1265 1442 1450 1498 αὐτοῦ’
1511 1447 1628 1504 ταῖς
1682 1440 1740 1497 δὶ
1769 1462 1904 1517 παρ-

268 1538 513 1592 αινέσεσιν
574 1533 636 1589 οδ
683 1539 1005 1609 προσεῖχον.
1063 1537 1190 1597 Πῶς
1247 1530 1305 1587 δὲ
1335 1532 1397 1587 ού
1430 1533 1738 1605 θαυμαστὸς
1767 1532 1903 1604 σύμ-

269 1621 482 1693 ϐουλος,
534 1624 563 1678 6
620 1614 733 1678 ἀντὶ
786 1626 905 1690 τοῦ,
980 1619 1297 1696 Ὀφθαλμὸν
1357 1620 1472 1676 ἀντὶ
1532 1623 1642 1695 (83)
1701 1619 1906 1698 ὀφθαλ-

270 1719 385 1788 μοῦ,
439 1707 857 1786 σομϐουλεύων,
885 1715 966 1783 τῷ
999 1709 1276 1786 ῥαπίζοντι
1325 1710 1422 1778 τήν
1456 1707 1628 1780 δεξιὰν
1660 1709 1904 1786 σιαγόνα,

267 1803 498 1894 στρέφειν
532 1800 798 1894 αὐτῷκαὶ
829 1801 929 1870 τήν
958 1797 1158 1894 ἄλληνξ
1198 1800 1291 1894 μὴ-
1325 1799 1649 1894 ὀργίζεσθαι,
1793 1801 1906 1894 (84)
1936 1829 1983 1894 Β

265 1891 579 1964 δικάζεσθαι,
637 1893 712 1963 μὴ
755 1889 1040 1962 ἐπιθυμεῖν
1083 1892 1193 1944 τῶν
1241 1887 1512 1964 αἲσχρῶν,
1568 1887 1764 1965 έχθρὸν
1828 1889 1906 1961 μὴ

272 1985 530 2056 ἡγεῖσθαι,
578 1978 706 2035 ἀλλ’
756 1979 962 2054 ἀγαπᾷν
993 1976 1121 2040 τοὺς
1178 1981 1491 2050 μισοῦντας,
1527 1978 1602 2049 μή
1641 1982 1904 2053 μεριμνᾷν

266 2070 382 2146 περὶ
430 2074 531 2124 τῶν
581 2069 852 2146 φθαρτῶνο
909 2068 985 2140 μὴ
1037 2065 1452 2137 μετεωρίζεσθαι
1495 2067 1595 2134 τὴν
1642 2062 1904 2136 διάνοιαν,

271 2162 339 2232 μή
373 2164 568 2228 ζητεῖν.
593 2159 742 2232 παρά
785 2160 918 2212 Θεοῦ
958 2157 1025 2210 τὰ
1077 2154 1260 2230 μικρά’
1296 2154 1348 2210 έν
1383 2155 1595 2230 οὐρανῷ
1625 2155 1723 2224 τήν
1772 2175 1908 2230 καρ-

269 2246 374 2303 δίαν
432 2245 601 2324 ἒχειν,
667 2246 779 2301 ἐκεῖ
839 2244 1188 2318 μετατιθέντα
1232 2243 1361 2308 τοὺς
1407 2243 1732 2319 θησαυροὺς,
1791 2248 1906 2316 Θεῷ

271 2359 512 2405 συνειναι,
562 2332 900 2414 φιλάδελφον
947 2333 1104 2405 εἶναι,
1155 2334 1435 2406 συμπαθῆ,
1485 2333 1804 2387 κοινωνικὸν
1833 2335 1903 2386 ὧν

271 2426 398 2504 ἔχει,
455 2427 536 2500 μὴ
597 2424 652 2480 ἐν
702 2424 956 2500 βρώμασι
1000 2424 1064 2478 τὸ
1099 2423 1315 2494 μιαρὸν.
1347 2420 1473 2477 ἀλλ’
1513 2420 1564 2476 ἐν
1595 2419 1790 2499 καρδίᾳ
1818 2421 1906 2476 καὶ

268 2514 569 2590 προαιρέσει
645 2512 923 2580 τίθεσθαι;
993 2513 1197 2567 Τοῦτον
1261 2510 1326 2565 τὸ
1382 2509 1448 2564 τὰ
1491 2514 1714 2565 τοιαῦτα
1771 2531 1907 2583 συμ-

271 2601 617 2672 ϐουλεύοντα,
678 2601 822 2657 οὕτω
889 2605 1004 2664 θεῖα
1058 2599 1148 2654 καὶ
1208 2599 1508 2672 θαυμαστὰ,
1567 2597 1656 2653 διὰ
1705 2599 1768 2654 τὸ
1830 2600 1940 2672 μὴι

272 2692 524 2770 δεχθῆναι
571 2692 700 2765 παρ’
745 2689 944 2757 αὑτῶν,
1005 2686 1223 2766 ἀφεῖλεν
1258 2688 1286 2742 6
1317 2686 1520 2762 Κύριος
1551 2691 1684 2759 (85).
1717 2687 1907 2743 Οὐκέτι

270 2784 353 2837 οῦν
385 2781 696 2854 θαυμαστὸς
753 2779 881 2853 παρ’
913 2776 1098 2839 αὐτοῖς
1129 2771 1465 2850 σύμϐουλος.
1528 2776 1823 2850 Εύξώμεθα
1852 2775 1910 2832 δὲ

271 2874 339 2945 μή
385 2870 829 2946 ἀποστερηθῆναι
889 2869 1198 2939 θαυμαστοῦ
1255 2860 1575 2938 συμϐούλου
1629 2867 1728 2935 τήν
1789 2867 1910 2921 Ἐκ-

265 2959 479 3030 κλησίαν
538 2957 768 3027 ταύτην,
821 2953 933 3026 ἵνα,
991 2951 1205 3010 ἐπειδὰν
1263 2949 1544 3029 καταλάϐῃ
1570 2955 1692 3010 τινὰ
1719 2955 1909 3030 καιρὸς

265 3052 356 3114 τῆς
419 3048 552 3121 ὑπὲρ
611 3049 724 3101 τῶν
756 3045 1063 3119 ἀναγκαίων
1099 3041 1329 3119 βουλῆς,
1365 3043 1678 3114 ἀπαντήσας
1709 3044 1786 3106 εἰς
1816 3043 1906 3099 τὸν

270 3139 405 3193 οἶκον
462 3143 658 3193 τοῦτον
717 3136 779 3190 τὸ
834 3135 1016 3190 κοινὸν
1075 3139 1182 3189 τῶν
1239 3136 1432 3209 ψυχῶν
1486 3133 1905 3210 βουλευτήριον,

2012 643 2351 700 conciliario
2383 662 2611 714 carens,
2647 647 2809 702 navis
2841 652 2932 702 est
2975 665 3083 704 suo
3135 651 3418 706 destituta
3447 653 3662 724 guberv

2015 739 2242 804 natore,
2261 739 2597 806 temereque
2614 737 2874 806 exposita
2890 737 3316 810 agitationibus
3333 746 3637 799 ventorum
3651 786 3663 799 .

2013 822 2145 878 Jam
2175 840 2308 879 vero
2342 824 2390 877 si
2422 823 2481 878 in
2515 825 2942 894 quaestionibus
2977 830 3048 882 de
3079 828 3253 884 rebus
3284 828 3516 886 levioris
3539 848 3662 888 mo-

2018 912 2198 966 menti
2231 911 2448 966 habitis
2482 913 2830 968 adhibemus
2853 913 3220 971 consiliarios
3247 935 3259 972 :
3286 934 3419 972 cum
3442 920 3513 975 de
3536 921 3662 976 ani-

2018 1017 2114 1054 ma
2144 1004 2200 1055 et
2229 1001 2298 1055 de
2330 1003 2506 1056 rebus
2533 1001 2996 1057 emolumentum
3020 1003 3256 1076 aliquod
3281 1006 3394 1078 ipsi
3416 1009 3663 1066 afferen-

2018 1089 2176 1143 tibus
2225 1089 2446 1144 inimus
2496 1090 2832 1156 consilium,
2882 1109 3072 1148 nonne
3130 1094 3465 1166 inquirendi
3525 1104 3666 1154 sunt

2020 1176 2187 1232 nobis
2220 1177 2596 1234 admirabiles
2627 1179 2987 1236 consiliarii?
3017 1182 3097 1236 Ex
3127 1199 3242 1253 quo
3273 1184 3454 1255 igitur
3471 1188 3660 1244 Judaei

2019 1283 2263 1338 pravum
2295 1267 2652 1324 constituere
2681 1269 3018 1338 consilium,
3051 1287 3307 1342 quonam
3349 1280 3516 1345 pacto
3551 1278 3660 1332 Do-

2017 1355 2245 1410 minum
2303 1357 2575 1412 tradituri
2634 1363 2850 1427 essent,
2924 1359 3210 1416 Dominus
3267 1362 3660 1422 consiliarium

2018 1444 2446 1512 admirabilem,
2479 1447 2647 1516 cujus
2669 1446 2915 1502 consilia
2937 1447 3055 1504 illis
3077 1457 3239 1506 erant
3260 1451 3658 1522 admirationi,

2018 1533 2090 1589 ab
2147 1533 2292 1604 ipsis
2351 1534 2632 1589 abstulit:
2689 1536 3028 1592 Mirabantur
3084 1539 3239 1594 enim
3299 1542 3358 1596 in
3414 1541 3662 1600 doctrina

2017 1623 2134 1694 ejus
2164 1624 2227 1694 9‘,
2260 1639 2365 1678 nec
2418 1628 2616 1678 tamen
2667 1624 2931 1680 animum
2983 1627 3361 1684 attendebant
3415 1631 3486 1685 ad
3533 1633 3662 1702 ejus

2020 1713 2262 1768 monita.
2295 1712 2498 1768 Nonne
2527 1713 2902 1770 consiliarius
2951 1714 3049 1771 ille
3098 1723 3224 1772 erat
3271 1719 3661 1792 admirabilis,

2019 1803 2119 1873 qui
2167 1800 2290 1857 loco
2339 1800 2501 1856 illius
2550 1803 2833 1872 mandati,
2889 1803 3116 1860 Oculum
3169 1821 3269 1877 pro
3327 1808 3480 1864 oculo
3505 1810 3570 1875 θ’,
3602 1809 3660 1866 id

2017 1892 2118 1946 dat
2147 1891 2398 1957 consilii,
2431 1896 2496 1946 ut
2524 1891 2574 1946 si
2624 1892 2758 1963 quis
2803 1893 3101 1949 dexteram
3155 1900 3312 1951 tuam
3364 1898 3661 1955 maxillam

2016 1981 2394 2052 percusserit,
2427 1981 2696 2036 obverias
2721 1980 2807 2035 illi
2837 1987 2894 2036 et
2923 1981 3166 2038 alteram
3199 1985 3280 2038 οδε
3315 1990 3380 2041 ut
3412 2003 3483 2042 ne
3512 1987 3660 2044 iras-

2017 2070 2189 2134 caris,
2227 2085 2296 2124 ne
2325 2069 2543 2141 ligites,
2579 2085 2649 2125 ne
2679 2070 2875 2142 turpia
2904 2073 3308 2145 concupiscas,
3351 2092 3422 2131 ne
3471 2075 3658 2132 ullum

2017 2159 2315 2215 existimes
2346 2159 2454 2214 tibi
2486 2159 2817 2228 inimicum,
2853 2162 2994 2232 quin
3027 2162 3221 2233 potius
3271 2167 3336 2218 ut
3384 2181 3506 2232 eos,
3557 2167 3660 2239 qui

2017 2253 2074 2303 te
2105 2247 2237 2303 odio
2265 2248 2500 2318 habent,
2533 2248 2782 2321 diligas;
2815 2250 2914 2321 qui
2947 2256 3144 2306 monet
3165 2256 3230 2307 ut
3251 2269 3322 2308 ne
3342 2255 3659 2326 quisquam

2017 2337 2089 2392 de
2139 2336 2314 2391 rebus
2363 2337 2725 2408 corruptioni
2777 2339 3041 2395 obnoxiis
3100 2339 3178 2395 sit
3231 2341 3540 2412 sollicitus,
3592 2361 3661 2400 ne

2020 2434 2212 2480 mente
2239 2425 2534 2492 efferatur,
2571 2441 2641 2481 ne
2677 2443 2850 2497 parva
2879 2444 2912 2483 a
2945 2432 3056 2484 Deo
3090 2434 3269 2501 petat,
3323 2432 3466 2487 utin
3492 2431 3661 2502 ccslo,

2015 2514 2387 2570 transmissis
2416 2515 2555 2570 illuc
2584 2515 2897 2586 thesauris,
2923 2533 3024 2572 cor
3046 2517 3274 2588 habeat,
3300 2526 3363 2575 ut
3383 2537 3515 2576 cum
3542 2522 3659 2579 Deo

2016 2609 2306 2670 versetur,
2339 2604 2548 2660 fratres
2581 2608 2756 2675 amet,
2790 2603 2997 2660 alienis
3043 2614 3483 2665 commoveatur
3501 2611 3659 2667 cala-

2019 2691 2350 2759 mitatibus,
2382 2692 2528 2748 alios
2558 2709 2759 2748 eorum
2787 2709 2916 2764 quas
2947 2695 3212 2766 possidet
3259 2697 3434 2754 faciat
3478 2701 3658 2770 parti-

2019 2781 2200 2852 cipes,
2230 2785 2294 2836 ut
2324 2797 2395 2836 ne
2427 2786 2591 2852 putet
2621 2781 2680 2836 in
2713 2781 2859 2837 cibis
2891 2782 3084 2839 inesse
3114 2785 3440 2856 quidquam
3470 2787 3659 2859 pollu-

2017 2873 2167 2940 tum,
2196 2870 2298 2924 sed
2331 2869 2387 2924 in
2422 2871 2592 2924 corde
2620 2874 2678 2925 et
2709 2869 2766 2924 in
2790 2870 2971 2925 animi
2996 2873 3294 2944 proposito
3319 2874 3347 2928 Ῥ
3368 2875 3474 2938 Qui
3496 2877 3660 2947 ejus-

2019 2959 2176 3014 modi
2225 2957 2468 3013 consilia
2515 2958 2657 3013 adeo
2707 2958 2901 3014 divina
2947 2965 3004 3015 et
3045 2961 3420 3018 admirabilia
3467 2965 3660 3033 dabat,

2017 3063 2153 3103 eum
2185 3047 2313 3102 ideo
2345 3047 2628 3102 Dominus
2661 3047 2923 3117 abstulit,
2971 3049 3126 3120 quod
3173 3049 3368 3121 ipsum
3419 3069 3531 3108 non
3565 3071 3660 3110 ac-

2019 3137 2295 3209 ceperint.
2333 3137 2530 3206 ltaque
2561 3152 2677 3190 non
2709 3136 2940 3206 estjam
2975 3138 3128 3209 apud
3161 3137 3322 3210 ipsos
3341 3141 3662 3198 admirabi-

265 3227 383 3303 εὕρῃ
584 3225 748 3302 λόγον
799 3223 1214 3300 παρακλήσεως,
1254 3195 1386 3277 ὀῖ’όν
1420 3195 1616 3300 τιιφῶς
1647 3195 1782 3297 πρδς
1810 3195 1909 3292 τὴν

2024 3225 2093 3282 lis
2125 3225 2518 3280 consiliarius.
2570 3223 2854 3279 Caeterum
2907 3242 3234 3296 precemur,
3285 3245 3355 3282 ne
3406 3229 3664 3287 Ecclesia

265 3317 460 3393 εὕρεσιν
514 3319 628 3370 τῶν
675 3313 976 3387 ἀναγκαίων
1023 3318 1145 3375 ταῖς
1189 3315 1394 3387 ψυχαῖς
1443 3311 1795 3386 ἐμποιοῦντα.
1851 3317 1910 3369 Ὀ

267 3402 335 3473 δὲ,
394 3403 680 3480 παρούσης
715 3396 1034 3474 συμϐουλῆς
1089 3400 1319 3475 ἀγαθῆς,
1378 3405 1456 3472 τῷ
1512 3400 1782 3474 θελήματι
1813 3407 1910 3471 τῆς

263 3493 479 3566 καρδίας
533 3492 702 3548 αὐτοῦ
758 3486 1126 3565 πορευόμενος
1154 3496 1254 3559 τῆς
1289 3489 1541 3561 ματαίας,
1572 3488 1764 3563 ὅμοιός
1798 3491 1910 3545 έστι

264 3587 334 3655 τῷ
375 3578 648 3654 Ῥοϐοάμ,
705 3580 766 3645 ὃς
793 3579 1056 3653 ἀτιμάσας
1085 3579 1186 3648 τήν
1235 3579 1511 3648 σώζουσαν
1545 3579 1773 3653 γνώμην
1799 3583 1906 3635 τῶν

261 3667 660 3745 πρεσϐυτέρων,
720 3667 1015 3739 ἠκολούθει
1059 3673 1177 3729 τοῖς
1223 3667 1508 3738 νεωτέροις
1544 3673 1662 3730 τοῖς
1720 3688 1908 3723 συνεκ-

261 3767 532 3838 τραφεῖσιν
599 3758 765 3829 αὐτῷ,
819 3755 888 3811 δι’
946 3756 1040 3819 οῦς
1086 3757 1177 3811 καὶ
1231 3759 1338 3812 τῶν
1391 3753 1517 3811 δέκα
1571 3755 1755 3835 φυλῶν
1808 3763 1907 3828 τῆς

153 3923 158 3926 _
263 3849 540 3924 βασιλείας
571 3847 839 3920 ἐξέπεσεν.

2018 3315 2128 3370 hoc
2158 3313 2488 3369 admirabili
2523 3312 2854 3369 consiliario
2887 3314 3262 3385 destituatur,
3296 3322 3360 3371 ut
3402 3334 3536 3374 cum
3569 3336 3664 3376 oc-

2019 3403 2174 3460 casio
2208 3402 2440 3475 petendi
2488 3402 2559 3458 de
2609 3402 2789 3458 rebus
2840 3403 3186 3460 necessariis
3243 3407 3488 3462 consilio
3539 3425 3668 3464 sese

2018 3492 2272 3564 cuipiam
2349 3491 2592 3558 dederit,
2673 3492 2741 3546 ad
2805 3491 2956 3547 hanc
3030 3494 3296 3559 domum,
3351 3511 3664 3554 commune

2018 3582 2347 3637 animarum
2398 3580 2731 3648 consilium,
2791 3581 3052 3648 veniens,
3108 3582 3368 3647 inveniat
3420 3587 3664 3643 verbum

2018 3670 2498 3736 consolatorium,
2531 3686 2646 3741 quo
2678 3669 2854 3724 veluti
2887 3669 2985 3725 lux
3032 3673 3298 3742 quaedam
3349 3674 3664 3731 animabus

2019 3761 2088 3814 ad
2123 3759 2472 3814 invenienda
2502 3775 2569 3814 ea
2621 3775 2748 3830 quas
2795 3759 2905 3813 sibi
2957 3761 3314 3828 conducunt,
3363 3764 3666 3821 atl‘eratur.

2023 3849 2196 3904 Porro
2229 3847 2328 3919 qui
2358 3848 2491 3901 vani
2521 3847 2612 3902 sui
2645 3848 2838 3903 cordis
2868 3847 3166 3905 voluntate
3199 3851 3400 3921 fertur,
3434 3853 3668 3909 etiamsi

262 3943 572 3998 consilium
608 3942 826 3995 bonum
857 3936 1071 3992 habeat
1101 3937 1172 3992 ad
1208 3953 1472 4006 manum,
1505 3937 1556 3992 is
1603 3937 1886 3994 assimilis
1933 3943 2023 3996 est
2066 3940 2348 4004 Roboam,
2400 3938 2501 4010 qui
2545 3937 2860 4013 seniorum
2905 3939 3150 3995 salutari
3206 3941 3359 3996 458
3421 3943 3665 4000 consilio

267 4036 476 4103 spreto,
498 4029 778 4102 juniores
804 4043 1004 4082 secum
1046 4027 1324 4083 educatos
1355 4033 1593 4082 secutus
1625 4031 1734 4095 est,
1767 4044 2018 4099 quorum
2051 4045 2225 4100 opera
2254 4027 2571 4100 imperium
2601 4027 2661 4081 in
2692 4027 2893 4082 decem
2925 4028 3118 4084 tribus
3151 4031 3352 4085 amisit
3380 4031 3446 4084 ⁸⁸.

326 4123 445 4178 107.
511 4118 622 4177 Καὶ
682 4116 845 4194 σοφὸν
911 4114 1304 4192 ἀρχιτέκτονα.
1368 4117 1515 4171 Μετά
1563 4116 1626 4170 τὸ
1684 4116 1914 4191 ἀρθῆναι

259 4209 356 4264 ἀπὸ
430 4215 543 4264 τῶν
628 4203 907 4262 Ἰουδαίων
965 4206 1068 4275 τῆν’
1121 4204 1387 4283 ὠφέλειαν
1445 4209 1542 4260 τοῦ
1603 4206 1914 4278 θαυμαστοῦ

261 4293 604 4370 συμϐούλου,
665 4294 725 4357 δς
769 4292 1037 4348 ἐδείκνυτο
1096 4292 1169 4348 ὣν
1231 4294 1258 4348 ὁ
1291 4293 1490 4369 Κύριος
1519 4296 1680 4367 ἡμῶν
1704 4297 1916 4365 Ἰησοῦς

258 4387 507 4463 Χριστὸς,
570 4383 716 4462 ἤρθη
779 4385 868 4438 ἀπ’
924 4383 1100 4438 αὐτῶν
1145 4383 1236 4438 καὶ
1281 4385 1309 4438 6
1360 4385 1524 4462 σοφὸς
1555 4382 1914 4460 ἀρχιτέκτων,

258 4476 340 4529 καὶ
372 4475 594 4550 ἐγένετο
627 4471 936 4534 ἀπόστολος
969 4470 1154 4540 ἐθνῶν,
1189 4471 1216 4524 6
1247 4465 1497 4546 Ἑϐραῖος
1541 4470 1590 4543 ἐξ
1623 4466 1913 4544 Ἑϐραίων,

260 4565 286 4619 6
339 4567 475 4620 κατᾶ
503 4565 684 4637 νόμον
744 4565 1065 4636 Φαρισαῖος,
1099 4559 1317 4622 Παῦλος
1378 4557 1579 4624 δοῦλος
1625 4559 1916 4636 γενόμενος

2095 4121 2217 4175 107.
2251 4120 2315 4174 Et
2345 4119 2645 4190 sapientem
2693 4119 3070 4173 architectum.
3125 4119 3438 4192 Postquam
3491 4139 3524 4177 a
3565 4123 3666 4178 Ju-

2025 4209 2164 4265 daeis
2196 4207 2418 4263 utilitas
2450 4207 2725 4262 submota
2768 4211 2858 4262 est
2907 4207 3274 4264 admirabilis
3321 4210 3666 4279 consiliarii,

2025 4296 2123 4367 qui
2157 4295 2487 4351 declaratus
2509 4299 2600 4349 est
2629 4310 2758 4349 esse
2794 4295 3072 4350 Dominus
3098 4300 3294 4352 noster
3313 4297 3488 4354 Jesus
3509 4298 3671 4354 Chri-

2024 4389 2171 4454 stus,
2208 4385 2278 4440 ab
2331 4383 2540 4438 iisdem
2575 4399 2806 4454 quoque
2837 4383 3068 4439 ablatus
3099 4391 3188 4442 est
3217 4388 3455 4459 sapiens
3488 4389 3672 4444 archi-

2023 4477 2234 4540 tectus,
2268 4476 2325 4528 et
2358 4473 2546 4528 factus
2581 4477 2669 4527 est
2717 4471 2979 4543 gentium
3029 4475 3349 4544 apostolus,
3398 4477 3672 4534 Hebrmus

2023 4579 2092 4618 ex
2123 4561 2400 4630 Hebraeis,
2434 4561 2760 4616 secundum
2792 4560 2978 4633 legem
3014 4564 3342 4620 Phariswus
3362 4567 3425 4631 ³⁵,
3451 4568 3671 4623 Paulus

258 4655 438 4724 Ἰησοῦ
482 4655 754 4730 Χριστοῦ,
811 4650 868 4704 ὃν
921 4647 1112 4704 έδίωκε
1336 4647 1428 4711 Τίς
1479 4651 1514 4718 ἡ
1544 4655 1646 4719 τῆς
1695 4650 1909 4724 ἀρχιτε-

2025 4651 2166 4707 Jesu
2197 4649 2435 4716 Christi,
2470 4665 2646 4720 quem
2679 4654 3158 4724 persequebatur,
3182 4670 3385 4708 servus
3407 4657 3671 4713 effectus.

256 4750 510 4813 κτονικῆς
567 4741 738 4796 αὐτοῦ
794 4738 1103 4811 ἐπιστήμης
1136 4734 1408 4811 ἀπόδειξις
1436 4764 1450 4807 ς
1485 4737 1655 4799 Αὐτὸς
1683 4738 1784 4814 γάρ
1817 4760 1918 4813 φη-

260 4854 357 4887 σιν·
431 4834 523 4894 Ὠς
602 4829 769 4907 σοφὸς
832 4828 1169 4903 ἀρχιτέκτων
1221 4826 1477 4900 θεμέλιον
1531 4826 1759 4891 τέθεικα.
1819 4828 1915 4885 Οἴ-

265 4944 355 4995 μαι
405 4920 486 4995 δὶ,
519 4919 608 4976 ὅτι
640 4917 734 4973 καὶ
764 4918 828 4973 τὸ
860 4921 1078 4992 Πνεῦμα
1105 4917 1168 4972 τὸ
1209 4918 1362 4992 ἅγιον
1397 4917 1773 4992 ἀρχιτεκτονεῖ
1801 4917 1919 4972 Ἐκο

259 5010 487 5084 κλησίαν
536 5011 699 5077 Θεοῦ,
745 5007 862 5062 κατ’
910 5005 1066 5060 αὐτὸν
1097 5005 1190 5060 τὸν
1253 5004 1467 5061 Παῦλον
1501 5003 1746 5082 λέγοντα.
1782 5012 1918 5061 Συν-

2026 4739 2332 4804 Quodnam
2367 4743 2454 4794 est
2475 4743 2890 4810 argumentum
2914 4741 3040 4809 ejus
3066 4756 3179 4810 qua
3204 4740 3460 4812 pollebat
3482 4744 3676 4799 scien-

2024 4830 2118 4884 tias
2153 4827 2682 4885 architectionicas?
2713 4831 2873 4882 Certe
2905 4827 2986 4882 ait
3033 4828 3197 4900 ipse:
3235 4832 3298 4888 ΙΙι
3329 4833 3552 4904 sapiens
3582 4850 3675 4888 ar-

2025 4918 2288 4975 chitectus
2314 4916 2742 4989 fundamentum
2769 4919 2930 4990 posui
2957 4918 3020 4973 ’°.
3070 4918 3343 4976 Arbitror
3395 4925 3590 4978 autem
3621 4926 3680 4978 et

2028 5025 2061 5062 a
2090 5006 2310 5079 Spiritu
2340 5009 2545 5062 sancto
2575 5020 2679 5060 oeu
2712 5005 2784 5060 ab
2833 5005 3154 5063 architecto
3203 5007 3523 5065 Ecclesium
3575 5009 3676 5067 Dei

328 5103 370 5147 ἰ
403 5100 626 5158 Matth.
659 5115 801 5167 χχιι,
834 5098 924 5154 33.
999 5097 1044 5132 ³³
1074 5096 1248 5152 Levit.
1283 5113 1438 5167 xxrv,
1469 5097 1560 5151 20.
1637 5097 1681 5134 ⁸³
1711 5096 1909 5153 Matth.

2039 5098 2128 5151 39.
2206 5097 2250 5133 “
2276 5095 2352 5151 III
2400 5098 2540 5166 Reg.
2593 5109 2695 5164 xu,
2750 5093 2815 5148 10
2855 5109 3022 5166 seqq.
3097 5095 3141 5130 ⁸⁵
3190 5095 3443 5169 Philipp.
3499 5115 3584 5165 ιιι,
3617 5100 3677 5156 5.

262 5174 306 5211 ’⁸
336 5175 357 5232 Ι
387 5175 523 5232 Cor.
565 5188 653 5242 ιιι,
691 5172 778 5227 10.

327 5264 442 5336 (81)
477 5264 569 5320 Ita
602 5277 704 5336 sex
751 5274 896 5315 mss.
946 5259 1018 5317 At
1066 5257 1250 5336 editi,_
1288 5250 1918 5336 συμπαραλαμϐάνομεν,

260 5326 372 5392 Nec
400 5326 487 5392 ita
520 5334 712 5389 multo
743 5335 876 5404 post
895 5347 1048 5404 ‘mss.
1083 5329 1275 5404 multi,
1313 5326 1720 5404 βουλευώμεθα.
1767 5326 1920 5386 Editi

261 5415 317 5463 et
342 5408 485 5480 Reg.
515 5398 761 5472 tertius;
792 5398 1184 5480 βουλευόμεθα.

332 5472 582 5560 (32)’8ίο
611 5472 836 5560 veteres
867 5472 1129 5548 quinque
1158 5473 1313 5531 libri.
1351 5473 1500 5530 Editi
1529 5490 1661 5530 vero
1688 5477 1748 5530 et
1778 5472 1918 5546 Reg.

264 5545 522 5634 Nigaea
549 5545 942 5634 τειραξώεωάι-
1034 5545 1066 5631 ⁷.
1291 5617 1305 5634 .
1381 5617 1394 5634 .
1507 5620 1535 5632 -
1634 5617 1682 5634 ..
1779 5621 1790 5634 .
1876 5545 1918 5630 ί-

332 5626 448 5697 (83)
481 5617 644 5697 Editi
675 5626 733 5678 et
785 5620 926 5694 Reg.
979 5619 1231 5692 primus,
1280 5617 1396 5674 ἀντί
1441 5620 1561 5675 τοῦ.
1619 5617 1800 5676 Abest
1825 5618 1923 5672 τοῦ

270 5696 346 5753 ab
370 5696 510 5755 aliis
541 5696 814 5770 quinque
842 5707 988 5752 mss.

2103 5255 2211 5326 (84)
2243 5255 2474 5329 Veteres
2504 5259 2772 5329 quatuor
2787 5253 2920 5311 libri
2970 5255 3340 5328 simpliciter,
3391 5256 3489 5329 μή.
3522 5257 3677 5312 Editi

2029 5323 2165 5384 vero
2195 5323 2254 5383 et
2283 5328 2398 5384 duo
2431 5323 2600 5395 mss,
2640 5323 2800 5399 μηδέ.

2102 5399 2214 5526 (ἓὸ)
2249 5401 2311 5456 In
2361 5396 2661 5473 aliquibus
2710 5416 2853 5456 mss.
2904 5399 3191 5470 scriptum
3243 5397 3616 5465 offendimus,
3649 5396 3677 5451 ὁ

2033 5476 2215 5616 Θιῗὲθ)
2247 5543 2651 5616 Ηοὶιθηζλῐιιειε.
2694 5541 2984 5610 nonnulli,
3018 5539 3190 5614 εὕροι.

2124 5547 2215 5616 86)
2247 5547 2475 5600 Habent
2507 5559 2651 5598 mss.
2694 5547 2984 5610 nonnulli,
3018 5547 3190 5614 εὕροι.

2104 5547 2220 5691 E87)
2253 5616 2422 5686 Editi,
2456 5611 2661 5687 ὶδίωξε.
2695 5616 2763 5672 At
2793 5630 2937 5672 mss.
2971 5618 3247 5687 quatuor,
3277 5607 3521 5668 ιδίωκεν.
